2550 4029
1279 132 64 23 cold:
1371 132 18 23 it
1407 132 105 23 becomes
1535 131 81 31 rough,
1636 131 47 29 red,
1696 130 108 32 chapped,
1827 130 44 23 and

1280 164 103 32 vulgarly
1394 165 128 30 unseemly,
1536 165 44 23 aud
1593 164 129 31 frequently
1737 163 132 32 disfigured,

1280 199 30 30 by
1334 197 128 24 chilblains.
1516 197 102 31 Equally
1641 197 110 22 available
1780 204 38 15 are
1841 197 30 22 its

1281 232 85 22 virtues
1378 231 90 30 against
1481 230 38 23 the
1537 230 94 24 baneful
1648 230 112 22 influence
1777 230 24 22 of
1811 230 60 22 solar

1281 264 60 28 heat,
1365 263 73 23 which
1462 271 80 15 causes
1566 263 118 28 Freckles,
1710 263 50 22 Sun
1784 263 86 28 Burns,

1281 297 60 28 Tan,
1352 296 52 29 &c,
1418 296 32 23 all
1459 296 25 23 of
1491 296 75 23 which
1578 295 122 24 blemishes
1713 294 38 24 the
1761 294 109 24 KALY-

1281 329 73 24 DOR
1376 334 108 26 prevents
1501 329 45 23 and
1564 336 112 16 removes.
1719 327 153 31 Throughout

1281 370 89 21 season,
1380 363 54 22 time
1445 362 45 23 and
1501 362 98 29 climate,
1609 362 37 23 the
1655 361 93 23 faithful
1759 361 112 29 auxiliary

1281 395 128 31 arraysthe
1418 395 60 23 neck
1488 395 45 23 and
1540 403 61 15 arms
1611 396 23 22 in
1646 394 88 23 radiant
1742 394 129 29 brilliancy;

1281 429 45 23 and
1343 432 144 27 perpetuates
1505 428 40 23 the
1564 428 61 23 vivid
1642 428 75 23 bloom
1730 428 26 22 of
1769 427 102 31 juvenile

1282 462 131 24 attraction.

1628 492 44 25 See
1683 492 187 25 Advertisement.

1316 532 83 24 What
1413 539 20 16 is
1445 531 114 24 Vulgar
1568 532 5 24 !
1576 544 34 4 —
1612 531 47 24 Mr.
1673 531 109 28 Lochart,
1800 531 24 23 in
1837 531 35 23 his

1282 566 53 24 Life
1347 565 24 23 of
1379 565 39 23 Sir
1429 565 89 23 Walter
1532 565 73 28 Scott,
1627 565 63 31 gives
1702 564 39 23 the
1757 564 116 31 following

1283 598 121 25 anecdote:
1407 611 33 3 —
1525 598 109 23 Walter's
1655 597 111 31 daughter
1766 609 33 4 —
1800 597 72 24 Anne

1282 645 34 4 —
1317 639 42 16 one
1378 632 44 29 day
1439 631 121 30 happened
1580 636 23 18 to
1622 638 40 23 say
1682 630 129 31 something
1831 629 41 32 (on

1283 665 59 24 what
1354 664 88 32 subject
1453 665 21 22 is
1484 663 127 32 forgotten)
1624 665 49 22 that
1685 664 6 11 '
1700 663 41 24 she
1754 663 67 24 could
1832 668 40 19 not

1283 698 64 24 abide
1359 698 25 28 it,
1397 698 19 22 it
1427 705 46 15 was
1484 697 98 31 vulgar.'
1620 697 58 31 'My
1689 696 67 29 love,'
1771 697 50 23 said
1832 696 40 24 her

1283 731 81 28 father,
1384 731 6 12 *
1398 738 46 22 you
1461 731 72 30 speak
1552 731 48 23 like
1619 738 13 15 a
1644 738 54 23 very
1716 738 78 23 young
1804 730 54 30 lady
1865 739 5 20 ;

1283 765 28 23 do
1331 772 44 22 you
1393 764 76 28 know,
1489 764 58 22 after
1564 764 38 29 all,
1615 764 37 23 the
1669 764 108 30 meaning
1794 763 26 23 of
1834 764 38 22 the

1283 797 60 24 word
1362 796 103 31 vulgar?
1500 797 50 23 'Tis
1570 797 54 31 only
1643 804 114 19 common;
1777 796 95 31 nothing

1283 831 50 23 that
1349 831 19 22 is
1381 837 113 21 common,
1513 834 83 27 except
1610 830 149 28 wickedness,
1780 837 40 15 can
1833 828 38 24 de-

1283 872 64 15 serve
1359 868 21 18 to
1392 863 28 23 be
1432 863 89 30 spoken
1533 863 26 23 of
1573 865 25 21 in
1609 871 15 15 a
1634 868 52 18 tone
1697 863 25 23 of
1740 867 115 26 coutempt
1864 872 7 19 ;

1283 897 45 23 and
1340 896 64 23 when
1422 903 46 23 you
1486 896 58 23 have
1562 896 62 23 lived
1643 900 21 19 to
1684 903 38 23 my
1732 903 74 23 years,
1828 903 43 22 you

1283 931 46 22 will
1340 930 28 22 be
1379 929 107 31 disposed
1498 933 22 19 to
1531 937 66 23 agree
1608 929 53 23 with
1673 936 36 16 me
1721 929 24 22 in
1757 928 115 31 thanking

1284 963 52 23 God
1347 962 49 23 that
1414 962 96 31 nothing
1521 962 70 30 really
1604 962 72 23 worth
1687 962 85 30 having
1784 969 24 16 or
1822 969 50 16 car-

1283 998 41 29 ing
1335 995 68 24 about
1413 996 24 22 in
1450 996 46 22 this
1507 995 71 23 world
1589 995 20 23 is
1621 1002 143 16 uncommon.

1318 1030 29 23 In
1366 1037 68 22 every
1446 1028 105 25 civilized
1568 1033 94 26 country
1684 1028 140 31 throughout
1834 1028 38 23 the

1284 1062 69 24 world
1364 1062 38 24 the
1413 1062 86 23 human
1509 1062 51 23 hair
1571 1063 20 22 is
1604 1062 82 31 always
1698 1061 70 23 found
1782 1067 21 17 to
1817 1061 27 24 be
1860 1070 12 14 a

1284 1096 87 31 subject
1383 1095 26 24 of
1422 1096 101 30 peculiar
1531 1096 118 23 attention.
1686 1094 35 24 Of
1730 1094 38 24 the
1777 1103 93 15 numer-

1285 1138 41 15 ous
1338 1128 138 31 compounds
1489 1129 131 31 professing
1629 1133 22 19 to
1674 1133 103 26 promote
1789 1136 25 16 or
1836 1136 36 15 re-

1284 1162 97 32 produce
1394 1161 37 24 the
1443 1162 57 28 hair,
1512 1162 44 23 few
1568 1162 57 23 have
1641 1162 104 23 survived
1747 1174 32 4 —
1780 1169 56 16 even
1848 1162 24 22 in

1286 1204 72 20 name,
1376 1195 76 23 whilst
1471 1195 158 23 Rowland's
1653 1195 142 23 Macassar
1814 1195 57 28 Oil,

1286 1229 53 23 with
1350 1237 14 14 a
1375 1229 128 31 reputation
1516 1228 91 31 already
1619 1228 161 31 unparalleled,
1794 1229 21 22 is
1825 1228 47 23 still

1287 1270 29 16 on
1328 1261 36 24 the
1376 1262 102 22 increase
1490 1262 22 22 in
1535 1261 78 32 public
1625 1262 130 23 estimation
1763 1270 6 19 ;
1799 1261 73 23 which

1285 1296 53 28 fact,
1360 1294 103 31 together
1474 1294 54 24 with
1546 1294 156 24 innumerable
1721 1294 150 23 testimonials

1287 1329 46 30 (for
1343 1327 91 32 perusal
1446 1332 23 18 at
1479 1328 37 23 the
1526 1327 151 32 proprietors)
1694 1328 20 22 is
1726 1328 114 23 sufficient
1850 1333 22 18 to

1287 1362 79 30 satisfy
1378 1361 38 23 the
1424 1366 61 18 most
1496 1361 145 23 incredulous
1649 1369 25 15 as
1686 1365 22 18 to
1717 1362 30 22 its
1755 1361 118 30 sovereign

1288 1396 82 22 virtues
1394 1402 24 15 so
1441 1394 131 31 repeatedly
1595 1394 85 28 shown,
1704 1394 24 22 in
1751 1394 120 30 restoring,

1285 1427 139 32 preserving,
1437 1427 45 23 and
1495 1426 141 31 beautifying
1646 1427 38 22 the
1696 1426 82 23 human
1789 1426 59 23 hair.

1322 1461 29 23 In
1370 1460 114 31 Dressing
1496 1460 39 22 the
1555 1460 67 27 Hair,
1636 1460 95 29 nothing
1744 1467 42 15 can
1808 1460 66 30 equal

1288 1494 39 23 the
1348 1494 77 23 effects
1449 1493 25 24 of
1500 1493 225 23 "ROWLAND'S
1744 1492 129 24 MACAS-

1289 1527 65 24 SAR
1476 1534 28 16 on
1516 1526 73 23 either
1601 1526 97 23 Natural
1710 1534 24 15 or
1759 1526 113 23 Artificial

1290 1561 66 27 Hair,
1368 1561 122 29 rendering
1500 1561 20 21 it
1540 1567 26 15 so
1578 1559 126 31 admirably
1724 1559 53 28 soft,
1790 1559 49 22 that
1858 1560 17 22 it

1289 1594 46 22 will
1344 1594 29 23 lie
1385 1601 44 23 any
1442 1594 112 22 direction
1563 1601 5 15 :
1596 1593 18 22 it
1631 1593 111 31 produces
1763 1592 113 30 beautiful

1283 1627 92 31 flowing
1387 1626 68 30 curls,
1469 1626 52 28 and,
1533 1626 31 30 by
1576 1626 39 23 the
1630 1625 160 24 transcendant
1804 1625 71 24 lustre

1289 1661 18 23 it
1324 1661 101 29 imparts,
1437 1660 96 22 renders
1552 1659 38 23 the
1601 1658 58 24 head
1675 1659 65 23 dress
1751 1658 62 30 truly
1836 1666 38 15 en-

1290 1693 120 31 chanting;
1446 1693 24 23 It
1489 1700 119 24 preserves
1627 1693 37 22 the
1688 1692 93 23 coiffure
1792 1692 25 23 in
1838 1692 38 23 the

1290 1726 79 23 heated
1389 1726 142 31 atmosphere
1554 1726 24 23 of
1604 1726 39 23 the
1666 1725 48 23 ball
1734 1732 70 20 room,
1833 1725 45 23 and

1290 1760 135 23 neutralizes
1436 1759 39 23 the
1487 1759 78 23 effects
1577 1759 26 22 of
1617 1767 14 15 a
1641 1759 64 30 damp
1726 1758 147 30 atmosphere,

1291 1801 26 16 or
1328 1792 83 24 violent
1422 1792 108 24 exercise.

1594 1824 44 24 See
1651 1823 190 25 Advertisement.

57 146 27 20 To
94 144 35 20 the
135 143 77 20 Editor
221 141 26 25 of
258 141 35 19 the
329 139 52 20 New
395 136 94 22 Zealand
496 136 87 20 Gazette
594 135 43 20 and

209 169 125 24 Wellington

89 208 51 25 Sir,
141 217 35 5 —
177 205 12 23 I
203 204 46 24 find
261 203 48 23 that
320 209 14 15 a
350 200 150 24 mischievous
517 202 118 19 construc-

56 242 45 22 tion
136 238 41 23 has
212 237 56 22 been
295 239 41 27 put
363 240 62 23 upon
454 232 38 23 the
519 231 118 30 following

56 271 131 34 paragraph,
208 270 23 22 in
251 277 14 14 a
287 268 65 23 letter
374 266 90 23 written
484 265 30 30 by
531 271 45 21 me,
592 264 45 23 and

58 306 69 23 which
145 301 111 33 appeared
270 301 24 23 in
313 306 56 24 your
387 306 71 23 paper
477 297 24 23 of
517 297 120 30 February

59 343 42 21 Ist.
162 336 45 23 His
218 333 98 25 Honor's
322 339 103 23 memory
435 330 110 30 certainly
552 330 85 30 proved

58 371 139 25 treacherous
216 372 22 18 to
256 367 54 22 him.
356 364 59 24 This
431 364 20 23 is
470 371 29 16 an
518 363 118 30 infirmity,

58 406 108 24 however,
183 407 101 17 common
296 404 22 17 to
330 405 27 16 us
369 397 38 29 all,
421 405 23 15 as
457 404 34 16 we
502 397 100 23 advance
614 397 24 22 in

59 445 71 23 years,
145 433 86 32 though
248 432 62 24 there
329 438 37 16 are
385 430 132 23 abundance
534 430 25 22 of
574 437 64 15 cases

59 473 23 22 in
94 468 69 24 which
174 473 94 25 persons
279 465 57 22 from
355 463 127 29 childhood,
505 463 57 23 have
582 463 57 22 been

61 501 93 27 afflicted
166 499 53 24 with
235 499 25 28 it,
278 498 56 23 both
351 501 22 19 to
392 497 58 23 their
469 504 48 15 own
537 496 46 22 and
601 495 38 23 the

61 534 170 27 inconvenience
243 531 25 24 of

93 569 34 23 As
150 567 12 23 I
185 565 55 23 have
261 564 46 23 this
327 563 51 31 day,
399 564 36 22 for
454 563 38 23 the
507 562 52 23 first
575 562 63 28 time,

61 600 87 27 learned
160 599 48 23 that
219 606 13 15 a
242 596 101 25 criminal
355 597 145 23 information
511 603 46 15 was
570 599 22 19 to
612 595 27 23 be

62 633 75 27 moved
148 633 41 28 for,
203 638 29 16 on
242 630 120 30 Saturday,
376 630 38 23 the
427 630 50 22 first
495 629 43 26 day
557 628 26 23 of
601 627 39 24 the

63 667 82 25 Circuit
157 665 78 28 Court,
249 664 12 23 I
272 663 52 24 take
334 663 38 23 the
384 663 90 23 earliest
494 661 146 31 opportunity

62 706 22 19 to
93 699 84 25 declare
195 698 53 28 that,
265 697 24 23 in
300 696 101 31 penning
417 696 48 23 that
476 694 136 31 paragraph,
626 694 13 23 I

62 734 41 25 had
115 740 27 16 no
153 731 111 24 intention
275 735 23 18 to
310 734 47 18 cast
369 737 44 22 any
426 728 135 31 imputation
579 734 60 23 upon

64 767 35 24 the
111 765 112 30 integrity,
234 771 24 16 or
270 763 101 30 capacity
383 762 25 23 of
422 760 37 23 his
471 760 83 24 Honor
565 760 75 30 Judge

65 798 113 27 Halswell.

226 830 14 22 I
257 837 43 20 am,
313 829 46 27 Sir,

291 861 65 24 Your
367 859 105 25 obedient
483 863 100 24 servant,

397 899 39 25 W.
455 900 36 24 M.
511 900 94 24 Smith.

96 936 78 26 March
186 937 39 26 31,
240 936 72 22 1843.

338 971 20 15 ♦

65 1009 28 20 To
100 1007 34 21 the
141 1006 76 20 Editor
225 1003 27 25 if
262 1004 34 19 the
326 1004 52 19 New
390 1002 94 21 Zealand
494 1002 94 24 Gazette,
599 1001 43 20 and

215 1032 123 24 Wellington

97 1070 16 23 g
116 1077 32 20 IR>
149 1080 34 4 —
183 1067 24 24 it
218 1068 19 21 is
249 1074 27 15 an
289 1065 90 24 avowed
391 1065 46 23 fact
447 1065 49 23 that
507 1065 39 22 the
559 1065 82 22 Crown

64 1104 132 23 Prosecutor
207 1101 20 22 is
239 1100 36 23 the
287 1098 82 24 Editor
381 1098 26 23 of
421 1098 38 23 the
473 1097 109 24 Colonist.
620 1097 25 23 If

65 1136 12 24 I
90 1134 94 25 mistake
196 1138 46 24 not,
248 1133 41 23 .the
301 1132 104 30 question
417 1131 98 23 whether
528 1139 45 22 any
585 1131 57 30 Jury

64 1169 54 24 Law
129 1175 44 15 was
184 1167 24 23 in
219 1167 67 26 force,
299 1173 45 15 was
354 1164 75 24 raised
440 1165 25 22 in
477 1164 37 23 the
527 1164 115 22 Editorial

65 1202 97 23 columns
174 1200 25 23 of
214 1199 36 23 the
272 1197 106 29 Colonist,
393 1198 44 22 and
455 1197 93 23 decided
565 1198 24 22 in
604 1197 38 23 the

64 1234 107 31 negative.
207 1232 146 29 Yesterday's
364 1231 95 23 number
471 1230 100 23 declares
585 1230 56 29 that,

91 1267 82 30 though
185 1266 36 23 the
234 1265 128 23 Ordinance
375 1265 25 22 of
418 1266 62 21 1841
502 1265 20 21 is
541 1263 101 29 defunct,

64 1303 29 21 its
115 1306 162 24 consequences
466 1296 101 31 Though
595 1296 47 23 this

64 1335 73 29 eating
148 1333 61 22 one's
222 1340 48 15 own
282 1331 72 23 words
363 1332 20 22 is
395 1331 62 30 quite
468 1331 24 23 in
505 1329 138 23 accordance

65 1367 50 23 with
127 1364 146 33 professional
292 1364 112 30 morality,
418 1363 13 24 I
451 1367 92 27 suspect
561 1364 19 22 it
597 1362 47 23 will

65 1406 38 17 not
118 1406 68 24 prove
207 1398 140 30 satisfactory
362 1402 23 18 to
404 1397 38 23 the
460 1396 99 24 settlers.
595 1396 50 23 But

64 1434 104 30 granting
179 1432 37 22 the
228 1432 66 22 latest
306 1430 110 24 assertion
428 1430 25 23 of
468 1429 38 24 the
525 1429 83 23 Editor
621 1429 26 23 of

66 1467 47 23 that
120 1465 91 31 journal
223 1469 22 18 to
263 1464 28 23 be
310 1469 57 22 true,
380 1463 57 23 have
538 1462 107 24 survived

66 1505 162 24 consequences
265 1498 55 23 been
332 1496 110 31 complied
453 1496 54 23 with
514 1496 10 23 ?

100 1539 48 23 The
161 1538 46 24 Old
219 1537 54 24 Law
289 1537 98 24 declares
406 1536 48 24 that
473 1536 30 23 all
514 1543 95 24 persons
622 1536 26 23 of

67 1573 81 23 certain
169 1580 41 21 age
230 1571 43 23 and
294 1571 25 23 of
333 1571 60 30 good
415 1570 114 23 character
547 1569 59 23 shall
618 1569 27 23 be

68 1605 89 24 deemed
166 1604 113 32 jurymen,
290 1604 41 23 but
344 1604 48 23 that
399 1604 53 30 they
461 1603 58 23 shall
532 1602 28 23 be
573 1602 72 23 called

66 1647 59 22 upon
142 1642 28 19 'to
188 1644 63 16 serve
271 1637 23 22 in
315 1637 38 23 the
369 1636 148 31 alphabetical
538 1635 65 23 order
622 1636 23 22 in

67 1672 69 23 which
148 1671 59 23 their
218 1677 76 16 names
307 1677 82 23 appear
400 1677 29 15 on
441 1669 38 23 the
493 1669 59 23 List.

100 1705 48 23 The
167 1704 54 24 New
242 1703 62 28 Law,
324 1703 72 23 which
418 1707 82 19 cannot
520 1710 63 15 come
596 1703 49 22 into

68 1738 111 31 operation
192 1737 94 23 because
305 1736 37 23 the
363 1736 90 23 settlers
472 1735 57 23 have
549 1740 40 18 not
606 1740 40 25 yet

68 1772 54 23 been
134 1770 78 32 placed
223 1771 23 21 in
258 1778 13 14 a
282 1769 113 23 condition
408 1774 22 18 to
449 1769 28 23 be
496 1769 148 28 freeholders,

66 1804 98 24 declares
175 1801 49 26 that
236 1803 30 23 all
283 1810 93 23 persons
388 1802 25 23 of
428 1810 14 15 a
462 1802 86 23 certain
561 1809 48 23 age,
623 1802 26 23 of

68 1837 56 31 good
142 1837 122 28 character,
277 1836 42 23 and
337 1836 69 31 being
423 1835 146 28 freeholders,
587 1835 59 23 shall

67 1871 27 23 be
106 1870 90 24 deemed
212 1870 106 31 jurymen
328 1878 6 20 ;
356 1869 46 29 but,
416 1868 48 24 that
482 1869 54 29 they
547 1868 59 23 shall
618 1868 27 23 be

69 1903 68 24 called
148 1910 61 25 npon
220 1907 22 19 to
254 1910 63 16 serve
329 1903 23 22 in
370 1902 39 24 the
421 1902 147 31 alphabetical
581 1901 65 23 order

70 1938 23 22 in
103 1937 71 23 which
186 1936 58 23 their
255 1943 78 16 names
346 1943 82 23 appear
440 1943 27 15 on
482 1935 37 23 the
531 1935 61 23 List.

101 1970 49 23 The
169 1969 101 23 material
290 1969 120 23 difference
432 1969 21 22 in
472 1969 37 22 the
534 1968 46 23 Old
601 1968 44 22 and

70 2003 54 23 New
134 2002 55 23 Law
200 2003 18 22 is
232 2002 157 30 qualification.
427 2001 50 23 The
490 2001 36 23 old
541 2001 53 23 does
606 2005 41 18 not

69 2035 92 23 demand
180 2044 14 14 a
216 2040 106 25 property
345 2035 160 30 qualification,
527 2034 39 23 the
588 2034 59 23 New

70 2069 52 22 Law
134 2069 61 23 does.

101 2102 45 23 But
164 2101 54 24 both
239 2101 66 23 Laws
328 2101 88 23 declare
439 2101 48 23 that
507 2100 38 23 the
567 2100 79 31 alpha-

68 2135 79 23 betical
159 2135 64 23 order
235 2135 25 22 of
274 2142 78 15 names
364 2134 59 23 shall
434 2134 27 23 be
475 2134 124 30 respected.

99 2169 56 23 This
169 2169 24 23 .is
211 2167 59 23 alike
288 2168 43 22 fair
358 2172 22 18 to
399 2167 144 29 individuals,
568 2166 45 24 and
634 2175 14 15 a

68 2202 122 30 protection
202 2206 21 18 to
236 2201 37 22 the
282 2201 84 30 public.
410 2201 34 22 To
464 2201 37 22 the
517 2208 44 15 one
572 2201 19 22 it
602 2201 20 22 is
634 2208 14 15 a

70 2236 93 29 security
165 2248 33 3 —
199 2235 47 22 that
258 2242 28 15 an
296 2234 164 22 unreasonable
478 2234 96 23 demand
589 2233 59 23 shall

69 2274 37 17 not
117 2269 26 22 be
155 2268 63 23 made
230 2276 60 22 upon
303 2267 57 23 their
373 2268 61 22 time.
472 2267 35 23 To
529 2267 37 23 the
584 2267 64 22 other

70 2314 30 4 —
102 2302 46 22 that
170 2302 75 24 Juries
266 2300 58 24 shall
343 2305 40 18 not
406 2300 28 23 be
454 2300 95 31 packed,
571 2300 44 23 and
634 2300 14 23 I

70 2335 80 22 believe
160 2335 46 22 this
217 2338 157 26 arrangement
386 2342 45 14 was
447 2333 134 24 introduced
599 2335 49 21 into

72 2368 33 23 the
125 2368 96 31 English
232 2368 56 30 Jury
300 2367 62 29 Law,
379 2366 32 31 by
423 2367 38 23 Sir
474 2367 88 23 Robert
583 2366 64 29 Peel,

70 2406 21 19 to
100 2401 135 31 accomplish
246 2401 63 23 these
325 2408 119 24 purposes.

101 2435 36 30 By
152 2435 36 23 the
202 2435 38 22 list
251 2434 25 23 of
292 2434 121 30 thirty-six
430 2434 117 30 Jurymen,
567 2434 81 30 posted

69 2476 27 15 on
106 2468 36 23 the
150 2468 53 23 door
214 2467 26 24 of
253 2467 38 23 the
302 2467 175 28 Court-House,
491 2467 13 23 I
524 2467 56 28 find,
599 2467 50 23 that

70 2501 51 23 both
133 2501 36 23 the
180 2501 37 23 old
228 2499 44 25 and
291 2508 49 15 new
359 2500 43 23 law
420 2500 57 23 have
495 2500 59 23 been
576 2500 73 23 disre-

72 2535 87 29 garded.
206 2534 49 24 The
267 2542 78 15 names
362 2542 62 22 upon
439 2534 17 23 it
467 2541 70 22 range
548 2534 59 23 from
618 2533 29 24 B.

72 2572 22 18 to
102 2568 29 23 Y.
173 2567 23 23 It
207 2576 51 21 may
270 2568 28 22 be
309 2567 49 23 that
368 2567 48 23 Mr.
430 2567 87 23 Sheriff
524 2567 124 29 considers,

73 2600 46 24 that
128 2601 27 30 by
167 2601 122 31 arranging
301 2600 60 24 them
371 2601 182 30 alphabetically,
566 2600 28 24 he
606 2600 43 23 has

75 2634 102 31 complied
194 2634 53 23 with
264 2634 37 23 the
319 2634 50 23 law.
418 2634 47 23 But
485 2635 87 22 certain
592 2634 19 23 it
628 2634 21 23 is

75 2667 44 23 that
134 2667 37 23 list
189 2667 105 31 complies
315 2667 54 23 with
387 2667 89 23 neither
496 2667 38 23 the
551 2666 37 24 old
607 2675 42 15 nor

75 2700 35 23 the
129 2708 46 16 new
192 2701 50 29 law,
261 2700 86 31 though
364 2700 66 24 there
447 2701 20 24 is
485 2709 30 15 no
528 2700 70 24 doubt
611 2700 38 23 the

75 2733 101 24 intention
186 2742 44 15 was
242 2738 23 19 to
275 2735 70 22 make
356 2735 18 22 it
386 2734 89 31 comply
487 2734 54 23 with
550 2733 38 24 the
599 2741 51 16 new

75 2766 44 29 law,
129 2767 70 24 which
209 2767 30 24 all
247 2775 66 23 agree
325 2768 20 23 is
357 2772 40 19 not
409 2768 25 22 in
446 2768 124 30 operation.
591 2766 59 25 This

75 2799 35 23 list
130 2802 98 22 contains
245 2809 87 21 names,
356 2801 75 23 which
448 2800 57 24 have
524 2800 81 23 served
621 2808 30 15 on

77 2834 76 23 several
173 2838 74 19 recent
266 2835 83 28 Juries,
371 2834 46 23 and
437 2834 38 23 the
486 2834 83 30 liberty
581 2833 70 24 taken

76 2866 47 24 with
131 2867 52 23 both
195 2867 36 24 old
243 2868 44 23 and
295 2876 50 14 new
352 2868 50 28 law,
413 2867 52 23 falls
474 2867 102 30 severely
587 2874 63 23 upon

77 2903 19 18 at
105 2899 54 24 least
173 2909 41 15 one
233 2901 137 31 gentleman,
392 2900 58 29 who,
471 2900 13 23 I
500 2899 150 29 understand,

75 2931 38 24 had
130 2934 106 31 arranged
256 2939 23 19 to
297 2934 97 31 proceed
415 2934 31 31 by
463 2933 39 24 the
524 2932 129 32 Vanguard

76 2966 72 31 sailing
160 2971 136 25 to-morrow,
308 2968 36 22 for
356 2967 101 31 Sydney.

105 2999 71 25 There
186 3008 44 21 are,
244 3000 13 24 I
273 3001 95 28 believe,
381 3005 44 19 two
437 3008 95 23 persons
544 2999 24 23 in
577 2999 43 32 jail
628 3003 23 19 to

75 3031 23 24 be
119 3034 54 23 tried
195 3034 45 23 this
264 3033 110 24 Criminal
397 3034 96 28 Circuit,
516 3032 74 24 under
613 3032 39 23 the

76 3064 72 33 charge
160 3066 25 24 of
194 3067 98 23 murder.
328 3066 67 30 They
407 3070 23 19 at
440 3066 59 23 least
510 3074 38 14 are
560 3065 91 23 intitled

77 3100 19 19 to
105 3098 33 24 the
148 3100 85 23 benefit
241 3101 26 22 of
281 3107 44 23 any
336 3099 71 23 doubt
417 3098 68 24 about
497 3098 38 24 the
547 3098 50 29 law,
618 3098 35 23 for

77 3129 49 26 dead
134 3140 51 16 men
198 3136 81 22 cannot
289 3132 29 24 be
329 3132 100 31 brought
440 3132 66 31 again
519 3137 23 17 to
554 3132 47 23 life.
639 3132 13 23 I

77 3170 71 19 cannot
158 3166 98 31 imagine
268 3166 48 23 that
327 3173 44 23 any
380 3170 96 26 attempt
487 3165 47 24 will
546 3165 28 23 be
587 3165 66 23 made

78 3199 18 20 to
113 3203 32 26 try
156 3199 62 23 these
235 3206 51 16 men
295 3208 6 19 ;
322 3207 25 15 or
364 3199 20 23 if
400 3198 139 24 condemned
557 3198 50 24 that
624 3206 29 16 an

77 3231 56 23 order
143 3232 34 24 for
188 3233 118 23 execution
317 3232 45 23 will
376 3232 28 24 be
417 3232 88 32 signed.
542 3232 31 28 If,
587 3232 63 23 how-

70 3264 59 39 pver,
141 3265 51 31 they
204 3274 37 16 are
252 3271 41 18 not
304 3266 56 23 tried
369 3275 7 20 ;
395 3274 26 15 or
431 3266 84 30 having
522 3265 60 24 been
594 3265 59 24 tried

77 3296 39 23 and
124 3302 36 19 not
171 3299 114 29 executed,
301 3299 47 24 will
357 3304 41 19 not
410 3299 37 24 the
458 3299 78 31 public
547 3299 45 23 feel
603 3299 50 23 that

79 3330 76 24 serious
171 3332 80 24 doubts
268 3333 69 23 about
354 3332 37 24 the
402 3332 94 32 validity
508 3333 26 23 of
548 3332 39 24 the
597 3340 55 23 pro-

80 3363 93 32 ceedings
184 3365 25 24 of
224 3366 38 23 the
274 3366 79 29 Court,
369 3366 62 23 exist
446 3366 25 23 in
492 3366 37 23 the
543 3366 78 23 breast
630 3365 24 24 of

82 3393 31 25 the
122 3398 140 25 authorities:

270 3432 12 23 I
294 3440 44 20 am,
351 3432 44 29 Sir,

299 3465 65 23 Your
378 3465 94 24 obedien
484 3469 99 26 servant,

479 3506 137 24 Colonist.

128 3565 192 25 ENGLISH
350 3566 244 24 EXTRACTS.

1897 128 69 24 much
1976 129 78 23 bound
2065 133 23 18 to
2100 128 90 31 comply
2208 128 54 23 with
2274 136 67 24 every
2359 136 42 17 one
2414 129 25 23 of
2455 130 29 23 its

1898 161 69 30 rules,
1980 162 67 22 while
2067 161 28 23 he
2105 162 147 30 participates
2270 162 23 22 in
2305 162 38 23 the
2362 162 123 31 privileges

1898 195 26 22 of
1940 195 37 23 the
1988 194 68 30 body,
2075 202 25 15 as
2112 202 45 22 any
2174 194 101 23 member
2287 194 25 23 of
2326 202 14 15 a
2360 195 51 23 club
2423 196 20 22 is
2462 200 22 18 to

1899 228 89 31 comply
1998 227 52 24 with
2063 228 29 22 its
2102 227 139 30 regulations
2253 226 65 24 while
2328 226 30 24 he
2366 228 118 31 frequents

1900 261 38 23 the
1949 260 146 24 club-house.

1933 294 35 23 As
1980 298 23 19 to
2015 294 38 23 the
2065 293 134 31 complaints
2211 292 65 24 made
2286 292 32 32 by
2328 292 120 25 barristers
2462 294 25 23 of

1898 325 70 32 being
2153 325 26 24 of
2191 325 62 23 .their
2269 325 59 29 fees,,
2337 333 34 16 we
2387 326 56 24 have
2455 335 29 15 no

1898 358 123 24 hesitation
2027 360 23 23 in
2060 360 87 30 saying,
2156 359 57 27 that,
2225 359 25 22 in
2260 358 38 24 the
2309 358 63 31 large
2379 359 106 32 majority

1900 391 26 23 of
1941 392 122 28 instances,
2076 392 53 31 they
2146 392 66 23 alone
2224 399 38 15 are
2273 396 23 18 to
2316 391 82 25 blame.
2434 392 52 24 The

1900 425 66 22 strict
1972 424 149 32 professional
2132 425 49 24 rule
2188 426 29 27 i-,
2226 425 50 23 that
2283 424 38 23 the
2327 424 38 24 fee
2372 425 115 31 promised

1900 457 71 31 ought
1984 462 22 18 to
2024 458 26 22 be
2061 458 53 30 paid
2125 458 64 23 when
2201 458 39 24 the
2252 458 59 23 brief
2321 458 19 22 is
2351 458 114 23 delivered
2476 467 6 20 ;

1900 491 45 22 and
1956 490 21 23 if
1994 498 13 15 a
2022 491 77 31 junior
2118 491 108 24 barrister
2238 498 74 17 waves
2330 491 36 23 his
2384 491 61 31 right
2462 492 25 23 in

1900 523 45 23 this
1956 527 98 27 respect,
2066 524 29 22 he
2106 524 78 29 ought,
2197 524 25 23 in
2232 532 54 23 very
2297 524 88 29 shame,
2398 529 22 19 to
2432 524 53 24 hold

1900 555 37 24 his
1952 560 84 26 tongue
2047 564 61 23 upon
2119 557 39 22 the
2174 557 97 31 subject.
2307 557 51 24 The
2368 565 84 23 person
2463 562 23 19 to

1900 589 28 23 be
1940 589 88 23 blamed
2040 589 20 23 is
2069 589 97 29 himself,
2180 590 44 22 and
2236 590 38 23 the
2285 591 147 30 punishment
2444 592 19 22 is
2472 598 13 16 a

1901 622 160 24 well-merited
2079 630 49 21 one,
2141 622 65 23 when
2225 622 28 23 he
2271 623 58 23 finds
2346 623 95 24 himself
2448 624 38 23 the

1900 655 66 24 loser.
2005 655 50 23 The
2072 663 82 23 person
2172 659 22 19 to
2212 655 111 31 complain
2340 656 55 24 here
2410 658 19 22 is
2448 658 38 23 the

1901 689 75 28 client,
1989 688 50 24 who
2057 687 41 24 has
2117 687 53 32 paid
2187 688 39 23 the
2245 689 35 23 fee
2299 689 53 23 with
2364 690 38 23 the
2418 691 71 23 belief

1900 722 49 23 that
1965 722 19 23 it
2003 722 70 23 found
2086 722 30 22 its
2134 729 49 23 way
2194 722 49 22 into
2260 722 39 23 the
2317 722 62 30 right
2396 723 90 30 pocket,

1900 755 73 23 which
1989 755 19 23 it
2028 754 75 24 would
2119 754 58 24 have
2194 754 66 29 done,
2272 754 46 24 had
2329 755 38 23 the
2380 755 107 24 barrister

1900 788 58 23 been
1968 795 26 16 as
2006 786 60 32 rigid
2076 788 25 22 in
2114 788 112 31 asserting
2238 787 35 24 his
2289 787 62 31 right
2363 792 23 19 to
2397 793 91 27 prompt

1900 825 110 26 payment
2022 821 24 23 of
2055 828 14 15 a
2086 820 35 24 fee
2132 820 122 31 promised,
2265 828 25 16 as
2305 820 28 24 he
2346 821 73 24 would
2430 822 57 24 have

1901 854 57 23 been
1968 859 22 18 to
1998 854 73 23 retain
2081 861 13 15 a
2102 853 35 24 fee
2146 854 62 30 paid.
2245 854 50 23 The
2303 854 95 29 seniors,
2406 862 33 15 we
2447 863 41 23 ap-

1900 886 108 32 prehend,
2018 887 56 23 have
2084 886 42 24 few
2139 887 116 23 occasions
2265 887 34 23 for
2313 887 144 31 complaning
2466 888 26 23 of

1900 920 70 30 being
2170 920 56 31 long
2248 920 135 31 experience
2403 920 87 32 having

1900 953 64 23 made
1977 953 62 23 them
2051 960 60 23 wary
2120 962 6 19 ;
2149 953 49 28 but,
2219 953 54 23 with
2292 961 13 15 a
2321 961 63 15 more
2401 953 88 24 limited

1900 986 134 30 knowledge
2046 986 25 23 of
2083 986 36 23 the
2130 986 128 23 infirmities
2267 985 29 24 of
2303 986 88 24 human
2399 992 88 24 nature,

1901 1019 45 23 and
1956 1018 55 24 with
2022 1028 14 15 a
2050 1019 89 24 natural
2151 1019 45 23 and
2207 1024 39 18 not
2263 1019 123 24 illaudable
2396 1021 93 30 anxiety

1900 1056 24 19 to
1936 1060 77 16 secure
2026 1059 67 25 every
2101 1053 43 22 fair
2161 1053 85 22 chance
2267 1053 25 22 of
2305 1053 96 31 making
2419 1053 70 24 head-

1900 1093 49 24 way
2056 1086 38 23 the
2106 1086 73 23 crowd
2191 1086 26 23 of
2232 1086 145 30 competitors
2389 1087 48 23 who
2450 1094 37 16 are

1900 1119 130 31 struggling
2051 1119 103 23 onwards
2174 1119 25 22 in
2220 1119 37 23 the
2278 1119 109 24 direction
2407 1120 26 23 of
2450 1120 38 23 the

1900 1152 121 29 woolsack,
2035 1152 37 23 the
2084 1160 78 23 young
2173 1153 101 30 aspirant
2285 1152 36 24 for
2330 1152 61 31 legal
2399 1153 61 23 fame
2467 1153 20 23 is

1900 1190 37 18 too
1949 1190 39 26 apt
2000 1190 23 19 to
2034 1185 38 31 lay
2083 1185 94 23 himself
2191 1193 57 24 open
2266 1190 21 19 to
2300 1185 37 24 the
2355 1186 101 31 knavery
2466 1186 24 23 of

1900 1227 14 15 a
1923 1219 149 31 pettyfogger,
2085 1219 30 30 by
2126 1227 14 15 a
2150 1219 39 23 lax
2208 1219 132 23 attendance
2353 1223 23 19 to
2394 1219 39 23 the
2445 1220 43 22 eti-

1900 1256 76 26 quette
1987 1252 73 23 which
2070 1253 18 22 it
2100 1253 19 22 is
2131 1253 20 22 is
2163 1260 24 15 as
2205 1251 69 24 much
2289 1252 36 23 his
2339 1253 104 28 interest,
2463 1260 25 15 as

1900 1285 37 23 his
1946 1285 56 30 duty
2013 1290 22 18 to
2048 1285 92 31 uphold.

1935 1326 128 23 Opinions
2087 1332 30 16 of
2137 1332 50 16 the
2208 1324 91 24 Times.
2302 1337 33 4 —
2336 1325 52 23 The
2410 1326 77 22 cobler

1901 1359 100 23 declares
2020 1359 37 22 the
2075 1359 66 22 times
2163 1362 61 19 want
2401 1371 34 4 —
2436 1359 49 23 that

1901 1392 36 23 his
1949 1392 60 22 little
2022 1391 45 23 avl
2083 1392 20 22 is
2123 1392 141 22 insufficient
2279 1396 22 18 to
2318 1397 94 26 support
2430 1392 56 29 him,

1902 1425 119 31 althought
2032 1424 29 23 he
2074 1425 19 22 is
2103 1425 38 22 the
2150 1425 46 22 last
2208 1430 22 17 to
2243 1425 120 30 complain.

1937 1458 49 23 The
1999 1458 141 23 wachmaker
2152 1465 40 22 say
2208 1458 58 23 their
2285 1458 99 23 watches
2427 1458 63 23 don't

1968 1492 45 22 and
2025 1491 48 24 that
2085 1491 53 30 they
2154 1491 59 23 shall
2231 1491 29 23 be
2302 1491 83 23 wound
2401 1499 32 23 up
2472 1491 20 23 if

1903 1525 38 23 the
1984 1526 80 30 spring
2108 1524 54 23 does
2178 1529 40 18 not
2236 1524 97 31 produce
2352 1532 14 15 a
2410 1532 78 16 move-

2025 1557 66 24 Even
2101 1557 37 23 the
2149 1557 151 23 undertakers
2315 1557 114 31 complain
2439 1558 50 23 that

1904 1592 59 22 their
1984 1592 62 22 trade
2064 1591 20 22 is
2131 1590 58 23 dead
2197 1599 6 20 ;
2248 1590 44 23 and
2313 1590 38 24 the
2371 1591 57 23 little
2440 1591 48 23 ale-

1904 1625 104 28 brewers,
2038 1624 49 23 that
2118 1623 133 31 everything
2278 1624 22 22 in
2324 1623 59 24 their
2399 1623 46 24 line
2471 1625 19 23 is

2001 1657 64 29 stale,
2091 1657 45 23 and
2394 1657 97 24 Cabinet

1904 1691 92 23 makers
2007 1698 37 16 are
2057 1690 123 31 compelled
2189 1694 23 19 to
2224 1694 78 19 return
2321 1690 58 23 their
2396 1690 53 24 bills
2467 1695 21 19 to

1905 1724 58 23 their
2011 1724 96 23 drawers
2116 1733 7 19 ;
2163 1722 45 24 and
2236 1723 254 24 chair-manufacturers

1904 1765 48 15 vow
1964 1757 54 31 they
2029 1757 57 23 have
2097 1760 40 20 not
2148 1764 13 16 a
2193 1756 39 31 leg
2243 1761 21 19 to
2274 1757 66 23 stand

1940 1790 49 24 Bed
2000 1790 178 24 manufacturers
2188 1797 41 23 say
2241 1789 63 24 these
2316 1798 37 15 are
2366 1794 39 19 not
2422 1790 67 23 times

1904 1823 36 24 for
2126 1823 59 23 their
2307 1823 45 23 and
2371 1823 48 24 that
2436 1823 55 32 they

1905 1865 39 15 are
1956 1856 89 32 obliged
2058 1862 22 17 to
2117 1856 84 23 bolster
2212 1863 31 24 up
2274 1856 58 23 their
2344 1856 105 24 business
2461 1857 31 31 by

1905 1891 89 30 getting
2111 1889 115 23 wherever
2239 1889 53 31 they
2304 1897 50 16 can.

1940 1923 27 22 T!
2011 1922 182 28 trunk-makers,
2217 1922 66 23 when
2305 1922 77 24 others
2401 1922 49 24 talk
2467 1922 26 24 of

1906 1956 102 28 distress,
2021 1956 53 23 hold
2086 1964 30 22 up
2128 1963 30 23 up
2169 1955 58 23 their
2236 1955 71 23 hands
2316 1955 45 23 and
2372 1963 38 24 cry

1907 1996 67 15 never
1985 1996 46 15 saw
2044 1987 56 24 such
2111 1996 14 15 a
2229 1987 45 24 and
2292 1988 50 23 that
2359 1989 53 30 they
2431 1989 61 31 daily

1907 2030 38 15 see
1956 2030 63 14 more
2031 2029 64 16 cases
2105 2021 27 23 of
2140 2021 95 23 distress
2247 2021 53 23 than
2310 2021 100 31 packing
2418 2030 72 15 cases.

1942 2055 50 22 The
2003 2055 57 23 little
2073 2055 55 22 wine
2138 2053 117 24 merchant
2272 2054 108 29 declares,
2393 2055 46 23 like
2452 2055 38 23 the

1933 2088 65 23 cabin
2091 2087 49 23 that
2149 2087 28 23 he
2188 2088 21 22 is
2245 2087 104 23 wrecked
2363 2088 25 22 in
2398 2088 61 31 sight
2471 2088 25 23 of

1902 2124 58 28 port
1970 2122 5 22 !

1942 2154 50 23 The
2014 2154 123 31 poulterer,
2161 2153 49 23 that
2231 2154 139 31 purchasing
2388 2154 65 24 stock
2472 2155 20 22 is

1907 2187 71 31 really
2014 2187 72 24 ducks
2099 2187 44 23 and
2152 2187 82 22 drakes
2267 2187 25 24 of
2306 2187 36 23 his
2354 2195 89 23 money,
2457 2187 35 24 for

1907 2221 31 23 all
1950 2221 36 23 his
1997 2225 125 19 customers
2134 2228 38 15 are
2215 2228 28 15 on
2255 2220 38 24 the

1942 2254 50 23 The
2011 2253 147 31 rope-maker
2177 2253 61 24 finds
2283 2254 108 30 spinning
2409 2262 14 15 a
2437 2254 55 31 long

1908 2295 57 23 yarn
2001 2287 149 30 unprofitable
2172 2295 26 15 as
2218 2294 30 15 an
2266 2287 92 23 authors
2403 2288 91 30 writing

1908 2321 123 22 wonderful
2151 2319 95 24 without
2265 2320 37 23 the
2321 2325 105 26 prospect
2441 2321 25 23 of
2480 2329 14 14 a

1908 2354 123 31 publisher,
2045 2353 43 23 and
2105 2353 78 23 thinks
2202 2353 112 30 seriously
2330 2354 26 22 of
2370 2354 95 31 making
2479 2362 15 15 a

1908 2395 55 23 rope
1972 2387 36 23 for
2019 2387 97 23 himself.
2443 2400 7 10 »

1943 2420 50 24 The
2003 2420 239 31 hackney-coachmen
2252 2428 52 23 says
2312 2420 49 23 that
2368 2420 37 24 the
2418 2421 74 23 omni-

1909 2454 81 23 busses
2006 2454 57 23 have
2080 2461 45 15 run
2145 2461 63 23 away
2226 2453 55 23 with
2303 2453 35 24 his
2360 2458 133 25 customers,

1911 2487 43 23 and
1968 2488 48 22 that
2026 2487 36 23 his
2072 2487 104 22 vocation
2186 2487 22 22 is
2220 2486 30 23 all
2261 2491 23 19 at
2293 2495 14 15 a
2307 2499 32 4 —
2339 2487 75 24 stand.

1942 2519 53 24 Ask
2024 2519 39 24 the
2091 2519 220 31 market-gardener,
2455 2528 38 16 are

1914 2554 88 31 turnips
2050 2561 24 15 or
2120 2552 50 24 how
2189 2560 38 15 are
2250 2557 102 27 potatoes
2405 2554 45 23 and
2466 2554 29 23 he

1912 2594 98 16 answers
2045 2585 41 30 flat
2095 2593 54 24 very

1943 2620 55 23 And
2007 2620 52 24 thus
2069 2620 17 22 it
2095 2620 20 22 is
2129 2618 55 23 with
2199 2626 66 24 every
2281 2619 85 31 calling
2381 2620 43 23 and
2440 2627 53 23 pro-

1911 2654 94 23 fession,
2022 2664 3 10 i
2048 2653 68 23 Some
2131 2652 58 23 have
2203 2659 105 16 recourse
2319 2657 21 17 to
2351 2653 142 30 emigration,

1910 2686 44 24 and
1977 2687 26 23 of
2025 2693 86 21 course,
2130 2692 69 24 many
2213 2684 164 31 journey-men
2399 2685 94 24 become

1911 2719 120 24 truvellers
2041 2719 57 23 from
2111 2719 121 30 necessity.

1945 2753 51 24 The
2005 2752 142 32 philosphers
2159 2757 40 25 say
2209 2751 62 24 there
2281 2751 19 23 is
2312 2759 29 15 no
2356 2751 57 24 such
2429 2751 67 31 thing

1911 2794 26 16 as
1947 2786 83 29 colour,
2044 2790 39 27 yet
2094 2785 38 23 the
2142 2785 67 23 times
2219 2785 109 30 certainly
2347 2784 54 24 look
2422 2784 73 29 black,

1912 2820 44 23 and
1965 2819 128 31 everybody
2104 2818 65 24 looks
2181 2817 58 24 blue.

1946 2853 51 23 The
2006 2857 60 19 want
2078 2852 24 23 of
2118 2859 81 23 money
2210 2852 19 22 is
2243 2851 153 31 undoubtedly
2403 2852 92 22 univer-

1912 2887 42 28 sal,
1967 2886 44 24 and
2022 2885 38 25 the
2071 2884 101 24 smallest
2183 2883 85 33 change
2280 2884 73 23 wou'd
2366 2885 29 23 be
2406 2889 91 27 accept-

1913 2920 61 24 able.

1975 2952 44 24 We
2030 2953 58 24 have
2104 2952 60 24 lived
2180 2952 44 23 and
2236 2951 65 24 loved
2472 2959 25 15 as

1914 2986 38 24 the
1966 2987 71 23 miser
2050 2985 49 25 said
2110 2990 23 19 to
2141 2985 37 23 his
2188 2984 105 24 skinflint

1948 3020 76 23 Real
2041 3019 64 24 Wit.
2107 3032 35 4 —
2167 3018 14 24 I
2204 3026 68 16 never
2292 3018 38 23 did
2352 3026 37 16 see
2406 3017 56 24 such
2485 3025 14 15 a

1912 3053 59 23 wind
1995 3053 44 23 and
2057 3052 56 24 such
2128 3060 14 14 a
2275 3051 49 23 said
2340 3060 14 14 a
2373 3058 53 16 man
2436 3051 25 23 in
2479 3058 14 15 a

1913 3086 156 23 coffee-room.
2210 3092 64 23 pray,
2294 3085 39 27 sir,
2351 3082 116 33 (inquried
2485 3091 14 15 a

1912 3119 115 23 would-be
2046 3116 59 32 wit,)
2126 3118 62 22 since
2206 3125 46 23 you
2268 3125 45 16 saw
2331 3117 39 23 the
2384 3116 57 24 wind
2454 3116 45 23 and

1913 3152 38 23 the
1975 3157 78 24 storm,
2076 3151 60 23 what
2153 3150 74 32 might
2246 3151 28 22 be
2297 3150 59 23 their
2379 3149 77 24 colour

1938 3185 51 24 The
1999 3185 59 23 wind
2070 3184 56 29 blue,
2147 3184 44 23 and
2210 3184 37 23 the
2266 3188 71 19 storm
2451 3191 46 15 was

1913 3219 38 24 the
1963 3219 68 30 ready
2044 3217 121 33 rejoinder.

1941 3256 44 20 The
1996 3255 108 25 following
2113 3254 130 21 testimonial
2250 3254 21 20 is
2281 3260 40 14 one
2328 3254 25 20 of
2365 3260 62 19 many
2436 3254 64 20 thou-

1913 3284 63 20 sands
1986 3283 112 20 addressed
2107 3285 23 17 to
2148 3282 88 20 Messrs.
2247 3281 101 21 Rowland
2358 3281 41 21 and
2410 3281 49 26 Son,
2472 3281 27 20 20

1914 3311 91 20 Hatton'
2013 3310 91 24 Garden,
2130 3309 97 23 London,
2251 3309 70 20 whose
2337 3308 163 21 advertisement

1913 3344 90 21 appears
2011 3338 24 20 in
2045 3337 89 21 another
2144 3337 83 19 column
2239 3344 35 12 :—

2119 3375 28 4 —
2148 3363 11 21 I
2177 3363 101 21 consider
2293 3363 18 19 it
2328 3362 77 20 almost
2420 3368 27 14 an
2458 3362 40 20 im-

1912 3394 94 26 perative
2015 3392 52 27 duty
2076 3396 23 16 to
2108 3393 54 19 Btate
2172 3391 36 20 the
2217 3390 94 20 valuable
2321 3389 84 25 efficacy
2414 3389 24 20 of
2445 3395 54 20 your

1913 3423 55 18 most
1978 3420 103 20 excellent
2095 3419 132 19 Macassar
2246 3417 42 20 Oil.
2318 3416 40 20 For
2373 3415 36 20 the
2419 3416 41 21 last
2471 3417 25 21 15

1913 3454 60 20 years
1991 3447 12 20 I
2018 3447 52 20 have
2086 3446 53 20 been
2151 3445 57 24 bald,
2225 3443 124 21 occasioned
2365 3443 29 26 by
2410 3450 13 14 a
2442 3446 57 18 most

1913 3475 97 21 dreadful
2025 3474 57 21 fever
2090 3473 70 20 whilst
2174 3473 24 19 in
2216 3471 69 21 India.
2315 3470 10 20 I
2339 3471 54 20 have
2406 3471 53 21 used
2468 3471 31 21 al-

1913 3505 56 18 most
1978 3507 62 21 every
2049 3506 71 15 meant
2130 3502 22 17 to
2161 3504 89 21 procure
2258 3505 13 13 a
2280 3497 53 21 head
2342 3497 25 21 of
2373 3498 48 21 hair
2429 3499 70 26 again,

1912 3530 39 20 but
1959 3530 27 19 all
1998 3535 34 19 my
2043 3528 71 20 efforts
2123 3526 83 21 seemed
2215 3525 101 24 fruitless,
2328 3525 64 24 until,
2402 3526 98 20 acciden-

1912 3557 60 26 tally,
1983 3563 14 13 a
2008 3555 70 22 friend
2093 3553 84 21 advised
2194 3553 37 20 the
2246 3559 39 14 use
2300 3553 25 20 of
2335 3558 56 21 your
2405 3554 94 20 valuable

1914 3584 53 21 Hair
1982 3583 108 21 Restorer.
2120 3580 20 26 (I
2157 3586 38 15 can
2214 3580 47 26 give
2276 3580 19 20 it
2309 3586 29 14 no
2347 3580 70 21 better
2429 3580 70 28 name)

1912 3612 49 24 and,
1972 3610 54 22 after
2034 3609 63 25 using
2114 3615 14 13 a
2143 3608 32 20 3s.
2186 3607 36 20 6d.
2232 3607 75 24 bottle,
2319 3613 63 21 every
2391 3612 106 23 symptom

1913 3639 25 20 of
1948 3645 13 14 a
1968 3643 45 15 new
2022 3636 53 21 head
2085 3636 24 19 of
2121 3635 31 20 air
2170 3634 68 26 began
2246 3637 25 18 to
2280 3635 57 20 show
2354 3635 65 24 itself,
2430 3640 23 17 to
2463 3636 37 21 the

1909 3666 45 26 joy,
1965 3666 40 20 not
2018 3664 50 25 only
2077 3662 25 21 of
2112 3662 83 27 myself,
2210 3662 39 21 but
2264 3669 35 20 my
2307 3662 103 21 children,
2439 3660 13 23 t
2466 3669 33 14 re-

1912 3692 72 22 solved
2001 3697 27 14 on
2044 3689 77 26 having
2140 3690 97 24 another,
2256 3690 42 20 and
2318 3690 98 21 obtained
2434 3696 13 16 a
2469 3690 30 21 7s.

1912 3720 73 23 bottle,
1996 3718 49 24 and,
2056 3716 71 21 before
2136 3716 36 21 the
2189 3717 67 20 whole
2273 3717 25 21 of
2309 3718 70 21 which
2387 3723 42 14 was
2438 3717 59 25 used,

1912 3747 12 20 I
1931 3746 49 24 had,
1998 3745 41 20 and
2055 3744 52 20 have
2125 3750 54 18 now,
2198 3751 24 14 as
2237 3745 115 20 handsome
2369 3751 13 14 a
2400 3744 54 21 head
2473 3744 25 20 of

1911 3773 46 21 hair
1966 3779 23 14 as
1999 3777 48 16 ever
2055 3777 49 14 man
2118 3771 97 27 enjoyed,
2225 3773 42 20 and
2281 3772 11 20 I
2302 3772 106 26 earnestly
2417 3777 80 14 recom-

1911 3800 62 20 mend
1982 3797 33 22 all
2019 3798 46 21 who
2078 3799 53 20 have
2147 3801 38 18 not
2202 3799 55 21 tried
2272 3800 43 20 this
2331 3800 57 19 most
2397 3798 103 21 excellent

1911 3827 45 25 Oil,
1964 3826 44 21 will
2018 3828 39 19 not
2066 3826 38 21 fail
2113 3829 23 18 to
2151 3827 27 20 do
2187 3833 34 15 so.

2026 3857 8 23 '.
2040 3858 3 4 '
2078 3857 3 3 '
2189 3859 12 21 I
2212 3865 41 18 am,
2253 3863 4 5 J
2265 3858 41 24 Sir,
2332 3860 2 7 '

1960 3886 62 21 Your
2030 3888 57 19 most
2096 3887 90 26 grateful
2195 3886 44 20 and
2247 3885 98 21 obedient
2354 3884 89 25 servant,

2246 3918 23 21 J.
2279 3917 116 22 Walker,
2403 3914 98 24 Colonel,

1909 3946 83 26 Whitly
2002 3946 79 26 Lodge,
2091 3952 51 15 near
2154 3945 108 27 Tauntori,
2272 3944 53 26 May
2335 3943 33 25 10,
2381 3942 61 21 1840.

1409 1886 88 22 FEES
1520 1886 42 22 TO
1589 1884 169 24 COUNSEL.

1325 1921 50 23 The
1397 1920 91 31 subject
1499 1919 25 24 of
1538 1919 49 24 fees
1603 1924 23 18 to
1645 1918 100 24 counsel.
1749 1919 19 22 is
1788 1926 42 15 one
1853 1919 23 22 in

1291 1954 73 22 which
1375 1954 38 22 the
1425 1953 77 30 public
1514 1957 24 18 at
1549 1953 63 30 large
1624 1953 19 22 is
1654 1951 69 24 much
1745 1951 131 29 interested,

1291 1987 78 29 seeing
1379 1987 48 22 that
1435 1986 53 29 they
1498 1994 38 14 are
1547 1985 38 23 the
1594 1989 139 26 paymasters
1744 1992 5 20 ;
1763 1984 52 28 but-,-
1821 1984 57 22 from

1291 2020 38 22 the
1342 2018 191 31 correspondence
1545 2026 33 15 we
1589 2018 57 23 have
1658 2018 68 30 lately
1747 2016 127 32 published,

1293 2053 52 29 they
1357 2060 37 15 are
1406 2056 40 18 not
1456 2051 74 30 likely
1547 2056 23 18 to
1582 2051 62 23 learn
1663 2050 68 24 much
1744 2058 61 15 more
1825 2050 54 23 than

1292 2086 49 23 that
1352 2093 14 15 a
1376 2085 109 23 barrister
1495 2084 42 23 has
1549 2092 29 15 no
1596 2084 61 30 legal
1669 2084 65 23 claim
1748 2088 21 18 to
1782 2091 13 14 a
1810 2083 35 23 fee
1848 2095 31 4 —

1293 2119 49 23 that
1361 2119 28 22 he
1413 2118 130 23 sometimes
1567 2117 65 23 takes
1653 2117 44 23 and
1719 2116 72 31 keeps
1808 2124 14 14 a
1843 2116 35 23 fee

1292 2152 93 23 without
1397 2151 135 30 advocating
1556 2150 37 23 the
1606 2157 66 16 cause
1691 2150 24 22 in
1728 2149 72 23 which
1811 2149 29 23 he
1858 2150 20 22 is

1293 2184 125 24 restrained
1420 2196 31 4 —
1453 2183 45 23 and
1510 2184 51 22 that
1572 2183 28 23 he
1612 2183 129 23 sometimes
1761 2182 118 24 advocates

1293 2227 14 14 a
1323 2226 65 15 cause
1400 2217 67 23 while
1491 2217 37 22 the
1538 2222 103 25 attorney
1658 2216 96 31 pockets
1773 2216 39 23 the
1834 2216 43 23 fee.

1294 2251 49 24 The
1353 2251 81 23 second
1447 2251 63 30 point
1520 2251 20 22 is
1551 2250 38 23 the
1601 2258 42 15 one
1655 2250 25 22 of
1695 2249 37 23 the
1740 2254 59 18 most
1809 2249 71 23 direct

1293 2286 137 30 importance
1453 2288 23 18 to
1495 2283 38 23 the
1556 2283 76 31 public
1641 2292 5 19 ;
1677 2283 40 22 but
1739 2289 33 16 we
1789 2283 28 22 do
1841 2286 39 19 not

1293 2318 125 23 remember
1430 2322 23 18 to
1465 2317 57 23 have
1535 2324 54 16 seen
1601 2317 17 22 it
1630 2316 66 30 fairly
1708 2316 124 22 discussed.

1328 2351 50 24 The
1390 2351 40 22 bar
1437 2351 20 22 is
1469 2358 14 15 a
1490 2350 60 30 body
1561 2349 114 31 governed
1683 2350 29 29 by
1722 2357 29 15 an
1761 2349 118 23 unwritten

1295 2384 53 23 code
1356 2384 23 23 of
1394 2384 86 31 etiqute
1482 2396 31 3 —
1515 2391 14 15 a
1540 2383 35 23 lex
1583 2390 44 16 non
1637 2382 87 31 scripta
1726 2395 32 4 —
1759 2390 53 23 very
1822 2382 57 23 little

1294 2418 82 23 known
1387 2416 90 31 beyond
1497 2416 38 23 the
1546 2416 100 31 precints
1658 2416 25 23 of
1706 2415 173 24 Westminster-

1294 2451 46 23 hall
1352 2450 44 24 and
1408 2451 38 23 the
1459 2451 51 22 inns
1524 2450 25 23 of
1564 2454 72 19 court.
1673 2449 50 23 The
1742 2449 139 31 regulations

1295 2484 25 23 of
1329 2484 44 23 this
1386 2484 54 23 code
1463 2491 46 21 are,
1522 2484 25 22 in
1564 2488 61 18 most
1637 2483 121 27 instances,
1778 2483 25 22 of
1827 2490 54 23 very

1295 2518 88 23 ancient
1404 2517 59 29 date,
1484 2516 46 24 and
1548 2517 139 30 compliance
1705 2515 54 23 with
1780 2515 61 23 them
1861 2516 20 22 is

1295 2550 105 24 enforced
1409 2558 23 15 as
1440 2550 84 31 rigidly
1533 2557 25 16 as
1569 2549 108 32 possible,
1685 2549 35 23 for
1728 2549 37 23 the
1775 2556 105 24 purpose,

1295 2584 45 24 and
1352 2584 54 22 with
1417 2584 38 22 the
1476 2584 76 27 effect,
1565 2583 25 23 of
1604 2583 133 31 preserving
1750 2582 37 23 the
1799 2582 40 23 bar
1857 2590 24 14 as

1295 2626 14 15 a
1331 2617 91 23 distinct
1444 2617 68 30 body,
1537 2616 45 23 and
1603 2617 151 29 maintaining
1775 2616 30 22 its
1826 2615 55 31 high

1296 2651 120 28 character,
1439 2651 45 23 and
1505 2651 26 22 in
1552 2658 14 14 a
1587 2657 96 15 manner
1702 2649 25 23 of
1751 2648 73 23 which
1844 2648 37 23 the

1295 2684 76 32 public
1382 2690 25 17 at
1417 2684 62 30 large
1492 2691 38 15 are
1552 2683 58 22 little
1623 2690 79 15 aware.
1739 2681 24 24 It
1785 2690 51 22 may
1853 2682 28 23 be

1296 2717 115 24 sufficient
1423 2722 22 18 to
1456 2721 66 24 state,
1536 2716 49 23 that
1594 2715 35 23 for
1637 2715 181 31 unprofessional
1829 2723 53 15 con-

1297 2751 52 24 duct
1356 2751 22 22 in
1391 2751 73 22 minor
1474 2755 101 23 matters,
1589 2756 41 16 one
1639 2749 25 23 of
1674 2749 36 22 the
1720 2748 159 31 punishments

1296 2789 23 19 to
1331 2784 73 23 which
1423 2784 39 22 the
1472 2783 100 24 offender
1592 2784 20 21 is
1624 2782 117 31 subjected
1760 2782 21 22 is
1792 2782 47 22 that
1860 2781 25 23 of

1296 2818 68 30 being
1476 2817 29 30 by
1516 2817 38 22 his
1565 2816 109 23 brethren
1676 2828 33 3 —
1710 2823 13 15 a
1731 2820 61 18 most
1804 2815 78 23 effect-

1296 2851 37 23 ual
1354 2855 50 26 stop
1424 2858 24 16 to
1458 2850 37 23 his
1515 2850 89 23 further
1616 2849 163 23 advancement
1797 2849 25 22 in
1846 2848 37 24 the

1296 2883 133 33 proffession
1438 2893 6 19 ;
1474 2883 45 23 and
1530 2883 48 23 that
1596 2883 36 22 for
1644 2882 168 31 delinquencies
1825 2882 25 23 of
1871 2890 13 15 a

1296 2924 79 25 graver
1394 2917 115 23 character
1531 2916 28 23 he
1579 2917 21 22 is
1611 2916 68 22 liable
1699 2919 23 19 to
1733 2916 29 22 be
1781 2915 104 32 expelled

1296 2951 57 23 from
1365 2950 38 23 the
1415 2951 41 23 inn
1463 2950 25 23 of
1498 2954 65 19 court
1574 2954 23 18 to
1606 2948 75 24 which
1688 2948 29 23 he
1728 2949 103 30 belongs,
1840 2948 44 23 and

1298 2989 22 18 to
1329 2984 27 22 be
1544 2982 75 24 which
1630 2982 20 23 is
1673 2990 13 15 a
1695 2989 92 23 process
1808 2990 75 15 some-

1297 3017 59 24 what
1366 3017 47 22 like
1423 3017 72 29 being
1503 3015 118 24 cashiered
1641 3016 29 30 by
1683 3024 13 14 a
1707 3015 177 27 court-martial,

1298 3051 44 23 and
1352 3050 78 30 totally
1441 3050 120 30 depriving
1572 3048 48 23 him
1632 3048 24 23 of
1672 3048 79 23 alLthe
1761 3048 123 31 privileges

1298 3085 26 23 of
1337 3084 35 23 his
1382 3090 73 23 gown.

1332 3117 29 23 In
1371 3124 14 15 a
1404 3116 60 29 body
1483 3122 50 16 now
1554 3114 127 31 consisting
1697 3113 25 24 of
1745 3121 63 16 mora
1831 3114 53 24 than

1298 3152 73 27 2,000
1380 3156 60 21 men,
1453 3149 18 22 it
1483 3149 19 22 is
1514 3147 132 31 impossible
1662 3148 49 22 that
1721 3147 64 23 there
1804 3147 80 24 should

1298 3189 40 18 not
1345 3184 25 22 be
1378 3190 61 15 some
1474 3181 69 24 black
1657 3180 44 24 and
1710 3180 39 24 the
1757 3180 129 32 cashiering

1298 3224 89 24 process
1397 3215 110 23 therefore
1521 3215 41 23 has
1572 3215 130 23 sometimes
1711 3219 23 18 to
1747 3214 28 23 be
1784 3215 101 23 resorted

1298 3255 32 19 to.
1365 3248 62 24 That
1445 3248 32 23 its
1497 3252 85 19 terrors
1603 3255 38 16 are
1661 3252 41 19 not
1711 3255 63 16 mere
1798 3247 88 24 brutum

1290 3283 90 31 fultnen
1390 3288 34 17 we
1434 3289 43 16 can
1488 3289 80 16 assure
1580 3289 42 16 our
1630 3280 91 24 readers
1729 3290 6 19 ;
1755 3281 36 23 for
1799 3281 87 30 though

1298 3317 63 23 these
1371 3319 96 20 matters
1479 3323 37 16 are
1530 3314 125 24 conducted
1666 3314 55 23 with
1732 3313 51 24 that
1793 3315 92 30 privacy

1298 3349 54 24 with
1360 3348 72 24 which
1442 3347 39 25 the
1490 3349 53 23 inns
1552 3348 25 24 of
1589 3352 64 20 court
1654 3360 32 4 —
1686 3347 71 31 being
1766 3347 119 32 voluntary

1298 3382 147 25 associations
1446 3394 33 5 —
1479 3389 62 16 mere
1549 3382 43 23 law
1606 3381 72 29 clubs,
1690 3381 25 23 in
1726 3380 46 24 fact
1773 3393 32 4 —
1805 3380 58 24 have
1872 3389 14 15 a

1298 3416 61 31 right
1370 3419 21 19 to
1410 3415 74 24 invest
1501 3414 60 24 their
1578 3414 159 32 proceedings,
1750 3414 47 24 still
1817 3415 19 23 it
1844 3413 41 25 has

1299 3457 62 17 come
1371 3453 23 19 to
1407 3456 41 15 our
1458 3447 136 32 knowledge
1611 3448 58 28 that,
1683 3455 56 16 even
1751 3447 80 24 within
1847 3446 38 25 the

1297 3483 45 24 last
1360 3482 45 24 few
1422 3489 75 23 years,
1507 3481 89 24 solemn
1615 3481 117 24 conclaves
1750 3480 57 25 have
1827 3480 59 24 been

1296 3516 53 25 held
1360 3516 23 22 in
1401 3514 38 24 the
1461 3514 56 32 deep
1537 3522 103 16 recesses
1657 3514 26 24 of
1706 3513 39 24 the
1766 3513 118 24 benchers'

1298 3548 137 25 sanctuaries
1444 3556 7 20 ;
1471 3547 45 24 and
1525 3547 56 30 that,
1594 3548 23 23 in
1627 3554 162 24 consequence,
1799 3547 87 23 several

1298 3580 142 30 individuals,
1464 3581 77 23 whose
1564 3580 89 32 alleged
1673 3579 143 26 misconduct
1840 3580 45 25 had

1298 3613 131 27 occasioned
1451 3614 40 24 the
1511 3615 169 28 convocations,
1703 3613 65 30 have,
1791 3612 95 25 without

1296 3648 77 33 public
1383 3647 102 29 scandal,
1498 3647 41 24 but
1547 3648 71 24 much
1634 3652 23 19 to
1669 3646 38 25 the
1719 3646 125 31 advantage
1863 3646 25 23 of

1298 3682 38 24 the
1345 3680 84 33 public,
1443 3680 163 32 compnlsorily
1618 3680 80 24 ceased
1710 3685 22 18 to
1749 3680 99 31 practise
1860 3686 24 16 as

1297 3714 129 25 barristers.

1331 3746 109 24 Whether
1469 3746 38 25 the
1537 3747 55 24 code
1622 3747 26 24 of
1673 3746 109 31 etiquette
1810 3745 74 24 which

1296 3787 97 25 governs
1416 3779 38 24 the
1476 3779 43 25 bar
1538 3780 22 23 is
1582 3780 38 23 the
1635 3780 52 23 best
1709 3779 50 24 that
1770 3778 67 24 could
1856 3778 28 23 be

1296 3812 94 28 framed,
1404 3820 25 16 or
1446 3817 49 25 not,
1506 3813 22 23 is
1537 3813 96 24 another
1644 3813 105 31 question
1757 3820 6 16 :
1792 3812 42 22 but
1854 3818 29 15 no

1296 3845 124 25 individual
1432 3853 42 16 can
1483 3846 28 24 be
1520 3846 91 23 blamed
1628 3846 35 23 for
1674 3845 36 24 his
1723 3844 124 24 adherance
1860 3847 23 19 lo

1297 3880 30 23 its
1338 3878 59 24 rules
1411 3886 24 17 sp
1446 3878 56 32 long
1511 3887 26 15 as
1548 3880 19 22 it
1585 3880 79 22 exists.
1700 3878 25 23 It
1736 3878 20 22 is
1768 3878 38 22 the
1824 3875 59 24 bond

1297 3913 26 22 of
1328 3911 79 29 .union
1416 3911 32 31 by
1468 3911 75 24 which
1555 3920 14 15 a
1586 3911 64 31 large
1661 3910 60 31 body
1742 3909 25 25 of
1782 3916 52 17 men
1844 3916 39 16 are

1296 3944 53 24 held
1368 3944 111 30 together,
1499 3944 46 24 and
1557 3950 69 24 every
1646 3951 42 16 one
1698 3943 27 23 of
1740 3942 61 23 them
1817 3942 20 22 is
1857 3949 26 15 as

664 139 22 19 at
706 135 38 23 the
756 142 63 15 same
834 134 60 28 time,
913 134 25 22 in
957 140 157 24 consequence
1125 133 26 23 of
1160 134 90 23 various

664 167 102 31 dealings
778 167 103 23 between
891 165 71 30 them,
974 165 39 24 the
1032 166 101 31 plaintiff
1142 174 59 16 owes
1213 166 38 23 the

665 200 121 24 defendant
805 200 79 24 £100.
920 198 51 24 The
980 198 125 24 defendant
1117 199 52 23 first
1181 199 25 24 of
1221 198 31 23 all

665 233 84 31 pleads,
762 233 61 23 what
839 233 38 23 the
894 232 96 30 lawyers
1009 231 44 23 call
1065 239 111 23 nunquum
1189 231 61 24 inde-

665 266 91 28 bitatus,
770 273 32 21 or,
822 266 24 22 in
862 264 62 32 plain
943 264 108 31 English,
1071 264 49 23 that
1138 264 28 23 he
1184 273 69 16 never

665 298 63 24 owed
738 299 50 23 him
799 306 13 15 a
823 298 106 31 farthing,
944 297 45 23 and
1001 302 54 18 next
1068 297 49 23 that
1128 297 38 23 the
1178 297 73 32 plain-

666 331 38 24 tiff
712 339 59 16 owes
780 331 47 23 him
839 331 78 28 £100,
929 330 75 24 which
1014 331 28 22 he
1055 329 86 24 desires
1159 338 52 24 may
1225 332 27 23 be

668 369 35 19 set
720 364 33 24 off
762 365 89 30 against
862 364 38 23 the
918 363 125 31 plaintiff's
1062 364 75 22 claim.
1174 364 25 23 If
1215 364 38 24 the

666 398 74 23 action
760 398 20 22 is
800 398 34 22 for
853 397 55 22 false
920 397 183 29 imprisonment,
1116 404 29 15 an
1163 397 90 31 equally

666 430 82 24 absurd
833 430 76 31 unjust
928 434 85 26 system
1032 429 106 31 prevails.
1175 430 78 24 There

667 464 37 22 the
722 463 122 23 defendant
861 463 115 30 generally
989 462 86 31 pleads,
1092 463 58 28 first,
1164 462 49 24 that
1223 464 30 23 he

667 496 38 24 did
717 501 40 18 not
768 497 111 30 imprison
895 496 39 24 the
935 520 10 8 x
951 495 102 32 plaintiff
1068 499 23 19 at
1109 495 38 29 all,
1161 496 92 31 thereby

667 529 137 31 compelling
824 529 47 23 him
888 533 22 19 to
922 536 70 23 prove
1010 529 49 22 that
1071 529 52 28 fact,
1137 529 45 22 and
1197 535 57 18 next

668 562 105 31 pleading
792 562 57 29 that,
867 562 71 23 under
958 562 40 23 the
1022 562 183 29 circumstances,
1223 563 29 23 he

668 603 45 16 was
722 595 103 31 justified
837 596 24 22 in
879 603 24 15 so
915 595 152 31 imprisoning
1080 595 55 28 him,
1148 595 53 23 thus
1213 596 40 23 ad-

667 629 93 30 mitting
771 628 38 23 the
820 628 116 23 falsehood
948 628 25 23 of
982 628 37 23 his
1031 628 50 23 first
1096 627 61 31 plea.
1193 628 30 24 In
1241 637 14 15 a

667 669 52 16 case
737 661 24 23 of
771 661 39 23 the
821 661 66 23 latter
904 661 65 28 kind,
989 660 57 24 tried
1058 661 84 30 during
1159 660 38 24 the
1208 661 45 24 last

668 699 58 19 term
736 695 25 22 in
773 694 38 23 the
824 694 70 24 Court
906 694 25 23 of
941 694 103 29 Queen's
1058 694 89 28 Bench,
1158 694 38 23 the
1215 694 39 24 de-

668 727 94 24 fendant
778 727 96 31 pleaded
891 736 13 15 a
919 727 151 32 justification
1087 727 60 30 only,
1160 727 95 24 without

668 761 108 30 denying,
789 769 25 15 or
827 761 59 23 what
896 760 38 23 the
948 760 44 23 law
1004 760 54 23 calls
1072 760 127 31 traversing
1215 761 39 24 the

668 793 82 32 charge
762 794 51 23 that
824 794 27 24 he
871 794 43 23 had
935 793 83 24 caused
1030 793 38 23 the
1079 794 176 30 imprisonment

668 827 26 22 of
703 826 72 24 which
785 827 38 23 the
834 826 99 32 plaintiff
944 827 142 30 complained
1096 827 25 22 in
1130 826 36 23 his
1179 826 74 24 decla-

668 861 81 22 ration.
788 860 47 23 Mr.
855 860 87 24 Justice
957 860 120 28 Fatteson,
1089 861 25 21 in
1124 859 40 23 the
1176 868 79 16 course

669 894 25 23 of
701 893 35 23 his
745 893 94 23 address
848 898 23 18 to
882 893 37 23 the
925 893 63 31 jury,
999 892 65 24 made
1074 900 29 16 an
1112 892 143 25 observation

668 926 74 23 which
754 926 38 23 did
810 926 46 24 him
874 931 64 26 great
950 926 72 23 credit
1033 926 29 30 (it
1079 927 20 21 is
1110 934 12 14 a
1140 926 49 31 pity
1206 926 50 24 that

669 959 64 24 there
753 967 39 16 are
812 967 25 16 so
857 960 43 23 few
919 959 134 31 precedents
1072 960 25 22 of
1117 959 39 23 the
1176 959 77 32 kind).

670 992 47 24 His
729 992 101 31 lordship
843 993 47 23 said
902 992 29 24 he
943 1000 46 16 was
1001 992 53 31 glad
1065 997 23 19 to
1100 992 49 24 find
1159 992 49 24 that
1217 993 38 23 the

669 1025 123 24 defendant
801 1026 50 29 had,
862 1027 24 22 in
894 1026 36 23 his
940 1026 127 30 pleadings,
1077 1030 47 19 met
1136 1026 38 23 the
1183 1026 72 23 whole

670 1066 51 16 case
739 1059 25 23 of
782 1059 39 23 the
837 1059 101 31 plaintiff
952 1059 68 31 fairly
1032 1059 44 23 and
1093 1059 113 31 honestly,
1218 1060 37 22 in-

670 1092 63 23 stead
745 1092 26 23 of
779 1092 106 31 pleading
893 1093 51 22 first
952 1092 50 23 that
1011 1092 29 23 he
1049 1092 39 23 did
1098 1096 38 19 not
1145 1093 110 31 imprison

670 1125 38 23 the
719 1126 106 30 plaintiff,
844 1126 44 23 and
907 1126 50 22 that
967 1130 56 18 next
1033 1125 49 23 that
1102 1126 27 22 he
1149 1125 45 30 did,
1215 1126 41 23 but

670 1166 45 15 was
730 1159 104 31 justified
854 1159 25 22 in
895 1167 26 15 so
945 1159 77 31 doing,
1043 1166 43 15 one
1105 1167 24 14 or
1147 1159 65 23 other
1234 1160 24 22 of

670 1192 73 22 which
764 1192 64 31 pleas
849 1196 61 19 must
929 1192 29 23 be
978 1192 65 28 false,
1062 1192 29 23 he
1111 1192 45 23 had
1173 1192 84 31 simply

670 1225 95 31 pleaded
784 1225 37 23 the
839 1225 66 24 latter
922 1225 60 31 plea,
995 1225 45 23 and
1050 1225 42 23 left
1103 1225 39 23 the
1154 1226 104 30 question

671 1259 25 23 of
702 1258 150 31 justification
870 1257 56 32 (and
939 1258 75 24 which
1030 1259 24 23 in
1066 1258 82 24 almost
1160 1259 30 23 all
1201 1259 57 23 such

671 1299 64 16 cases
752 1300 47 15 was
817 1292 38 23 the
873 1291 53 29 only
940 1293 66 30 point
1026 1293 23 22 in
1069 1291 101 33 dispute)
1190 1296 21 19 to
1230 1293 28 22 be

671 1324 93 24 decided
793 1325 30 30 by
850 1333 13 15 a
888 1326 55 31 jury
969 1326 26 22 of
1021 1325 35 23 his
1081 1333 50 15 own
1154 1330 103 25 country.

671 1357 30 23 In
722 1358 30 23 all
778 1363 122 26 trumpery,
931 1359 44 24 and
999 1359 59 22 what
1088 1367 37 14 are
1154 1359 105 30 properly

671 1391 88 23 termed
768 1392 123 29 attorney's
899 1392 95 28 actions,
1002 1392 35 22 for
1046 1392 87 30 alleged
1143 1392 116 22 excessive

671 1423 96 24 distress
784 1425 36 22 for
837 1428 56 25 rent,
911 1425 94 28 assault,
1026 1425 52 29 &c,
1099 1426 18 21 it
1134 1425 21 22 is
1167 1425 34 22 far
1221 1425 39 22 the

672 1457 50 24 best
733 1458 54 31 plan
797 1457 35 24 for
850 1465 13 15 a
872 1458 122 23 defendant
1012 1462 23 19 to
1046 1466 45 23 pay
1104 1462 43 19 two
1160 1465 25 16 or
1196 1458 64 23 three

671 1491 88 30 pounds
771 1491 49 23 into
832 1491 77 28 Court,
922 1491 36 23 for
969 1491 21 23 if
1002 1491 92 31 plantiff
1102 1491 65 30 gains
1183 1499 14 15 a
1208 1498 52 16 ver-

672 1523 47 24 dict
730 1524 34 23 for
776 1524 51 23 that
835 1528 92 19 amount
939 1524 62 30 only,
1013 1524 29 23 he
1053 1524 42 23 has
1107 1524 35 23 his
1155 1532 49 15 own
1216 1524 45 23 and

672 1557 141 23 defendant's
832 1562 58 18 costs
908 1562 23 18 to
944 1565 51 23 pay,
1018 1557 45 23 and
1082 1557 82 23 should
1182 1557 78 23 defen-

673 1590 55 23 dant
740 1591 77 23 obtain
825 1599 12 14 a
845 1590 84 23 verdict
938 1590 87 31 (which
1034 1591 19 22 is
1060 1590 75 31 rarely
1143 1590 37 23 the
1189 1589 71 32 case,)

672 1623 37 23 his
721 1628 64 19 extra
796 1628 60 19 costs
868 1624 44 22 will
924 1628 93 19 amount
1028 1628 21 19 to
1061 1632 61 15 more
1130 1624 56 23 than
1196 1624 64 24 £20.

674 1656 62 24 Such
747 1658 21 22 is
779 1657 39 23 the
829 1661 90 27 present
931 1662 58 18 state
1001 1656 26 24 of
1042 1657 37 23 the
1092 1657 50 24 law.
1179 1657 29 23 In
1220 1657 41 23 ad-

673 1689 70 24 dition
755 1694 23 19 to
790 1690 57 23 false
858 1690 70 31 pleas,
948 1690 63 23 there
1028 1698 37 15 are
1077 1690 65 24 other
1152 1689 109 32 proceed-

672 1724 52 30 ings
741 1723 32 31 by
783 1723 73 23 which
868 1724 53 23 both
942 1723 109 31 plaintiffs
1063 1723 46 24 and
1128 1723 134 24 defendants

673 1755 111 32 (through
802 1756 59 24 their
881 1755 120 32 attornies)
1020 1757 99 23 contrive
1141 1761 22 19 to
1181 1757 81 23 harass

673 1790 56 23 each
747 1790 73 28 other,
837 1790 44 23 and
891 1790 44 23 add
949 1794 22 19 to
985 1790 38 23 the
1042 1795 60 18 costs
1113 1790 25 23 of
1152 1790 38 23 the
1207 1791 54 28 suit,

672 1823 92 31 leaving
774 1823 39 23 the
831 1824 102 30 question
952 1828 25 18 at
996 1824 61 23 issue
1076 1823 102 23 between
1199 1823 62 24 them

674 1857 125 30 altogether
808 1856 136 24 untouched.
980 1857 95 31 Among
1093 1856 63 24 them
1168 1864 37 16 are
1223 1856 39 24 the

672 1889 157 24 innumerable
842 1891 95 23 motions
951 1895 22 18 to
987 1895 35 19 set
1033 1890 62 24 aside
1107 1891 69 27 writs,
1192 1890 70 31 judg-

673 1928 82 24 ments,
778 1924 52 27 &c,
843 1923 95 24 because
957 1924 25 23 of
996 1924 85 22 certain
1093 1923 109 24 technical
1221 1923 41 23 ob-

670 1957 107 30 jections,
790 1956 56 23 such
856 1964 24 15 as
889 1956 110 24 mistakes
1007 1957 23 22 in
1039 1964 85 21 names,
1135 1957 62 22 dates
1208 1956 53 28 &c,

674 1990 30 22 ail
716 1990 24 23 of
748 1989 75 23 which
834 1997 38 14 are
888 1989 64 23 made
964 1990 36 22 for
1011 1989 38 23 the
1062 1990 47 22 sole
1128 1997 99 22 purpose
1240 1989 25 22 of

674 2023 83 30 adding
769 2027 23 18 to
804 2022 38 22 £he
858 2027 67 24 costs,
947 2022 45 23 and
1002 2022 82 29 which,
1102 2029 31 15 we
1147 2030 40 22 ary
1198 2029 69 23 sorry,

674 2060 23 19 to
717 2063 49 22 say,
785 2063 38 15 are
844 2055 141 31 encouraged
999 2055 30 31 by
1047 2055 39 23 the
1103 2055 87 29 Judges
1208 2060 22 17 to
1249 2063 14 14 a

674 2094 59 18 most
752 2088 137 31 disgaaceful
906 2093 86 24 extent,
1010 2088 93 30 arising,
1121 2095 33 15 we
1168 2088 94 28 believe,

674 2127 40 18 not
724 2122 59 23 from
796 2129 44 23 any
851 2121 117 31 unworthy
980 2122 96 23 motives
1089 2129 28 16 on
1129 2121 38 23 the
1178 2126 51 26 part
1241 2121 25 22 of

675 2155 58 23 their
756 2154 134 32 Lordships,
916 2155 43 23 but
980 2155 60 23 from
1069 2162 13 16 a
1109 2154 153 31 professional

675 2189 93 29 anxiety
778 2188 45 23 and
832 2188 173 23 determination
1022 2192 22 19 to
1057 2187 65 24 abide
1133 2187 32 31 by
1176 2188 87 22 certain

675 2222 61 23 fixed
747 2222 62 22 rules
826 2221 83 23 termed
926 2221 150 30 precedients.
1112 2221 35 23 As
1166 2229 14 14 a
1190 2222 73 29 speci-

675 2262 53 16 men
740 2255 24 22 of
775 2255 37 22 the
827 2259 115 26 trumpery
954 2254 126 31 objections
1098 2254 68 23 taken
1178 2254 35 23 for
1225 2254 38 23 the

676 2296 97 23 purpose
792 2288 52 30 only
856 2288 25 22 of
896 2288 84 31 adding
993 2293 22 17 to
1030 2288 38 22 the
1087 2292 67 24 costs,
1176 2295 33 15 we
1222 2287 43 23 call

676 2321 38 23 the
725 2321 99 23 reader's
837 2321 109 23 attention
958 2326 22 17 to
1000 2321 37 23 the
1048 2321 117 30 following
1177 2325 86 26 report,

676 2354 79 29 which,
769 2359 23 19 to
802 2354 65 23 avoid
877 2354 29 23 all
918 2354 116 31 suspicion
1046 2354 26 23 of
1081 2354 137 28 unfairness,
1230 2361 33 15 we

677 2392 89 19 extract
785 2388 59 23 from
888 2388 120 30 Dowlings
1037 2387 113 24 Practical

676 2421 45 23 vol.
740 2423 15 21 3
774 2434 33 3 —
834 2421 57 23 This
908 2428 46 16 was
971 2429 14 15 a
999 2429 50 15 case
1062 2420 26 23 of
1107 2425 94 26 country
1209 2420 55 29 bail,

676 2454 98 23 wherein
788 2454 47 23 Mr.
851 2455 99 22 Mansell
962 2453 103 31 objected
1080 2458 23 19 to
1116 2454 37 23 the
1166 2453 99 24 affidavit

677 2488 25 22 of
711 2487 36 23 the
757 2488 54 28 bail,
823 2495 28 15 on
862 2488 36 22 the
915 2488 90 30 giound
1017 2488 50 22 that
1082 2495 42 15 one
1136 2487 26 23 of
1169 2487 61 23 them
1241 2488 24 22 in

676 2521 36 23 his
725 2521 108 29 affidavit,
852 2521 49 23 said
920 2523 6 9 '
933 2521 50 23 he's
996 2521 72 22 worth
1077 2521 38 22 the
1126 2529 52 15 sum
1196 2521 69 22 after-

677 2554 71 23 wards
768 2554 96 28 named,'
885 2554 88 23 instead
992 2554 25 23 of
1034 2555 111 30 swearing
1168 2554 41 23 *he
1227 2554 38 23 is.'

677 2587 48 24 Mr.
739 2587 87 23 Justice
837 2587 121 24 Littledale
959 2599 35 5 —
996 2588 6 11 '
1013 2587 61 24 That
1086 2588 19 22 is
1117 2587 54 30 only
1183 2595 28 15 an
1223 2587 42 23 ab-

676 2621 116 23 breviated
801 2621 64 23 mode
877 2621 23 23 of
908 2621 100 30 spelling
1016 2620 28 23 he
1057 2621 37 23 is.'
1130 2621 48 23 Mr.
1194 2620 70 24 Man-

677 2653 43 24 sell
720 2667 33 3 —
754 2655 7 11 '
773 2654 40 23 He
832 2654 51 31 only
895 2662 83 15 swears
995 2655 49 22 that
1061 2654 50 23 he's
1128 2654 71 23 worth
1218 2653 49 24 that

677 2695 51 16 sum
740 2688 5 10 '
755 2695 54 16 over
818 2688 44 23 and
877 2688 70 23 above
956 2688 60 23 what
1027 2688 44 23 will
1081 2696 44 23 pay
1137 2688 36 23 his
1185 2687 80 29 debts,'

677 2721 90 23 instead
783 2721 25 23 of
827 2721 106 31 adopting
952 2721 38 23 the
1009 2721 59 23 form
1088 2721 23 23 of
1129 2721 39 23 the
1188 2720 78 29 Court,

678 2754 74 23 which
775 2754 20 23 is
816 2754 81 31 simply
941 2761 53 17 over
1013 2754 44 23 and
1074 2754 69 23 above
1161 2754 37 23 his
1218 2754 50 31 just

769 2800 35 3 —
804 2787 48 24 Mr.
874 2788 87 23 Justice
989 2787 123 24 Littledale
1115 2800 32 4 —
1148 2787 6 12 '
1165 2787 62 23 That
1247 2788 21 22 is

679 2821 134 30 amplifying
834 2821 37 23 the
891 2822 141 29 expression,
1051 2820 44 24 and
1114 2822 105 29 carrying
1229 2820 39 23 the

678 2855 108 29 meaning
799 2855 24 22 in
843 2862 13 15 a
867 2854 68 24 much
946 2862 63 16 more
1030 2858 86 20 correct
1135 2855 59 22 form
1212 2853 54 24 than

679 2887 38 23 the
736 2895 43 15 one
799 2888 116 30 employed
932 2889 24 22 in
969 2888 38 23 the
1025 2888 62 23 rules

679 2919 49 25 Mr.
741 2920 101 24 Mansell
842 2933 34 4 —
900 2921 44 31 My
952 2925 56 19 next
1015 2921 113 31 objection
1140 2921 20 23 is
1171 2921 50 23 that
1229 2921 38 23 the

679 2953 47 24 bail
735 2953 54 24 does
799 2958 40 19 not
850 2962 70 16 swear
931 2960 23 18 to
966 2954 61 31 good
1038 2954 67 23 Book
1117 2954 65 23 debts
1195 2954 74 30 owing

679 2991 24 19 to
712 2987 56 28 him,
778 2987 42 23 but
832 2987 52 31 only
896 2992 23 19 to
933 2987 61 31 good
1116 2987 46 24 Mr.
1181 2987 87 24 Justice

680 3019 123 25 Littledale
805 3033 32 4 —
865 3020 61 24 That
942 3022 20 23 is
981 3021 122 23 sufficient.
1140 3020 25 24 If
1181 3021 18 23 it
1209 3028 59 16 were

681 3060 121 25 necessary
813 3053 49 24 that
879 3062 13 15 a
912 3062 54 16 man
986 3053 83 24 should
1088 3062 71 15 swear
1170 3057 24 19 to
1209 3053 60 31 good

681 3086 61 23 book
760 3087 74 29 debts,
848 3095 14 15 a
872 3095 53 15 man
936 3092 40 18 out
988 3087 25 23 of
1024 3087 105 23 business
1142 3086 125 31 altogether

681 3119 65 24 could
755 3124 42 19 not
805 3120 91 24 become
905 3120 47 24 bail
964 3121 25 22 in
995 3125 90 26 respect
1093 3119 25 24 of
1126 3119 59 32 good
1195 3119 72 30 debts,

681 3160 28 16 no
729 3158 82 18 matter
830 3158 21 19 to
870 3154 59 23 what
948 3153 39 24 the
1007 3157 94 20 amount
1119 3153 75 31 might

681 3185 48 25 Mr.
751 3186 102 24 Mansell
854 3199 32 4 —
889 3187 14 12 •'
914 3187 51 23 The
983 3187 46 23 last
1046 3187 114 31 objection
1176 3187 28 28 is,
1218 3186 51 24 that

681 3220 38 23 the
735 3220 46 23 bail
792 3220 112 24 describes
915 3220 96 24 himself
1019 3227 25 16 as
1054 3228 13 15 a
1078 3228 104 23 yeoman,
1195 3219 74 24 which

682 3252 12 24 I
710 3253 87 23 submit
807 3254 20 22 is
839 3259 40 18 not
889 3262 14 16 a
919 3261 84 24 proper
1218 3252 49 25 Mr.

681 3286 87 24 Justice
784 3286 122 25 Littledale
908 3300 33 4 —
966 3287 14 24 I
993 3286 67 25 think
1070 3288 19 22 it
1100 3288 27 23 is.
1164 3286 106 24 Yeomen

681 3327 38 16 are
739 3328 14 15 a
772 3321 134 30 recognized
926 3321 59 23 class
1008 3321 26 23 of
1053 3328 96 23 persons
1175 3321 25 22 in
1222 3319 47 24 this

838 3354 50 23 The
905 3354 94 23 learned
1013 3353 73 31 judge
1103 3353 56 23 then
1175 3353 94 24 allowed

681 3387 38 23 the
731 3387 54 23 bail.
822 3387 50 24 The
888 3387 73 24 result
978 3394 55 22 was,
1045 3386 51 24 that
1115 3386 37 24 the
1167 3390 60 20 costs
1246 3386 26 23 of

681 3420 46 23 this
744 3421 105 31 precious
867 3421 130 31 opposition
1013 3420 41 24 fell
1073 3427 30 16 on
1114 3419 38 24 the
1169 3419 103 32 plaintiff

680 3453 93 24 instead'
780 3454 26 23 of
819 3454 37 24 the
868 3454 121 24 defendant
998 3463 6 20 ;
1023 3454 43 24 but
1077 3453 61 24 what
1149 3453 69 23 cared
1229 3453 40 23 the

680 3491 104 27 attorney
802 3487 49 24 who
869 3487 123 32 suggested
1011 3488 20 23 it
1041 3496 5 20 ;
1071 3486 38 24 his
1128 3486 76 32 object
1221 3494 48 15 was

680 3524 68 25 costs,
760 3519 74 25 which
846 3521 28 23 he
885 3528 46 16 was
942 3528 54 16 sure
1014 3525 23 19 to
1055 3519 78 25 obtain
1149 3520 59 23 from
1225 3527 44 16 one

679 3558 66 26 party
757 3561 26 16 or
804 3554 39 23 the
860 3553 71 25 other.
968 3554 52 24 The
1037 3557 70 20 worst
1117 3553 26 24 of
1151 3554 19 23 it
1187 3554 20 22 is
1219 3553 51 23 that

681 3586 63 24 those
762 3587 51 23 who
831 3586 57 25 have
908 3591 23 19 to
952 3595 45 24 pay
1017 3587 39 23 the
1077 3591 61 19 costs
1161 3586 27 24 of
1202 3586 67 23 these

679 3619 113 24 technical
821 3620 124 32 objections
973 3620 69 23 know
1071 3619 98 31 nothing
1199 3619 70 24 about

680 3652 61 24 them
749 3662 8 21 ;
776 3653 55 32 they
842 3653 29 24 do
882 3657 40 20 not
939 3654 100 24 instruct
1048 3652 61 25 their
1122 3653 109 23 atto:nies
1244 3657 25 19 to

679 3686 69 25 make
760 3686 71 30 them,
843 3686 76 33 being,
931 3686 27 25 of
966 3694 90 21 course,
1068 3686 107 32 ignorant
1186 3685 25 24 of
1224 3685 45 24 law

679 3720 158 31 proceedings.

713 3753 51 24 The
781 3753 127 24 celebrated
928 3753 206 24 ROWLAND'S
1158 3751 109 24 KALY-

679 3785 81 30 DOR,
781 3786 167 31 appropriately
959 3786 74 31 styled
1051 3786 31 31 by
1093 3786 31 23 its
1144 3791 124 17 numerous

679 3818 109 25 admirers
827 3818 38 23 the
876 3819 113 30 auxiliary
1000 3819 26 23 of
1161 3819 20 22 is
1193 3818 27 23 in'
1237 3817 32 23 all

679 3852 78 23 climes
769 3851 46 24 and
827 3859 92 15 seasons
931 3852 26 23 of
971 3852 145 22 inestimable
1128 3852 140 30 importance

679 3888 22 19 to
719 3885 82 23 female
813 3883 129 32 loveliness^.
977 3885 96 29 During
1089 3884 38 23 the
1138 3885 91 29 rigours
1246 3882 25 24 of

679 3917 97 29 Winter,
790 3921 41 19 not
837 3924 45 23 any
892 3917 78 23 attack
979 3925 63 15 more
1055 3916 109 31 seriously
1173 3916 95 31 impairs

677 3950 39 24 the
736 3951 84 29 beauty
840 3949 25 23 of
883 3957 12 15 a
913 3949 46 24 fine
980 3949 69 29 Skin,
1071 3949 55 23 than
1145 3949 124 23 inclement

110 3619 94 27 Abuses
220 3629 27 16 in
260 3628 51 17 the
329 3620 65 24 Law
413 3621 108 24 Courts.
522 3634 35 6 —
557 3622 96 33 Among

84 3649 31 25 the
127 3660 117 19 numerous
254 3655 66 31 plans
331 3653 75 24 which
417 3653 37 24 the
464 3655 44 23 law
519 3660 25 18 at
558 3662 95 24 present

66 3708 4 10 t
83 3683 80 28 almosts
172 3693 104 27 suggests
286 3695 13 16 a
310 3687 78 24 debtor
398 3686 82 24 should
486 3688 69 32 adopt
566 3689 35 23 for
613 3689 38 24 the

82 3721 85 29 purpose
180 3722 26 24 of
219 3722 91 31 vexing,
330 3720 44 24 and
391 3720 135 31 ultimately,
544 3721 107 32 perhaps,

53 3771 1 5 ,
82 3748 121 39 defrauding
218 3755 36 24 his
272 3754 116 28 creditors,
407 3753 64 24 there
488 3753 21 24 is
527 3761 59 16 none
602 3755 50 24 that

81 3785 90 30 requires
190 3796 14 16 a
221 3796 61 16 more
301 3786 115 33 thorough
433 3786 84 24 reform
538 3786 56 24 than
613 3788 38 24 the

81 3821 74 24 system
167 3821 25 23 of
199 3821 105 31 pleading
314 3825 23 20 to
348 3821 96 24 actions.
481 3819 52 24 The
543 3820 71 29 rules,
626 3829 25 16 or

81 3852 21 19 at
112 3850 26 23 all
155 3859 74 19 events
246 3854 38 24 the
294 3854 100 31 practice
406 3854 25 23 of
439 3854 51 27 law,
502 3854 25 22 in
532 3852 60 30 .fact,
605 3854 47 24 will

82 3886 35 18 not
126 3883 59 25 allow
196 3895 13 15 a
220 3887 119 24 defendant
347 3892 23 19 to
380 3891 42 27 put
433 3887 24 23 in
468 3894 30 15 an
507 3887 82 22 honest
599 3887 53 30 plea

82 3915 19 20 to
112 3914 33 25 the
153 3918 117 30 plaintiff's
282 3920 145 24 declaration.
463 3920 140 31 Supposing,
616 3920 35 23 for

190 3952 37 24 the
237 3953 99 31 plaintiff
345 3960 52 16 sues
409 3953 47 24 him
468 3952 35 23 for
514 3953 81 29 £200,
608 3951 43 26 but

553 46 100 45 tEt)t
677 43 120 44 Tstto
823 38 217 47 Zmlanti
1058 42 195 48 4Bra?ttte
1277 43 92 40 aitb
1394 42 303 46 zmttUnqton
1723 37 255 51 Spectator.
