2550 4029
681 518 64 29 Hall,
765 519 44 22 and
829 522 36 18 set
886 525 32 23 up
940 517 37 23 his
1000 517 107 30 carriage.
1159 515 104 24 Another

680 550 85 30 knock,
782 550 45 24 and
846 550 48 23 Mr.
917 549 44 24 and
979 550 60 23 Mrs.
1051 549 144 24 Drummond
1206 555 57 16 were

680 583 141 24 annouueed.
869 582 164 31 Compliments
1045 581 138 32 exchanged,
1196 580 43 24 and
1250 588 14 15 a

679 617 81 31 pastile
771 616 87 31 lighted
870 616 29 30 by
913 616 60 23 Mrs.
987 615 126 24 Turnbull.

739 654 66 28 Well,
1006 653 48 23 said
1074 653 48 24 Mr.
1143 651 120 29 Turnbull,

706 687 59 23 what
776 695 37 15 are
826 687 61 23 coals
897 686 73 23 worth
983 693 50 16 now
1041 686 10 23 ?

738 727 48 23 Mr.
800 726 115 24 Turnbull
928 726 49 22 I've
984 729 40 27 got
1035 725 56 23 such
1099 733 29 15 an
1136 724 127 24 'eadiche."

714 764 58 24 This
784 773 45 15 was
843 765 25 22 of
884 772 78 15 course
975 772 13 15 a
1000 767 82 20 matter
1094 763 24 22 of
1129 763 134 23 condolence

678 797 59 24 from
761 798 30 22 all
812 802 99 26 present,
936 797 43 23 and
1000 805 13 15 a
1029 800 92 27 stopper
1136 804 61 23 upon
1216 794 45 24 Mr.

679 830 135 24 Turnbull's
827 835 93 26 tongue.

713 869 105 23 Another
830 869 114 30 sounding
956 877 40 22 rap
1004 868 43 23 and
1055 876 13 15 a
1076 875 77 23 pause.
1195 868 68 23 Mon-

679 902 61 23 sieur
752 902 44 23 and
808 902 109 23 Madame
929 902 26 22 de
969 901 125 31 Tagliabue
1107 902 90 29 coming

678 935 74 23 Enter
765 935 119 23 Monsieur
897 935 44 22 and
952 935 108 22 Madame
1080 933 26 24 de
1126 934 132 30 Tagliabue.

679 968 51 23 The
741 968 84 23 former
838 976 14 15 a
864 968 84 31 dapper
965 968 58 22 little
1042 967 151 28 Frenchman,
1211 966 51 23 with

679 1009 14 15 a
706 1006 51 18 neat
768 1002 49 30 pair
829 1002 26 22 of
870 1002 56 30 legs,
940 1001 43 22 and
995 1008 14 15 a
1027 1000 102 23 stomach
1147 1008 24 15 as
1191 999 69 23 round

679 1042 25 14 as
716 1042 13 15 a
740 1042 50 23 pea.
827 1034 108 23 Madame
947 1034 82 29 sailing
1040 1034 24 22 in
1074 1033 48 23 like
1130 1041 28 15 an
1166 1032 97 24 outward

678 1067 77 23 bound
774 1067 59 23 East
855 1067 127 28 Indiaman,
1005 1066 53 23 with
1078 1066 107 30 studding
1207 1065 54 23 sails

678 1100 72 22 below
764 1100 44 23 and
819 1101 45 22 and
876 1100 54 22 aloft
941 1109 5 19 ;
961 1108 25 14 so
998 1100 62 29 large
1077 1099 24 23 in
1119 1099 39 23 her
1177 1099 85 23 dimen-

678 1134 70 22 sions,
763 1133 49 23 that
823 1133 41 23 her
876 1133 105 23 husband
993 1132 73 30 might
1077 1132 27 23 be
1113 1131 117 31 compared
1241 1135 22 18 to

679 1166 37 23 the
727 1166 124 30 pilot-boat
863 1166 80 31 plying
954 1166 69 23 about
1036 1166 40 22 her
1087 1169 68 19 stern.

741 1204 98 23 Charme
853 1204 25 23 do
891 1211 55 16 vous
955 1204 56 28 voir,
1021 1203 107 24 Madame
1136 1202 126 24 Tombulle.

678 1237 65 24 Vous
755 1245 56 15 vous
823 1243 78 25 portez
915 1237 59 28 bien,
988 1237 58 23 nest
1059 1244 25 16 cc
1096 1244 40 23 pas
1144 1237 10 22 ?

816 1277 87 30 replied
924 1277 59 23 Mrs.
1004 1276 120 27 Turnbull,
1144 1276 49 22 who
1212 1275 51 23 thus

680 1309 124 24 exhausted
827 1310 41 23 her
896 1310 131 30 knowledge
1057 1309 26 23 of
1108 1309 37 22 the
1174 1309 89 22 French

678 1342 126 31 language;
817 1343 65 23 while
896 1343 37 23 the
946 1343 119 23 Monsieur
1084 1342 57 22 tried
1159 1343 23 21 in
1204 1342 57 27 vain,

678 1376 52 22 first
742 1383 28 15 on
782 1383 29 16 on
824 1376 55 28 side,
899 1376 44 23 and
955 1376 54 23 then
1020 1383 29 16 on
1058 1375 38 23 the
1109 1375 70 28 other,
1193 1382 21 15 to
1226 1379 38 25 get

680 1408 57 23 from
749 1408 72 24 under
834 1409 37 23 the
883 1409 35 23 lee
930 1410 25 22 of
970 1409 36 23 his
1019 1409 58 28 wife,
1096 1408 43 22 and
1150 1408 66 23 make
1230 1408 33 22 his

679 1441 57 23 bow.
779 1442 58 22 This
855 1450 44 15 was
918 1446 39 19 not
976 1441 165 31 accomplished
1159 1441 55 22 until
1227 1441 36 22 the

678 1474 52 31 lady
750 1474 45 23 had
819 1474 68 24 taken
910 1476 128 29 possession
1057 1474 25 23 of
1096 1482 14 15 a
1119 1474 54 28 sofa,
1191 1474 72 23 which

680 1507 40 23 she
731 1507 61 23 filled
804 1512 61 19 most
877 1508 157 30 comfortably.

713 1540 60 24 Who
796 1540 65 24 these
880 1541 78 30 people
984 1548 67 20 were,
1075 1540 44 23 and
1141 1540 49 23 how
1210 1540 53 30 they

680 1573 66 29 lived,
760 1574 13 23 I
785 1582 69 15 never
866 1574 66 23 could
941 1574 47 23 find
998 1578 53 24 out;
1074 1573 53 31 they
1144 1581 61 15 came
1216 1574 23 22 in
1252 1581 13 15 a

680 1607 32 30 fly
723 1607 57 23 from
793 1607 132 23 Brentford.

715 1641 103 23 Another
826 1644 189 20 announcement.
1133 1640 63 23 Lord
1204 1639 60 24 Bab-

681 1673 76 23 bleton
769 1674 43 22 and
826 1674 46 23 Mr.
887 1674 77 23 Smith
976 1674 90 30 coming
1169 1673 47 23 Mr.
1235 1672 28 24 T.

682 1714 55 23 prty
746 1714 29 23 go
787 1707 65 23 down
863 1707 43 23 and
917 1707 85 23 receive
1013 1707 36 23 his
1061 1706 108 31 lordship,
1190 1704 74 32 (there

682 1747 38 16 are
732 1745 43 18 two
788 1748 49 15 wax
850 1740 91 23 candles
951 1740 35 23 for
1003 1748 45 23 you
1067 1744 22 19 to
1104 1739 59 31 light
1181 1747 28 15 on
1229 1739 36 23 the

683 1772 46 23 hall
742 1773 66 28 table,
821 1773 44 23 and
877 1782 46 21 you
934 1778 61 18 must
1011 1773 59 23 walk
1086 1780 31 23 up
1134 1772 53 24 with
1204 1772 61 24 them

682 1806 76 23 before
770 1806 36 23 his
957 1806 50 23 said
1017 1806 38 23 the
1066 1806 61 31 lady,
1140 1804 82 33 aside.)

718 1844 61 23 "I'll
800 1844 29 23 be
849 1844 89 31 hanged
960 1844 21 23 if
1003 1844 13 23 I
1106 1844 84 31 replied
1218 1843 46 24 Mr.

683 1877 126 29 Turnbull;
850 1878 31 22 let
893 1878 37 23 the
943 1882 102 19 servants
1057 1877 60 31 light

741 1915 22 23 O
776 1915 47 23 Mr.
838 1916 113 22 Turnbull
965 1916 49 22 I've
1026 1916 58 22 such
1096 1923 28 15 an
1138 1914 127 24 'eadache!"

740 1949 31 22 So
782 1957 45 21 you
838 1957 51 22 may
994 1948 77 31 repled
1082 1948 48 23 Mr.
1140 1947 123 29 Turnbull,

672 1990 2 27 j
682 1982 79 29 sitting
772 1982 65 23 down
850 1982 121 30 doggedly.

716 2021 28 22 In
769 2021 36 23 the
825 2030 65 15 mean
914 2022 62 28 time,
1000 2022 47 23 Mr.
1070 2022 75 23 Smith
1168 2022 97 28 entered,

680 2053 92 30 leading
782 2054 65 22 Lord
858 2055 135 28 Babbleton,
1007 2063 13 14 a
1031 2055 45 29 boy
1097 2055 26 22 of
1145 2055 78 22 twelve
1242 2063 24 15 or

682 2086 97 23 thirteen
790 2094 66 22 years
867 2087 43 29 old,
924 2087 50 31 shy,
988 2087 120 29 awkward,
1122 2087 38 23 red
1181 2088 83 28 haired,

682 2119 43 23 and
748 2119 62 31 ugly,
836 2124 23 19 to
877 2121 73 22 whom
971 2120 47 24 Mr.
1040 2120 76 23 Smith
1136 2128 43 15 was
1197 2125 66 19 tutor.

685 2152 58 24 Mrs.
757 2153 29 23 T.
798 2153 46 23 had
855 2153 70 24 found
938 2158 39 19 out
988 2154 45 23 Mr.
1051 2154 82 27 Smith,
1153 2154 48 22 who
1221 2162 44 15 was

683 2186 99 31 residing
793 2194 56 15 near
861 2187 122 23 Brentford
998 2186 51 23 with
1060 2186 36 23 his
1115 2187 88 30 charge,
1222 2187 43 23 and

683 2218 63 23 made
755 2219 36 22 his
804 2220 161 30 acquaintance
979 2227 27 16 on
1016 2227 97 23 purpose
1133 2224 23 18 to
1176 2220 56 22 have
1252 2229 13 14 a

682 2252 49 23 lord
743 2260 29 14 on
784 2252 40 23 her
837 2253 93 31 visiting
942 2253 44 28 list,
1004 2253 51 28 and,
1078 2258 21 17 to
1121 2252 37 24 her
1176 2253 87 30 delight

683 2285 37 23 the
732 2285 75 23 leader
875 2290 38 19 not
926 2286 111 30 forgotten
1051 2291 22 18 to
1086 2286 65 30 bring
1164 2286 34 23 his
1210 2286 53 23 bear

683 2318 51 23 with
758 2318 56 24 him.
869 2319 59 23 Mrs.
956 2319 113 23 Turnbull
1090 2327 84 23 sprung
1193 2325 21 17 to
1227 2319 36 23 the

682 2351 54 23 door
758 2357 22 18 to
800 2352 86 23 receive
909 2352 69 28 them,
1002 2352 94 30 making
1118 2360 13 15 a
1153 2353 110 30 prepared
1270 2349 2 31 |

682 2389 104 26 courtsey
804 2389 22 19 to
844 2386 38 22 the
901 2386 162 22 aristocratical
1078 2386 51 27 cub,
1149 2386 43 22 and
1211 2386 52 23 then

682 2417 99 31 shaking
791 2418 48 23 him
851 2419 146 31 respectfully
1009 2419 29 30 by
1051 2419 38 23 the
1101 2419 66 27 hand,
1178 2419 85 22 "won't

682 2459 57 22 your
756 2451 102 31 lordship
875 2452 60 22 walk
951 2457 23 17 to
993 2452 37 22 the
1049 2452 42 23 fire
1100 2452 9 23 ?
1132 2452 54 22 isn't
1208 2460 56 22 your

680 2484 102 31 lordship
795 2485 49 22 cold
853 2485 10 22 ?
901 2485 10 23 1
924 2485 58 31 hope
993 2493 57 22 your
1062 2485 120 31 lordship's
1195 2490 36 25 sty
1242 2486 19 21 is

681 2517 72 23 better
765 2519 23 21 in
800 2526 57 22 your
868 2518 122 31 lordship's
1003 2526 48 23 eye.
1092 2518 75 23 Allow
1186 2526 35 15 me
1242 2522 22 19 to

680 2551 117 23 introduce
816 2556 23 18 to
858 2559 57 23 your
934 2551 122 31 lordship's
1066 2552 82 28 notice,
1162 2551 45 23 Mr.
1221 2552 43 22 and

681 2584 60 23 Mrs.
755 2584 81 23 Peters
872 2585 107 23 Madame
994 2585 43 23 and
1050 2585 140 23 Mounsheer
1202 2585 62 30 Tag-

680 2617 65 23 lebue
780 2618 48 23 Mr.
842 2618 45 23 and
899 2619 51 22 Mrs
967 2618 151 28 Drummond,
1136 2617 36 24 the
1193 2618 72 30 Right

681 2650 149 24 Honourable
847 2652 114 22 Viscount
1174 2652 35 22 As
1231 2652 33 22 for

682 2683 46 24 Mr.
742 2683 115 24 Turnbull
869 2685 42 22 and
924 2685 88 30 myself,
1033 2692 31 15 we
1080 2692 59 15 were
1158 2684 40 23 left
1217 2689 46 24 out,

680 2725 26 14 as
718 2718 118 30 unworthy
844 2718 25 23 of
878 2718 160 23 introduction.
1153 2725 37 15 are
1198 2718 65 30 ready

680 2750 35 23 for
725 2751 80 22 dinner
817 2751 48 23 Mr.

739 2784 99 28 Snobbs,
849 2789 38 26 get
901 2784 80 23 dinner
993 2784 87 23 dress'd
1092 2792 39 23 up,
1148 2784 48 23 said
1216 2784 45 23 Mr.

680 2817 31 23 T.
724 2822 22 18 to
760 2817 36 23 the
808 2817 87 24 butler.

739 2850 21 23 O
775 2850 47 24 Mr.
837 2851 38 29 T.,
890 2851 48 23 I've
950 2850 57 24 such
1017 2859 28 15 an

672 2883 2 26 I
716 2883 58 23 This
786 2883 44 23 last
838 2883 115 24 headache
970 2892 46 15 was
1034 2884 114 31 produced
1165 2885 30 29 by
1216 2884 46 23 Mr.

682 2916 30 23 T*
724 2916 126 31 forgetting
861 2918 97 28 himself,
972 2918 42 22 and
1035 2917 83 30 calling
1136 2918 37 22 the
1192 2918 73 22 butler

680 2949 31 30 by
734 2949 35 23 his
787 2951 48 22 real
854 2959 73 20 name,
950 2951 73 23 which
1041 2958 46 15 was
1106 2951 98 28 Snobbs,
1223 2951 42 23 but

682 2983 60 23 Mrs.
756 2983 115 24 Turnbull
882 2984 45 23 had
940 2984 100 23 resolved
1052 2984 49 23 that
1117 2984 18 23 it
1146 2984 80 23 should
1238 2984 26 23 be

682 3015 101 31 changed
812 3021 23 19 to
863 3015 125 25 Mortimer
1023 3025 24 15 or
1070 3017 76 23 rather
1167 3022 21 18 to
1212 3015 51 25 Mr.

683 3049 128 29 Mortimer,
824 3057 25 16 as
862 3050 37 23 the
912 3050 124 23 household
1047 3057 58 16 were
1124 3050 99 23 directed
1243 3055 21 18 to

683 3082 43 22 call
738 3082 46 23 him
795 3090 28 15 on
835 3083 54 30 pain
903 3083 24 22 of
943 3083 127 30 expulsion.

717 3114 91 24 Dinner
819 3123 46 15 was
875 3116 140 23 announced.
1052 3116 107 23 Madame
1172 3117 92 31 Taglia-

682 3148 52 28 bue,
753 3156 61 23 upon
832 3148 62 24 what
911 3153 105 26 pretence
1038 3149 13 23 I
1070 3149 67 23 know
1155 3154 46 25 not,
1221 3158 44 15 was

683 3181 131 24 considered
833 3182 38 23 the
894 3182 50 23 first
960 3182 52 31 lady
1028 3183 24 22 in
1075 3182 38 24 the
1132 3191 69 21 room,
1223 3183 43 24 and

682 3214 64 24 Lord
774 3215 129 23 Babbleton
930 3222 47 16 was
1005 3216 119 31 requested
1151 3217 31 30 by
1205 3217 58 23 Mrs.

683 3248 114 24 Turnbull
809 3253 21 19 to
841 3248 61 24 hand
913 3248 40 23 her
966 3249 72 24 down.
1082 3250 108 23 Madame
1207 3257 57 21 rose,

682 3281 54 24 took
746 3282 35 23 his
793 3282 124 31 lordship's
929 3281 68 30 hand,
1010 3282 42 24 and
1071 3283 38 23 led
1129 3283 47 23 him
1195 3291 68 22 away.

682 3315 84 24 Before
778 3315 52 31 they
842 3323 60 16 were
918 3320 39 19 out
969 3316 25 23 of
1009 3315 38 24 the
1059 3323 72 21 room,
1150 3316 36 23 his
1205 3316 60 24 lord-

683 3348 51 32 ship
743 3348 45 24 had
798 3349 149 30 disappeared
958 3356 84 23 among
1059 3348 38 24 the
1117 3350 71 31 ample
1208 3349 58 24 folds

682 3382 26 22 of
723 3381 129 24 Madame's
870 3390 78 23 gown,,
965 3382 45 23 and
1028 3389 45 16 was
1092 3390 54 16 seen
1164 3391 29 15 no
1205 3390 61 16 more

683 3415 58 23 until
752 3415 40 23 she
802 3415 78 32 pulled
897 3415 47 24 him
964 3420 40 18 out
1022 3423 30 15 on
1070 3415 59 23 their
1146 3416 82 23 arrival
1245 3420 22 18 at

683 3448 37 23 the
744 3448 162 24 dinner-table.
958 3449 35 23 At
1015 3448 45 23 last
1087 3456 33 15 we
1151 3457 58 16 were
1238 3449 28 23 all

682 3482 111 30 arranged
805 3482 121 31 according
938 3487 21 18 to
969 3482 60 23 Mrs.
1039 3482 135 24 Turnbull's
1183 3482 83 24 wishes

682 3515 109 30 although
802 3515 65 24 there
876 3523 58 16 were
943 3515 86 24 several
1037 3515 69 31 chops
1114 3515 45 24 and
1168 3516 98 30 changes

682 3548 76 29 about,
777 3549 59 22 until
855 3549 39 23 the
912 3548 66 24 order
997 3548 24 24 of
1041 3549 137 30 precedence
1202 3548 63 24 could

682 3581 28 23 be
722 3581 109 31 correctly
844 3582 117 23 observed.
1011 3581 20 24 A
1042 3582 92 23 French
1146 3582 58 23 cook
1223 3581 44 23 had

682 3615 57 23 been
762 3619 51 19 sent
833 3614 36 24 for
888 3615 31 31 by
939 3615 59 23 Mrs.
1021 3614 122 29 Turnbull,
1165 3615 44 23 and
1228 3619 39 19 not

682 3648 68 30 being
771 3649 102 22 mistress
893 3649 25 22 of
939 3649 38 22 the
995 3648 121 31 language,
1134 3648 40 23 she
1191 3648 46 23 had
1254 3656 13 14 a

682 3681 53 23 card
746 3681 54 23 with
812 3681 40 23 the
863 3689 80 15 names
955 3681 26 23 of
995 3682 38 22 the
1049 3681 77 23 dishes
1144 3686 23 18 to
1179 3680 86 24 refresh

682 3714 40 23 her
730 3722 110 23 memory.
877 3714 48 24 Mr.
935 3715 121 23 Mortimer
1064 3714 86 31 having
1157 3713 111 25 informed

681 3747 41 23 her
734 3747 48 23 that
794 3748 56 22 such
863 3755 46 15 was
920 3748 84 30 always
1019 3748 39 22 the
1079 3752 87 18 custom
1185 3754 83 23 among

681 3784 65 26 great
768 3781 88 30 people,
879 3781 50 23 who
952 3785 41 18 not
1015 3781 107 30 ordering
1138 3781 59 22 their
1219 3786 48 17 own

682 3812 99 29 dinners,
795 3814 25 22 of
835 3821 80 15 course
927 3814 66 22 could
1011 3817 40 19 not
1068 3814 40 22 tell
1125 3813 59 23 what
1204 3813 62 23 there

672 3847 2 30 I
681 3853 46 15 was
737 3850 23 18 to
772 3850 44 18 eat.

743 3877 59 24 Mrs.
827 3878 122 29 Turnbull,
974 3879 59 23 what
1061 3887 56 23 soup
1139 3879 56 24 have
1222 3885 44 23 you

682 3911 62 23 there
754 3911 10 23 ?

743 3943 132 31 Consummy
887 3952 64 23 soup,
970 3951 39 23 my
1028 3944 58 23 lord.
1123 3963 2 4 ,
1134 3944 56 23 Will
1210 3951 56 23 your

1288 513 102 30 lordship
1400 513 63 23 make
1473 519 39 16 use
1524 513 25 22 of
1557 512 49 23 that
1618 519 24 15 or
1655 511 44 23 this
1717 510 62 28 here,
1796 509 75 23 which

1289 547 20 22 is
1321 547 92 29 o'juss"

1324 579 47 23 His
1393 579 99 30 lordship
1513 578 84 28 stared,
1625 577 64 24 made
1710 584 29 15 no
1763 583 88 16 answer
1862 583 6 20 ;

1289 611 83 24 looked
1395 611 93 29 foolish;
1514 611 44 23 and
1581 611 48 23 Mr.
1644 610 128 31 ;Mortimer
1791 607 81 32 placed

1290 653 62 15 some
1364 653 55 22 soup
1437 644 76 23 before
1533 644 56 23 him.
1658 642 63 24 Lord
1745 641 125 24 Babbleton

1289 678 66 23 takes
1459 677 49 23 said
1520 677 47 23 Mr.
1582 676 75 24 Smith
1666 685 6 19 ;
1693 675 42 23 and
1755 675 38 23 the
1811 674 61 22 little

1289 710 62 31 right
1362 710 136 23 honourable
1511 715 43 23 ate,
1562 709 68 24 much
1638 714 22 19 to
1668 708 59 24 Mrs.
1736 707 136 24 Turnbull's

1289 744 146 23 satisfaction.

1350 777 113 29 Madame,
1475 776 28 23 do
1516 784 44 23 you
1572 783 56 23 soup
1637 776 9 23 ?
1660 783 24 15 or
1694 775 26 23 do
1732 781 45 24 you
1790 773 45 24 fish

1350 810 80 28 Merci,
1443 818 29 14 no
1484 818 57 22 soup

1348 842 70 24 Don't
1427 842 27 23 be
1465 842 78 28 afraid,
1552 842 101 23 madame
1661 850 5 18 ;
1680 841 67 22 we've
1757 848 14 15 a
1778 839 94 24 French

1290 875 56 23 cook
1356 884 6 20 ;
1380 883 43 22 you
1433 875 68 23 won't
1520 875 29 22 be
1562 874 110 31 poisoned
1787 872 86 31 replied

1290 908 60 24 Mrs.
1364 908 118 28 Turnbull,
1496 907 76 24 rather
1584 906 110 30 annoyed.

1351 942 125 27 Comment,
1495 949 39 15 ma
1545 940 66 23 chere
1622 939 108 29 madarae,
1745 939 12 23 I
1770 947 67 15 mean
1851 942 21 19 to

1290 982 47 23 say,
1353 975 37 22 dat
1400 975 13 22 I
1426 974 74 31 prefer
1513 973 26 23 de

1349 1008 47 23 Mr.
1408 1008 39 27 T.,
1461 1014 62 16 some
1534 1006 44 23 fish
1590 1006 34 23 for
1633 1006 110 23 raadame.
1779 1004 70 29 John,
1859 1013 14 14 a

1289 1040 63 23 clezn
1364 1041 57 31 plate
1432 1041 35 22 for
1485 1039 64 24 Lord
1565 1039 134 23 Babbleton.
1735 1038 71 23 What
1827 1037 45 23 will

1288 1081 57 22 your
1357 1074 99 30 lordship
1469 1072 140 24 condescend
1616 1077 23 18 to
1649 1071 61 23 make
1718 1079 39 14 use
1767 1072 23 22 of
1800 1079 51 15 now
1861 1071 10 24 ?

1289 1105 73 31 (Mrs.
1376 1107 111 22 Turnbull
1499 1105 97 31 thought
1608 1105 38 23 the
1654 1104 87 31 phrase,
1751 1104 63 23 make
1825 1111 46 22 use,

1290 1140 137 31 excessively
1438 1139 85 23 refined
1536 1139 43 23 and
1590 1138 97 30 elegant.

1348 1173 38 23 Ah
1395 1173 4 24 !
1413 1173 111 28 madame,
1532 1176 62 19 votre
1607 1171 85 24 cuisine
1704 1175 34 19 est

1291 1206 121 24 exclaimed
1425 1206 119 23 Monsieur
1563 1205 133 31 Tagliabue,
1716 1204 97 30 tucking
1834 1204 38 23 the

1291 1247 78 15 corner
1388 1239 23 23 of
1432 1239 35 23 his
1485 1239 87 30 napkin
1590 1239 47 22 into
1660 1237 36 23 his
1717 1236 153 29 button-hole,

1291 1272 43 23 and
1346 1272 94 31 making
1450 1273 156 30 preparations
1618 1272 34 22 for
1664 1270 73 31 filling
1755 1270 36 23 his
1813 1270 58 23 little

1291 1306 123 29 rotundity.

1437 1338 85 32 replied
1545 1338 60 23 Mrs.
1635 1336 121 25 Turnbull.
1809 1336 60 23 Mrs.

1291 1371 88 30 Peters,
1392 1372 45 22 will
1448 1380 44 22 you
1505 1376 34 25 try
1553 1371 37 23 the
1602 1370 51 23 dish
1665 1375 54 18 next
1730 1370 48 22 Mr.
1793 1370 77 22 Turn-

1291 1405 47 22 bull
1347 1406 10 23 ?
1393 1405 68 22 What
1470 1406 17 21 is
1496 1405 17 22 it
1522 1404 107 30 (looking
1638 1408 23 18 at
1669 1403 27 22 he
1705 1402 64 31 card)
1803 1402 68 30 Agno

1290 1441 60 27 roty.
1385 1437 55 23 Will
1449 1445 52 23 you,
1520 1445 37 22 my
1578 1437 48 22 lord
1636 1437 10 23 ?
1698 1436 25 22 If
1737 1443 56 22 your
1810 1435 62 23 lord-

1291 1471 50 31 ship
1354 1471 40 23 has
1412 1476 39 17 not
1467 1476 38 25 yet
1528 1474 39 26 got
1585 1470 47 22 into
1651 1477 54 23 your
1728 1468 91 23 French
1855 1469 18 22 it

1290 1512 79 16 means
1380 1508 60 19 roast
1451 1509 90 26 quarter
1554 1503 25 23 of

1351 1538 46 23 His
1410 1537 101 31 lordship
1531 1537 20 22 is
1569 1543 55 23 very
1642 1535 80 32 partial
1741 1539 22 18 to

1291 1570 49 23 said
1352 1570 47 24 Mr.
1413 1570 83 23 Smith.

1351 1604 46 23 Mr.
1411 1603 122 28 Turnbull,
1544 1610 62 15 some
1619 1602 59 23 lamb
1690 1603 34 22 for
1734 1601 62 23 Lord
1809 1601 63 23 Bab-

1291 1636 76 24 bleton
1379 1637 42 23 and
1431 1637 35 22 for
1478 1636 47 23 Mr.

1348 1670 102 30 Directly
1463 1677 37 23 my
1513 1669 61 24 dear.
1610 1668 61 23 Well
1681 1668 77 28 Jacob,
1772 1676 44 22 you
1826 1675 46 20 see,

1292 1704 65 22 when
1367 1703 13 23 I
1390 1711 43 15 was
1445 1703 51 23 first
1505 1707 60 19 mate

1349 1742 60 23 Dear
1422 1741 47 23 Mr.
1483 1740 112 24 Turnbull
1632 1740 49 23 I've
1692 1740 56 23 such
1761 1747 28 15 an
1811 1739 62 23 'ead-

1291 1775 63 22 ache.
1390 1775 36 22 Do
1438 1782 55 23 pray
1506 1778 39 19 cut
1557 1773 36 23 the
1605 1773 69 23 lamb.
1715 1772 93 29 (Aside)
1825 1772 47 23 Mr.

1292 1808 119 23 Mortimer
1423 1808 27 23 do
1463 1815 28 22 go
1505 1806 43 24 and
1559 1806 97 31 whisper
1665 1810 21 19 to
1698 1806 47 23 Mr.
1760 1805 115 24 Turnbull

1292 1841 48 23 that
1353 1841 12 23 I
1378 1841 42 30 beg
1431 1841 28 23 he
1472 1840 43 23 will
1528 1844 41 27 put
1580 1841 23 21 in
1614 1839 34 23 his

1352 1879 58 24 Mrs.
1425 1879 88 28 Peters,
1525 1878 77 31 you're
1615 1878 69 30 doing
1693 1878 103 29 nothing.
1826 1876 46 24 Mr.

1293 1912 126 29 Mortimer,
1438 1912 52 23 'and
1502 1912 72 23 round
1583 1911 37 23 the
1632 1911 48 22 side
1691 1911 83 27 dishes,
1787 1910 45 23 and
1844 1910 31 23 let

1293 1946 58 23 John
1363 1954 62 15 serve
1437 1950 39 18 out
1487 1945 38 23 the

1353 1979 57 23 Mrs.
1436 1978 88 27 Peters,
1548 1977 84 23 there's
1654 1985 14 15 a
1687 1977 71 22 volleu
1779 1980 53 19 vent
1854 1977 19 21 o'

1292 2015 100 20 it-eaters.
1428 2011 55 23 Will
1494 2018 45 23 you
1553 2010 66 24 make
1632 2018 39 16 use
1681 2010 23 23 of
1720 2018 61 14 some
1791 2018 5 20 ;
1812 2009 60 23 Mrs.

1293 2045 149 23 Drummond.
1467 2045 45 22 will
1535 2051 44 22 you
1602 2048 37 24 try
1657 2043 38 23 the
1713 2043 49 22 dish
1782 2043 91 29 coming

1292 2078 73 22 round
1374 2086 5 20 ;
1398 2079 18 22 it
1427 2078 19 22 is
1480 2077 32 23 let
1522 2084 37 15 me
1572 2083 37 15 see
1644 2077 17 21 it
1677 2076 19 22 is
1716 2074 60 24 chew
1788 2074 84 30 farcy.

1294 2111 42 30 My
1355 2111 60 23 Lord
1435 2110 134 28 Babbleton,
1586 2109 14 23 I
1623 2109 49 31 'ope
1696 2108 35 23 the
1748 2108 81 23 lamb's
1851 2111 22 21 to

1291 2152 59 21 your
1360 2144 70 30 liking
1438 2144 14 22 ?

1353 2177 121 23 Monshere
1504 2175 125 31 Tagliabue
1686 2175 107 28 William,
1823 2175 50 30 give

1293 2210 121 23 Monshere
1427 2218 13 14 a
1451 2210 63 22 clean
1527 2210 67 30 plate.
1631 2209 70 22 What
1710 2208 45 23 will
1763 2216 44 22 you
1821 2208 52 23 take

1348 2277 125 27 Vraiment,
1498 2276 109 28 madame,
1628 2279 49 20 tout
1698 2280 33 17 est
1753 2274 119 28 excellent,

1290 2310 96 30 superbe
1395 2311 3 22 !
1412 2311 26 22 Je
1449 2310 104 22 voudrois
1561 2309 125 23 embrasser
1697 2313 60 17 votre
1767 2308 106 22 cuisinier

1324 2344 55 22 e'est
1390 2351 28 15 un
1432 2344 78 22 artiste
1522 2350 85 15 comme
1621 2342 15 22 il
1649 2342 37 30 ny
1698 2349 11 15 a
1721 2349 40 22 pas
1771 2341 8 23 ?

1421 2376 84 31 replied
1519 2375 59 23 Mrs.
1590 2375 120 23 Turnbull.

1324 2410 50 22 The
1390 2410 48 22 first
1459 2417 78 15 course
1562 2417 44 14 was
1630 2408 102 23 removed
1742 2417 6 18 ;
1769 2407 42 23 and
1837 2407 36 22 the

1290 2443 90 28 second,
1393 2443 56 23 after
1458 2450 62 16 some
1533 2442 72 30 delay,
1615 2441 64 23 made
1687 2442 28 22 its
1723 2448 148 23 appearance.

1294 2476 25 22 [n
1331 2476 38 23 the
1381 2476 96 28 interim,
1492 2476 46 22 Mr.
1554 2475 120 23 Mortimer
1696 2474 87 23 handed
1799 2473 74 23 round

1291 2516 41 16 one
1345 2517 25 15 or
1383 2514 40 18 two
1432 2509 104 23 varieties
1550 2509 24 22 of
1589 2509 65 22 wine.

1513 2549 43 23 will
1575 2557 44 22 you
1637 2548 52 23 take
1705 2556 12 15 a
1736 2548 62 30 glass
1819 2547 53 23 with

1291 2590 35 15 me
1334 2583 9 23 1
1376 2583 45 23 said
1434 2582 46 23 Mr.
1496 2582 122 23 Turnbull.
1662 2582 12 23 I
1687 2582 49 23 hate
1750 2589 56 23 your
1819 2588 54 15 sour

1291 2615 91 24 French
1392 2617 76 22 wines.
1512 2615 55 23 Will
1578 2623 47 22 you
1636 2615 53 23 take
1701 2614 103 23 Madeira
1813 2614 10 23 ?
1859 2613 13 23 I

1291 2657 44 15 was
1353 2657 27 15 on
1398 2649 65 24 shore
1484 2654 23 18 at
1529 2648 104 23 Madeira
1653 2655 61 21 once,
1738 2647 35 23 for
1796 2655 13 14 a
1830 2646 42 23 few

1291 2682 76 29 hours,
1379 2683 61 23 when
1454 2683 11 22 I
1478 2690 45 15 was
1534 2681 75 23 before
1619 2681 38 23 the
1666 2685 65 24 mast,
1744 2681 22 22 in
1778 2680 38 23 the

1350 2723 46 23 Mr:
1409 2721 121 28 Turnbull,
1550 2721 49 23 I've
1618 2721 56 23 such
1692 2729 27 15 an
1740 2720 130 28 'eadache,"

1292 2756 59 23 cried
1362 2756 35 23 his
1407 2756 52 30 lady
1472 2756 22 21 in
1507 2763 28 15 an
1555 2762 70 23 angry
1647 2759 58 18 tone.
1749 2754 43 30 My
1813 2753 57 28 lord,

1292 2789 43 23 will
1347 2797 44 22 you
1402 2789 52 23 take
1473 2796 63 15 some
1548 2788 24 23 of
1594 2788 45 24 this
1649 2788 10 23 ?
1694 2788 17 22 it
1729 2787 18 23 is
1783 2795 13 15 a
1816 2787 54 30 ding

1291 2822 60 30 dong
1360 2822 69 23 o'turf
1461 2830 13 15 a
1485 2821 90 31 turkey,
1589 2829 37 21 my

1350 2855 44 23 His
1404 2855 100 31 lordship
1525 2855 20 22 is
1567 2855 55 22 fond
1645 2855 24 22 of
1824 2853 46 23 said

1292 2888 47 23 Mr.
1353 2889 82 22 Smith.

1325 2921 117 24 Monsieur
1454 2921 134 32 Tagliabue,
1601 2921 50 23 who
1661 2925 34 19 sat
1706 2928 28 16 on
1753 2920 37 23 the
1807 2920 65 25 other

1291 2954 25 23 of
1331 2955 59 23 Mrs.
1404 2955 38 29 T.,
1465 2955 70 23 found
1553 2954 49 23 that
1621 2954 37 23 the
1676 2954 81 30 turkey
1781 2961 45 15 was
1850 2954 22 23 in

1290 2993 91 26 request
1413 2989 19 22 it
1442 2996 45 15 was
1508 2996 61 14 some
1590 2988 54 22 time
1663 2987 76 23 before
1759 2987 28 23 he
1807 2987 66 22 could

1291 3021 52 31 help
1355 3021 96 24 himself.

1350 3054 61 24 C'est
1423 3054 96 31 superbe
1527 3055 5 22 !
1570 3054 49 22 said
1629 3053 117 23 Monsieur
1759 3053 116 30 thurstiug

1291 3095 14 14 a
1323 3088 76 22 truffle
1419 3088 48 22 into
1487 3087 37 22 his
1545 3087 87 22 mouth.

1292 3120 100 23 madame
1403 3121 81 22 n'aime
1497 3128 41 22 pas
1549 3120 23 22 la
1581 3120 85 22 cuisine
1678 3119 97 30 Anglais
1783 3119 10 23 ?

1419 3153 86 31 replied
1513 3153 59 23 Mrs.
1585 3151 120 24 Turnbull.
1767 3151 107 24 Madame

1291 3187 60 23 what
1363 3187 42 23 will
1426 3194 45 23 you
1488 3186 29 24 be
1754 3185 121 23 continued

1293 3221 59 22 Mrs.
1367 3221 28 22 T.

1350 3254 59 23 Tout
1421 3259 35 18 est
1466 3254 53 28 bon,
1717 3269 2 8 ,

1353 3286 45 30 Ye;
1412 3288 59 22 what
1478 3295 39 15 are
1527 3287 64 22 those
1600 3286 31 30 by
1638 3294 52 23 you,
1701 3285 47 24 Mr.

1291 3320 102 31 inquired
1402 3321 37 23 the
1451 3320 60 31 lady,
1524 3321 24 21 in
1557 3320 163 23 continuation.

1351 3354 12 23 I
1379 3355 70 30 really
1469 3357 82 20 cannot
1573 3353 89 29 exactly
1684 3360 38 22 say
1731 3361 6 19 ;
1757 3352 41 23 but
1823 3352 52 30 they

1292 3395 37 15 are
1341 3388 83 23 fritters
1438 3388 25 22 of
1477 3395 62 15 some

1351 3421 46 24 Let
1426 3429 37 14 me
1492 3428 38 15 see
1564 3419 46 24 hoh
1619 3419 5 23 !
1654 3419 61 23 bidet
1741 3418 30 23 dv
1800 3426 74 23 poms.

1292 3453 113 30 Madame,
1419 3454 47 22 will
1477 3461 45 23 you
1534 3458 36 18 eat
1581 3460 62 15 some
1656 3452 60 23 bidet
1728 3451 29 24 dv
1770 3459 65 23 poms
1844 3452 9 23 ?

1351 3487 119 26 Comment
1483 3487 114 27 Madame,
1611 3485 24 31 je
1646 3492 27 16 ne
1686 3492 53 16 vous
1753 3484 122 32 comprend

1292 3528 40 23 pas

1352 3587 118 23 Monsieur
1482 3586 134 31 Tagliabue,
1635 3584 118 32 expliquez
1774 3584 58 25 dong
1840 3593 7 19 ;

1292 3619 49 23 said
1353 3619 37 24 the
1401 3620 86 30 foreign
1499 3619 60 31 lady,
1572 3618 41 24 red
1625 3626 24 16 as
1662 3626 13 14 a
1684 3622 90 27 quarter
1783 3617 26 23 of
1814 3617 59 23 beef.

1525 3651 49 24 said
1593 3651 127 29 Monsieur,
1736 3650 96 30 looking
1853 3654 22 19 at

1292 3685 38 23 the
1343 3686 59 23 card.
1515 3685 54 23 c'est
1581 3684 138 31 impossible,
1731 3692 39 15 ma

1293 3719 118 25 continued
1421 3719 28 23 he
1458 3718 111 31 laughing
1640 3716 106 25 Madame
1760 3715 115 24 Turnbull

1292 3759 26 15 se
1329 3753 111 30 trorapoit,
1458 3752 43 24 elle
1520 3751 104 26 voudroit
1642 3750 47 24 dire
1708 3749 108 31 Beiynets
1837 3748 38 22 dcs

1427 3823 92 19 trouvez
1531 3822 64 18 notre
1613 3817 81 30 langue
1714 3815 46 23 fort
1775 3813 99 29 difficile,

1292 3851 59 23 nest
1363 3859 78 23 cc.pas
1449 3852 10 23 ?
1504 3850 121 23 continued
1641 3849 110 26 madame,
1770 3847 48 22 who
1838 3854 37 17 re-<

1293 3884 93 24 covered
1397 3885 40 23 her
1448 3883 58 32 good
1518 3883 105 28 humour,
1640 3881 45 24 and
1700 3880 79 25 smiled
1799 3879 76 31 graci-

1294 3917 65 31 ously
1371 3922 23 18 at
1405 3918 60 23 Mrs.
1478 3917 30 23 T.
1601 3937 3 6 ,

1428 3949 85 33 replied
1531 3949 59 23 Mrs,
1611 3945 119 29 Turnbull,
1752 3944 50 25 who
1823 3952 52 24 per-

1900 508 76 23 ceived
1987 508 48 23 that
2047 508 40 23 she
2103 508 45 24 had
2159 508 65 24 made
2236 514 63 16 some
2310 508 98 21 mistake
2416 515 6 19 ;
2437 508 45 21 and

1899 548 45 16 was
1967 541 119 30 anxiously
2110 542 104 30 awaiting
2243 541 38 23 the
2308 540 63 22 issue
2391 538 25 24 of
2443 538 39 24 the

1900 573 109 31 dialogue.
2055 574 24 23 It
2101 574 52 28 had,
2176 575 110 27 however,
2312 573 38 22 the
2371 572 65 23 effect
2458 572 27 22 of

1899 607 25 23 of
1937 607 112 29 checking
2068 607 59 23 Mrs.
2150 607 38 28 T.,
2200 606 51 24 who
2274 606 48 24 said
2340 605 58 23 little
2417 613 64 15 more

1899 639 82 31 during
1992 639 38 23 the
2042 640 79 22 dinner
2129 639 43 23 and
2183 640 95 23 dessert.

1931 672 35 24 At
1983 672 45 23 last
2046 672 38 23 the
2103 672 70 22 ladies
2190 681 50 14 rose
2258 672 56 23 from
2334 672 39 24 the
2384 672 97 28 dessert,

1900 706 42 22 and
1954 705 42 23 left
2006 705 38 23 the
2053 705 129 30 gentlemen
2200 709 24 19 at
2240 705 38 23 the
2296 705 59 23 table
2364 714 5 20 ;
2389 705 41 23 but
2448 712 37 15 we

1900 746 57 15 were
1966 738 156 31 notpermited
2132 742 22 19 to
2162 738 87 22 remain
2256 737 61 32 long,
2325 738 76 23 before
2411 737 71 23 coffee

1900 779 45 15 was
1957 771 139 29 announced,
2110 771 44 22 and
2165 778 33 16 we
2211 774 59 19 went
2286 776 31 25 tip
2330 771 74 23 stairs.
2458 770 25 24 A

1900 806 85 28 variety
1999 804 24 23 of
2033 802 91 25 French
2134 804 101 30 liqueurs
2244 811 57 15 were
2308 804 87 23 handed
2405 804 77 28 about,

1900 837 43 23 and
1955 837 90 31 praised
2054 837 30 30 by
2094 837 31 23 all
2141 837 37 23 the
2196 844 120 23 company,
2337 841 79 26 except
2432 836 50 24 Mr.

1900 870 123 28 Turnbull,
2037 870 48 23 who
2096 869 93 24 ordered
2202 877 14 15 a
2231 869 62 31 glass
2314 869 25 23 of
2354 869 86 31 brandy
2458 877 25 15 as

1900 912 13 14 a
1923 903 87 23 settler.

2025 936 47 23 Mr.
2087 935 120 29 Turnbull,
2228 935 49 24 I've
2295 935 56 23 such
2369 943 27 15 an
2421 934 60 25 'ead-

1900 969 54 23 ache
1965 969 4 24 !

1932 1002 68 24 After
2023 1002 56 29 that,
2102 1002 38 23 the
2157 1006 66 27 party
2241 1002 92 23 became
2351 1009 54 23 very
2425 1001 56 24 dull.

1900 1035 63 24 Lord
1975 1035 128 24 Babbleton
2115 1035 39 23 fell
2165 1035 75 31 asleep
2254 1042 29 16 on
2294 1034 38 24 the
2340 1035 55 23 sofa.
2433 1034 48 24 Mr.

1901 1069 79 24 Peters
1992 1069 87 22 walked
2091 1069 72 22 round
2181 1069 37 22 the
2236 1076 64 15 room
2317 1068 112 31 admiring
2445 1068 39 23 the

1898 1103 101 30 pictures
2007 1111 6 20 ;
2042 1102 44 22 and
2115 1102 84 30 asking
2221 1102 39 22 the
2288 1109 78 16 names
2394 1102 26 22 of
2444 1102 38 22 the

1900 1140 103 19 masters.

1957 1169 12 23 I
1983 1168 69 31 really
2061 1169 61 30 quite
2129 1168 81 30 forget;
2221 1168 41 23 but
2270 1168 47 23 Mr.
2329 1168 153 28 Drummond,

1899 1202 77 30 you're
1988 1209 14 15 a
2009 1202 71 30 judge
2093 1201 25 23 of
2133 1200 114 33 paintings
2260 1201 14 23 I
2286 1201 62 24 hear.
2385 1201 59 23 Who
2456 1201 28 23 do

1898 1243 44 22 you
1952 1235 66 23 think
2030 1235 45 23 this
2084 1235 21 23 is
2117 1234 90 31 painted
2218 1235 30 30 by
2256 1235 10 23 1
2301 1234 49 23 said
2367 1234 36 23 the
2421 1234 61 31 lady,

1898 1269 105 29 pointing
2025 1272 21 19 to
2078 1276 13 14 a
2119 1276 53 22 very
2201 1268 95 22 inferior
2317 1267 165 31 performance.

1923 1301 43 23 I'm
1980 1305 39 19 not
2030 1302 62 29 quite
2105 1309 65 20 sure;
2185 1300 41 23 but
2239 1300 12 23 I
2263 1300 68 23 think
2343 1301 17 22 it
2368 1301 19 22 is
2394 1300 55 24 Van

1898 1334 53 23 Van

1958 1368 12 22 I
1995 1366 80 24 should
2098 1366 65 23 think
2185 1375 25 14 so
2321 1367 85 30 replied
2432 1367 49 23 Mr.

1900 1400 142 24 Drummond
2054 1400 60 30 drily
2124 1409 6 20 ;
2229 1399 57 24 have
2302 1408 13 15 a
2333 1405 63 25 great
2414 1408 70 22 many

1900 1434 98 30 pictures
2007 1434 23 22 in
2042 1433 110 30 England
2162 1434 30 29 by
2201 1433 38 23 the
2251 1441 61 15 same

1933 1467 51 23 The
2006 1466 90 23 French
2118 1467 129 30 gentleman
2266 1466 112 32 proposed
2397 1471 87 24 ecarte,

1900 1500 40 23 but
1951 1508 29 15 no
1993 1507 41 16 one
2047 1499 66 23 knew
2132 1500 49 23 how
2202 1504 21 18 to
2242 1499 54 31 play
2310 1500 19 23 it
2347 1505 80 25 except
2446 1500 38 23 his

1900 1533 58 28 wife,
1972 1533 49 23 who
2032 1537 35 19 sat
2077 1533 65 23 down
2154 1533 52 23 with
2219 1532 47 23 him
2279 1537 22 19 to
2308 1540 54 24 pass
2372 1540 63 24 away
2444 1533 38 23 the

1900 1568 62 21 time.
2009 1566 51 23 The
2077 1566 70 23 ladies
2159 1565 120 24 sauntered
2291 1566 69 23 about
2367 1566 37 23 the
2411 1574 71 21 room,

1900 1599 128 31 lookingat
2040 1599 37 23 the
2090 1604 102 18 contents
2202 1599 25 23 of
2242 1599 39 23 the
2298 1599 80 23 tables.
2421 1599 61 24 Mrs.

1901 1633 80 24 Peters
2005 1632 149 31 occasionally
2187 1631 90 31 talking
2305 1632 24 23 of
2362 1632 121 25 Petercum

1903 1666 56 23 Hall
1967 1675 6 19 ;
2000 1665 46 24 Mr.
2070 1665 76 23 Smith
2166 1665 80 31 played
2267 1670 22 18 at
2309 1666 102 31 patience
2428 1667 25 22 in
2470 1674 14 15 a

1901 1707 94 19 corner;
2014 1699 48 23 Mr.
2075 1698 112 23 Turnbull
2211 1698 43 23 and
2274 1698 47 24 Mr.
2339 1699 145 23 Drummond

1901 1737 35 19 sat
1947 1733 24 23 in
1983 1741 14 14 a
2007 1740 82 16 corner
2101 1733 24 22 in
2136 1732 58 23 close
2207 1733 155 22 conversation
2372 1741 6 20 ;
2391 1732 45 23 and
2446 1732 48 23 the*

1901 1766 51 31 lady
1976 1766 25 23 of
2027 1766 37 23 the
2087 1765 70 23 house
2181 1765 89 23 divided
2293 1765 40 24 her
2352 1766 130 28 attentions,

1901 1800 99 29 running
2010 1798 58 24 from
2077 1806 42 16 one
2136 1803 21 19 to
2167 1798 38 23 the
2218 1798 71 28 other,
2300 1798 44 24 and
2353 1799 133 30 requesting

1901 1832 61 23 them
1985 1836 40 19 not
2042 1837 22 18 to
2083 1832 50 24 talk
2148 1839 24 16 so
2188 1832 54 22 loud
2258 1839 25 15 as
2303 1836 21 18 to
2348 1831 78 24 awake
2446 1831 39 23 the

1901 1865 73 31 Right
1987 1865 148 23 Honourable
2146 1865 60 23 Lord
2220 1865 114 23 Viscount
2347 1865 136 23 Babbleton.

1901 1898 32 23 At
1943 1899 45 22 last
2000 1898 37 23 the
2049 1898 99 23 vehicles
2160 1905 57 16 were
2229 1897 140 29 announced,
2389 1898 44 23 and
2446 1898 38 23 the

1901 1932 138 23 fashionable
2061 1937 65 26 party
2148 1931 70 23 broke
2239 1938 38 23 up,
2307 1930 68 24 much
2401 1935 23 19 to
2448 1930 38 23 the

1901 1965 139 23 satisfaction
2052 1965 25 22 of
2093 1972 65 22 every
2169 1964 68 30 body,
2250 1963 45 24 and
2306 1968 22 19 to
2345 1971 59 16 none
2423 1972 63 15 more

1901 1998 52 23 than
1964 1998 89 31 myself.
2089 1997 71 23 Jacob
2172 1996 108 31 Faithful
2294 1996 22 24 in
2335 1996 38 23 the
2391 1994 93 26 Metro-

1896 2031 90 31 politan
1999 2029 134 33 Mayazine.

2012 2074 24 23 A
2061 2073 181 24 FRIENDLY
2269 2072 97 24 HINT.

1934 2106 51 24 The
2004 2106 115 31 following
2136 2107 93 30 petition
2274 2111 22 18 to
2308 2114 44 23 pay
2364 2105 37 23 the
2420 2106 64 31 prin-

1900 2144 33 19 ter
1967 2147 53 23 may
2031 2140 28 23 be
2071 2139 55 23 read
2138 2142 48 21 200
2197 2147 62 23 ways
2278 2139 95 23 without
2388 2138 98 32 altering

1900 2173 37 23 the
1950 2173 94 30 original
2058 2172 81 29 words,
2157 2173 126 30 beginning
2295 2172 53 24 with
2367 2172 37 23 the
2416 2172 68 22 letter

1901 2206 54 23 Pin
1969 2206 37 23 the
2018 2212 75 17 centre
2103 2215 5 19 ;
2129 2206 42 23 and
2184 2207 16 22 it
2213 2207 19 22 is
2245 2205 72 32 hoped
2337 2213 41 16 our
2391 2205 92 23 readers

1900 2239 45 23 will
1967 2239 47 23 find
2038 2247 29 15 no
2090 2239 110 31 difficulty
2223 2240 23 22 in
2269 2239 96 30 making
2383 2231 101 31 out^the

1900 2272 87 31 puzzle,
2001 2280 24 15 as
2038 2280 32 15 we
2082 2272 90 31 publish
2185 2273 17 22 it
2211 2272 50 32 just
2273 2277 23 18 at
2307 2272 38 23 the
2358 2271 125 32 expiration

1901 2306 25 23 of
1940 2306 38 22 the
1990 2310 89 26 quarter
2090 2314 6 16 ;;

2227 3168 125 32 Liverpool
2364 3166 122 32 Mercury.

1935 3203 47 29 *,*
1992 3203 45 24 We
2049 3203 91 24 wonder
2152 3203 48 23 how
2212 3210 69 23 many
2293 3203 24 23 of
2333 3210 40 16 our
2385 3201 101 24 subscri-

1902 3236 52 24 bers
1966 3237 45 26 will
2023 3237 54 23 take
2089 3238 38 22 the

1936 3275 80 24 From-
2030 3275 84 24 March
2138 3275 23 24 of
2188 3282 42 16 one
2252 3281 62 24 year,
2338 3278 23 18 to
2378 3272 69 32 April
2462 3272 24 23 in

2038 3309 102 28 another,

1936 3342 66 23 Each
2014 3342 78 23 reader
2101 3346 61 19 must
2174 3341 37 23 the
2224 3340 72 23 words
2308 3339 133 28 remember,

1936 3375 84 23 Which
2033 3381 22 19 to
2068 3375 61 23 them
2143 3374 25 23 do
2181 3382 25 15 so
2219 3374 60 22 often
2292 3380 47 23 say,

1937 3408 30 24 In
1978 3408 66 23 novel
2055 3407 74 29 mode,
2166 3407 50 23 The
2227 3407 87 30 printer

1936 3442 156 24 Amusement'
2099 3441 44 22 and
2154 3440 135 23 instruction
2301 3438 57 23 kind

1936 3475 54 23 You
2004 3475 21 22 in
2037 3475 36 25 his
2085 3481 69 23 paper
2165 3473 84 29 always
2260 3471 48 24 find
2317 3480 5 15 :

1938 3508 75 23 There
2025 3508 87 28 foreign
2125 3506 42 23 and
2180 3506 110 24 domestic
2301 3513 62 16 news

1936 3541 50 23 The
1999 3540 115 31 politici.m
2126 3546 50 23 may
2188 3546 82 25 peruse

1937 3574 50 23 The
2000 3573 69 23 ladies
2079 3572 42 23 fair
2134 3572 53 23 fond
2199 3572 57 23 tales
2268 3572 25 23 of
2308 3572 58 28 love,

1936 3607 71 23 Their
2018 3605 79 24 tender
2109 3605 138 32 sympathies
2261 3610 23 18 to
2296 3613 73 16 move.

1937 3640 49 23 The
1999 3640 89 27 farmer,
2102 3643 45 25 too,
2159 3647 52 22 may
2223 3639 64 23 there
2298 3638 89 28 behold,

1937 3673 62 23 How
2009 3672 84 29 butter,
2107 3677 55 24 oats,
2176 3673 44 23 and
2231 3672 48 24 flax
2292 3680 37 15 are
2338 3670 49 25 sold
2395 3679 7 20 ;

1936 3706 65 28 Beef,
2013 3705 67 31 pork,
2093 3704 43 24 and
2149 3710 97 24 mutton,
2259 3706 34 23 fat
2304 3713 25 15 or
2339 3705 59 27 lean,

1937 3739 39 23 He
1987 3739 58 23 from
2056 3739 39 23 the
2107 3738 155 25 market-note
2274 3746 41 16 can
2327 3737 74 31 glean.

1936 3772 67 23 Then
2015 3772 66 26 while
2093 3772 54 31 they
2159 3772 29 23 all
2200 3772 129 31 enjoyment
2340 3769 54 29 find,

1936 3805 46 23 Let
1993 3805 61 24 them
2066 3810 79 18 return
2157 3805 37 24 the
2206 3805 59 30 good
2275 3805 25 22 in
2311 3802 56 24 kind
2380 3810 6 19 ;

1935 3838 57 24 And
2003 3847 49 15 now
2064 3838 39 24 the
2115 3846 52 24 year
2179 3839 20 22 is
2211 3842 24 19 at
2246 3845 29 16 an
2288 3836 50 28 end,

1936 3871 52 25 The
2001 3878 193 21 subscriptions
2207 3875 21 18 to
2241 3870 39 23 the
2290 3870 86 30 printer
2388 3867 65 24 send.

2241 3901 140 25 Printer's
2392 3901 94 26 Deyii..

1906 3937 95 25 Gazette
2013 3939 81 27 Office,
2108 3937 67 31 April
2190 3939 19 26 1.
2227 3936 74 26 1843,

885 50 787 77 SUPPLEMENT

1195 185 53 30 TO
1270 184 87 30 THE

77 273 208 59 NEW
312 270 427 57 ZEALAND
769 267 408 57 GAZETTE
1202 265 57 55 &
1275 261 627 58 WELLINGTON
1931 256 548 59 SPECTATOR.

802 425 111 30 PORT
934 423 256 36 NICHOLSON,
1213 421 234 37 SATURDAY,
1469 421 122 30 APLIL
1616 425 26 31 1,
1670 421 87 29 1843.

224 525 22 22 A
263 525 81 22 FINE
364 524 144 23 DINNER.

180 610 54 15 soon
246 611 23 14 as
286 602 48 24 Mr.
351 601 116 24 Turnbull
485 608 45 15 was
555 598 97 28 dressed,

75 637 29 23 he
116 641 59 18 went
186 635 61 24 down
260 637 46 22 into
327 635 37 23 the
386 634 181 29 drawing-room,
580 631 74 23 which

76 677 44 15 was
143 668 102 24 crowded
262 668 51 23 with
334 668 80 27 tables,
431 666 80 23 loaded
522 665 52 23 with
587 672 66 22 every

75 703 86 29 variety
172 702 24 23 of
212 700 137 25 ornamental
368 700 89 23 artcles.
534 698 57 23 Now
608 697 44 23 this
660 698 2 42 j

75 736 20 22 is
115 735 60 23 what
196 743 39 22 my
254 734 50 23 wife
324 733 55 22 calls
402 731 148 24 fashionable.
602 730 51 23 One

75 768 72 30 might
161 776 24 15 as
196 767 49 23 well
255 768 28 22 he
293 766 101 29 steering
405 764 98 30 through
516 771 28 16 an
559 764 34 22 ice
610 763 43 22 floe

75 809 24 15 as
111 806 22 17 to
146 805 35 25 try
193 804 23 19 to
229 808 59 15 come
302 804 21 17 to
336 806 28 15 an
383 797 85 23 anchor
486 797 55 23 here
560 796 93 23 without

74 834 100 29 running
183 833 48 23 foul
243 832 22 23 of
279 831 137 30 something.
454 830 42 23 It's
509 830 58 23 hard
576 836 14 15 a
598 832 56 28 port

75 874 24 15 or
110 865 60 23 hard
184 873 13 15 a
215 864 119 24 starboard
355 871 67 23 every
445 864 86 22 minute
541 872 5 19 ;
570 862 45 23 and
637 862 19 22 if

74 907 55 22 your
149 897 100 24 coat-tail
262 896 69 30 jibes,
356 904 62 23 away
442 903 53 23 goes
519 895 133 29 something,

74 931 42 24 and
134 931 111 22 whatever
261 931 17 22 it
301 930 19 22 is
339 930 50 22 that
407 929 110 28 smashes,
543 928 59 23 Mrs.
623 928 27 23 T.

75 964 79 30 always
167 971 80 16 swears
258 964 17 22 it
287 971 45 14 was
344 963 39 23 the
395 965 59 20 most
469 961 103 23 valuable
589 961 65 31 thing

73 999 23 21 in
109 997 36 23 the
156 1004 70 15 room.
262 996 44 23 I'm
316 995 47 24 like
374 1004 14 14 a
398 995 49 23 bull
457 995 23 23 in
487 1003 14 15 a
508 994 142 31 china-shop.

75 1030 49 23 One
137 1029 96 23 comfort
243 1030 25 28 is,
283 1029 47 23 that
351 1029 13 23 I
384 1036 69 15 never
478 1035 62 16 come
559 1028 22 21 in
600 1027 52 23 here

75 1067 78 26 except
163 1062 66 22 when
240 1062 82 23 there's
332 1070 118 23 company.
494 1060 93 28 Indeed,
608 1060 44 22 I'm

75 1100 38 19 not
125 1095 100 28 allowed,
244 1095 71 22 thank
335 1095 61 23 God.
442 1095 36 22 Sit
497 1102 28 15 on
549 1102 12 14 a
583 1093 67 28 chair,

75 1129 74 28 Jacob,
163 1136 41 16 one
217 1128 25 22 of
249 1128 64 22 those
325 1128 136 30 spider-like
471 1127 89 23 French
567 1126 83 30 things;

72 1162 35 23 for
118 1169 38 23 my
167 1160 50 24 wife
230 1161 64 22 won't
306 1161 65 22 allow
391 1160 85 29 blacks,
497 1168 25 15 as
539 1160 38 22 she
598 1159 54 23 calls

74 1195 68 28 them,
156 1199 21 18 to
190 1202 59 15 come
262 1198 22 18 to
297 1202 29 14 an
334 1194 84 22 anchor
429 1201 59 23 upon
496 1193 40 23 her
544 1192 108 31 sky-blue

74 1228 44 22 silk
137 1227 68 23 sofas.
250 1227 60 23 How
330 1227 77 31 stupid
429 1231 22 18 to
470 1226 57 23 have
543 1226 110 22 furniture

74 1261 47 23 that
133 1260 62 23 one's
209 1263 38 20 not
257 1265 22 18 to
300 1259 68 24 make
388 1267 39 15 use
447 1259 35 24 of!
537 1258 58 23 Give
618 1266 35 15 me

75 1294 93 23 comfort
177 1302 5 19 ;
196 1293 42 23 but
245 1293 17 23 it
271 1301 94 23 appears
377 1292 68 23 that's
454 1296 39 19 not
502 1297 23 18 to
533 1292 27 23 be
568 1291 86 32 bought

73 1327 34 23 for

108 1361 42 22 Six
167 1359 83 23 o'clock
269 1367 45 15 was
332 1367 50 15 now
404 1367 53 16 near
476 1363 23 18 at
521 1358 66 28 hand,
610 1357 44 23 and

76 1393 57 23 Mrs.
147 1392 110 24 Turnbuli
270 1392 90 23 entered
378 1392 38 23 the
433 1392 183 30 drawing-room,
631 1391 21 22 in

75 1426 40 23 full
125 1426 70 23 dress.
233 1425 42 24 She
286 1425 106 30 certainly
405 1434 44 14 was
461 1433 14 14 a
483 1432 54 23 very
545 1425 107 23 hansome

75 1467 93 21 woman,
182 1459 44 23 and
236 1459 42 23 had
294 1467 68 22 every
382 1465 138 25 appearance
540 1458 25 23 of
586 1457 68 31 being

73 1492 140 23 fashionable
222 1501 6 20 ;
247 1492 40 23 but
304 1493 19 22 it
339 1499 50 15 was
407 1492 40 23 her
459 1492 110 29 language
581 1490 72 23 which

75 1525 98 31 exposed
184 1525 49 23 her.
257 1525 45 23 She
312 1533 46 15 was
369 1524 47 23 like
426 1525 38 22 the
476 1524 106 30 peacock.
618 1524 35 23 As

74 1558 54 30 long
140 1566 24 14 as
177 1558 40 23 she
229 1565 42 16 was
289 1559 67 22 silent
372 1566 45 22 you
436 1557 65 25 could
518 1557 42 23 but
570 1557 84 23 admire

76 1590 37 23 the
125 1591 113 30 plumage,
249 1591 40 23 but
300 1592 41 22 her
347 1592 63 22 voice
419 1591 67 31 spoilt
494 1590 38 23 all.
589 1590 64 28 Now,

76 1624 46 23 Mr.
284 1625 48 22 said
342 1624 49 26 she,
429 1624 13 23 I
450 1624 56 22 wish
518 1629 22 17 to

76 1662 21 17 to
109 1665 44 23 you
166 1657 48 23 that
233 1657 59 23 there
311 1665 38 15 are
369 1658 85 22 certain

76 1691 23 22 in
116 1698 56 22 your
191 1690 120 23 behaviour
332 1690 75 23 which
426 1690 12 22 I
459 1694 81 18 conuot
558 1694 41 27 put
610 1689 45 30 Aup

77 1723 59 28 with,
148 1723 143 31 particularly
303 1723 49 23 that
363 1723 42 23 Aof
415 1723 89 30 talking
516 1723 67 22 about
592 1723 64 22 when

76 1764 43 22 you
132 1764 57 14 were
200 1756 74 23 before
287 1756 38 24 the

134 1789 68 28 Well,
215 1797 35 23 my
263 1789 59 28 dear,
336 1790 20 22 is
372 1789 49 23 that
440 1797 42 21 any
502 1789 65 30 thing
587 1792 22 19 to
630 1789 27 22 be

76 1822 107 24 ashamed
195 1822 24 23 of
226 1823 9 22 ?

135 1855 55 28 Yes,
204 1855 45 24 Mr.
270 1856 121 28 Turnbull,
412 1856 49 23 that
479 1855 34 24 his
549 1863 40 16 one
608 1855 48 23 Aal-

78 1896 58 23 ways
149 1888 65 23 sinks
224 1888 58 24 them
295 1897 36 15 ere
342 1890 136 30 perticulars
490 1890 24 22 in
526 1888 130 24 fashonable

77 1923 92 28 society.
216 1922 33 22 To
268 1922 146 30 *>tuperate
433 1923 24 22 in
481 1930 108 22 company
610 1922 47 23 ant

76 1954 108 31 pleasant,
198 1954 42 23 and
252 1953 59 25 J7ive
332 1956 97 29 thought
442 1956 24 22 of
481 1963 13 14 a
513 1956 52 29 plan
583 1955 73 23 which

76 1996 51 22 may
138 1987 51 24 hact
201 1996 25 15 as
238 1996 25 14 an
442 1994 20 17 to
471 1996 56 22 your
535 1987 118 31 vulgarity.

76 2020 124 29 Recollect,
224 2020 44 23 Mr.
293 2021 39 28 T.,
357 2021 133 24 whenever
515 2021 12 23 I
549 2029 39 22 say
608 2021 48 23 that

73 2051 66 25 Jilve
151 2062 29 14 an
191 2053 114 28 i?adache,
318 2054 38 22 it's
369 2058 22 18 to
402 2054 27 22 be
443 2062 14 14 a
468 2055 51 29 sign
532 2059 22 17 to
569 2060 45 23 you
634 2058 21 18 to

77 2086 34 23 old
122 2094 57 22 your
191 2091 80 26 tongue
281 2095 6 19 ;
309 2086 44 23 and
372 2086 47 23 Mr.
440 2086 39 28 T.,
499 2086 103 30 Aoblidge
621 2095 35 14 me

76 2120 26 29 by
116 2120 98 29 wearing
224 2119 38 23 kid
273 2119 78 31 gloves
363 2120 31 22 all
406 2119 37 23 the

134 2152 76 28 What,
224 2157 21 18 at
256 2152 79 23 dinner
348 2153 63 28 time,
424 2161 38 21 my
475 2153 69 22 dear?

134 2185 55 28 Yes,
202 2191 23 17 at
237 2185 76 23 dinner
327 2186 56 23 time
393 2195 5 19 ;
418 2194 57 22 your
487 2186 64 22 'ands
563 2193 36 15 are
618 2190 39 18 not

77 2219 25 22 fit
116 2224 20 17 to
149 2219 28 22 be

205 2252 12 22 I
226 2252 102 23 recollect
338 2252 64 23 when
415 2260 43 23 you
473 2252 95 30 thought
580 2252 74 22 other-

135 2318 81 28 When,
233 2318 42 23 Mr.
300 2318 29 23 T.
339 2318 9 23 ?
374 2319 47 22 'avc
442 2319 12 22 I
474 2323 39 18 not
532 2318 59 23 often
610 2318 46 22 told

76 2359 43 22 you
132 2359 25 14 so
166 2352 9 22 ?

134 2384 55 28 Yes,
213 2384 65 31 lately
289 2394 5 19 ;
316 2385 42 23 but
379 2385 13 23 I
407 2385 99 23 referred
519 2389 21 19 to
555 2384 34 23 the
602 2385 53 22 time

76 2417 63 23 when
152 2425 42 15 one
207 2417 50 23 Poll
269 2418 77 23 Bacon
361 2419 26 22 of
402 2418 121 31 Wapping,
546 2417 53 24 took
618 2426 37 22 my

76 2450 66 28 hand,
158 2450 32 23 for
200 2450 69 23 better
279 2459 25 15 or
315 2451 38 23 for

134 2483 90 31 Really,
245 2484 45 23 Mr.
311 2484 39 29 T.,
372 2492 44 23 you
435 2485 61 30 quite
520 2484 70 23 shock
610 2492 42 15 me.

76 2516 42 31 My
131 2525 64 14 name
208 2525 42 15 was
263 2517 76 30 Mary,
353 2518 45 22 and
419 2517 37 23 the
476 2518 89 22 Bacons
585 2525 38 15 are
643 2525 13 14 a

75 2550 57 29 good
152 2550 36 23 old
200 2547 112 34 Hingliih
331 2558 74 16 name.
452 2551 53 23 You
529 2551 47 22 'aye
598 2551 56 22 their

76 2582 74 24 Aarms
173 2584 115 29 quartered
309 2592 28 14 on
358 2584 38 22 the
409 2585 99 30 carriage
521 2585 22 21 in
562 2583 60 31 right
634 2584 18 22 o'

76 2623 42 16 me.
155 2616 81 23 That's
247 2617 135 31 something,
396 2617 13 23 I
421 2625 41 15 can
474 2618 38 23 tell

134 2649 133 32 Something
290 2650 12 23 I
326 2650 44 23 had
394 2655 22 19 to
441 2659 44 22 pay
513 2650 42 29 for,
578 2654 74 27 pretty

76 2683 102 30 smartly,
189 2687 23 19 at
221 2683 28 23 all

133 2716 49 23 The
194 2721 111 26 payment,
320 2717 48 23 Mr.
382 2718 39 28 T.,
436 2725 44 15 was
489 2725 28 15 on
528 2721 94 19 account
634 2717 23 22 of

75 2749 106 31 granting
188 2749 73 24 Aarras
273 2754 22 19 to
308 2758 44 22 you
365 2750 49 23 who
427 2758 67 15 never
506 2751 30 22 ad

196 2790 66 16 never
272 2783 85 24 wished
370 2784 35 23 for
424 2784 70 23 them.
544 2783 70 23 What
628 2783 26 23 do

76 2814 12 23 I
101 2822 48 16 care
162 2816 34 23 for
204 2816 53 23 such
269 2817 58 23 stuff
334 2817 9 23 ?

133 2848 55 24 And
200 2849 62 23 when
270 2858 45 22 you
329 2850 38 23 did
376 2850 88 29 choose,
475 2850 47 23 Mr.
533 2849 120 29 Turnbull,

75 2889 43 22 you
141 2882 74 31 might
235 2882 54 24 have
311 2883 118 23 consulted
451 2892 44 20 me,
518 2883 88 23 instead
634 2883 23 23 of

75 2914 95 32 making
191 2916 84 30 yurself
297 2916 38 24 the
358 2916 191 31 laughing-stock
570 2916 25 23 of
618 2916 37 23 Sir

76 2947 91 31 George
179 2949 84 30 Naylor
275 2949 43 23 and
332 2949 29 24 all
369 2950 39 23 the
419 2950 90 23 'eralds.
546 2949 59 23 Who
614 2949 41 23 but

76 2988 14 15 a
100 2982 105 23 madman
217 2982 70 23 would
297 2983 58 23 have
368 2983 84 24 chosen
464 2983 63 23 three
544 2982 111 31 harpoons

75 3014 93 22 saluims
190 3015 45 23 and
252 3015 63 23 three
332 3016 87 23 barrels
431 3015 129 29 couchants,
578 3015 53 23 with
643 3024 13 14 a

76 3048 107 30 spouting
193 3048 69 23 whale
273 3049 36 22 for
325 3057 13 14 a
349 3054 62 18 crest
417 3050 9 23 ?
475 3049 52 24 Just
549 3053 22 18 to
593 3049 63 30 point

76 3084 39 18 out
127 3085 21 17 to
162 3088 66 22 every
240 3081 54 30 body
309 3081 59 23 what
379 3081 82 23 should
468 3081 68 24 taver
544 3082 27 22 be
578 3081 79 23 buried

76 3113 24 22 in
111 3112 114 24 Aoblivion
236 3123 6 19 ;
261 3114 43 23 and
323 3114 54 23 then
387 3123 56 21 your
456 3114 85 30 beastly
555 3119 68 18 motto

76 3145 70 23 which
162 3146 12 23 I
189 3147 72 23 would
276 3147 56 23 have
351 3148 102 30 changed
489 3148 5 11 '
501 3147 99 23 Blubber
612 3148 45 29 for

75 3186 52 15 ever
134 3180 10 21 !
153 3179 5 10 '
182 3180 99 23 Blubber
301 3181 81 23 indeed
392 3182 5 23 !
548 3186 21 18 to
590 3181 67 23 make

76 3212 58 31 ftany
144 3221 42 15 one
198 3212 89 24 blubber
297 3214 35 23 for

134 3246 65 31 They
217 3247 52 23 took
287 3255 57 23 your
364 3255 82 23 money
466 3248 44 23 and
527 3247 96 31 laughed
635 3252 22 19 at

76 3286 51 22 you.
170 3280 56 23 Two
243 3281 47 30 pair
309 3281 25 23 of
360 3282 97 30 griffins,
477 3289 13 15 a
508 3281 54 28 lion,
582 3281 48 23 half
644 3290 13 14 a

75 3311 71 24 dozen
157 3312 109 32 leopards,
283 3314 44 23 and
346 3323 14 14 a
377 3315 61 23 hand
460 3315 54 23 with
533 3323 14 14 a
564 3315 90 30 dagger,

77 3345 106 23 wou'dn't
194 3346 49 24 'aye
252 3352 49 18 cost
312 3355 14 15 a
334 3348 90 31 farding
431 3356 72 16 more.
539 3348 47 23 But
598 3348 59 23 what

77 3384 41 16 can
137 3386 44 22 you
199 3378 93 32 Aexpect
310 3381 58 23 from
393 3389 13 15 a
424 3389 30 23 og
461 3382 10 23 ?
506 3382 41 23 but
565 3382 12 23 I
589 3382 67 23 won't

78 3410 92 23 demean
182 3413 86 29 myself.

136 3443 81 24 That's
226 3446 65 30 right,
304 3454 38 23 my
355 3447 61 29 dear,
429 3448 70 23 don't.
540 3448 117 23 Recollect

74 3476 41 23 the
127 3481 69 19 motto
208 3485 41 23 you
263 3479 80 24 choose
355 3482 23 22 in
390 3482 131 29 preference
536 3486 22 18 to

138 3510 69 28 Well,
233 3511 39 23 and
295 3520 14 14 a
325 3522 57 22 very
400 3522 82 23 proper
501 3522 42 15 one
606 3515 6 11 '
621 3517 35 20 too

76 3542 65 24 much
144 3542 141 32 familiarity
297 3544 77 25 breeds
391 3550 112 27 contempt
511 3547 7 9 '
553 3548 19 22 is
583 3548 19 22 it
618 3552 38 18 not

76 3577 90 23 Master
179 3576 99 24 Faithful
287 3577 8 23 ?

134 3609 56 29 Yes,
203 3609 87 24 madam
299 3619 6 19 ;
318 3611 19 23 it
347 3619 46 16 was
403 3621 41 15 one
455 3614 25 22 of
495 3622 40 15 our
548 3614 75 31 copies
635 3619 22 18 at

109 3676 53 32 Rap
174 3680 45 28 tap,
233 3684 37 24 rap
284 3681 37 27 tap
332 3681 46 27 tap,
391 3682 38 27 tap
443 3683 44 26 tap.

210 3709 41 24 and
280 3710 61 24 Mrs.
372 3710 88 29 Peters,
485 3713 24 22 of
536 3712 118 25 Petercum

170 3743 131 24 announced
319 3743 39 23 the
377 3744 82 23 butler.
503 3745 73 24 Enter
594 3746 60 24 Mrs.

77 3775 78 25 Peters
165 3777 58 28 first,
235 3784 12 16 a
256 3784 55 23 very
320 3777 135 23 diminutive
466 3777 61 32 lady,
547 3779 42 23 and
611 3780 44 23 fol-

76 3807 68 25 lowed
167 3810 30 30 by
216 3810 46 23 Mr.
284 3810 90 28 Peters,
396 3810 36 23 six
450 3809 46 24 feet
511 3810 51 24 four
578 3812 78 23 inches

76 3842 92 24 without
186 3843 35 23 his
241 3843 72 28 shoes,
333 3842 83 24 deduct
435 3842 35 24 for
487 3845 104 30 stooping
612 3846 44 22 and

75 3875 81 24 curved
168 3876 124 29 shoulders,
303 3884 69 16 seven
384 3876 88 23 inches.
515 3876 47 24 Mr.
576 3878 80 23 Peters

76 3906 42 24 had
130 3910 80 23 retired
221 3910 56 23 from
290 3910 39 23 the
341 3909 73 24 Stock
430 3909 127 31 Exchange
573 3911 55 23 with
643 3919 13 15 a

77 3946 147 26 competence,
238 3943 84 31 bought
334 3951 13 15 a
356 3943 72 31 place,
441 3943 81 22 named
536 3943 120 24 Petercum
