2550 4029
1288 142 49 24 fore
1345 149 45 16 was
1402 142 113 30 marriage
1526 141 106 23 invented
1643 141 24 22 in
1678 141 31 22 its
1716 140 91 31 highest
1819 148 54 15 con-

1289 175 120 23 secration.
1445 174 51 22 The
1507 174 50 22 wife
1568 181 118 23 possesses
1699 172 84 31 always
1794 174 23 22 in
1836 173 38 23 her

1290 207 50 23 love
1354 207 50 23 that
1422 206 83 23 second
1524 207 126 29 answering
1661 206 70 27 voice,
1743 204 6 12 v
1752 206 45 23 and
1813 205 61 31 right

1291 240 54 23 echo
1358 240 24 23 of
1392 240 37 22 the
1433 246 3 4 1
1442 239 65 31 spirit
1515 248 7 18 ;
1542 239 52 28 and,
1606 238 86 24 believe
1703 245 44 21 me,
1760 238 59 23 what
1830 246 44 22 you

1291 280 59 21 men,
1369 273 23 22 in
1413 272 38 23 the
1462 271 64 31 pride
1537 271 25 23 of
1576 279 58 23 your
1644 270 120 29 manhood,
1778 279 25 15 so
1814 271 60 23 often

1291 306 44 22 call
1344 313 41 15 our
1392 305 106 28 silliness,
1513 312 24 15 or
1548 304 227 31 short-sightedness,
1784 311 24 16 or
1816 308 60 19 want

1291 339 25 22 of
1324 337 144 32 philosophy,
1482 345 24 15 or
1515 337 171 31 incapableness
1696 336 24 24 of
1729 337 82 30 coping
1822 336 53 24 with

1291 371 88 30 reality,
1399 370 43 24 and
1454 370 56 23 such
1526 370 47 23 like
1590 370 92 30 phrases
1684 382 32 4 —
1717 369 46 23 this
1781 370 26 28 is,
1827 370 48 22 how

1291 404 69 28 often,
1373 403 38 23 the
1422 403 47 23 real
1484 402 188 31 spirit-dialogue,
1691 402 37 23 the
1741 402 134 31 completion

1291 444 26 15 or
1327 436 146 23 harmonious
1484 435 80 24 accord
1576 435 25 23 of
1615 443 56 23 your
1682 435 70 22 soul's
1766 440 108 26 mystery.

1292 469 48 23 But
1359 474 23 18 to
1394 469 28 23 be
1434 476 52 15 sure
1502 473 60 18 most
1578 476 53 15 men
1642 467 87 31 delight
1745 469 25 21 in
1782 469 94 30 nothing

1291 510 61 15 more
1364 501 54 24 than
1431 501 23 23 in
1465 501 108 23 imitative
1586 501 62 28 echo,
1667 501 44 22 and
1723 500 43 23 call
1778 500 50 23 that
1838 501 38 23 the

1290 535 63 22 voice
1366 534 24 23 of
1399 538 87 24 nature,
1500 534 37 22 the
1550 534 88 29 melody
1648 533 25 23 of
1682 533 38 22 the
1732 533 57 29 soul,
1803 534 73 22 which

1291 569 20 21 is
1322 567 54 30 only
1387 567 38 23 the
1442 574 123 16 resonance
1577 566 25 23 of
1616 566 122 31 prettiness
1756 567 59 30 spelt
1833 567 43 23 and

1290 600 93 23 learned
1393 600 30 30 by
1431 599 71 29 heart,
1511 600 40 22 but
1560 607 69 15 never
1636 598 146 25 understood.
1818 600 58 23 This

1291 633 21 23 is
1329 640 56 16 even
1405 632 59 24 their
1484 632 58 23 ideal
1560 636 53 27 type
1626 631 24 23 of
1663 631 148 24 womanhood
1822 640 54 23 very

1292 666 69 28 often,
1373 664 73 24 which
1457 665 53 30 they
1522 665 93 23 become
1626 664 103 31 mortally
1740 666 136 23 enamoured

1426 744 34 4 —
1610 730 125 23 exclaimed
1752 730 24 23 in
1788 736 88 26 ecstacy

1293 764 37 23 the
1340 764 105 30 youthful
1455 764 113 23 husband.
1629 764 57 27 Yes,
1698 771 33 15 we
1737 764 139 24 understand

1292 805 41 15 one
1345 797 106 29 another;
1474 805 40 15 our
1531 797 51 23 love
1593 797 20 22 is
1632 797 36 22 the
1690 801 50 19 true
1756 798 118 30 marriage,

1292 830 43 22 and
1347 837 45 23 you
1402 830 126 23 illuminate
1538 830 45 22 and
1593 830 109 30 complete
1710 830 25 22 in
1744 837 36 15 me
1792 830 38 24 the
1839 838 35 15 re-

1291 864 66 29 gions
1374 863 23 22 in
1410 863 72 24 which
1502 863 122 30 deficiency
1636 871 24 15 or
1672 862 111 24 darkness
1795 863 80 32 begins

1291 901 23 17 to
1322 903 89 24 appear.
1449 896 26 23 If
1482 896 63 24 there
1553 903 37 16 are
1600 896 56 24 such
1663 896 77 31 things
1749 904 26 14 as
1782 897 92 28 oracles,

1291 929 63 23 there
1365 934 62 18 must
1437 929 47 23 also
1496 929 136 31 necessarily
1640 929 27 23 be
1676 936 64 16 sense
1754 930 43 23 and
1809 930 66 23 hear-

1291 962 40 29 ing
1342 965 22 19 to
1377 962 87 23 receive
1476 962 43 22 and
1531 963 109 30 interpret

1325 994 23 24 A
1359 995 55 30 long
1423 995 102 23 embrace
1535 994 96 24 finished
1642 995 44 23 and
1696 994 127 24 illustrated
1831 995 45 23 this

1292 1028 163 23 conversation.

1350 1061 25 23 A
1478 1060 50 24 said
1539 1060 90 31 Henry,
1671 1060 21 22 is
1703 1067 28 15 an
1745 1061 72 23 oracle
1829 1066 45 19 too.

1292 1093 13 24 I
1316 1093 90 24 wonder
1418 1094 21 22 if
1454 1094 63 23 there
1537 1094 57 22 have
1606 1101 51 15 ever
1669 1093 57 23 been
1735 1094 80 31 people
1827 1094 48 24 who

1291 1126 66 24 conld
1369 1127 98 30 imagine
1481 1135 14 15 a
1507 1126 96 24 rational
1624 1127 105 29 meaning
1740 1127 23 22 in
1781 1135 13 14 a
1806 1127 70 31 really

1291 1160 88 23 intense
1390 1160 49 23 kiss

1327 1192 68 24 Clara
1405 1192 100 31 laughed
1517 1193 63 23 loud.

1326 1225 35 24 As
1373 1226 17 23 it
1402 1233 45 16 was
1468 1233 47 16 now
1536 1226 90 30 already
1645 1226 64 28 dark,
1722 1226 46 23 and
1786 1226 38 23 the
1836 1226 39 23 fire

1292 1266 45 16 was
1350 1259 68 23 burnt
1430 1263 39 19 out
1481 1260 24 22 in
1523 1259 38 23 the
1583 1263 69 24 stove,
1665 1259 64 23 these
1747 1264 42 18 two
1801 1259 74 31 happy

1293 1292 80 30 beings
1385 1292 83 23 betook
1481 1291 135 24 themselves
1628 1296 23 18 to
1663 1292 58 23 their
1734 1292 73 28 small,
1823 1300 51 15 nar-

1293 1332 45 16 row
1350 1324 171 29 bed-chamber,
1535 1325 45 23 and
1591 1332 103 16 common
1706 1325 79 23 couch.
1813 1325 62 23 Here

1293 1359 54 29 they
1357 1358 42 23 felt
1411 1358 96 30 nothing
1518 1358 25 23 of
1557 1358 38 23 the
1616 1358 60 30 rigid
1693 1359 45 22 and
1749 1359 127 31 increasing

1293 1391 64 28 frost,
1369 1399 25 15 or
1407 1391 25 23 of
1441 1391 37 23 the
1491 1395 145 19 snow-storm
1649 1391 48 23 that
1703 1392 76 29 pelted
1787 1392 89 29 against

1295 1425 57 22 their
1363 1424 59 23 little
1434 1424 100 23 window.
1571 1424 108 23 Pleasant
1697 1424 88 23 dreams
1803 1425 71 23 flitted

1295 1465 51 15 over
1359 1458 58 22 their
1435 1458 79 27 heads,
1528 1458 83 22 visions
1630 1458 25 22 of
1670 1457 131 31 happiness,
1815 1466 59 14 com-

1294 1495 100 26 petence,
1408 1490 43 23 and
1460 1491 49 30 joy,
1521 1492 24 21 in
1562 1491 38 22 the
1617 1491 69 22 midst
1702 1491 26 22 of
1743 1499 13 14 a
1768 1491 107 23 beautiful

1295 1528 78 19 nature
1397 1524 141 23 surrounded
1561 1524 61 22 them
1630 1532 7 20 ;
1669 1524 44 22 and
1735 1524 65 23 when
1823 1524 53 30 they

1294 1557 77 22 awoke
1383 1561 40 19 out
1434 1557 24 23 of
1473 1557 38 23 the
1523 1557 43 22 fair
1578 1557 99 28 illusion,
1691 1557 38 22 the
1743 1557 82 29 reality
1836 1557 48 22 de-

1294 1590 86 30 lighted
1398 1590 61 23 them
1483 1590 47 23 still
1557 1598 63 15 more
1642 1590 122 30 intensely.
1811 1590 65 30 They

1295 1623 89 23 chatted
1395 1631 28 15 on
1435 1624 25 22 in
1470 1623 39 23 the
1521 1623 57 23 dark
1587 1623 45 23 and
1643 1622 94 31 delayed
1746 1624 88 29 getting
1845 1630 30 23 up

1295 1656 43 23 and
1350 1656 105 31 dressing
1466 1656 143 28 themselves,
1619 1656 34 23 for
1664 1656 58 23 frost
1733 1656 43 23 and
1789 1656 87 23 trouble

1295 1689 93 24 awaited
1397 1689 63 24 them
1472 1689 102 23 without.
1611 1689 27 23 In
1655 1688 38 24 the
1705 1689 122 23 meantime
1839 1689 37 23 the

1282 1724 1 14 1
1295 1722 100 31 daylight
1406 1723 73 30 began
1498 1727 23 18 to
1539 1722 112 30 glimmer,
1665 1722 44 22 and
1728 1722 68 23 Clara
1813 1722 63 23 hast-

1282 1767 1 16 i
1296 1756 54 24 ened
1362 1758 47 20 into
1422 1756 38 23 the
1472 1755 103 23 confined
1588 1755 162 30 sitting-room,
1764 1760 22 18 lo
1799 1756 56 22 raise
1864 1764 13 14 a

1282 1785 1 39 J
1295 1789 69 31 spark
1375 1788 59 24 from
1445 1788 38 24 the
1496 1788 66 23 ashes
1575 1788 43 23 and
1628 1788 60 30 light
1698 1796 14 15 a
1731 1788 58 23 little
1801 1788 40 23 fire
1853 1789 23 22 in

1295 1823 37 23 the
1354 1826 71 19 stove.
1471 1822 81 30 Henry
1576 1821 81 31 helped
1684 1821 47 29 her,
1757 1821 44 23 and
1824 1821 51 31 they

1295 1855 96 31 laughed
1409 1854 49 24 like
1475 1854 101 24 children
1597 1862 29 15 on
1646 1854 88 31 finding
1756 1854 48 23 that
1825 1854 51 31 they

1296 1889 65 23 could
1372 1888 67 24 make
1451 1887 96 31 nothing
1559 1887 24 23 of
1599 1887 57 23 their
1672 1887 72 23 work.
1780 1887 35 23 At
1825 1887 51 29 last,

1295 1922 57 23 after
1362 1922 98 30 puffiing
1471 1920 45 25 and
1528 1921 97 30 blowing
1637 1920 35 23 till
1684 1920 53 31 they
1748 1928 58 16 were
1822 1921 54 22 both

1295 1954 40 24 red
1355 1956 23 22 iv
1390 1955 37 23 the
1448 1955 56 28 face,
1519 1954 36 23 the
1576 1953 76 24 match
1672 1954 84 31 caught
1771 1954 50 29 fire,
1834 1953 43 23 and

1282 1988 1 31 j
1296 1988 37 23 the
1345 1988 92 31 sparing
1449 1987 44 24 and
1512 1988 98 22 fine-cut
1624 1987 83 31 supply
1718 1987 27 23 of
1759 1987 63 23 wood
1832 1994 45 16 was

1282 2020 1 22 !
1295 2021 144 30 dexterously
1450 2020 110 30 arranged
1573 2028 25 14 so
1608 2028 25 14 as
1645 2024 24 18 to
1679 2028 71 15 warm
1763 2020 36 22 the
1814 2025 62 18 stove

1282 2056 1 27 |
1295 2054 45 23 and
1352 2054 36 23 the
1400 2053 58 23 little
1470 2061 63 15 room
1545 2058 24 18 at
1580 2061 25 14 as
1615 2053 43 22 low
1679 2061 12 14 a
1703 2058 49 17 cost
1763 2060 24 16 as
1803 2054 73 29 possi-
1889 2045 1 17 '

1282 2084 1 34 j
1296 2087 43 23 ble.

1282 2119 2 35 j
1330 2120 32 23 At
1374 2120 37 23 the
1423 2119 42 24 end
1478 2119 25 23 of
1519 2128 12 15 a
1547 2119 42 23 few
1608 2119 62 31 days,
1682 2119 37 22 his
1739 2119 49 22 wife
1808 2118 69 23 asked

1282 2163 1 10 i
1296 2153 53 28 him,
1363 2161 24 15 as
1406 2153 40 23 she
1468 2161 45 15 was
1532 2152 95 31 looking
1644 2152 132 29 attentively
1799 2157 23 17 at
1841 2152 36 22 the
1890 2147 1 32 J

1282 2188 2 23 !
1296 2186 185 30 wedge-cutting,
1484 2199 32 3 —
1543 2185 89 30 Henry,
1646 2185 65 22 when
1722 2185 46 23 this
1778 2193 61 14 mass
1856 2185 24 22 of

1282 2220 2 26 !
1295 2220 63 22 wood
1371 2220 72 22 which
1455 2227 45 22 you
1512 2219 56 23 have
1579 2218 60 30 piled
1656 2226 32 23 up
1707 2218 52 23 here
1775 2219 21 22 is
1815 2218 61 28 used,

1282 2254 2 13 1
1295 2253 60 22 what
1366 2253 19 22 is
1398 2257 23 18 to
1432 2253 28 22 be
1472 2253 57 22 done
1542 2252 53 22 then
1604 2252 9 23 1

1282 2279 2 33 \
1503 2284 29 24 be
1552 2284 122 29 answered,
1768 2284 111 23 excellent
1890 2292 1 21 j

1282 2318 2 34 |
1296 2319 99 28 Horace,
1395 2326 3 5 1
1409 2317 32 32 (if
1460 2319 5 21 1
1491 2326 35 15 am
1547 2322 40 19 not
1606 2316 127 32 mistaken)
1745 2325 52 22 says
1818 2325 61 15 some

1282 2353 2 23 ]
1296 2352 81 28 where,
1390 2359 83 23 among
1485 2352 62 23 other
1569 2352 52 22 wise
1640 2359 66 20 saws,
1720 2358 54 22 very
1793 2350 85 30 shortly
1891 2352 1 26 |

1282 2394 3 24 ;
1296 2385 44 24 and
1361 2385 120 30 concisely,
1483 2397 34 4 —
1519 2383 82 24 'Carve
1624 2383 70 23 Diem
1705 2384 11 22 !
1724 2384 5 10 '
1755 2383 67 23 make
1841 2384 38 22 the

1295 2423 60 18 most
1368 2418 25 23 of
1407 2418 37 23 the
1456 2418 43 30 day
1512 2418 49 23 that
1571 2425 45 23 you
1636 2417 55 23 have
1704 2417 76 23 before
1792 2424 52 22 you,
1846 2429 33 5 —
1891 2427 1 12 \

1282 2464 3 18 I
1296 2453 51 29 give
1358 2451 102 30 yourself
1476 2450 95 31 entirely
1583 2459 29 22 up
1625 2455 22 18 to
1664 2451 24 28 it,
1701 2450 68 23 make
1781 2449 102 32 yourself

1282 2483 4 27 1
1296 2491 85 17 master
1394 2484 25 23 of
1434 2486 26 26 it,
1480 2492 25 15 as
1522 2484 25 23 of
1563 2491 42 16 one
1623 2483 49 23 that
1689 2491 70 15 never
1781 2488 98 18 returns.

1298 2518 56 24 Now
1374 2518 45 23 this
1437 2526 46 22 you
1502 2521 83 19 cannot
1603 2517 27 23 do
1648 2516 135 30 thoroughly
1803 2516 19 22 if
1836 2524 44 22 you

1298 2551 66 24 think
1382 2558 57 16 even
1457 2551 26 22 of
1505 2550 37 23 the
1559 2550 127 31 possibility
1699 2549 25 23 of
1739 2557 14 14 a
1769 2556 93 15 morrow
1872 2557 6 20 ;

1284 2581 2 35 \
1298 2585 40 23 but
1350 2584 19 22 if
1383 2592 44 22 you
1445 2582 67 24 think
1523 2583 26 23 of
1563 2584 19 22 it
1602 2583 53 22 with
1672 2583 70 22 doubt
1759 2582 45 24 and
1822 2590 57 21 care,

1284 2618 2 21 !
1300 2625 53 16 even
1367 2616 37 24 the
1416 2622 92 26 present
1519 2616 51 30 day,
1584 2616 37 23 the
1633 2615 57 24 hour
1702 2615 74 23 which
1787 2623 45 22 you
1844 2623 37 15 are

1283 2646 3 35 ]
1300 2651 113 31 enjoying,
1425 2651 21 22 is
1457 2649 90 31 already
1560 2649 44 23 lost
1615 2653 22 19 to
1657 2656 52 23 you,
1722 2648 118 23 inasmuch
1856 2656 25 15 as

1284 2676 2 38 j
1299 2692 44 22 you
1352 2684 59 30 spoil
1423 2684 17 22 it
1450 2682 30 31 by
1488 2690 56 22 your
1555 2690 49 15 own
1611 2684 96 21 anxious
1716 2682 163 30 questionings.

1284 2720 2 24 i
1299 2717 42 23 We
1354 2724 40 16 can
1407 2716 51 30 only
1472 2716 52 22 then
1536 2716 44 22 live
1592 2715 44 23 and
1648 2716 27 22 be
1687 2716 76 30 happy
1773 2724 6 19 ;
1801 2722 31 15 we
1844 2722 37 16 are

1284 2747 2 34 j
1300 2750 50 31 only
1364 2750 53 23 then
1429 2749 118 23 conscious
1560 2749 24 22 of
1600 2748 37 23 the
1658 2753 91 25 present
1766 2747 64 24 when
1849 2756 33 14 we

1284 2802 3 7 ,
1300 2784 69 23 throw
1382 2782 114 24 ourselves
1519 2782 111 30 headlong
1640 2782 48 22 into
1707 2782 26 22 it.
1769 2782 44 22 See
1831 2780 50 24 how

1284 2816 2 28 i
1300 2816 66 24 much
1383 2817 43 22 lies
1445 2816 22 23 in
1489 2815 37 23 the
1547 2820 43 18 two
1608 2815 73 22 words
1700 2815 26 22 of
1748 2814 45 23 this
1814 2814 67 23 Latin

1284 2854 3 23 |
1300 2851 118 30 language,
1438 2848 74 24 which
1530 2848 41 23 has
1592 2848 73 31 justly
1687 2848 59 22 been
1767 2848 84 22 termed
1870 2856 13 14 a

1285 2877 3 27 I
1301 2884 100 23 conscise
1414 2883 42 22 and
1470 2883 114 28 energetic
1596 2889 49 20 one,
1659 2888 23 15 as
1695 2881 18 22 it
1733 2888 42 15 can
1791 2888 93 24 express

1301 2925 25 15 so
1338 2924 67 22 many
1416 2915 104 23 different
1531 2914 77 31 things
1621 2914 53 22 with
1693 2922 24 14 so
1730 2914 42 22 few
1790 2914 92 22 sounds.

1301 2950 54 23 And
1368 2949 27 23 do
1408 2956 45 22 you
1465 2952 40 19 not
1515 2948 67 23 know
1595 2947 37 23 the
1645 2955 77 16 verses
1735 2947 24 23 of
1769 2947 38 23 the
1820 2955 63 22 song,

1287 3025 2 19 i
1402 3016 6 11 '
1418 3016 56 23 Care
1488 3015 48 28 and.
1544 3022 83 15 sorrow

1287 3051 3 19 i
1402 3049 46 23 For
1460 3054 132 17 to-morrow
1601 3056 5 18 ;

1371 3083 70 22 Cares
1453 3090 37 14 are
1502 3081 34 23 for
1550 3086 132 17 to-morrow
1694 3080 75 30 good?
1780 3080 5 10 '

1288 3107 3 46 |
1360 3120 73 31 Right
1442 3120 5 23 !
1490 3120 40 22 she
1552 3118 121 24 answered.
1736 3117 58 24 This
1813 3117 72 32 philo-

1303 3154 70 31 sophy
1387 3161 32 15 we
1431 3154 57 22 have
1500 3152 65 24 made
1577 3160 40 15 our
1630 3159 49 16 own
1690 3151 36 24 for
1738 3159 61 16 more
1811 3152 52 22 than
1874 3159 13 14 a

1302 3195 60 23 year,
1375 3187 44 23 and
1430 3194 33 15 we
1475 3190 39 26 get
1525 3193 29 15 on
1567 3192 53 23 very
1632 3185 50 22 well
1694 3184 55 23 with

1394 3264 64 22 THE
1474 3262 199 23 CONDEMNED
1689 3262 99 21 CELLS.

1359 3300 62 20 From
1441 3300 34 19 the
1490 3300 48 19 note
1556 3298 50 19 book
1622 3297 27 24 of
1666 3298 35 18 the
1719 3296 112 25 Ordinary.

1445 3350 115 21 Concluded
1567 3349 62 26 from
1646 3354 38 14 our
1702 3349 47 19 last.

1331 3386 48 23 The
1389 3385 119 26 Ordinary,
1524 3391 25 13 as
1563 3391 32 13 we
1607 3383 58 21 have
1675 3382 55 26 said,
1741 3381 54 27 kept
1803 3380 34 22 his
1848 3388 40 20 eye

1307 3421 27 15 on
1345 3413 37 22 the
1393 3411 86 28 culprit,
1491 3411 44 21 and
1545 3410 56 21 after
1609 3409 29 21 he
1649 3408 44 21 had
1709 3408 68 21 asked
1793 3414 13 15 a
1821 3408 67 21 series

1308 3441 25 23 of
1343 3439 117 28 questions,
1480 3437 37 21 the
1534 3436 42 22 last
1592 3435 66 27 being
1672 3434 98 22 whether
1780 3434 27 21 he
1819 3434 70 27 might

1307 3470 27 20 be
1343 3465 119 29 permitted
1470 3468 24 17 to
1504 3471 37 14 see
1552 3463 37 21 the
1602 3462 64 28 place
1684 3461 72 21 where
1771 3460 30 22 he
1817 3460 72 23 would

1307 3495 28 22 be
1350 3491 83 28 lodged
1448 3495 24 17 at
1490 3490 71 27 night,
1580 3489 38 22 the
1637 3487 108 22 reverend
1763 3487 126 27 gentlemen

1308 3519 118 25 addressed
1435 3518 47 21 him
1492 3524 23 14 as
1662 3514 48 23 The
1721 3514 137 28 topography
1866 3515 23 20 of

1310 3549 42 21 this
1367 3546 75 27 prison
1460 3544 19 21 is
1496 3547 40 18 not
1555 3551 14 13 a
1587 3542 86 27 subject
1687 3541 35 22 for
1739 3548 41 14 one
1795 3541 23 22 in
1834 3548 55 20 your

1309 3573 102 25 situation
1426 3575 22 17 to
1465 3577 93 15 concern
1574 3568 91 23 himself
1677 3568 75 26 about,
1769 3567 45 22 and
1827 3575 24 14 as
1867 3571 22 18 to

1308 3608 56 20 your
1381 3599 63 27 place
1463 3597 24 21 of
1498 3600 52 23 rest,
1570 3596 28 21 be
1614 3594 91 23 assured
1720 3594 49 22 that
1783 3595 18 20 it
1810 3594 43 21 will
1862 3594 27 21 be

1310 3636 42 15 one
1361 3627 24 21 of
1395 3624 85 29 perfect
1489 3623 102 27 security.
1628 3622 54 22 This
1697 3622 19 21 is
1731 3624 38 19 not
1778 3627 14 15 a
1803 3621 52 22 time
1866 3628 23 15 or

1310 3664 13 14 a
1333 3655 62 28 place
1406 3655 23 18 to
1437 3650 91 28 indulge
1538 3650 23 21 in
1579 3648 51 23 vain
1645 3648 77 28 hopes.
1761 3647 61 22 Your
1841 3655 48 14 case

1310 3683 40 22 has
1359 3678 80 24 caused
1446 3685 61 14 some
1517 3677 136 21 excitement
1660 3675 23 22 in
1694 3674 39 22 the
1742 3674 71 22 minds
1821 3674 25 21 of
1854 3674 35 22 the

1309 3705 128 28 mercantile
1446 3704 85 28 people,
1542 3703 37 22 the
1589 3702 84 22 verdict
1688 3708 93 20 appears
1799 3705 20 17 to
1835 3700 54 23 have

1310 3737 65 24 given
1385 3732 90 28 general
1489 3729 145 23 satisfaction.
1668 3728 48 21 The
1733 3731 103 18 sentence
1847 3735 42 20 you

1310 3765 65 20 know
1382 3768 5 19 ;
1403 3758 45 22 and
1466 3759 27 20 be
1512 3756 89 22 assured
1616 3754 48 23 thai
1677 3755 19 21 it
1712 3754 43 22 will
1770 3754 28 21 be
1808 3755 81 21 carried

1287 3804 1 5 .
1300 3791 57 22 -into
1364 3787 81 23 effect.'
1449 3785 5 8 1

1303 3828 11 5 •.
1338 3817 14 15 *i
1358 3815 48 22 The
1415 3815 106 19 sentence
1531 3817 51 20 give
1592 3811 147 20 satisfaction!
1776 3811 113 19 exclamed

1306 3838 44 28 'the'
1358 3840 86 27 culprit.

1324 3892 3 4 .
1430 3869 79 23 Houbts
1519 3869 31 21 it?
1589 3867 49 23 Yoa
1654 3867 26 21 of
1691 3866 31 22 all
1733 3866 63 22 other
1804 3873 85 21 persons

1312 3900 69 28 ought
1388 3902 23 18 to
1421 3898 64 21 know
1497 3896 48 22 that
1555 3902 13 15 a
1577 3894 94 22 London
1682 3893 124 22 tradesman
1821 3893 68 22 would

1308 3928 63 26 hang
1380 3925 50 22 half
1437 3924 37 21 the
1482 3923 138 21 inhabitants
1637 3921 25 21 of
1672 3921 36 21 his
1724 3928 49 14 own
1788 3920 72 28 parish
1870 3923 19 19 to

1312 3961 76 16 secure
1399 3959 12 14 a
1422 3951 53 27 yard
1481 3951 26 21 of
1513 3949 81 22 bobbin
1602 3949 56 21 from
1857 3947 32 26 sir,

1902 142 41 18 not
1960 138 30 22 all
2007 138 37 22 the
2063 139 94 21 Doctors
2175 139 26 21 of
2212 139 53 22 Law
2279 139 24 21 in
2320 139 87 28 Europe
2424 141 57 23 shall

1902 165 106 21 convince
2023 172 36 14 me
2072 165 49 21 that
2131 165 11 22 I
2152 165 57 21 have
2220 165 127 22 committed
2356 172 29 15 an
2396 166 83 24 offence

1902 191 88 26 coming
1999 191 71 22 under
2079 191 37 22 the
2127 191 101 23 criminal
2368 192 10 21 I
2389 193 45 22 will
2443 198 38 18 not

1903 217 87 27 dispute
2008 217 37 23 the
2060 218 101 27 question
2179 217 54 22 with
2335 218 85 27 replied
2444 221 36 22 the

1903 242 110 27 Minister,
2029 244 85 27 mildly,
2264 244 19 21 it
2297 244 43 22 will
2356 252 48 14 now
2414 245 29 23 be
2453 254 27 16 an

1902 269 44 22 idle
1966 274 64 18 waste
2050 270 25 22 of
2095 270 68 27 time;
2181 278 44 19 you
2239 278 38 14 are
2295 271 122 27 convicted,
2438 275 43 21 and

1902 296 62 22 there
1974 297 18 21 is
2001 304 66 19 every
2076 297 131 28 probability
2223 297 25 21 of
2258 304 56 20 your
2328 297 68 28 being
2411 299 71 24 called

1903 330 59 19 upon
1973 326 22 18 to
2005 323 67 21 suffer
2081 324 37 20 the
2128 324 88 27 penalty
2227 323 25 21 of
2264 323 38 22 the
2311 323 48 26 law,
2375 324 73 23 which
2463 327 20 21 is,

1903 349 74 21 death.
2013 349 37 21 All
2067 356 56 20 your
2140 350 59 26 time,
2218 350 115 25 therefore,
2346 351 69 26 ought
2422 355 23 18 to
2454 353 27 23 be

1903 379 64 23 spent
1975 376 22 20 in
2007 377 164 25 preparation—
2173 377 46 21 and
2234 380 44 23 yet,
2291 376 12 22 I
2319 376 28 22 do
2363 380 38 18 not
2418 377 63 25 know

1903 401 49 22 how
1961 409 44 19 you
2013 409 40 14 can
2065 402 48 22 well
2123 407 33 17 set
2165 403 67 21 about
2246 403 24 26 it,
2288 403 23 21 in
2322 410 56 19 your
2392 410 89 20 present

1903 430 56 19 state
1970 428 24 21 of
2006 428 73 26 mind;
2094 436 44 19 you
2148 433 58 18 must
2215 429 47 21 first
2272 429 156 28 acknowledge
2438 433 43 21 and

1903 454 72 22 admit
1983 454 37 21 the
2032 455 80 27 justice
2128 456 25 20 of
2163 463 54 20 your
2435 459 46 21 The

1903 481 134 27 gentleman,
2048 480 25 21 of
2086 480 71 23 whose
2168 482 130 26 experience
2310 490 32 14 we
2359 482 58 22 avail
2433 492 48 14 our-

1904 507 78 27 selves,
1992 513 43 15 was
2045 514 12 15 a
2068 507 102 22 Minister
2177 508 24 21 of
2213 509 63 21 strict
2285 509 109 22 orthodox
2402 511 80 26 princi-

1904 533 53 28 ples,
1982 533 44 22 and
2053 534 120 27 peculiarly
2201 535 163 23 conscientious
2392 536 24 21 in
2446 537 37 23 the

1904 560 151 28 performance
2071 560 26 21 of
2113 560 34 21 his
2160 561 60 26 dnty.
2255 562 36 21 He
2307 569 49 20 was,
2372 562 111 29 however,

1904 586 151 27 considerably
2067 586 99 27 annoyed
2177 588 27 26 by
2220 588 107 21 sectarian
2342 589 139 29 individuals,

1905 613 56 27 who,
1973 616 21 19 at
2005 612 48 22 that
2061 613 77 26 period
2153 613 102 22 obtained
2264 614 46 22 free
2325 616 119 22 admission
2461 618 25 21 of

1903 647 76 14 access
2008 643 22 17 to
2060 639 38 22 the
2123 639 59 27 cells,
2206 643 23 18 to
2253 643 35 18 act
2311 647 23 15 as
2358 643 125 23 auxiliaries

1903 666 23 21 in
1935 666 116 27 preparing
2057 666 138 21 malefactors
2201 666 33 21 for
2243 666 73 27 death,
2326 668 38 21 the
2372 669 111 28 Ordinary

1905 692 92 27 thought
2015 692 43 22 this
2078 700 13 14 a
2109 699 52 21 very
2175 692 122 27 important
2314 694 108 27 business,
2441 697 43 21 and

1903 718 107 23 laboured
2017 718 58 23 hard
2083 722 22 18 to
2116 720 74 26 acquit
2198 719 36 21 his
2243 720 62 21 mind
2311 729 5 17 ;
2327 721 65 22 while
2401 722 36 21 his
2446 730 38 20 op-

1904 749 93 24 ponents
2006 746 57 21 after
2072 753 13 14 a
2094 746 56 21 little
2163 746 94 27 praying
2266 746 45 22 and
2320 747 37 22 the
2366 748 87 27 singing
2462 750 25 21 of

1903 779 14 14 a
1926 772 42 21 few
1978 772 87 27 hymns,
2081 772 94 27 thought
2189 772 131 22 themselves
2329 776 124 21 warranted
2462 777 23 21 in

1903 799 101 27 assuring
2017 799 138 22 malefactors
2169 798 48 22 that
2230 800 62 21 there
2306 807 56 14 were
2376 801 109 29 rejocings

1903 826 23 21 in
1940 825 83 22 heaven
2034 832 52 15 over
2100 825 57 22 their
2165 825 116 27 salvation,
2298 827 45 21 and.
2352 826 49 23 that
2409 830 77 25 angels

1904 859 56 14 were
1970 852 89 27 already
2069 852 117 27 appointed
2194 852 53 21 with
2258 859 13 14 a
2281 853 59 22 choir
2350 854 25 21 of
2382 856 69 21 music
2462 859 22 19 to

1903 878 103 22 welcome
2017 878 57 23 their
2081 878 80 23 arrival
2170 879 47 21 into
2222 885 14 15 a
2244 882 56 19 state
2308 880 26 21 of
2340 880 144 24 blessedness.

1903 905 47 22 The
1961 906 144 26 experienced
2113 906 107 26 Chaplain
2229 906 120 28 uniformly
2359 908 70 26 urged
2439 908 47 23 that

1903 939 14 14 a
1925 936 133 23 repentance
2072 936 22 18 to
2107 932 29 21 be
2147 932 106 26 effectual,
2270 937 60 17 must
2342 934 28 21 be
2380 934 49 26 full,
2444 942 42 15 un-

1904 959 144 25 constrained,
2055 958 45 22 and
2107 958 164 22 unconditional
2276 967 6 18 ;
2291 962 56 19 nota
2353 964 133 23 repentance

1904 988 22 18 to
1941 984 29 22 be
1983 985 91 26 binding
2084 985 52 27 only
2147 991 28 15 on
2189 992 14 13 a
2212 985 130 27 contingent
2352 986 25 21 of
2388 986 38 23 the
2441 995 43 16 non

1903 1011 80 22 arrival
1994 1012 24 20 of
2024 1019 13 14 a
2046 1012 89 26 respite.

1931 1038 11 21 I
1952 1038 129 26 remember,
2098 1038 29 21 he
2138 1037 73 22 would
2227 1045 44 20 say,
2288 1038 48 22 that
2351 1039 10 21 I
2371 1047 46 14 was
2432 1048 54 15 once

1904 1064 71 22 called
1984 1068 22 17 to
2015 1071 14 14 a
2038 1071 52 14 man
2100 1064 23 21 in
2133 1064 42 21 this
2184 1064 74 27 prison
2270 1065 47 21 who
2326 1065 45 22 had
2384 1068 102 23 received

1903 1098 14 14 a
1926 1091 85 26 wound,
2030 1091 46 21 and
2084 1091 49 20 who
2145 1091 101 26 thinking
2256 1091 46 22 that
2311 1092 34 21 his
2361 1092 38 22 life
2410 1101 43 14 was
2463 1096 21 21 in

1904 1117 88 27 danger,
2000 1117 86 27 begged
2093 1117 49 21 that
2150 1117 10 21 I
2168 1117 70 26 might
2245 1118 27 21 be
2280 1122 50 17 sent
2335 1119 33 21 for
2369 1131 28 3 —
2399 1120 11 21 I
2417 1121 69 22 found

1904 1144 46 22 him
1966 1143 123 22 streetched
2105 1150 29 15 on
2145 1151 12 13 a
2167 1144 58 21 table
2243 1145 45 21 and
2297 1153 13 13 a
2325 1146 99 27 Surgeon
2435 1155 50 14 over

1903 1171 54 26 him,
1973 1171 98 20 whether
2086 1171 73 20 before
2175 1178 37 19 my
2222 1171 80 22 arrival
2316 1171 29 22 he
2361 1173 43 21 had
2413 1181 72 15 ascer-

1904 1197 73 22 tained
1994 1197 48 21 that
2058 1197 62 21 there
2130 1204 44 14 was
2190 1197 39 22 but
2237 1205 54 20 very
2300 1198 56 22 little
2370 1199 91 28 danger,
2473 1201 11 22 I

1904 1223 28 22 do
1943 1227 39 18 not
1992 1223 70 27 know,
2073 1224 41 21 but
2119 1223 70 27 fixing
2200 1223 32 22 his
2239 1232 51 19 eyes
2300 1232 28 13 on
2337 1233 36 14 me
2384 1226 29 21 he
2421 1228 63 21 made

1903 1251 61 26 signs
1973 1250 33 21 for
2021 1258 36 14 me
2072 1254 22 18 to
2105 1250 119 27 approach;
2235 1258 24 14 as
2270 1251 11 21 I
2291 1251 38 22 did
2337 1259 31 19 so,
2385 1252 28 22 he
2424 1254 62 21 anxi-

1904 1278 64 26 ously
1977 1276 53 25 said,
2048 1277 57 21 shall
2116 1279 9 20 1
2138 1277 35 21 die
2178 1277 9 21 1
2217 1278 57 27 Why
2284 1278 28 21 do
2328 1285 44 21 you
2387 1279 40 22 ask
2443 1287 41 16 me.

1903 1304 48 21 said
1961 1304 12 21 I
1980 1304 9 21 ?
2016 1303 36 22 Oh
2058 1303 6 21 !
2080 1304 29 21 he
2119 1303 87 28 replied,
2224 1305 53 26 only
2286 1305 19 21 if
2316 1313 45 18 you
2371 1305 93 27 thought
2475 1308 11 21 I

1904 1330 78 22 should
1998 1337 44 20 you
2050 1330 45 22 had
2105 1330 70 22 better
2190 1334 37 23 get
2237 1331 37 21 the
2283 1332 66 26 bible,
2364 1332 42 22 but
2415 1333 20 21 if
2448 1337 40 18 not

1903 1358 27 21 its
1945 1365 15 14 a
1973 1357 46 27 pity
2029 1364 44 20 you
2088 1357 78 21 should
2182 1357 27 21 be
2223 1357 53 28 kept
2291 1362 38 17 out
2344 1359 54 21 such
2414 1367 13 14 a
2438 1360 49 21 cold

1903 1383 73 27 night;
1994 1384 43 21 this
2046 1391 52 15 man
2110 1383 43 22 had
2170 1384 54 21 been
2236 1385 137 22 condemned
2387 1390 24 16 to
2421 1386 65 22 death

1903 1411 40 22 but
1952 1418 44 14 was
2003 1410 123 27 ultimately
2134 1410 100 27 respited,
2246 1411 45 21 and
2300 1412 28 20 he
2337 1412 150 28 immediately

1903 1437 108 22 collected
2024 1444 60 14 some
2100 1437 68 21 books
2178 1437 11 21 I
2199 1436 45 22 had
2257 1437 48 22 lent
2313 1438 53 27 him,
2384 1439 45 21 and
2439 1447 48 19 pre-

1903 1464 77 22 sented
1997 1464 61 20 them
2067 1463 82 27 saying,
2191 1463 60 21 Here
2262 1471 36 14 are
2314 1465 37 21 the
2366 1465 70 22 books
2446 1467 40 25 Sir,

1903 1491 54 28 they
1966 1498 35 14 are
2011 1497 28 14 no
2052 1490 76 27 longer
2137 1490 24 21 of
2173 1497 46 20 use,
2230 1497 25 15 as
2265 1491 10 21 I
2287 1498 35 14 am
2332 1492 97 27 respited
2443 1500 44 19 you

1930 1545 71 21 There
2017 1543 40 22 has
2071 1543 81 28 always
2168 1544 57 22 been
2241 1551 13 14 a
2268 1545 112 27 tendency
2390 1545 53 22 with
2458 1546 29 21 all

1904 1570 137 23 condemned
2053 1570 114 22 Criminals
2184 1574 21 18 to
2215 1571 108 26 question,
2340 1572 44 21 and
2401 1572 85 27 dispute

1905 1598 37 21 the
1952 1598 81 27 justice
2043 1597 26 21 of
2081 1597 37 21 the
2133 1597 41 21 law
2189 1597 72 22 under
2276 1599 71 20 which
2362 1599 54 26 they
2432 1600 55 21 have

1903 1625 58 21 been
1968 1624 113 22 convicted
2089 1632 5 18 ;
2105 1623 112 22 wherever
2222 1625 36 21 the
2267 1625 107 26 difficulty
2381 1627 23 19 ot
2413 1626 75 27 bring-

1903 1652 39 26 ing
1952 1651 56 21 their
2018 1651 73 21 minds
2105 1654 23 17 to
2138 1650 36 22 the
2187 1651 93 27 sticking
2290 1652 61 27 place
2362 1652 27 21 of
2399 1659 88 20 prepra-

1904 1679 46 20 tion
1961 1678 33 21 for
2003 1677 73 26 death,
2087 1677 83 22 human
2180 1677 113 22 character
2302 1679 19 20 is
2330 1679 46 21 like
2385 1679 39 22 the
2435 1687 51 14 con-

1905 1708 59 19 tents
1973 1705 24 21 of
2011 1711 26 15 an
2053 1703 73 28 ample
2137 1704 86 22 cabinet
2237 1705 96 27 brought
2349 1706 100 25 together
2457 1707 29 26 by

1905 1733 36 20 the
1951 1731 86 23 untried
2051 1732 48 20 zeal
2109 1731 26 21 of
2144 1738 59 14 some
2213 1731 87 22 curious
2310 1732 112 27 collector,
2439 1733 47 21 who

1904 1759 40 21 has
1954 1757 97 24 ticketed
2065 1757 33 21 his
2108 1757 101 23 varieties
2225 1758 52 22 with
2291 1759 110 21 numbers.
2432 1759 20 21 It
2469 1760 19 21 is

1903 1786 108 25 however,
2029 1784 113 22 otherwise
2153 1784 51 22 with
2221 1785 98 22 habitual
2335 1786 119 26 criminals,
2470 1787 18 20 it

1904 1816 90 18 matters
2003 1815 40 18 not
2052 1811 58 21 what
2119 1811 58 21 their
2185 1811 115 22 education
2312 1820 51 19 may
2368 1813 57 21 have
2432 1813 54 21 been

1905 1847 25 14 or
1943 1840 56 21 their
2009 1837 103 28 previous
2121 1839 78 20 station
2213 1838 23 21 in
2244 1839 47 25 life,
2305 1839 58 21 their
2373 1840 115 26 categories

1904 1873 37 14 are
1952 1866 30 22 all
1990 1865 65 26 alike,
2068 1865 52 26 they
2131 1872 35 14 are
2182 1864 29 22 all
2220 1865 104 21 schooled
2334 1866 22 20 in
2367 1866 59 21 what
2436 1873 50 21 may

1905 1892 128 28 designated
2041 1892 87 24 furtive
2141 1891 66 26 logic,
2221 1891 23 21 in
2260 1891 51 27 they
2321 1899 38 14 use
2371 1893 26 20 of
2408 1893 77 26 which,

1905 1919 53 22 with
1968 1919 60 22 those
2037 1919 51 21 who
2098 1918 55 22 have
2164 1918 37 21 the
2212 1918 118 22 command
2340 1919 24 21 of
2375 1919 71 22 words
2456 1927 30 14 no

1905 1945 172 22 inconsiderable
2088 1945 80 27 degree
2177 1945 27 21 of
2210 1948 44 18 tact
2263 1946 18 20 is
2291 1945 122 27 displayed,
2424 1946 62 22 when

1906 1973 163 25 endeavouring
2079 1975 22 18 to
2112 1971 106 28 persuade
2224 1971 57 23 their
2289 1972 87 22 hearers
2382 1973 49 21 that
2436 1973 52 27 they

1904 2007 85 20 possess
1997 2006 46 14 men
2051 2000 40 19 sibi
2105 2000 79 20 conscia
2194 2000 58 20 recti.
2281 1999 48 21 The
2340 1999 49 21 well
2399 1999 89 22 dressed

1905 2026 98 27 prisoner
2012 2026 44 21 bad
2067 2025 94 26 actually
2171 2025 106 22 reasoned
2286 2025 91 21 himself
2387 2025 47 22 into
2444 2027 44 20 this

1905 2055 56 19 state
1971 2053 24 21 of
2001 2052 69 22 mind.

1933 2084 33 21 As
1978 2084 38 22 the
2026 2084 111 27 Ordinary
2146 2082 123 24 concluded
2284 2082 33 23 his
2328 2084 104 26 remarks,
2450 2084 36 22 the

1906 2111 98 27 prisoner
2017 2110 84 23 started
2116 2119 24 13 as
2149 2112 57 20 from
2222 2118 14 13 a
2253 2114 55 18 state
2319 2110 26 21 of
2354 2111 134 22 abstraction

1907 2138 45 21 and
1965 2138 53 26 said,
2057 2138 10 21 I
2079 2145 44 14 was
2137 2137 100 27 thinking
2252 2137 40 26 Sir,
2311 2138 26 20 of
2348 2138 37 21 ths
2400 2140 88 19 naivate

1907 2164 50 21 with
1968 2164 71 22 which
2048 2164 114 26 Partridge
2173 2165 22 20 in
2206 2164 55 22 Tom
2271 2164 70 21 Jones
2351 2171 57 19 says,
2426 2166 4 8 '
2439 2164 21 21 It
2469 2164 19 21 is

1905 2190 80 23 indeed
1994 2191 116 27 charming
2120 2195 58 23 sport
2193 2195 22 17 to
2225 2190 54 21 hear
2288 2190 59 22 trials
2359 2198 28 14 on
2396 2190 38 22 life
2444 2191 42 21 and

1907 2218 72 21 death.
1984 2218 3 8 '
2006 2218 52 21 You
2065 2223 59 16 must
2131 2216 58 23 have
2197 2218 106 21 observed
2309 2218 40 26 Sir,
2361 2217 50 22 how
2417 2218 71 26 coolly

1908 2244 60 22 these
1976 2244 71 22 affairs
2054 2251 37 14 are
2098 2244 130 25 conducted,
2239 2243 44 22 and
2290 2244 57 21 what
2352 2244 136 27 importance

1907 2271 29 21 all
1947 2272 80 26 parties
2037 2271 100 27 engaged
2147 2272 22 20 in
2180 2278 13 13 a
2203 2271 48 21 trial
2264 2278 92 18 assume,
2373 2279 24 12 as
2406 2271 20 21 if
2438 2271 51 27 they

1907 2305 56 14 were
1973 2301 38 18 not
2022 2298 22 21 in
2056 2298 91 21 another
2157 2305 63 14 sense
2230 2297 30 22 all
2267 2298 87 27 equally
2360 2297 71 27 guilty
2436 2298 52 21 with

1897 2325 2 24 i
1908 2325 60 21 those
1984 2325 52 27 they
2053 2324 41 22 call
2110 2325 36 21 the
2157 2324 122 25 Criminals,
2296 2324 9 21 I
2320 2325 52 20 read
2387 2324 38 21 the
2439 2331 50 20 pas-

1908 2359 57 19 sage,
1978 2352 5 10 '
1990 2352 49 21 that
2047 2359 52 14 man
2109 2352 19 21 is
2135 2351 55 22 born
2206 2355 22 17 to
2240 2352 33 21 sin
2288 2359 23 12 as
2321 2350 38 22 the
2373 2351 76 27 sparks
2458 2351 30 27 fly

1908 2378 114 27 upwards,'
2048 2382 21 17 to
2090 2385 62 15 mean
2172 2378 48 21 that
2238 2384 66 20 every
2324 2377 82 22 human
2425 2378 65 27 being

1908 2406 101 21 commits
2023 2412 61 15 more
2102 2412 24 14 or
2135 2405 42 22 less
2193 2405 34 22 sin
2237 2404 41 25 Sir,
2289 2411 24 14 or
2324 2404 58 21 what
2390 2404 19 21 is
2419 2404 70 22 called

1909 2439 73 19 wrong
1997 2435 23 18 to
2037 2432 33 21 his
2086 2432 130 26 neighbour,
2234 2432 23 21 in
2274 2430 125 28 proportion
2414 2434 20 18 to
2451 2432 37 21 the

1908 2458 154 22 environment
2078 2459 27 20 of
2124 2458 169 22 circumstances
2302 2466 5 18 ;
2330 2458 41 21 and
2389 2457 47 22 that
2451 2458 36 26 all,

1909 2485 56 22 from
1975 2486 36 21 the
2022 2485 103 22 crowned
2134 2484 58 22 head
2202 2488 23 18 to
2239 2485 37 21 the
2292 2488 100 17 meanest
2401 2492 87 20 person,

1909 2512 29 21 do
1949 2512 87 27 equally
2046 2519 75 19 wrong
2130 2512 22 21 in
2164 2519 60 14 some
2237 2519 46 18 way
2293 2519 24 13 or
2328 2512 63 21 other
2398 2519 5 17 ;
2414 2519 76 19 wrong

1909 2539 66 26 being
1983 2547 29 13 an
2022 2538 138 28 inseparable
2169 2538 91 28 adjunct
2270 2541 21 18 to
2301 2537 38 22 the
2346 2538 111 22 condition
2468 2538 24 21 of

1909 2566 67 21 social
1996 2566 121 21 existence.
2153 2565 91 26 Crimes,
2264 2572 24 14 or
2306 2565 53 25 sins,
2377 2565 43 21 call
2429 2566 61 21 them

1909 2592 72 21 which
1995 2599 44 20 you
2052 2592 51 25 will,
2119 2599 35 14 are
2172 2599 24 14 as
2211 2592 40 21 rife
2262 2591 23 22 in
2295 2599 43 14 one
2349 2591 57 22 walk
2417 2592 24 21 of
2452 2592 38 21 life

1909 2626 25 13 as
1950 2620 103 25 another;
2075 2618 60 21 there
2152 2618 20 21 is
2187 2625 28 15 no
2232 2618 136 26 distinction,
2381 2618 24 21 in
2417 2625 42 21 any
2469 2620 25 19 of

1909 2645 38 22 the
1956 2646 84 25 classes,
2051 2646 23 21 in
2090 2644 43 22 this
2147 2645 130 28 particular;
2298 2644 125 28 excepting,
2444 2645 47 22 that

1909 2679 61 15 some
1985 2675 47 19 acts
2051 2679 37 14 are
2107 2672 115 26 legalized,
2238 2671 43 22 and
2298 2672 74 21 others
2389 2679 38 14 are
2444 2675 46 18 not.

1910 2699 75 22 Power
1996 2702 74 24 grants
2080 2698 62 22 itself
2149 2706 13 14 a
2170 2698 86 22 licence
2270 2703 21 16 to
2308 2698 91 21 commit
2413 2699 78 22 crimes

1910 2726 53 21 with
1977 2726 116 26 impunity,
2111 2725 63 22 while
2192 2725 36 21 the
2244 2731 53 21 very
2312 2725 84 21 virtues
2411 2726 26 21 of
2454 2726 36 21 the

1910 2753 63 21 weak
1981 2760 37 14 are
2028 2752 119 21 converted
2157 2752 47 21 into
2215 2752 87 21 crimes.
2345 2752 42 21 Let
2402 2759 34 14 me
2450 2752 43 22 call

1910 2787 56 19 your
1976 2780 107 21 attention
2088 2782 22 18 to
2119 2779 36 22 the
2166 2782 45 18 acts
2220 2779 25 21 of
2252 2778 36 21 the
2297 2778 91 22 church.
2390 2789 28 5 —
2419 2779 72 22 When

1909 2806 113 28 possessed
2033 2806 26 21 of
2069 2805 184 22 uncontroulable
2264 2812 78 20 power,
2354 2805 18 21 it
2387 2806 104 21 tolerated

1912 2833 37 22 the
1959 2833 144 27 punishment
2111 2832 24 22 of
2142 2832 66 21 death
2218 2832 35 21 for
2267 2832 37 21 the
2320 2832 79 26 taking
2413 2833 25 21 of
2450 2840 43 19 any

1911 2867 50 15 sum
1978 2860 71 21 above
2063 2860 157 26 twelvepence,
2236 2863 39 23 yet
2289 2858 119 27 exempted
2424 2859 69 22 them-

1912 2887 69 22 selves
1990 2887 56 22 from
2055 2894 44 19 any
2109 2885 142 29 punishment
2261 2885 33 22 for
2307 2886 37 21 the
2355 2886 139 22 commission

1913 2914 26 21 of
1946 2914 76 21 crimes
2032 2913 26 22 of
2069 2913 36 22 the
2116 2916 94 23 greatest
2224 2912 110 27 enormity
2342 2912 6 21 !
2365 2912 45 22 and
2424 2913 71 22 called

1913 2940 43 22 this
1964 2948 69 19 gross,
2044 2940 96 26 unequal
2155 2939 87 27 justice,
2254 2939 59 27 piety
2330 2939 24 21 in
2370 2940 38 21 the
2425 2940 68 26 King.

1914 2967 12 22 I
1936 2967 78 26 allude,
2027 2968 41 25 Sir,
2079 2970 22 18 to
2117 2966 37 23 the
2169 2966 84 22 benefit
2271 2966 25 21 of
2308 2966 88 27 Clergy,
2416 2966 77 26 which,

1914 2994 62 22 when
1992 2994 23 21 in
2024 2994 67 26 force,
2102 3001 24 14 as
2135 3000 45 20 you
2190 2992 91 22 without
2289 2992 70 21 doubt
2369 3000 38 14 are
2417 3000 76 20 aware,

1914 3021 104 27 operated
2027 3027 24 15 as
2061 3028 13 14 a
2084 3019 84 29 pardon
2179 3020 25 21 of
2215 3019 31 22 all
2256 3019 130 27 Clergyable
2404 3020 91 22 felonies

1915 3048 48 21 that
1971 3048 43 21 had
2024 3048 57 21 been
2091 3046 125 28 previously
2226 3046 130 21 committed
2362 3054 6 19 ;
2380 3054 31 19 so,
2423 3046 48 22 that
2479 3046 19 22 if

1915 3082 42 14 one
1965 3074 102 23 received
2077 3081 13 14 a
2099 3074 67 26 slight
2175 3072 151 28 punishment,
2337 3073 33 22 for
2385 3080 14 14 a
2414 3073 82 28 trifling

1915 3102 90 25 offence,
2022 3100 46 22 and
2084 3101 17 21 it
2116 3107 43 15 was
2173 3100 128 22 afterwards
2311 3099 129 22 discovered
2450 3100 47 21 that

1914 3127 29 22 he
1962 3128 44 22 had
2025 3128 128 21 committed
2173 3134 14 14 a
2205 3126 94 22 number
2317 3126 25 21 of
2359 3126 96 23 offences
2475 3127 25 21 of

1915 3155 115 26 enormity,
2041 3155 29 21 he
2080 3154 65 22 could
2154 3156 38 19 not
2198 3154 27 21 be
2234 3156 40 24 put
2284 3160 28 14 on
2323 3153 33 20 his
2362 3154 52 21 trial
2424 3153 71 27 again.

1916 3182 12 21 I
1943 3182 97 21 mention
2056 3181 50 26 this,
2121 3180 41 27 Sir,
2178 3180 93 21 because
2285 3180 62 20 these
2361 3182 48 19 acts
2418 3180 25 20 of
2460 3180 37 22 the

1917 3208 153 22 Government
2080 3206 117 23 emenated
2206 3206 64 24 from,
2281 3212 24 14 or
2316 3212 56 15 were
2379 3206 117 28 especially

1916 3234 128 23 sanctioned
2053 3234 29 27 by
2091 3241 51 14 men
2152 3233 25 21 of
2182 3239 56 19 your
2247 3232 65 21 cloth.
2341 3232 46 21 But
2396 3232 30 21 all
2436 3233 12 22 I
2455 3241 41 14 can

1916 3269 54 19 urge
1978 3261 44 22 will
2032 3267 49 21 pass
2090 3260 34 21 for
2131 3258 94 26 nothing
2231 3258 59 22 since
2298 3265 45 20 you
2349 3258 59 22 have
2414 3259 84 22 fasten-

1917 3289 28 21 ed
1954 3295 60 20 upon
2024 3295 43 18 me,
2079 3286 44 22 and
2133 3285 131 27 stgmatized
2273 3292 36 15 me
2321 3284 52 22 with
2384 3285 37 22 the
2429 3293 66 16 name

1916 3316 27 20 of
1954 3314 133 25 malefactor,
2104 3320 23 15 as
2137 3313 20 20 if
2170 3312 36 21 the
2217 3315 36 18 act
2264 3312 24 21 of
2300 3312 78 26 taking
2387 3319 62 21 away
2459 3321 37 19 my

1915 3342 39 21 life
1961 3348 54 14 were
2023 3344 39 17 not
2072 3347 42 14 one
2122 3339 25 21 of
2154 3339 37 22 the
2197 3341 66 19 worst
2270 3338 79 28 doings
2356 3341 141 25 perpetrated

1916 3368 29 28 by
2083 3366 70 21 When
2171 3365 48 22 first
2232 3365 96 27 brought
2338 3365 51 22 into
2399 3366 35 22 the
2445 3366 51 22 cell-

1916 3395 53 27 yard
1976 3395 28 21 he
2010 3401 45 14 was
2062 3392 130 26 alternately
2199 3392 99 32 captious
2305 3392 46 22 and
2356 3393 141 27 disputative,.

1917 3429 25 14 or
1959 3421 64 22 down
2039 3423 47 19 cast
2101 3419 43 22 and
2163 3418 136 30 despairing;
2321 3420 40 21 but
2376 3420 64 21 when
2458 3420 38 22 the

1916 3448 165 22 fallaciousness
2091 3446 26 22 of
2126 3446 35 22 his
2170 3446 65 21 creed
2253 3453 44 14 was
2314 3446 65 22 made
2395 3446 102 23 manifest

1917 3478 23 19 to
1956 3475 54 26 him,
2030 3474 28 21 he
2076 3474 90 21 became
2183 3472 63 27 calm,
2266 3472 43 22 and
2327 3473 24 21 in
2370 3481 14 14 a
2399 3481 98 14 measure

1917 3501 112 27 resigned;
2050 3500 44 22 still
2112 3500 38 22 the
2167 3499 78 28 theory
2263 3499 30 27 by
2311 3500 73 21 which
2403 3500 27 21 he
2453 3500 42 22 had

1917 3528 109 28 appeased
2044 3527 35 22 his
2097 3526 130 23 conscience
2250 3526 64 22 when
2337 3527 106 27 pursuing
2464 3526 34 23 hi
2501 3526 2 30 3

1918 3562 85 15 carreer
2012 3556 26 21 of
2050 3554 74 26 crime,
2135 3554 19 21 if
2164 3561 30 14 we
2205 3561 52 19 may
2263 3553 68 27 judge
2338 3553 58 22 from
2406 3554 33 21 his
2448 3561 49 15 own

1917 3582 150 28 biographical
2076 3580 75 23 sketch
2159 3581 26 21 of
2190 3581 33 21 his
2233 3580 44 27 life,
2289 3587 43 14 was
2338 3587 70 14 never
2417 3580 79 27 wholly

1919 3609 130 22 eradicated.
2078 3608 24 22 It
2109 3615 91 20 appears
2210 3608 27 21 he
2247 3614 44 15 was
2300 3606 54 22 born
2372 3606 26 22 of
2408 3606 89 23 humble

1919 3640 93 24 parents,
2025 3635 45 22 and
2078 3634 35 23 his
2122 3637 96 20 account
2227 3634 26 21 of
2263 3633 92 22 himself
2366 3633 20 22 is
2395 3634 102 26 prefaced

1919 3662 51 24 with
1980 3664 37 21 the
2024 3662 113 27 following
2143 3661 99 22 remarks
2248 3669 5 13 :
2255 3672 27 4 —

2009 3696 73 22 would
2099 3696 29 22 be
2147 3703 13 14 a
2179 3694 92 23 difficult
2284 3693 100 29 problem
2398 3697 22 18 to
2430 3693 66 26 solve,

1921 3731 55 15 even
1985 3725 35 20 for
2030 3723 63 22 those
2104 3723 24 21 of
2140 3723 37 21 the
2190 3725 97 19 accutest
2299 3720 137 27 judgement,
2453 3721 46 21 and

1921 3752 36 21 the
1966 3753 57 19 most
2032 3751 118 21 observant
2157 3756 48 20 eye,
2216 3754 55 15 were
2282 3747 53 26 they
2347 3746 72 22 called
2432 3753 28 15 on
2476 3750 23 19 to

1921 3777 82 27 decide,
2014 3777 99 22 whether
2126 3776 38 22 the
2180 3775 117 26 happiness
2312 3773 25 21 of
2347 3773 109 21 mankind
2470 3774 30 22 be

1920 3804 112 28 promoted
2044 3811 25 14 or
2078 3802 102 23 retarded
2195 3802 30 25 by
2241 3801 36 21 the
2294 3799 97 27 practice
2406 3799 26 21 of
2445 3799 54 23 edu-

1921 3831 74 27 cating
2013 3831 101 21 children
2130 3833 22 19 to
2170 3828 31 22 fill
2217 3827 92 21 stations
2327 3826 24 21 in
2370 3825 39 23 life
2427 3827 71 22 above

1921 3859 61 21 those
1992 3857 109 28 occupied
2109 3857 29 26 by
2148 3855 56 22 their
2213 3856 87 25 parents
2305 3853 10 21 ?
2361 3873 3 4 ,

1921 3912 89 21 Printed
2018 3913 26 24 by
2060 3912 24 23 «S.
2093 3912 85 23 Bevans,
2189 3910 22 19 at
2227 3909 35 19 the
2304 3908 86 20 Gazette
2432 3909 66 25 Office,

1954 3940 178 24 Manners-street,
2145 3936 126 25 Wellington,
2282 3935 54 21 Port
2345 3935 120 21 Nicholson.

99 240 29 24 in
141 248 41 15 one
190 240 24 23 of
225 240 38 23 the
273 241 102 23 hardiest
382 242 90 21 winters
481 238 101 24 that,bad
593 238 56 23 been

64 273 83 23 known
158 273 35 23 for
211 282 14 14 a
242 273 56 31 long
309 275 63 27 time,
393 272 96 24 towards
510 272 38 22 the
567 271 44 23 end
628 270 25 24 of

65 305 125 31 February,
202 313 30 16 an
246 307 172 29 extraordinary
429 304 83 25 tumult
524 304 44 23 had
581 303 68 24 taken

64 339 63 30 j'lace
135 338 68 24 about
210 339 39 24 the
259 341 80 29 origin,
348 346 106 24 progress
463 337 43 23 and
517 337 134 22 subsidence

65 372 24 23 of
99 371 73 24 which
184 372 37 23 the
234 377 115 26 strangest
359 372 45 23 and
416 375 59 18 most
487 369 163 31 contradictory

66 409 86 26 leports
171 412 57 16 were
245 405 98 30 running
353 404 68 23 about
437 403 37 23 the
493 408 67 18 town.
596 402 24 23 It
631 403 19 22 is

65 437 88 24 natural
166 438 48 23 that
226 438 66 23 when
310 438 30 23 all
352 437 38 23 the
402 436 69 23 world
482 435 45 23 will
547 435 48 22 talk
607 435 42 22 and

65 470 40 23 Jell
123 471 93 23 without
234 471 109 29 knowing
360 469 111 31 precisely
483 468 39 23 the
543 468 75 31 object
630 468 24 22 of

63 503 60 24 their
136 503 122 28 discourse,
271 510 56 15 even
345 502 38 23 the
395 509 104 16 common
517 500 43 23 and
572 508 78 15 accus-

63 536 76 22 tomed
151 536 82 22 should
245 536 52 22 take
308 536 39 22 the
359 535 76 23 colour
448 534 24 23 of
480 534 70 23 fable.

99 569 49 22 The
161 568 122 23 adventure
295 569 44 22 had
352 569 69 22 fallen
432 572 40 19 out
482 568 24 23 in
519 574 42 16 one
573 567 26 23 of
613 567 37 22 the

68 605 121 19 narrowest
199 605 82 19 streets
294 602 26 22 of
328 610 14 14 a
359 600 110 31 tolerably
481 600 113 31 populous
611 607 40 15 su-

68 634 63 23 burb.
169 634 51 23 One
226 639 96 18 account
333 642 46 15 was
389 633 49 23 that
449 642 14 15 a
468 634 80 23 traitor
560 632 45 23 and
614 640 37 15 re-

68 666 35 23 bel
115 666 43 24 had
172 667 57 23 been
247 668 131 22 discovered
392 666 44 23 and
454 666 100 24 arrested
572 665 30 31 by
614 666 37 22 the

68 699 69 30 police
148 709 6 19 ;
179 700 102 27 another,
303 701 49 22 that
377 708 29 15 an
428 700 66 22 artist
517 696 57 30 who,
598 698 53 23 with

65 732 76 24 others
153 733 26 22 of
197 733 37 23 his
254 733 118 31 fraternity
392 732 87 23 wanted
499 736 23 19 to
541 732 111 30 extripate

68 765 139 32 Christanity
216 767 30 29 by
254 767 37 23 the
303 770 56 23 root,
372 766 53 28 had,
439 765 56 23 after
503 772 29 16 an
541 765 110 23 obstinate

67 798 129 28 resistance,
209 799 150 23 surrendered
372 804 21 18 to
405 800 39 22 the
456 798 140 27 authorities,
609 798 43 22 and

67 838 45 17 was
124 831 70 31 safely
205 832 116 31 deposited
341 833 25 23 in
384 833 78 30 prison
473 836 24 18 to
508 831 49 23 find
568 835 39 19 out
619 831 33 23 for

66 864 92 23 himself
166 865 25 22 in
202 864 97 25 solitude
310 865 72 24 better
393 864 123 32 principles
529 864 44 23 aud
583 871 69 16 soun-

65 897 40 23 der
116 899 145 23 convictions.
299 898 63 24 That
372 899 30 23 he
413 898 52 29 had,
484 897 111 28 however,
614 897 38 23 de-

65 930 80 23 fended
162 931 94 23 himself
272 933 50 22 first
332 933 25 22 in
376 932 36 23 his
428 931 106 29 lodgings
546 931 53 22 with
616 930 37 23 old

66 963 183 29 blunderbusses,
269 965 45 22 and
331 972 57 16 even
397 964 52 22 with
468 972 13 14 a
500 971 96 20 cannon,
609 964 42 22 and

65 996 48 23 that
125 996 66 23 blood
202 997 45 22 had
258 997 57 23 been
328 997 55 31 spilt
393 997 77 22 before
483 995 27 23 he
521 995 73 23 would
601 997 50 29 give

65 1030 31 27 in,
109 1037 25 15 so
146 1030 48 22 that
205 1030 56 22 both
273 1030 38 23 the
325 1028 162 25 ecclesiastical
500 1029 45 22 and
557 1028 38 23 the
608 1030 43 22 cri-

65 1063 68 22 minal
146 1067 77 19 courts
235 1063 74 24 would
327 1063 155 29 undoubtedly
494 1069 65 15 move
569 1061 36 23 for
616 1061 35 24 his

65 1097 126 22 execution.
228 1097 24 23 A
269 1096 102 31 political
383 1095 134 24 shoemaker
536 1094 65 23 made
613 1100 38 18 out

65 1128 47 23 that
125 1128 37 23 the
174 1130 101 29 prisoner
287 1138 46 15 was
345 1138 29 15 an
387 1130 109 28 emissary
506 1128 58 28 who,
578 1136 24 15 as
613 1129 37 23 the

65 1162 57 23 head
132 1162 26 23 of
173 1170 13 14 a
197 1167 64 26 great
273 1171 68 22 many
353 1167 73 19 secret
446 1162 111 28 societies,
570 1169 45 16 was
627 1162 23 23 in

63 1195 102 23 intimate
177 1197 191 22 communication
381 1196 54 23 with
455 1194 29 24 all
503 1195 39 23 the
562 1195 88 23 revolu-

63 1228 88 30 tionary
170 1229 77 29 spirits
259 1229 25 23 of
300 1228 94 31 Europe
404 1238 5 20 ;
427 1228 50 24 that
484 1228 29 23 he
524 1228 45 23 had
586 1236 64 15 man-

64 1261 56 30 aged
140 1261 31 23 all
190 1261 36 23 the
249 1262 64 23 wires
336 1263 23 22 in
379 1262 74 29 Paris,
478 1261 105 29 London,
607 1262 44 23 and

64 1294 77 31 Spain,
155 1303 26 14 as
192 1294 51 24 well
250 1303 29 15 .as
292 1295 38 23 the
342 1295 100 23 Eastern
454 1296 134 30 provinces;
607 1295 44 23 and

63 1327 49 23 that
124 1336 12 14 a
146 1329 101 29 gigantic
264 1329 151 23 insurrection
427 1336 46 16 was
484 1336 29 15 on
534 1328 37 23 the
589 1329 63 30 point

65 1360 29 23 of
98 1360 111 32 breaking
221 1366 40 19 out
271 1362 23 23 in
309 1362 37 23 the
368 1362 95 23 farthest
482 1361 75 29 India,
569 1361 80 29 which,

63 1393 47 24 like
122 1393 97 29 cholera,
233 1395 79 23 would'
319 1395 41 23 roll
381 1395 45 23 and
439 1395 85 23 tumble
537 1402 52 15 over
600 1395 51 23 Eu-

63 1434 54 24 rope
124 1427 43 23 and
179 1432 34 19 set
225 1428 30 23 all
267 1428 153 23 inflammable
432 1432 82 19 matter
526 1428 22 23 in
558 1436 12 15 a
578 1428 71 23 blaze.

98 1459 64 25 Thus
176 1460 68 24 much
255 1468 45 16 was
313 1463 85 22 certain
408 1470 5 15 :
433 1461 63 24 there
509 1461 43 23 had
571 1461 55 24 been
639 1470 13 14 a

64 1493 144 24 disturbance
226 1495 23 22 in
263 1502 12 15 a
288 1494 65 23 small
369 1495 78 28 house,
466 1494 40 23 the
517 1494 72 31 police
607 1494 44 24 had

64 1527 55 23 been
132 1527 72 23 called
215 1527 32 29 in,
261 1527 37 23 the
312 1528 52 23 mob
374 1528 43 23 had
430 1527 64 24 made
507 1536 14 14 a
532 1528 70 29 noise,
615 1536 36 15 re-

63 1560 114 31 spectable
188 1569 54 15 men
253 1560 45 24 had
310 1561 57 23 been
379 1561 109 24 observed
501 1560 50 24 who
562 1562 90 23 seemed

63 1598 24 17 to
99 1594 47 22 mix
158 1595 23 21 in
200 1594 39 24 the
251 1595 127 28 confusion,
399 1595 43 23 and
454 1594 58 24 after
524 1602 62 15 some
599 1595 52 23 time

64 1626 31 23 all
106 1634 45 16 was
170 1628 62 29 quiet
251 1628 75 30 again,
340 1628 94 23 without
442 1635 44 23 any
498 1628 58 30 body
568 1628 83 23 under-

64 1659 107 31 standing
188 1660 38 23 the
244 1661 106 30 meaning
362 1661 25 23 of
402 1661 38 23 the
452 1661 79 23 whole.
569 1661 30 23 In
614 1661 38 23 the

63 1693 69 23 house
145 1694 64 22 itself
221 1694 18 22 it
251 1701 45 16 was
308 1694 132 31 impossible
451 1699 40 18 not
503 1699 23 18 to
538 1694 90 23 remark
639 1703 13 14 a

63 1727 83 22 certain
158 1734 141 23 appearance
312 1728 24 22 of
346 1727 138 24 demolition.
522 1727 77 31 Every
611 1736 41 15 one

65 1759 119 31 explained
205 1760 38 23 the
262 1760 65 23 affair
348 1769 25 14 as
386 1761 34 22 his
442 1769 49 14 own
511 1760 96 24 humour
628 1769 25 14 or

63 1792 67 31 fancy
292 1795 18 21 it
328 1798 23 18 to
363 1793 98 24 himself.
499 1794 51 23 The
562 1802 90 15 masons

65 1827 43 22 and
120 1831 129 25 carpenters
267 1826 132 24 afterwards
416 1827 104 31 repaired
539 1828 37 22 the
589 1827 62 24 dam-

64 1867 49 23 age.

97 1894 23 23 A
132 1901 52 16 man
203 1894 46 23 had
261 1894 59 23 lived
337 1895 25 23 in
378 1894 37 25 the
435 1894 71 25 house
518 1894 72 24 whom
611 1903 40 16 no-

65 1927 57 30 body
134 1927 67 23 knew
214 1928 23 22 in
250 1927 37 24 the
299 1928 194 29 neighbourhood.
523 1928 65 24 ,Was
599 1928 29 24 he
639 1936 14 16 a

64 1968 53 15 man
129 1960 24 23 of
170 1960 86 29 letters,
277 1969 12 15 a
301 1961 124 30 politician,
444 1970 12 15 a
468 1962 121 30 foreigner,
603 1970 24 14 or
640 1970 14 14 a

63 1994 75 22 native
146 1995 9 22 ?
192 1994 35 22 To
240 1994 63 24 these
317 1996 116 29 questions
446 2003 28 15 no
483 2003 50 20 one,
546 2000 40 18 not
597 2003 55 15 even

63 2027 38 22 the
113 2027 117 29 cleverest,
242 2027 67 24 could
320 2028 52 30 give
385 2036 13 15 a
405 2028 143 31 satisfactory
556 2036 95 15 answer.

98 2061 31 23 So
142 2061 67 23 much
228 2066 23 18 at
270 2061 57 23 least
339 2069 46 15 was
397 2061 67 28 clear,
485 2061 48 23 that
546 2061 44 23 this
609 2069 42 15 un-

63 2093 82 23 known
158 2094 124 23 individual
294 2094 44 23 had
350 2094 36 23 led
399 2103 13 14 a
424 2101 53 22 very
486 2094 62 30 quiet
559 2094 44 22 and
616 2102 36 15 re-

63 2127 56 23 tired
138 2127 47 27 life,
204 2127 45 23 and
267 2126 44 24 had
329 2134 70 16 never
419 2127 56 23 been
494 2134 54 15 seen
567 2127 23 22 in
608 2135 43 22 any

63 2160 78 31 public
153 2160 59 23 walk
225 2168 25 15 or
267 2160 65 31 place
345 2161 25 22 of
385 2165 81 18 resort.
506 2159 37 24 He
556 2167 45 16 was
613 2165 47 20 not.

63 2198 38 25 yet
108 2193 44 29 old,
166 2201 45 15 was
221 2194 58 30 good
290 2193 102 30 looking,
405 2194 44 22 and
458 2193 36 23 his
506 2201 78 22 young
593 2194 58 27 wife,

63 2227 50 23 who
124 2227 44 23 had
184 2227 81 23 shared
278 2227 46 23 this
335 2227 98 23 solitude
446 2227 52 22 with
513 2227 53 27 him,
580 2227 73 31 might

63 2268 56 16 even
131 2260 27 24 be
171 2260 71 24 called
254 2268 14 15 a
279 2261 91 30 beauty.

98 2294 23 23 It
132 2301 45 16 was
196 2294 70 23 about
277 2294 38 23 the
328 2294 198 24 Christmas-time
546 2293 49 24 that
607 2294 45 23 this

63 2335 76 23 young
151 2335 60 20 man,
226 2336 24 14 as
262 2327 27 23 he
298 2335 46 15 was
355 2328 80 30 sitting
442 2328 24 22 in
478 2327 35 23 his
524 2327 56 23 little
590 2335 61 15 room

63 2361 59 23 close
134 2366 23 18 to
170 2361 37 23 the
219 2366 71 23 stove,
303 2361 72 30 spoke
388 2361 52 22 thus
453 2366 22 17 to
487 2361 37 22 his
536 2361 50 22 wife
595 2369 6 14 :
604 2373 33 4 —

124 2394 51 24 Yon
188 2394 76 28 know,
283 2402 38 22 ray
333 2394 54 23 dear
400 2394 75 27 Clara,
499 2394 47 22 how
559 2394 67 23 much
640 2394 12 22 I

62 2428 51 23 love
131 2428 43 23 and
186 2432 106 19 venerate
311 2427 37 23 the
362 2426 122 24 Siebenkas
497 2427 25 23 of
538 2435 40 15 our
597 2427 55 23 Jean

65 2461 58 23 Paul
132 2470 5 19 ;
152 2461 40 23 but
203 2460 50 24 how
265 2460 47 24 this
322 2460 126 23 illustrious
459 2460 114 23 humorist
584 2460 25 22 of
617 2460 36 23 his

63 2494 73 23 would
155 2494 52 30 help
219 2494 48 23 him
285 2498 39 19 out
336 2494 26 23 of
377 2494 25 28 it,
422 2493 20 23 if
459 2493 28 23 he
501 2501 57 15 were
577 2494 23 22 in
613 2502 40 15 our

64 2528 121 28 condition,
205 2528 21 22 is
238 2528 61 30 quite
313 2535 12 15 a
341 2526 71 24 riddle
425 2531 22 19 to
461 2535 43 14 me.
542 2527 25 23 Is
585 2527 19 22 it
616 2532 38 18 not

65 2569 32 20 so,
110 2561 104 23 dearest?
250 2561 42 22 All
303 2568 41 15 our
364 2568 86 21 means,
463 2561 19 21 it
494 2568 19 22 aj
523 2568 73 23 pears,
616 2568 37 15 are

65 2599 22 18 at
98 2595 44 23 last

182 2635 39 16 are
242 2627 106 31 deprived
361 2627 25 23 of
400 2627 82 24 almost
501 2635 66 21 every
581 2627 72 30 thing,

183 2661 50 23 said
244 2660 48 29 she,
341 2660 42 24 but
394 2665 39 18 not
445 2660 25 23 of
487 2667 42 15 one
541 2660 94 23 another
646 2670 5 18 ;

65 2695 43 22 and
120 2695 12 22 I
146 2694 48 23 well
216 2694 66 23 knew
295 2693 65 24 when
379 2693 13 24 I
405 2693 77 24 united
501 2693 85 31 myself
600 2694 54 23 with

64 2735 44 22 you
126 2728 49 24 that
195 2736 47 22 you
259 2735 59 15 were
338 2731 40 19 not
394 2726 48 24 rich
453 2736 6 19 ;
482 2735 46 22 you
539 2734 58 16 were
614 2732 41 18 not

64 2762 105 30 ignorant
189 2761 50 23 that
251 2761 12 22 I
275 2761 66 23 could
360 2760 54 23 take
433 2759 97 31 nothing
547 2760 54 23 with
618 2768 36 15 me

65 2799 39 19 out
115 2794 25 23 of
155 2802 38 22 my
205 2794 94 23 father's
311 2794 80 23 house.
428 2793 31 23 So
478 2794 19 22 is
511 2798 92 25 poverty
614 2794 40 22 be-

65 2835 62 16 come
139 2836 42 15 one
193 2828 54 22 with
260 2835 42 15 our
313 2827 50 23 love
372 2836 6 19 ;
398 2826 44 23 and
457 2826 46 23 this
514 2826 59 23 little
584 2835 70 21 room,

66 2869 40 15 our
117 2861 57 28 talk,
188 2869 40 14 our
239 2860 76 29 looks,
334 2868 41 15 our
387 2859 86 24 mutual
493 2867 55 22 gaze
559 2860 48 23 into
614 2861 41 22 be-

64 2895 66 22 loved
142 2902 60 22 eyes,
203 2906 35 4 —
239 2893 45 23 this
296 2894 19 22 is
328 2901 41 15 our

275 2926 125 24 exclaimed
411 2926 90 30 Henry,
512 2926 44 23 and
562 2926 95 32 jumped

66 2969 30 23 up
108 2961 24 24 in
144 2961 35 23 his
196 2960 42 31 joy
249 2965 22 18 to
285 2960 104 23 embrace
400 2959 79 30 fondly
492 2959 38 24 the
546 2960 110 23 beautiful

66 2994 52 31 girl.

129 3027 13 24 I
155 3027 71 31 really
236 3032 82 19 cannot
329 3027 54 31 help
393 3027 113 31 laughing
518 3031 38 19 out
569 3027 24 23 of
601 3035 56 23 pure

66 3061 80 23 malice
157 3070 5 18 ;
186 3062 46 22 and
248 3065 39 26 yet
299 3062 16 22 it
328 3062 20 21 is
362 3065 39 19 not
413 3069 13 14 a
443 3060 70 31 laugh
527 3060 23 23 of
560 3061 96 30 despair,

67 3095 39 23 but
118 3095 25 22 of
153 3103 12 14 a
178 3095 86 22 certain
280 3095 191 22 embarrassment
482 3094 85 27 rather,
581 3095 77 29 seeing

67 3128 48 24 that
127 3128 13 23 I
153 3136 35 15 am
202 3128 87 31 utterly
299 3133 23 17 at
335 3135 13 15 a
360 3128 47 22 loss
419 3127 74 23 where
505 3126 14 24 I
537 3135 36 15 am
586 3131 22 19 to
620 3133 39 24 get

68 3170 89 22 money.
207 3166 117 23 However,
348 3168 63 23 ways
434 3160 44 23 and
499 3168 79 16 means
599 3164 61 19 must

67 3199 92 27 present
179 3195 137 23 themselves
326 3203 6 19 ;
354 3194 36 23 for
409 3194 17 23 it
439 3196 19 21 is
476 3194 123 23 incredible
611 3194 50 23 that

69 3228 53 23 with
134 3229 56 22 such
209 3227 40 23 hot
259 3227 77 29 blood,
355 3227 57 23 such
425 3234 68 16 warm
510 3226 51 24 love
573 3234 33 15 we
618 3234 41 15 can

68 3263 75 23 freeze
154 3266 22 18 to
190 3260 67 23 death
268 3261 4 23 !
310 3259 83 30 Surely
403 3258 164 32 impossible!',

104 3295 48 23 She
162 3293 100 31 laughed
273 3293 70 31 gaily,
357 3293 43 22 and
411 3292 86 31 replied
506 3300 5 14 :—:
513 3304 33 4 —

174 3328 13 23 I
200 3326 51 25 -had
270 3326 54 31 only
345 3326 57 23 done
421 3324 47 23 like
493 3324 104 29 Lenette,
619 3325 43 22 and

71 3361 100 32 brought
183 3361 86 23 clothes
282 3359 54 24 with
354 3366 36 16 me
404 3358 50 24 that
465 3357 14 24 I
492 3357 66 24 could
570 3357 49 29 sell,
639 3365 24 16 or

72 3395 21 23 if
105 3395 64 23 there
181 3402 58 15 were
252 3393 57 24 such
327 3392 78 30 things
416 3392 23 22 in
451 3399 42 15 our
510 3391 57 23 little
579 3391 84 23 house-

73 3428 54 23 hold
138 3436 24 15 as
174 3436 14 15 a
199 3427 44 24 few
250 3426 144 32 superfluous
404 3432 134 24 saucepans,
551 3425 44 22 and
602 3432 61 16 mor-

75 3466 54 23 tars,
143 3469 24 15 or
179 3468 83 24 copper
280 3460 93 27 kettles,
393 3458 65 31 lying
470 3459 68 22 about
557 3457 52 24 here
621 3458 44 23 and

77 3494 71 29 there,
165 3495 19 22 it
196 3493 74 25 would
280 3493 28 23 be
331 3500 53 23 easy
395 3497 23 17 to
435 3491 49 24 find
496 3499 14 15 a
527 3491 91 31 remedy
629 3490 37 25 for

77 3535 41 16 our

277 3560 48 23 said
337 3559 36 28 he,
386 3558 54 24 with
452 3558 77 23 rather
541 3566 14 15 a
567 3558 99 31 haughty

79 3598 53 19 tone
141 3601 7 20 ;
231 3600 33 15 we
276 3600 58 16 were
352 3597 64 26 great
431 3591 49 24 rich
492 3591 62 24 folks
571 3591 47 24 like
630 3592 36 23 the

80 3625 122 25 renowned
220 3624 123 24 Siebenkas
360 3625 64 23 there
437 3624 74 24 would
527 3625 54 23 then
600 3625 28 23 be
639 3633 27 15 no

80 3664 65 27 great
167 3658 56 24 skill
244 3658 106 30 required
371 3663 22 18 to
416 3658 92 30 provide
531 3658 70 28 wood,
625 3658 41 23 and

80 3700 58 17 even
147 3692 74 24 better

94 3737 2 5 ■
118 3726 49 23 Sho
184 3724 84 25 looked
287 3725 49 21 into
348 3723 37 23 the
397 3728 71 26 stove,
487 3725 24 22 in
523 3725 73 23 which
607 3733 59 15 some

84 3759 69 25 bread
165 3766 46 16 was
231 3757 96 30 stewing
334 3770 3 7 .
346 3757 25 22 in
389 3761 68 19 water
469 3763 23 17 to
510 3758 89 24 furnish
610 3758 56 24 forth

84 3794 39 23 the
142 3796 60 20 most
212 3789 77 33 frugal
308 3789 26 23 of
350 3790 78 28 meals,
447 3790 72 23 which
536 3799 46 16 was
601 3796 23 18 to
643 3792 23 23 be

85 3826 82 24 wound
178 3832 32 23 up
221 3825 31 30 by
263 3832 14 14 a
287 3822 89 24 dessert
385 3822 26 23 of
419 3830 13 15 a
443 3822 58 23 little
512 3824 83 24 butter.

325 3855 49 23 said
393 3855 91 30 Henry,

87 3902 41 16 our
139 3892 103 27 kitchen,
255 3889 44 25 and
310 3889 52 32 give
379 3888 39 23 the
429 3895 121 24 necessary
562 3890 77 24 orders
650 3896 16 18 tc

86 3927 38 23 the
138 3926 66 28 cook,
216 3925 14 24 I
239 3923 46 24 will
295 3924 30 23 sit
334 3922 65 23 down
407 3926 21 18 to
439 3928 38 23 ray
485 3921 93 24 studies.
614 3924 52 23 How

87 3960 54 33 glad
159 3959 12 23 I
190 3957 82 25 should
290 3956 28 24 be
338 3961 22 18 to
373 3955 62 23 write
452 3954 67 32 again
536 3954 19 23 if
571 3963 37 23 my
625 3958 41 22 ink.

677 153 77 22 paper,
771 145 50 23 'and
842 151 65 23 pens,
930 152 58 15 were
1007 149 41 18 not
1068 142 133 32 completely
1220 151 41 16 ex-

679 177 94 24 hausted
781 186 6 19 ;
808 177 11 23 I
832 177 81 23 should
924 177 54 28 like,
996 181 45 23 too,
1054 176 69 23 above
1136 175 30 23 all
1177 177 84 30 things,

679 215 22 18 to
724 210 54 23 read
800 210 128 30 something
951 217 54 16 once
1025 216 70 20 more,
1116 208 112 23 whatever
1245 209 17 22 it

679 250 64 21 were,
755 243 21 23 if
786 242 11 23 I
810 243 52 30 only
874 242 45 24 had
930 250 13 16 a
954 242 78 28 book.,
1035 242 4 10 1

810 280 62 18 must
891 275 73 27 think,
1119 273 50 23 said
1187 273 74 29 Clara,

679 308 95 31 looking
784 308 77 31 archly
870 316 54 15 over
933 313 22 17 to
966 308 57 22 him.
1085 306 65 23 Your
1159 306 102 31 thought,

680 341 12 23 I
704 341 67 31 hope,
784 349 37 16 are
832 346 41 19 not
882 341 125 23 exhausted

738 374 105 29 Dearest,
853 374 92 23 wedded
951 373 50 23 wife
1041 371 100 33 rejoined
1149 371 36 29 he,
1223 379 40 16 our

679 407 125 23 household
824 407 20 22 is
864 414 23 15 so
907 407 60 30 large
980 406 46 23 and
1046 403 116 26 extensive
1181 404 47 24 that
1245 406 18 22 it

679 448 52 22 may
743 440 50 24 well
813 440 54 23 take
883 447 29 23 up
932 447 56 23 your
1000 438 72 24 whole
1091 437 110 23 attention
1209 446 6 19 ;
1235 438 28 23 do

680 478 40 18 not
729 473 32 23 let
773 480 56 23 your
841 472 108 31 thoughts
960 472 97 27 wander,
1075 470 44 22 lest
1131 477 40 15 our
1183 478 80 16 econo-
1263 474 5 5 v

679 506 45 23 mic
736 506 75 23 affairs
823 505 82 24 should
915 510 39 26 get
964 506 47 21 into
1024 503 113 27 disorder;
1152 503 50 28 and,
1216 511 24 15 as
1251 503 11 23 I

680 546 37 16 am
728 546 50 16 now
788 539 71 30 going
876 539 46 22 into
940 546 38 22 my
990 537 92 30 library,
1101 536 64 22 leave
1183 543 35 15 me
1231 537 32 21 for

679 572 39 23 the
728 576 92 26 present
837 576 23 17 to
878 570 88 31 myself,
984 570 36 23 for
1038 569 14 23 I
1065 572 61 19 must
1136 567 72 24 widen
1227 569 36 22 the

680 604 80 31 sphere
780 604 24 22 of
823 610 39 23 my
881 603 140 30 knowledge,
1042 600 45 25 and
1104 601 91 30 provide
1213 601 51 23 food

679 637 35 22 for
725 645 38 21 my

738 670 75 22 There
825 670 19 21 is
857 677 28 15 no
898 676 42 15 one
954 668 47 23 like
1104 666 49 23 said
1165 666 36 24 the
1214 668 49 22 wife

680 706 23 18 to
716 702 90 28 herself,
826 702 44 22 and
888 701 98 31 laughed
1001 699 100 32 joyfully
1108 709 6 19 ;
1161 700 41 22 and
1214 699 48 25 how

680 735 124 23 handsome
815 734 29 23 he
855 736 20 21 is

741 768 31 23 So
785 767 13 24 I
809 767 44 23 will
872 767 53 23 read
936 767 66 30 again
1015 767 24 23 in
1057 773 39 22 my
1107 765 65 30 diary
1183 765 49 23 that
1251 765 12 23 I

681 801 106 30 formerly
919 800 48 23 said
986 800 82 30 Henry
1077 807 7 19 ;
1159 798 104 24 interests

681 842 36 15 me
729 839 23 18 to
764 834 67 29 study
842 834 19 22 it
880 833 140 28 backwards,
1041 838 22 18 to
1075 831 68 30 begin
1155 831 53 23 with
1227 832 36 23 the

681 867 50 29 end,
754 866 44 25 and
809 867 53 22 thus
874 866 29 30 by
915 867 92 30 degrees
1026 872 94 24 prepare
1140 864 82 30 myself
1230 865 33 22 for

681 900 38 24 the
740 900 123 31 beginning
883 899 44 23 and
940 899 49 28 end,
1009 899 49 23 like
1077 897 38 23 the
1127 896 71 24 snake
1216 897 48 23 that

680 933 60 24 bites
750 934 37 23 his
799 941 48 16 own
861 933 39 22 tail
900 945 31 4 —
934 940 27 15 an
969 932 98 23 emblem
1077 931 24 22 of
1110 930 104 30 eternity,
1226 938 37 15 ac-

681 966 93 31 cording
794 972 22 17 to
837 966 75 23 others
912 978 34 4 —
947 974 12 14 a
979 963 89 32 symbol
1082 964 26 22 of
1126 963 38 22 the
1181 963 82 23 under-

680 999 114 31 standing,
814 1007 25 15 as
858 998 11 23 I
887 999 117 26 maintain,
1025 997 43 23 and
1081 997 24 22 of
1121 1003 67 23 every
1201 996 63 30 thing

680 1031 48 23 that
741 1033 19 22 is

715 1064 38 24 He
773 1064 54 25 read
844 1066 26 21 in
887 1064 38 24 the
943 1064 44 23 last
1006 1070 66 24 page,
1091 1062 42 23 but
1150 1061 52 31 only
1216 1063 21 22 in
1251 1070 12 15 a

679 1097 97 31 whisper
787 1106 6 16 :—:
795 1110 32 5 —

715 1131 5 11 '
729 1131 75 23 There
816 1132 19 21 is
848 1139 13 14 a
879 1136 62 24 story
953 1130 25 23 of
994 1138 13 15 a
1018 1127 126 25 maddened
1162 1129 102 22 criminal

680 1163 56 27 who,
757 1164 69 30 being
842 1163 139 23 condemned
999 1167 23 19 to
1041 1162 36 23 die
1092 1161 25 23 of
1132 1162 130 28 starvation,

679 1197 31 29 by
721 1197 93 30 degrees
827 1201 35 18 eat
869 1196 93 23 himself
969 1204 30 22 up
1009 1205 5 14 :
1027 1195 55 28 this,
1094 1195 23 22 in
1127 1194 53 28 fact,
1193 1195 20 22 is
1224 1195 41 23 but

679 1230 38 22 the
730 1230 58 22 fable
800 1229 25 23 of
835 1230 45 28 life,
894 1229 44 23 and
950 1229 24 23 of
988 1236 66 22 every
1067 1227 125 23 individual
1202 1235 60 16 man.

680 1263 30 22 In
729 1263 49 22 that
790 1270 51 15 case
860 1263 63 22 there
943 1261 116 24 remained
1075 1265 23 18 at
1108 1260 39 23 the
1159 1260 42 23 end
1213 1261 52 30 only

679 1296 38 22 the
729 1295 103 24 stomach
850 1296 43 22 and
912 1295 37 23 the
962 1294 60 24 teeth
1031 1303 6 19 ;
1058 1293 54 23 with
1124 1301 27 15 us
1168 1295 97 22 remains

680 1329 37 23 the
730 1329 57 27 soul,
800 1336 26 16 as
838 1329 52 30 they
899 1328 42 23 call
952 1328 38 22 the
998 1326 185 31 Unintelligible.
1220 1327 47 23 But

680 1362 21 29 I,
715 1367 44 23 too,
773 1370 23 15 as
811 1362 31 23 far
856 1369 23 16 as
890 1361 100 23 outward
1001 1360 77 30 things
1086 1367 38 16 are
1133 1360 132 28 concerned,

679 1395 56 23 have
757 1403 60 15 worn
840 1395 44 23 and
901 1394 59 24 lived
983 1392 85 33 myself
1089 1400 63 23 away
1171 1393 24 23 in
1219 1393 45 23 like

679 1428 112 24 manner.'

714 1462 57 23 Man
783 1461 44 24 and
839 1461 50 24 wife
901 1469 49 15 now
969 1465 37 19 sat
1023 1461 66 23 down
1108 1463 25 19 to
1152 1459 38 24 the
1207 1464 60 18 most

680 1496 93 30 sparing
783 1495 24 24 of
814 1495 79 23 meals.
926 1495 47 23 But
979 1494 104 23 whoever
1090 1492 44 24 had
1143 1501 52 15 seen
1206 1493 61 23 them

680 1533 61 19 must
752 1529 57 23 have
828 1528 79 24 envied
919 1528 69 28 them,
1001 1536 24 14 so
1044 1527 84 32 joyous
1138 1534 57 14 were
1213 1526 52 30 they

678 1574 34 4 —
714 1569 51 23 nay,
778 1569 24 16 so
814 1562 127 23 frolicsome
954 1568 52 16 over
1018 1560 59 23 their
1089 1559 80 31 simple
1181 1565 84 24 repast.

680 1595 35 23 As
727 1602 55 16 soon
794 1602 26 16 as
833 1595 37 22 the
884 1594 138 31 bread-soup
1035 1592 44 24 had
1093 1593 58 23 been
1162 1592 105 31 disposed

681 1628 30 29 of,
724 1628 67 23 Clara
798 1627 98 29 fetched,
909 1627 54 24 with
971 1634 28 16 an
1009 1626 54 23 arch
1072 1626 68 28 mem,
1154 1633 12 14 a
1174 1625 94 23 covered

680 1661 62 31 plate
755 1666 38 18 out
807 1661 25 23 of
850 1661 37 22 the
900 1666 69 22 stove,
990 1660 44 22 and
1049 1658 79 32 placed
1138 1658 77 23 before
1227 1658 39 24 her

681 1694 132 23 astonished
824 1694 103 23 husband
941 1701 14 15 a
966 1694 41 22 few
1020 1697 64 19 extra
1094 1695 110 27 potatoes.

741 1727 58 23 Well
844 1727 28 23 he
885 1727 131 27 exclaimed,
1054 1725 48 23 that
1115 1724 12 24 I
1136 1724 42 24 call
1190 1725 78 31 giving

681 1769 42 14 one
735 1769 13 15 a
760 1765 72 19 secret
842 1760 111 31 pleasure,
966 1759 64 23 when
1044 1766 42 16 one
1097 1758 42 23 has
1149 1757 44 23 had
1202 1759 63 22 one's

680 1794 34 23 fill
726 1795 24 22 of
759 1793 66 30 study
838 1798 39 18 out
887 1793 25 23 of
920 1801 25 15 so
956 1800 66 22 many
1035 1791 73 24 books
1117 1792 5 22 !
1159 1791 57 23 This
1227 1799 39 15 ex-

680 1827 82 24 cellent
780 1831 76 27 potato
882 1826 40 23 has
945 1824 142 25 contributed
1105 1825 29 22 its
1160 1825 65 22 share
1244 1829 23 18 to

680 1860 38 24 the
731 1865 62 26 great
805 1860 142 22 convulsions
960 1859 25 23 of
1002 1859 100 29 Europe.
1141 1857 63 23 Here
1222 1859 19 21 is
1253 1866 14 14 a

681 1894 77 23 health
771 1898 21 19 to
805 1893 38 24 the
854 1893 62 28 hero,
930 1892 87 23 Walter
1035 1890 100 31 Raleigh
1202 1891 66 31 They

680 1927 98 31 pledged
790 1934 42 16 one
847 1926 93 23 another
956 1926 31 29 by
1001 1924 99 31 striking
1112 1924 57 24 their
1181 1924 86 31 glasses

682 1961 24 22 of
726 1965 66 18 water
811 1960 111 31 together,
947 1959 81 29 Henry
1047 1958 131 30 examining
1199 1957 68 23 after-

682 1994 71 23 wards
766 1994 98 22 whether
883 1992 57 24 their
957 1992 140 22 enthusiasm
1117 1990 43 23 had
1178 1995 40 18 not
1230 1998 37 15 oc-

681 2027 104 23 casioned
797 2035 14 14 a
823 2026 65 23 crack
900 2026 23 21 in
932 2025 37 23 the
978 2025 69 30 glass.
1111 2023 47 23 For
1169 2023 45 23 this
1227 2031 39 15 ex-

681 2061 85 22 cessive
940 2059 48 22 said
1001 2058 34 24 he.
1086 2056 45 23 this
1145 2056 121 30 every-day

681 2093 149 22 convenience
842 2092 24 22 of
881 2091 94 30 glasses,
997 2098 33 14 we
1042 2089 82 23 should
1141 2089 56 23 have
1210 2089 56 23 been
1277 2096 2 22 j

680 2126 78 22 envied
773 2126 27 29 by
813 2125 38 22 the
863 2124 84 23 richest
959 2124 89 30 princes
1061 2122 25 23 of
1095 2122 119 30 antiquity.
1242 2122 25 23 It
1277 2119 2 41 j

680 2164 61 17 must
764 2159 25 22 be
807 2166 53 21 very
880 2157 154 30 disagreeable
1058 2161 21 17 to
1100 2155 66 23 drink
1190 2161 75 23 water,
1277 2163 2 24 j

681 2199 57 15 were
759 2193 17 21 it
787 2199 52 15 ever
856 2199 25 15 so
902 2190 116 28 beautiful,
1039 2188 66 28 clear,
1127 2188 44 23 fend
1184 2188 83 23 whole-
1277 2188 2 23 !

680 2233 70 21 some,
769 2228 40 20 out
820 2225 25 23 of
862 2232 13 15 a
886 2223 82 31 golden
986 2222 77 31 goblet
1074 2230 5 19 ;
1102 2221 42 23 but
1162 2221 25 23 in
1205 2222 62 22 these
1277 2220 2 26 I

680 2259 87 30 glasses
780 2258 25 24 of
823 2265 52 16 ours
893 2257 38 23 the
948 2256 129 28 refreshing
1087 2262 63 15 wave
1160 2255 63 22 flows
1242 2263 25 14 so
1277 2254 2 13 '

681 2292 98 30 brightly
792 2294 149 28 transparent,
951 2289 49 23 that
1012 2296 42 16 one
1063 2288 19 22 is
1089 2288 70 29 really
1168 2288 99 31 tempted
1277 2279 2 33 !

682 2330 21 18 to
726 2326 83 22 believe
830 2333 41 15 one
898 2325 19 21 is
940 2324 85 29 tasting
1054 2321 37 22 the
1115 2321 70 31 liquid
1205 2322 62 22 ether
1277 2318 2 34 |

1277 2353 2 9 '

793 2399 53 22 may
858 2392 55 27 also,
926 2391 29 29 by
967 2398 48 22 way
1028 2388 25 24 of
1063 2396 13 15 a
1220 2388 49 23 said

682 2426 47 27 she,
767 2425 60 23 draw
840 2432 40 16 our
893 2424 73 23 chairs
979 2427 23 19 to
1014 2423 38 23 the
1277 2421 2 29 |

808 2465 32 16 we
865 2458 57 23 have
943 2464 62 15 room
1164 2454 49 23 said
1231 2454 37 23 the

683 2491 101 24 husband
792 2501 6 19 ;
845 2499 13 15 a
870 2498 52 23 very
934 2495 153 21 race-course,
1100 2487 65 23 when
1178 2487 12 23 I
1203 2488 67 22 think

682 2526 24 22 of
722 2526 38 22 the
778 2533 67 22 cages
864 2523 73 24 which
954 2523 73 23 Louis
1046 2521 46 23 XL
1110 2520 59 23 built
1187 2521 35 22 for
1233 2520 36 23 his

682 2558 119 32 suspected
821 2558 122 31 prisoners.
993 2556 23 23 It
1037 2555 20 22 is
1079 2554 122 23 incredible
1220 2554 50 22 how

682 2593 67 22 much
760 2592 122 30 happiness
900 2590 41 23 lies
954 2590 24 22 in
997 2589 38 23 the
1053 2587 81 31 simple
1151 2586 83 31 faculty
1248 2587 24 23 of

683 2626 85 30 raising
786 2625 63 23 one's
869 2631 48 16 arm
929 2623 44 23 and
990 2622 38 31 leg
1039 2625 24 19 at
1074 2620 62 24 one's
1157 2620 112 31 pleasure.

683 2659 43 23 We
738 2667 44 20 are,
803 2662 23 19 to
842 2658 29 23 be
889 2665 59 19 sure,
968 2655 97 24 fettered
1082 2653 56 29 still,
1155 2653 65 23 when
1237 2661 34 16 we

684 2692 103 24 consider
805 2691 38 23 the
854 2690 82 24 wishes
954 2689 48 23 that
1014 2696 41 16 our
1074 2688 66 29 spirit
1151 2688 119 22 conceives

684 2730 22 19 at
718 2726 65 23 times
794 2733 5 15 :
820 2725 37 23 the
871 2723 89 31 Psyche
980 2722 43 23 has
1041 2720 119 30 entangled
1178 2720 92 29 herself,

686 2759 95 23 Heaven
799 2758 78 23 knows
891 2757 56 27 how,
966 2757 25 21 in
1008 2756 39 22 the
1060 2754 115 23 bird-lime
1197 2754 73 22 which

684 2792 71 23 sticks
769 2799 24 16 so
806 2791 44 23 fast
869 2796 22 18 to
903 2797 34 21 us,
959 2789 44 23 and
1016 2789 58 22 from
1087 2786 74 23 which
1171 2794 33 15 we
1217 2794 54 15 can-

684 2830 40 18 not
734 2825 78 23 flutter
831 2823 114 24 ourselves
965 2823 62 22 loose
1037 2830 5 19 ;
1067 2820 43 23 and
1131 2827 32 15 we
1176 2820 44 23 and
1233 2820 38 23 the

684 2859 54 23 lime
750 2866 37 15 are
799 2865 49 16 now
859 2857 93 23 become
965 2863 25 15 so
1000 2853 86 29 united,
1100 2853 48 23 that
1155 2860 32 16 we
1197 2861 75 15 some-

686 2893 66 23 times
763 2891 98 23 mistake
882 2890 37 23 the
931 2889 77 31 prison
1020 2888 34 23 for
1068 2894 40 15 our
1121 2887 71 22 better

743 2924 37 29 Dp
793 2929 40 18 not
844 2924 27 23 be
881 2931 26 15 so
1042 2919 49 23 said
1103 2919 73 28 Clara,
1192 2920 82 30 taking

686 2958 53 24 hold
751 2958 23 23 of
792 2958 36 22 his
838 2956 133 30 beautifully
985 2953 86 25 formed
1087 2953 62 23 hand
1161 2952 54 24 with
1233 2953 41 23 her

687 2991 44 24 soft
743 2992 44 23 and
799 2990 88 23 slender
901 2990 93 29 fingers.
1054 2986 77 29 Look,
1143 2986 57 28 love,
1220 2987 54 23 with

686 3025 59 23 what
757 3025 89 23 curious
862 3023 136 23 ice-flowers
1016 3021 38 23 the
1066 3020 58 23 frost
1134 3019 41 23 has
1188 3019 87 24 decked

689 3067 42 15 our
743 3058 113 23 windows.
895 3056 41 30 My
950 3060 54 18 aunt
1021 3053 75 24 would
1107 3053 83 30 always
1202 3053 73 23 main-

687 3093 47 23 tain
747 3092 48 23 that
807 3091 37 23 the
856 3097 63 16 room
931 3096 45 16 was
987 3094 94 17 warmer
1092 3086 55 23 with
1157 3086 46 23 this
1212 3086 64 23 thick

688 3130 50 19 coat
750 3125 24 23 of
785 3126 33 21 ice
831 3131 29 16 on
871 3123 38 23 the
920 3123 63 30 glass
995 3122 54 23 than
1057 3120 19 23 if
1087 3119 38 24 the
1136 3126 70 24 panes
1216 3127 59 16 were

687 3159 47 23 free
745 3159 59 23 from

782 3192 20 22 is
813 3195 40 19 not
1032 3187 50 23 said
1095 3186 81 31 Henry
1183 3196 6 18 ;
1232 3186 45 23 and

688 3229 39 26 yet
739 3225 12 23 I
765 3224 81 23 should
856 3227 40 19 not
908 3224 27 21 be
947 3220 106 31 disposed
1071 3224 22 18 to
1105 3219 63 23 leave
1180 3219 34 24 off
1222 3220 55 23 fires

689 3265 29 16 on
731 3258 37 22 the
781 3256 103 30 strength
897 3255 24 22 of
936 3255 46 22 this
993 3252 76 25 belief.
1106 3251 50 24 The
1168 3253 109 23 windows

690 3290 74 30 might
774 3295 23 17 at
809 3289 44 23 last
865 3289 92 21 become
976 3285 65 24 thick
1052 3284 55 24 with
1117 3284 73 24 flakes
1204 3286 24 23 of
1243 3287 34 22 ice

691 3323 48 23 that
750 3323 54 30 they
815 3321 74 30 might
907 3327 85 17 narrow
1006 3326 40 16 our
1058 3326 64 16 room
1132 3317 34 24 for
1185 3326 35 21 us,
1233 3319 45 23 and

691 3364 25 15 so
729 3364 32 14 we
773 3355 81 23 should
873 3354 55 23 have
946 3353 102 31 growing
1065 3351 69 23 about
1144 3358 42 16 our
1198 3352 79 23 bodies

692 3397 28 16 an
732 3388 124 31 ice-palace
867 3387 48 23 like
927 3386 49 24 that
987 3386 88 23 famous
1088 3391 43 16 one
1150 3389 24 19 at
1185 3384 93 25 Peters-

692 3424 67 29 burg.
795 3422 47 23 But
848 3429 33 14 we
891 3420 46 23 will
947 3418 76 25 rather
1030 3418 44 22 live
1084 3417 49 23 like
1140 3417 62 31 plaiu
1209 3418 69 29 folks,

693 3457 45 22 and
748 3460 41 19 not
799 3455 47 23 like

833 3487 49 24 that
900 3493 40 16 our
960 3486 101 30 banquet
1077 3484 21 23 is
1121 3491 59 21 over,
1202 3484 12 23 I
1234 3484 44 24 will

694 3523 68 29 study
781 3530 11 15 a
817 3521 58 23 little
897 3519 86 24 farther
1005 3517 58 24 back
1082 3518 48 22 into
1148 3524 40 23 my
1207 3518 71 31 diary.

696 3556 77 24 These
791 3554 147 30 monologues
955 3552 52 30 give
1027 3558 36 15 me
1084 3549 90 31 already
1192 3558 14 15 a
1216 3556 62 25 great

696 3589 50 24 deal
758 3588 24 23 of
795 3587 135 24 instruction
941 3585 70 24 about
1026 3583 86 30 myself
1119 3592 6 19 ;
1145 3582 50 24 how
1213 3584 65 24 much

696 3630 63 16 more
769 3620 46 24 will
825 3620 52 31 they
891 3619 28 23 do
931 3626 25 15 so
967 3619 25 22 in
1004 3617 38 23 the
1054 3616 82 29 future,
1156 3617 24 22 in
1192 3625 38 22 my
1243 3617 35 24 old

698 3655 59 31 age?
793 3654 48 23 Can
860 3662 14 14 a
894 3653 63 29 diary
978 3650 89 24 contain
1090 3657 44 22 any
1154 3650 66 31 thing
1242 3650 36 24 but

698 3686 163 32 monologues?
897 3685 83 30 Surely
988 3692 15 15 a
1021 3687 65 26 great
1105 3683 96 22 creative
1218 3685 60 29 spirit

699 3721 73 31 might
794 3719 104 24 conceive
919 3718 46 23 and
984 3717 63 23 write
1069 3723 42 15 one
1131 3716 25 22 in
1178 3715 100 32 dalogue.

700 3755 69 30 Only,
787 3761 36 21 ,we
842 3752 85 25 seldom
945 3751 56 23 hear
1021 3745 45 27 this
1085 3749 82 23 second
1178 3750 63 23 voice
1259 3751 19 22 ia

700 3787 122 25 ourselves.
858 3784 134 31 Naturally.!
1028 3782 47 23 For
1086 3781 74 24 'there
1180 3782 29 30 is,
1230 3789 48 24 per-

700 3822 64 31 haps,
775 3819 81 31 hardly
867 3825 42 16 one
926 3818 24 22 in
961 3826 15 13 a
986 3814 112 26 thousand
1107 3815 50 23 who
1167 3815 71 29 hears-,
1245 3817 33 22 the

701 3863 51 17 man
765 3854 26 24 of
806 3860 66 16 sense
884 3851 43 23 and
945 3851 37 23 his
1001 3855 98 18 answers
1110 3848 21 23 if
1145 3848 54 31 they
1211 3850 67 22 sound

701 3888 104 24 different
821 3886 59 23 from
896 3884 59 24 what
973 3883 38 23 the
1030 3881 96 31 speaker
1143 3881 42 23 has
1204 3890 74 18 accus-

703 3921 73 24 tomed
787 3920 36 24 his
835 3926 49 16 own
897 3917 43 25 and
952 3917 57 23 their
1022 3915 116 32 questions
1152 3919 21 19 to

760 3954 64 30 Very
915 3949 119 26 remarked
1044 3948 75 29 Clara,
1208 3949 70 24 there-

294 62 324 34 SUPPLEMENT
641 62 62 32 TO
727 62 100 32 THE
851 62 112 30 NEW
985 59 228 34 ZEALAND
1236 58 226 33 GAZETTE
1486 59 100 30 AND
1609 57 326 32 WELLINGTON
1958 55 286 34 SPECTATOR.

63 155 52 17 THE
141 156 199 18 SUPERFLUITIES
358 156 31 16 OF
416 155 57 17 LIFE
483 156 6 14 :
515 155 16 15 A
557 153 91 17 NOVEL.

143 184 149 33 [Translated
295 185 50 32 from
345 185 229 32 Ludwig
584 184 68 33 Tieck.]
