3510 4580
2940 894 71 16 The
3035 894 141 16 Oxford
3200 894 213 16 Observer.

2940 910 250 90 PUBLISHED
3218 910 195 90 WEEKLY.

2958 1003 163 20 SATURDAY
3135 1002 80 21 JUNE
3244 1003 65 18 12th.
3325 1000 53 21 1397

2949 1137 59 31 We
3037 1137 138 40 recently
3209 1137 148 30 favoured
3389 1146 54 20 our

2908 1181 123 28 readers
3049 1179 72 30 with
3138 1190 83 19 some
3237 1179 31 29 of
3283 1179 53 30 the
3361 1179 82 39 prin-

2909 1222 79 38 cipal
3003 1231 124 20 reasons
3144 1221 70 31 why
3241 1221 125 36 Turkey
3382 1230 61 19 was
3457 1228 11 7 *

2908 1262 138 35 allowed,
3110 1263 42 38 by
3192 1262 53 29 the
3279 1262 164 38 European

2908 1304 133 37 Powers,
3065 1308 32 25 to
3121 1303 64 30 still
3209 1313 91 29 carry
3324 1313 40 19 on
3391 1303 53 29 her

2907 1344 227 31 blood-stained
3149 1354 111 20 career.
3270 1374 2 3 .
3310 1344 57 29 We
3384 1344 94 46 wil'l^

2907 1395 70 21 now
2999 1386 173 30 endeavour
3200 1388 32 27 to
3260 1384 72 40 give
3362 1375 116 41 soin^

2907 1427 170 30 additional
3092 1427 89 30 items
3197 1426 33 30 of
3241 1437 18 19 a
3267 1426 177 40 prominent

2907 1469 162 29 character
3093 1468 104 30 which
3221 1468 62 30 will
3302 1468 85 30 show
3413 1471 31 25 to

2908 1518 82 21 some
3006 1513 116 32 extent,
3145 1510 53 29 the
3216 1509 181 41 insinceii^y
3412 1508 33 30 of

2906 1550 53 30 the
2987 1550 144 31 so-called
3159 1550 132 37 Powers,
3314 1551 31 29 m
3362 1548 82 32 their

2907 1593 158 39 assuming
3093 1597 33 26 to
3149 1595 50 28 act
3222 1602 33 19 as
3276 1591 191 31 mediators^

2906 1634 46 29 for
2983 1644 101 30 peace.
3255 1633 132 31 Conceit
3411 1634 32 29 of

3089 1687 34 19 as
3137 1676 26 29 it
3178 1676 26 30 is
3227 1676 128 35 termed,
3378 1686 64 19 was

2907 1717 165 40 originally
3088 1728 18 19 a
3121 1718 92 29 union
3229 1717 33 30 of
3285 1717 52 29 the
3354 1717 87 30 Con-

2906 1759 132 29 tinental
3066 1759 133 35 Powers,
3240 1759 117 38 hiving
3392 1759 50 28 for

2905 1800 80 29 their
3008 1800 156 40 professed
3193 1801 101 38 object
3309 1800 52 29 the
3384 1800 55 29 lib-

2906 1841 117 31 eration
3059 1842 33 30 of
3121 1841 52 30 the
3203 1841 128 32 Cretans
3360 1841 81 29 from

2905 1882 53 30 the
2986 1887 137 35 tyranny
3159 1883 32 29 of
3227 1882 54 30 the'
3317 1881 117 31 Sultan.

2904 1923 81 30 That
3014 1935 61 19 was
3104 1925 41 29 its
3174 1924 130 30 avowed'
3320 1924 116 40 .object,

2905 1966 62 28 and
2981 1966 133 38 nothing
3142 1964 89 31 could
3259 1966 35 29 be
3325 1971 110 26 better.
3458 1987 6 5 ,

2906 2006 62 30 But
2984 2017 31 19 as
3031 2007 73 29 time
3118 2010 83 26 went
3216 2017 48 24 on,
3279 2007 51 29 the
3348 1998 113 38 scene*

2906 2048 155 40 changed;
3085 2048 52 29 the
3153 2048 64 39 plot
3229 2048 167 39 developed
3398 2065 41 4 —

2905 2088 123 41 Turkey
3045 2089 99 30 would
3170 2090 77 29 have
3262 2090 61 29 laid
3348 2090 89 29 down

2904 2131 56 29 her
2985 2141 88 19 arms,
3099 2131 57 29 and
3181 2141 62 19 was
3258 2131 133 29 inclined
3408 2136 31 24 to

2905 2182 84 20 come
3015 2177 31 24 to
3075 2175 96 27 terms
3200 2172 76 31 with.
3305 2172 129 32 Greece.

2905 2213 85 30 With
3013 2224 57 20 ons
3098 2213 86 31 voice
3210 2213 52 31 the
3308 2212 128 31 Cretans

2904 2254 169 31 demanded
3124 2256 187 29 ahnexstion
3362 2256 75 29 with.
3471 2263 6 10 *

2904 2296 122 29 Greece.
3092 2297 71 28 And
3193 2297 85 34 then,
3323 2307 18 17 a
3370 2307 68 18 new

2904 2337 119 29 feature
3035 2338 163 39 presented
3210 2337 93 29 itself.
3327 2336 111 30 Russia

2903 2377 123 31 refused
3061 2382 33 26 to
3130 2378 90 30 allow
3252 2378 115 30 Greece
3403 2382 31 24 to

2902 2418 90 31 make
3007 2423 94 26 terms
3115 2419 76 31 with
3206 2418 133 40 Turkey.
3372 2418 63 31 TII3

2902 2460 135 38 English
3051 2471 90 29 army
3164 2461 60 29 and
3247 2471 82 27 navy
3354 2471 80 18 were

2903 2512 27 19 01
2939 2500 101 37 dered,
3063 2502 43 40 by
3120 2501 53 30 the
3201 2500 83 42 Tory
3299 2502 136 29 Govern-

2904 2547 92 32 ment,
3029 2547 33 26 to
3088 2545 36 29 be
3152 2544 52 31 the
3232 2544 147 29 foremost
3403 2544 32 29 m

2904 2585 183 39 preventing
3101 2585 51 30 the
3167 2585 108 39 people
3290 2585 145 39 carrying

2902 2629 56 27 out
2991 2626 83 29 their
3118 2625 131 40 designs,
3285 2630 52 35 yet
3365 2625 71 39 they

2902 2667 168 40 pretended,
3085 2670 33 27 to
3147 2667 37 30 be
3199 2667 128 30 anxious
3342 2670 35 27 to
3389 2671 46 25 set
3458 2685 19 5 --

2901 2709 54 30 the
2984 2708 129 32 Cretans
3141 2708 71 31 free.
3256 2707 64 32 The
3349 2709 87 28 other
3476 2707 1 11 '

2904 2751 124 30 Powers
3052 2750 97 40 urged
3165 2750 51 30 the
3240 2750 148 30 blockade
3404 2749 33 30 of

2904 2791 115 30 Greece
3038 2791 90 30 itself.

2934 2834 77 28 -The
3040 2833 124 38 peoples
3191 2833 32 28 of
3238 2833 121 37 Europe
3374 2841 62 20 saw

2905 2874 69 29 tint
2988 2874 73 37 they
3077 2883 81 20 were
3183 2873 92 39 being
3300 2872 137 33 befooled

2905 2914 41 40 by
2980 2914 83 30 their
3099 2913 170 40 respective
3301 2914 136 30 Govern-

2906 2959 108 28 ments.
3030 2977 3 1 -
3059 2955 82 36 And_
3161 2966 84 20 more

2906 2998 50 29 did
2985 2997 62 29 this
3063 2998 94 38 apply
3186 3002 32 24 to
3246 2997 52 30 the
3314 3007 67 20 case
3407 2996 32 30 of

2908 3038 151 38 England.

2949 3080 60 29 For
3157 3090 78 19 were
3273 3080 49 29 the
3359 3078 118 36 Gov^__

2907 3130 53 21 era
2965 3131 68 19 men
3037 3124 26 26 ts
3092 3121 95 39 doing
3206 3121 13 29 ?
3254 3120 24 31 !T
3273 3134 7 8 v
3280 3118 161 35 heV~were.

2907 3162 135 39 fighting
3068 3162 49 29 for
3145 3161 177 33 tjieirbwn
3358 3164 82 34 end?,

2908 3207 54 36 nqfc
2973 3204 50 29 for
3036 3203 54 31 the
3192 3205 33 29 of
3238 3205 53 29 the
3301 3205 138 29 Cretans.

3029 3257 79 18 were
3142 3245 145 40 thinking'
3324 3245 31 28 of
3389 3245 54 29 the

2910 3287 205 31 bondholders
3128 3287 101 40 ''they
3240 3285 62 31 had
3317 3287 31 28 m
3364 3287 94 45 vie^

2910 3330 52 30 the
2977 3330 139 29 ultimate
3131 3328 145 39 partition
3292 3328 32 29 of
3347 3327 96 29 Turk-
3449 3334 5 5 1

2987 3371 113 30 Cretan
3129 3370 136 29 freedom
3295 3377 75 21 was-
3390 3369 53 29 the

2910 3418 142 34 pretence
3061 3414 4 8 :
3082 3419 85 31 upon
3181 3411 101 29 which
3311 3410 39 28 'A\
3380 3410 62 28 this

2912 3454 152 40 profound
3102 3451 218 31 international
3356 3451 116 35 semi-f

2911 3496 182 39 conspiracy
3108 3503 61 22 was
3186 3493 101 30 based.
3343 3491 99 31 When

2912 3538 52 29 the
2993 3546 79 29 g«ps
3086 3536 32 29 bf
3141 3535 52 29 the
3202 3548 3 7 •
3218 3534 134 39 English
3367 3544 75 18 war-

2911 3579 86 38 ships
3032 3577 76 30 fired
3139 3586 82 29 upon
3251 3575 50 29 the
3333 3574 109 29 Cretan

2912 3618 181 37 Christians,
3139 3618 60 29 and
3246 3616 109 40 spared
3392 3616 51 29 the

2912 3661 132 30 Turkish
3075 3659 261 34 Mohammedans,
3371 3658 73 29 they

2912 3713 78 19 were
3017 3702 110 30 moved
3162 3702 42 40 by
3239 3700 52 29 the
3327 3699 117 30 Jewish

2911 3745 161 29 financiers
3090 3744 100 29 whose
3206 3742 118 30 control
3345 3741 33 29 of
3392 3741 53 28 the

2912 3795 109 29 money
3036 3785 137 29 markets
3189 3784 32 30 of
3235 3782 124 39 Europe
3374 3791 69 20 now

2910 3826 181 40 supersedes
3124 3825 224 31 G-overnments
3385 3822 59 30 aud

2910 3868 134 40 peoples.

2952 3910 42 29 At
3019 3909 43 30 all
3077 3907 129 32 hazards
3234 3908 55 30 the.
3308 3905 136 31 Turkish

2910 3951 116 31 tribute
3040 3955 33 26 to
3130 3951 53 31 the
3240 3948 204 31 bondholders

2911 3996 82 27 must
3007 3995 38 29 be
3061 3991 197 32 maintained.
3291 3989 62 30 Kill
3369 3999 74 29 any-

2911 4035 89 40 body,
3016 4063 3 4 .
3035 4035 131 39 promise
3194 4031 161 40 anything,
3389 4031 55 29 but

2910 4076 164 38 safeguard
3100 4076 52 29 the
3174 4075 141 29 interests
3331 4072 32 29 of
3391 4071 52 30 the

2912 4118 133 39 wealthy
3094 4116 146 30 dividend
3283 4113 159 30 receivers.

2912 4160 62 30 But
2985 4158 219 32 international
3214 4154 211 41 complication
3431 4163 14 20 s

2911 4202 39 30 do
2965 4207 56 25 not
3045 4205 70 35 stop
3145 4203 43 30 at.
3197 4199 52 29 the
3277 4197 96 39 poinr,
3396 4196 50 28 for

2910 4244 26 30 it
2952 4240 106 34 would'
3068 4237 82 35 seeni
3163 4238 70 32 thai;
3247 4236 51 32 the
3313 4237 134 37 English

2912 4296 60 19 are-
2985 4285 106 38 acting
3114 4283 52 30 the
3188 4283 72 38 part
3275 4279 31 31 of
3329 4278 116 39 pirates

2912 4328 60 29 in*-
2981 4327 53 30 the
3056 4328 121 29 eastern
3211 4324 71 38 part
3335 4320 33 29 of
3393 4319 54 30 the

2914 4369 149 30 northern
3076 4365 202 40 hemisphere.
3313 4361 56 30 We
3383 4360 66 30 find

2912 4411 71 31 that
3007 4407 134 44 English
3163 4414 110 33 money
3301 4404 26 30 is
3355 4402 94 40 being

2915 4456 92 36 spent
3041 4451 85 39 daily
3158 4449 34 31 m
3220 4447 157 38 crushing,
3413 4454 35 20 or

2915 4496 174 29 sometimes
3106 4484 131 43 'killing
3265 4486 182 34 Christians,

1263 55 168 31 OXFORD
1470 52 228 34 OBSERVER
1743 50 239 36 SATURDAY,
2025 50 110 31 JUNE
2183 53 39 28 12
2268 51 78 30 1897

3023 184 324 47 TENDERS.

2913 275 172 26 rriENDERS
3098 283 40 17 are
3150 273 94 26 invited
3255 273 71 25 for—

2947 346 22 21 1.
2989 342 115 32 Clearing
3116 341 76 24 about
3204 341 16 23 2
3232 339 70 25 miles
3314 339 26 25 of
3355 339 93 24 drains.

2910 369 4 10 '
2945 377 23 23 2.
2989 377 103 28 Cutting
3103 374 75 25 about
3190 375 33 23 70
3234 373 85 25 chains
3328 373 42 29 dry
3379 372 69 23 ditch

2945 410 22 22 3.
2988 408 115 30 Clearing
3113 407 51 24 flax
3175 405 51 25 and
3238 414 34 15 ma
3277 406 73 23 nukii.

2944 442 108 23 Tenders
3070 439 51 25 will
3141 439 66 24 close
3224 446 32 16 on
3278 437 68 25 16fch.
3371 436 75 25 June.

2910 473 185 29 Specifications
3107 471 157 31 and-ground
3276 478 57 23 may
3346 470 99 25 be-.seeu

2909 515 33 17 on
2970 504 246 26 WEDNESDAYS
3245 504 50 24 and
3323 502 121 26 SATUR-

2908 540 102 24 DAYS.
3116 562 18 8 rv
3135 535 8 30 ;
3194 548 80 22 .;;_.
3307 539 3 5 '

3074 603 155 26 MILLTON
3240 598 121 44 '^ROS^

3172 669 78 25 Birch
3255 669 12 29 ;
3267 669 52 29 Hill
3339 668 104 28 Station,

2907 704 53 26 7th.
2973 704 66 25 June
3057 706 72 24 1897.

2385 181 114 85 ,J,
2535 182 352 88 COLLpsS,_...

2365 283 501 54 PHOTOGRiVPIip,R

2483 417 57 29 AT
2568 404 246 53 OX-FpAt)...;.'._
2817 446 14 14 ir
2836 403 36 52 ;/

2408 489 71 24 ONE
2498 483 105 30 TRIAL
2620 489 199 26 SOLICITED.

2344 545 104 26 Present
2460 547 114 30 Address,
2593 547 53 25 Mrs
2652 551 1 8 :
2665 547 98 30 Eskett,
2777 547 103 25 Oxford.

2363 725 28 29 A
2412 725 171 31 RECENT
2610 725 248 32 DISCOVERY.

2346 809 39 77 A
2410 812 82 25 most
2521 810 171 28 erncaeious
2692 832 8 14 ;
2737 810 143 38 pleasing

2407 849 60 29 acd
2481 849 158 39 palatable

2428 929 138 39 COUGH
2588 929 208 39 MIXTURE

2459 1144 22 23 A
2502 1144 93 24 certain
2613 1145 98 32 remedy
2728 1144 38 24 for

2345 1229 106 30 SORE
2476 1229 202 35 THROATS,

2405 1318 236 31 AYHOOPIN&
2662 1318 157 36 COUGH,
2886 1303 2 23 '

2610 1400 264 31 BRONCHITIS

2342 1478 72 28 And
2430 1478 41 28 all
2486 1476 161 31 affections
2662 1477 34 29 of
2707 1476 51 30 the
2772 1477 108 29 throat

2344 1519 61 28 and
2420 1518 101 40 kings.

2466 1592 70 25 Price
2555 1594 35 23 Is.
2608 1600 43 24 per
2668 1591 86 26 bottle.

2506 1676 96 16 OXFORD
2619 1675 88 17 AGENT.

2405 1735 146 46 RH.
2565 1734 245 46 PARISH

2340 1829 141 26 Wholesale
2500 1830 94 31 Agents
2615 1829 173 25 McINTYEE
2802 1831 19 23 &
2834 1829 42 25 Co.

2467 1885 15 24 9
2502 1883 132 26 Cathedral
2648 1883 101 32 Square.

2368 2035 46 46 J.
2443 2035 47 45 J.
2537 2034 310 56 WEEBER,

2341 2146 66 30 OIL,
2427 2146 119 28 COLOE,
2574 2144 118 31 GLASS,
2723 2144 154 26 VAENISH

2413 2188 72 25 AND
2503 2188 301 26 PAPERHANGINGS

2495 2233 231 25 WAREHOUSE.

2331 2300 90 56 JJ.
2449 2299 152 23 WEEBER
2629 2300 26 22 m
2685 2299 120 30 thanking
2833 2298 43 23 the

2372 2349 5 7 .
2396 2330 120 26 residents
2534 2331 27 25 of
2585 2330 140 26 OXFOED
2751 2331 51 24 and
2824 2339 51 16 sur-

2339 2364 124 31 rounding
2491 2364 108 25 districts
2624 2365 37 23 for
2692 2364 64 25 their
2777 2363 99 26 favours

2339 2397 90 31 during
2440 2398 42 23 the
2493 2400 58 28 past
2572 2398 31 24 18
2622 2405 77 23 years.
2737 2396 99 25 Wishes
2855 2396 21 25 it

2339 2435 25 20 to
2376 2431 30 24 be
2424 2430 55 24 well
2498 2431 89 24 known
2606 2431 57 24 that
2685 2430 33 24 he
2738 2430 46 24 has
2804 2430 70 31 given

2339 2471 33 23 up
2391 2463 30 24 all
2443 2464 96 23 outside
2560 2463 74 29 work,
2654 2464 49 23 and
2726 2463 100 24 intends
2850 2464 26 23 to

2338 2497 86 24 devote
2436 2496 40 24 his
2488 2497 61 23 time
2567 2499 26 21 to
2605 2496 43 24 tlie
2668 2496 138 24 Wholesale
2826 2496 50 24 and

2373 2530 52 25 The
2437 2529 91 26 Easter
2539 2530 101 32 holiday
2649 2529 86 32 lacing
2746 2537 48 18 was
2807 2529 68 32 sadly

2337 2563 73 25 retail
2421 2563 69 25 trade
2502 2572 14 16 a
2520 2565 3 9 1
2523 2572 4 16 ;
2538 2563 82 30 home,
2737 2564 31 23 he
2780 2563 47 24 will
2847 2562 28 26 b;

2337 2597 57 31 glad
2406 2599 24 22 to
2442 2605 38 16 see
2503 2597 34 24 all
2555 2597 41 24 his
2608 2597 41 24 old
2671 2598 137 23 customers
2825 2596 50 24 and

2338 2629 83 32 plenty
2434 2630 25 23 of
2468 2637 53 17 new
2540 2637 68 17 ones.
2813 2637 2 15 ;

2389 2695 99 25 Picture
2507 2696 91 24 frames
2617 2696 72 24 made
2707 2699 26 21 to
2744 2694 80 26 order.

2429 2835 129 46 FOR
2607 2834 180 46 SALE.

2342 2925 84 59 ONE
2451 2926 36 23 set
2510 2927 25 22 of
2557 2925 51 24 disc
2631 2924 109 25 harrows
2768 2924 24 33 (9
2815 2924 60 32 feet)

2379 2973 11 4 -
2414 2958 86 32 nearly
2528 2967 63 20 new,
2627 2957 150 33 embodying
2803 2959 73 24 latest

2340 2992 202 31 improvements.

2373 3025 60 23 Also
2445 3025 15 22 4
2473 3024 63 31 good
2556 3024 133 30 springers,
2708 3023 50 24 and
2777 3025 48 22 two
2846 3025 30 22 15

2340 3057 84 32 gallon
2436 3056 62 26 milk
2509 3065 67 20 cans,
2590 3059 51 22 also
2651 3057 86 24 shares
2748 3056 28 24 m
2785 3064 92 17 cream-

2340 3099 49 23 ery.
2400 3091 3 3 '
2448 3096 35 21 --v.

2380 3174 3 3 •
2436 3157 54 24 For,
2505 3157 158 31 particulars-.
2667 3155 79 35 apj>ly_-
2761 3157 25 24 to

2509 3221 111 26 JAMES
2638 3222 139 29 FISHER,

2379 3293 72 26 ■.,.
2620 3289 73 24 West
2711 3288 101 25 Oxford.

2432 3422 136 44 FOR
2612 3422 183 44 SALE.

2344 3567 127 58 BACON
2501 3568 50 24 and
2584 3567 81 30 hams,
2701 3567 52 25 this
2773 3568 109 24 season's

2404 3609 67 20 cure,
2506 3601 60 28 brd,
2591 3600 52 25 axle
2662 3607 85 25 grease
2760 3608 15 17 a
2791 3596 89 36 special

2344 3634 148 32 compound.
2594 3651 2 4 ■
2694 3652 3 2 ■

2378 3708 63 45 .J,
2503 3708 318 45 .PARLAHE

2474 3808 101 31 East
2623 3806 172 33 Oxford.

2368 3983 21 18 
2417 3991 1 5 ,
2443 3957 359 42 MEETING..

2521 4019 25 23 at
2560 4020 13 22 7
2587 4020 32 22 80
2631 4026 62 23 p.m.

2345 4145 40 57 A
2397 4144 126 25 PUBLIC
2536 4143 161 25 MEETING
2710 4143 51 25 will
2780 4145 32 23 be
2822 4143 59 25 held

2403 4186 32 17 on
2448 4177 190 25 THURSDAY
2656 4179 61 23 next
2736 4178 67 28 17th.
2822 4177 58 30 inst,

2344 4213 25 22 at
2381 4213 41 23 the
2437 4212 158 23 -LIBRARY
2615 4211 37 24 for
2668 4212 42 23 the
2730 4216 107 26 purpose
2857 4212 28 23 of

2343 4244 139 31 discussing
2492 4244 51 26 -the
2561 4243 185 32 practicability
2755 4244 27 24 of
2801 4244 80 24 estab-

2344 4277 93 31 lishing
2448 4286 15 16 a
2475 4275 134 28 Volunteer
2627 4277 87 31 Corps.
2740 4288 82 21 .-..;,,;■;..
2836 4303 4 3 .
2870 4293 10 4 -

2378 4310 44 26 All
2435 4311 134 25 interested
2581 4319 41 17 are
2634 4310 94 26 invited
2749 4308 25 28 to
2786 4312 96 28 attend.,

2344 4344 50 25 and
2410 4347 2 6 '
2421 4347 50 29 afiy
2493 4342 163 27 information
2673 4345 40 24 'm
2734 4345 150 25 connection

2344 4378 62 24 with
2419 4377 43 25 the
2474 4379 100 29 icatter,
2588 4387 54 21 can,
2655 4379 26 24 m
2694 4378 41 26 the
2747 4379 138 25 meantime

2344 4411 31 25 be
2386 4411 110 25 received
2507 4412 65 25 from
2584 4412 43 26 the
2639 4412 177 33 undersigned.
2880 4411 7 25 .-':

2376 4493 62 44 .,■/-•
2453 4507 30 32 ■'.;
2521 4505 33 25 L.
2574 4505 151 31 REEVES,

1821 177 53 38 R.
1915 178 52 40 H.
2011 179 265 41 PARISH

1931 259 72 21 JUST
2018 260 37 21 TO
2071 261 87 21 HAND
2260 263 6 4 '
2288 265 8 5 -

1814 325 216 33 BARGAINS
2046 328 59 31 for.
2107 328 66 31 tins
2182 331 120 30 :month.

1780 397 162 42 Another
1958 401 115 50 Large
2086 403 178 40 Purchase
2285 406 36 38 of

1773 525 3 3 ,
1813 483 241 41 SMATOEY
2077 483 209 42 FLAOTEL
2318 523 2 2 .

1775 571 37 37 to
1827 570 131 43 te..aold
1971 571 115 39 below
2090 601 2 12 :
2098 571 130 43 landed
2241 573 74 39 cost

1775 653 16 30 I
1806 654 78 30 Lave
1900 655 67 31 sold
1992 655 145 38 upwards
2153 657 33 28 of
2200 666 17 19 a
2234 658 79 29 1000

1774 737 94 39 yards
1884 737 32 29 of
1931 737 61 31 this
2006 737 62 31 line
2083 741 32 27 to
2126 749 51 30 my
2192 740 121 30 Oxford

2003 820 117 30 clients.

1787 924 178 25 COLONIAL
1982 916 128 33 TWEE'b
2129 926 185 25 TROUSERS

1940 968 35 21 6s.
1999 967 70 24 ALL
2095 968 105 24 WOOL.

1914 1066 126 22 DOUBLE
2062 1067 111 21 WIDTH

1825 1122 435 42 OHB7IOT

1788 1189 196 47 DRESS
2039 1193 258 45 TWEEDS

1952 1263 80 38 (half
2048 1264 95 38 price)

1787 1311 118 29 Melton
1925 1311 113 31 Tweed
2055 1312 50 30 6d.
2123 1313 102 29 worth
2241 1313 59 40 10|

1773 1358 116 31 Melton
1907 1360 113 31 Tweed
2036 1361 44 30 Is.
2097 1361 99 30 worth
2215 1362 44 29 Is.
2273 1363 39 28 6d

1786 1412 101 29 better
1912 1412 91 29 velue
2029 1412 75 29 than
2130 1412 170 40 travelling

1850 1466 126 39 drapers
1991 1466 64 30 will
2072 1468 70 38 give
2157 1478 70 29 you.

1838 1549 38 37 R
1879 1575 12 12 H
1919 1549 57 37 H.
2012 1549 224 40 PARISH

1917 1603 85 30 East
2024 1604 142 30 Oxford.

1907 1677 270 46 NOTICE.

2125 1733 3 20 ;
2171 1739 2 1 •
2238 1729 3 17 !

1772 1775 20 57 I
1812 1775 53 32 Beg
1883 1777 26 22 to
1931 1775 90 25 info:m
2045 1775 43 25 the
2115 1775 154 25 inhabitants
2287 1776 27 25 of

1807 1808 95 24 Oxford
1912 1808 49 24 and
1974 1809 42 24 the
2028 1809 83 31 public
2118 1809 125 31 generally
2255 1809 57 25 that

1772 1841 12 24 I
1798 1842 59 24 have
1869 1841 75 25 taken
1964 1849 58 17 over
2035 1841 43 25 the
2102 1842 116 25 Business
2236 1842 75 32 lately

1771 1875 94 24 carried
1885 1882 33 17 on
1942 1875 31 31 by
2000 1875 58 29 MR,
2079 1875 28 25 C.
2129 1876 29 23 A.
2185 1875 124 29 TYLER,

1772 1908 106 24 General
1902 1908 104 29 Carrier,
2025 1908 50 24 and
2097 1911 65 21 trust
2186 1909 29 31 by
2240 1909 71 24 strict

1772 1941 123 24 attention
1909 1942 26 23 to
1949 1941 113 25 business
2081 1946 25 20 to
2119 1942 72 24 merit
2212 1949 14 16 a
2238 1942 73 25 share

1771 1974 27 24 of
1806 1974 84 31 public
1901 1977 109 28 support.
2240 1983 2 14 :

1772 2039 108 25 Covered
1893 2040 68 25 Vans
1974 2040 48 25 will
2034 2049 47 15 run
2093 2040 65 24 from
2171 2040 138 25 OXFORD

1881 2102 25 20 to
1925 2097 273 26 CHRISTCHURCH

1771 2158 93 28 every
1893 2148 190 38 MONDAY,
2112 2148 197 30 WEDNES-

1832 2229 89 31 DAY
1947 2229 85 32 AND
2070 2230 175 31 FRIDAY.

1969 2281 142 32 Returning
2263 2289 6 14 :

1772 2325 211 37 TUESDAY,
2010 2325 236 31 THURSDAY
2283 2326 26 30 &

1921 2408 242 30 SATURDAY.

1771 2481 133 24 Furniture
1916 2481 59 23 and-
1986 2482 76 30 goods
2075 2482 26 24 of
2119 2489 72 23 every
2205 2482 103 30 descrip-

1771 2515 51 24 tion
1836 2514 94 32 packed
1954 2515 48 24 and
2022 2515 116 24 removed
2156 2520 26 19 at
2202 2515 107 24 shortest

1995 2549 90 24 notice.

1870 2592 135 32 Receiving
2018 2592 77 25 Order
2119 2592 53 25 Box
2184 2595 26 22 at

1772 2625 39 24 M>
1827 2625 142 24 Earnshaw
2121 2625 69 24 West
2207 2624 101 25 Oxford.

1771 2658 25 24 J.
1810 2657 24 25 J.
1850 2658 101 24 Weeber
2125 2657 64 25 East
2208 2657 100 25 Oxford.

1771 2691 35 24 H.
1824 2690 129 25 Davidson
2037 2690 122 26 Bennetts
2180 2691 127 24 Junction.

1772 2724 28 25 C.
1820 2725 29 23 A.
1868 2724 74 31 Tyler
2174 2724 134 31 Rangiora.

1774 2758 30 24 R.
1824 2757 33 25 H.
1875 2757 121 32 Hodgson
2241 2757 68 25 Cust.

1789 2812 53 25 The
1855 2812 75 25 above
1942 2819 101 24 waggon
2061 2820 48 16 run
2128 2812 26 23 m
2176 2811 117 31 conjunc-

1839 2845 52 24 tion
1904 2845 61 24 with
1983 2844 145 25 TYLER'S
2140 2852 104 23 wagcon

1817 2877 83 24 which
1911 2877 82 24 leaves
2017 2876 179 25 RAKGIORA
2216 2876 50 25 and

1773 2909 273 25 CHRISTCHURCH
2058 2917 71 22 every
2147 2909 56 35 day,
2227 2909 84 25 orders

1764 2942 2 3 '
1773 2943 45 24 left
1831 2944 25 23 at
1874 2942 179 32 thfc&llowiiig
2064 2943 82 31 places
2166 2943 26 23 m
2215 2942 95 25 Chrisi-

1773 2976 94 25 church
1881 2977 51 23 will
1954 2976 95 24 receive
2065 2981 99 26 prompt
2184 2977 126 23 attention

1774 3027 31 24 E.
1819 3026 78 25 Recce
1911 3027 18 23 &
1943 3026 60 25 Son.
2139 3026 120 25 Colombo
2272 3026 38 25 St.

1773 3059 154 26 Rotherfield
1945 3058 77 26 Hotel
2107 3059 89 25 Cashel
2219 3056 90 28 Street.

1774 3092 24 25 J.
1817 3092 30 25 B.
1867 3092 105 25 Watson
2020 3108 4 4 •
2058 3092 134 26 Cathedral
2206 3093 103 31 Square.

1775 3127 47 23 130
1842 3125 109 25 Kilmore
1971 3127 88 24 Street.
2090 3126 143 31 Telephone
2262 3127 45 25 727

1907 3186 26 25 J.
1955 3187 141 24 CARTER

2039 3247 119 27 Femhill,
2196 3267 2 3 .

1974 3308 63 23 East
2057 3306 102 33 Oxford.

1766 3461 47 16 :-•■•■
1988 3454 27 31 (a
2032 3453 70 33 card)

1775 3514 166 32 MESSRS
1979 3516 240 37 JOHNSTON.
2227 3516 87 37 A^D

1976 3589 136 31 MILLS.

1938 3658 211 25 SOLICITORS.
2253 3667 4 3 -
2291 3665 11 18 •:

1776 3723 282 30 CHRISTCHUROH,
2088 3724 178 25 RANGIORA
2296 3726 18 23 &

1842 3803 11 3 ..
1905 3803 4 4 .
1970 3785 148 24 OXFORD.

1808 3849 41 24 Mr
1860 3850 126 24 Johnston
2008 3849 50 25 will
2076 3850 87 25 attend
2175 3850 94 25 Oxford
2281 3859 32 16 on

1776 3882 76 25 Court
1879 3882 60 32 days
1963 3882 49 25 and
2032 3882 58 25 Sale
2111 3883 62 31 daj's*
2184 3883 47 24 and
2255 3892 58 22 may

1775 3915 29 25 be
1817 3915 128 25 consulted
1971 3920 24 20 at
2008 3915 41 25 Mr
2065 3916 75 24 Lee's
2158 3924 55 17 new
2233 3917 79 29 Store,

1776 3950 70 23 Main
1857 3949 82 25 Street
1952 3948 101 25 Oxford.

1811 4020 164 24 Christchurch
1987 4020 74 29 OJ/ice
2062 4034 31 3 —
2097 4019 118 31 Opposite
2228 4019 84 25 Union

1777 4053 79 26 Bank,
1869 4053 122 24 Hereford
2005 4053 90 24 Street.

1764 4124 2 21 I
1779 4139 3 3 .
1799 4119 134 28 .Rangiora
1954 4119 72 31 Office
2029 4132 31 3 —
2062 4117 66 24 Next
2145 4118 27 23 to
2184 4117 41 24 Mr
2252 4117 28 24 A.
2292 4117 21 24 P

1777 4151 114 24 Sutton's
1907 4150 108 24 Auction
2034 4150 89 25 Room.

1777 4270 213 60 ;w;:est;
2015 4272 300 48 oxford.

1777 4364 22 23 T
1818 4359 119 29 JAMES
1954 4362 141 30 FISHER,
2115 4362 31 25 do
2158 4362 94 32 hereby
2260 4365 56 30 give

1778 4387 16 35 J
1817 4395 330 37 NOTlQEjhaJivl^intend
2166 4397 26 24 to
2204 4395 75 33 apply
2290 4399 26 23 to

1780 4430 39 26 the
1831 4430 168 32 Magistrate's
2013 4429 76 26 Court
2104 4430 38 24 for
2152 4437 16 17 a
2179 4430 137 32 slaughter-

1778 4465 44 31 ing
1833 4463 88 26 license
1933 4463 109 26 for.R.S.
2057 4461 73 31 1964
2149 4465 26 24 to
2186 4463 46 25 kill
2248 4463 69 33 large

1779 4496 51 25 and
1852 4496 75 25 small
1944 4496 85 25 cattle.

1214 187 112 45 1897
1359 186 254 43 WINTER
1639 182 112 47 1897

1327 380 106 30 EACT
1472 379 173 31 OXFORD

1276 472 4 6 ,
1326 451 134 21 INTEXDS
1474 453 38 20 TO
1528 453 73 19 SELL

1194 518 2 1 ■
1199 506 186 29 -seasonable
1394 507 97 37 goods
1501 513 32 22 at
1538 507 101 38 prices
1650 507 107 31 belo\v.:

1206 556 70 29 tliat
1295 556 33 29 of
1340 567 64 29 'any
1429 556 223 31 Christchurch
1677 558 68 29 firm

1248 608 74 30 Just
1357 608 140 33 received
1532 608 102 30 direct'
1660 609 94 29 'from'

1206 658 132 30 London
1367 670 18 19 a
1415 660 85 38 large
1530 660 215 38 consignment

1206 711 33 28 oE
1249 709 134 31 Geueral
1394 709 142 41 Drapery
1537 728 41 4 —
1579 721 39 19 no
1630 711 115 30 middle

1206 763 92 29 men's
1309 763 119 38 profits,
1445 773 18 18 a
1478 763 99 38 single
1587 763 78 39 yard
1683 764 59 29 and

1207 824 18 19 a
1254 812 100 40 sing-le
1384 809 107 35 {vvtieVe
1521 818 33 25 at
1581 815 164 30 -wholesale

1207 864 101 39 prices
1309 882 42 3 —
1463 892 2 1 .
1495 888 15 11 ...

1263 944 188 61 BriTxiig
1510 937 160 59 Mmm
1672 981 13 19 f

1203 1341 146 48 Hum
1366 1343 194 48 E^lhni
1563 1377 13 19 9
1605 1344 132 47 &am«

1203 1637 232 64 Skirtings,
1476 1638 203 52 $%Uuns
1700 1639 41 50 &

1203 1963 142 48 Unim
1366 1963 84 49 mi
1472 1965 133 47 Limit
1634 1965 108 48 Tick

1201 2061 149 49 Wsls&
1370 2061 197 50 MmmU
1570 2095 12 20 9
1624 2062 116 47 Her-

1255 2467 257 50 hutkh'bu'k
1531 2467 152 49 UwsU

1222 2565 153 55 Hrn%
1391 2563 219 54 timimm
1622 2563 100 51 haw

1243 2955 388 50 Blukl^tnUm

1248 3159 50 31 All
1319 3159 87 30 the&e
1428 3158 96 40 goods
1547 3169 52 19 are
1615 3157 130 40 cheaper,

1204 3209 78 29 than
1305 3218 58 19 can
1385 3208 38 29 be
1445 3206 174 39 purchased
1635 3210 32 25 at
1683 3216 61 28 any

1207 3254 224 31 Christchurch
1463 3253 119 40 Selling
1613 3253 44 29 off
1684 3252 59 30 Es-

1206 3301 202 31 tablishment
1430 3310 35 21 or
1486 3301 80 29 from
1594 3300 151 30 itinerant

1206 3345 139 34 drapers.
1392 3371 70 7 ...

1460 3420 33 28 i»
1585 3431 2 1 -
1619 3427 41 4 --•■•

1310 3479 132 22 SPECIAL
1463 3479 58 21 JOB
1552 3479 74 21 LINE

1207 3539 538 58 KAIAPOIIROSLTN

1233 3625 154 31 WEED
1405 3625 118 31 SUITS
1540 3623 72 42 21/6
1636 3623 74 41 21/6

1322 3689 80 25 worth
1420 3691 52 22 30s.
1491 3696 44 24 per
1552 3689 61 24 suit!

1208 3752 153 30 TWEED
1378 3751 120 31 SUITS
1515 3750 66 40 25/-
1596 3750 99 31 worth
1706 3751 39 28 85

1254 3851 167 33 ALL
1463 3848 241 34 WOOL

1209 3978 131 39 cheaper
1354 3978 77 29 than
1447 3987 56 19 can
1524 3977 38 29 be
1573 3976 172 40 purchased

1209 4032 32 27 at
1270 4028 124 31 auction
1423 4039 35 18 or
1476 4028 83 30 from
1597 4028 150 29 itinerant

1392 4077 137 38 drapers:

1256 4158 86 32 1897
1386 4153 180 50 Winter
1609 4156 92 33 1897.

1208 4225 247 47 Eiijypei
1469 4204 3 7 '
1495 4225 251 49 ttosbs.

1210 4305 83 22 SUITS
1303 4305 87 21 MADE
1401 4304 37 21 TO
1448 4304 145 23 MEASURE
1606 4304 80 22 FROM
1703 4306 44 19 50s.

1210 4348 120 80 FULL
1346 4347 144 31 RANGE
1501 4348 35 30 of
1543 4348 63 30 this
1620 4347 125 31 Season'

1288 4390 145 30 Patterns
1453 4393 33 27 to
1516 4390 93 30 hand.

1399 4461 14 11 
1443 4434 60 32 -at'
1634 4458 30 10 -■-

1249 4478 3 6 '
1315 4486 37 31 R,
1377 4484 41 30 .H
1440 4485 197 30 PARISH'S

742 182 324 52 TENDERS.

633 294 173 25 TENDERS
819 303 40 17 are
872 296 93 24 invited
983 296 37 24 for
1042 298 134 31 Stumping

637 322 22 30 •X
680 328 56 25 four
747 329 106 23 acivsof
863 329 71 24 Bush
946 330 82 25 Land.
1065 331 108 24 Tender.?

633 362 66 26 clos,e
711 369 32 16 on
757 362 43 24 the
812 362 70 24 loth;
896 364 26 22 of
933 363 73 25 June.

671 414 66 25 *""''
757 415 15 23 ]i
778 415 39 14 '■'■
835 410 184 38 A/'jENSEN
1048 435 25 12 v.
1132 433 2 13 :

644 451 26 21 .A
689 465 10 6 •.
718 462 7 3 ■■
739 451 46 21 .y.:'.-'
793 469 3 1 .
805 451 154 19 /■'"/■■■■'■

929 481 143 25 Woodside.
1161 501 6 15 i
1180 506 2 2 .

635 605 4 4 .
686 550 5 4 '
1109 560 63 47 "'■'■'■':

631 661 174 24 LENDERS
835 668 40 17 are
898 661 95 24 invited
1020 661 64 24 until

638 686 27 32 L
698 694 69 24 20th.
797 694 38 23 for
863 694 153 33 Ploughing,
1057 694 113 30 Diceing,

633 727 155 31 Harrowing',
807 722 103 35 Roiling
931 729 43 22 &c.
995 728 49 22 140
1062 734 67 17 acres
1142 729 38 21 6n.

628 764 3 9 ;
631 760 50 25 the-
706 760 150 24 WARREN
882 757 150 28 'ESTATE.
1081 759 86 24 EAST

633 793 147 25 OXFORD.
816 793 54 25 The
882 793 86 24 lowest
980 801 27 16 or
1023 800 49 23 any
1084 792 87 25 tender

633 829 45 22 not
691 826 148 30 neeespari'y
851 826 124 30 accepted.

667 859 50 24 For
728 858 178 32 specifications
920 859 40 23 &c.
979 858 73 31 apply
1066 859 26 23 to

833 919 29 23 F.
882 917 122 26 CROWE

967 981 127 31 Manager.

687 1100 195 21 RIORDINARY
898 1099 215 21 OIPOBTUXIIT.

631 1175 82 22 FEOM
724 1175 59 20 THE
941 1174 90 20 DIKEC
1040 1174 10 20 C
1061 1174 35 20 TO
1108 1173 62 21 THE

820 1201 164 20 CU-SiOMEH.

631 1250 67 51 OOIi
718 1249 112 25 Company
854 1248 19 19 is
887 1248 77 24 selling
986 1248 66 20 direct
1081 1250 22 18 to
1134 1248 37 20 the

674 1278 113 22 customer,
804 1275 50 20 thus
867 1276 114 24 procuiiug
992 1278 34 17 tor
1037 1274 36 20 the
1082 1275 65 20 latter
1158 1281 16 14 a'

631 1304 76 20 double
727 1307 109 20 economy,
856 1301 92 25 namely,
971 1305 35 16 tlie
1021 1301 98 26 piiiicof
1134 1303 35 18 tbo

631 1331 112 20 wholesale
754 1329 75 24 deaier,
849 1329 43 19 and
903 1328 35 20 the
956 1334 58 14 more
1025 1329 145 19 coi.siderabie

631 1364 38 14 one
681 1358 22 18 of
713 1357 36 19 ihe
759 1357 62 18 leiail
832 1355 77 23 dealer,
934 1355 127 24 amounting
1073 1359 22 16 to
1114 1356 55 18 from

630 1390 30 14 os.
671 1380 7 7 *
688 1383 67 20 oiglO
764 1387 57 20 upon
831 1387 13 14 a
854 1381 70 26 single
931 1381 76 20 watch.
1022 1380 73 21 Retail
1103 1381 68 20 watch

629 1409 82 21 dealers
722 1409 43 20 and
783 1408 111 26 jeweller.*,
907 1409 84 23 usually
1006 1408 79 26 selling-
1105 1408 37 19 but
1157 1416 12 12 «

629 1439 39 19 few
680 1437 92 19 watches
783 1435 63 25 auiiy,
862 1441 36 14 are
917 1436 70 19 iorceu
1007 1437 23 18 to
1053 1435 62 20 make
1142 1441 28 14 an

629 1464 163 25 extraordinaiy
807 1461 64 27 profit
882 1468 57 19 upon
959 1461 52 21 each
1026 1467 40 15 one
1080 1462 48 20 to.d
1146 1468 23 13 iv

629 1491 62 20 order
703 1493 22 17 to
737 1491 74 24 delray
821 1495 110 19 expsneea.
1180 1486 2 32 j

656 1517 42 20 We
718 1518 158 19 manufacture
884 1522 25 13 as
919 1521 43 14 our
976 1515 121 27 speciality
1117 1516 54 26 only

630 1544 96 25 sterling
739 1544 70 21 silver
817 1550 26 13 or
861 1542 54 27 gold
923 1543 156 21 steimvinders
1108 1543 62 26 (key-

628 1572 33 19 lss
675 1571 98 20 waiches.

658 1597 45 21 The
714 1599 83 26 keyless
814 1597 136 22 uiechani.-m
959 1598 22 19 of
997 1598 94 21 watches
1099 1598 18 20 is
1127 1604 42 15 one

630 1627 22 20 of
666 1625 37 21 the
713 1632 57 14 most
779 1627 121 24 importart
911 1628 43 16 and
964 1625 72 20 useful
1046 1626 124 20 inventions

630 1655 22 19 of
668 1655 90 18 modern
778 1654 74 22 times,
880 1652 87 20 instead
981 1652 23 19 of
1018 1653 112 26 mmbling
1146 1653 23 19 iv

630 1681 60 21 one'd
700 1681 90 25 pjeketi
807 1682 21 18 to
838 1679 47 21 find
900 1679 40 21 the
957 1679 48 25 Ley,
1023 1679 69 21 wiiich
1108 1686 61 14 wnen

630 1710 69 19 founa
713 1707 19 21 is
746 1708 58 20 most
818 1707 82 26 always
910 1706 61 21 filled
982 1709 52 17 with
1045 1713 30 14 qu
1086 1707 83 21 t-this

631 1738 21 19 of
667 1741 77 16 course
753 1735 66 26 being
835 1734 129 20 trausfened
978 1735 24 19 to
1016 1734 40 20 the
1070 1735 72 19 watch
1144 1745 27 4 —

631 1769 42 16 one
684 1764 40 19 has
734 1762 42 21 hut
784 1764 25 18 to
819 1762 54 19 turn
883 1768 11 13 a
905 1761 96 20 knuilei
1012 1762 81 20 Lutton
1102 1761 69 21 fitted

630 1792 24 19 to
663 1791 41 20 the
717 1789 102 27 pendant
878 1789 67 26 ring),
956 1789 53 19 thus
1019 1789 101 26 winding
1130 1790 39 19 the

631 1818 72 21 watch
722 1818 45 19 and
797 1816 129 26 regulating
946 1816 39 20 the
1001 1816 72 20 hands
1087 1816 30 26 by
1129 1816 41 21 the

642 1851 50 15 anie
702 1851 66 14 mean
771 1849 7 9 J
781 1859 4 5 .

658 1873 48 20 Our
715 1872 97 20 watches
831 1878 37 15 are
878 1871 142 26 everywhere
1038 1871 133 26 recognised

630 1901 24 20 to
664 1900 28 21 be
711 1899 40 20 the
765 1899 51 20 best
832 1900 26 19 m
876 1900 41 19 the
927 1899 95 22 market,
1036 1899 134 25 surpassing

631 1927 32 20 all
673 1926 77 21 others
759 1926 31 26 by
809 1926 40 21 the
859 1926 113 27 precision
981 1926 24 20 of
1023 1924 62 21 their
1095 1931 75 15 move-

631 1955 74 20 ments
724 1959 26 14 as
769 1954 51 20 well
829 1959 25 15 as
876 1954 28 26 by
922 1954 61 20 their
997 1958 109 21 accuracy
1124 1954 47 20 and

631 1982 131 25 cheapness.

659 2010 46 19 Our
713 2008 94 26 factory,
821 2008 61 19 since
891 2008 30 19 its
927 2006 137 21 foundation
1073 2008 25 19 m
1109 2008 60 22 1852,

631 2036 42 20 has
682 2035 107 27 acquired
798 2041 14 14 a
823 2034 139 21 world-wide
972 2035 103 25 repu.ati
1092 2041 36 18 en,
1143 2041 7 14 t
1157 2041 16 14 n

631 2063 108 21 obtained
747 2063 41 20 the
798 2062 93 26 highest
899 2062 89 20 awards
1006 2062 59 19 from
1079 2062 32 20 all
1129 2062 40 21 the

631 2091 125 26 important
770 2090 151 20 Exhibitions.
951 2090 34 20 No
999 2090 75 19 watch
1093 2091 76 19 leaves

631 2125 42 13 our
682 2119 89 24 factory
784 2117 96 21 without
896 2117 87 26 having
992 2116 57 21 been
1059 2117 110 26 carefully

632 2145 118 21 examined
764 2145 45 20 and
825 2145 100 23 verified,
939 2145 55 20 thus
1012 2144 70 27 being
1100 2150 70 21 reaay

631 2173 38 21 for
678 2172 130 20 immediate
819 2178 44 14 use.
893 2172 63 20 Each
965 2177 42 15 one
1017 2171 20 19 is
1051 2174 43 23 put
1103 2178 32 19 up
1145 2173 25 19 m

632 2207 29 14 an
671 2200 91 25 elegant
772 2199 120 21 silk-lined
901 2205 57 18 case,
975 2199 46 20 and
1035 2206 135 19 accompan-

632 2228 38 20 ied
678 2227 29 26 by
718 2233 15 14 a
741 2229 113 24 warranty
864 2228 35 20 for
908 2227 65 20 three
983 2233 71 20 years.

659 2255 48 21 The
713 2255 72 26 buyer
793 2260 52 20 may
851 2255 77 19 return
938 2260 45 20 any
990 2256 22 18 of
1022 2261 41 13 our
1073 2254 97 21 watches

633 2282 80 22 within
723 2283 35 19 six
776 2282 90 20 momhs
880 2281 82 21 should
980 2282 41 20 the
1039 2282 72 20 latter
1129 2284 41 19 not

633 2310 72 20 afford
714 2309 48 19 him
770 2310 41 18 the
820 2310 60 18 most
889 2309 110 24 complete
1006 2308 149 20 satisfaction.

659 2335 39 21 All
707 2335 92 20 articles
809 2335 50 19 sold
878 2340 39 15 are
927 2335 112 20 delivered
1054 2337 51 24 post
1113 2336 56 23 free,

632 2363 46 21 and
688 2363 102 19 Customs
804 2362 57 26 duty
870 2362 55 26 j>aid
941 2366 24 16 to
974 2368 46 19 any
1033 2364 54 24 part
1096 2363 24 19 of
1130 2363 39 19 the

632 2390 76 23 world,
724 2389 54 20 thus
788 2390 96 20 without
903 2389 40 20 the
953 2390 108 25 slightest
1079 2390 90 20 trouble

632 2424 26 14 or
666 2417 117 25 formality
791 2418 24 18 to
825 2417 40 19 the
874 2417 106 19 receiver.

659 2444 39 21 Ail
711 2450 86 19 repairs
816 2443 84 27 during
918 2444 40 20 the
978 2443 65 21 three
1062 2450 65 19 years
1146 2444 25 20 of

631 2472 125 26 guarantee
776 2476 38 15 are
833 2471 110 20 executed
957 2471 180 26 gratituiiousiy,
1152 2472 18 18 ii

631 2502 40 17 the
690 2498 74 20 watch
788 2498 26 20 be
831 2498 125 20 lonvarded
974 2500 24 18 to
1017 2504 41 13 our
1076 2498 93 20 London

631 2527 67 20 office.

631 2555 47 20 The
701 2552 117 27 following
837 2559 38 15 are
898 2552 54 21 cash
975 2552 74 27 prices
1070 2553 99 21 without

631 2582 110 20 discount.

1103 2609 19 19 £
1150 2615 18 13 s.

658 2637 26 20 A.
696 2634 162 24 Stem-winder,
865 2634 177 26 sterlingsilver,
1049 2634 49 21 hall

711 2661 100 24 marked,
825 2662 102 26 jewelled
936 2663 25 18 m
970 2664 13 18 b
993 2663 94 23 actions,

711 2695 19 14 ci
734 2689 61 25 ystal
802 2693 62 22 glass
874 2695 14 15 a
897 2690 79 26 strong
983 2689 46 22 and
1033 2688 52 21 dur-

711 2716 51 21 able
775 2718 75 19 watch
1061 2732 23 5 ...
1141 2718 27 19 12

631 2745 53 20 A.A.
694 2743 49 21 The
764 2750 60 14 same
842 2744 57 21 with
928 2744 82 21 doxible
1032 2744 69 21 silver

715 2777 49 14 case
778 2771 121 28 (Hunter),
918 2772 116 26 elegantly
1050 2777 37 14 en-
1118 2789 2 3 .

699 2799 86 26 graved
1141 2801 26 18 18

669 2825 87 21 B.Gold
765 2826 160 24 stem-winder,
936 2826 31 20 ha
974 2826 10 20 1
998 2825 99 25 marked,
1120 2831 2 10 '

714 2854 79 24 htrong
802 2853 89 25 keyless
898 2855 81 22 aation,
989 2852 103 27 jewelled

712 2879 25 20 m
743 2881 24 18 13
772 2880 92 24 actions,
875 2879 54 21 with
937 2881 55 24 gold
1000 2885 25 14 or
1033 2879 55 20 steel

712 2907 81 24 hands,
807 2907 66 19 small
887 2907 82 20 second
988 2907 52 23 dial,
1050 2912 38 14 en-

715 2937 85 22 giaved
813 2934 25 20 m
855 2934 116 20 beautiful
990 2934 98 25 designs,

714 2961 81 27 engine
804 2962 83 21 turned
896 2968 26 14 or
930 2963 62 26 plain
1002 2963 89 26 poliSh-

715 2990 33 23 ed,
772 2990 56 20 with
846 2996 137 20 monogram,
1006 2989 83 24 initial,

714 3022 58 14 arms
783 3017 29 19 &c
1104 3015 12 19 2
1158 3017 14 17 0

633 3043 53 21 B.C.
706 3043 46 20 The
771 3049 59 15 same
859 3050 23 14 as
899 3044 25 24 li,
947 3045 52 19 with
1016 3048 73 20 strong

714 3071 135 24 ctoib.egold
864 3078 55 17 case,
939 3078 29 14 an
985 3072 104 20 exce;leut

715 3098 43 20 and
768 3102 48 21 \ery
826 3099 84 25 elegant
921 3099 133 25 timekeeper.
1067 3114 22 5 ...
1102 3098 12 19 3
1146 3097 26 21 10

661 3125 23 19 O.
695 3123 231 29 lloxalchiouograpli,
941 3128 24 18 18
976 3129 58 17 carat
1039 3128 51 23 gold

717 3156 56 16 most
798 3154 98 25 superior
916 3156 81 22 keyless
1021 3158 68 14 move-

717 3184 66 21 ment,
807 3186 21 13 oi
853 3180 36 20 the
912 3186 58 15 most
990 3184 99 16 accurate

716 3207 166 26 woiknianship,
903 3210 43 17 and
964 3213 40 14 one
1014 3210 23 16 of
1050 3209 41 18 xthe
1150 3221 3 2 •
1180 3225 1 2 .

685 3243 3 2 •
717 3232 45 21 best
775 3240 55 13 wear
839 3234 99 25 resisting
950 3234 90 19 waiches
1052 3248 23 5 ...
1104 3234 15 18 4

636 3259 48 21 C.C.
694 3258 46 20 The
754 3267 59 14 same
823 3262 70 19 watch
903 3262 55 19 with-
965 3262 76 19 d'ouble
1047 3260 44 20 and

718 3288 60 19 extra
788 3288 75 25 btrong
872 3295 54 17 cabe,
937 3289 96 19 18-carat
1040 3288 50 25 gold
1132 3307 3 3 .
1156 3306 3 2 .

716 3315 131 26 artistically
864 3316 110 25 engraved;
991 3317 100 23 'etigme-

717 3344 77 19 turned
804 3348 26 14 or
845 3343 60 25 plain
919 3342 104 26 poiishedj
1039 3342 52 21 with

717 3373 145 23 monogrante,
876 3370 89 23 initials,
976 3370 36 20 &c.
1052 3385 23 4 ...
1105 3369 12 20 6
1146 3370 27 19 10

653 3409 3 4 •
662 3398 27 19 JD.
699 3417 3 2 .
711 3396 102 26 Imperial
823 3396 101 21 calendar
934 3398 155 23 chronometer,

718 3425 96 18 18-carat
837 3425 54 23 gold,
915 3423 120 25 indicating
1047 3424 44 21 .the

717 3452 48 23 day,
776 3451 36 19 the
821 3451 66 23 week,
899 3450 35 20 tlie
944 3450 83 25 month,
1044 3450 45 20 and

717 3478 48 19 date
785 3478 20 19 of
816 3478 85 24 month;
902 3477 105 26 -jewelled
1021 3478 68 23 in'^i^

718 3511 27 14 ac
754 3504 54 25 ions,
828 3506 50 19 with
889 3509 31 16 ail
931 3505 35 19 the
975 3498 124 32 latest^iui^

718 3534 145 24 provenients
887 3532 45 21 and
954 3532 135 23 inventions,

718 3566 42 13 ono
770 3560 23 19 of
802 3560 40 20 the
852 3560 51 20 best
912 3559 108 20 andniOst
1030 3565 61 20 mag-
1138 3567 3 13 i

718 3584 93 23 nificent
814 3587 99 21 watches
920 3586 172 21 manufactured

718 3614 56 20 such
784 3620 25 14 as
824 3621 38 14 are
872 3619 69 16 never
951 3614 50 20 sold
1018 3614 29 26 by
1055 3619 36 15 ire-

718 3641 43 20 tail
771 3641 86 21 dealers
866 3643 36 19 for
912 3641 44 21 less
964 3641 58 20 than
1031 3642 47 20 i>2s
1098 3642 35 20 .1°
1160 3642 14 19 0

663 3669 38 20 All
711 3675 41 14 our
761 3670 97 20 watches
868 3676 38 14 are
915 3669 171 20 manulactured
1095 3669 25 19 m
1129 3670 45 19 two

637 3696 104 20 different
750 3697 64 23 sizoi,
828 3697 63 26 large
901 3696 45 20 and
955 3696 68 20 small
1034 3696 45 25 (for
1088 3696 87 26 gentle-

635 3730 54 13 men
707 3723 46 20 and
776 3724 77 25 ladies,
859 3728 7 21 J
873 3727 2 4 '
889 3724 97 20 without
1010 3723 121 21 difference
1150 3723 25 21 of

636 3751 68 27 price.
851 3770 1 2 .
926 3768 4 2 .
1056 3758 4 3 •

665 3777 45 21 Old
718 3778 105 23 watches,
838 3778 38 20 old
885 3777 54 27 gold
948 3778 46 20 and
1012 3778 70 20 silver
1091 3777 85 27 will^be

637 3805 69 19 taken
715 3804 24 19 m
748 3806 109 24 payment
866 3808 26 16 at
901 3805 40 19 the
950 3805 94 26 highest
1057 3805 74 20 value:
1156 3805 20 19 if

632 3831 133 20 •forwarded
776 3835 29 22 by
814 3833 137 24 parceLpost
959 3833 24 19 to
994 3838 42 14 our
1045 3833 106 19 address.-

666 3855 156 24 Ee'mittances
842 3865 52 20 may
917 3859 28 19 be
967 3859 66 20 made
1052 3859 74 20 either
1145 3859 30 26 by

640 3886 78 20 Postal
728 3886 77 24 Order,
817 3886 97 26 Cheque,
924 3886 66 20 Bank
999 3887 66 19 notes
1071 3886 105 26 (postage

638 3915 86 23 stamps
733 3913 37 19 for
780 3913 67 20 small
853 3914 120 26 amounts,)
990 3913 24 21 of
1023 3919 45 20 any
1073 3915 102 24 country,

636 3941 27 19 m
668 3941 129 24 .registered
805 3941 67 20 letter.
1000 3945 2 4 '

666 3967 23 19 It
698 3974 20 12 is
729 3974 40 12 our
778 3968 46 19 aim
833 3969 25 19 to
868 3968 46 25 give
924 3968 40 20 the
981 3968 87 20 iitmost
1077 3967 99 26 possible

638 3995 141 19 satisfaction
788 3995 26 19 to
824 4000 39 14 our
873 3995 84 24 client*,
981 3995 105 26 knowing
1094 3995 49 19 this
1151 3995 25 20 to

639 4022 27 20 be
677 4021 40 21 the
727 4021 51 20 best
787 4022 169 20 aiveitisement
964 4022 36 20 for
1014 4028 42 14 our
1061 4021 115 26 iproducts,

638 4048 47 21 and
693 4048 33 20 all
734 4048 49 20 who
794 4047 58 21 have
864 4054 54 15 once
933 4048 95 21 entered
1045 4049 55 22 into,
1110 4049 66 20 busi-

632 4078 58 18 ness
700 4076 109 19 relations
819 4075 56 20 with
895 4082 25 13 us
936 4076 77 25 gladly
1033 4075 143 20 recommend

640 4109 25 14 us
675 4106 24 17 to
710 4102 59 20 iheir
778 4102 87 20 friends
874 4102 46 23 and
929 4103 179 26 acquaintances.

693 4130 100 19 Addiess
803 4130 35 19 for
847 4130 81 19 letters
936 4130 46 19 and
992 4135 73 15 orce:s
1073 4144 5 5 .

648 4189 97 22 HORSE
755 4188 261 22 MANUFACTCEIKG
1026 4188 137 22 COMPANY

802 4236 19 26 7,
837 4236 48 21 lied
896 4236 56 21 Lion
962 4236 76 24 Court,
1061 4248 5 14 „;

884 4282 93 21 London
986 4282 51 20 E.G.

666 4376 164 28 ggg°Wantcd,
845 4377 25 20 at
880 4382 69 18 once,,
957 4376 25 20 m
993 4381 68 21 every
1075 4376 102 26 .locality,

638 4414 30 15 an
680 4404 122 25 intelligent
821 4410 78 20 pen-on
917 4405 21 18 to
948 4405 36 19 act
1002 4410 25 14 as
1043 4410 41 14 our
1101 4405 75 23 Agent.

638 4435 36 21 No
684 4432 83 29 special
776 4431 127 26 knowledge
913 4433 85 25 require
1004 4431 15 25 J,
1029 4431 44 21 and
1083 4429 94 23 without

638 4463 126 22 interfering
787 4459 55 22 with
866 4463 86 22 present
965 4458 142 27 .occupation.
1143 4459 33 19 An

638 4488 112 23 excellent
918 4485 36 21 for
965 4493 14 13 a
999 4481 92 30 capable
1101 4492 77 20 young

638 4522 53 16 emu
699 4515 107 26 ofTftdf.'
847 4518 51 11 '-—
908 4528 57 11 --
988 4515 103 24 .■'■■_•

85 194 172 32 OXFORD
282 193 120 31 ROAD
425 194 157 32 BOARD.

60 268 142 33 YfOTICE
226 269 20 24 is
272 270 92 31 hereby
388 269 73 30 given
484 269 58 25 that
562 270 40 24 Ip-

59 294 31 34 1\
118 303 140 24 formations
270 303 51 26 will
334 303 31 25 be
387 303 34 23 lai
430 303 5 23 l
450 303 100 31 against
568 303 44 25 all'!

59 344 92 16 owners
162 336 26 24 of
200 336 175 33 Unregistered
391 336 67 32 Dogs
468 344 32 17 on
513 336 87 25 JULY

62 371 46 23 Ist.
124 371 71 23 1897-
253 396 5 2 _
560 387 3 3 .
611 371 2 35 j

125 402 38 32 13y
180 402 72 24 order
260 403 35 25 'of
313 403 43 25 the
375 403 81 25 Board
489 428 3 2 .
576 422 3 3 .
611 411 2 16 j

199 470 118 24 JAMES
334 471 34 23 H.
390 470 147 25 SHARPE

360 538 136 28 Registrar.

543 575 24 22 3.

79 720 172 32 OXFORD
283 720 114 30 ROAD
421 719 156 31 BOARD.

63 810 85 57 ALL
171 809 101 31 Uupai-1
292 809 77 23 Rates
389 815 33 16 on
442 807 90 25 JULY
553 809 47 22 Ist.

97 865 5 2 .
116 843 47 24 will
177 844 28 22 be
217 842 60 24 sued
290 842 44 26 for,
355 840 61 25 with
436 842 55 30 10%
510 840 87 28 added,

61 876 104 24 without
183 875 96 24 further
297 874 89 24 node?.

120 910 49 31 Jiy,
177 908 69 26 order
254 908 37 25 .of.
296 908 40 24 tlie
348 907 80 25 Board

55 985 11 15 ,-
92 994 2 3 .
108 994 2 9 ;
118 989 4 2 ■
131 974 116 25 JAMES
258 973 192 24 H..JSHABPU

296 1038 60 23 Bute
376 1038 123 28 Collector,

544 1070 23 23 3.

82 1213 494 87 CHURCHJOCIAL

135 1314 173 39 TOWN
350 1312 172 38 HALL.

75 1400 190 44 WEST
299 1397 285 44 OXFORD.

83 1493 315 59 WEDNESDAYJEXT
428 1491 84 38 JUNE
532 1491 45 44 16,

215 1565 227 27 PROGRAMME.

65 1637 119 24 Overture
366 1632 41 25 Mr
442 1633 26 25 S.
486 1632 60 31 May
548 1639 52 17 son.

223 1678 88 31 Songs,
331 1676 114 32 dancing.

133 1744 172 25 Presentation
318 1745 25 23 to
364 1742 40 26 Mr
421 1742 114 30 Hawker,

66 1790 29 23 In
109 1789 152 31 recognition
273 1787 26 25 of
309 1787 103 24 services
424 1794 28 16 as
464 1786 48 31 lay-
517 1786 86 24 reader

106 1854 143 31 GAMES
264 1853 118 31 WITH
398 1851 161 32 PRIZES.

64 1925 232 35 Needle-threading
306 1936 64 16 race.
393 1928 56 31 Egg
461 1928 49 24 and
524 1935 78 24 spoon

298 1976 64 16 race.

176 2022 319 33 DONKEY-

70 2088 523 38 REFRESHMENTS.

70 2163 121 31 Shooting
209 2163 167 31 Competition
519 2164 46 23 No.
581 2166 22 21 1.

70 2197 124 29 Shooting
212 2196 171 31 Competition,
397 2196 96 28 Ladies,
518 2196 46 25 No.
577 2197 24 24 2.

146 2229 78 29 Prize,
244 2229 146 25 Handsome
402 2229 123 25 Bracelet.

70 2297 78 23 Doors
161 2304 61 23 open
235 2298 24 23 at
278 2298 14 23 7
306 2297 39 23 30.
381 2298 24 23 to
424 2304 143 17 commence
579 2298 26 23 at

276 2330 16 24 8
310 2329 82 30 sharp.
611 2329 2 32 ]

68 2450 236 26 UNRESERVED
322 2450 174 26 CLEARING
517 2451 85 25 SALE

110 2500 50 30 OF
183 2500 252 31 FURNITURE
471 2500 89 30 AND

250 2558 163 26 EFFECTS.

138 2626 183 30 MONDAY
343 2626 107 30 JUNE
475 2626 50 32 14.

73 2673 98 41 JOHN
189 2672 137 25 INGRAM
346 2672 45 25 has
412 2672 61 25 been
487 2674 113 24 favoured

66 2716 9 16 f
78 2698 10 32 J
108 2707 61 25 with
180 2707 163 24 instructions
355 2709 24 22 to
393 2707 56 23 bold
461 2715 14 16 a
488 2706 115 32 Clearing

67 2740 57 25 Sale
136 2740 26 25 of
172 2740 136 25 DOCTOR
327 2739 132 26 WELD'S
471 2740 132 25 Furniture

67 2773 49 25 and
134 2773 95 25 Effects
252 2775 26 23 at
302 2773 39 25 his
362 2773 133 30 residence,
514 2773 88 26 EAST

67 2806 147 30 OXFORD,
234 2815 29 16 on
278 2806 43 25 the
333 2806 76 25 above
422 2807 65 24 date.

100 2840 90 29 Horse,
209 2839 96 32 Buggy,
325 2839 48 24 and
392 2839 121 25 Harness.
550 2839 53 25 One

66 2881 59 21 cow,
162 2873 85 29 Piano,
275 2872 57 25 Side
362 2873 88 27 Board,
486 2874 22 23 A
535 2873 69 30 large

67 2905 107 24 number
202 2905 26 23 of
254 2905 116 28 Pictures,
407 2905 85 24 Water
520 2905 84 24 colour

66 2939 129 31 drawings,
206 2939 91 27 Books,
310 2938 48 25 Pot
371 2938 89 32 plants,
473 2937 128 26 Blankets.

66 2972 137 25 BedsteaJs
215 2972 49 24 and
277 2972 135 28 Preserves,
431 2972 96 24 Dinner
549 2972 54 24 Ser-

66 3006 60 28 vice,
158 3006 192 30 Crockeryware,
377 3005 227 24 Double-barrelled

67 3039 96 23 Breach
174 3039 100 30 loading
286 3040 70 26 Gun,
376 3038 94 31 Croque
484 3039 51 27 Set,
550 3038 53 24 One

66 3072 79 30 Largo
167 3071 82 31 Magic
270 3071 120 29 Lantern,
421 3071 49 24 and
492 3071 111 24 sundries

66 3107 41 22 too
118 3113 134 16 numerous
265 3107 25 23 to
308 3104 179 31 particularise.

203 3171 57 25 Sale
273 3173 25 23 at
311 3172 32 23 12
355 3172 33 24 30
410 3179 60 23 p.m.

103 3237 34 23 To
165 3237 47 23 Let
240 3237 32 30 by
307 3237 94 30 private
430 3239 88 28 treaty,
563 3237 44 24 the

69 3270 114 24 Doctor's
200 3270 132 29 resilience,
363 3269 49 24 and
435 3272 31 21 30
491 3278 66 17 acres
582 3270 27 25 of

69 3302 65 25 land.

191 3370 111 30 JOHN
332 3370 187 37 INGRAM,

326 3439 195 30 Auctioneer.

233 3636 108 30 onus
367 3636 52 30 AT
611 3648 1 5 •

214 3719 10 4 -
313 3711 53 24 -^

128 3761 202 46 TOWN
373 3761 178 45 HALL

177 3859 114 40 EAST
315 3858 184 46 OXFORD,

111 3927 204 32 TUESDAY
341 3922 109 34 JUKE
482 3927 84 29 15th.
611 3944 2 2 -

70 4025 205 33 OXFORD
292 4022 158 33 BRASS
465 4022 144 32 BAND

249 4123 20 23 A
299 4120 133 26 SCOTCH

71 4241 44 56 IN
129 4241 40 23 aid
182 4240 27 25 of
216 4242 41 22 the
270 4240 87 24 widow
369 4238 48 24 and
431 4237 87 31 family
530 4236 28 25 of
567 4236 43 24 the

111 4275 48 23 late
172 4274 61 23 Rev.
246 4273 29 24 P.
294 4271 132 25 MONRO.

113 4327 6 2 -
133 4318 133 25 MESSRS
283 4317 39 25 W.
335 4316 102 30 HALL,
447 4314 100 30 HAIG,
600 4312 3 10 :

72 4351 48 25 and
132 4351 210 27 LONGSTAFF.
357 4350 50 25 and
426 4349 72 25 other
517 4348 93 25 friends

97 4386 4 6 '
126 4387 4 4 '
186 4392 39 17 are
237 4384 117 32 expected
374 4386 26 23 to
411 4383 82 25 assist.

126 4437 6 24 ;
137 4431 88 31 Songs,
244 4431 100 29 Duetts,'
362 4431 125 32 Readings
500 4429 50 25 and
601 4449 3 2 .

265 4465 161 25 Recitations.

281 4499 2 2 ■
294 4499 9 11 /
458 4505 2 2 ■
475 4510 1 1 .
489 4506 2 2 .
529 4506 2 3 .
552 4500 3 3 •
579 4499 4 4 -

109 4514 100 29 Tickets
223 4515 36 21 Is.
294 4512 81 25 Doors
387 4519 62 24 open
461 4513 27 24 at
500 4513 24 24 7.
536 4513 41 23 30.
593 4513 4 3 '
