2540 4029
1293 141 102 32 fringing
1406 150 60 22 upon
1476 151 43 23 any
1529 143 25 24 of
1570 144 38 24 the
1623 146 104 30 previous
1737 146 142 31 enjoyments

1294 174 26 23 of
1334 174 39 24 the
1392 175 131 29 individual,
1541 184 26 16 or
1589 179 146 30 community,
1757 179 51 24 who
1825 188 54 23 may

1295 207 58 23 avail
1363 207 135 25 themselves
1510 209 25 23 of
1550 209 39 24 the
1606 211 172 31 improvement.

1329 246 29 24 In
1371 247 38 24 the
1421 254 90 24 present
1528 251 108 29 instance,
1650 259 32 16 we
1694 251 74 27 think,
1789 252 38 23 the
1839 252 39 23 ad-

1294 284 108 26 vantages
1420 281 45 23 will
1486 282 25 24 be
1533 289 88 24 greater
1639 284 29 31 by
1688 292 13 14 a
1721 284 118 24 reduction
1856 285 26 23 of

1296 320 106 23 expense,
1432 314 49 24 that
1503 316 29 30 by
1552 324 14 15 a
1583 318 79 29 saving
1688 317 25 22 of
1737 318 69 28 time;
1837 318 42 23 but

1296 353 32 15 we
1357 351 62 18 must
1447 348 69 23 check
1545 357 42 15 our
1620 357 42 23 pen
1691 350 59 22 from
1781 351 99 31 running

1296 385 61 23 away
1374 379 54 23 with
1446 387 27 16 us
1493 381 96 31 through
1607 382 37 23 the
1661 381 54 24 fieM
1729 382 26 23 of
1773 383 106 24 Political

1295 411 127 31 Economy.
1448 412 36 24 As
1492 414 91 30 regards
1591 415 46 23 Mr.
1646 415 112 23 Rennie's
1766 417 110 29 proposed

1296 443 56 23 New
1370 444 141 31 Settlement,
1530 446 38 24 the
1586 448 61 23 chief
1664 456 25 15 or
1707 448 76 23 rather
1802 454 75 19 osten-

1294 476 58 23 sible
1364 478 111 31 objection
1493 480 26 28 is,
1538 480 49 23 that
1599 480 36 23 the
1653 480 128 32 population
1794 482 44 23 will
1851 483 27 23 be

1294 513 39 19 too
1345 512 111 23 scattered
1468 517 22 18 to
1501 512 70 26 admit
1579 513 23 24 of
1612 514 37 23 the
1657 514 113 23 sufficient
1777 516 101 26 cpntroul

1294 542 26 23 of
1325 542 41 24 the'
1369 543 154 26 Government
1530 553 54 16 over
1592 546 36 24 the
1635 548 89 22 various
1730 547 147 31 settlements,

1294 574 41 25 but
1346 576 37 23 the
1395 578 48 23 real
1454 578 111 31 objection
1576 580 27 28 is,
1616 579 49 25 that
1675 579 21 24 if
1704 579 31 24 all
1747 580 37 23 the
1796 581 83 24 absurd

1294 608 44 23 and
1357 611 121 31 expensive
1494 612 130 31 machinery
1641 613 25 23 of
1683 621 14 15 a
1715 612 162 32 Government,

1294 640 75 25 whose
1386 649 95 25 support
1496 645 19 23 is
1527 650 23 18 to
1561 645 29 23 be
1608 645 74 25 drawn
1696 646 59 24 from
1768 654 13 16 a
1793 652 83 25 system

1294 674 26 23 of
1327 674 98 25 indirect
1437 678 107 28 taxation,
1557 679 54 22 such
1625 687 24 15 as
1661 679 74 23 duties
1747 687 29 16 on
1788 680 90 24 articles

1294 706 25 23 of
1329 710 164 30 consumption,
1501 711 54 23 nine
1564 711 62 24 tenth
1635 712 25 23 of
1665 712 71 23 which
1745 720 38 16 pre
1791 713 86 31 foreign

1293 740 154 31 productions,
1461 743 47 23 that
1516 743 38 24 the
1562 752 98 23 expense
1672 745 26 23 of
1708 745 117 24 collection
1833 746 45 24 will

1293 773 83 24 exceed
1388 774 38 24 the
1436 781 90 18 amount
1534 776 114 30 collected,
1660 778 45 23 and
1714 779 163 31 conseqnently

1293 806 64 24 there
1369 807 45 24 will
1426 808 28 24 be
1466 809 94 31 nothing
1578 814 21 19 to
1611 818 73 24 spare.
1721 811 104 24 Another
1837 812 40 23 ob-

1290 839 85 31 jection
1388 840 28 28 is,
1435 842 44 23 and
1489 850 42 16 one
1543 843 68 23 about
1622 851 24 16 as
1658 844 133 23 reasonable
1802 853 25 15 as
1840 845 37 23 the

1293 872 72 29 other,
1378 872 50 25 that
1439 874 19 23 if
1468 875 35 23 the
1513 875 155 25 Colonization
1679 877 25 23 of
1714 877 38 23 the
1763 877 114 24 Southern

1293 913 26 15 or
1329 906 90 23 Middle
1437 906 84 30 Island,
1541 908 80 25 should
1632 910 96 30 proceed
1744 910 23 23 in
1782 918 94 23 propor-

1293 938 47 23 tion
1360 946 25 16 as
1405 939 31 24 its
1453 941 137 30 capabilities
1613 950 36 16 are
1674 942 139 29 discovered,
1833 943 45 24 and

1292 971 78 24 bodies
1383 972 25 23 of
1417 973 134 24 individuals
1562 974 81 31 guided
1656 975 30 31 by
1698 983 101 16 commen
1813 984 65 16 sense

1292 1004 82 24 should
1387 1006 33 22 fix
1432 1013 56 24 upon
1501 1015 13 15 a
1526 1007 63 30 point
1601 1007 73 24 where
1685 1014 79 18 nature
1776 1014 102 25 presents

1293 1037 38 24 the
1354 1042 100 26 greatest
1477 1040 149 28 inducement,
1649 1040 58 24 from
1731 1040 99 30 whence,
1852 1050 25 15 as

1292 1078 79 16 means
1381 1071 44 23 and
1434 1073 113 23 exertions
1556 1072 44 24 will
1608 1073 64 23 allow
1679 1073 24 23 of
1710 1081 14 15 a
1732 1075 145 30 community,

1294 1111 53 23 may
1358 1103 99 32 diverge,
1473 1105 51 24 then
1537 1106 107 28 forsooth,
1657 1106 39 23 the
1707 1107 145 24 inconvience
1862 1108 19 23 if

1293 1142 40 18 not
1344 1136 39 24 the
1394 1137 104 32 injustice
1507 1139 25 23 of
1540 1140 73 29 fixing
1623 1139 38 23 the
1674 1140 55 22 Seat
1738 1140 26 23 of
1773 1140 104 24 Govern-

1293 1174 63 19 ment
1367 1178 30 16 on
1414 1179 14 15 a
1438 1171 80 24 barren
1539 1172 55 23 rock
1606 1180 24 15 or
1650 1173 147 24 uninhabited
1816 1179 59 26 spot,

1293 1202 73 25 would
1388 1204 70 30 begin
1474 1209 22 19 to
1518 1205 62 23 show
1602 1205 63 23 itself
1685 1214 63 15 more
1769 1206 104 31 forcibly,

1293 1235 45 24 and
1349 1237 116 23 exhibited
1472 1237 36 24 the
1519 1237 130 25 selfishness
1656 1239 45 23 and
1713 1239 98 31 arbitary
1820 1248 55 15 con-

1294 1269 54 24 duct
1365 1270 25 23 of
1406 1278 14 15 a
1438 1270 161 29 Government,
1617 1272 72 24 which
1710 1273 85 30 setting
1815 1274 62 23 aside

1293 1310 67 23 every
1369 1304 109 30 principle
1495 1305 25 22 of
1537 1305 104 23 Political
1658 1305 126 31 Economy,
1804 1307 73 23 would

1293 1336 61 23 force
1364 1337 130 30 population
1505 1338 45 23 and
1561 1338 79 31 capital
1652 1339 47 23 into
1712 1340 108 29 positions
1833 1340 44 22 and

1293 1370 109 29 pursuits,
1425 1370 70 24 which
1514 1371 38 23 the
1573 1376 78 18 nature
1670 1372 24 23 of
1712 1372 38 23 the
1771 1372 42 23 soil
1833 1373 45 23 and

1294 1402 89 23 climate
1407 1403 25 23 of
1453 1404 35 23 the
1510 1404 99 23 location
1631 1404 44 23 will
1701 1409 39 18 not
1763 1411 97 17 warrant
1868 1415 6 19 ;

1293 1435 54 23 here
1354 1437 67 30 again
1430 1444 33 16 we
1470 1442 60 18 must
1537 1437 70 23 check
1615 1437 123 29 ourselves,
1747 1437 35 24 for
1790 1446 31 15 we
1830 1439 47 23 fear

1294 1467 37 24 the
1342 1469 53 23 time
1403 1470 20 22 is
1431 1475 38 18 not
1477 1475 39 25 yet
1523 1477 62 16 come
1592 1470 64 23 when
1665 1470 38 23 the
1712 1476 65 25 great
1783 1471 59 31 body
1855 1472 24 23 of

1293 1500 38 24 the
1351 1502 79 31 people
1454 1502 44 24 will
1517 1503 68 23 listen
1604 1508 23 18 to
1648 1503 38 23 the
1705 1503 126 25 discussion
1854 1505 25 23 of

1293 1534 55 23 such
1361 1534 41 31 dry
1414 1534 37 32 (as
1463 1535 51 31 they
1527 1543 38 16 are
1576 1535 82 31 called)
1671 1536 108 32 subjects,
1799 1545 24 16 as
1837 1537 39 24 the

1291 1568 123 31 principles
1426 1576 25 16 or
1461 1569 60 23 rules
1534 1569 26 23 of
1573 1569 105 23 Political
1690 1569 127 32 Economy,
1835 1571 42 23 but

1292 1601 26 22 of
1327 1601 45 23 this
1384 1601 54 31 they
1449 1609 50 23 may
1510 1602 28 23 be
1550 1602 99 28 assured,
1668 1602 54 23 both
1735 1603 140 32 collectively

1292 1634 44 22 and
1347 1634 153 31 individually,
1514 1635 50 23 that
1574 1635 58 23 until
1644 1635 52 30 they
1710 1636 45 23 will
1772 1642 39 18 not
1823 1638 52 30 only

1290 1667 69 23 listen
1380 1672 22 18 to
1421 1667 67 30 them,
1508 1668 42 24 but
1567 1668 67 32 study
1646 1668 70 29 them,
1737 1669 44 24 and
1792 1670 83 24 under-

1291 1700 66 24 stand
1369 1700 70 29 them,
1452 1701 51 32 they
1515 1709 52 24 may
1576 1702 41 23 rail
1626 1701 44 24 and
1681 1702 112 32 complain
1802 1703 26 24 of
1839 1703 36 24 the

1291 1733 96 24 conduct
1393 1734 25 23 of
1427 1734 165 24 Governments
1601 1735 33 24 till
1643 1735 53 31 they
1705 1743 38 16 are
1751 1736 70 29 tired;
1835 1737 40 24 but

1291 1767 64 23 when
1367 1775 56 16 once
1435 1768 52 31 they
1498 1768 59 24 shall
1574 1768 91 24 become
1677 1769 132 31 acquainted
1821 1771 53 23 with
1883 1772 2 31 j

1289 1799 65 24 those
1365 1801 128 31 principles,
1506 1801 44 24 and
1562 1807 35 18 act
1608 1810 30 23 up
1651 1807 22 18 to
1688 1802 69 29 them,
1778 1802 52 25 then
1843 1804 31 23 all

1290 1833 37 23 the
1338 1839 64 26 petty
1414 1835 117 23 miserable
1541 1835 79 30 quirks
1632 1835 44 23 and
1693 1835 104 31 quibbles
1816 1837 26 23 of
1862 1845 13 15 a
1883 1838 2 25 |

1290 1867 163 29 Government,
1460 1868 80 28 which,
1549 1868 47 23 like
1632 1868 55 23 Will
1700 1869 19 23 o'
1729 1869 38 24 the

1289 1899 59 24 draw
1361 1900 34 23 off
1402 1901 58 23 their
1467 1902 121 22 attentions
1597 1902 57 23 from
1668 1902 102 23 material
1781 1902 87 31 objects

1289 1933 45 23 will
1353 1934 125 30 disappear,
1500 1934 44 23 and
1561 1934 38 23 the
1621 1935 55 23 mist
1699 1935 25 23 of
1747 1936 122 30 ignorance

1282 1966 35 26 .be
1339 1966 110 31 dispelled
1470 1967 30 31 by
1522 1968 39 23 the
1578 1968 57 30 light
1658 1968 26 23 of
1710 1968 39 23 the
1772 1970 102 30 growing

1287 1999 144 28 intelligence
1443 2000 25 20 of
1482 2000 39 20 the
1533 2008 50 21 ago.

1321 2057 50 24 The
1380 2058 112 31 following
1500 2060 152 30 encouraging
1659 2065 76 25 report
1741 2068 61 23 upon
1810 2069 62 15 some

1286 2090 62 24 bales
1362 2091 26 23 of
1398 2091 54 23 New
1460 2091 99 24 Zealand
1572 2092 56 23 wool
1640 2098 52 18 sent
1704 2100 29 24 up
1745 2097 22 19 to
1778 2093 92 31 Syduey

1286 2124 30 30 by
1329 2124 37 23 the
1380 2123 123 31 Ciydeside,
1517 2129 22 18 to
1551 2125 26 23 be
1590 2125 87 31 packed
1688 2127 45 22 and
1746 2126 122 24 forwarded

1286 2157 30 30 by
1327 2156 41 24 her
1380 2163 23 17 to
1413 2157 104 29 London,
1529 2157 40 24 has
1578 2158 50 31 just
1640 2158 56 24 been
1710 2159 102 23 received

1321 2196 37 22 Ist
1370 2194 55 27 L.ot.
1458 2195 65 24 First
1541 2197 107 30 clothing,
1665 2197 52 23 first
1729 2198 106 31 combing

1286 2227 43 23 and
1340 2228 51 23 first
1400 2228 100 31 clothing
1512 2229 43 23 and
1565 2229 105 31 combing
1704 2230 60 31 good
1773 2231 94 31 quality,
1880 2233 3 3 '

1285 2261 23 23 in
1320 2261 107 30 ordinary
1438 2262 119 29 condition,
1570 2263 46 23 free
1635 2263 60 23 from
1713 2263 62 30 seed,
1787 2264 82 24 valued

1286 2298 23 19 at
1323 2296 34 22 Is.
1373 2292 55 34 l|d.
1440 2302 38 24 per
1490 2295 32 24 lb.

1319 2333 132 25 Unwashed
1461 2336 84 29 pieces,
1557 2336 80 23 valued
1649 2340 23 19 at
1684 2336 39 26 7d.
1737 2344 41 24 per
1788 2336 32 25 lb.

1319 2371 47 24 2nd
1379 2371 53 25 Lot.
1468 2373 63 23 First
1549 2374 112 30 combing,
1674 2382 83 24 greasy
1765 2383 6 21 ;
1790 2384 14 15 a
1816 2383 55 24 very

1284 2406 104 30 superior
1399 2405 33 24 lot
1441 2406 24 23 of
1475 2406 64 29 wool,
1552 2407 43 23 and
1607 2415 14 15 a
1632 2415 49 16 ram
1693 2410 68 21 much
1781 2410 87 22 wanted

1284 2443 23 18 to
1318 2438 101 31 improve
1431 2438 36 24 the
1484 2439 69 24 breed
1573 2441 23 22 in
1615 2440 56 24 New
1692 2441 74 24 South
1779 2442 86 28 Wales,

1284 2471 57 24 from
1362 2472 39 23 the
1421 2471 89 33 healthy
1527 2473 121 29 condition,
1667 2474 59 31 good
1744 2475 58 29 hair,
1825 2476 44 23 and

1284 2504 115 31 largeness
1411 2505 26 23 of
1445 2505 76 30 fleece,
1534 2506 79 24 valued
1626 2511 23 19 at
1662 2509 15 22 8
1686 2507 15 24 !.
1714 2515 41 24 per
1766 2509 31 23 lb.

1318 2544 46 24 Lot
1378 2547 11 21 1
1409 2553 44 16 was
1465 2545 104 25 obtained
1587 2546 59 25 from
1665 2547 69 33 sheep
1755 2549 113 31 imported

1280 2577 61 24 from
1354 2578 56 23 New
1429 2578 72 25 South
1513 2579 77 24 Wales
1601 2588 14 15 a
1625 2581 43 22 few
1686 2581 92 24 months
1790 2583 78 30 previ-

1284 2611 73 31 ously.
1394 2611 48 25 The
1452 2611 103 32 shippers
1567 2613 96 32 thought
1671 2614 45 23 this
1728 2615 55 23 wool
1793 2615 73 24 would

1283 2644 28 23 be
1322 2644 131 25 considered
1464 2646 23 23 in
1499 2654 14 15 a
1524 2654 54 23 very
1589 2646 60 32 dirty
1660 2653 68 19 state.

1317 2683 47 24 Lot
1374 2685 55 23 2is
1447 2685 72 24 Mana
1537 2686 62 25 wool.
1637 2687 51 24 The
1708 2688 70 32 sheep
1802 2697 63 15 were

1282 2718 119 30 imported,
1414 2726 14 15 a
1437 2718 42 24 few
1490 2727 65 23 years
1567 2721 70 28 since,
1649 2720 58 25 from
1719 2721 57 24 New
1789 2723 78 23 South

1286 2751 85 23 Wales.
1406 2751 43 24 We
1465 2752 95 30 believe,
1579 2758 39 19 not
1635 2754 54 31 only
1700 2754 43 24 has
1754 2763 29 15 no
1803 2756 67 24 effort

1284 2784 57 23 been
1354 2784 65 24 made
1434 2789 22 19 to
1467 2786 101 31 improve
1580 2787 38 23 the
1628 2787 79 30 breed,
1719 2788 42 24 but
1771 2789 97 29 further,

1284 2817 49 24 that
1349 2825 58 16 none
1419 2818 39 23 has
1475 2819 59 24 been
1548 2820 65 24 made
1628 2829 57 16 even
1703 2826 24 19 to
1740 2823 87 23 sustain
1839 2824 27 27 it,

1285 2850 37 24 the
1334 2851 124 32 suitability
1469 2852 27 24 of
1505 2852 37 24 the
1554 2853 90 25 climate
1656 2854 26 24 of
1698 2855 59 23 New
1769 2856 101 24 Zealand

1285 2883 34 24 for
1331 2885 68 31 sheep
1413 2885 18 23 is
1442 2885 112 25 therefore
1564 2892 75 27 pretty
1651 2888 52 24 well
1715 2889 92 30 proved.
1846 2890 28 23 If

1285 2917 53 31 they
1349 2925 38 16 are
1405 2918 70 24 found
1487 2924 22 18 to
1527 2920 100 31 improve
1644 2921 24 23 in
1682 2929 25 16 so
1726 2922 143 24 remarkable

1284 2958 14 15 a
1319 2958 95 17 manner
1430 2952 25 23 of
1476 2952 143 31 themselves,
1641 2958 18 20 it
1681 2963 52 23 may
1750 2956 71 30 easily
1840 2956 28 23 be

1284 2984 113 31 imagined
1418 2985 47 23 that
1484 2987 111 24 excellent
1613 2987 85 24 results
1717 2988 47 24 will
1786 2988 79 24 attend

1284 3017 80 30 regard
1376 3018 67 30 being
1453 3018 54 30 paid
1519 3025 22 18 to
1553 3020 76 24 breed.

1317 3078 52 24 The
1387 3079 109 25 schooner
1516 3080 70 24 Three
1607 3081 121 28 Brothers,
1752 3082 38 24 the
1815 3090 52 24 pro-

1284 3116 65 26 perty
1362 3112 25 24 of
1403 3112 46 25 Mr.
1461 3113 97 29 Thorns,
1571 3114 58 24 built
1649 3119 23 19 at
1693 3115 82 25 Queen
1793 3116 74 24 Char-

1284 3145 75 23 lotte's
1371 3145 85 30 Sound,
1470 3154 63 16 came
1545 3147 47 23 into
1610 3152 53 27 port
1674 3156 29 15 on
1715 3148 85 32 J<'riday
1813 3149 52 25 last.

1284 3177 47 25 She
1341 3179 21 22 is
1373 3186 14 18 a
1397 3179 111 24 beautiful
1528 3179 58 24 little
1605 3180 65 30 craft,
1684 3182 44 23 and
1747 3182 121 33 according

1284 3216 21 19 to
1317 3219 137 24 appearance
1466 3212 82 26 should
1560 3213 41 24 sail
1613 3214 60 24 well.
1709 3215 25 24 It
1745 3216 69 32 being
1824 3216 43 24 her

1283 3245 50 23 first
1345 3245 51 31 trip,
1407 3245 40 24 she
1466 3246 57 23 fired
1541 3255 14 15 a
1573 3246 74 25 salute
1665 3256 30 16 on
1714 3249 104 32 entering
1829 3250 38 24 the

1284 3278 105 24 harbour.
1430 3278 52 24 The
1502 3278 71 25 Three
1590 3279 115 25 Brothers
1723 3283 20 23 is
1761 3283 106 24 intended

1284 3311 34 23 for
1336 3311 99 33 whaling
1452 3312 35 24 off
1500 3312 39 24 the
1557 3318 71 24 coast,
1646 3314 46 24 and
1712 3323 73 16 seems
1805 3321 22 19 to
1838 3317 29 23 be

1284 3344 78 31 rigged
1374 3350 40 18 out
1424 3346 53 24 with
1489 3354 68 24 every
1568 3347 67 32 thing
1644 3355 120 25 necessary
1775 3349 34 24 for
1819 3349 48 24 that

1283 3386 107 24 purpose.

1316 3427 52 24 The
1391 3428 110 25 schooner
1523 3429 59 33 Imp,
1606 3431 55 24 sails
1684 3432 54 24 with

1285 3460 99 25 Wallace
1396 3461 43 24 and
1458 3462 64 25 Cos.
1535 3469 66 26 party
1613 3464 36 24 for
1670 3466 89 31 Cloudy
1770 3466 59 33 Bay,
1841 3468 24 24 in

1285 3494 35 24 the
1332 3502 79 16 course
1421 3495 25 24 of
1461 3504 14 16 a
1487 3495 43 27 day
1543 3505 25 15 or
1580 3504 52 17 two.

1319 3553 78 24 Died.
1432 3553 40 24 On
1490 3554 101 33 Sunday,
1602 3556 70 31 April
1691 3558 25 29 2,
1728 3557 60 25 John
1804 3558 61 24 Wil-

1285 3586 59 29 liam,
1357 3594 42 16 son
1411 3586 24 24 of
1449 3587 33 24 D.
1497 3587 27 24 C.
1538 3587 130 32 Hargrave.

1284 3647 29 20 To
1322 3647 37 20 the
1364 3647 76 21 Editor
1447 3647 30 26 of
1485 3648 36 21 the
1556 3649 53 20 New
1621 3650 96 21 Zealand
1724 3652 86 22 Gazette
1821 3654 43 20 and

1437 3675 124 27 Wellington

1308 3709 49 27 Sib,
1420 3709 24 23 in
1467 3710 112 23 reference
1602 3715 24 19 to
1644 3719 14 15 a
1676 3714 188 25 communication

1281 3735 72 23 which
1366 3736 109 28 appeared
1484 3737 23 22 in
1517 3737 38 22 the
1564 3737 43 23 last
1618 3739 87 22 Gazette
1715 3741 26 21 of
1748 3742 115 28 Saturday,

1280 3763 18 21 it
1308 3770 54 19 may
1370 3763 29 22 be
1413 3762 132 30 interesting
1561 3767 22 19 to
1598 3772 56 21 your
1667 3767 83 22 Scotch
1768 3768 96 28 readers,

1280 3789 54 25 both
1344 3789 52 23 here
1405 3789 41 23 and
1454 3793 25 19 at
1487 3789 91 28 Nelson,
1589 3795 23 19 to
1621 3792 67 23 know
1694 3793 37 23 the
1741 3793 56 30 deep
1806 3803 59 20 sym-

1280 3816 70 29 pathy
1359 3815 71 24 which
1444 3815 38 24 the
1493 3817 89 23 Church
1592 3821 24 20 at
1623 3819 68 23 home
1700 3820 55 23 feels
1769 3821 25 24 in
1808 3824 57 22 their

1281 3843 100 28 spiritual
1395 3842 94 30 welfare,
1508 3843 94 30 (though
1616 3849 25 19 at
1654 3850 89 25 present
1759 3848 53 29 they
1826 3857 39 16 are

1281 3869 82 24 unable
1380 3874 22 18 to
1416 3870 55 23 send
1486 3871 93 23 another
1592 3871 136 31 clergyman.
1757 3874 12 23 I
1783 3876 45 28 beg
1842 3881 23 19 to

1280 3897 87 23 enclose
1382 3902 45 22 you
1435 3905 14 15 a
1458 3904 56 22 copy
1522 3898 27 23 of
1561 3906 14 15 a
1583 3899 66 23 letter
1659 3900 72 23 which
1741 3901 11 22 I
1762 3904 104 23 received

1280 3923 30 29 by
1320 3923 39 23 the
1367 3925 80 26 Phabe,
1458 3925 58 22 from
1525 3925 37 23 the
1568 3926 57 23 Rev.
1633 3927 41 22 Dr.
1681 3927 85 29 Welsh,
1774 3929 91 24 Moder-

1280 3955 50 19 ator,
1338 3951 27 23 of
1371 3951 38 24 the
1418 3951 98 24 General
1526 3953 130 29 Assembly;
1667 3954 46 23 and
1718 3954 11 23 I
1737 3954 79 25 should
1821 3958 43 22 feel

99 3431 95 21 Latest
207 3432 82 23 Dates
304 3434 32 21 of
350 3436 101 24 Papers
465 3441 132 19 received.

59 3467 33 35 <?n?
94 3467 31 18 nd
126 3471 30 15 n
468 3472 129 24 November
619 3476 26 22 16

59 3490 86 23 Nelsoti
469 3500 65 26 April
632 3504 10 20 l

59 3517 122 23 Auckland
471 3517 35 31 fcf
499 3527 53 22 arch
619 3530 26 21 18

59 3544 82 23 Bavof
151 3544 89 24 Islands
469 3553 97 24 October
630 3558 15 21 6

59 3572 44 39 ?r
105 3579 14 15 n
121 3579 30 32 ?
160 3586 85 22 -:*V
248 3600 11 11 T
468 3579 80 24 March
616 3584 26 21 21

59 3596 52 42 Jn
121 3598 117 24 Dieman's
247 3600 64 24 Land
467 3606 112 30 February
618 3612 24 21 21

59 3624 145 30 PortPhillip
465 3632 115 32 January-
618 3636 25 23 15

59 3654 110 21 Adelaide
209 3667 5 7 .
223 3668 6 6 .
236 3669 5 6 .
250 3668 6 6 .
263 3669 5 6 .
277 3669 5 7 .
360 3660 75 20 .....;
463 3659 127 26 December
617 3665 28 21 28

117 3728 171 26 SHIPPING
307 3730 273 31 INTELLIGENCE.

278 3786 143 22 ARRIVED.

33 3820 106 18 :.;,:.
232 3822 17 16 z.
263 3819 28 20 .'."
315 3819 78 22 None.'
422 3820 18 18 -'
470 3834 5 3 -

29 3892 2 3 .
43 3888 4 4 .
156 3855 58 37 'I."
261 3859 4 33 '.
297 3869 149 23 SAILED,...
470 3887 3 4 .
498 3890 5 2 .

34 3912 6 7 '
57 3896 69 46 So*!
120 3903 7 15 1
127 3897 20 21 11
157 3898 73 36 'l-*^
231 3906 34 16 1011
266 3901 24 21 *
302 3901 36 22 affl
380 3901 100 28 M'fo***-
486 3903 74 31 Swany
565 3907 35 22 for
606 3908 38 22 the

714 1573 42 24 We
773 1574 57 25 have
849 1577 101 23 received
962 1578 49 23 files
1023 1580 26 22 of
1064 1579 100 31 English
1183 1588 82 26 papers

680 1614 25 15 as
716 1606 45 24 late
781 1616 26 15 as
819 1609 38 23 the
880 1612 29 22 15
913 1610 23 23 th
956 1611 136 30 November,
1106 1621 25 16 as
1148 1615 49 22 well
1214 1624 25 15 as
1251 1625 14 14 a

676 1647 55 23 par.
742 1648 52 22 pro.
806 1641 68 31 (alias
893 1643 59 24 Blue
972 1644 79 32 Book)
1064 1646 96 31 relating
1173 1653 21 17 to
1207 1648 55 25 New

680 1672 101 25 Zealand
804 1675 65 23 down
892 1681 22 18 to
943 1677 38 24 the
1009 1679 80 22 month
1113 1681 25 22 of
1161 1681 101 31 August.

680 1705 75 24 When
767 1715 33 16 we
811 1714 59 18 state
882 1708 49 25 that
941 1710 63 25 there
1016 1719 37 16 are
1070 1714 49 22 200
1129 1713 56 24 folio
1193 1723 70 23 pages

680 1739 26 23 of
714 1740 82 24 official
816 1743 174 29 mistifications,
1009 1745 44 23 and
1074 1745 71 30 these,
1161 1754 60 18 most
1241 1750 25 23 of

679 1771 70 30 them,
762 1778 43 19 two
823 1783 67 23 years
909 1776 44 30 old,
971 1785 33 16 we
1025 1778 68 24 think
1113 1787 40 16 our
1173 1782 90 24 readers

679 1805 46 23 will
736 1811 39 19 not
786 1814 81 25 expect
883 1809 49 24 that
943 1817 32 17 we
987 1811 73 29 could,
1074 1817 23 18 at
1108 1821 14 15 a
1134 1821 53 23 very
1199 1815 63 25 short

678 1839 82 29 notice,
773 1841 126 25 undertake
917 1848 22 18 to
958 1843 37 31 lay
1013 1844 78 24 before
1108 1846 63 24 them
1185 1856 28 16 an
1224 1849 37 23 in-

678 1872 109 31 telligible
809 1874 75 31 digest
894 1886 6 19 ;
926 1884 33 16 we
982 1877 66 29 shall,
1072 1879 111 30 however,
1202 1882 58 24 -read
1269 1880 2 23 I

678 1905 61 23 them
761 1908 109 32 carefully
882 1917 60 21 over,
961 1911 45 23 and
1024 1912 51 30 give
1086 1913 55 23 such
1161 1916 99 28 portions

677 1938 27 23 of
712 1938 61 24 them
785 1948 24 16 as
822 1942 54 24 bear
892 1943 131 32 essentially
1034 1952 60 24 upon
1107 1946 36 23 the
1157 1947 103 26 interests

677 1971 26 24 of
717 1972 46 23 this
774 1975 138 24 settlement.
948 1976 51 24 The
1017 1978 52 24 late.
1082 1979 118 24 Governor
1215 1980 45 25 has

677 2004 54 31 only
742 2005 71 23 added
825 2008 96 22 another
928 2009 67 29 proof
1004 2009 49 22 how
1063 2010 96 24 difficult
1168 2013 18 21 it
1197 2013 20 23 is
1225 2013 35 23 for

677 2037 76 22 minds
771 2038 25 22 of
814 2039 106 31 ordinary
940 2042 100 30 capacity
1060 2047 22 18 to
1103 2044 101 26 cpntroul
1222 2046 36 23 the

676 2074 79 26 strong
772 2073 151 29 propensities
935 2074 25 22 of
969 2081 41 16 our
1023 2079 86 24 nature,
1122 2076 30 31 by
1162 2085 96 24 suppos-

675 2103 42 30 ing
727 2102 49 24 that
784 2104 36 24 the
832 2107 62 21 niere
907 2107 133 23 translation
1051 2107 57 24 from
1122 2109 38 24 the
1168 2116 90 25 quarter

674 2135 58 24 deck
750 2142 24 17 to
792 2137 38 24 the
842 2138 156 25 Government
1018 2140 80 25 House
1110 2142 25 23 of
1150 2151 28 15 an
1190 2145 67 22 unin-

675 2168 90 24 habited
776 2170 82 30 island,
876 2178 22 17 at
908 2172 58 24 least
978 2173 48 23 that
1044 2176 89 29 portion
1143 2176 75 25 -where
1230 2178 27 23 he

674 2209 45 16 was
731 2204 120 30 stationed,
863 2206 74 23 would
957 2208 137 31 necessarily
1106 2215 91 18 convert
1209 2211 47 23 him

673 2236 47 22 into
734 2243 14 15 a
766 2240 132 22 statesman.
934 2239 51 23 The
1005 2240 44 24 late
1074 2241 119 26 Governor
1211 2251 45 17 was

673 2268 47 23 like
732 2274 59 19 most
808 2279 62 21 men,
884 2272 80 24 indeed
981 2280 33 16 we
1033 2282 53 23 may
1105 2283 39 24 say
1156 2276 31 24 all
1204 2285 52 16 men

673 2302 56 23 bred
741 2303 23 23 in
784 2303 38 24 the
833 2312 65 24 army
909 2306 43 23 and
964 2314 66 24 navy,
1044 2307 29 24 he
1093 2307 43 25 had
1157 2310 40 23 but
1213 2319 43 15 one

675 2335 66 24 creed
775 2338 90 30 passive
882 2339 120 24 obedience
1014 2340 45 24 and
1076 2343 180 25 non-resistance

673 2373 23 19 to
706 2370 38 22 the
753 2378 89 23 powers
854 2371 49 23 that
915 2373 35 28 be,
964 2374 124 30 practising
1100 2375 36 23 the
1150 2384 42 15 one
1203 2378 52 23 with

672 2402 31 23 all
715 2403 37 23 the
764 2404 96 23 fulsome
873 2405 188 31 obsequiousness
1073 2408 27 23 of
1108 2417 13 15 a
1132 2409 69 30 slave,
1212 2411 43 23 and

672 2436 65 23 when
760 2437 117 24 entrusted
899 2439 53 23 with
982 2447 83 23 power,
1089 2443 104 30 enacting
1218 2444 38 23 the

672 2469 59 31 rigid
751 2470 139 32 compliance
911 2472 25 22 of
952 2472 39 24 the
1012 2473 65 24 other
1096 2475 52 23 with
1169 2476 30 24 all
1217 2477 39 23 the

673 2502 113 31 authority
797 2504 26 23 of
841 2512 13 15 a
870 2504 79 32 despot
959 2515 7 20 ;
986 2505 51 31 and,
1051 2514 55 17 even
1119 2509 22 22 in
1154 2509 38 24 the
1203 2518 52 23 pre-

673 2541 50 18 sent
734 2536 51 31 day,
799 2542 23 18 to
833 2545 106 23 presume
952 2543 22 19 to
993 2539 69 24 doubt
1079 2541 37 24 the
1132 2543 124 30 perfection

673 2569 25 23 of
714 2569 56 23 such
790 2576 106 25 systems,
909 2572 20 22 is
950 2573 114 23 sufficient
1082 2579 23 18 to
1123 2575 60 24 draw
1195 2585 58 23 upon

673 2610 44 23 any
729 2603 123 24 individual
875 2604 38 24 the
932 2605 82 32 charge
1032 2606 26 23 of
1075 2607 139 26 disaffection
1233 2615 22 19 to

673 2636 38 23 the
723 2641 65 24 state,
801 2637 46 23 and
858 2638 26 22 of
893 2639 68 30 being
969 2647 30 15 an
1011 2647 80 25 enemy
1100 2646 22 19 to
1135 2650 41 15 our
1187 2644 69 23 social

673 2670 148 24 institutions.
858 2671 43 24 We
921 2672 39 23 did
979 2677 40 19 not
1037 2678 36 19 set
1091 2680 38 18 out
1145 2676 56 24 with
1212 2685 44 23 any

672 2703 111 24 intention
801 2704 27 24 of
844 2705 90 31 writing
945 2705 73 25 either
1037 2714 15 16 a
1072 2707 144 27 dissertation
1227 2718 28 16 on

672 2736 98 30 politics,
782 2745 25 15 or
825 2746 15 15 a
849 2738 156 32 biographical
1021 2740 81 24 sketch
1113 2742 25 23 of
1154 2751 41 16 our
1211 2744 45 23 late

673 2769 126 30 Governor,
818 2771 45 23 and
875 2771 111 25 therefore
997 2778 62 20 must
1070 2773 71 26 check
1153 2784 41 15 our
1203 2773 52 35 'pen

672 2802 35 24 for
727 2803 38 24 the
783 2809 99 26 present,
902 2804 44 25 and
968 2807 97 29 proceed
1083 2812 23 20 to
1124 2810 75 23 notice
1220 2811 36 24 the

673 2840 103 20 contents
788 2838 26 22 of
830 2838 38 23 the
887 2838 56 24 New
960 2838 106 26 Zealand
1075 2840 104 32 Journal,
1192 2844 63 24 down

672 2874 23 19 to
713 2869 39 24 the
769 2878 64 16 same
851 2871 51 24 date
920 2879 25 16 as
957 2880 43 15 our
1019 2873 65 25 other
1101 2883 89 24 papers,
1212 2878 44 23 and

673 2903 80 29 which,
765 2903 35 24 for
812 2912 45 23 any
868 2904 66 33 thing
952 2913 49 16 new
1018 2907 51 23 that
1086 2908 54 32 they
1157 2912 98 28 contain,

672 2944 33 16 we
717 2944 42 16 can
771 2937 28 23 do
809 2945 54 25 very
873 2938 90 32 briefly.

706 2969 50 24 The
775 2970 62 24 chief
852 2972 88 31 subject
957 2973 74 24 which
1051 2974 106 25 interests
1177 2985 36 21 us,
1233 2978 21 23 is

672 3003 38 24 the
732 3003 50 24 first
800 3004 53 23 trial
873 3006 25 22 of
920 3005 37 24 the
976 3012 88 25 system
1081 3008 25 23 of
1120 3012 137 22 economical

672 3036 66 24 cabin
749 3045 109 24 passages
869 3038 35 24 for
922 3040 131 31 emigrants,
1075 3041 44 24 and
1140 3050 31 16 we
1189 3052 67 24 agree

672 3070 53 23 with
736 3071 38 22 the
786 3072 184 31 correspondeut,
989 3074 50 23 who
1051 3075 20 22 is
1083 3076 98 24 referred
1193 3083 23 18 to
1228 3086 28 16 on

673 3103 49 23 that
733 3104 97 32 subject,
843 3112 25 17 as
879 3105 50 25 well
941 3114 26 16 as
978 3107 55 24 with
1044 3107 38 25 the
1095 3108 89 32 Editor,
1195 3119 61 16 some

672 3137 26 22 of
712 3137 75 24 whose
805 3139 103 23 remarks
920 3140 45 23 will
985 3140 28 24 be
1030 3140 71 25 found
1118 3143 25 23 in
1162 3144 94 24 another

671 3170 89 31 portion
772 3170 27 24 of
807 3179 41 15 our
858 3179 78 24 poper.

706 3203 51 24 The
772 3208 44 19 two
832 3206 129 30 prominent
978 3206 101 33 subjects
1096 3209 24 23 in
1133 3209 37 23 the
1188 3219 68 15 num-

672 3236 52 23 bers
740 3236 26 23 of
780 3237 39 23 the
837 3236 59 24 New
917 3238 106 24 Zealand
1037 3240 105 31 Journal,
1160 3251 39 17 are
1219 3245 37 24 the

673 3269 167 24 consideration
858 3271 26 23 of
903 3271 40 24 the
960 3272 40 24 the
1016 3281 50 16 new
1087 3282 169 26 arrangements

672 3303 130 31 respecting
825 3305 137 23 economical
985 3306 64 24 cabin
1072 3315 114 25 passages,
1211 3311 45 24 and

673 3335 47 24 Mr.
734 3335 112 25 Rennie's
856 3339 112 30 proposed
980 3346 50 17 new
1047 3341 130 26 settlement
1185 3353 7 20 ;
1212 3344 42 24 and

673 3368 63 25 there
746 3370 21 23 is
778 3378 14 15 a
803 3370 65 24 short
888 3370 88 33 Report
994 3373 26 23 of
1040 3373 39 24 the
1096 3374 120 27 Directors
1233 3378 26 23 of

673 3402 37 24 the
731 3402 125 32 Company,
881 3412 29 16 on
931 3404 38 25 the
988 3405 89 33 subject
1092 3408 24 23 of
1131 3409 59 25 their
1202 3411 53 24 then

672 3434 139 33 half-yearly
820 3436 114 26 dividend.

695 3464 39 28 On
746 3469 37 24 the
795 3471 57 28 first,
859 3472 91 30 namely
984 3472 38 24 the
1028 3473 133 34 facilitating
1165 3476 39 25 the
1209 3478 46 24 free

672 3502 135 32 emigration
826 3504 25 23 of
865 3512 14 16 a
894 3506 91 29 portion
1004 3506 25 23 of
1043 3506 39 24 the
1100 3509 83 24 sinews
1203 3509 32 26 of
1241 3519 14 15 a

672 3537 147 30 community,
830 3539 90 30 namely
955 3539 38 24 the
1004 3540 84 23 middle
1106 3541 94 32 classes,
1218 3548 36 20 too

672 3569 69 24 much
753 3570 72 24 credit
836 3576 82 18 cannot
927 3572 30 24 be
966 3572 104 25 awarded
1089 3578 23 20 to
1129 3575 45 32 the,
1186 3577 69 24 Com-

672 3609 67 24 pany,
752 3602 36 24 for
799 3603 40 24 the
847 3605 116 24 readiness
974 3606 56 24 with
1040 3607 74 25 which
1127 3608 54 33 they
1190 3612 64 28 have,

672 3634 21 25 if
706 3640 41 19 not
758 3636 85 31 caught
849 3637 44 24 full
911 3638 63 31 sight
989 3639 25 24 of
1030 3640 39 23 the
1084 3642 125 25 soundness
1232 3644 26 24 of

672 3667 38 24 the
720 3669 120 32 principle,
851 3671 103 24 resolved
969 3680 30 15 on
1007 3673 80 34 giving
1098 3674 40 25 the
1144 3677 89 32 project
1241 3685 14 16 a

671 3700 112 25 fair-trial.
832 3702 50 25 The
892 3704 117 25 reduction
1019 3706 26 23 of
1059 3706 38 26 the
1108 3716 112 24 expenses
1232 3711 25 24 of

672 3741 149 24 conveyance,
833 3735 24 25 in
870 3736 45 24 this
926 3738 110 25 instance,
1047 3740 20 23 is
1074 3742 69 30 .quite
1161 3745 92 30 equiva-

670 3767 50 24 lent
731 3772 28 22 to.
765 3772 25 19 to
800 3768 40 25 the
850 3770 152 24 introduction
1021 3773 27 23 of
1070 3777 80 28 steam,
1166 3784 27 16 or
1210 3785 44 23 any

671 3796 124 33 invention,
804 3801 32 32 by
846 3802 80 31 which,
944 3804 74 24 either
1035 3806 56 24 time
1108 3814 27 18 or
1154 3816 99 25 expense

672 3840 41 17 can
724 3833 116 31 besaved,
864 3836 45 24 and
926 3836 95 33 thereby
1041 3838 39 26 the
1098 3848 63 18 same
1164 3866 5 4 r
1180 3843 74 33 object

670 3866 106 25 obtained
787 3872 24 20 at
821 3876 15 16 a
850 3868 98 26 reduced
966 3871 62 32 price
1036 3881 8 21 ;
1063 3880 25 17 as
1106 3874 38 25 the
1162 3877 92 32 Burplus

670 3900 69 24 saved
750 3901 24 24 in
782 3901 53 24 -that
847 3904 138 24 transaction
1001 3905 21 24 is
1042 3914 26 16 so
1085 3908 68 24 much
1171 3911 82 31 capital

670 3933 41 25 left
732 3933 35 25 for
788 3935 119 32 profitable
929 3938 157 32 expenditure,
1103 3941 97 26 without
1215 3944 38 24 ia*

588 44 98 47 C%*
710 44 125 43 Vitto
856 47 210 41 Zealanft
1091 49 195 47 <Sa?ettt
1306 53 91 39 anti
1421 53 301 49 Wellington
1745 53 254 52 Spectator.

905 137 34 18 IN
954 137 86 20 PORT.

706 164 86 27 Barque
799 165 131 27 Indemnity,
937 167 43 20 450
996 170 62 23 tons,
1064 168 88 25 Adams,
1165 170 99 26 refitting.

683 192 89 26 Agents,
783 192 69 22 Waitt
861 194 45 25 an,d
915 194 78 27 Tyser.
1227 208 3 8 ,

708 219 111 21 Schooner
839 221 59 26 Ann,
922 223 27 19 22
969 225 57 22 tons,
1053 223 87 26 Brown,
1229 231 35 20 up.

683 246 78 26 Agent,
771 247 69 21 Waitt
848 249 43 19 aud
901 249 77 26 Tyser.

710 275 75 20 Cutter
806 275 118 27 Pickwick,
943 277 26 21 38
995 279 58 22 tons,
1072 278 63 26 Jury.
1169 278 95 28 Captain,

683 301 76 25 Agent.

710 329 107 20 Schooner
827 330 123 27 Richmond,
961 331 27 20 30
997 334 57 23 tons,
1066 332 98 22 Sinclair.
1190 334 74 24 Agent,

683 356 34 20 W.
728 356 139 22 Fitzherbert.

709 383 109 21 Schooner
835 385 72 20 Maori
922 386 72 24 Davis,
1015 386 26 20 15
1058 388 57 23 tons,
1134 387 84 26 Wylde.
1244 388 20 20 J.

683 410 71 24 Wade,
765 411 76 25 Agent.

700 437 117 21 .Schooner
832 439 67 20 Black
921 441 98 22 warrior,
1032 441 33 20 .15
1075 444 57 20 tons,
1150 442 114 21 Anderson.

710 465 108 20 Schooner
832 466 111 21 Susannah
952 468 55 24 Ann,
1025 468 26 20 79
1066 470 55 22 tons,
1137 468 127 28 Dougherty.

683 491 20 21 J.
713 491 75 24 Wade,
804 492 77 25 Agent.

703 518 89 27 .Barque
805 520 115 25 NavarMO,
930 522 41 19 4<>3
978 523 61 23 tons,
1058 522 115 27 Warming.
1201 523 63 22 Waitt

683 546 40 20 and
732 546 73 26 Tyser,
818 550 87 22 Agents.

710 573 107 21 Schooner
839 574 52 20 New
914 575 121 27 Zealander,
1061 576 35 21 27-
1107 579 62 23 tons,
1188 578 76 21 Guard.

683 600 66 21 Waitt
757 601 42 20 and
807 601 74 25 Tyser,
892 602 88 25 Agents.

710 627 108 21 Schooner
831 629 88 26 Gannet,
926 630 27 19 40
963 632 56 22 t6ns,
1030 630 134 27 Popplewell.
1190 632 74 27 Agent,

683 654 24 20 A.
719 654 137 22 Hbrnbrook.

709 681 123 26 Brigantine
842 682 83 26 Sisters,
939 684 39 20 130
988 685 56 23 tons,
1056 684 83 22 Clark*.

710 708 77 21 Cutter
793 710 118 24 Elizabeth,
922 712 26 19 20
960 713 54 22 tons,
1027 712 95 20 Morton.
1234 726 5 3 -

709 736 107 21 Schooner
832 734 62 29 Imp,'
897 738 27 20 20
941 740 56 23 tons,
1007 738 79 22 Tulett.
1115 739 97 22 Johnson
1225 741 39 21 and

683 762 83 25 Moore,
776 764 87 26 Agents.

708 790 108 21 Schooner
828 792 66 20 Three
904 793 108 20 Brothers.

708 817 123 23 Brigantine
842 819 79 21 Scotia.

776 1040 115 21 AGENTS
907 1041 58 20 FOR
984 1042 69 19 THIS
1070 1042 100 19 PAPER.

702 1075 37 14 Mr.
751 1075 127 15 BURCHAM
971 1075 76 17 Petoni.

702 1093 37 18 Mr.
751 1094 21 17 C.
785 1093 111 22 ELLIOTT,
908 1094 103 19 Examiner
1018 1096 66 21 Office,
1091 1096 71 18 Nelson
1171 1098 71 19 Haven.

702 1115 37 17 Mr.
750 1115 18 16 J.
777 1115 22 17 B.
810 1115 90 18 BAINKB
974 1117 47 17 New
1030 1117 108 22 Plymouth,
1144 1119 98 19 Taranaki.

702 1135 37 18 Mr.
752 1136 24 17 H.
787 1136 122 18 CHUKTON
976 1138 114 22 Wanganui.

702 1157 37 17 Mr.
753 1157 27 17 w.
793 1157 98 18 WILSON
975 1159 40 17 Bay
1022 1159 23 17 of
1054 1159 84 17 Islands.

897 1205 152 18 FREIGHTS.

681 1238 98 19 London
1028 1243 5 15 :
1174 1242 14 19 6
1213 1242 14 20 0
1253 1242 11 21 0

681 1262 57 21 New
753 1263 77 21 South
846 1263 86 22 Wales
946 1271 46 15 and
1003 1265 28 21 V.
1044 1265 28 21 D.
1085 1266 26 21 L.
1138 1268 49 20 ..2
1213 1269 14 20 0
1253 1273 11 19 0

681 1288 95 22 Neison
1174 1295 12 20 2
1213 1296 14 20 0
1253 1296 11 19 0

681 1315 123 23 Taranaki
814 1324 46 14 and
868 1317 74 21 Coast
1173 1322 13 19 2
1214 1323 13 20 0
1253 1323 11 19 0

681 1343 129 20 Auckland
1200 1350 38 13 nil.

681 1379 92 86 New
803 1379 214 86 Zealand
1047 1379 214 86 Gazette

719 1465 68 23 AND
802 1467 216 24 WELLINGTON
1037 1470 186 26 SPECTATOR.

786 1521 157 27 Wednesday,
959 1524 75 22 April
1050 1526 33 22 12,
1101 1527 58 21 1843.

1908 146 87 27 obliged
2004 148 31 27 by
2045 155 55 21 your
2107 148 106 29 inserting
2218 150 18 22 it
2241 151 22 21 in
2274 153 54 20 next
2334 150 155 27 Wednesday's

1910 173 91 23 Gazette.
2091 192 7 2 .

2070 201 11 21 I
2093 209 42 19 am,
2147 202 40 28 Sir,

2096 228 72 23 Yuure
2182 229 147 29 respectfully,

2221 256 63 22 John
2296 257 165 23 Macfarlane.

1935 278 56 22 First
2001 279 102 23 Minister
2112 281 25 21 of
2144 281 38 23 the
2192 282 105 22 National
2308 282 79 22 Scotch
2397 280 89 26 Church

1908 304 55 23 New
1974 304 107 23 Zealand.

1983 359 127 26 Copy-letter
2117 361 57 23 from
2184 364 34 19 the
2224 364 48 21 Rev.
2283 364 40 20 Dr.
2338 364 74 19 Welsh.

1934 416 9 2 _
1951 416 9 2 _
1994 417 19 2 _
2162 394 138 28 Edinburgh,
2312 395 56 21 Nov.
2381 397 33 24 14,
2427 397 60 21 1842.

1935 418 41 20 My
1994 418 67 21 Dbar
2081 418 47 27 Sir,
2159 419 10 22 I
2187 428 43 14 was
2245 421 104 22 favoured
2365 421 52 23 with
2432 430 55 19 your

1906 442 64 22 letter
1980 444 26 21 of
2019 444 36 21 the
2065 444 49 22 28th
2126 446 62 27 May,
2206 448 68 21 about
2283 447 60 22 three
2354 448 71 22 weeks
2437 456 50 20 ago,

1907 470 43 21 and
1967 469 44 22 laid
2027 470 18 21 it
2060 470 73 22 before
2149 472 38 22 the
2202 473 98 23 Colonial
2312 475 138 28 Committee,
2466 480 21 18 at

1907 496 57 21 their
1972 496 44 22 last
2032 498 103 27 meeting.
2165 499 62 22 Your
2241 501 195 22 communications
2449 508 38 16 are

1906 522 81 26 always
1995 524 101 21 received
2108 525 51 21 with
2171 532 52 20 very
2232 526 56 27 deep
2302 526 97 23 interest.
2434 528 53 22 And

1905 556 45 20 you
1965 549 57 22 have
2031 557 41 14 our
2081 550 47 22 best
2138 552 77 22 wishes
2230 552 46 22 and
2289 558 86 19 earnest
2389 561 97 20 prayers,

1907 575 47 22 that
1969 582 44 21 you
2026 583 52 21 may
2088 578 66 27 enjoy
2169 578 37 22 the
2220 578 82 23 Divine
2317 586 110 21 presence,
2443 582 44 22 and

1905 601 115 29 direction,
2032 602 42 23 and
2084 608 91 23 support
2184 605 79 21 amidst
2272 605 29 21 all
2310 612 54 20 your
2373 607 61 21 trials
2443 609 44 21 and

1905 628 97 23 labours.
2031 629 53 22 And
2097 630 17 21 it
2128 631 62 26 gives
2205 639 25 14 us
2240 634 62 24 great
2316 632 133 23 satisfaction
2466 639 21 17 to

1905 655 63 22 think
1978 654 49 23 that
2036 663 40 14 our
2086 656 92 23 beloved
2188 663 145 22 countrymen
2342 658 55 22 mao
2406 659 81 24 distant

1906 688 14 14 a
1929 682 82 26 region,
2023 682 79 23 should
2112 684 66 27 enjoy
2189 684 36 22 the
2234 684 105 28 privilege
2349 685 26 21 of
2383 686 104 27 religious

1906 708 131 22 ordinances
2046 709 71 22 under
2126 717 56 20 your
2193 711 166 22 Ministeration.

1934 734 21 22 It
1969 735 41 22 has
2026 735 57 23 been
2100 736 37 22 the
2153 738 93 21 anxious
2262 737 54 22 wish
2333 738 24 21 of
2367 738 37 22 the
2421 739 66 23 Com-

1906 762 76 21 mittee
1993 762 34 21 for
2035 769 14 15 a
2059 763 149 22 considerable
2223 764 53 22 time
2289 769 49 22 past
2350 767 22 19 to
2385 766 55 22 send
2450 771 37 19 out

1906 791 22 18 to
1947 795 44 20 you
2011 796 13 15 n
2041 788 193 29 fellow-labourer,
2259 790 48 22 who
2331 791 69 28 might
2422 792 65 24 cheer

1905 821 55 19 your
1969 814 63 23 heart
2039 816 30 26 by
2077 816 34 21 his
2119 824 111 20 presence,
2241 817 45 22 and
2293 818 128 26 strengthen
2430 826 57 20 your

1905 840 71 23 hands
1985 842 31 26 by
2026 842 32 21 his
2075 844 89 21 counsel
2180 844 44 22 and
2239 845 156 27 co-operation.
2425 846 12 22 I
2452 854 35 15 re-

1904 872 50 22 gret
1969 868 101 23 however
2084 872 23 19 to
2121 877 40 20 say
2176 870 47 23 that
2237 870 96 23 hitherto
2347 872 36 22 the
2398 875 56 20 state
2464 875 23 21 of

1906 901 40 14 our
1961 894 68 22 funds
2048 894 38 23 hns
2103 901 39 21 put
2158 897 43 22 this
2216 897 122 27 altogether
2354 904 40 17 out
2410 900 26 21 of
2447 907 40 15 our

1905 927 77 19 power.
2012 921 203 29 Notwithstanding
2223 924 38 22 the
2269 927 63 23 great
2338 924 92 24 interest
2440 926 47 24 that

1906 945 39 24 has
1959 948 57 21 been
2032 949 117 25 expressed
2165 950 30 27 by
2204 950 37 22 the
2257 950 102 27 religious
2374 952 75 27 public
2465 954 22 22 in

1905 981 57 19 your
1971 975 199 22 communications
2184 983 24 14 as
2217 976 52 26 they
2279 976 56 23 have
2345 979 110 26 appeared
2463 980 24 22 in

1907 1000 36 21 the
1953 1001 90 23 Record,
2054 1000 44 22 and
2109 1001 37 22 the
2156 1002 104 28 repeated
2276 1004 87 26 appeals
2373 1004 47 22 that
2429 1006 57 22 have

1905 1026 58 23 been
1983 1027 66 22 made
2068 1027 22 22 in
2110 1035 40 14 our
2165 1029 94 26 Reports
2273 1030 45 21 and
2333 1031 123 27 otherwise,
2466 1035 21 20 .'a

1906 1054 111 21 sufficient
2027 1061 48 15 sum
2084 1054 35 22 for
2129 1055 93 28 sending
2236 1058 39 20 out
2284 1063 11 14 a
2307 1058 129 28 missionary
2446 1058 41 24 has

1905 1084 38 17 uot
1953 1080 56 22 been
2021 1081 101 22 realized.
2154 1082 26 21 In
2191 1082 61 23 these
2259 1082 177 29 circumstances,
2448 1086 38 22 the

1906 1107 133 27 application
2063 1108 56 22 from
2138 1108 91 28 Nelson,
2248 1108 73 23 which
2336 1118 45 20 you
2395 1112 91 28 inclose,

1906 1138 83 17 cannot
1999 1134 26 22 he
2041 1139 52 18 met.
2131 1135 42 22 We
2187 1136 49 27 beg,
2252 1136 109 28 however,
2375 1138 50 22 that
2440 1147 45 18 you

1907 1160 43 22 will
1973 1169 90 20 express
2086 1165 23 18 to
2133 1162 38 22 the
2193 1162 140 28 subscribers,
2357 1164 38 22 the
2418 1172 68 16 warm

1905 1188 118 28 sympathy
2032 1188 27 21 of
2069 1188 37 22 the
2116 1189 132 23 Committee
2258 1190 70 21 under
2345 1190 59 23 their
2419 1192 68 22 desti-

1906 1214 69 21 tution
1987 1215 26 22 of
2019 1215 97 27 spiritual
2127 1216 138 28 priviledges,
2276 1216 44 21 and
2329 1216 58 23 their
2391 1219 94 23 anxious

1904 1240 57 28 hope
1972 1241 48 22 that
2029 1249 13 14 a
2057 1242 51 21 time
2125 1249 51 20 may
2192 1250 53 14 soon
2262 1249 67 21 come,
2350 1244 63 22 when
2432 1246 54 27 they

1905 1274 52 20 may
1966 1268 28 21 be
2004 1268 49 21 able
2063 1272 21 18 to
2095 1268 54 22 send
2159 1273 38 17 out
2206 1277 14 14 a
2230 1268 109 23 Minister.
2377 1270 23 23 It
2415 1272 71 28 might

1905 1294 120 22 accelerate
2044 1298 98 22 matters,
2167 1296 20 21 if
2206 1295 37 22 the
2262 1296 78 27 people
2357 1301 24 18 at
2401 1298 84 24 Nelson

1905 1328 56 15 were
1972 1325 22 17 to
2004 1329 63 14 come
2077 1322 73 21 under
2160 1329 27 14 an
2198 1322 119 27 obligation
2327 1326 22 19 to
2358 1324 51 27 give
2423 1333 62 15 some

1905 1348 118 21 assistance
2037 1348 95 22 towards
2149 1349 37 21 the
2204 1352 91 24 support
2310 1350 25 21 of
2345 1358 14 14 a
2373 1352 110 28 Minister,

1905 1374 119 28 according
2034 1378 22 18 to
2067 1374 56 23 ilieir
2133 1376 83 26 ability.
2255 1376 60 26 And,
2326 1377 21 21 in
2358 1377 39 22 the
2408 1386 76 15 mean-

1905 1401 59 26 time,
1976 1408 32 15 we
2020 1402 69 21 would
2099 1403 142 21 recommend
2251 1402 48 21 that
2313 1411 58 15 some
2382 1412 103 21 arrange-

1905 1431 63 17 ment
1976 1427 79 23 should
2066 1428 27 23 be
2102 1429 66 22 made
2176 1430 34 21 for
2220 1428 102 28 religious
2332 1432 107 26 meetings
2453 1440 30 14 on

1905 1454 115 27 Sabbaths,
2029 1454 71 23 under
2108 1455 39 22 the
2162 1456 95 23 conduct
2272 1456 27 21 of
2310 1464 49 15 men
2373 1458 26 21 of
2413 1459 74 27 godli-

1905 1488 50 14 ness
1965 1481 46 21 and
2025 1482 26 21 of
2061 1482 114 27 influence,
2191 1483 50 22 who
2258 1483 70 26 might
2341 1484 28 22 be
2387 1485 97 23 selected

1904 1507 51 22 with
1964 1515 57 19 your
2030 1509 77 22 advice
2117 1510 45 21 and
2172 1510 126 21 assistance.
2335 1511 11 21 I
2356 1510 63 28 shall,
2430 1520 51 20 pro-

1905 1534 73 27 bably,
1989 1542 53 15 soon
2055 1536 60 21 write
2134 1540 22 18 to
2175 1544 43 20 you
2237 1536 72 28 again,
2328 1538 45 21 and
2392 1538 92 29 longing

1904 1561 81 27 always
1994 1564 22 19 to
2027 1562 53 21 hear
2089 1563 27 21 of
2124 1570 56 20 your
2190 1564 88 21 welfare
2288 1564 44 21 and
2338 1571 95 16 success.

2012 1593 11 22 I
2034 1589 92 26 remain,
2139 1590 59 22 Dear
2208 1591 41 25 Sir,

2119 1616 81 23 Your's
2209 1624 54 20 very
2272 1616 119 30 faithfully,

2009 1642 98 27 (Signed)
2272 1644 75 22 David
2361 1646 95 22 Welsh.

1930 1668 32 21 To
1974 1668 37 23 the
2021 1669 55 22 Rev.
2087 1669 60 22 John
2159 1671 146 22 Macfarlane.

2038 1736 162 25 NELSON
2225 1738 120 24 NEWS.

1929 1789 49 22 The
1987 1790 54 22 road
2050 1794 22 19 to
2084 1791 37 22 the
2131 1792 108 28 Waimea,
2251 1793 70 22 which
2329 1793 41 22 has
2380 1794 33 22 for
2422 1802 60 16 some

1903 1816 52 22 time
1970 1817 58 22 been
2043 1818 53 22 used
2112 1818 31 28 by
2157 1820 162 26 bullock-carts,
2339 1820 19 22 is
2376 1828 49 15 now
2438 1822 44 22 fre-

1903 1844 97 26 quented
2013 1844 31 27 by
2058 1845 98 22 vehicles
2171 1846 25 22 of
2213 1855 13 13 a
2244 1846 79 27 lighter
2341 1847 140 29 description.

1904 1871 35 20 On
1951 1871 90 27 Sunday
2049 1872 42 21 last
2099 1872 62 22 three
2166 1874 82 27 parties
2255 1873 41 22 left
2302 1873 83 23 Nelson
2396 1875 22 21 in
2428 1875 55 27 light

1903 1900 55 18 carts
1975 1898 52 24 (one
2043 1898 82 28 having
2141 1900 101 27 springs,)
2258 1900 54 21 each
2330 1900 74 22 drawn
2421 1902 29 27 by
2466 1910 13 14 a

1901 1924 58 26 good
1970 1922 71 27 horse,
2051 1929 21 17 to
2082 1933 42 20 pay
2133 1933 13 15 a
2156 1926 45 23 first
2211 1926 51 23 visit
2272 1930 21 18 to
2303 1926 41 23 this
2353 1928 130 28 interesting

1902 1951 85 25 portion
1998 1952 25 21 of
2030 1959 39 14 our
2077 1954 133 21 settlement.
2239 1954 30 21 So
2277 1954 58 26 good
2343 1954 20 21 is
2371 1954 37 22 the
2418 1956 59 27 road,

1902 1976 36 22 the
1947 1978 97 27 journey
2053 1985 40 16 oan
2109 1980 69 26 easily
2190 1980 28 22 be
2233 1980 65 22 made
2311 1980 22 22 in
2349 1984 45 18 two
2408 1981 72 28 hours,

1902 2002 37 20 the
1955 2004 98 20 distance
2069 2006 67 24 being
2151 2008 66 17 about
2236 2006 75 19 eleven
2330 2006 69 21 miles.
2434 2009 47 20 The

1901 2027 53 22 road
1970 2028 93 27 through
2080 2029 37 22 the
2132 2037 70 25 upper
2218 2030 73 26 valley
2305 2030 18 22 is
2340 2032 47 21 also
2404 2033 77 27 nearly

1902 2054 132 27 completed,
2046 2055 71 23 which
2126 2056 45 22 will
2181 2057 63 21 allow
2259 2058 27 20 of
2296 2064 12 14 a
2320 2057 58 22 level
2387 2059 61 22 drive
2458 2060 26 22 of

1901 2081 77 26 nearly
1995 2084 80 25 twenty
2089 2082 65 22 miles
2169 2082 96 28 through
2281 2090 40 15 one
2338 2084 27 21 of
2376 2085 37 22 the
2423 2090 56 19 most

1900 2107 140 28 pictuiesque
2057 2113 104 18 countres
2175 2110 23 22 in
2218 2109 37 22 the
2270 2110 74 23 world.
2375 2112 41 21 We
2431 2121 48 20 per-

1901 2134 61 21 ceive
1973 2135 29 26 by
2012 2142 29 14 an
2056 2135 173 24 advertisement
2241 2136 48 22 that
2303 2137 16 22 it
2326 2137 19 22 is
2361 2138 37 23 the
2408 2139 72 23 inten-

1901 2160 45 22 tion
1958 2161 25 21 of
1995 2161 44 22 Mr.
2049 2163 56 21 Ross
2116 2168 22 16 to
2153 2171 41 14 run
2210 2163 34 22 his
2260 2164 75 26 spring
2344 2169 48 18 cart
2404 2169 25 18 to
2436 2166 43 23 -the

1903 2186 100 23 Waimea
2011 2189 64 21 twice
2084 2196 14 15 a
2109 2190 67 21 week.
2195 2189 114 27 Although
2315 2198 23 14 so
2343 2191 42 22 few
2392 2192 88 23 months

1901 2213 57 23 lr*ve
1969 2214 87 27 elapsed
2067 2216 59 22 since
2136 2216 37 22 the
2188 2216 117 23 Suburban
2316 2218 51 21 land
2380 2226 43 14 was
2432 2227 46 14 sur-

1902 2240 76 27 veyed,
2001 2242 77 28 nearly
2101 2243 63 22 three
2186 2243 103 22 hundred
2310 2251 90 21 persons
2423 2246 55 22 have

1900 2267 80 23 settled
1998 2269 23 21 in
2042 2269 37 22 the
2099 2270 100 22 Waimea
2222 2270 84 22 district
2322 2272 71 22 alone.
2430 2273 47 22 The

1900 2298 85 23 greater
1995 2299 49 23 part
2059 2296 25 21 of
2096 2296 62 23 these
2172 2305 38 14 are
2225 2297 26 22 of
2261 2305 75 15 course
2346 2299 100 28 engaged
2455 2300 22 22 in

1900 2321 138 28 agriculture,
2049 2323 39 21 but
2098 2330 82 20 among
2196 2324 60 22 them
2267 2331 36 15 are
2317 2324 47 23 also
2377 2333 99 21 sawyers,

1900 2352 132 23 carpenters,
2048 2357 13 13 a
2075 2350 140 27 shoemaker,
2231 2358 13 14 a
2263 2351 73 26 baker,
2354 2352 44 23 and
2416 2353 63 23 other

1900 2375 72 21 useful
1982 2376 134 23 mechanics.
2147 2379 119 25 Examiner,
2277 2379 75 20 March
2361 2381 35 20 25.

1927 2402 103 22 Another
2036 2403 58 28 jetty
2103 2404 19 22 is
2133 2405 21 21 in
2171 2413 77 15 course
2258 2405 26 22 of
2295 2406 103 27 erection,
2410 2410 22 19 at
2441 2407 35 22 the

1899 2428 85 22 further
2001 2430 43 21 end
2060 2432 24 20 of
2097 2432 119 23 Auckland
2234 2432 71 27 Point,
2322 2432 79 28 which,
2415 2434 61 22 when

1900 2456 130 27 completed,
2041 2457 43 22 will
2098 2459 108 27 probably
2216 2459 27 22 be
2259 2459 37 22 the
2308 2464 58 18 most
2375 2460 71 23 useful
2455 2461 24 22 of

1900 2488 43 21 any
1960 2490 28 14 on
2003 2483 37 22 the
2056 2484 78 23 beach.
2169 2486 21 21 It
2204 2486 19 22 is
2237 2486 68 27 being
2318 2487 58 22 built
2389 2488 27 26 by
2434 2487 41 22 Mr.

1900 2508 111 28 Otterson,
2022 2510 22 22 in
2055 2511 59 22 front
2124 2512 25 21 of
2160 2512 35 23 his
2210 2519 48 16 new
2274 2513 120 27 residence,
2405 2514 44 22 and
2459 2515 16 21 is

1899 2536 85 22 carried
2001 2541 38 18 out
2053 2542 94 24 seventy
2161 2539 67 27 yards
2241 2539 48 22 into
2304 2547 13 15 a
2332 2544 50 24 part
2397 2541 26 22 of
2441 2541 34 22 the

1899 2561 94 24 channel
2005 2564 44 21 free
2060 2564 57 23 from
2127 2570 79 22 stones,
2218 2566 71 22 which
2300 2567 44 22 will
2354 2567 64 22 allow
2428 2568 24 21 of
2462 2576 14 14 a

1899 2590 69 21 vessel
1979 2590 25 21 of
2010 2592 27 20 60
2047 2598 25 15 or
2081 2592 28 21 70
2119 2596 47 19 tons
2176 2597 22 18 to
2208 2593 29 22 lie
2247 2593 117 27 alongside
2371 2597 23 20 at
2403 2595 73 27 spring

1900 2615 55 22 tides
1969 2617 46 22 and
2029 2618 122 28 discharge.
2185 2618 101 24 Another
2298 2624 63 23 great
2375 2622 102 21 conveni-

1899 2650 55 15 ence
1963 2647 23 18 to
2002 2644 80 22 vessels
2098 2646 24 21 in
2140 2646 92 27 landing
2245 2645 71 29 heavy
2331 2648 72 26 goods
2414 2648 17 22 is
2441 2648 35 21 the

1888 2679 2 23 I
1899 2670 96 23 erection
2006 2672 26 21 of
2043 2679 29 14 an
2082 2673 112 22 excellent
2208 2680 66 15 crane
2289 2674 23 22 in
2328 2676 60 20 front
2404 2674 26 23 of
2440 2674 34 23 the

1898 2696 89 23 bonded
1997 2702 65 18 store.
2090 2699 48 22 The
2148 2707 65 15 crane
2224 2707 44 14 was
2277 2702 97 27 recently
2383 2701 93 27 brought

1898 2728 39 17 out
1948 2724 28 27 by
1987 2725 92 27 Captain
2096 2726 91 26 Thorns,
2206 2726 43 23 and
2265 2727 38 22 has
2323 2728 55 22 been
2392 2731 42 25 put
2448 2735 28 21 up

1895 2749 83 30 jointly
1988 2752 29 26 by
2034 2752 43 22 Mr.
2094 2753 104 23 Ottevson
2212 2753 44 22 and
2267 2754 43 23 Mr.
2326 2755 150 23 Sclanders.

1898 2777 54 22 Ibid.

1926 2805 66 22 Road
2002 2813 28 15 to
2041 2814 45 15 the
2103 2808 106 24 Wairoo.
2240 2808 22 22 It
2270 2808 39 23 has
2323 2809 57 22 been
2394 2813 83 25 repeat-

1899 2832 51 27 edly
1960 2834 95 21 asserted
2066 2834 31 28 by
2107 2836 85 22 natives
2202 2839 23 19 at
2241 2836 90 26 Nelson,
2343 2837 49 21 that
2400 2845 14 13 a
2421 2836 55 28 good

1898 2858 45 23 and
1954 2859 57 22 level
2021 2861 52 27 path
2084 2862 27 21 of
2121 2869 42 16 one
2174 2862 62 29 day's
2243 2862 95 28 journey
2348 2864 59 27 only,
2418 2864 58 21 leads

1898 2886 57 21 from
1967 2886 37 22 the
2015 2888 119 28 extremity
2143 2891 25 21 of
2175 2891 78 23 Queen
2265 2890 129 22 Charlotte's
2404 2890 73 22 Sound

1899 2916 21 18 to
1931 2913 37 22 the
1985 2913 57 22 Waii
2048 2922 33 14 00.
2114 2914 58 24 With
2190 2924 14 14 a
2221 2916 56 22 view
2290 2917 27 21 of
2331 2918 146 26 ascertaining

1898 2938 37 22 the
1946 2940 60 21 truth
2016 2941 26 20 of
2052 2941 43 22 this
2110 2945 127 24 statement,
2251 2951 14 14 a
2279 2950 64 21 party
2358 2944 49 22 who
2422 2944 54 22 have

1894 2965 49 27 just
1951 2966 79 22 visited
2040 2967 48 22 that
2098 2968 86 23 district
2201 2970 103 22 obtained
2319 2977 14 14 a
2344 2971 75 22 native
2432 2978 22 14 as
2463 2977 13 15 a

1896 2992 75 27 guide,
1982 2992 48 23 who
2046 2994 92 27 pointed
2156 2999 38 19 out
2209 2996 37 21 the
2263 2996 53 27 path
2329 2996 26 22 in
2370 2998 105 22 question.

1896 3018 63 28 They
1969 3027 56 14 were
2040 3020 161 29 disappointed,
2213 3022 106 27 however,
2329 3026 24 19 to
2369 3025 46 21 find
2432 3024 44 22 that

1896 3045 37 22 the
1954 3046 85 22 Wairoo
2057 3047 83 27 spoken
2157 3049 25 21 of
2198 3050 29 26 by
2245 3048 38 23 the
2296 3050 86 22 natives
2395 3051 24 22 in
2435 3052 41 22 this

1895 3076 81 23 report,
1987 3072 18 22 is
2021 3074 84 28 merely
2116 3082 28 15 an
2154 3083 47 15 arm
2217 3075 25 22 of
2253 3075 37 22 the
2303 3076 80 28 Oyerri
2399 3086 24 14 or
2437 3079 39 22 Fe

1895 3098 66 28 lorus,
1974 3099 70 22 which
2054 3102 127 23 terminates
2190 3103 24 22 in
2223 3110 14 14 a
2246 3102 52 28 long
2307 3104 73 27 valley
2389 3105 86 28 leading

1896 3128 22 19 to
1928 3125 38 22 the
1975 3130 63 24 great
2053 3128 74 28 valley
2136 3130 25 21 of
2171 3130 38 22 the
2225 3128 96 24 Wairoo.
2350 3131 48 22 The
2413 3139 61 21 party

1895 3159 57 15 were
1961 3154 123 31 prevented
2094 3155 58 23 from
2167 3156 107 28 pursuing
2284 3156 56 23 their
2347 3158 96 29 journey
2451 3160 21 22 in

1896 3179 44 22 this
1949 3180 116 28 direction,
2077 3182 40 23 but
2127 3182 37 23 the
2173 3183 111 27 following
2289 3184 121 27 important
2416 3185 58 28 point

1895 3213 52 21 may
1961 3208 26 21 be
2003 3208 132 23 considered
2151 3218 24 14 as
2190 3211 134 22 ascertained
2333 3219 34 13 :
2367 3212 58 22 That
2439 3213 33 22 the

1896 3232 91 24 Pelorus
2004 3234 19 23 is
2041 3237 124 22 connected
2185 3236 52 23 with
2256 3237 36 22 the
2311 3238 88 23 Wairoo
2417 3239 27 30 by
2460 3246 12 15 a

1895 3260 73 28 valley
1978 3261 26 22 of
2015 3269 42 15 one
2067 3264 117 22 unbroken
2194 3264 65 24 level,
2270 3265 131 29 excellently
2410 3267 62 28 adap-

1896 3287 38 22 ted
1943 3288 33 21 for
1986 3295 13 15 a
2008 3289 59 22 road.
2097 3290 22 21 A
2130 3290 73 22 Maori
2210 3290 53 28 path
2272 3295 22 17 at
2303 3297 91 26 present
2403 3293 67 26 exists,

1895 3314 57 23 from
1968 3314 37 23 the
2020 3316 64 22 wood
2096 3316 25 22 in
2136 3317 37 22 the
2194 3320 75 19 centre
2287 3324 24 16 or
2331 3321 37 21 the
2389 3319 81 23 Wairoo

1896 3341 59 32 plain
1972 3345 22 18 to
2010 3342 38 22 the
2060 3343 61 22 head
2135 3344 26 22 of
2177 3344 38 22 the
2233 3351 45 15 arm
2294 3345 26 21 of
2337 3346 37 22 the
2387 3346 83 23 Pelorus

1892 3372 49 22 just
1957 3368 139 28 mentioned,
2121 3370 72 23 which
2215 3370 19 21 is
2257 3372 106 22 travelled
2386 3373 29 28 by
2436 3374 33 22 the

1895 3395 87 22 natives
1991 3396 22 21 in
2025 3396 67 23 about
2101 3404 15 15 a
2128 3396 43 28 day
2181 3396 46 23 and
2243 3404 13 15 a
2265 3398 52 22 half.
2347 3399 53 23 This
2410 3399 59 23 creek

1895 3421 18 22 is
1922 3422 68 21 about
2001 3426 41 18 two
2052 3422 65 23 miles
2131 3424 61 28 long,
2202 3424 47 21 and
2260 3424 61 28 joins
2338 3426 37 22 the
2385 3427 84 21 Pelorus

1895 3448 68 23 about
1976 3453 44 17 two
2029 3449 63 22 miles
2102 3450 57 23 from
2168 3451 29 22 its
2206 3450 64 24 head.
2298 3452 49 23 The
2356 3454 68 27 grand
2434 3453 33 23 de-

1894 3475 121 22 sideratum
2033 3483 56 20 now,
2110 3476 117 28 therefore,
2246 3478 19 22 is
2283 3478 115 29 discovery
2415 3480 23 23 of
2456 3486 11 14 a

1893 3502 134 28 practicable
2037 3504 185 22 communication
2230 3505 98 23 between
2336 3507 83 23 Nelson
2430 3506 37 22 and

1894 3529 37 22 the
1941 3528 58 23 head
2009 3529 26 22 of
2046 3529 37 22 the
2094 3530 92 24 Pelorus
2192 3539 6 19 ;
2213 3539 30 14 an
2260 3532 72 28 object
2344 3533 71 24 which
2423 3540 42 21 pro-

1894 3556 58 26 baby
1969 3555 83 28 merely
2066 3558 100 27 requires
2180 3566 15 15 a
2209 3558 56 22 little
2281 3560 153 27 investigation
2445 3564 20 17 to

1893 3582 28 23 be
1930 3582 83 28 proved
2022 3582 86 30 readily
2116 3585 154 23 attainable.
2270 3587 65 26 April
2343 3588 20 20 1.

1920 3611 22 21 A
1959 3616 52 20 very
2020 3614 55 18 neat
2090 3611 44 23 and
2149 3612 132 23 convenient
2295 3614 62 22 brick
2373 3614 92 26 building

1892 3636 41 23 has
1942 3636 57 22 been
2009 3637 90 25 erected
2114 3645 54 16 near
2180 3639 74 23 Green
2263 3640 72 27 Point,
2346 3641 34 23 for
2389 3642 35 22 the
2432 3648 32 14 ac-

1893 3662 163 23 commodation
2067 3664 25 22 of
2103 3665 39 22 the
2156 3667 104 26 Maories,
2272 3670 37 19 out
2324 3669 26 21 of
2360 3668 36 23 the
2406 3667 57 23 funds

1894 3690 89 23 derived
1999 3690 57 22 from
2074 3691 38 22 the
2128 3693 80 22 Native
2227 3693 114 28 Reserves,
2360 3702 30 20 or,
2409 3700 54 17 more

1893 3716 108 28 correctly
2013 3717 113 29 speaking,
2137 3724 39 18 out
2192 3719 26 22 of
2228 3727 81 21 money
2319 3721 110 23 borrowed
2437 3727 25 15 on

1893 3747 94 19 account
1997 3743 26 22 of
2034 3743 62 24 these
2111 3753 104 15 reserves.
2244 3747 52 22 This
2309 3747 19 23 is
2343 3747 100 26 certainly
2451 3753 11 15 a
2490 3764 5 5 .

1893 3772 59 21 most
1964 3770 158 30 praiseworthy
2139 3773 139 30 proceeding,
2296 3781 25 15 as
2338 3782 41 16 our
2395 3777 67 20 native

1893 3796 83 23 frienda
1985 3796 45 23 will
2040 3803 51 18 now
2099 3799 57 23 have
2166 3800 38 23 the
2213 3801 91 21 comfort
2314 3801 26 22 of
2345 3809 12 15 a
2367 3801 94 26 chimney

1893 3831 78 16 corner
1980 3830 29 17 on
2019 3824 51 23 cold
2079 3833 26 15 or
2113 3830 44 19 wet
2172 3826 84 28 nights,'
2264 3834 29 15 on
2307 3827 57 23 their
2377 3827 57 23 visits
2442 3829 19 19 to

1893 3851 83 23 Nelson
1984 3859 7 19 ;
2012 3849 90 26 instead
2116 3854 26 21 of
2157 3853 67 27 being
2237 3854 95 27 exposed
2345 3858 23 19 to
2383 3855 35 21 the
2430 3853 30 23 in-

1893 3878 113 28 clemency
2015 3877 26 22 of
2050 3878 40 23 the
2098 3880 104 26 weather,
2212 3887 24 15 in
2246 3880 36 22 the
2291 3881 108 23 wretched
2408 3883 51 19 tents
2495 3878 3 7 '

1893 3905 53 29 they
1960 3906 143 28 temporarily
2119 3910 66 19 elect.
2218 3906 23 22 It
2257 3907 19 22 is
2293 3910 23 18 to
2335 3908 36 22 the
2385 3906 74 26 Bishop

1893 3932 53 26 they
1962 3939 36 15 are
2014 3931 107 25 indebted
2134 3933 34 23 for
2187 3932 43 23 this
2249 3934 133 23 considerate
2395 3936 64 22 act.-*

1889 3949 56 29 JKflf.

102 130 44 20 ON
160 130 167 20 SATURDAY
339 130 95 26 NEXT,
449 130 57 21 15th
520 130 104 23 APRIL.

74 168 134 22 Valuable
226 169 56 20 and
299 169 132 21 desirable
444 170 168 21 Allotments
626 171 28 20 in

143 202 106 21 Wade's
267 202 87 21 Town
371 204 55 20 and
444 204 37 20 Te
496 204 95 21 Maire.

75 254 156 48 MESSRS.
245 255 142 22 BETHUNE
402 257 63 21 AND
479 257 126 21 HUNTER
620 264 34 14 are

166 282 116 21 instructed
290 286 21 18 to
320 284 81 26 dispose
409 285 29 21 of,
444 285 26 25 by
477 284 71 20 Public
554 285 98 25 Auction,

70 310 24 18 at
111 308 101 22 Barrett's
230 310 73 26 Hotel,
320 318 28 13 on
365 311 102 27 Saturday
475 313 57 23 next,
551 313 35 19 the
605 312 49 20 15th

320 339 86 23 instant,

72 369 20 20 A
115 369 128 22 NUMBER
271 372 38 20 OF
334 372 195 21 ALLOTMENTS
555 379 27 14 in
607 379 45 15 the

124 403 70 22 ,WELL
209 404 90 15 KNOWN
319 405 112 14 LOCALITY
446 405 28 14 OF
487 400 112 21 WADE'S

317 426 94 23 TOWN,

71 451 64 26 being
144 452 74 26 chiefly
225 453 111 26 composed
343 453 24 20 of
375 453 60 20 those
442 454 94 20 reserved
545 456 23 18 at
577 454 76 21 former

72 478 53 20 sales
143 485 26 13 on
185 484 90 15 account
291 480 24 20 of
329 480 55 21 their
400 480 110 26 eligibility
524 482 41 19 and
579 482 58 20 value
645 490 6 16 ;

72 505 36 20 the
117 506 94 25 portions
216 510 22 15 at
248 510 83 22 present
341 508 102 25 occupied
454 508 106 26 testifying
572 511 21 18 to
600 509 53 20 their

69 532 122 25 adaptation
218 533 34 21 for
279 534 37 19 the
343 534 108 21 mechanic
479 536 41 19 and
548 537 104 20 moderate

68 559 107 26 capitalist
185 567 6 18 ;
216 560 41 20 and
270 561 36 20 the
324 562 101 25 products
445 562 24 20 of
485 562 85 21 Wade's
588 563 64 21 Town

71 586 52 20 have
139 589 45 20 not.
191 586 54 22 been
261 588 33 20 far
304 588 77 21 behind
390 590 47 19 that
446 589 24 20 of
477 590 36 20 the
523 593 58 23 great
592 590 61 21 River

72 612 63 25 Hutt,
152 620 22 14 as
187 614 39 21 has
242 614 54 21 been
312 616 73 20 shown
399 618 24 19 to
439 617 36 20 the
491 617 125 22 admiration
631 618 24 20 of

71 646 63 20 many
143 643 22 18 at
176 641 35 21 the
222 642 155 21 Horticultural
386 644 75 20 shows.

136 674 83 22 Several
228 676 127 22 Allotments
365 678 22 20 in
396 678 37 20 the
445 677 112 28 Township
568 679 25 20 of

259 710 45 21 TE
335 711 130 25 MAIRE,

155 743 51 21 ON
233 744 75 21 THE
335 745 236 22 MANAWATU.

100 775 90 22 Quarter
199 776 25 20 of
230 783 27 13 an
268 777 53 20 Acre
331 777 102 21 Freehold
444 778 106 26 Property,
562 778 90 21 situated

70 808 29 14 on
118 803 37 20 the
171 803 66 20 beach
258 803 80 24 Petoni,
359 804 57 26 (part
428 806 26 19 of
470 806 48 19 Mr..
535 806 43 20 Moi
583 807 66 25 ring's

70 829 92 27 village),
172 830 51 21 with
240 837 13 14 a
268 832 54 24 good
338 831 95 21 Wooden
450 832 79 25 House,
541 833 26 21 12
585 833 25 26 by
627 834 24 20 18

69 856 50 24 feet,
130 858 107 25 presently
246 858 101 26 occupied
362 858 27 26 by
398 859 44 20 Mr.
458 859 34 21 W.
502 859 62 25 Neal,
577 861 75 26 having

70 883 120 20 abundance
210 885 25 20 of
252 885 51 20 Flax
320 886 95 25 growing
433 886 23 20 in
474 887 36 19 the
533 888 119 20 immediate

70 910 180 26 neighbourhood.

97 945 54 21 That
173 945 94 21 BRICK
289 946 99 21 HOUSE
412 948 41 20 ana
477 948 102 25 STORE,
603 950 49 20 with

70 971 73 25 Lease,
154 973 91 20 situated
259 974 25 19 in
292 974 69 21 Willis
378 974 74 26 Street,
469 976 35 19 the
518 979 99 24 property
630 977 25 20 of

68 999 88 21 Messrs.
176 1000 110 21 Warbriek
304 1002 42 20 and
371 1002 83 26 Taylor,
478 1004 122 26 presenting
623 1011 28 14 an

68 1027 101 20 excellent
177 1028 93 26 opening
278 1028 33 21 for
319 1035 13 14 a
341 1035 73 20 grocer
424 1035 24 15 or
456 1031 84 25 general
550 1031 80 21 dealer.

95 1059 128 21 Two-thirds
233 1061 24 20 of
270 1061 64 20 Town
351 1063 62 24 Acre,
431 1062 50 27 (No.
538 1063 25 26 .),
574 1065 77 19 second

68 1086 56 21 from
144 1087 89 26 Captain
252 1088 95 25 Smith's,
367 1096 28 14 on
415 1090 35 20 the
468 1090 101 22 Tinakori
586 1091 65 26 Road,

68 1113 131 22 subdivided.

257 1148 77 15 TERMS
349 1149 109 15 LIBERAL.

134 1175 49 21 Sale
196 1178 22 19 to
232 1176 63 26 begin
308 1180 22 17 at
344 1178 102 26 half-past
461 1180 24 20 12
500 1180 91 21 o'clock.

158 1208 61 20 After
229 1209 75 25 which,
315 1211 79 26 sundry
405 1211 153 23 Merchandise.

94 1240 137 27 Wellington,
241 1242 60 26 April
311 1244 35 24 11,
358 1244 62 19 1843.

235 1295 97 20 Public
352 1296 130 21 Auction.

68 1327 91 48 MR.
175 1327 219 24 FITZHERBERT
405 1329 44 22 will
459 1330 39 22 sell
507 1331 31 27 by
545 1332 104 27 Auction,

160 1361 27 14 on
204 1354 108 27 Saturday
322 1360 61 22 next,
396 1357 24 20 15
424 1357 23 21 th
461 1357 90 28 instant,
563 1362 23 18 at
595 1359 57 22 half-

66 1385 50 22 past
126 1382 25 20 12
162 1381 92 26 o'clock,

95 1413 84 27 Butter,
197 1414 106 28 herrings,
320 1416 66 22 black
403 1420 41 24 tea,
460 1425 88 21 pepper,
560 1419 89 27 pickles,

66 1441 50 20 loaf
122 1447 66 20 sugar
198 1442 46 21 and
260 1442 95 22 Manilla
370 1451 72 20 sugar,
453 1449 48 23 port
515 1446 46 22 and
576 1447 75 27 sherry

66 1467 56 21 wine
133 1468 22 21 in
165 1474 68 15 cases.

95 1494 81 21 Mould
188 1494 45 21 and
244 1494 38 28 dip
296 1496 100 28 candles,
412 1497 61 27 bran,
491 1501 55 25 oats,
562 1501 89 21 scented

66 1526 61 22 soap,
139 1521 45 21 and
193 1521 94 22 window
296 1523 67 26 glass,

81 1569 5 3 ..
87 1571 12 14 f
93 1547 57 22 Also
160 1555 14 14 a
183 1548 86 27 variety
280 1549 23 21 of
310 1550 69 26 drills,
391 1551 124 27 moleskins,
526 1553 50 27 &c,

80 1583 9 11 *
270 1589 73 15 AFTER
362 1590 83 21 WHICH,

92 1607 76 22 About
184 1610 55 20 8000
257 1613 133 24 countesses,
410 1617 50 16 now
477 1611 64 28 lying
559 1616 24 19 at
605 1614 44 23 Mr.

65 1633 97 29 Penny's
167 1635 66 28 jetty,

67 1667 30 19 To
107 1667 23 19 be
137 1667 47 20 sold
190 1668 38 23 for
238 1668 34 21 the
282 1669 73 27 benefit
363 1670 28 23 of
395 1670 64 20 whom
470 1671 17 20 it
496 1677 47 21 may
554 1678 87 16 concern

93 1700 77 22 Terms
198 1701 80 23 Above
292 1703 54 26 20,
363 1703 111 28 approved
489 1705 52 22 bills
550 1709 24 18 at
588 1706 61 23 three

64 1728 94 22 months.

92 1759 65 27 April
167 1761 32 26 11,
212 1761 60 22 1843.

226 1816 60 21 Sale
303 1818 37 26 by
357 1818 129 22 Auction.

64 1847 161 49 MESSRS.
256 1849 94 28 HORT,
387 1851 158 24 MOCATTA.
581 1853 68 23 AND

155 1875 155 23 COMPANY
325 1877 57 23 have
391 1878 101 22 received
507 1880 144 23 instructions

62 1901 58 21 irom
130 1901 37 21 the
183 1902 111 28 Principal
313 1904 76 27 Agent
398 1905 26 21 of
436 1905 37 22 the
485 1906 55 22 New
550 1907 99 23 Zealand

64 1927 122 29 Company,
207 1929 45 22 and
273 1929 42 23 will
335 1931 54 21 offer
407 1932 35 22 for
457 1933 50 21 Sale
525 1934 32 26 by
572 1935 77 22 Public

60 1953 108 29 Auction,
180 1962 28 15 on
228 1956 140 29 Wednesday
385 1962 60 20 next,
457 1959 37 22 the
513 1961 51 21 19th
578 1961 69 28 April,

63 1984 24 17 at
98 1982 22 20 ll
133 1982 92 26 o'clock,
237 1987 23 18 at
270 1984 57 22 their
343 1985 81 26 Stores,
435 1986 32 22 Te
484 1987 48 21 Aro
544 1987 56 28 Flat,
611 1989 38 21 the

61 2008 113 27 following
191 2009 77 27 goods,
280 2010 68 27 being
360 2016 51 22 part
421 2012 25 21 of
452 2012 37 21 the
499 2014 150 27 unexpended

63 2034 73 21 Stores
146 2036 27 19 of
177 2035 39 21 the
227 2036 123 26 Company,
358 2037 122 27 consisting
489 2039 35 20 of:

89 2067 108 27 Tobacco,
206 2075 55 21 very
272 2069 107 28 superior,
390 2069 54 28 duty
454 2070 53 27 free,

89 2092 91 29 Witney

89 2120 63 22 Price
164 2122 44 21 and
221 2123 110 22 Gosnell's
341 2123 94 22 London
445 2131 58 21 soap,

90 2147 89 22 Printed
190 2149 114 27 cambrics,

90 2174 79 22 Cotton
180 2175 178 29 handkerchiefs,

34 2201 8 13 5
89 2201 102 22 Cambric
201 2203 91 27 dresses,

89 2227 80 23 Cotton
179 2229 88 27 shawls,

90 2255 102 22 Summer
202 2256 77 28 cloths,

90 2281 80 23 Cotton
180 2283 67 26 duck,

89 2308 73 22 Linen
172 2310 46 21 and
228 2310 74 23 Union
311 2312 78 27 check,
399 2312 107 23 furniture
517 2313 76 29 check,

89 2335 77 22 Welsh
176 2336 90 28 flannel,

88 2361 76 29 Rifles,
175 2363 91 28 fowling
273 2365 80 28 pieces,
364 2366 126 28 percussion
499 2375 64 20 guns,

89 2388 109 28 Muskets,
210 2392 89 26 powder
309 2393 44 22 and
364 2393 54 25 shot,

89 2415 54 22 Shot
154 2417 57 22 belts
219 2418 45 21 and
272 2419 90 27 powder
371 2420 74 26 flasks,

88 2442 22 22 A
128 2443 62 27 large
207 2451 133 16 assortment
358 2447 27 21 of
399 2448 156 25 ironmongery
574 2449 25 21 of
614 2450 31 21 all

59 2467 72 29 kinds,

90 2495 66 23 Duck
165 2500 102 21 trowsers
277 2500 45 22 and
332 2500 79 27 frocks,

89 2523 57 26 Blue,
154 2531 42 21 pea
202 2525 95 28 jackets,

89 2549 56 23 Blue
155 2552 92 22 woollen
259 2560 115 22 wiappers,

89 2577 55 22 Blue
155 2578 59 21 cloth
221 2579 86 27 jackets
317 2580 45 23 and
372 2584 106 25 trowsers,

89 2603 70 28 Super
169 2604 60 23 cloth
238 2610 107 25 trowsers,

89 2631 74 21 Check
174 2631 72 28 shirts,

88 2657 92 23 Fustian
191 2660 60 27 suits,

87 2684 64 22 Plaid
161 2685 76 22 cloaks
251 2686 67 29 lined,

89 2712 102 21 Camblet
200 2713 45 28 do.,

89 2737 81 23 Patent
179 2739 86 24 leather
273 2742 63 26 belts,

88 2764 102 24 Lucifers
199 2767 44 22 and
252 2769 84 27 sealing
345 2777 57 20 wax,

89 2792 187 29 Crockery-ware,

89 2817 156 24 Blacksmiths'
254 2822 61 26 forge
326 2824 115 27 complete,

89 2845 103 23 Portable
203 2854 74 21 crane,

89 2871 64 22 Nails
170 2874 26 21 of
207 2881 66 21 every
289 2876 140 29 description,
440 2878 42 22 and
499 2886 14 16 a
527 2880 85 26 variety
621 2882 27 22 of

61 2900 62 21 other
132 2900 76 26 goods.

89 2934 77 22 Terms
183 2935 83 29 liberal,
282 2938 46 22 and
343 2939 44 22 will
402 2940 28 22 be
445 2941 66 22 made
525 2942 82 23 known
621 2947 23 18 at

61 2964 52 20 time
124 2962 26 21 of
160 2962 53 23 sale.

257 2999 187 18 REFRESHMENTS.

60 3015 65 28 April
137 3017 32 26 11,
181 3018 61 22 1843.

153 3069 42 21 On
214 3071 70 25 Sale,
304 3077 37 16 ex

59 3102 188 49 BRANDY
274 3105 41 22 IN
344 3106 247 30 HOGSHEADS,

136 3130 92 28 Brandy
237 3132 22 21 in
271 3139 70 21 cases,
351 3140 54 20 very
414 3135 105 25 superior,

87 3156 78 22 Porter
173 3157 24 22 in
207 3157 72 28 hhds.,

89 3182 43 22 Gin
142 3183 23 22 in
177 3183 50 22 half
236 3192 68 21 cases,
414 3190 4 8 '

87 3208 63 23 West
162 3210 65 22 India
237 3219 71 20 sugar,
320 3213 37 23 the
366 3215 49 22 best
424 3222 52 16 ever
484 3216 118 27 imported,

87 3236 102 23 Tobacco
199 3238 24 24 in
233 3240 41 21 200
283 3239 30 23 lb.
324 3240 60 28 kegs,

88 3262 76 28 Cigars
174 3264 21 21 in
207 3265 110 28 packages
326 3268 26 22 of
358 3270 61 26 4000,

87 3290 90 22 Bottled
187 3291 36 21 ale
233 3293 43 21 and
285 3298 82 24 porter,
379 3296 120 28 Dunbar's,

89 3316 95 23 Candles
195 3318 24 21 in
229 3318 75 24 boxes.

87 3369 19 12 t
134 3370 10 11 a
200 3371 10 10 a
244 3353 36 28 .I.l'
298 3374 26 7 ,
455 3349 30 24 J
487 3358 33 15 HN
534 3351 83 24 Wade.

87 3369 31 22 Te
129 3370 54 27 Aro,
194 3371 64 28 April
266 3373 21 26 4,
298 3374 62 24 1843.

798 877 100 21 Notice
913 879 30 19 to
959 878 183 22 Subscribers.

685 908 77 26 Papers
776 909 48 20 will
834 910 38 19 not
882 910 24 19 be
918 911 47 19 sent
983 911 21 18 to
1017 916 89 19 persons
1119 912 66 26 living
1199 915 35 19 nut
1242 913 26 26 of

709 935 53 21 Port
771 936 122 25 Nicholson,
911 938 70 20 unless
995 940 159 23 arrangements
1162 946 37 14 are
1207 941 59 21 made

705 962 38 23 for
752 963 36 20 the
793 966 101 22 payment
905 965 27 25 of
938 966 35 19 the
982 971 64 21 same,
1059 966 93 26 through
1162 973 27 15 an
1197 969 69 25 Agent

708 992 24 18 at
743 990 138 20 Wellington.
