2540 4029
1289 148 45 20 you
1344 141 43 22 will
1398 146 40 18 not
1447 144 54 27 only
1508 144 44 23 add
1563 149 22 17 to
1595 146 56 21 their
1661 153 73 19 power
1743 147 26 21 of
1774 148 102 27 carrying

1289 174 28 15 on
1325 175 58 19 your
1390 168 74 23 affairs
1474 170 51 22 with
1536 179 82 19 energy
1626 172 46 21 and
1682 172 124 26 advantage
1813 181 6 17 ;
1834 174 41 22 but

1291 193 47 22 that
1348 196 37 19 the
1395 196 73 32 public
1475 201 23 16 at
1507 196 69 28 large,
1586 198 136 28 contrasting
1730 198 41 23 this
1779 200 96 22 forbear-

1290 226 53 15 ance
1359 220 52 22 with
1426 222 37 21 the
1478 223 80 27 vigour
1572 223 44 22 and
1635 225 128 25 magnitude
1779 226 25 21 of
1819 233 56 20 your

1291 249 108 19 measures
1419 248 26 21 of
1460 249 137 27 emigration,
1616 250 46 21 and
1682 251 51 21 with
1752 252 37 21 the
1809 253 64 21 uudi-

1288 271 111 23 minished
1415 280 90 21 support
1519 276 112 21 extended
1648 281 23 16 to
1686 277 36 22 the
1739 278 134 23 sett'ements

1289 298 70 22 which
1375 306 43 19 you
1437 301 55 22 have
1508 301 102 28 planted;
1629 302 44 22 will
1689 303 27 21 be
1733 303 100 31 disposed
1852 310 21 17 to

1289 324 78 27 regard
1381 332 54 20 your
1444 328 142 27 proceedings
1597 328 52 22 with
1662 329 112 22 increased
1786 330 86 28 favour,

1288 350 43 22 and
1349 355 23 17 to
1386 359 77 20 repose
1481 355 38 20 the
1535 358 86 23 greater
1632 355 129 22 confidence
1778 356 24 21 in
1818 364 55 20 your

1285 376 120 27 judgment
1416 379 42 22 and
1467 379 114 28 integrity.

1315 403 57 22 New
1381 404 99 24 Zealand
1492 407 83 25 House,
1588 408 49 21 Oct.
1649 408 32 25 10,
1694 409 59 21 1842.

1313 429 17 21 A
1338 434 7 16 t
1355 430 37 22 the
1402 433 129 21 conclusion
1543 434 27 20 of
1580 433 37 22 the
1628 434 93 28 reading
1736 435 35 21 the
1782 436 89 26 Report,

1288 455 44 22 Mr.
1348 456 75 23 Lance
1438 459 79 22 moved
1532 459 29 22 its
1574 460 114 27 adoption.
1717 461 37 21 He
1767 461 49 22 said
1826 462 47 22 that

1286 482 27 21 he
1331 482 46 22 had
1392 483 81 28 always
1488 485 103 27 objected
1607 490 23 18 to
1640 485 38 23 the
1693 487 105 22 dividend
1807 488 26 21 of
1847 490 26 21 10

1285 515 39 19 per
1338 513 57 19 cent.
1405 517 6 15 :
1432 511 27 21 he
1476 511 45 23 had
1537 512 111 23 hesitated
1664 515 23 19 to
1701 513 83 26 belong
1799 518 22 17 to
1834 515 38 22 the

1286 534 111 29 Company
1405 537 25 21 in
1439 544 150 21 consequence
1599 539 26 22 of
1637 539 36 22 the
1688 539 61 28 large
1758 540 112 28 dividend,

1287 560 70 23 which
1367 563 88 23 seemed
1464 567 23 19 to
1501 568 40 23 put
1549 566 19 21 it
1578 573 28 15 on
1617 573 13 15 a
1640 566 58 22 level
1708 567 51 21 with
1769 567 37 22 the
1816 567 56 22 bub-

1285 587 39 32 ble^
1335 590 133 26 companies.
1503 591 50 23 The
1568 592 85 22 motion
1669 600 44 15 was
1730 593 84 22 carried
1830 602 42 15 un-

1285 615 134 28 animously.

1313 640 47 22 The
1372 642 120 22 Chairman
1503 643 78 27 stated,
1598 645 23 21 in
1637 643 63 30 reply
1714 650 29 18 to-
1752 647 117 28 questions,

1284 667 47 20 that
1352 675 60 15 since
1436 669 37 21 the
1492 669 117 23 formation
1628 672 26 21 of
1673 674 38 20 the
1731 673 134 28 Company's

1285 693 141 29 settlements,
1448 700 39 17 not
1506 697 66 21 fewer
1589 698 52 21 than
1652 699 63 25 8,473
1723 706 90 21 persons
1823 700 44 22 had

1285 719 115 23 beensent
1411 723 29 26 by
1451 722 56 22 their
1518 730 84 15 means.
1632 724 66 22 Since
1708 725 37 21 the
1760 725 106 27 junction

1284 746 24 21 of
1320 746 38 21 the
1372 746 119 29 Plymouth
1510 749 53 22 with
1580 750 36 21 the
1634 750 95 24 London
1746 752 122 28 Company,

1285 772 77 26 50,000
1371 780 62 16 acres
1447 776 45 21 had
1510 776 58 22 been
1587 776 48 22 sold
1649 777 23 21 in
1691 777 36 22 the
1746 777 84 24 district
1848 780 26 22 of

1284 798 119 24 Taranaki.

1310 825 90 24 Thanks
1413 827 85 29 having
1516 829 58 22 been
1592 830 157 28 unanimously
1762 831 66 23 voted
1845 836 21 18 to

1284 851 45 23 the.
1345 852 119 24 Chairman
1487 855 46 22 and
1557 856 120 27 Directors,
1706 857 38 22 the
1772 859 98 26 meeting

1284 880 122 25 separated.

1308 905 70 22 River
1388 906 61 23 Gtist
1459 908 64 22 Mills
1533 916 36 14 are
1579 908 23 22 in
1618 910 112 22 universal
1743 918 38 14 use
1792 918 27 15 on
1830 911 37 23 the

1284 931 128 24 Continent.
1442 934 71 22 There
1531 943 38 14 are
1585 936 122 22 thousands
1724 937 26 22 of
1764 937 59 23 them
1840 946 28 15 on

1282 958 37 21 the
1331 958 31 22 Po
1371 960 44 21 and
1426 960 36 23 the
1473 962 103 22 Danube.
1604 963 64 28 They
1680 970 50 21 may
1740 965 27 21 be
1777 972 51 15 seen
1838 973 28 15 on

1283 984 36 21 the
1330 985 66 22 Loire
1406 988 44 21 and
1462 988 38 21 the
1511 989 113 26 Garonne,
1635 990 46 22 and
1691 994 57 18 most
1759 992 106 28 probably

1282 1018 28 14 on
1329 1019 66 20 many
1409 1014 71 22 rivers
1496 1015 23 21 in
1537 1016 115 27 Germany
1659 1024 6 19 ;
1681 1017 53 27 they
1748 1025 38 15 are
1797 1019 25 21 of
1832 1026 34 15 re-

1282 1038 116 27 markably
1408 1040 71 28 cheap
1495 1043 158 26 construction,
1664 1043 37 22 the
1719 1052 73 19 power
1803 1045 65 28 being

1282 1064 83 23 formed
1381 1066 30 26 by
1426 1074 13 13 a
1454 1068 150 22 water-wheel
1623 1070 63 28 hung
1703 1070 101 23 between
1821 1076 44 18 two

1281 1091 68 26 boats,
1361 1093 44 21 and
1416 1092 36 23 the
1462 1093 64 23 boats
1537 1095 111 23 anchored
1659 1104 30 18 up
1698 1097 45 22 and
1753 1097 62 23 down
1827 1098 38 22 the

1282 1120 80 20 stream
1370 1126 6 18 ;
1392 1118 51 23 thus
1454 1120 37 22 the
1502 1120 138 30 descending
1656 1127 80 19 stream
1746 1129 60 17 must
1814 1129 51 19 turn

1280 1144 36 21 the
1327 1145 77 22 wheel.
1432 1146 48 23 The
1486 1150 43 19 two
1541 1148 61 21 boats
1609 1155 38 15 are
1656 1150 99 22 fastened
1764 1153 101 25 together

1280 1170 29 27 by
1318 1178 14 14 a
1341 1177 77 22 strong
1428 1172 39 22 bar
1477 1174 76 22 before
1564 1174 43 22 and
1623 1175 33 22 aft
1665 1176 36 21 the
1712 1177 76 22 wheel.
1816 1178 49 22 The

1279 1204 41 14 one
1331 1198 22 21 in
1364 1199 72 22 which
1445 1200 37 21 the
1494 1200 131 28 machinery
1632 1202 43 22 and
1684 1203 55 27 grist
1747 1207 73 19 stones
1827 1212 38 15 are

1282 1223 79 28 placed
1371 1225 19 22 is
1400 1226 65 22 much
1477 1226 38 23 the
1524 1226 88 29 largest.

1306 1250 54 23 This
1375 1252 143 23 information
1534 1262 52 19 m<iy
1596 1254 97 28 possibly
1703 1255 27 22 be
1746 1257 27 21 of
1786 1264 39 14 use
1844 1261 22 19 to

1279 1277 36 22 the
1334 1278 87 23 ssttlers
1440 1287 28 14 on
1489 1280 36 22 the
1546 1281 65 26 Hutt,
1629 1289 29 14 on
1675 1282 37 21 the
1727 1283 70 22 rivers
1811 1291 56 15 near

1279 1303 90 28 Nelson,
1377 1306 44 21 and
1430 1313 28 14 on
1468 1306 47 23 that
1524 1315 54 14 near
1589 1308 37 22 the
1635 1313 58 17 town
1701 1309 26 21 of
1734 1310 71 22 Petre.
1826 1311 27 21 W
1859 1328 6 5 .

1308 1332 54 21 Ibid.

1306 1358 105 23 Cement.
1442 1359 28 22 In
1489 1367 70 20 many
1578 1365 60 23 parts
1658 1363 26 21 of
1699 1362 85 23 France
1807 1364 59 22 well-

1277 1384 70 22 burnt
1357 1386 75 22 bricks
1447 1388 88 24 ground
1545 1392 21 17 to
1576 1395 12 14 a
1603 1388 96 27 powder,
1710 1390 63 22 when
1792 1390 74 23 mixed

1278 1411 52 22 with
1343 1412 59 26 lime,
1414 1413 19 21 is
1447 1414 72 21 found
1534 1421 13 14 a
1563 1418 77 21 strong-
1656 1420 92 23 cement,
1760 1417 44 21 and
1813 1417 52 22 with

1277 1438 19 21 it
1315 1438 92 23 cisterns
1426 1447 39 14 are
1484 1440 69 27 lined,
1572 1440 74 23 which
1663 1449 68 15 never
1745 1443 64 22 allow
1828 1444 38 22 the

1278 1468 68 19 water
1357 1469 22 18 to
1389 1473 86 20 escape,
1486 1467 45 22 and
1546 1468 19 21 is
1574 1471 56 18 used
1644 1469 35 21 for
1689 1469 36 22 the
1741 1477 60 15 same
1813 1478 52 20 pur-

1277 1498 50 20 pose
1336 1499 24 14 as
1366 1492 59 23 what
1432 1494 17 21 is
1454 1493 72 23 called
1535 1494 85 22 Roman
1628 1501 88 16 cement
1722 1496 22 22 in
1753 1497 110 27 England,

1281 1518 70 22 which
1362 1519 17 21 is
1390 1519 65 22 made
1466 1520 56 22 from
1533 1526 74 17 stones
1624 1522 67 21 found
1703 1530 28 14 on
1743 1523 36 21 the
1795 1524 70 22 beach

1279 1545 26 21 of
1320 1545 38 22 the
1378 1546 45 22 Isle
1438 1546 27 22 of
1481 1547 95 28 Sheppy,
1593 1548 46 22 and
1654 1549 18 21 is
1689 1557 13 14 a
1717 1549 115 30 discovery
1842 1552 26 21 of

1280 1572 91 21 modern
1381 1581 73 19 years.

1305 1598 33 22 As
1350 1599 43 22 this
1403 1600 62 21 brick
1475 1604 90 19 cement
1574 1608 52 21 may
1635 1602 28 21 he
1673 1602 54 23 used
1738 1604 123 27 anywhere,

1276 1627 18 19 it
1304 1625 18 22 is
1333 1626 135 27 mentioned,
1480 1634 24 15 as
1513 1628 18 21 it
1540 1635 50 20 may
1600 1628 28 22 he
1639 1629 24 22 of
1670 1630 84 22 service
1769 1632 23 20 in
1807 1631 56 22 New

1277 1651 110 24 Zealand.
1801 1658 29 16 W

1277 1679 86 21 Ibid.

1301 1705 197 25 Washerwomen.
1527 1708 48 23 The
1585 1709 178 29 washerwoman,
1771 1718 42 20 par
1823 1719 37 14 ex-

1277 1734 92 26 cellence,
1380 1734 20 21 is
1416 1736 115 28 generally
1541 1743 13 14 a
1569 1739 45 19 sort
1623 1738 28 20 of
1662 1738 71 22 round
1748 1738 80 24 bundle
1840 1740 26 22 of

1276 1767 14 14 a
1299 1760 77 28 figure,
1387 1761 92 22 habited
1496 1763 23 22 in
1536 1770 13 14 a
1564 1767 74 18 cotton
1655 1764 67 26 dress,
1734 1765 52 22 with
1801 1766 62 22 short

1275 1786 90 28 sleeves,
1385 1788 107 27 provided
1516 1790 53 21 with
1591 1797 14 14 a
1628 1792 116 25 capacious
1767 1793 47 27 pair
1839 1794 26 21 of

1276 1814 97 26 pockets.
1402 1816 22 21 A
1435 1816 51 21 mob
1502 1824 48 20 cap,
1564 1816 50 22 with
1629 1824 13 15 a
1658 1825 52 20 very
1719 1818 41 22 full
1778 1819 82 28 border,

1275 1841 101 22 conceals
1385 1841 41 22 her
1441 1845 79 20 tresses
1532 1844 62 21 when
1607 1843 21 22 in
1642 1844 37 22 the
1694 1845 65 27 suds;
1774 1846 45 22 and
1831 1854 29 14 an

1275 1874 67 20 apron
1352 1875 24 14 or
1393 1872 42 17 two
1451 1873 95 23 protects
1562 1870 40 21 her
1611 1870 56 22 from
1682 1870 37 22 the
1733 1873 125 23 accidental

1275 1894 137 28 sprinklings
1422 1896 25 21 of
1453 1896 38 21 the
1501 1896 60 22 wash
1572 1896 46 23 tub.
1647 1898 47 21 The
1705 1898 74 22 effects
1790 1900 24 21 of
1822 1899 41 23 her

1276 1925 84 23 steamy
1371 1923 132 25 occupation
1513 1924 62 26 give
1573 1924 34 26 3to
1623 1923 40 22 her
1675 1924 162 29 physiognomy
1848 1935 14 13 a

1277 1948 123 26 par-boiled
1411 1950 148 26 complexion,
1568 1950 97 21 relieved
1675 1952 148 28 occasionally
1833 1954 27 27 by

1275 1981 13 14 a
1298 1981 50 21 rosy
1358 1975 51 27 hue,
1420 1975 72 22 which
1503 1976 103 27 partially
1611 1977 72 27 tinges
1690 1977 39 22 her
1738 1980 62 21 nasal
1810 1988 51 19 pro-

1276 2007 109 20 mentory,
1407 2007 136 21 consequent
1562 2011 29 14 on
1612 2004 83 21 certain
1715 2004 105 24 libations
1839 2007 25 21 of

1277 2026 98 26 Geneva,
1394 2034 25 14 or
1437 2028 63 21 other
1520 2033 75 22 strong
1611 2033 85 18 waters.
1724 2030 50 22 Her
1790 2032 71 22 hands

1275 2059 36 15 are
1322 2054 142 26 unnaturally
1473 2055 66 22 white
1550 2056 45 21 and
1611 2063 90 21 spongy,
1712 2058 82 28 arising
1804 2059 56 22 from

1276 2080 35 20 the
1323 2080 114 22 continual
1447 2081 127 22 immersion
1586 2083 23 21 in
1621 2082 40 22 hot
1671 2087 72 24 water,
1756 2089 23 17 to
1790 2086 71 22 which

1276 2105 40 22 her
1341 2106 95 23 arduous
1462 2108 99 22 vocation
1586 2109 98 26 subjects
1708 2110 67 23 them.
1813 2113 47 21 The

1275 2137 83 22 tongue
1378 2134 19 21 is
1418 2134 121 28 peculiarly
1559 2136 48 21 well
1625 2136 66 27 hung,
1710 2138 43 21 and
1769 2145 92 21 appears

1275 2159 168 27 indefatigable.
1473 2161 44 21 She
1523 2169 71 19 soaps,
1603 2162 44 22 and
1657 2164 57 22 rubs,
1724 2164 44 22 and
1778 2173 80 20 souses,

1274 2186 46 21 and
1337 2186 76 21 rattles
1428 2195 29 13 on
1475 2187 52 22 with
1545 2189 113 22 unabated
1670 2197 89 21 energy.
1788 2192 44 22 She
1841 2193 20 21 is

1273 2213 37 20 the
1317 2213 129 27 peripatetic
1452 2214 113 23 chronicle
1573 2215 26 22 of
1603 2216 107 22 domestic
1717 2217 143 29 intelligence

1301 2239 37 22 the
1348 2246 137 21 snapper-up
1496 2242 25 20 of
1528 2242 163 22 uncohsidered
1701 2244 75 27 trifles,
1788 2246 72 22 which

1273 2266 39 21 she
1324 2266 139 28 ingeniously
1480 2268 70 21 works
1559 2275 30 21 up
1601 2268 52 23 with
1670 2270 85 22 further
1764 2272 97 26 particu-

1273 2293 50 26 lars,
1331 2293 78 26 ondits,
1416 2294 45 21 and
1472 2301 106 19 rumours,
1587 2295 96 28 drawing
1693 2296 39 22 her
1738 2298 123 23 inferences

1273 2320 44 21 and
1329 2320 141 22 conclusions
1480 2325 23 17 to
1513 2322 44 21 suit
1567 2322 37 21 the
1615 2326 55 18 tnste
1680 2323 26 21 of
1714 2324 38 21 her
1763 2326 95 27 hearers,

1272 2346 53 22 with
1336 2346 29 21 all
1381 2346 37 23 the
1437 2352 46 17 tact
1498 2348 43 21 and
1557 2349 117 22 one-sided
1691 2351 73 27 policy
1781 2352 26 21 of
1817 2360 43 14 one

1273 2373 146 27 experienced
1437 2375 23 20 in
1479 2375 39 21 the
1536 2374 129 23 concocftion
1686 2377 26 21 of

1394 2401 43 22 She
1457 2401 18 22 is
1494 2409 14 14 a
1527 2402 84 27 perfect
1630 2404 90 25 register
1739 2405 27 21 of
1782 2406 76 27 births,

1273 2427 83 27 deaths,
1369 2427 44 22 and
1424 2428 119 26 marriages
1554 2429 34 22 for
1604 2429 37 22 the
1658 2430 83 23 district
1750 2432 24 21 in
1786 2433 74 22 which

1272 2453 39 22 she
1322 2461 76 14 moves
1413 2454 45 22 and
1469 2458 96 25 washes;
1581 2456 52 27 and,
1650 2458 114 28 generally
1779 2460 81 26 speak-

1273 2481 47 26 ing,
1338 2480 40 23 her
1397 2482 127 22 narrations
1539 2489 37 15 are
1592 2484 68 21 about
1675 2491 23 14 as
1708 2484 87 24 faithful
1813 2487 45 21 and

1275 2508 115 22 veracious
1400 2515 24 15 as
1438 2508 63 22 those
1513 2510 145 22 embellished
1668 2518 115 16 romances
1792 2513 68 27 given

1273 2537 22 18 to
1306 2534 37 22 the
1353 2535 69 22 world
1433 2535 72 22 under
1515 2536 37 21 the
1562 2537 61 22 titles
1637 2538 26 21 of
1675 2537 107 24 histories.
1811 2540 47 22 The

1271 2561 115 22 confidant
1395 2562 44 22 and
1453 2562 88 23 adviser
1550 2564 26 21 of
1584 2564 37 21 the
1632 2564 108 23 maids-of
1749 2566 108 28 all-work,

1271 2587 39 22 she
1320 2588 18 21 is
1354 2588 81 23 looked
1452 2597 61 19 upon
1529 2590 30 28 by
1573 2590 63 23 them
1653 2592 22 21 in
1693 2591 38 23 the
1741 2592 56 27 light
1808 2594 25 21 of
1845 2602 13 14 a

1271 2614 74 23 Prime
1355 2615 114 29 Minister;
1482 2617 40 27 for,
1529 2616 44 23 like
1581 2617 49 22 that
1639 2621 62 24 great
1708 2618 148 29 functionary,

1270 2641 38 22 she
1319 2642 40 22 ha
1356 2642 23 22 3
1369 2642 83 28 always
1462 2651 62 14 some
1540 2651 57 20 snug
1607 2644 63 28 place
1680 2646 23 21 in
1712 2645 40 22 her
1766 2647 46 27 gift,
1824 2655 32 19 or,

1270 2675 24 14 as
1303 2668 38 22 she
1352 2669 90 27 phrases
1452 2670 24 26 it,
1543 2671 40 22 her
1665 2672 78 28 which,
1752 2672 105 29 although

1270 2694 16 22 it
1305 2702 52 21 may
1373 2703 67 19 prove
1460 2704 29 15 no
1508 2698 110 26 sinecure,
1638 2698 18 22 is
1675 2699 44 21 still
1738 2700 118 22 desirable.

1271 2721 49 23 Her
1329 2724 215 26 recommendation,
1552 2724 108 28 however,
1671 2725 18 22 is
1699 2726 30 27 by
1738 2734 29 14 no
1777 2734 78 15 means

1270 2748 155 23 disinterested
1433 2758 7 19 ;
1456 2750 35 22 for
1501 2751 94 27 through
1607 2752 61 21 these
1678 2752 90 22 humble
1778 2758 78 23 agents

1270 2775 39 22 she
1320 2776 124 28 politically
1453 2782 91 23 expects
1559 2782 23 17 to
1592 2779 51 27 gain
1653 2787 13 13 a
1680 2780 88 27 footing
1780 2781 24 21 in
1817 2781 37 21 the

1270 2802 82 28 family,
1355 2830 5 8 (
1372 2804 44 21 and
1437 2808 21 17 to
1479 2811 62 15 come
1559 2804 24 22 in
1601 2806 34 21 for
1649 2806 37 21 the
1724 2806 74 22 loaves
1813 2808 43 21 and

1367 2830 25 21 in
1404 2830 36 22 the
1451 2831 92 22 humble
1552 2831 68 28 shape
1628 2832 24 22 of
1662 2832 36 23 the
1704 2833 151 28 fragmentary

1270 2856 99 24 portions
1393 2858 25 21 of
1437 2858 38 21 the
1499 2858 123 28 hospitable
1644 2859 70 22 hoard
1724 2868 6 18 ;
1766 2860 88 28 indeed,

1270 2882 102 23 '-wheels
1381 2884 76 23 within
1580 2886 59 22 form
1646 2886 37 21 the
1692 2886 103 23 intricate
1806 2895 48 14 ma-

1269 2909 126 29 chinery'of
1403 2911 39 22 her
1454 2912 58 26 truly
1522 2912 97 28 political
1629 2915 88 25 system,
1729 2914 125 22 selfishness

1268 2936 67 28 being
1345 2937 38 22 the
1393 2938 65 21 main-
1465 2940 76 26 spring
1557 2938 73 23 which
1646 2943 43 18 sets
1701 2940 37 22 the
1748 2940 70 22 whole
1829 2941 24 21 in

1268 2964 92 23 motion.
1393 2966 85 25 Weekly
1487 2967 111 25 Dispatch.

1293 2990 47 23 The
1360 2992 121 23 Archduke
1501 2992 105 23 Frederic
1626 2992 26 23 of
1663 2993 90 23 Austria
1768 3001 44 15 was
1828 2994 25 22 in

1267 3016 115 28 England.

1287 3044 55 23 /The
1354 3046 154 22 Government
1518 3045 74 22 model
1602 3046 57 22 farm
1669 3046 22 22 in
1703 3046 38 22 the
1757 3047 96 23 Phoenix

1268 3070 63 27 Park,
1353 3072 92 26 Dublin,
1464 3072 40 22 has
1520 3073 56 21 been
1595 3072 49 23 sold
1660 3074 35 26 off,
1713 3074 38 22 the
1769 3075 84 27 project

1265 3098 90 28 turning
1365 3103 38 18 out
1413 3102 22 19 to
1447 3099 28 22 be
1485 3107 15 14 a
1510 3099 110 28 complete
1629 3100 86 22 failure.
1752 3100 47 22 The
1809 3102 44 21 los
1867 3098 13 29 3

1266 3126 22 19 to
1298 3124 38 23 the
1345 3125 111 28 Treasury
1467 3126 18 21 is
1496 3126 118 23 estimated
1619 3130 24 19 at
1649 3127 89 27 1,000,
1746 3128 105 27 although

1266 3150 47 23 free
1322 3152 58 23 from
1391 3157 50 18 rent
1450 3153 46 22 and
1506 3157 69 18 taxes.

1292 3178 23 22 It
1323 3185 45 16 was
1377 3180 108 27 expected
1496 3180 48 22 that
1553 3180 135 22 Parliament
1704 3180 72 23 would
1791 3184 60 20 meet

1264 3203 35 23 for
1373 3206 106 28 despatch
1500 3207 26 22 of
1544 3206 102 24 business
1663 3208 66 22 about
1743 3208 36 22 the
1790 3208 60 22 third

1265 3232 66 21 week-
1335 3232 24 22 in
1365 3235 2 3 '
1371 3232 99 28 January
1473 3249 6 6 .

1281 3258 64 23 .The.
1358 3259 61 29 large
1437 3263 76 19 cotton
1531 3261 156 27 manufactory
1712 3261 26 21 of
1760 3262 88 22 Messrs.

1265 3284 88 30 Pooley,
1364 3286 24 22 in
1403 3286 49 23 Ash
1453 3290 38 19 ton
1494 3291 84 23 -street,
1597 3288 142 22 Manchester
1755 3295 43 15 was
1813 3288 38 22 de-

1264 3312 92 27 stroyed
1367 3313 29 27 by
1406 3315 40 20 tire
1456 3321 29 15 an
1497 3314 37 22 the
1541 3315 40 21 3rd
1592 3314 135 23 November.
1756 3315 46 22 The
1811 3315 38 22 fire

1264 3337 69 23 broke
1344 3343 39 18 but
1393 3340 69 23 about
1471 3340 107 29 half-past
1586 3341 35 22 six
1632 3342 22 21 in
1665 3341 36 22 the
1715 3342 101 27 evening,
1828 3346 23 18 at

1263 3371 14 15 a
1286 3364 53 24 time
1351 3366 64 23 when
1427 3368 78 26 nearly
1513 3368 44 21 five
1568 3368 102 22 hundred
1687 3375 89 21 persons
1793 3376 56 14 were

1263 3395 24 18 at
1298 3392 67 23 work.
1408 3394 39 22 All
1457 3401 56 15 were
1522 3394 115 22 fortunate
1647 3395 86 25 enough
1750 3398 21 18 to
1785 3395 64 22 make

1264 3418 56 22 their
1329 3427 78 21 escape
1417 3421 23 22 in
1451 3422 78 26 safety,
1541 3421 54 22 with
1604 3420 38 23 the
1652 3421 115 28 exception
1778 3422 26 22 of
1816 3422 33 22 six

1262 3451 55 21 poor
1338 3451 120 23 creatures,
1482 3448 50 21 who
1551 3455 59 14 were
1628 3448 122 22 consumed
1767 3448 25 22 in
1811 3448 37 22 the

1262 3471 84 27 flames,
1367 3474 44 22 and
1430 3481 14 14 a
1467 3474 45 28 boy
1531 3474 56 26 who,
1607 3473 25 23 in
1649 3474 90 28 leaping
1759 3474 57 22 from
1836 3482 13 14 a

1262 3498 100 28 window,
1373 3500 40 23 fell
1423 3507 31 16 on
1465 3500 37 22 the
1512 3500 56 28 edge
1578 3501 27 22 of
1615 3508 15 15 a
1639 3505 66 20 water
1715 3502 47 26 tub,
1774 3502 73 21 which

1261 3524 89 28 injured
1359 3527 46 22 him
1416 3535 25 14 so
1451 3527 67 22 much
1528 3527 49 22 that
1586 3527 28 22 he
1631 3527 51 23 died
1695 3527 154 29 immediately

1262 3553 139 23 afterwards.

1287 3583 41 23 Dr.
1342 3585 93 28 Turton,
1446 3585 38 23 the
1494 3585 72 28 newly
1579 3585 87 23 elected
1673 3585 17 26 D.
1696 3593 41 15 can
1745 3585 24 23 of
1778 3586 69 22 West-

1259 3609 101 30 minster,
1370 3620 45 15 was
1424 3612 103 23 installed
1538 3619 27 15 on
1579 3611 37 23 the
1626 3612 39 22 9th
1675 3613 135 23 November.

1286 3646 41 23 Dr.
1337 3649 110 27 Stopford,
1461 3649 38 22 the
1514 3648 85 28 Bishop
1612 3649 27 22 of
1651 3649 83 27 Meath,
1752 3657 43 15 was
1813 3650 35 22 in-

1260 3674 79 25 stalled
1348 3682 30 15 on
1388 3676 37 22 the
1435 3676 40 22 6th
1483 3677 26 21 of
1521 3676 38 22 the
1567 3682 65 16 same
1643 3676 86 22 month.

1284 3705 50 24 The
1343 3707 71 23 whole
1424 3708 25 22 of
1456 3708 38 23 the
1503 3709 97 22 inmates
1609 3709 26 21 of
1642 3708 37 23 the
1689 3708 64 23 Fleet
1767 3710 78 22 Prison

1258 3731 59 23 have
1325 3733 59 23 been
1392 3735 112 22 removed-
1510 3739 22 18 to
1541 3735 38 22 the
1592 3735 97 25 Queen's
1699 3735 83 24 Bench.

1285 3763 40 24 Dr.
1346 3765 125 29 Charming,
1496 3767 37 22 the
1557 3768 60 27 truly
1640 3771 63 25 great
1722 3768 125 23 American

1247 3797 1 24 |
1259 3790 145 29 writer.-died
1411 3794 24 21 in
1445 3794 106 22 October.

1287 3823 35 23 Sir
1330 3824 62 24 John
1401 3825 74 28 Cross,
1482 3826 72 27 judge
1564 3826 26 23 of
1597 3825 38 24 the
1644 3826 69 23 Court
1719 3825 27 25 of
1753 3826 92 24 Review

1247 3853 1 36 |
1259 3850 52 22 died
1320 3851 109 29 suddenly
1437 3859 33 16 on
1478 3853 39 23 the
1525 3853 42 23 sth.
1576 3853 26 22 of
1614 3853 135 24 November.

1247 3891 1 16 i
1263 3896 7 3 -
1286 3881 76 28 Hone,
1372 3883 37 22 the
1424 3883 144 24 well-known
1578 3884 80 23 author
1666 3881 28 24 of
1699 3883 39 23 the
1770 3883 74 28 Every

1259 3907 51 29 Day
1418 3909 52 22 died
1480 3916 30 16 on
1521 3911 38 21 the
1568 3911 48 22 6th.

1247 3944 19 22 *
1286 3940 107 28 Sergeant
1402 3940 99 28 Spa-nkie
1510 3948 19 15 i
1536 3941 52 22 also,
1596 3940 110 24 diseased.
1759 3946 35 16 /.
1805 3961 4 5 ,

98 715 201 25 Horticulture
323 725 56 16 and
403 717 209 25 Floriculture.

67 749 29 24 In
115 747 64 25 order
198 748 51 24 that
259 757 40 15 our
311 749 84 24 friends
407 756 24 18 at
444 750 139 32 Wellington
595 760 48 22 may

66 782 57 23 form
135 787 61 17 some
207 782 52 23 idea
269 782 25 23 of
304 782 36 24 the
360 784 95 23 number
475 784 26 23 of
518 791 94 24 persons
623 786 20 22 in

65 814 38 24 the
116 814 86 24 United
217 814 113 32 KingJom
341 816 50 23 who
398 816 47 23 will
456 816 45 24 feel
513 824 30 16 an
553 817 90 25 interest

64 849 24 22 in
99 847 38 24 the
148 855 107 23 progress
268 848 24 24 of
308 849 38 22 the
366 849 169 24 Horticultural
555 850 88 32 Society

62 880 72 29 there,
153 888 33 15 we
206 888 57 24 copy
282 880 59 25 from
360 882 38 23 the
418 883 95 31 critique
532 891 30 16 on
583 884 60 24 Mrs.

62 913 118 24 Loudon's
198 911 69 32 book,
286 915 23 23 in
330 915 39 24 the
388 915 46 24 last
454 917 95 23 number
562 917 25 23 of
605 917 37 24 the

66 945 122 32 Quarterly
209 946 98 30 Review,
330 956 13 16 a
362 949 129 32 paragraph
513 958 26 15 as
562 955 22 19 to
609 950 34 24 the

63 980 108 23 statistics
183 980 26 23 of
218 980 37 23 the
266 981 89 31 subject
365 990 5 15 :

67 1036 2 6 ,
76 1028 4 3 -
153 1013 21 22 is
265 1013 51 32 only
337 1014 148 31 thirty-three
503 1023 66 24 years
581 1017 61 23 since

61 1043 38 25 the
110 1044 132 25 foundation
252 1047 25 23 of
285 1047 37 23 the
332 1047 97 24 London
438 1049 99 31 Society,
548 1049 38 24 the
593 1050 50 23 first

62 1077 182 30 comprehensive
254 1079 127 24 institution
390 1081 26 23 of
424 1082 30 22 its
466 1081 64 24 kind.
567 1082 75 24 There

63 1118 38 16 are
113 1117 48 16 now
172 1111 25 22 in
209 1111 71 23 Great
289 1112 90 23 Britain
386 1118 23 18 at
421 1114 57 23 least
488 1119 42 18 two
540 1115 103 24 hundred

61 1143 123 32 provincial
207 1144 110 29 societies,
342 1145 100 24 founded
463 1154 64 16 more
549 1155 25 15 or
597 1148 45 24 less

63 1183 59 23 upon
144 1176 30 23 its
196 1177 82 23 model.
313 1177 44 23 We
382 1178 48 24 find
453 1180 85 30 merely
560 1181 23 22 in
605 1181 38 24 the

64 1209 134 22 Gardener's
210 1208 117 25 Chronicle
337 1210 36 24 for
383 1211 46 23 last
444 1219 60 23 year,
518 1214 85 23 notices
621 1214 22 24 of

61 1241 36 24 the
119 1242 124 24 exhibition
263 1243 25 23 of
304 1251 44 15 one
367 1244 102 24 hundred
493 1245 44 24 and
558 1251 84 27 twenty

64 1275 101 23 different
176 1276 112 23 societies.

118 1308 143 32 Everything
268 1309 45 24 else
321 1310 121 31 connected,
453 1311 53 24 with
515 1313 126 31 gardening

61 1340 40 24 has
111 1341 117 24 increased
238 1343 24 22 in
274 1342 37 24 the
323 1343 47 24 like
391 1345 139 30 proportion.
566 1345 76 24 There

62 1382 44 15 was
118 1379 23 18 at
152 1374 49 24 that
212 1376 54 22 time
283 1380 40 19 not
334 1384 61 16 more
407 1377 57 23 than
476 1383 42 18 two
530 1379 112 23 botanical

99 1407 43 23 and
164 1407 65 24 those
252 1409 89 31 strictly
363 1411 111 22 scientific
522 1412 120 30 periodical

61 1440 73 24 works
142 1449 6 20 ;
162 1440 63 24 there
236 1449 38 15 are
285 1449 49 16 now
347 1447 23 18 at
380 1443 60 23 least
447 1449 83 26 twenty
540 1445 102 32 monthly

59 1473 155 31 publications,
233 1474 55 24 each
306 1475 97 31 entirely
422 1476 96 24 devoted
537 1482 23 19 to
578 1485 62 17 some

60 1507 81 23 branch
153 1515 26 15 or
189 1507 65 24 other
263 1507 25 24 of
297 1508 82 31 botany
387 1517 27 15 or
424 1510 138 30 agriculture
571 1520 6 20 ;
596 1512 44 23 and

59 1539 59 24 what
128 1547 51 24 may
190 1540 97 32 perhaps
298 1541 45 23 still
356 1549 61 16 more
430 1544 100 30 surprise
541 1544 65 24 those
617 1545 25 23 of

59 1581 40 15 our
110 1573 90 24 readers
211 1574 49 23 who
271 1574 44 23 live
332 1580 65 25 apart
409 1576 57 23 from
479 1576 38 23 the
528 1578 111 24 influence

61 1606 23 24 of
100 1605 37 25 the
154 1606 125 31 gardening
295 1608 78 29 world,
393 1608 63 24 there
475 1617 46 21 are,
539 1618 26 15 or
583 1618 57 17 were

59 1647 53 23 very
123 1639 75 31 lately,
208 1640 125 31 published,
339 1649 68 23 every
416 1641 64 24 week
491 1643 64 23 three
567 1652 73 16 news-

61 1680 85 24 papers,
158 1673 139 31 professedly
311 1675 155 31 monopolised
485 1676 30 30 by
530 1677 109 24 horticul-

60 1706 57 23 tural
138 1706 107 32 subjects.
281 1706 67 25 Even
366 1707 84 33 during
469 1708 39 24 the
525 1710 44 23 last
586 1718 54 24 year

61 1744 41 18 two
125 1746 47 17 new
195 1741 102 23 societies
319 1741 57 23 have
398 1749 89 25 sprung
507 1751 30 23 up
559 1744 23 23 in
602 1744 37 23 the

49 1772 138 31 -metropolis
222 1774 38 23 the
271 1773 97 24 London
381 1774 257 27 Floriculturaliandthe

35 1806 7 15 '
61 1805 73 31 Royal
144 1806 128 24 Botanic
275 1807 54 23 each
337 1807 81 32 taking
429 1816 14 16 a
453 1809 46 23 line
506 1810 25 23 of
541 1811 28 22 its
582 1818 56 22 own,

60 1838 95 30 distinct,
168 1839 86 32 though
271 1844 40 19 not
326 1841 197 32 antagonistically
535 1851 33 22 so,
580 1844 58 23 from

61 1871 45 24 that
121 1872 25 23 of
153 1880 46 23 any
209 1873 128 32 previously
348 1874 86 24 formed
445 1876 137 29 institution,
595 1877 44 24 and

60 1905 51 23 both
132 1913 33 16 we
188 1906 85 24 believe
294 1908 143 31 prospering,
461 1909 45 23 and
527 1910 71 31 likely
616 1915 22 19 to

532 1943 40 24 W.

92 1971 54 23 New
156 1971 104 25 Zealand
267 1972 107 25 Journal.

84 2007 146 24 Economical
242 2009 72 22 Cadin
325 2010 124 23 Passages.
480 2011 45 23 The
536 2012 102 28 publica-

62 2033 44 22 tion
118 2035 24 24 qf
153 2038 44 17 two
205 2035 76 22 letters
289 2037 57 21 from
363 2039 190 26 correspondents,
563 2047 28 14 on
602 2040 36 21 the

57 2061 84 26 subject
150 2061 26 21 of
184 2060 37 22 the
228 2062 113 22 reduction
349 2063 25 21 of
381 2064 65 21 cabin
456 2072 109 20 passages,
577 2066 60 26 gives

57 2094 25 14 us
92 2094 28 14 an
130 2088 139 27 opportunity
277 2089 24 21 of
308 2089 83 27 adding
397 2097 13 14 a
417 2090 42 22 few
469 2091 70 22 words
548 2096 22 17 to
582 2092 58 22 what

43 2120 45 15 *we
97 2113 56 22 have
163 2114 89 28 already
262 2115 95 23 written.
388 2116 26 22 In
429 2117 37 21 the
476 2118 47 21 first
532 2118 63 27 place
607 2127 31 14 we

57 2147 51 20 may
118 2143 62 24 state,
192 2148 53 15 once
254 2142 34 21 for
299 2141 36 28 all,
346 2142 49 22 that,
409 2143 38 23 the
462 2145 52 27 plan
522 2145 21 21 is
553 2146 86 21 univer-

31 2181 2 7 ,
57 2167 54 26 sally
121 2167 112 27 approved
243 2168 29 21 of.
292 2168 41 22 We
343 2176 37 14 are
390 2169 24 21 in
424 2178 12 14 a
447 2171 93 27 position
553 2175 21 18 to
585 2173 53 22 hear

34 2202 10 10 *
58 2194 98 27 Opinions
172 2194 24 21 in
213 2195 30 21 all
259 2195 119 22 directions
407 2196 98 29 friendly
515 2198 122 28 criticisms,

56 2220 48 22 that
113 2220 71 22 would
197 2225 40 18 not
249 2221 26 22 be
290 2222 99 29 publicly
406 2224 72 27 made,
497 2225 60 21 often
573 2226 66 21 reach

56 2254 39 15 our
106 2247 118 23 carsand
236 2254 31 16 we
278 2256 40 14 can
336 2253 56 18 state
409 2257 40 15 our
461 2251 69 22 belief
543 2251 47 22 that
601 2253 36 21 the

58 2273 56 23 New
123 2274 101 23 Zealand
235 2275 118 29 Company,
363 2275 25 23 in
398 2277 38 22 the
446 2278 70 21 whole
527 2286 77 14 course
615 2280 27 21 of

55 2301 28 21 its
92 2308 80 20 career,
189 2301 41 23 has
246 2301 57 23 done
318 2303 96 28 nothing
429 2304 72 22 which
514 2305 20 21 is
549 2313 23 14 so
588 2306 50 21 uni-

55 2327 94 28 versally
158 2328 93 27 popular
259 2336 24 14 as
292 2328 45 22 this
346 2336 62 20 great
419 2331 87 22 leform.
529 2331 41 22 We
581 2333 57 22 have

57 2361 54 15 even
123 2355 72 23 heard
212 2362 89 19 persons
321 2357 124 23 connected
464 2358 51 22 with
536 2359 103 28 shipping

55 2380 77 27 admit,
143 2381 49 23 that
200 2382 22 22 if
233 2390 13 14 a
254 2382 114 23 moderate
384 2384 59 22 scale
454 2385 26 21 of
491 2385 64 22 cabin
565 2393 73 20 passa-

50 2415 44 22 ges
104 2408 65 23 could
185 2409 27 21 be
228 2409 114 27 generally
353 2410 140 29 introduced,
506 2412 50 27 they
567 2413 71 22 them-

55 2435 70 23 selves
133 2435 74 23 would
222 2433 29 25 be
265 2436 87 28 greatly
366 2437 119 23 benefited.
519 2439 45 22 But
576 2440 61 22 there

55 2461 19 21 is
83 2469 28 15 an
122 2462 128 28 impression
259 2467 101 23 amongst
371 2465 60 21 them
442 2467 48 20 that
500 2465 37 22 the
548 2467 56 21 class
615 2468 26 21 of

55 2489 64 22 cabin
128 2496 128 21 passengers
266 2494 59 18 must
352 2491 47 21 fare
409 2493 153 27 sumptuously
571 2501 66 20 every

156 2516 54 22 This
227 2524 30 14 we
275 2517 50 22 take
342 2520 22 19 to
378 2517 28 23 be
424 2526 12 14 a
453 2519 102 24 mistake.
588 2520 48 23 The

54 2543 101 27 majority
168 2543 57 23 have
239 2543 110 27 prudence
365 2552 30 14 on
412 2545 57 22 their
480 2546 55 22 side.
565 2547 70 27 Plain,

54 2569 131 23 wholesome
201 2571 53 26 fare,
266 2570 49 22 well
330 2571 86 27 served,
427 2573 18 21 is
461 2573 29 22 all
506 2573 49 22 that
570 2574 17 21 is
596 2581 40 15 ne-

54 2603 85 20 cessary
146 2604 5 19 ;
163 2597 46 21 and
219 2597 55 22 their
283 2598 49 21 real
341 2598 117 29 difficulty,
469 2607 25 14 as
504 2607 39 15 our
552 2608 84 15 corres-

53 2622 98 27 pondent
167 2624 97 22 Tasman
279 2624 73 28 points
372 2629 45 23 out,
430 2627 20 21 is
469 2626 37 22 the
525 2627 110 24 invidious

52 2649 123 23 distinction
186 2650 97 23 between
294 2651 64 22 cabin
367 2652 46 22 and
421 2653 154 23 intermediate
585 2662 50 20 pas-

52 2683 94 21 sengers,
167 2677 45 22 and
235 2677 38 23 the
295 2679 98 21 conduct
415 2680 26 21 of
465 2681 102 26 ignorant
589 2682 46 22 and

51 2703 178 27 vulgar-minded
252 2705 64 21 cabin
344 2713 132 20 passengers
503 2707 45 22 and
574 2708 61 28 ship-

51 2735 90 17 masters
148 2731 93 22 towards
248 2731 37 22 the
292 2731 105 23 humbler
404 2733 56 22 class
466 2734 24 21 of
496 2741 137 21 passengers,

52 2757 59 22 often
122 2757 57 23 their
188 2758 108 27 superiors
312 2759 22 21 in
351 2766 66 21 every
428 2760 64 27 thing
508 2765 80 24 except
598 2762 37 22 the

51 2783 128 28 imprudent
188 2785 44 21 and
242 2785 107 21 senseless
358 2787 94 26 craving
462 2788 34 21 for
505 2787 128 24 distinction

50 2811 29 26 by
90 2811 35 21 the
135 2812 54 26 only
198 2818 78 15 means
285 2811 76 22 within
375 2812 58 23 their
442 2814 67 21 reach
538 2822 11 15 a
562 2815 72 23 lavish

50 2837 149 28 expenditure.
229 2838 40 22 We
286 2837 70 23 admit
374 2839 48 22 that
440 2847 66 21 many
523 2842 112 23 excellent

49 2871 51 15 men
111 2865 57 22 have
179 2868 40 19 not
228 2863 38 23 the
280 2865 70 21 moral
369 2873 95 20 courage
480 2871 21 18 to
516 2868 65 22 resist
590 2868 44 23 this

49 2891 134 28 assumption
200 2892 26 21 of
243 2892 139 27 superiority,
399 2893 65 22 aided
485 2895 28 27 by
532 2895 99 28 ridicule,

49 2918 44 22 and
103 2925 55 15 even
170 2922 22 18 to
202 2918 62 22 those
274 2919 50 21 who
341 2926 41 15 can
397 2921 65 21 resist
476 2921 24 27 it,
511 2922 19 21 it
544 2922 19 22 is
572 2923 61 22 suffi-

49 2944 83 28 ciently
141 2945 125 28 annoying,*
282 2945 45 22 and
343 2947 17 21 it
370 2946 19 22 is
399 2947 34 22 for
443 2948 44 22 this
496 2956 77 15 reason
584 2949 49 23 that

48 2971 37 22 the
99 2971 107 23 abolition
221 2973 22 21 of
264 2972 37 22 the
319 2973 112 22 invidious
452 2975 132 28 distinction,
603 2977 30 27 by

49 2999 101 34 carrying
163 3006 108 21 economy
280 2999 48 22 into
344 2999 38 23 the
399 3001 72 27 cabin,
485 3002 42 22 will
544 3003 87 22 obviate

48 3024 28 22 all
87 3025 36 23 the
132 3026 181 27 heart-burnings
324 3030 22 18 to
363 3027 73 22 which
453 3036 41 15 our
501 3036 130 21 correspon-

47 3051 53 23 dent
108 3052 91 23 alludes.
227 3053 41 22 We
278 3053 54 22 hear
342 3061 29 14 on
382 3055 28 20 all
422 3055 58 22 sides
489 3056 48 21 that
546 3065 51 14 men
608 3058 25 21 of

68 3079 74 26 gentle
170 3079 67 27 birth,
245 3079 25 23 of
276 3080 86 22 refined
372 3081 118 23 education
497 3083 46 22 and
550 3083 80 28 habits,

47 3105 43 22 and
108 3105 53 23 with
179 3112 78 16 means
275 3106 113 22 sufficient
407 3112 22 17 to
450 3110 119 22 command
593 3112 38 21 the

45 3135 87 24 respect
141 3132 26 22 of
174 3132 37 22 the
220 3132 85 27 vulgar,
312 3133 84 26 rejoice
407 3134 72 23 in'the
487 3138 143 28 opportunity

45 3157 50 23 thus
105 3158 99 22 afforded
214 3158 59 22 them
283 3159 28 21 of
316 3161 151 28 economising
476 3162 58 23 their
543 3171 83 20 means,

46 3185 91 22 without
155 3185 128 22 abatement
299 3185 27 22 of
341 3186 133 23 substantial
492 3190 94 22 comfort
605 3199 25 14 or

46 3211 178 28 disparagement
238 3215 23 19 to
280 3212 58 22 their
353 3213 82 23 station
454 3215 24 21 in
496 3215 47 22 life.
567 3233 3 5 .
580 3217 49 22 The

46 3239 62 23 cabin
120 3238 75 24 berths
204 3239 24 22 in
238 3239 37 22 the
285 3240 77 20 Phabe
370 3246 39 16 are
424 3240 37 28 all,
473 3248 25 15 or
511 3242 78 28 nearly
598 3244 30 22 all

47 3265 98 28 engaged
159 3266 30 27 by
202 3272 93 21 person?
309 3266 24 22 of
345 3270 65 24 great
425 3269 170 28 respectability,
606 3272 27 21 of

46 3291 69 24 whom
124 3293 51 27 few,
186 3293 51 26 and,
247 3293 101 28 perhaps,
357 3300 57 16 even
423 3301 60 15 none
493 3296 71 22 would
572 3295 58 24 have

46 3319 64 23 taken
125 3327 29 15 an
170 3319 154 23 intermediate
337 3328 101 20 passage,
455 3321 53 22 with
525 3323 64 27 equal
605 3331 25 14 or

47 3352 54 16 even
117 3347 99 34 superior
231 3348 111 21 comforts.
379 3347 52 26 We.
437 3355 37 15 are
492 3352 41 19 not
549 3357 81 21 among

47 3371 60 24 those
124 3369 51 27 who
193 3374 120 27 condemn,
332 3382 26 14 as
376 3375 90 27 unwise,
487 3375 38 23 the
546 3376 83 28 feeling

46 3399 72 23 which
130 3401 126 27 recognises
270 3401 56 22 such
340 3401 147 24 distinctions.
516 3403 21 22 A
548 3403 81 23 decent

46 3425 58 26 pride
115 3427 26 21 of
151 3427 80 22 station
241 3428 19 21 is
275 3427 37 22 the
329 3433 80 23 parent
417 3429 27 22 of
454 3436 69 21 many
535 3430 91 23 virtues.

47 3451 52 23 Men
109 3453 50 22 who
170 3453 72 28 guard
257 3453 59 23 their
329 3455 95 28 position
441 3456 25 22 in
481 3456 83 29 society
575 3458 53 22 with

47 3479 102 23 watchful
162 3481 109 27 jealousy,
282 3488 38 15 are
332 3486 44 18 not
384 3489 54 21 very
448 3483 69 28 likely
527 3488 22 17 to
563 3484 65 28 bring

46 3504 96 29 disgrace
151 3514 61 20 upon
222 3507 133 23 themselves
370 3509 45 22 and
430 3509 102 29 families,
544 3511 44 22 and
599 3511 27 22 he

46 3532 48 22 who
102 3533 19 21 is
135 3534 84 22 callous
236 3537 22 19 to
273 3534 125 29 inferiority
414 3536 27 22 of
452 3536 101 28 position,
570 3545 57 16 even

45 3558 82 29 though
137 3561 49 21 that
194 3560 125 29 inferiority
325 3561 27 22 be
358 3563 157 22 conventional
525 3571 26 15 or
558 3564 67 28 ideal,

46 3591 18 15 is
73 3590 38 18 not
120 3587 69 28 likely
198 3590 23 20 to
235 3587 27 22 be
276 3594 55 21 very
341 3589 106 22 sensitive
465 3590 107 28 touching
581 3590 46 23 dis-

47 3611 101 25 tinctions
163 3614 71 23 which
252 3620 63 21 carry
331 3615 53 22 with
402 3616 61 23 them
482 3617 47 22 real
548 3618 78 27 degra-

47 3637 79 25 dation.
163 3641 34 22 To
213 3640 37 23 the
264 3641 171 29 right-minded,
452 3643 117 29 therefore,
587 3645 39 22 the

46 3667 150 22 intermediate
209 3674 92 21 passage
315 3671 61 19 must
391 3670 45 21 and
450 3670 70 28 ought
534 3675 22 18 to
574 3672 52 27 give

45 3693 56 26 pain,
110 3693 47 23 and
165 3701 33 15 we
207 3694 57 22 have
279 3697 42 19 not
329 3694 44 23 -the
388 3695 101 28 slightest
498 3698 71 22 doubt
578 3698 49 23 that

45 3724 65 22 many
117 3719 50 23 who
175 3721 73 22 would
255 3721 60 23 have
322 3721 60 23 been
392 3722 102 24 deterred
503 3725 57 22 from
570 3726 56 21 emi-

45 3747 92 26 grating,
146 3747 30 28 by
186 3747 37 23 the
233 3748 109 28 necessity
352 3749 27 21 of
390 3750 128 29 expending
531 3752 62 24 200
601 3759 25 15 or

45 3771 59 23 300
111 3774 35 21 tor
156 3774 37 22 the
201 3782 105 21 passages
320 3775 27 22 of
356 3775 59 22 their
431 3777 101 27 families,
543 3778 45 23 will
602 3782 24 19 at

45 3803 54 17 once
110 3799 59 24 seize
185 3800 37 23 the
239 3801 142 33 opportunity
399 3803 28 22 of
444 3803 91 29 placing
553 3806 72 22 tbemv

47 3824 68 23 selves
130 3826 47 23 and
194 3827 94 23 families
299 3827 28 23 in
344 3829 58 22 New
419 3829 101 24 Zealand
532 3831 36 23 for
580 3832 45 26 fcss

45 3851 53 21 than
105 3851 52 23 half
166 3853 37 23 the
212 3858 94 19 amount
313 3855 128 29 previously
450 3864 128 22 necessary,:
624 3858 4 15 !
627 3876 4 3 .

75 3880 36 19 We
120 3878 55 24 have
184 3888 78 15 reason
271 3885 26 21 to.
303 3881 89 23 believe
398 3881 48 24 that
452 3883 37 23 the
496 3885 127 27 suggestion

47 3905 113 23 contained
168 3905 25 23 in
202 3914 40 16 our
253 3907 51 28 last,
316 3921 4 10 ;
320 3905 57 25 as'to
388 3908 38 23 the
440 3909 55 29 duty
504 3912 26 21 of
543 3912 81 26 setting

46 3934 27 17 an
82 3931 104 29 example,
202 3933 40 23 has
249 3938 41 19 not
304 3935 58 23 been
372 3935 87 26 thrown
475 3944 79 22 away.-
572 3938 51 23 One

680 142 25 14 or
713 139 44 18 two
767 136 133 27 gentlement
910 137 48 21 who
967 144 37 16 are
1013 139 70 22 about
1091 142 22 19 to
1123 141 106 27 emigrate
1239 141 22 22 in

680 161 37 21 the
727 162 73 27 spring
809 163 54 21 have
868 163 71 21 stated
950 167 23 18 to
983 172 25 14 us
1020 165 48 22 that
1075 173 28 14 on
1113 173 31 14 no
1150 167 111 22 consider-

680 188 59 22 ation
750 189 65 21 would
833 188 51 27 they
894 196 24 14 so
927 189 35 22 far
975 191 89 27 neglect
1078 192 37 22 the
1125 192 55 27 duty
1190 193 71 22 which

680 214 53 27 they
741 221 49 14 now
796 215 97 21 consider
903 215 52 27 they
967 224 45 14 owe
1024 221 22 17 to
1057 217 37 23 the
1104 219 92 27 Colonr,
1207 227 25 14 as
1239 224 22 17 to

680 240 69 28 adopt
763 240 35 22 the
807 241 117 27 expensive
938 243 64 21 mode
1018 243 80 23 should
1107 245 38 22 the
1156 250 42 17 two
1209 247 52 21 offer

680 266 129 22 themselves
818 271 23 17 at
857 268 38 20 the
905 274 59 16 same
977 269 61 23 time.
1066 271 63 26 They
1141 271 42 22 will
1193 271 30 23 do
1233 273 28 21 all

679 292 24 22 in
714 292 57 22 their
784 301 69 20 power
866 297 23 18 to
905 294 63 28 bring
982 295 36 23 the
1028 297 135 23 economical
1179 303 81 23 system

680 318 49 23 into
738 325 57 20 good
802 323 82 24 repute,
894 321 45 21 and
948 322 23 21 in
979 321 54 23 both
1044 323 38 21 the
1092 330 60 16 cases
1160 328 23 18 to
1189 325 71 21 which

680 353 31 14 we
722 346 78 26 allude,
812 344 38 24 the
858 348 82 20 station
951 348 26 21 of
986 348 37 22 the
1031 349 83 28 parties
1123 350 18 22 is
1150 351 110 23 sufficient

680 375 22 18 to
712 372 78 22 enable
799 372 57 23 them
867 377 22 18 to
900 377 34 18 set
943 374 90 23 ridicule
1044 380 22 17 at
1075 375 106 24 defiance.

708 398 21 22 It
737 398 74 23 should
827 399 45 22 also
887 400 27 21 be
924 400 118 28 impressed
1057 409 59 21 upon
1125 403 37 21 the
1179 407 81 19 master

680 424 25 21 of
712 424 36 22 the
762 426 73 26 Phabe,
847 426 47 22 that
899 426 28 22 he
939 428 37 20 has
986 435 12 13 a
1004 433 65 21 great
1075 429 43 22 and
1125 429 134 23 honourable

680 450 54 28 duty
743 455 22 18 to
776 452 57 22 fulfil.
861 452 49 23 The
924 455 116 21 execution
1059 455 25 21 of
1095 462 29 14 an
1139 455 120 28 important

679 477 82 22 reform
771 478 17 22 is
797 479 113 22 entrusted
919 484 22 17 to
950 479 53 27 him,
1017 480 47 22 and
1073 485 39 17 not
1119 488 15 14 a
1144 482 60 22 word
1213 490 25 14 or
1245 490 14 14 a

678 503 50 27 sign
737 504 76 23 should
823 506 26 21 be
857 505 119 27 permitted
985 509 22 19 to
1018 514 78 20 escape
1105 506 48 23 him
1162 508 96 24 calcula-

678 529 38 23 ted
726 534 22 17 to
758 531 56 22 exalt
822 532 171 27 expensiveness
1003 532 72 23 above
1084 540 118 23 economy.

685 574 5 5 ,
705 556 65 23 Since
779 565 36 15 our
823 557 50 25 last,
889 564 33 15 we
931 558 57 23 have
1002 559 67 22 made
1077 566 61 16 some
1153 561 105 28 inquiries

678 582 68 23 about
757 583 34 23 the
800 591 95 21 expense
905 584 25 21 of
940 584 65 23 cabin
1021 591 136 22 passengers,
1172 588 47 22 and
1226 596 32 16 we

677 609 49 22 find
733 610 46 21 th-.it
786 609 34 24 the
826 610 115 23 reduction
949 611 26 22 of
979 611 36 22 the
1023 612 59 28 price
1092 616 21 18 to
1118 613 49 28 fifty
1172 615 85 29 pounds

678 636 28 26 by
720 637 81 26 private
816 636 134 27 shipowners
964 638 18 21 is
999 639 108 25 perfectly
1114 642 141 26 practicably.

678 662 45 22 For
731 662 48 22 that
788 669 45 16 sum
844 663 62 22 there
917 664 56 21 need
983 664 27 22 be
1019 672 30 14 no
1059 665 114 24 reduction
1186 667 24 22 in
1221 668 36 22 the

676 690 103 26 quantity
786 696 21 15 or
817 690 86 27 quality
909 690 25 21 of
941 690 36 22 the
988 691 132 28 provisions;
1132 693 59 22 fresh
1201 699 56 17 mut-

677 719 38 18 ton
726 716 44 21 and
779 716 58 27 pork,
848 716 96 28 poultry,
955 722 106 22 potatoes,
1073 725 53 16 even
1138 720 43 21 soft
1190 720 66 23 bread

676 742 44 22 and
730 742 61 27 milk,
803 742 82 22 indeed
896 749 66 21 every
972 743 63 28 thing
1049 744 47 22 that
1106 753 40 14 can
1160 747 28 22 be
1198 754 58 20 pom-

676 769 73 26 prised
758 769 23 22 in
790 769 34 22 the
834 769 81 28 phraze
925 770 58 26 good
991 770 131 24 wholesome
1133 772 59 27 plain
1201 770 53 31 fare,

676 802 51 20 may
736 795 29 22 be
781 796 75 21 served
873 800 23 17 to
911 796 37 21 the
958 796 64 23 cabin
1034 798 65 26 table,
1115 798 90 29 leaving
1221 800 34 22 the

675 829 125 20 passengers
817 826 23 17 to
850 822 107 28 purchase
967 824 55 21 such
1031 824 55 22 wine
1096 825 45 22 and
1150 826 74 27 spirits
1233 834 22 15 as

676 849 53 27 they
746 856 47 20 may
809 850 94 26 require,
921 853 23 18 at
962 857 14 14 a
994 850 61 22 fixed
1072 852 64 21 tariff.
1174 853 44 22 Let
1231 861 23 14 us

675 876 109 27 earnestly
796 876 143 22 recommend
957 880 21 17 to
995 877 135 27 shipowners
1145 879 38 22 the
1199 880 55 26 good

673 902 73 27 policy
755 904 25 19 of
785 902 105 32 adopting
900 903 43 22 this
951 907 89 23 system.
1072 904 20 21 It
1099 904 43 23 will
1149 906 61 22 swell
1219 906 35 22 the

673 933 82 18 stream
762 929 23 22 of
791 930 138 26 emigration,
941 930 43 21 and
991 930 45 22 add
1045 935 22 18 to
1075 931 57 22 tlieir
1138 936 116 24 aggregate

675 955 81 28 profits,
772 956 25 27 by
807 956 90 28 leaving
906 963 14 15 a
928 956 58 27 good
1002 958 164 22 remunerative
1176 960 79 27 freight

675 988 33 15 lor
718 983 37 22 the
763 990 62 20 space
835 983 106 27 occupied
956 984 28 26 by
994 984 38 21 the
1043 985 63 21 cabin
1118 992 134 21 passengers.

701 1010 34 21 As
746 1010 31 21 far
785 1017 22 14 as
816 1017 41 14 one
865 1010 49 21 trial
925 1017 41 14 can
974 1010 80 28 justify
1063 1018 12 15 a
1085 1011 137 28 conclusion,
1230 1021 24 14 so

674 1036 66 22 much
749 1036 24 22 of
779 1036 39 22 this
829 1036 138 28 experiment
976 1044 24 14 as
1010 1040 81 20 relates
1101 1042 22 17 to
1130 1039 65 22 cabin
1207 1047 46 20 pas-

674 1070 89 20 sengers
769 1063 36 22 has
812 1063 122 27 admirably
941 1064 130 23 succeeded.
1101 1065 45 22 But
1156 1065 44 22 this
1207 1073 46 15 suc-

674 1096 46 15 cess
730 1089 19 22 is
756 1090 89 27 nothing
853 1094 23 17 to
884 1089 47 22 that
938 1090 70 22 which
1019 1096 51 22 may
1077 1091 28 22 be
1111 1092 140 28 anticipated,

673 1117 63 20 when
748 1116 35 22 the
788 1120 80 24 system
875 1116 40 21 has
920 1117 92 21 become
1020 1118 138 27 extensively
1167 1119 84 22 known.

673 1143 21 20 It
704 1143 61 22 takes
779 1150 58 15 some
846 1143 55 21 time
917 1146 22 18 to
950 1143 63 22 effect
1028 1144 43 21 this
1084 1144 80 27 object.
1193 1146 58 27 Two,

673 1169 68 26 three,
751 1169 40 22 and
807 1169 93 28 perhap3
909 1176 56 15 even
980 1177 62 14 more
1052 1170 58 28 ships
1122 1174 58 19 must
1190 1172 62 22 leave

674 1195 100 27 England
783 1203 26 14 on
825 1196 37 21 the
873 1202 60 15 same
944 1195 56 26 plan,
1019 1196 73 22 before
1102 1197 37 22 the
1150 1200 101 25 emigrat-

671 1221 39 28 ing
720 1223 80 26 portion
809 1223 25 21 of
840 1221 38 23 the
889 1221 73 28 public
969 1222 42 22 will
1022 1230 62 15 come
1095 1226 22 19 to
1127 1226 80 25 regard
1218 1226 33 22 the

672 1252 83 23 system
764 1256 21 14 as
792 1247 140 28 irrevocably
941 1248 104 28 adopted.

697 1275 79 21 Before
786 1282 29 14 we
826 1275 59 21 close
896 1274 36 22 the
942 1275 158 28 observations,
1117 1285 33 14 we
1160 1283 91 18 venture

671 1301 66 27 again
748 1304 21 19 to
779 1308 51 20 urge
840 1308 58 21 upon
917 1301 37 21 the
965 1302 115 28 Company
1091 1304 36 22 the
1143 1306 108 28 necessity

671 1329 25 20 of
708 1328 108 27 attaching
829 1335 13 14 a
859 1327 114 23 condition
988 1332 23 18 to
1026 1329 30 22 all
1071 1330 57 22 their
1143 1336 108 19 contracts

670 1355 34 21 for
713 1355 37 21 the
761 1362 138 20 conveyance
910 1354 25 22 of
947 1358 100 24 steerage
1056 1364 138 22 passengers,
1205 1360 46 21 that

670 1381 37 22 the
717 1388 80 15 owners
807 1381 27 21 do
843 1385 110 18 covenant
964 1382 44 22 and
1019 1390 64 20 agree
1094 1387 21 18 to
1125 1385 51 22 take
1187 1386 61 21 cabin

671 1415 122 20 passengers
814 1408 90 22 without
919 1409 56 21 wine
992 1412 23 18 at
1031 1411 53 22 50.
1120 1411 21 22 It
1158 1419 52 20 may
1221 1413 28 22 be

670 1435 70 26 urged
758 1435 44 21 that
821 1435 43 22 this
881 1435 69 21 would
964 1435 57 22 raise
1038 1437 37 20 the
1094 1438 59 26 price
1171 1441 27 20 of
1213 1440 36 21 the

668 1466 97 21 steerage
783 1469 98 20 passage.
910 1461 42 22 We
966 1462 27 21 do
1009 1467 42 18 not
1063 1463 64 23 think
1143 1472 32 15 so.
1204 1466 45 23 The

670 1489 107 26 objection
791 1489 82 27 clearly
888 1488 105 28 proceeds
1009 1496 29 15 on
1058 1490 37 21 the
1115 1493 134 27 assumption

670 1515 48 22 that
727 1516 45 22 j650
781 1515 71 22 would
863 1520 39 17 not
911 1522 42 21 pay
960 1515 37 21 the
1003 1516 131 28 shipowner,
1146 1520 42 21 and
1197 1520 51 26 that,

670 1542 111 26 therefore,
798 1541 52 28 they
865 1545 59 19 must
944 1543 65 21 make
1026 1551 30 20 up
1071 1544 36 21 the
1127 1544 123 30 deficiency

668 1569 120 21 elsewhere.
818 1569 47 22 Our
874 1569 47 27 posi
932 1569 36 21 ion
978 1569 26 26 i,
1019 1570 49 21 that
1083 1571 37 22 the
1130 1571 119 24 difference

669 1595 96 23 between
776 1595 45 23 50
830 1596 45 21 and
885 1596 47 23 70
943 1595 41 22 will
995 1596 29 22 be
1033 1597 65 22 made
1106 1604 30 21 up
1146 1598 29 28 by
1184 1599 65 27 doing

669 1629 61 20 away
741 1622 47 22 with
803 1622 82 22 useless
899 1623 103 26 luxuries,
1020 1624 44 21 and
1082 1624 37 22 the
1134 1625 115 23 increased

667 1649 103 22 numbers
785 1649 48 22 who
843 1649 74 22 would
933 1649 107 27 emigrate
1055 1654 23 18 at
1094 1650 38 23 the
1148 1651 43 23 low
1201 1660 48 15 sum

670 1675 78 27 would,
759 1684 28 14 we
797 1676 93 26 believe,
900 1675 65 22 make
977 1676 37 22 the
1019 1677 143 27 shipowner's
1173 1687 76 19 aggre-

668 1705 51 24 gate
739 1703 72 26 profits
827 1706 95 23 greater.
951 1703 62 21 Once
1024 1711 60 14 more
1098 1705 98 28 inviting
1212 1706 36 23 the

668 1730 130 27 respectable
818 1729 133 28 shipowners
970 1733 22 17 to
1012 1735 126 23 co-operate
1161 1732 25 23 in
1206 1734 42 22 this

668 1760 87 22 matter,
765 1764 30 14 we
804 1757 113 21 conclude.
946 1757 54 21 Ibid.

694 1790 70 22 Sixth
777 1790 94 23 Repoet
894 1799 27 15 of
936 1798 45 15 the
1003 1791 133 24 Directors
1158 1802 27 14 of
1204 1802 44 15 the

668 1816 59 22 New
746 1817 106 22 Zealand
874 1819 117 22 Company.
1023 1820 19 20 1.
1066 1819 54 23 This
1140 1821 69 22 Court
1225 1821 26 22 of

670 1844 128 27 Proprietors
808 1844 83 28 having
900 1845 57 23 been
966 1845 106 28 specially
1083 1847 117 23 convened
1216 1848 33 22 for

668 1870 38 22 the
717 1878 88 20 purpose
819 1872 26 20 of
866 1872 139 27 considering
1025 1880 13 14 a
1057 1873 114 28 dividend,
1192 1882 57 20 your

670 1897 107 22 Directors
797 1898 43 21 will
858 1899 88 22 confine
971 1899 58 22 their
1054 1900 84 27 Report
1164 1905 24 18 to
1211 1901 37 23 the

666 1924 81 26 special
757 1924 70 27 object
837 1925 26 21 of
875 1925 36 23 the
922 1926 124 26 meeting
1048 1927 120 27 reserving,
1181 1936 24 14 as
1216 1936 28 14 on

667 1951 81 21 former
765 1952 118 26 occasions,
903 1952 58 22 their
977 1953 90 26 general
1085 1955 125 26 exposition
1225 1955 26 22 of

666 1976 38 23 the
713 1977 69 22 affairs
791 1978 26 21 of
823 1978 38 22 the
869 1979 159 27 Company.for
1037 1979 36 23 the
1084 1981 84 21 annual
1178 1986 71 18 meet-

666 2002 39 27 ing
715 2004 22 20 in
748 2004 59 26 May.
1197 2005 10 11 >l-

693 2031 20 20 2.
730 2029 39 22 For
778 2030 119 26 particular
906 2030 143 22 information
1064 2032 127 27 respecting
1209 2032 38 23 the

666 2059 70 18 assets
754 2056 39 21 and
812 2056 112 23 liabilities
943 2058 25 20 of
987 2057 39 22 the
1046 2058 121 28 Company,
1192 2067 56 19 your

666 2081 109 22 Directors
795 2082 42 27 beg
859 2086 23 18 to
900 2084 58 21 refer
977 2091 47 19 you
1043 2087 21 18 to
1083 2088 120 19 statement
1221 2087 24 26 C,

666 2108 112 27 appended
797 2113 21 17 to
833 2109 58 22 their
906 2110 60 21 Fifth
979 2110 91 28 Report,
1087 2112 121 22 submitted
1224 2117 23 17 to

666 2141 44 21 you
727 2135 23 21 in
769 2136 51 27 May
840 2136 49 23 last.
927 2136 27 22 In
973 2138 125 26 paragraph
1115 2139 27 21 22
1157 2139 27 21 of
1198 2139 49 22 that

667 2162 89 26 Report,
765 2162 108 27 directing
888 2170 57 20 your
960 2164 108 22 attention
1087 2167 22 18 to
1125 2164 37 22 the
1180 2169 66 19 state-

668 2192 61 18 ment
737 2188 21 21 iv
767 2189 109 27 question,
892 2197 44 19 you
952 2197 57 14 were
1024 2192 101 26 apprised
1143 2192 48 22 that
1209 2193 36 22 the

668 2214 103 23 universal
783 2216 126 26 stagnation
925 2216 25 21 of
968 2218 129 26 enterprise,
1115 2218 130 29 depressing

666 2245 58 18 most
737 2242 103 28 seriously
857 2250 66 20 every
940 2244 94 21 interest
1052 2246 122 20 connected
1193 2246 51 22 with

666 2271 38 19 the
713 2268 103 28 shipping,
828 2269 38 22 the
877 2277 130 19 commerce,
1019 2270 36 22 the
1072 2272 172 28 manufactures,

667 2295 45 22 and
730 2295 33 22 the
781 2296 92 27 general
892 2296 106 23 domestic
1023 2297 100 28 industry
1147 2300 29 20 of
1200 2299 45 23 this

666 2325 97 24 country,
782 2322 44 22 and
842 2323 126 26 extending,
987 2324 53 21 with
1056 2324 45 22 still
1117 2332 62 15 more
1194 2327 51 21 mis-

666 2348 100 23 chievous
776 2350 81 26 effects,
868 2353 22 18 to
900 2350 36 21 the
947 2350 128 23 Australian
1086 2352 105 27 colonies,
1200 2353 45 22 had

666 2376 110 21 restricted
795 2376 64 22 those
878 2376 58 22 sales
954 2377 25 22 of
1001 2377 79 22 land
1082 2378 56 22 from
1164 2380 80 27 which,

665 2406 62 23 apart
736 2402 52 23 from
800 2402 36 22 the
846 2404 137 26 progressive
994 2404 164 24 enhancement
1169 2406 25 21 of
1207 2407 37 22 the

666 2429 63 22 value
739 2430 23 21 of
766 2437 55 20 your
828 2430 117 22 territorial
953 2432 135 26 possessions
1117 2432 38 22 the
1164 2435 80 21 annual

664 2456 86 22 income
765 2457 27 21 of
811 2456 38 22 the
870 2458 123 27 Company,
1014 2463 59 17 must
1092 2460 27 20 be
1144 2459 100 23 derived.

664 2482 49 23 The
730 2484 31 21 six
779 2484 87 21 months
885 2484 47 22 that
951 2484 57 22 have
1028 2485 87 28 elapsed
1135 2486 60 22 since
1208 2487 36 23 the

665 2509 61 22 Fifth
736 2510 78 28 Report
829 2518 44 15 was
892 2510 45 23 laid
954 2511 79 23 before
1051 2520 50 20 you,
1120 2513 58 22 have
1195 2520 50 21 pro-

664 2536 77 28 duced,
759 2545 24 14 as
802 2545 43 20 you
865 2545 37 14 are
926 2538 49 22 well
998 2546 79 20 aware,
1103 2547 30 15 no
1151 2541 93 26 general

663 2563 196 28 improvemeinent
868 2564 26 23 of
904 2565 37 22 the
951 2565 115 23 condition
1077 2566 26 22 of
1114 2573 43 21 any
1169 2567 24 21 of
1208 2567 36 23 the

663 2594 63 23 great
734 2590 122 23 intererests
866 2591 96 23 referred
979 2595 23 19 to
1012 2600 6 20 ;
1037 2594 43 21 and
1095 2594 17 21 it
1128 2594 72 22 would
1212 2595 30 21 be

663 2617 52 22 vain
725 2621 21 18 to
755 2622 78 24 expect
843 2618 47 22 that
901 2622 22 19 at
933 2627 13 12 a
962 2618 55 23 time
1033 2621 63 21 when
1115 2620 38 23 the
1171 2621 70 22 active

663 2644 45 21 and
723 2644 133 23 industrious
878 2645 80 22 classes
981 2654 38 14 are
1043 2647 126 28 struggling
1191 2648 53 22 with

663 2671 147 27 unparalleled
819 2671 133 27 difficulties,
964 2672 60 22 their
1037 2675 108 21 attention
1163 2674 80 23 should

662 2698 28 21 be
710 2697 93 23 directed
821 2698 95 22 towards
939 2699 96 23 colonial
1053 2701 147 23 investments
1218 2709 26 15 or

662 2724 130 23 adventures
802 2725 53 22 with
865 2726 37 21 the
918 2733 60 14 same
994 2732 139 18 earnestness
1150 2736 24 14 as
1186 2728 25 22 in
1227 2736 15 15 a

663 2751 75 27 period
746 2752 23 21 of
779 2752 102 22 national-
887 2753 130 27 prosperity.

689 2785 21 19 3.
725 2783 25 21 In
758 2783 68 27 truth,
838 2783 37 23 the
885 2785 146 22 transactions
1041 2786 26 22 of
1073 2785 44 23 this
1128 2787 115 27 Company

661 2817 38 15 are
710 2811 127 27 necessarily
847 2811 26 21 of
884 2811 54 22 such
948 2818 13 15 a
971 2815 78 19 nature
1060 2820 25 14 as
1084 2818 2 3 1
1094 2816 23 18 to
1133 2813 82 22 render
1224 2815 19 20 it

661 2844 56 21 very
725 2836 96 28 unlikely
832 2837 48 22 that
889 2837 27 22 its
925 2841 88 19 returns
1027 2839 22 22 in
1064 2846 81 21 money
1160 2840 80 22 should

661 2864 26 21 be
698 2863 72 28 steady
779 2863 45 23 and
835 2864 93 32 equable
943 2866 89 27 enough
1045 2870 21 18 to
1082 2867 71 22 admit
1169 2868 25 21 of
1205 2867 37 22 the

660 2895 101 22 payment
776 2891 25 21 of
811 2898 14 14 a
842 2891 106 22 dividend
964 2893 124 29 unvarying
1101 2894 24 21 in
1143 2898 96 18 amount.

661 2916 62 23 Your
737 2917 110 22 Directors
863 2925 37 15 are
911 2919 124 22 convinced
1045 2920 47 21 that
1107 2921 24 22 in
1148 2921 38 21 the
1202 2921 40 22 ad-

660 2943 134 23 minstration
802 2945 26 21 of
835 2945 74 21 affairs
919 2945 25 21 of
951 2945 55 23 such
1013 2947 131 27 magnitude
1150 2955 24 14 as
1180 2948 62 21 those

660 2971 26 21 of
697 2971 36 22 the
748 2972 122 27 Company,
888 2972 18 22 it
919 2972 74 22 would
1008 2973 27 21 be
1051 2974 38 21 the
1103 2977 59 19 most
1171 2975 70 21 short-

660 2997 85 28 sighted
760 2998 74 27 policy
854 3002 22 18 to
899 3006 65 21 grasp
989 3002 23 19 at
1028 2999 129 24 immediate
1180 3001 60 27 large

659 3025 71 27 profit,
741 3029 20 18 at
770 3025 37 22 the
827 3032 97 21 expense
943 3026 27 22 of
990 3027 128 28 neglecting
1133 3028 38 22 the
1187 3035 51 21 per-

660 3055 88 19 manent
755 3051 164 28 improvement
929 3053 25 21 of
965 3060 57 20 your
1030 3054 137 27 possessions
1173 3063 5 18 ;
1195 3055 45 22 and

659 3078 53 28 they
730 3086 33 15 are
780 3079 75 28 happy
870 3084 23 16 to
910 3082 55 20 state
981 3080 49 22 that
1046 3081 52 28 they
1115 3081 57 22 have
1183 3082 56 21 been

659 3105 49 22 able
719 3109 20 18 to
747 3107 49 26 give
807 3107 42 21 full
859 3106 64 22 effect
932 3109 22 19 to
965 3106 62 23 these
1037 3107 74 23 views.
1152 3109 86 27 During

658 3132 38 22 the
706 3133 33 21 six
746 3133 89 22 months
845 3133 70 22 under
924 3134 89 27 review,
1022 3135 72 21 whilst
1110 3136 129 27 emigration

658 3162 23 18 to
689 3159 36 22 the
734 3159 32 22 old
777 3160 103 22 Colonies
887 3161 27 21 of
922 3161 111 22 Australia
1042 3161 41 22 has
1092 3161 58 24 been
1160 3162 79 23 almost

658 3185 90 28 entirely
762 3187 131 26 suspended,
910 3187 48 22 that
973 3188 27 21 of
1012 3188 42 22 this
1070 3189 115 28 Company
1198 3189 40 22 has

657 3212 57 22 been
723 3213 82 22 carried
816 3220 30 16 on
855 3213 92 23 without
955 3214 155 28 interuption,'
1118 3216 46 21 and
1179 3223 57 21 up*>n

657 3246 14 14 a
679 3244 62 22 great
751 3239 66 23 scale.
856 3240 48 22 The
922 3241 69 22 result
1010 3242 25 21 of
1045 3242 63 23 these
1127 3242 111 28 energetic

656 3265 139 28 proceedings
809 3266 59 22 have
882 3267 58 22 been
955 3272 61 18 most
1031 3269 123 23 favorable.
1190 3269 47 22 The

657 3292 80 22 vessels
753 3293 116 22 chartered
939 3295 38 21 the
995 3302 143 22 conveyance
1155 3296 24 22 of
1191 3296 46 22 free

657 3319 124 28 emigrants,
790 3319 59 23 have
864 3320 46 22 also
925 3321 87 22 carried
1028 3326 38 18 out
1080 3330 14 15 a
1111 3322 63 28 large
1188 3330 49 21 pro-

656 3349 83 24 portion
747 3346 25 22 of
779 3346 127 29 capitalists,
937 3347 37 22 the
984 3349 126 27 employers
1120 3350 27 23 of
1153 3349 82 23 labour.

656 3369 48 25 The
726 3372 62 24 latest
812 3378 105 18 accounts
941 3374 56 23 from
1020 3382 62 20 your,
1098 3376 138 23 settlements

656 3404 109 22 represent
774 3400 61 22 them
844 3408 25 15 as
878 3401 124 29 eminently
1012 3403 139 28 nourishing.
1179 3404 56 21 Des-

654 3425 88 24 patches
750 3427 103 23 received
863 3435 29 15 on
909 3428 37 22 the
962 3427 38 23 the
1016 3429 38 22 6th
1069 3430 93 26 instant,
1178 3430 57 22 from

656 3451 87 29 Nelson,
761 3457 56 19 state
832 3454 49 22 that
895 3454 37 23 the
948 3455 64 22 lands
1028 3457 103 22 reserved
1148 3458 35 21 for
1198 3456 37 23 the

656 3479 108 28 Company
790 3481 25 22 in
840 3481 49 24 that
910 3481 128 26 settlement
1059 3483 60 23 have
1131 3505 3 4 .
1144 3483 90 28 already

655 3507 102 27 acquired
770 3507 152 24 considerable
939 3509 66 22 value
1019 3509 59 23 from
1095 3510 39 23 the
1148 3509 87 28 general

655 3534 119 27 prosperity
788 3535 27 21 of
826 3534 37 22 the
878 3535 113 23 colonists.
1012 3554 3 5 ,
1028 3536 54 23 And
1099 3536 80 28 during
1198 3536 36 23 the

655 3559 75 28 period
737 3561 70 22 under
816 3562 87 27 review,
915 3570 27 14 an
954 3568 156 22 arrangement
1121 3564 41 22 has
1178 3564 56 21 been

655 3586 63 22 made
727 3587 50 22 with
784 3587 50 23 her'
840 3588 118 29 Majesty's
970 3589 100 23 Colonial
1079 3590 154 27 Department,

656 3612 70 23 which
741 3613 45 23 will
802 3613 45 24 add
859 3622 30 15 no
907 3615 43 23 less
967 3616 54 22 than
1036 3617 90 28 100,000
1140 3623 62 16 acres
1212 3621 21 18 to

653 3646 56 20 your
716 3641 139 27 possessions.
957 3646 5 2 '
1038 3646 4 5 '
1054 3643 2 4 '

680 3672 21 21 4.
716 3671 53 26 Still,
786 3679 24 15 as
824 3679 57 21 your
889 3673 75 23 actual
972 3674 87 23 income
1069 3675 58 23 from
1141 3674 38 24 the
1188 3675 45 23 sale

653 3697 27 22 of
690 3697 48 22 land
753 3698 40 22 has
802 3699 57 22 been
869 3699 41 23 but
918 3700 65 23 small
989 3705 7 18 i
1012 3709 25 14 as
1047 3701 38 23 the
1098 3702 93 27 general
1199 3709 34 15 as-

652 3728 51 23 pect
709 3724 23 22 of
738 3724 38 23 the
784 3724 66 24 times
856 3726 18 23 is
884 3731 40 18 not
932 3731 39 23 yet
976 3728 123 28 materially
1105 3728 126 28 improved:

652 3750 45 23 and
706 3758 23 15 as
739 3755 19 19 it
770 3752 20 22 is
799 3752 114 28 obviously
922 3754 103 27 prudent,
1042 3755 71 23 under
1126 3755 107 25 sucbucir-

652 3782 142 24 cumstances,
815 3782 24 19 to
859 3779 103 24 husband
976 3788 57 20 your
1047 3788 117 22 resources
1176 3781 64 27 until,

652 3804 61 22 there
725 3804 54 24 shall
793 3806 28 23 be
831 3813 13 16 a
852 3806 85 23 clearer
950 3811 102 25 prospect
1061 3808 28 22 of-
1099 3815 15 15 a
1122 3811 77 20 return
1209 3808 25 22 of

650 3831 87 26 general
743 3832 135 29 prosperity;
889 3841 56 20 your
951 3833 115 24 Directors
1070 3841 38 16 are
1112 3834 120 30 dfxopinion

652 3857 48 22 that
713 3865 41 21 you
763 3858 45 23 will
823 3859 30 22 dd
861 3860 49 22 well
925 3864 23 18 to
962 3860 59 22 limit
1031 3860 38 22 the
1082 3860 106 24 dividend
1198 3861 35 22 for

651 3883 38 24 the
703 3883 160 30 half-year-last
875 3889 49 24 past
937 3890 23 17 to
968 3888 29 24 2|
1011 3893 40 21 per
1060 3890 58 24 cent,
1134 3888 68 27 being
1211 3891 22 18 at

650 3910 39 23 the
701 3913 43 20 rate
753 3912 26 21 of
790 3910 21 23 5.
819 3919 41 20 per
875 3916 52 18 cent
942 3919 42 21 per
990 3919 99 16 -annum.
1104 3919 4 4 '
1118 3913 64 28 They
1195 3921 37 17 are

650 3937 120 24 convinced
774 3937 66 22 rthat.
845 3938 37 27 by.
885 3938 78 27 taking
977 3938 44 22 this
1030 3938 102 29 cautious
1146 3946 92 22 course;.

579 46 99 48 Gift
700 50 116 42 wrrtp
840 50 211 43 gealano
1075 54 191 47 a?ftte
1289 57 92 38 ano
1405 57 302 49 BBelltngton
1731 57 251 50 Spectator.

99 133 46 21 The
155 132 80 25 Phabe,
244 131 54 22 with
313 132 28 21 35
358 132 63 22 chief
431 133 66 23 cabin
516 134 43 22 and
569 136 27 20 33
606 135 46 22 fore

73 159 62 23 cabin
145 164 135 22 passengers,
292 157 42 22 and
352 158 40 22 107
408 158 140 28 immigrants
565 161 87 21 arrived

73 193 28 14 on
115 184 144 26 Wednesday,
269 183 83 25 having
367 184 40 22 left
424 186 132 22 Gravcsend
571 194 29 14 on
616 187 36 21 the

75 211 48 23 15th
134 210 26 21 of
165 210 134 21 November.
327 210 54 22 This
391 211 18 21 is
418 212 39 21 the
468 212 47 22 first
523 213 69 21 vessel
602 217 50 17 sent

74 241 37 18 out
120 236 29 26 by
160 236 35 21 the
212 236 56 21 New
283 236 101 23 Zealand
398 238 115 28 Company
529 243 24 17 at
567 240 36 21 the
619 247 33 14 re-

73 264 68 21 duced
151 266 67 18 terms
228 262 26 21 of
265 269 90 21 passage
365 271 5 19 ;
387 264 51 26 and,
449 264 21 22 if
481 272 34 15 we
523 273 52 19 may
583 266 69 26 judge

71 290 55 21 from
137 288 36 22 the
183 288 94 22 number
287 289 26 20 of
320 295 129 21 passengers
459 291 38 22 she
507 291 40 22 has
558 292 94 26 brought

74 316 36 21 the
120 315 62 26 thing
196 321 93 21 appears
301 314 68 28 likely
384 320 23 17 to
423 324 92 15 answer.
545 318 40 21 We
601 325 51 21 may

71 348 48 15 now
131 342 53 26 hope
191 344 23 18 to
223 348 37 14 see
271 342 78 25 capital
360 343 43 21 and
412 343 78 22 labour
497 344 70 21 arrive
577 345 22 21 in
610 344 42 22 due

71 367 98 27 relation,
180 367 142 27 particularly
336 375 24 14 as
372 377 33 14 we
421 370 61 22 lenrn
501 371 48 20 that
563 370 37 22 the
616 378 36 14 ac-

71 397 77 18 counts
165 394 101 21 received
290 395 27 20 of
336 395 85 22 Nelson
442 396 22 21 in
487 396 104 27 England
616 405 35 14 are

71 420 75 27 highly
155 419 135 23 favourable.
320 421 45 21 But
375 429 42 14 one
428 422 67 22 death
507 423 105 22 occurred
623 431 27 14 on

71 446 66 22 board
149 446 127 27 the-PAabe,
287 447 106 28 although
409 449 23 21 in
449 449 36 21 the
501 449 61 27 early
572 454 49 22 part
630 450 22 21 of

70 473 37 21 the
125 478 84 22 voyage
234 473 39 22 she
293 475 149 22 encountered
461 482 13 15 a
492 469 99 28 month's
609 476 43 21 bad

70 498 101 23 weather.
206 499 67 22 Some
292 500 26 22 of
334 500 38 23 the
388 508 130 20 passengers
532 508 29 20 go
580 509 29 14 on
628 505 22 19 to

69 525 141 27 Wellington,
222 525 54 23 with
290 526 37 22 the
342 527 113 22 intention
471 528 26 21 of
509 528 77 28 seeing
594 528 55 22 both

69 551 36 23 the
121 551 135 32 Company's
269 553 134 22 settlements
421 555 73 21 before
511 554 52 28 they
579 555 72 22 deter-

69 577 59 24 mine
138 577 72 23 which
220 579 53 27 they
280 579 56 22 shall
344 580 66 22 make
421 581 57 22 their
487 580 74 23 future
571 581 78 22 abode.

95 605 54 21 Ibid.

110 656 204 26 ENGLISH
342 658 247 25 EXTRACTS.

1928 147 61 27 Very
1997 148 73 26 heavy
2079 149 61 26 gales
2147 151 27 20 of
2185 151 58 22 wind
2260 158 55 15 were
2331 153 146 26 experienced

1902 181 28 14 on
1947 174 39 22 the
2005 175 92 25 English
2117 181 60 16 coast
2194 177 24 21 in
2241 177 38 22 the
2301 177 65 23 latter
2389 180 45 21 end
2456 179 27 22 of

1903 200 100 22 October.
2034 201 35 21 On
2080 201 37 22 the
2127 202 63 26 night
2200 204 25 21 of
2236 204 37 21 the
2282 203 58 26 29th,
2352 211 13 14 a
2378 205 99 22 collision

1903 226 52 21 took
1963 227 64 27 place
2037 228 97 21 between
2145 225 37 25 the
2195 229 82 28 barque
2292 231 96 26 Jackson,
2403 231 76 23 bound

1901 252 57 22 from
1969 253 117 27 Liverpool
2098 258 21 17 to
2130 254 100 27 Dundee,
2242 257 44 21 and
2300 257 92 22 another
2399 258 79 26 vessel,

1901 285 66 15 name
1990 280 120 22 unknown.
2155 281 48 21 The
2224 283 89 21 Jackson
2336 287 57 19 went
2416 284 65 22 down

1901 304 82 22 almost
1991 306 160 28 immediately,
2167 307 44 21 and
2220 308 43 22 five
2272 309 24 21 of
2307 309 37 22 the
2355 317 56 15 crew
2423 317 56 15 were

1901 330 109 23 drowned.
2053 332 36 21 On
2107 332 34 22 the
2156 334 65 26 night
2237 335 26 21 of
2274 335 36 22 the
2325 337 52 21 30th
2387 344 12 14 a
2409 336 72 23 vessel

1901 357 79 22 named
2000 358 37 22 the
2055 360 77 19 Louisa
2150 367 62 14 came
2230 361 23 21 in
2272 361 98 23 collision
2389 363 52 21 with
2466 370 14 14 a

1902 383 110 22 Sweedish
2032 386 48 26 brig
2099 386 34 21 off
2141 386 139 23 Orfordness.
2322 388 47 22 The
2385 396 57 15 crew
2457 390 27 21 of

1903 409 35 21 the
1948 412 83 25 Louisa,
2043 412 128 26 conceiving
2186 412 48 21 that
2251 414 56 21 their
2321 414 69 22 vessel
2409 415 72 23 would

1901 435 49 22 sink
1960 436 22 22 in
1993 445 14 13 a
2017 438 60 21 short
2089 438 58 24 time,
2158 440 95 31 escaped
2267 440 22 21 in
2304 440 38 22 the
2357 441 70 26 boats,
2442 441 40 23 but

1901 468 60 15 some
1981 462 56 28 days
2054 464 127 22 afterwards
2200 466 39 21 she
2257 472 43 16 was
2319 473 52 15 seen
2390 467 94 28 drifting-

1901 487 68 24 about
1977 489 23 22 in
2011 489 40 23 the
2061 490 97 23 German
2175 491 85 27 Ocean,
2277 491 52 24 with
2346 499 30 16 no
2391 500 43 16 one
2450 501 31 15 on

1886 520 1 20 |
1901 514 75 27 board,
1993 515 45 23 and
2055 516 68 23 taken
2139 517 25 22 in
2180 521 45 19 tow
2242 519 30 26 by
2291 525 13 16 a
2322 522 94 19 steamer
2435 519 46 24 and

1900 539 95 29 brought
2003 543 24 20 in
2037 542 70 28 safety
2116 546 23 19 to
2150 544 136 23 Gravesend.
2315 546 36 21 On
2361 545 38 22 the
2407 546 39 22 4th
2456 548 28 21 of

1901 568 128 22 November
2039 573 41 18 two
2091 569 116 23 schooners
2224 577 62 17 came
2300 572 36 26 in.
2341 572 98 23 collision
2456 574 25 21 in

1900 593 36 22 the
1947 594 105 28 channel,
2062 596 46 21 and
2117 603 49 20 one,
2177 598 83 21 named
2268 598 37 23 the
2319 600 92 26 Reform,
2421 603 60 19 went

1900 620 63 22 down
1975 620 159 29 immediately.
2171 622 49 23 The
2235 631 54 15 crew
2306 626 100 28 escaped.
2444 626 37 23 On

1900 645 36 23 the
1947 654 60 15 same
2019 649 43 26 day
2078 649 37 21 the
2129 650 63 25 Hope
2206 653 44 18 wtfs
2267 657 38 16 ran
2320 652 63 22 down
2401 655 24 19 at
2442 653 39 22 the

1900 677 104 18 enlrance
2014 675 26 20 of
2051 675 71 22 North
2133 673 87 24 Shields
2230 676 99 24 harbour.

1929 699 21 22 A
1960 707 78 20 person
2048 702 81 21 named
2140 702 73 27 Bates,
2225 704 25 19 of
2261 704 168 28 extraordinary
2437 706 45 22 size

1901 726 45 21 and
1967 727 87 27 weight,
2070 728 83 27 though
2169 732 40 18 not
2227 730 27 21 38
2267 737 64 19 years
2345 732 24 20 of
2380 738 48 20 age,
2440 739 44 15 was

1898 751 81 23 buried
1990 757 23 17 at
2024 754 104 22 Brussels.
2167 754 37 23 He
2217 762 44 15 was
2272 763 26 14 no
2309 756 44 22 Iss
2362 757 54 22 than
2425 758 59 27 forty

1899 782 72 23 stone,
1981 779 76 23 within
2068 781 43 21 five
2120 782 92 27 pounds.
2242 782 41 21 His
2293 783 64 22 coffin
2366 791 43 14 was
2421 784 61 23 three

1898 804 46 22 feet
1954 805 52 23 nine
2017 807 76 21 inches
2102 808 23 21 in
2135 807 100 27 breadth,
2247 808 43 22 and
2299 816 67 16 seven
2375 810 46 22 feet
2428 812 54 21 nine

1898 830 78 24 inches
1985 833 24 21 in
2020 833 84 27 length.
2146 835 33 21 As
2198 842 29 14 no
2242 835 76 22 hearse
2331 836 26 21 of
2373 837 111 22 sufficient

1899 859 131 26 magnitude
2041 860 64 22 could
2115 860 27 22 be
2153 861 69 22 found
2231 864 23 19 to
2265 864 87 21 contain
2363 863 24 27 it,
2397 863 30 22 he
2437 870 45 16 was

1897 885 88 22 carried
1996 889 22 19 to
2030 887 35 21 the
2076 894 66 18 grave
2153 887 29 27 by
2192 888 78 21 twelve
2281 889 93 22 bearers.

1926 911 47 22 The
1983 920 49 14 sum
2045 913 72 23 levied
2126 914 34 22 for
2171 922 53 18 poor
2234 918 56 18 rates
2298 915 23 22 in
2333 916 105 27 England
2449 917 35 22 for

1898 939 37 20 the
1945 946 54 19 year
2008 940 84 27 ending
2101 939 52 28 lady
2163 940 45 27 day
2219 943 58 26 1841,
2289 949 44 15 was
2339 943 140 29 6,009,564.

1898 964 48 22 The
1957 970 48 17 rate
2014 966 23 22 in
2049 966 37 22 the
2095 967 76 27 pound
2186 974 27 14 on
2232 968 36 21 the
2282 969 82 22 annual
2380 969 64 22 value
2459 970 27 21 of

1896 990 47 22 real
1954 997 103 23 properly
2067 993 99 23 assessed
2176 994 23 22 in
2211 995 51 21 1841
2272 1000 50 21 was,
2329 996 35 21 for
2369 995 37 22 the
2413 995 69 22 whole

1897 1017 26 21 of
1936 1017 111 28 England,
2058 1021 31 20 2s.

1923 1043 49 23 The
1993 1045 55 23 New
2066 1045 62 23 York
2146 1053 79 21 papers
2244 1054 37 16 arc
2296 1047 61 23 filled
2373 1049 52 22 with
2443 1049 39 22 the

1895 1074 76 23 report
1981 1071 26 21 of
2020 1079 12 14 a
2041 1072 73 22 brutal
2123 1073 62 27 prize
2194 1073 56 27 fight
2267 1074 70 22 which
2352 1075 52 22 took
2421 1075 63 29 place

1897 1096 77 23 within
1985 1104 14 14 a
2009 1098 41 22 few
2061 1099 63 21 miles
2134 1099 25 22 of
2168 1099 36 22 the
2211 1100 51 27 city.
2290 1101 48 22 The
2345 1102 138 22 combatants

1897 1130 58 14 were
1966 1123 57 23 Tom
2035 1125 83 28 M'Coy
2127 1132 29 15 an
2163 1125 116 28 Irishman,
2287 1128 46 22 and
2340 1128 143 28 Christopher

1896 1150 69 27 Lilly,
1977 1158 29 14 an
2018 1151 158 28 Englishman;
2188 1154 53 26 they
2249 1153 79 28 fought
2345 1156 38 21 120
2399 1155 83 22 rounds

1894 1176 25 21 in
1932 1179 42 19 two
1987 1177 66 23 hours
2062 1179 45 21 and
2117 1180 59 26 forty
2187 1180 100 27 minutes,
2299 1181 45 21 and
2352 1181 64 22 when
2425 1182 56 23 time

1894 1210 48 14 was
1955 1203 72 23 called
2039 1205 81 26 M'Coy
2131 1212 44 15 was
2185 1206 69 22 found
2265 1207 69 22 dead.'

1921 1230 22 20 A
1952 1232 144 25 magnificent
2101 1232 85 22 service
2193 1234 26 20 of
2225 1233 64 26 plate,
2299 1234 110 28 weighing
2414 1235 68 23 about

1896 1257 63 23 1,300
1976 1264 41 20 oz.,
2039 1258 40 22 has
2098 1259 56 21 been
2175 1260 116 27 presented
2310 1264 23 19 to
2352 1262 35 21 Sir
2406 1263 76 21 Moses

1898 1282 137 29 Montefore,
2054 1285 30 27 by
2098 1285 34 21 his
2148 1285 99 23 Hebrew
2259 1287 123 27 bretheren,
2399 1289 34 21 for
2448 1287 36 23 his

1895 1310 116 22 exertions
2025 1312 23 20 in
2066 1311 78 23 behalf
2150 1313 26 20 of
2188 1316 37 18 the
2239 1314 130 26 persecuted
2384 1314 60 23 Jews
2459 1315 26 22 of

1896 1335 133 25 Damascus,

1921 1362 48 22 The
2003 1364 93 27 floating
2106 1364 91 27 island,
2209 1372 28 15 on
2245 1365 105 23 Derwent
2361 1366 61 23 Lake
2431 1367 49 28 has,

1894 1388 84 28 during
1988 1390 38 22 the
2042 1391 42 21 last
2093 1391 58 27 forty
2161 1399 71 19 years,
2249 1394 109 26 appeared
2371 1400 58 21 upon
2444 1394 38 23 the

1893 1416 87 21 surface
1992 1417 26 21 of
2024 1417 37 21 the
2072 1421 66 18 water
2148 1418 94 22 thirteen
2254 1420 70 21 times.
2354 1421 30 21 Its
2394 1421 40 21 last
2443 1428 39 21 ap-

1891 1449 111 19 pearance
2018 1451 44 14 was
2079 1444 23 21 in
2120 1444 39 22 the
2176 1445 119 28 beginning
2305 1447 27 21 of
2343 1447 36 21 the
2395 1451 87 23 present

1893 1469 85 27 month,
1992 1470 62 22 when
2066 1471 16 21 it
2093 1477 42 15 was
2146 1471 107 23 observed
2268 1476 21 18 to
2300 1473 27 21 be
2337 1477 39 19 not
2385 1475 59 26 quite
2454 1482 25 14 so

1891 1494 62 26 large
1962 1503 25 14 as
1997 1504 28 14 on
2035 1497 82 22 former
2127 1499 119 21 occasions.

1920 1522 35 21 On
1968 1522 102 28 Monday
2080 1525 112 26 sennight
2204 1525 36 22 the
2250 1526 86 27 Superb,
2347 1527 26 21 of
2378 1529 28 20 80
2412 1534 65 21 guns,

1893 1555 46 14 was
1948 1549 112 23 launched
2068 1551 55 22 from
2135 1551 38 22 the
2183 1552 60 27 royal
2254 1553 120 27 dock-yard
2382 1557 24 18 at
2415 1555 66 21 Pem-

1891 1574 79 28 broke,
1989 1578 44 20 and
2049 1584 29 15 on
2094 1578 37 21 the
2148 1578 113 28 following
2277 1579 148 29 Wednesday,'
2427 1586 5 9 1
2442 1581 38 21 the

1891 1603 76 20 Albion
1980 1604 25 21 of
2012 1605 27 21 90
2047 1611 64 20 guns,
2123 1610 23 16 at
2156 1605 133 28 Devonport.

1919 1629 34 27 By
1963 1637 14 14 a
1987 1637 47 15 new
2042 1630 43 22 law
2096 1631 61 22 there
2168 1639 36 15 are
2212 1632 49 22 four
2268 1632 97 27 grounds
2371 1640 30 14 on
2408 1632 71 24 which

1892 1662 13 15 a
1917 1656 96 22 devorce
2029 1665 51 19 may
2091 1658 26 22 be
2134 1658 56 22 sued
2203 1659 24 20 in
2244 1659 93 26 Prussia,
2354 1659 95 29 namely,

1891 1682 99 28 adultry,
2007 1684 160 27 drunkenness,
2187 1685 173 28 abandonment,
2376 1687 45 21 and
2439 1695 40 15 un-

1891 1709 109 23 christian
2009 1711 100 22 conduct.

1919 1736 47 22 The
1983 1737 129 27 population
2122 1738 26 22 of
2162 1738 104 28 Moscow,
2277 1740 118 27 according
2409 1743 22 19 to
2441 1741 38 23 the

1891 1761 43 23 last
1942 1771 85 19 census,
2037 1771 44 15 was
2088 1766 91 25 350,000
2192 1767 44 20 and
2244 1766 35 22 the
2288 1767 64 21 value
2359 1768 27 20 of
2392 1767 87 23 articles

1891 1790 108 26 annually
2011 1792 169 21 manufactured
2194 1792 23 22 in
2232 1792 35 23 the
2280 1794 45 27 city
2333 1794 19 22 is
2362 1795 117 22 estimated

1890 1821 23 16 at
1917 1818 134 25 -20,000,000
2061 1818 26 22 of
2093 1818 66 22 silver
2169 1819 94 23 roubles.

1920 1842 72 23 There
2002 1840 39 26 has
2051 1845 56 21 been
2118 1852 14 14 a
2145 1847 123 25 protracted
2279 1846 95 28 drought
2387 1847 22 23 in
2421 1848 58 22 Ger-

1890 1877 68 20 many
1968 1879 6 18 ;
1994 1871 36 21 the
2044 1879 61 19 grass
2115 1872 45 21 and
2170 1872 72 22 clover
2258 1880 35 15 are
2309 1873 64 23 burnt
2381 1882 30 20 up
2418 1882 6 19 ;
2441 1875 38 21 the

1889 1900 119 25 peasantry
2020 1899 91 26 eagerly
2121 1899 42 21 sell
2178 1899 57 22 their
2244 1899 43 22 live
2297 1901 73 26 stock;
2387 1901 44 22 and
2441 1901 37 23 the

1889 1927 99 22 greatest
1998 1932 56 14 tears
2064 1932 36 14 are
2107 1926 139 22 entertained
2254 1926 24 22 of
2284 1927 63 22 short
2355 1928 123 27 provisions

1889 1950 35 21 for
1934 1953 37 19 tne
1983 1952 85 21 winter.

1919 1976 48 23 The
1978 1981 96 19 steamer
2085 1980 39 20 Jsis
2140 1986 44 14 was
2194 1979 43 22 lost
2247 1987 28 14 on
2287 1979 37 23 the
2333 1981 38 21 9th
2381 1981 98 23 Novem-

1890 2002 39 22 ber
1950 2011 30 13 on
2000 2004 39 21 her
2056 2012 84 20 voyage
2160 2006 58 21 from
2235 2006 52 21 New
2300 2007 136 23 Providence
2453 2012 23 17 to

1891 2029 106 27 England
2005 2046 6 6 .
2037 2031 49 22 The
2096 2036 97 18 steamer
2202 2033 96 26 Medway
2307 2033 65 27 beinj
2378 2037 23 18 at
2409 2033 68 28 hand,

1890 2055 30 22 all
1934 2056 37 21 the
1982 2064 129 20 passengers
2120 2058 47 22 and
2176 2066 65 20 crew,
2253 2061 116 27 excepting
2377 2068 42 14 one
2425 2061 50 27 boy,

1889 2089 57 14 were
1956 2084 75 21 saved.

1919 2109 49 22 The
1981 2110 138 23 O'Connell
2137 2112 111 22 Tribute.
2278 2113 47 22 The
2340 2113 81 22 annual
2431 2113 47 23 col-

1888 2135 85 22 lection
1985 2137 26 21 of
2023 2137 37 22 the
2069 2138 57 21 fund
2141 2142 23 17 to
2179 2145 139 22 compensate
2332 2140 45 22 Mr.
2389 2140 89 22 O'Con-

1890 2162 44 21 nell
1946 2163 53 22 took
2011 2164 62 26 place
2084 2172 28 14 on
2130 2165 91 28 Sunday
2232 2166 135 27 throughout
2378 2167 97 22 Ireland.

1891 2189 47 22 The
1955 2189 86 23 Dublin
2060 2195 88 18 returns
2178 2192 37 22 the
2235 2195 51 25 only
2305 2200 42 16 one
2365 2193 109 28 received,

1889 2223 47 14 was
1946 2216 91 26 2,033.
2066 2218 47 21 The
2124 2218 42 22 few
2174 2223 86 18 returns
2267 2221 57 21 from
2334 2220 38 22 the
2381 2224 96 24 country

1888 2240 106 25 received
2004 2244 113 22 exhibited
2128 2253 29 14 an
2173 2246 99 22 advance
2287 2254 30 15 on
2331 2247 44 22 last
2388 2254 89 21 year.

1888 2270 114 25 Dispatch.

1917 2296 50 22 The
1985 2297 125 23 Elephant
2127 2306 45 14 and
2187 2307 46 15 the
2247 2300 121 22 Turnpike
2379 2310 65 15 gate.

1888 2322 35 23 On
1936 2324 118 26 Thursday
2065 2324 118 29 sennight,
2191 2334 24 14 as
2226 2327 44 21 Mr.
2280 2327 49 21 Van
2340 2329 137 27 Amburgh's

1887 2350 109 27 elephant
2007 2358 42 15 was
2059 2351 67 27 going
2134 2357 23 17 to
2167 2353 142 28 Wellington,
2317 2354 68 29 ready
2394 2356 33 22 for
2437 2357 38 23 the

1889 2380 54 18 next
1964 2376 62 28 day's
2047 2378 159 29 performance,
2227 2388 27 14 on
2279 2381 90 27 coming
2392 2385 22 19 to
2437 2383 39 23 the

1887 2404 175 27 turnpike-gate,
2074 2405 71 22 which
2157 2414 42 14 was
2211 2407 55 26 shut,
2278 2407 37 22 the
2324 2411 104 24 gateman
2439 2418 36 14 re-

1887 2430 65 22 fused
1973 2433 22 19 to
2016 2438 56 20 open
2093 2432 35 21 the
2148 2438 52 22 gate
2223 2434 73 22 unless
2307 2434 36 22 the
2352 2435 126 24 conductor

1886 2457 52 27 paid
1955 2462 65 17 extra
2035 2458 47 27 toll,
2099 2458 73 24 which
2187 2460 29 22 he
2230 2460 97 27 refusing
2336 2465 23 17 to
2374 2461 34 28 do,
2419 2467 60 19 went

1888 2484 95 26 through
1996 2484 36 22 the
2044 2486 144 27 side-wicket,
2200 2487 79 27 saying
2285 2492 23 16 to
2317 2487 37 23 the
2361 2489 111 29 elephant,

1995 2511 11 22 I
2023 2516 61 17 must
2098 2520 29 20 go
2137 2513 92 22 without
2245 2511 82 30 you."'
2343 2515 45 22 But
2401 2515 19 23 it
2433 2524 45 15 was

1886 2540 40 19 not
1936 2542 22 17 to
1969 2539 29 20 be
2009 2545 23 15 so
2039 2547 6 17 ;
2063 2538 33 22 for
2107 2539 59 22 Jack
2176 2540 71 22 would
2256 2541 28 22 be
2300 2548 22 14 as
2336 2541 58 28 good
2407 2550 23 15 as
2440 2544 35 22 his

1886 2569 95 22 masterj
1999 2573 31 18 so,
2051 2565 91 22 without
2159 2574 46 20 any
2221 2574 125 21 ceremony,
2362 2569 57 22 Jack
2437 2578 39 20 ap-

1887 2591 60 26 plied
1965 2591 34 22 his
2010 2592 110 27 probascis
2136 2597 23 17 to
2169 2594 38 21 the
2216 2597 59 24 gate,
2291 2596 45 20 and
2349 2595 48 28 just
2407 2597 67 23 eased

1885 2618 64 21 itself
1955 2618 28 21 of
1990 2618 37 21 the
2042 2618 122 23 hindrance
2181 2620 30 28 by
2221 2621 134 28 prostrating
2372 2622 37 22 the
2423 2628 52 23 gate

1885 2644 23 21 in
1921 2644 37 22 the
1968 2645 62 27 road,
2048 2650 22 17 to
2081 2647 37 20 the
2129 2653 30 14 no
2173 2642 64 26 small
2247 2653 141 17 amazement
2397 2650 26 22 of
2437 2650 38 23 the

1886 2671 151 28 gate-keeper.
2068 2672 40 22 We
2123 2673 138 25 understand
2277 2674 62 23 there
2354 2682 43 16 was
2411 2684 62 16 some

1884 2698 77 27 injury
1971 2698 57 22 done
2044 2703 23 17 fo
2078 2698 37 23 the
2124 2704 57 23 gate,
2200 2700 38 22 the
2253 2708 97 21 expense
2360 2702 27 22 of
2399 2702 73 25 which

1884 2725 39 21 the
1934 2725 82 28 keeper
2027 2725 123 28 cheerfully
2159 2727 59 27 paid.

1913 2752 54 21 Two
1977 2752 93 27 glances
2089 2752 65 23 make
2165 2761 13 13 a
2197 2754 54 26 bow,
2264 2757 42 19 two
2321 2755 60 22 bows
2397 2763 14 15 a
2421 2756 53 23 how

1885 2778 53 27 d'ye
1959 2778 35 27 do,
2009 2778 51 23 four
2078 2779 49 22 how
2147 2780 50 28 d'ye
2216 2780 47 22 do's
2282 2788 14 15 a
2310 2784 161 27 conversation,

1884 2805 66 22 three
1962 2806 165 22 conversations
2137 2814 28 14 an
2176 2808 167 28 acquaintance,
2354 2809 52 22 nine
2415 2811 59 22 hun-

1884 2831 55 22 dred
1949 2832 46 21 and
2006 2833 141 27 ninety-nine
2157 2835 170 26 acquaintances
2338 2843 12 14 a
2359 2836 80 24 friend.

1964 2859 61 22 Julia
2069 2860 165 28 sentimentally
2241 2861 124 23 exclaimed
2374 2870 13 14 a
2396 2870 77 21 young

1883 2884 67 26 lover,
2051 2886 47 22 first
2114 2887 53 22 time
2183 2887 48 22 that
2246 2895 45 24 you
2307 2888 88 24 address
2416 2890 55 22 such

1883 2911 102 28 hopeless
1994 2913 71 21 words
2075 2917 21 18 to
2105 2920 44 20 me,
2161 2914 12 21 I
2185 2914 42 22 will
2237 2914 40 22 kill
2289 2915 83 27 myself
2379 2920 22 18 at
2411 2924 56 20 your

1882 2938 58 22 feet.'
1941 2938 17 9 J>
2082 2940 59 21 what
2160 2940 44 22 will
2221 2948 45 19 you
2284 2941 28 22 do
2327 2941 39 23 the
2384 2943 84 23 second

1978 2973 43 14 was
2033 2966 36 22 the
2079 2966 71 27 lady's
2161 2967 102 28 inquiry.-

1915 3006 29 23 In
1962 3014 67 23 every
2041 3007 104 23 civilized
2161 3012 95 27 country
2279 3008 137 32 throughout
2428 3010 39 24 the

1881 3039 71 24 world
1963 3039 37 23 the
2012 3040 84 23 human
2108 3040 49 23 hair
2168 3041 20 22 is
2200 3041 82 30 always
2294 3041 70 25 found
2376 3048 23 18 to
2410 3043 30 24 be
2454 3051 14 16 a

1880 3072 90 32 subject
1982 3072 25 24 of
2020 3072 100 31 peculiar
2128 3074 119 24 attention.
2282 3074 35 24 Of
2326 3075 38 24 ths
2373 3083 93 18 numer-

1880 3114 42 15 ous
1933 3105 140 32 compounds
2085 3107 129 30 professing
2223 3111 22 19 to
2269 3113 103 25 promote
2383 3117 26 16 or
2430 3117 39 16 re-

1879 3139 99 31 produce
1991 3138 38 24 the
2040 3139 56 29 hair,
2109 3139 42 23 few
2163 3139 58 24 have
2235 3141 105 24 survived
2375 3150 56 16 even
2444 3143 24 24 in

1880 3180 73 21 name,
1973 3172 77 23 whilst
2068 3173 159 26 Rowland's
2249 3174 141 25 Macassar
2409 3176 58 30 Oil,

1879 3206 54 23 with
1946 3214 14 15 a
1972 3206 127 31 reputation
2111 3206 91 31 already
2215 3208 161 30 unparalleled,
2389 3209 20 23 is
2420 3209 48 25 still

1880 3246 30 16 on
1922 3239 38 24 the
1972 3239 101 23 increase
2084 3239 25 23 in
2131 3239 78 32 public
2220 3241 129 24 estimation
2358 3251 7 19 ;
2393 3242 74 25 which

1878 3272 53 29 fact,
1955 3272 103 31 together
2069 3272 54 23 with
2141 3272 156 25 innumerable
2315 3276 152 23 testimonials

1879 3305 47 31 (for
1936 3305 93 31 perusal
2041 3309 24 19 at
2073 3305 38 24 the
2120 3306 151 32 proprietors)
2289 3307 19 23 is
2321 3308 113 24 sufficient
2442 3314 24 19 to

1878 3339 81 30 satisfy
1973 3338 38 24 the
2019 3343 60 19 most
2089 3339 145 24 incredulous
2241 3348 26 15 as
2280 3345 21 18 to
2310 3341 31 23 its
2348 3342 119 31 sovereign

1879 3373 85 23 virtues
1987 3379 26 16 so
2035 3372 131 31 repeatedly
2187 3373 86 29 shown,
2297 3374 24 23 in
2342 3374 122 32 restoring,

1875 3404 142 32 preserving,
2030 3405 45 24 and
2086 3404 142 33 beautifying
2238 3406 39 24 the
2289 3406 80 24 human
2380 3406 60 25 hair.

1912 3437 31 25 In
1962 3437 113 32 Dressing
2087 3438 39 24 the
2146 3438 68 29 Hair,
2228 3439 95 31 nothing
2333 3447 43 16 can
2398 3440 66 27 equal

1877 3470 40 24 the
1939 3470 79 25 effects
2041 3470 26 25 of
2092 3469 225 28 "ROWLAND'S
2333 3472 129 24 MACAS-

1878 3503 67 25 SAR
2067 3512 29 16 on
2108 3504 73 24 either
2192 3505 97 30 Natural
2299 3513 25 17 ot
2348 3505 113 26 Artificial

1879 3536 67 30 Hair,
1960 3537 120 32 rendering
2091 3538 19 23 it
2131 3545 26 16 so
2168 3538 196 31 adttjirahly',soft,
2376 3538 49 23 that
2442 3539 20 24 it

1877 3570 45 24 will
1933 3570 32 24 lie
1976 3578 45 24 any
2032 3571 127 24 direction:
2185 3571 19 23 it
2221 3571 109 32 produces
2338 3570 125 33 .beaufifuj

1876 3603 90 31 flowing
1976 3603 71 30 curls,
2059 3604 52 28 and,
2124 3604 30 30 by
2166 3603 38 24 the
2218 3603 162 24 transcendent-
2389 3603 87 38 lustre^

1877 3637 17 23 it
1912 3637 104 30 imparts,
2028 3637 94 24 renders
2141 3636 38 24 the
2188 3636 59 25 head
2261 3636 64 23 dress
2335 3635 63 31 truly
2421 3644 39 17 en

1876 3669 123 32 chanting;
2033 3670 26 24 It
2077 3677 127 25 preserves-
2214 3669 37 23 the
2274 3667 92 25 coiffure
2376 3669 25 23 in
2423 3669 38 25 the

1876 3702 83 24 heated
1978 3702 140 32 atmosphere
2140 3702 26 24 of
2189 3700 39 24 the
2251 3700 48 24 ball
2319 3708 70 22 room,
2418 3702 45 25 and

1875 3736 138 24 neutralizes
2024 3736 39 24 the
2073 3735 79 25 effects
2162 3734 27 24 of
2202 3741 15 16 a
2224 3733 66 32 damp
2310 3734 148 33 oinurfyhore,

1875 3777 26 16 or
1912 3768 86 24 violent
2008 3768 108 24 exercise.
2160 3785 4 4 .
2376 3770 19 22 k

1908 3807 128 25 Absence
2053 3813 32 17 os
2105 3805 106 25 Mjnj>.
2210 3803 36 25 -A
2261 3804 122 33 physician
2399 3814 65 18 tone

1875 3841 56 23 time
1943 3841 64 23 since
2017 3847 56 25 gave
2085 3845 43 19 one
2140 3837 25 25 f
2179 3836 38 25 hi
2226 3838 103 31 patients
2338 3846 17 16 .a
2362 3840 68 31 piece
2438 3841 27 24 of

1873 3869 79 28 brown
1965 3879 77 26 paper,
2060 3870 44 25 and
2115 3869 38 27 the
2172 3864 170 37 medicin^'into
2357 3872 47 26 the:
2409 3873 51 26 fire.

1875 3905 38 25 He
1926 3905 90 25 didTiot
2023 3904 103 26 discover
2136 3902 37 25 his
2184 3903 98 25 mistake
2289 3905 59 26 until
2361 3905 37 25 th
2402 3906 20 31 >
2423 3906 37 25 ick

1872 3945 52 17 man
1937 3937 76 31 began
2024 3941 24 19 to
2058 3942 93 19 recover
2161 3935 59 28 frond
2230 3937 38 24 hi*
2279 3931 87 32 illness.
2400 3935 4 17 ;
2414 3931 29 20 '-"'
