2540 4029
557 47 99 44 «Pfte
679 45 118 42 Weto
823 44 206 41 Zealand
1054 43 188 46 <Ste?*tte
1266 42 91 40 attti
1381 37 298 50 SKitfttigtoti
1702 37 252 48 Spectator-

1882 125 218 25 WHOLESALE
2128 125 125 24 PRICES
2286 125 175 23 CURRENT.

1979 163 133 15 CORRECTED
2126 164 29 14 UP
2169 164 29 14 TO
2211 163 56 15 LAST
2283 162 81 15 NIGHT.

2145 3056 121 22 DUTIES.

1909 3081 100 22 British
2019 3081 93 23 Spirits
2324 3084 33 21 4s.
2368 3090 40 21 per
2416 3083 80 28 gallon.

1910 3107 105 23 Foreign
2026 3108 57 22 ditto
2324 3111 34 22 ss.
2368 3118 40 20 per
2415 3110 81 28 gallon*

1909 3135 105 22 Tobacco
2023 3137 179 28 manufactured,
2327 3139 32 20 Is.
2368 3144 40 22 per
2416 3139 35 25 lb..

2023 3162 209 24 Unmanufactured
2325 3165 38 22 9d.
2373 3172 40 21 per
2421 3165 34 26 Ik.

1911 3189 74 23 Snuff
2271 3203 4 10 v
2277 3206 6 6 .
2291 3206 7 7 .
2305 3206 6 7 .
2326 3193 33 21 2s.
2368 3199 40 21 per
2415 3191 34 26 lb..

1912 3216 86 22 Cigars
2328 3220 33 21 2s.
2371 3219 77 28 per^lb.

1911 3243 83 23 Wines
2319 3246 27 21 15
2359 3248 108 26 percent..

1910 3270 57 27 Tea,
1981 3271 87 28 Sugar,
2084 3272 87 27 Flour,

1929 3297 45 22 and
1984 3298 65 22 other
2060 3299 86 28 Grain,
2156 3301 14 20 5
2179 3307 41 21 per
2228 3304 58 18 cent.
2300 3295 5 26 I
2349 3315 8 7 ,
2398 3315 6 7 ,
2432 3321 31 7 -m

1912 3325 40 22 All
1960 3325 63 22 other
2032 3326 108 23 Foreign
2145 3326 143 28 productions
2299 3328 13 21 f
2329 3316 31 21 ad
2369 3316 103 21 valorem-

1926 3351 43 23 and
1974 3353 169 22 manufactures
2150 3355 26 20 10
2181 3360 42 20 per
2228 3358 57 19 cent.
2291 3348 14 32 J

2115 3380 187 25 EXCHANGE.

1912 3420 68 23 Bank
1988 3420 52 23 bills
2050 3428 29 15 on
2089 3421 96 22 London
2216 3408 19 35 -T3OT
2240 3410 28 22 30
2282 3410 56 23 dava
2353 3412 18 22 si
2371 3411 47 32 «H
2434 3412 62 27 2P*

1916 3460 14 3 _
1958 3461 13 6 „
1994 3460 8 7 ,
2224 3439 11 23 L
2274 3442 59 18 cent,
2343 3445 113 21 premium.

1914 3461 34 22 On
1957 3461 90 28 Sydney
2334 3465 72 24 Ditto,

1913 3487 89 23 Private
2011 3488 51 22 bills
2215 3505 20 9 
2310 3492 114 22 Nominal,

1934 3546 39 17 The
1983 3546 49 17 Nzvr
2042 3546 100 18 Zealand
2152 3548 93 20 Gazette
2251 3551 37 18 and
2300 3551 134 17 Wellington
2445 3551 49 16 S«e*

1913 3570 64 14 tatoji
1981 3566 16 17 is
2004 3566 98 21 published
2108 3572 56 18 every
2169 3570 114 22 Wedneiday
2293 3572 36 17 and
2340 3572 93 20 Saturday,
2453 3570 40 17 Sub-

1911 3587 62 21 joined
1980 3592 32 12 are.
2015 3587 33 18 the
2054 3589 66 16 terms:
2121 3598 23 4 —

1934 3609 63 18 Pbxcz
2005 3612 23 13 ov
2035 3610 125 18 xhePapjsk.
2160 3619 21 5 —
2181 3611 56 22 Forty
2241 3612 85 22 shillings
2330 3617 34 17 per
2374 3617 74 16 annum,
2456 3615 32 18 psj

1913 3630 40 17 able
1958 3629 20 18 in
1985 3629 82 18 advance
2072 3635 3 15 ;
2086 3635 21 13 or
2113 3636 36 14 one
2155 3632 77 21 shilling
2237 3634 28 16 for
2270 3634 59 21 single
2335 3634 92 18 numberi.

1934 3650 157 18 Advertisements
2097 3652 39 17 will
2141 3655 33 14 not
2180 3658 66 18 appear
2255 3654 21 17 in
2286 3655 31 17 the
2327 3659 79 17 ensuing
2416 3653 70 18 number,

1914 3671 17 17 if
1938 3671 82 17 received
2026 3672 49 16 later
2080 3673 46 17 than
2138 3674 20 16 10
2164 3673 73 21 o'clock,
2244 3680 49 15 a.m.,
2300 3680 24 12 on
2331 3676 31 16 the
2369 3676 88 19 mornings
2464 3674 29 16 be*

1914 3693 37 18 fore
1964 3692 120 21 publication.
2104 3694 159 19 Advertisements
2275 3697 39 16 will
2323 3697 23 16 be
2356 3696 95 17 continued
2458 3693 31 18 and

1915 3714 77 20 charged
2002 3714 50 16 until
2060 3716 167 20 counter-ordered;
2238 3718 46 16 such
2290 3717 53 17 order
2348 3718 51 16 must
2404 3718 22 16 be
2432 3716 38 17 sent
2475 3715 16 15 to

1915 3735 31 16 the
1954 3735 55 16 Office
2021 3736 37 16 two
2077 3736 44 20 days
2140 3737 61 17 before
2210 3738 117 20 publication,
2339 3739 37 17 and
2385 3739 49 15 must
2442 3737 21 16 be
2471 3735 18 16 is

1915 3755 77 21 writing.
2015 3755 158 19 Advertisements
2187 3758 82 17 received
2286 3759 53 18 after
2356 3760 22 17 10
2392 3757 64 18 o'clock
2469 3759 20 13 on

1915 3776 83 21 Tuesday
2009 3777 38 16 and
2058 3777 66 22 Friday
2134 3779 94 21 mornings
2239 3779 37 17 will
2286 3780 23 17 be
2318 3779 78 22 charged
2407 3778 49 18 twice
2463 3776 28 17 th*

1915 3797 114 19 usualrates.,

1936 3815 104 23 AlTordew,
2051 3818 158 22 advertisements,
2219 3820 39 17 and.
2267 3820 161 19 communications
2438 3821 18 15 to
2465 3817 27 17 th*

1916 3839 69 20 Editor,
1990 3843 31 12 are
2026 3840 100 20 requested
2131 3842 19 16 to
2156 3841 23 17 be
2185 3841 98 17 addressed
2288 3843 19 16 to
2313 3841 39 18 this
2357 3841 62 18 Office.

1917 3886 79 18 Printed-
2004 3886 37 16 and
2054 3886 98 21 published
2168 3891 55 17 every
2238 3887 115 22 Wednesday
2367 3887 37 18 and
2413 3883 78 20 Saturday

1937 3906 90 21 morning,
2041 3906 24 21 by
2083 3907 85 18 Samuel
2181 3909 89 18 Bjcvav*,
2286 3909 24 18 at'
2319 3908 33 18 the
2368 3908 54 17 Office
2435 3906 19 16 of
2463 3905 28 15 tm>

1938 3928 49 19 Njcw
2000 3927 100 18 Zkaxavs
2110 3928 92 18 Gahttk
2213 3933 48 14 and,
2267 3928 140 19 Wxlxjngxov.
2418 3925 74 20 S»«ct*3

1937 3953 43 15 tor,
1992 3947 157 23 Mannen-strMt,
2158 3949 115 22 Wellington,
2285 3949 44 19 Port
2336 3949 107 22 Nicholson,
2455 3947 38 16 «•«

1938 3969 85 19 Zealand.

1881 217 64 21 Ale:
1959 216 95 28 perhhd
2220 218 14 22 7
2261 218 14 20 0
2302 218 14 20 0
2333 230 18 7 ..
2370 216 13 22 7
2409 216 14 21 7
2453 218 14 19 0

2055 244 145 26 perbarrel..
2218 244 14 21 5
2260 245 14 20 0
2298 244 18 20 0
2332 256 18 7 ..
2368 244 15 20 0
2411 244 15 19 0
2453 244 15 19 0

2054 277 41 20 per
2104 270 101 22 d0z......
2220 272 14 19 0
2248 271 27 20 13
2302 270 15 20 0
2333 282 18 7 ..
2369 270 15 20 0
2411 270 14 21 0
2453 270 15 19 0

1881 296 99 21 Arrack
1988 302 6 14 :
2008 295 43 22 Per
2059 296 46 24 gal.
2114 297 24 21 in
2147 296 61 22 bond
2222 298 13 20 0
2264 297 11 20 1
2303 296 15 21 9
2334 308 6 7 •
2347 309 5 6 •
2371 297 14 19 0
2413 296 14 20 2
2456 299 15 19 o

1881 322 93 21 Bread:
1989 322 43 21 Per
2041 322 45 22 2lb.
2096 322 51 23 loaf
2160 336 45 7 ....
2223 325 14 20 0
2264 324 14 20 0
2305 324 14 19 6
2336 335 18 7 ..
2373 323 14 20 0
2414 323 14 19 0
2455 322 14 19 0

1881 348 74 22 Beef:
1970 348 77 27 Fresh,
2065 355 90 16 carcase
2171 356 39 20 per

1997 374 24 22 lb
2220 378 14 19 0
2261 376 13 19 0
2289 376 27 20 10
2334 388 18 7 ..
2371 376 15 19 0
2414 374 13 21 0
2456 374 14 20 0

1989 400 54 27 Salt,
2052 407 42 21 per
2107 401 68 22 tierce
2187 416 5 5 .
2200 415 5 7 .
2244 409 59 15 none
2335 401 136 22 ..000

1990 426 44 22 Do.
2043 434 40 19 per
2097 427 74 22 barrel
2187 442 6 5 .
2200 442 5 5 .
2244 435 58 15 none
2335 441 18 7 .•
2371 429 14 19 0
2415 428 13 21 0
2456 428 14 19 0

1882 454 95 22 Butter
1984 460 6 14 :
2006 451 66 29 Irish,
2082 460 40 20 per
2130 453 31 23 lb.
2185 468 6 6 .
2198 467 5 7 .
2222 456 15 19 0
2266 456 10 19 1
2305 456 14 19 9
2336 468 6 7 .
2348 468 6 6 .
2373 455 15 20 0
2415 454 14 19 2
2457 454 15 19 0

2003 480 69 21 Fresh
2226 482 14 19 0
2267 483 13 20 2
2307 482 14 20 6
2338 494 18 7 ..
2375 482 14 20 0
2416 480 14 20 0
2457 480 14 19 0

1883 512 98 17 Drandv
1987 513 6 14 :
2008 506 59 21 First
2072 506 94 27 quality,
2174 513 39 20 per

2031 532 78 27 gallon
2117 533 25 22 in
2151 533 61 22 bond
2225 534 14 19 0
2267 534 14 20 6
2307 535 14 19 0
2338 547 18 6 ..
2375 535 14 20 0
2412 532 18 21 .8
2457 534 14 19 0

1884 559 87 22 Brown
1989 560 74 21 Stout
2070 567 6 13 :
2100 566 41 20 per
2154 559 55 22 hhd:
2222 559 56 22 610
2304 562 14 19 0
2335 573 5 6 .
2347 573 6 7 .
2375 560 14 22 7
2416 560 13 20 0
2456 560 14 19 0

1885 587 86 21 Cigars
1979 593 5 14 :
1995 585 104 27 Manilla,
2107 593 40 20 per
2150 587 61 25 1000,
2227 586 13 20 3
2268 588 13 19 0
2308 588 48 19 0..
2375 588 14 19 0
2416 586 14 20 0
2458 586 13 19 0

1992 612 98 21 Inferior
2228 613 10 19 1
2255 613 26 20 18
2308 614 14 19 0
2339 626 18 6 ..
2375 613 15 20 2
2417 612 13 20 0
2458 613 14 19 0

1993 639 136 26 Havannah,
2135 646 40 20 per
2181 639 31 21 lb.
2247 645 60 15 none
2338 639 132 20 ..000

1992 665 127 22 Chinsurah
2122 672 40 19 per
2168 666 71 21 10001
2255 666 26 20 10
2309 667 48 19 0..
2375 666 15 20 0
2416 665 15 20 0
2457 665 13 20 0

1992 691 156 23 Alexandrian
2162 706 6 7 .
2175 706 32 7 ...
2227 693 10 20 1
2254 694 27 19 10
2307 693 82 20 0..0
2417 692 15 20 0
2458 692 14 20 0

1886 719 87 22 Coffee
1979 726 6 13 :
1996 719 64 26 Java,
2070 726 42 20 per
2119 719 23 22 lb
2227 721 14 20 0
2268 720 14 20 0
2296 719 27 20 10
2339 732 18 6 ..
2376 720 14 19 0
2418 719 13 19 0
2458 719 14 20 0

1886 746 102 21 Cheese:
2004 745 106 22 Cheshire
2227 748 14 19 0
2269 746 11 20 1
2309 746 13 20 6
2340 759 18 6 ..
2377 746 14 20 0
2418 745 14 19 0
2460 745 13 20 0

2002 772 56 21 Pine
2067 771 76 29 Apple
2163 774 79 20 ....0
2269 774 13 20 0
2309 773 14 20 0
2340 785 18 7 ..
2376 773 15 20 0
2419 771 11 19 1
2458 771 15 20 2

2002 799 77 21 Dutch
2229 801 14 20 0
2269 801 13 20 0
2310 800 14 20 0
2340 813 19 6 ..
2378 800 14 20 0
2420 798 11 20 1

1887 825 105 22 Candles
1999 832 5 15 :
2012 825 95 27 English
2114 832 57 21 wax,
2176 833 41 20 per

2029 851 24 22 lb
2229 854 13 20 0
2270 853 12 20 3
2310 854 14 18 0
2342 865 17 7 ..
2378 854 14 20 0
2420 853 14 19 0
2460 853 14 19 U

2016 877 83 23 Mould
2228 880 14 20 0
2270 880 11 19 1
2310 880 14 19 3
2341 892 18 6 ..
2378 880 15 19 0
2420 879 14 19 0
2461 879 14 19 0

2019 905 57 27 Dips
2229 906 13 20 0
2270 906 11 20 1
2310 906 14 19 0
2342 918 17 6 ..
2378 906 14 19 0
2420 905 14 19 0
2461 905 14 20 0

1889 931 92 22 Flour:
1991 931 131 28 lstquality,
2133 934 83 24 perton

2011 957 26 21 of
2046 959 57 20 2000
2111 957 34 21 lbs
2216 959 26 19 15
2270 960 13 19 0
2311 960 14 19 0
2342 959 51 20 ..20
2420 959 14 19 0
2461 959 14 19 0

1988 983 112 23 2ndditto
2231 986 15 20 0
2271 986 13 20 0
2312 986 14 20 0
2342 985 53 21 ..12
2421 986 15 19 O
2462 986 15 20 0

1891 1011 61 22 Gin:
1971 1011 53 21 Pale
2041 1011 24 21 in
2075 1010 61 22 bond
2231 1013 13 19 0
2271 1013 13 20 3
2312 1013 14 19 0
2342 1025 19 7 ..
2380 1013 14 20 0
2420 1011 14 21 4
2461 1013 16 19 O

1940 1038 62 27 Case,
2009 1038 15 21 4
2030 1037 37 26 gal
2075 1039 39 19 4-5
2122 1037 25 22 in
2156 1038 60 22 bond
2232 1039 10 20 1
2271 1039 13 21 8
2312 1040 35 20 0.
2354 1053 7 6 .
2381 1039 11 20 1
2409 1037 27 22 10
2463 1033 16 25 6

1891 1064 82 22 Hams:
1988 1064 129 27 Yorkshire,
2131 1065 86 27 perlb.
2232 1068 14 18 0
2272 1067 14 19 0
2313 1067 15 19 0
2343 1079 21 7 ...
2381 1068 15 19 0
2422 1065 14 20 0
2463 1065 14 21 0

1891 1091 114 22 Mustard
2013 1098 5 14 :
2034 1091 42 21 Per
2086 1090 71 23 dozen
2169 1093 118 20 ....018
2314 1093 15 20 0
2345 1105 19 7 ..
2382 1093 15 20 0
2423 1092 15 20 0
2465 1093 14 19 0

1891 1118 115 22 Mutton:
2027 1117 94 23 Carcase
2129 1126 41 19 per
2178 1119 23 21 lb
2213 1134 5 7 .
2233 1121 14 19 0
2273 1120 15 20 0
2314 1120 15 20 9
2345 1133 19 6 ..
2383 1120 14 19 0
2423 1119 15 20 0
2453 1118 24 20 11

1891 1145 111 22 Muskets
2009 1152 5 14 :
2030 1144 93 23 Walnut
2129 1145 93 22 stocked
2234 1147 14 20 0
2274 1147 15 19 0
2316 1147 13 19 0
2346 1159 6 6 .
2359 1159 6 7 .
2383 1147 14 19 0
2413 1145 24 20 15
2467 1146 14 20 0

1892 1171 79 23 Milk:
1985 1171 44 23 Per
2035 1171 51 28 pint
2234 1174 14 19 0
2274 1173 15 19 0
2316 1172 13 20 3
2346 1185 20 7 ..
2384 1173 14 20 0
2425 1173 14 19 0
2465 1172 15 20 4

1892 1199 44 22 Oil
1944 1207 6 14 :
1965 1198 103 25 Linseed,
2078 1205 41 20 per
2127 1199 75 26 gallon
2213 1200 35 20 .0
2275 1199 14 20 0
2317 1199 37 20 0.
2361 1213 6 6 .
2399 1205 66 15 none.

1967 1225 76 26 Black,
2048 1225 25 21 in
2077 1224 174 28 cask,pertonl7
2278 1227 15 19 0
2319 1227 14 19 0
2349 1239 19 7 ..
2387 1227 14 20 0
2427 1227 14 19 0
2468 1227 15 19 O

2002 1253 80 25 Sperm
2218 1253 28 21 60
2272 1253 14 19 0
2314 1253 12 19 0
2344 1253 52 21 ..65
2423 1253 14 19 0
2465 1253 12 19 0

1893 1279 78 22 Pork:
1985 1278 77 27 Fresh,
2081 1284 88 16 carcase
2185 1286 40 19 per

2010 1305 24 21 lb
2235 1307 14 19 0
2275 1307 16 19 0
2316 1305 14 21 5
2347 1319 19 7 ..
2385 1308 14 18 0
2425 1307 14 19 0
2467 1307 13 20 0

1894 1332 66 22 Pork
1966 1338 5 14 :
1987 1331 66 26 Irish,
2063 1338 42 19 per
2113 1331 74 22 barrel
2199 1347 5 6 .
2212 1347 6 5 .
2236 1333 15 20 0
2277 1333 14 21 0
2318 1334 14 20 0
2349 1346 5 7 .
2362 1347 6 6 .
2386 1333 14 20 5
2426 1333 14 20 5
2469 1334 14 20 0

1894 1359 131 21 Potatoes:
2044 1357 58 22 New
2115 1357 108 29 Zealand,

2070 1392 41 19 per
2119 1388 40 18 ton
2235 1386 13 20 5
2277 1387 14 20 0
2318 1388 14 20 0
2348 1400 6 7 .
2361 1400 7 7 .
2387 1388 13 20 8
2427 1388 14 20 0
2467 1388 15 19 0

1894 1412 95 22 Porter
1997 1418 7 15 :
2032 1411 103 28 Dunbar,
2146 1412 24 22 in
2178 1413 45 21 bot.

2062 1445 41 20 per
2112 1438 42 22 doz
2237 1441 13 19 0
2265 1440 26 21 13
2318 1442 83 19 0..0
2428 1442 14 19 0
2469 1441 15 19 0

2003 1465 88 27 Bryant
2100 1465 44 22 and
2153 1466 70 22 Davis
2237 1468 54 20 013
2319 1468 13 20 0
2349 1481 6 5 .
2362 1481 6 5 .
2387 1468 14 20 0
2428 1468 14 20 0
2469 1468 15 19 O

1896 1492 98 22 Pickles
2006 1499 5 15 :
2041 1492 118 28 Assotded,
2187 1500 40 20 per

2067 1518 59 27 doz.,
2149 1523 76 24 quarts
2240 1521 52 20 11
2321 1522 13 19 0
2352 1534 19 7 ..
2390 1522 14 19 0
2430 1522 14 19 0
2472 1521 12 19 0

1897 1546 74 22 Pitch
1983 1552 5 16 :
2020 1545 139 28 Stockholm,
2188 1554 39 20 per

2044 1573 74 22 barrel
2240 1576 14 19 0
2280 1576 15 19 0
2322 1576 13 19 0
2351 1588 20 7 ..
2391 1575 11 19 1
2430 1575 14 19 5
2472 1576 14 19 6

1897 1599 81 22 Plank
1986 1607 5 14 :
2019 1599 55 22 Port
2096 1599 131 28 Nicholson,

2044 1634 42 20 per
2096 1628 39 20 100
2143 1627 47 22 feet
2203 1642 5 6 .
2216 1642 6 6 .
2240 1629 15 20 0
2280 1630 15 19 0
2321 1630 14 19 0
2352 1642 6 7 .
2365 1642 6 6 .
2390 1629 12 20 1
2432 1628 11 20 1
2471 1630 15 19 O

1897 1653 71 22 Rice:
1980 1654 110 21 Common
2098 1660 41 21 per
2145 1657 48 18 cwt.
2205 1668 18 7 ..
2242 1656 13 20 0
2281 1656 55 25 o^o
2353 1669 19 6 ..
2391 1657 14 20 0
2431 1657 14 20 0
2472 1658 16 18 O

1979 1680 66 22 Good
2241 1682 11 20 1
2280 1683 16 20 4
2323 1684 49 19 0..
2390 1684 14 19 0
2431 1684 15 20 0
2471 1684 13 19 0

1898 1707 56 22 Rum
1961 1714 5 15 :
1982 1707 25 22 P.
2018 1707 26 22 B.
2055 1707 35 26 P.,
2104 1714 39 20 per
2152 1707 77 28 gallon

2018 1734 25 21 in
2056 1734 63 22 bond
2241 1736 14 21 0
2280 1736 16 21 4
2323 1736 12 19 0
2353 1750 19 6 ..
2391 1738 14 19 0
2430 1736 13 20 5
2472 1737 15 20 0

1899 1761 88 22 Sugar:
2004 1761 120 22 Mauritius
2133 1768 41 21 per
2181 1765 49 19 cwt.
2244 1764 14 21 0
2285 1765 13 19 0
2326 1765 49 20 0..
2408 1769 57 15 none

2007 1788 83 21 Brown
2103 1788 55 22 ditto
2175 1790 76 20 ....1
2279 1791 14 20 2
2321 1790 80 21 0..1
2430 1790 13 21 8
2471 1792 15 19 O

2008 1815 97 22 Refined
2120 1815 53 28 loaf,
2190 1823 40 21 per

2033 1841 23 23 lb
2243 1846 14 20 0
2284 1845 14 20 0
2325 1846 13 19 9
2356 1858 19 7 ..
2393 1845 13 20 0
2433 1846 14 19 0
2474 1845 13 20 0

2009 1869 98 22 Manilla
2125 1877 39 20 per
2178 1874 48 19 cwt.
2241 1873 14 20 0
2282 1872 14 19 0
2323 1873 50 19 0..
2393 1870 65 22 None

1900 1896 73 21 Salt:
1988 1896 127 28 Liverpool,
2125 1904 41 20 per
2175 1900 52 19 ton-.
2242 1899 14 21 3
2284 1900 13 19 0
2324 1900 13 19 0
2356 1912 18 7 ..
2392 1898 15 21 4
2433 1900 13 19 0
2474 1899 13 22 Q

1900 1923 60 22 Soap
1968 1930 7 15 :
2001 1922 103 23 Hawes's
2126 1924 104 28 London,

2026 1954 87 23 perton
2229 1953 27 21 35
2284 1954 14 20 0
2325 1955 13 20 0
2356 1967 19 7 ..
2394 1953 15 20 0
2436 1954 16 20 &
2475 1956 16 19 O

2017 1976 120 27 Liverpool
2229 1980 27 19 26
2284 1980 16 19 O
2325 1980 17 19 0>
2355 1992 20 7 ...
2394 1980 13 19 0
2434 1979 12 19 0
2474 1981 14 18 O

1900 2002 91 21 Starch
1999 2009 7 14 :
2020 2001 43 22 Per
2071 2002 24 21 lb
2244 2006 14 20 0
2286 2006 14 19 0
2326 2006 13 19 9
2357 2019 6 6 .
2370 2019 7 6 .
2395 2006 13 19 0
2435 2007 13 19 0
2475 2007 14 19 0

1900 2029 143 21 Scantling:
2059 2029 44 21 Per
2110 2030 42 21 100
2159 2030 68 21 feet..
2246 2033 13 19 0
2273 2032 27 20 18
2328 2032 13 20 0
2359 2046 19 6 ..
2398 2032 10 20 1
2437 2033 12 20 0
2476 2034 13 19 0

1901 2055 115 22 Shingles
2023 2062 7 14 :
2044 2055 45 22 Per
2095 2057 62 26 1000,
2165 2056 29 22 N.
2203 2057 26 22 Z.
2245 2059 53 19 11
2326 2060 14 19 0
2357 2073 6 6 .
2371 2072 5 7 .
2397 2060 10 19 1
2436 2059 12 20 5
2475 2060 13 20 0

2030 2082 72 28 Ditto,
2124 2083 29 22 V.
2163 2083 29 22 D.
2203 2084 26 22 L.
2244 2086 14 21 2
2286 2087 14 20 0
2328 2086 12 20 0
2358 2100 6 5 .
2371 2099 6 6 .
2397 2088 12 19 0
2437 2088 12 19 0
2476 2088 13 19 0

1900 2109 63 22 Tar:
1980 2108 54 22 Coal
2247 2114 10 18 1
2287 2113 11 20 1
2328 2114 13 19 0
2359 2127 19 5 ..
2397 2114 13 20 0
2437 2114 13 20 0
2477 2114 12 19 0

1983 2136 130 22 Stockholm
2248 2140 11 19 I
2288 2140 11 19 1
2328 2140 49 20 0..
2397 2141 12 20 0
2437 2141 13 19 0
2477 2141 12 19 0

1901 2163 63 21 Tea:
1973 2163 81 27 Hyson
2059 2163 56 27 skin,
2122 2170 39 20 per
2171 2164 63 22 chest
2246 2167 14 21 4
2287 2168 14 19 0
2328 2168 13 19 0
2359 2180 18 7 ..
2397 2166 12 22 7
2437 2166 12 22 7
2477 2168 12 19 0

1977 2190 94 26 Congou
2235 2193 26 22 10
2288 2195 14 20 0
2328 2194 82 21 0..0
2437 2194 13 20 0
2476 2195 15 20 0

1901 2216 120 23 Tobacco:
2034 2216 144 28 Negrohead,
2195 2226 40 20 per

2060 2244 32 22 lb.
2105 2244 24 22 in
2146 2244 60 23 bond
2247 2248 13 20 0
2289 2248 8 20 1
2328 2248 50 20 0..
2397 2249 13 20 0
2437 2248 14 20 0
2477 2249 14 20 0

1902 2270 165 23 Turpentine:
2083 2271 146 28 Pergallon..
2249 2276 13 19 0
2289 2276 14 19 8
2329 2276 14 19 0
2361 2288 19 6 ..
2399 2276 13 19 0
2439 2275 13 20 0
2477 2276 14 19 0

1903 2297 150 22 Whalebone
2060 2305 5 14 :
2082 2298 44 22 Per
2135 2302 38 18 ton
2183 2314 46 7 ....
2235 2302 27 20 90
2289 2302 14 21 0
2329 2302 14 20 0
2361 2316 5 5 .
2373 2315 6 6 .
2385 2302 26 20 95
2439 2302 13 20 0
2477 2303 13 19 0

1903 2324 82 22 Wine:
2001 2324 90 28 Sherry,
2101 2333 41 19 per
2150 2326 51 28 pipe
2211 2341 18 6 ..
2234 2328 27 21 28
2289 2330 13 19 0
2329 2330 14 19 0
2361 2330 51 19 ..40
2439 2330 12 19 0
2478 2330 12 19 0

2011 2352 73 26 Ditto,
2099 2360 41 19 per
2153 2352 80 23 dozen.
2249 2356 9 20 1
2288 2356 14 21 4
2328 2357 14 20 0
2360 2369 19 6 ..
2397 2356 14 20 2
2438 2356 14 20 0
2477 2357 13 19 0

2013 2378 61 28 Port,
2084 2387 42 20 per
2133 2380 50 28 pipe
2209 2382 51 21 ..28
2288 2383 14 20 0
2328 2383 14 20 0
2359 2382 52 21 ..60
2438 2383 13 20 0
2476 2383 13 20 0

2081 2413 40 21 per
2131 2407 48 22 doz.
2209 2422 20 7 ».
2249 2410 9 20 1
2288 2410 12 20 8
2328 2410 14 20 0
2359 2423 19 6 ..
2397 2410 13 20 2
2437 2410 12 20 8
2475 2410 14 20 0

2012 2432 152 30 Champagne,
2178 2434 56 23 ditto
2248 2437 12 20 2
2288 2436 13 21 5
2329 2438 13 19 0
2360 2450 20 7 ..
2397 2437 13 21 3
2425 2437 26 20 10
2476 2437 13 20 0

1905 2459 120 22 Poultry:
2040 2460 82 28 Fowls,
2128 2468 41 20 per
2175 2462 49 27 pair
2230 2478 5 6 .
2250 2465 13 19 0
2291 2465 13 19 8
2331 2465 14 19 0
2362 2477 21 7 ..
2400 2465 13 19 0
2428 2464 25 20 16
2478 2464 13 19 0

2039 2487 87 27 Ducks,
2136 2488 56 22 ditto
2213 2503 18 7 ..
2249 2491 13 20 0
2278 2491 26 21 16
2330 2492 15 19 0
2362 2504 20 6 ..
2399 2492 13 19 0
2440 2491 13 19 0
2478 2491 13 19 0

2041 2514 81 28 Geese,
2133 2515 56 22 each
2211 2530 6 7 .
2225 2531 5 6 .
2251 2518 9 20 1
2289 2519 14 19 0
2329 2519 14 19 0
2361 2531 6 6 .
2374 2531 6 6 .
2398 2519 13 19 0
2439 2518 12 19 0
2477 2518 13 19 0

2038 2541 111 28 Turkeys,
2160 2542 56 22 each
2251 2545 10 19 1
2291 2546 13 20 0
2331 2545 14 20 0
2362 2558 6 6 .
2375 2558 7 6 .
2400 2545 13 21 0
2440 2545 13 19 0
2478 2545 13 19 0

2040 2568 105 28 Pigeons,
2155 2569 79 28 (wild,)

2067 2602 40 20 per
2115 2596 50 26 pair
2185 2610 46 7 ....
2249 2599 14 19 0
2290 2599 13 20 0
2331 2599 14 19 0
2362 2611 20 7 ..
2400 2599 13 20 0
2439 2598 13 20 2
2479 2599 12 19 0

2039 2622 86 26 Ducks,
2133 2622 36 22 do.
2180 2623 52 22 do..
2249 2625 14 20 0
2290 2625 14 20 5
2331 2626 14 19 0
2363 2639 19 6 ..
2400 2627 13 19 0
2441 2626 12 20 0
2478 2625 13 19 0

1905 2649 62 22 Eggs
1973 2657 5 14 :
1995 2649 44 22 Per
2048 2648 74 23 dozen
2251 2653 14 19 0
2291 2653 15 20 2
2331 2653 83 21 0..0
2441 2653 13 19 0
2479 2653 13 19 0

1907 2703 76 22 Cows:
1998 2702 74 23 Milch
2239 2705 25 21 15
2293 2707 14 20 0
2333 2707 14 20 0
2364 2707 50 20 ..25
2442 2707 13 19 0
2481 2707 14 19 a

1907 2730 95 22 Mares:
2018 2730 76 22 Brood
2236 2733 27 21 50
2291 2735 14 19 0
2331 2734 15 20 0
2363 2734 52 20 ..80
2441 2734 13 20 0
2479 2733 15 20 0

1907 2757 115 23 Working
2040 2758 133 22 Bullocks:
2195 2758 44 22 Per

1933 2784 49 28 pair
2239 2787 28 21 40
2293 2789 14 19 0
2333 2788 15 20 0
2365 2787 51 21 ..60
2443 2788 12 20 0
2481 2787 12 19 0

1908 2811 64 22 Hire
1982 2819 27 14 of
2020 2818 68 16 ditto
2096 2819 5 14 :
2116 2812 43 22 Per
2167 2812 50 29 day,
2226 2820 15 14 a

1935 2842 60 18 team
2004 2839 46 21 and
2057 2838 74 22 driver
2254 2841 10 21 1
2294 2842 14 20 0
2334 2842 15 20 0
2366 2855 19 6 ..
2402 2841 13 21 2
2442 2841 14 20 0
2481 2841 15 19 0.

1909 2865 87 23 Sheep:
2013 2865 62 22 Each
2252 2869 12 20 1
2293 2869 14 21 0
2333 2869 14 20 0
2364 2881 20 7 ..
2403 2869 10 19 1
2442 2869 13 19 8
2481 2868 12 19 0

1908 2892 63 22 Boat
1982 2892 74 22 Hire:
2072 2892 43 22 Per
2120 2893 51 27 day,
2175 2893 66 22 with-

2100 2923 40 19 out
2148 2919 73 23 hands
2230 2936 6 6 .
2251 2922 56 20 010
2333 2923 14 20 0
2365 2935 5 7 .
2378 2935 6 7 .
2403 2923 9 19 1
2443 2923 13 20 0
2481 2922 13 20 0

1891 2956 3 5 i
2163 2958 83 5 —««•«■.

1909 2972 98 23 Wages:
2035 2972 140 29 Mechanics,
2201 2981 40 20 per

2062 2999 63 22 week
2253 3001 14 21 2
2294 3003 15 20 0
2335 3003 14 20 0
2366 3015 20 7 ..
2403 3003 14 20 3
2444 3004 14 20 0
2484 3003 13 19 0

2044 3025 128 24 Labourers
2189 3041 46 7 ....
2253 3029 11 20 1
2281 3029 27 21 10
2334 3029 15 21 0
2366 3043 20 6 ..
2404 3030 11 20 1
2431 3030 26 20 16
2484 3030 12 20 0

161 137 75 21 Land
245 136 43 21 for
303 136 59 20 Sale
377 136 29 20 at
419 134 106 23 Karori.

53 168 91 49 TEN
159 167 95 23 ACRES
269 166 25 22 of
307 165 86 23 Yule's
412 165 109 23 favourite
541 164 90 26 section,

128 193 101 28 together
242 200 25 14 or
282 195 106 30 separate,
405 191 83 27 having
503 198 14 14 a
534 190 99 25 frontage

52 224 56 19 next
122 220 38 22 the
174 219 61 27 road,
251 218 71 23 which
336 218 20 22 is
370 218 90 27 already
469 216 67 23 made
550 219 50 25 past
609 216 23 21 it.

52 247 76 28 Apply
137 249 24 19 to

425 270 44 22 Mr.
485 270 121 21 Brandon.

80 299 99 27 January
190 300 33 25 13,
235 300 59 22 1843.

52 351 86 25 Land,
150 351 53 20 and
217 349 158 22 unselected
388 347 76 21 Land
480 346 97 21 Orders
592 345 43 20 for

176 378 68 23 Sale,
261 382 35 15 on
309 374 97 21 liberal
421 375 92 18 terms.

52 411 69 48 TO
136 411 39 21 BE
190 409 86 25 SOLD,
292 409 30 26 by
336 408 85 27 private
438 408 106 24 contract,
565 404 70 26 single

114 438 95 21 sections
218 443 27 13 on
257 435 35 21 the
304 433 106 28 principal
416 433 55 21 lines
479 433 24 21 in
513 431 36 22 the
559 431 78 21 vallies

51 463 27 22 of
89 463 38 22 the
138 463 58 21 Hutt
205 461 44 23 and
259 461 37 21 the
313 459 122 26 Horokiwi,
447 459 45 21 and
508 465 28 15 on
544 458 38 21 the
592 457 44 21 Po-

50 490 61 22 rirua
120 488 64 23 Road
192 496 6 19 ;
214 488 46 21 also
275 486 77 22 blocks
369 486 25 22 of
404 485 60 27 land,
484 484 26 22 of
521 488 42 18 two
577 484 60 21 hun-

51 516 56 22 dred
125 515 46 21 and
189 515 61 21 three
269 513 103 22 hundred
391 519 63 15 acres
471 510 63 28 each,
553 510 23 22 in
598 509 39 22 the

50 541 128 23 immediate
187 541 93 26 vicinity
290 540 25 21 of
326 539 38 21 the
374 539 69 21 Town
455 538 25 21 of
490 537 147 27 Wellington.

51 567 64 28 Also,
216 567 34 21 for
268 569 94 24 country
370 565 54 22 land
441 564 44 22 still
500 562 136 27 unselected,

50 594 73 22 either
132 594 73 27 singly
216 600 24 14 or
249 593 25 22 in
282 592 50 27 lots,
344 592 46 21 and
399 591 53 22 with
461 598 26 14 or
497 590 93 22 without
599 588 38 22 the

50 621 71 22 Town
130 620 78 26 Acre's,
219 623 21 18 to
250 619 43 21 suit
303 619 137 26 purchasers.

80 647 76 27 Apply
165 649 23 19 to
196 647 40 21 Dr.
247 646 83 26 Evans,
343 644 111 22 Lambton
464 644 73 26 Quay.

53 679 23 21 A
83 678 80 21 liberal
174 677 69 22 credit
252 677 66 27 given
329 679 22 19 to
361 675 136 28 respectable
509 673 129 28 purchasers

142 703 116 28 intending
268 707 21 18 to
300 703 65 22 settle
376 709 57 20 upon
443 701 38 22 the
491 701 60 21 land.

289 755 40 21 To
344 755 58 24 Let,

49 789 93 52 FOR
156 789 54 22 such
221 797 13 14 a
243 792 57 19 term
309 788 27 22 of
341 795 64 21 years
415 795 24 14 as
454 794 54 20 may
517 787 27 21 be
558 785 82 27 agreed

124 824 37 19 on,
173 818 33 21 six
216 823 61 15 acres
294 816 66 25 along
377 815 37 22 the
425 814 45 23 Kai
486 811 151 28 Warra-road,

48 851 33 15 ■on
91 845 88 21 Section
189 844 42 21 No.
242 844 21 25 4,
278 842 24 22 in
316 849 44 16 one
377 848 25 16 or
417 848 62 15 more
494 842 51 22 lots.
573 839 65 27 Also,

52 871 89 22 wanted
160 878 13 14 a
191 873 123 20 contractor
331 870 36 21 for
384 868 103 26 building
506 876 12 14 a
533 866 107 24 weather-

52 897 101 22 boarded
165 897 75 26 house,
259 895 51 23 with
328 896 63 22 brick
410 893 117 30 chimnies,
542 902 29 15 on
591 893 49 22 said

52 925 95 21 section.
176 924 75 28 Apply
260 926 23 19 to

241 955 50 21 Mr.
305 955 154 25 Macdonald,
471 953 46 23 Kai
527 954 84 22 Warra.

78 982 46 22 Kai
134 981 85 28 Warra,
231 981 54 28 July
297 983 19 26 8,
328 983 62 20 1842.

51 1032 40 21 To
108 1032 163 21 Gentlemen
285 1031 146 27 intending
445 1032 28 19 to
489 1032 76 19 enter
579 1031 59 21 into

78 1060 47 20 the
153 1058 142 27 profitable
323 1058 108 26 pursuit
460 1057 32 21 of
518 1057 122 27 Grazing

76 1086 60 21 land
156 1085 135 26 Breeding
309 1084 93 24 Stock,
423 1084 42 21 for
485 1084 89 21 which
595 1084 44 21 the

78 1112 91 21 fertile
188 1112 110 20 Islands
320 1111 30 20 of
367 1111 69 20 New
452 1111 124 21 Zealand
595 1116 44 15 are

76 1145 34 14 so
125 1138 151 26 peculiarly
290 1138 126 26 adapted.

47 1173 51 20 'FT*
102 1172 45 22 HE
156 1171 152 27 undersigned
316 1173 45 26 beg
370 1175 23 18 to
400 1172 83 21 inform
493 1171 58 22 their
555 1171 86 22 friends

60 1193 30 28 JL
124 1199 45 22 and
185 1199 38 21 the
236 1198 75 32 public
328 1199 121 26 generally,
466 1198 50 22 that
532 1198 52 27 they
595 1199 46 21 will

53 1228 101 19 contract
177 1225 35 22 for
230 1224 38 22 the
293 1225 99 28 delivery
417 1225 26 22 of
463 1225 40 22 the
527 1225 115 27 following

54 1252 134 27 description
201 1252 26 21 of
234 1251 73 28 Stock,
314 1253 25 21 in
347 1259 45 21 any
402 1252 52 22 Port
465 1252 26 22 of
504 1251 37 23 the
553 1251 89 23 Islands

48 1279 32 22 •of
85 1279 59 22 New
153 1279 100 22 Zealand
261 1286 5 14 :
268 1289 28 5 —

80 1305 97 22 Horned
192 1305 67 22 cattle
276 1305 125 28 (improved
414 1305 90 26 breeds)
520 1305 26 22 of
557 1305 31 21 all
603 1305 39 22 de-

55 1333 125 31 scriptions,

82 1359 92 26 Horses,
195 1359 57 22 from
274 1359 37 21 the
334 1359 50 21 best
403 1358 95 27 English
518 1358 44 22 and
579 1359 63 21 Arab

53 1386 72 27 studs,
143 1386 92 22 suitable
252 1386 34 21 for
304 1385 84 28 racing,
404 1385 83 28 saddle,
500 1392 25 15 or
535 1385 93 22 harness
635 1394 6 19 ;

54 1413 47 22 and
108 1413 108 27 breeding
225 1420 79 19 mares,

82 1439 60 22 Pure
151 1440 74 21 Saxon
235 1439 45 22 and
290 1439 86 22 merino
386 1446 63 20 ewes,

82 1465 121 23 Half-bred
219 1466 112 22 Leicester
346 1466 45 22 and
406 1466 87 22 merino
512 1473 64 18 ewes,
592 1473 52 20 par-

55 1492 104 28 ticularly
168 1492 95 28 adapted
276 1493 35 21 for
320 1493 44 22 this
374 1496 101 23 country,
487 1500 24 14 as
520 1493 52 27 they
580 1493 63 22 unite

55 1519 84 27 weight
148 1519 26 22 of
179 1526 86 15 carcass
275 1519 52 22 with
337 1519 97 22 fineness
445 1520 25 21 of
477 1519 64 22 wool.

82 1545 49 23 The
154 1545 149 28 undersigned
326 1554 41 14 can
396 1546 167 22 accommodate
591 1554 53 19 pur-

47 1571 99 24 chasers
160 1572 25 22 of
198 1572 58 23 their
266 1572 67 22 Stock
351 1572 52 23 with
420 1573 124 27 extensive,
550 1573 94 27 grazing

54 1606 62 21 runs,
128 1599 76 22 within
215 1601 40 20 100
264 1599 63 22 miles
337 1600 27 21 of
370 1599 43 22 this
423 1599 60 22 Port.

315 1632 36 19 W.
366 1632 27 19 B.
407 1633 97 18 Rhodes
520 1632 42 19 and
577 1634 38 17 Co.

190 1684 87 20 Town
294 1683 31 21 of
337 1684 169 20 Manewatu.

54 1716 95 50 THE
171 1716 212 23 PROPRIETORS
408 1717 27 21 of
458 1717 39 21 the
519 1717 61 22 three
595 1717 49 22 first

145 1743 87 22 choices
248 1747 23 18 at
279 1743 38 23 the
335 1743 43 23 last
393 1744 107 22 selection
511 1745 25 21 of
550 1748 94 24 country

54 1770 71 26 lands,
140 1770 82 27 having
241 1770 138 22 determined
393 1778 61 19 upon
471 1771 39 21 the
525 1771 40 22 site
581 1771 34 22 for
630 1779 14 14 a

68 1804 94 22 TOWN
177 1804 44 22 ON
235 1804 64 22 THE
315 1804 190 23 MANEWATU
520 1805 107 27 RIVER,

51 1835 62 22 .after
116 1837 79 19 several
203 1837 59 19 visits
271 1839 21 18 to
301 1836 38 22 the
348 1836 188 33 neighbourhood,
548 1837 46 21 and
604 1838 40 21 the

49 1865 64 19 3nost
132 1863 84 22 careful
235 1863 45 21 and
297 1863 84 22 minute
400 1864 151 21 examination
567 1864 26 22 of
605 1865 39 21 the

55 1893 74 19 ehtire
144 1890 91 27 district,
250 1889 65 23 aided
331 1889 31 28 by
370 1890 37 22 the
424 1891 146 27 professional
584 1891 58 27 skill,

52 1915 140 28 knowledge,
212 1917 44 21 and
270 1917 132 28 experience
416 1917 26 21 of
452 1917 40 22 the
508 1921 60 18 most
583 1924 62 16 com-

54 1946 79 25 petent
140 1943 87 28 judges,
244 1950 92 21 propose
351 1947 23 18 to
391 1944 52 22 offer
455 1944 34 22 for
507 1944 103 27 disposal,
622 1949 23 18 at

205 1970 37 22 the
256 1973 88 25 present
354 1971 59 26 time,
426 1971 69 21 about

55 2001 219 23 TWENTY-FIVE
308 2002 106 27 ACRES,
454 2002 36 21 IN
529 2002 116 23 ALLOT-

56 2028 113 28 MENTS,
185 2029 85 21 EACH
291 2028 39 21 OF
355 2028 64 21 ONE
439 2029 150 24 QUARTER
604 2029 40 22 OF

273 2055 43 21 AN
332 2055 92 21 ACRE.

81 2090 49 23 The
139 2093 49 26 spot
196 2090 51 22 thus
256 2088 98 24 selected
364 2096 112 21 possesses
485 2088 37 23 the
532 2093 59 19 most
605 2097 40 15 ex-

54 2117 88 23 tensive
155 2118 101 26 frontage
270 2119 22 19 to
310 2117 56 26 deep
377 2119 68 19 water
461 2116 27 22 of
499 2123 44 25 any
558 2124 29 14 on
606 2118 39 21 the

54 2145 66 22 river.
149 2145 22 21 It
188 2145 20 21 is
226 2143 96 23 situated
336 2143 48 28 just
397 2146 23 18 at
436 2143 48 22 that
504 2144 63 27 point
585 2144 59 22 from

118 2170 73 23 •which
201 2178 13 15 a
223 2171 53 21 road
288 2168 72 24 would
369 2169 85 22 branch
465 2169 34 23 off
505 2174 22 18 to
537 2170 39 22 the

43 2206 107 15 'WOODED
174 2206 45 14 AND
242 2204 97 16 FERTILE
360 2204 117 14 DISTRICTS
498 2204 76 15 ALONG
598 2205 46 15 THE

226 2232 56 14 BASE
296 2232 27 14 OF
338 2231 49 17 THE.
398 2231 75 19 HILLS,

55 2252 45 22 and
113 2252 69 22 above
193 2251 73 23 which
275 2250 37 23 the
327 2251 129 25 navigation
470 2251 35 21 for
515 2251 81 21 vessels
605 2251 40 22 be-

49 2286 83 16 comes
141 2279 85 24 tedious,
237 2279 24 25 if
265 2281 36 17 not
311 2278 87 25 difficult
436 2277 23 21 It
465 2277 18 21 is
490 2279 108 21 therefore
605 2278 40 22 the

255 2305 62 28 point
325 2305 73 21 whoro
409 2303 36 22 the

57 2340 90 22 LAND
161 2339 68 23 AND
244 2338 114 23 WATER
372 2338 163 22 CARRIAGE
549 2338 95 23 MEET,

57 2371 45 22 and
111 2371 73 22 where
194 2378 14 15 a
216 2371 69 22 Town
303 2378 60 14 must
378 2378 27 14 be
421 2378 92 14 formed
530 2370 65 22 when
605 2371 40 21 the

57 2398 86 22 district
156 2399 20 21 is
186 2398 87 22 settled.
303 2398 21 21 It
333 2405 44 14 was
388 2397 97 22 selected
501 2397 29 28 by
541 2397 37 23 the
591 2398 54 22 Sur-

56 2425 83 28 veying
148 2425 59 22 Staff
252 2425 37 21 the
298 2425 138 21 rendezvous
443 2424 39 22 for
496 2424 57 22 their
566 2424 63 28 body
638 2433 6 19 ;

57 2452 44 22 and
111 2452 40 22 has
160 2452 57 22 been
227 2459 51 15 now
290 2451 77 28 found,
378 2451 57 22 after
445 2451 87 22 several
548 2453 97 21 months'

55 2478 106 27 location,
172 2482 23 18 to
208 2479 29 22 be
245 2478 38 22 the
292 2482 59 18 most
365 2478 165 27 advantageous
540 2479 104 27 position,

52 2506 63 22 'from
132 2507 26 21 its
172 2505 99 28 peculiar
290 2505 86 28 facility
393 2505 26 22 of
430 2504 111 29 approach
551 2505 54 23 both
616 2506 29 27 by

56 2533 56 22 land
121 2533 46 21 and
174 2537 76 18 water.

86 2560 29 22 In
125 2559 152 23 confirmation
287 2559 27 22 of
320 2559 36 22 the
366 2559 132 28 superiority
509 2559 26 22 of
543 2559 43 22 this
595 2562 52 25 spot

56 2594 55 15 over
120 2594 45 20 any
174 2587 63 21 other
244 2590 39 25 yet
290 2586 91 27 known,
393 2586 38 22 the
440 2586 92 22 Messrs.
541 2586 104 27 Kebbell,

57 2614 59 22 after
134 2613 36 22 the
190 2613 150 23 examination
356 2613 28 22 of
398 2613 37 22 the
454 2613 60 22 river
529 2613 58 22 from
606 2614 39 21 the

57 2640 91 24 Paneiri
158 2641 46 22 Pah
214 2644 23 18 to
246 2641 29 21 its
283 2640 86 27 mouth,
381 2640 140 22 determined
536 2647 27 15 on
575 2644 72 18 erect-

296 2668 39 27 ing
348 2667 57 22 their

57 2702 70 22 SAW
139 2702 80 22 MILL
240 2700 231 23 IMMEDIATELY
487 2700 160 24 OPPOSITE.

57 2734 50 22 The
125 2733 71 24 works
213 2733 25 22 of
254 2733 49 21 that
320 2732 170 22 establishment
508 2740 36 14 are
563 2737 24 18 at
603 2733 44 22 this

52 2764 108 19 >moment
177 2761 24 21 in
215 2760 63 28 rapid
293 2766 107 21 progress,
418 2759 45 22 and
483 2759 35 22 the
537 2761 110 26 proposed

58 2788 72 22 Town
138 2787 44 23 will
192 2786 133 28 necessarily
330 2786 91 27 partake
428 2786 26 22 of
459 2786 45 22 this
513 2785 134 29 advantage.

87 2815 49 23 The
155 2814 92 22 nucleus
261 2813 25 22 of
302 2821 13 14 a
337 2813 65 22 Town
417 2813 25 27 is,
454 2813 24 22 in
492 2813 51 28 fact,
555 2814 94 28 already

50 2841 107 26 -created,
166 2841 30 28 by
205 2841 38 22 the
254 2840 164 22 concentration
433 2841 27 21 of
474 2839 37 23 the
522 2841 127 27 Surveying

60 2869 60 22 Staff
127 2876 28 14 on
165 2868 48 22 that
222 2871 55 24 spot,
288 2874 24 15 as
322 2867 37 22 the
369 2871 74 17 centre
459 2867 28 22 of
496 2868 153 22 communica-

59 2896 49 23 tion
118 2898 23 20 to
151 2895 37 22 the
199 2894 147 27 surrounding
356 2893 96 28 district;
469 2894 39 22 the
517 2895 99 22 erection
626 2895 24 21 of

61 2923 90 22 Messrs.
163 2921 115 23 Kebbell's
293 2922 51 21 Saw
359 2921 64 22 Mills
437 2921 112 31 opposite;
566 2923 30 26 by
610 2922 38 22 the

60 2952 164 25 arrangements
238 2949 35 21 for
287 2956 29 14 an
334 2948 113 22 extensive
459 2948 98 22 General
569 2949 64 22 Store
641 2957 6 20 ;

59 2977 47 22 and
115 2977 30 27 by
152 2976 37 22 the
200 2976 43 22 late
252 2975 133 28 application
392 2976 34 20 for
433 2982 15 14 a
454 2975 109 23 Licensed
570 2976 78 22 House

59 3011 30 14 on
97 3003 39 22 the
144 3006 51 25 part
203 3003 25 21 of
240 3010 29 14 an
278 3001 123 23 individual
415 3001 50 23 who
480 3002 47 27 has,
538 3003 61 21 since
611 3003 38 21 the

57 3031 120 22 formation
196 3030 25 22 of
235 3029 38 22 the
289 3029 92 28 Colony,
396 3029 98 28 pursued
510 3037 13 14 a
541 3029 108 23 lucrative

59 3057 66 22 trade
134 3057 54 22 with
196 3057 38 22 the
243 3056 94 27 natives,
348 3055 45 23 and
403 3055 75 23 whose
488 3056 131 27 knowledge
627 3057 23 22 of

55 3084 44 22 .the
109 3085 135 26 advantages
254 3083 26 22 of
285 3083 38 22 the
334 3083 99 28 position,
441 3083 119 28 prompted
569 3083 47 23 him
626 3087 24 18 at

55 3118 65 15 -once
129 3115 22 18 to
160 3111 73 26 prefer
242 3110 48 22 that
302 3110 142 27 application.

88 3137 49 22 The
146 3137 93 22 Natives
254 3137 29 27 by
292 3136 73 22 whom
381 3136 44 22 this
433 3136 56 22 land
501 3144 43 15 was
555 3137 95 22 claimed

61 3172 40 14 are
110 3164 60 27 quite
179 3163 109 28 prepared
297 3166 22 18 to
328 3163 51 27 give
384 3170 30 21 up
422 3165 131 26 possession,
561 3165 46 21 and
612 3172 38 14 are

61 3191 146 28 exceedingly
217 3191 93 21 anxious
323 3194 23 18 to
360 3190 58 22 have
428 3198 14 14 a
450 3191 121 28 European
579 3199 71 20 popu-

59 3218 72 22 lation
141 3224 81 20 among
232 3217 66 26 them,
309 3217 84 27 having
410 3217 58 22 been
477 3224 59 21 upon
546 3218 38 21 the
593 3222 57 18 most

59 3245 99 27 friendly
163 3245 87 26 footing
260 3243 53 23 with
321 3243 37 23 the
371 3245 126 27 Surveying
506 3245 59 21 Staff
570 3245 80 26 during

57 3271 42 24 the
108 3271 50 22 four
167 3278 26 14 or
200 3271 44 22 five
254 3270 88 22 months
350 3271 54 27 they
424 3271 58 22 have
497 3272 56 21 been
563 3272 87 22 located

55 3299 76 24 there.

89 3326 34 21 As
132 3325 37 22 the
177 3324 138 27 Proprietors
323 3331 95 21 purpose
426 3328 22 18 to
459 3325 87 28 dispose
557 3326 26 21 of
588 3326 43 22 but
640 3333 10 15 a

59 3353 88 22 limited
161 3351 88 27 portion
266 3351 26 21 of
303 3351 38 21 the
355 3353 69 20 Town
440 3355 24 18 at
482 3356 95 24 present,
598 3354 52 26 they

58 3379 82 29 pledge
149 3379 133 21 themselves
290 3377 55 28 that,
356 3381 23 18 at
388 3384 29 15 no
436 3379 74 22 future
520 3379 63 28 sales,
595 3380 55 23 shall

60 3406 40 23 the
111 3406 127 22 allotments
247 3405 28 21 be
284 3408 40 25 put
330 3412 30 20 up
370 3408 23 18 at
403 3413 13 14 a
425 3402 46 25 /ess
481 3413 49 15 sum
539 3406 54 22 than
603 3415 47 15 now

59 3433 95 24 offered.

90 3462 24 22 A
132 3460 132 26 Prospectus
282 3457 47 23 and
347 3458 55 23 Plan
423 3459 26 22 of
463 3459 38 22 the
518 3460 70 22 Town
608 3461 42 22 will

60 3487 89 28 shortly
157 3486 29 23 be
195 3485 69 29 ready
271 3485 35 22 for
315 3485 124 27 inspection
454 3489 24 18 at
490 3486 37 22 the
538 3487 83 23 Offices
631 3488 19 22 of

41 3533 3 6 ,
61 3516 93 21 Messrs.
165 3513 70 22 Waitt
243 3511 46 23 and
297 3512 77 27 Tyser,
384 3512 32 22 Te
426 3513 56 21 Aro.

90 3547 147 27 Wellington.
248 3545 65 23 Araril
323 3547 33 22 22.
368 3547 60 20 1542.

235 3597 69 21 Just,
320 3596 160 25 Published,

63 3632 93 51 THE
180 3629 213 24 WELLINGTON
419 3629 182 24 ALMANACK
619 3632 31 22 for

139 3660 68 21 1843:

296 3691 125 16 CONTENTS.

91 3713 107 22 Weather
221 3711 78 28 Table,
321 3711 77 27 Cycles
419 3709 45 23 and
488 3711 162 24 Astronomical

62 3740 125 27 Numbers,
197 3738 118 27 Calendar,
332 3737 139 23 Gardener's
485 3738 44 22 and
544 3739 106 22 Farmer's

62 3767 118 26 Calendar,
191 3765 185 28 Meteorological
388 3764 71 23 Table
469 3764 34 22 for
520 3767 59 26 1840,
591 3768 59 26 1841,

63 3794 48 23 and
120 3794 61 26 1842,
192 3793 98 28 Eclipses
301 3793 25 22 of
334 3791 37 24 the
381 3792 47 22 Sun
438 3791 48 23 and
502 3791 79 29 Moon,
598 3794 52 22 New

62 3820 103 23 Zealand
181 3820 122 28 Company,
314 3819 55 22 Post
383 3819 71 22 Office
465 3818 146 29 Regulations
621 3821 29 22 for

63 3848 60 21 Ne-w
132 3846 108 28 Zealand,
251 3847 57 22 Civil
325 3845 186 29 Establishment;
524 3846 56 24 Fees
590 3845 60 25 Land

65 3874 92 23 Claims'
182 3873 77 28 Office,
283 3872 56 23 Post
362 3873 101 22 Office—
463 3873 100 23 Colonial
592 3874 58 28 Law,

63 3901 78 24 Police
167 3899 99 24 Office—
266 3901 70 27 Petty,
358 3901 108 27 Sessions,
497 3900 112 29 Holidays
632 3906 18 19 at

64 3927 80 27 Public
155 3927 88 31 Offices,
256 3927 111 26 Discount
374 3927 71 29 Days,

270 3960 80 29 Prkk,
366 3962 30 22 If.
410 3960 37 25 fid.

706 130 244 22 ROWLAND'
959 129 17 21 S
1004 128 193 25 ODONTO,

936 168 38 18 OR,

789 194 104 23 PEARL
917 192 196 27 DENTIFRICE,

652 231 51 47 A
731 230 102 21 WHITE
847 228 134 25 POWDER,
993 227 28 25 of
1033 227 95 20 Oriental
1135 227 71 20 Herbt
1221 224 26 23 of

741 256 37 21 the
798 259 58 18 most
865 254 113 26 delightful
979 254 124 26 fragrance.
1103 264 29 4 —
1133 252 22 22 It
1174 252 70 22 eradi-

663 285 60 19 cates
733 284 78 19 Tartar
820 281 44 22 and
875 281 98 27 decayed
983 281 65 27 Spots
1056 280 57 21 from
1122 279 39 22 the
1173 280 69 25 Teeth,

663 315 112 19 preserves
784 309 37 22 the
831 309 93 25 Enamel,
935 306 43 23 and
988 307 56 21 fixes
1054 305 36 22 the
1100 307 63 20 Teeth
1172 305 72 27 firmly

663 342 24 15 in
694 335 58 22 their
758 336 93 25 sockets,
858 334 121 26 rendering
985 333 61 22 them
1053 334 107 24 delicately
1167 334 77 19 White.

664 361 72 28 Being
758 369 30 14 an
812 360 187 26 Anti-Scorbutic,
1023 360 19 21 it
1065 360 120 21 eradicates
1207 358 38 23 the

664 388 86 27 Scurvy
758 391 58 18 trom
833 388 37 21 the
882 389 68 24 Gums,
964 387 135 26 strengthens,
1113 387 77 25 braces,
1202 385 44 22 and

664 414 90 22 renders
762 414 62 22 them
840 414 26 21 of
876 421 15 15 a
899 413 90 27 healthy
998 414 50 22 red;
1063 414 17 21 it
1088 420 102 15 removes
1202 419 42 15 un-

665 440 99 26 pleasant
783 444 66 18 tastes
863 440 57 22 from
939 440 37 21 the
991 439 85 27 mouth,
1093 439 72 22 which
1186 439 59 21 often

664 468 85 21 remain
759 467 58 21 after
832 466 79 27 fevers,
923 466 77 26 taking
1015 466 117 26 medicine,
1142 466 49 26 &c,
1202 464 45 23 and

665 492 91 28 imparts
765 501 14 14 a
788 494 114 25 delightful
905 494 118 25 fragrance
1033 496 22 18 to
1065 492 37 22 the
1111 491 86 22 breath.

734 527 63 21 Price
807 529 31 19 2s.
849 526 36 22 9d.
896 534 39 20 per
942 527 53 26 box,
1007 525 56 28 duty
1070 524 115 23 included,

733 560 98 21 Notice
832 571 27 4 —
859 560 49 22 The
922 560 73 21 Name
1004 559 47 22 and
1065 558 100 23 Address
1175 559 25 22 of
1211 558 37 23 the

886 586 142 28 Proprietors,

666 619 27 20 A.
713 619 153 20 ROWLAND
882 619 19 27 Sf
916 619 65 24 SON,
996 619 34 26 20,
1049 619 84 20 Hatton
1158 617 89 25 Garden,

914 645 93 21 London.

667 684 37 14 are
715 676 113 27 engraved
837 684 28 15 on
874 677 39 21 the
924 677 149 21 Government
1084 676 83 26 Stamp,
1178 674 71 24 which

666 703 20 22 is
694 703 77 27 pasted
781 710 31 21 pn
823 703 37 22 the
893 703 115 22 Kalydor
1040 702 43 22 and
1122 702 96 22 Odonto

668 729 45 23 also
719 730 93 27 printed,
825 729 24 23 in
864 731 44 26 red,
919 737 28 14 on
964 729 37 22 the
1016 729 108 27 Wrapper
1137 728 25 22 in
1179 727 71 23 which

668 757 36 21 the
716 755 101 28 Kalydor
826 757 19 21 is
854 756 110 23 enclosed.

694 790 110 21 Beware
823 791 29 20 of
865 789 184 22 Counterfeits
1058 788 5 22 !
1070 788 5 21 !
1092 788 119 28 composed
1226 787 28 22 of

668 816 36 21 the
716 820 56 19 most
781 818 124 26 pernicious
915 816 45 22 and
971 815 75 27 trashy
1054 815 142 27 ingredients,
1208 814 43 22 and

668 842 73 23 which
751 850 38 15 are
803 843 126 28 frequently
937 842 91 28 pressed
1043 849 61 21 upon
1112 841 38 22 the
1160 848 91 20 unwary

668 869 72 22 under
749 869 37 22 the
797 870 47 21 lure
855 870 27 21 of
887 870 58 26 being
954 870 70 25 cheap.

689 903 33 21 Be
732 910 49 14 sure
791 906 23 19 to
825 903 39 22 ask
938 903 158 21 Rowland's
1130 901 102 23 Articles.

670 936 51 23 Sold
727 938 30 27 by
764 945 67 19 exery
838 938 129 21 Perfumer
973 937 45 22 and
1026 937 121 22 Medicine
1153 937 99 22 Vender

772 964 136 27 throughout
916 964 37 22 the
964 964 102 22 civilized
1075 963 77 23 world.

692 1014 37 18 The
739 1014 78 18 FIRST
825 1014 189 18 PRODUCTIONS
1023 1015 21 17 in
1058 1014 29 18 the
1096 1014 94 18 WORLD
1197 1014 35 22 for

669 1043 54 21 The
733 1043 105 21 HAIR!
854 1044 56 20 The
920 1042 103 22 SKIN!!
1038 1044 56 20 The
1103 1041 148 23 TEETH!!!

837 1093 249 22 ROWLAND'S

755 1125 287 22 MACASSAR
1078 1126 94 24 Oil.,

800 1166 14 14 A
828 1166 132 14 VEGETABLE
975 1166 151 14 PRODUCTION.

671 1192 91 27 rpHE
772 1192 54 27 only
836 1192 76 22 article
928 1192 48 21 that
986 1192 108 27 produces
1104 1192 44 22 and
1161 1195 93 19 restores

678 1210 29 30 JL
718 1219 93 26 HAIR;
821 1218 46 22 also
873 1218 379 28 WHISKERS,MUSTACHIOS,

671 1245 44 22 and
724 1245 181 22 EYE-BROWS
912 1253 5 19 ;
932 1249 105 24 prevents
1044 1247 57 20 Hair
1108 1246 57 22 from
1176 1246 78 26 falling

671 1272 33 22 off
710 1279 24 14 or
743 1272 90 26 turning
849 1279 54 21 grey
913 1275 22 18 to
951 1272 37 21 the
1005 1272 64 22 latest
1077 1273 78 27 period
1171 1272 26 22 of
1203 1272 50 27 life;

671 1299 95 27 changes
776 1306 54 20 grey
840 1298 51 22 hair
899 1303 23 17 to
931 1300 28 20 its
970 1299 93 27 original
1080 1307 89 14 colour
1169 1310 28 4 —
1198 1300 56 20 frees

670 1326 17 21 it
703 1326 57 21 from
769 1326 64 24 scurf
847 1326 44 21 and
908 1326 77 21 makes
999 1326 17 21 it
1031 1326 131 26 beautifully
1173 1326 80 26 SOFT,

671 1352 111 28 CURLY,
800 1352 44 22 and
863 1352 125 22 GLOSSY.
1016 1352 28 22 In
1056 1353 98 27 dressing
1165 1353 88 27 HAIR,

671 1380 17 21 it
701 1379 68 27 keeps
779 1380 18 21 it
806 1379 50 22 firm
870 1379 24 22 in
906 1380 36 21 the
958 1381 53 23 curl,
1022 1380 117 27 uninjured
1155 1380 31 27 by
1196 1381 60 25 damp

671 1407 96 26 weather,
786 1407 96 20 crowded
896 1413 73 19 rooms,
986 1407 38 21 the
1038 1407 69 23 dance,
1131 1414 24 14 or
1173 1407 24 21 in
1217 1407 37 21 the

672 1434 97 21 exercise
778 1434 26 21 of
809 1434 78 26 riding.
915 1434 32 22 To
956 1435 103 26 Children,
1066 1434 18 22 it
1094 1435 18 21 is
1122 1434 132 27 invaluable,

671 1467 24 15 as
714 1460 18 21 it
745 1460 49 27 lays
813 1467 13 15 a
840 1460 133 23 foundation
991 1461 36 21 for
1045 1468 13 14 a
1077 1460 178 22 BEAUTIFUL

673 1487 89 21 HEAD
778 1487 39 21 OF
834 1488 90 21 HAIR.

699 1521 43 22 ON
757 1521 212 27 PURCHASING,
986 1522 119 26 (Beware
1123 1522 31 21 of
1167 1522 89 20 Coun-

673 1547 105 22 terfeits
788 1548 31 26 !1)
837 1548 41 21 ask
896 1548 33 21 for
974 1548 137 23 Rowland's
1131 1548 127 22 Macassar

675 1574 43 22 Oil
741 1586 27 4 —
770 1574 45 23 and
832 1582 38 15 see
890 1575 48 22 that
953 1575 63 22 those
1036 1575 70 22 words
1121 1582 37 15 are
1177 1582 27 14 on
1219 1574 38 23 the

673 1601 115 28 envelope,
798 1602 52 22 with
860 1602 38 21 the
908 1602 117 27 Signature
1035 1602 42 22 and
1084 1602 106 26 Address,
1199 1602 57 27 thus,

700 1635 28 22 A.
741 1635 161 23 ROWLAND
913 1637 20 21 &
943 1637 67 26 SON,
1021 1637 33 26 20,
1061 1636 87 22 Hatton
1159 1635 97 28 Garden,

939 1663 102 22 London.

772 1696 195 28 Counter-signed,
979 1697 92 22 ALEX.
1087 1696 170 26 ROWLAND.

699 1731 33 21 To
749 1737 79 15 ensure
842 1730 38 22 the
899 1731 94 27 genuine
1008 1731 83 26 article,
1106 1738 37 14 see
1159 1731 48 22 that
1220 1733 39 21 the

673 1757 61 22 word
748 1757 139 21 "Rowland's
904 1759 110 19 Macassar
1032 1759 33 21 Oil
1096 1765 37 15 are
1145 1765 114 19 engraven

672 1792 29 14 on
711 1784 38 22 the
757 1785 59 21 back
828 1785 25 21 of
860 1785 38 21 the
908 1785 108 28 envelope
1033 1785 77 27 nearly
1121 1786 54 21 1500
1185 1785 73 27 times,

673 1812 129 26 containing
811 1813 77 26 29,028
896 1812 76 22 letters
974 1823 26 4 —
1002 1820 105 14 without
1125 1819 53 15 this
1198 1819 61 15 none

674 1846 20 14 IS
709 1846 111 14 GENUINE.

673 1870 63 22 Price
745 1872 32 20 3s.
788 1870 36 22 6d.
832 1879 6 18 ;
851 1870 31 23 75.
890 1879 5 19 ;
911 1871 87 27 Family
1016 1871 90 27 Bottles,
1120 1870 138 28 (containing

699 1898 50 21 four
757 1897 82 27 small,)
847 1899 45 21 10s.
902 1898 42 28 6d.,
957 1898 44 22 and
1011 1898 81 23 double
1104 1898 48 22 that
1162 1898 43 22 size
1212 1900 46 20 21s.

699 1931 40 20 per
747 1924 77 23 bottle.

844 1978 76 21 Meat
942 1979 149 25 Company.

674 2009 91 49 THE
786 2010 237 27 UNDERSIGNED,
1042 2010 83 27 having
1144 2011 56 20 been
1221 2016 39 20 ap-

747 2037 90 27 pointed
854 2037 109 27 Manager
973 2037 26 21 of
1012 2037 37 21 the
1063 2037 62 21 Meat
1136 2037 122 26 Company,

673 2063 54 26 begs
736 2067 23 17 to
769 2071 118 15 announce
897 2064 48 21 that
960 2072 13 13 a
983 2064 87 26 regular
1078 2063 79 28 supply
1167 2063 25 21 of
1200 2063 58 26 beef,

673 2093 94 24 mutton,
789 2091 43 21 and
850 2091 56 27 pork
922 2098 53 19 may
995 2091 80 27 always
1094 2091 27 21 be
1141 2089 120 28 depended

673 2124 61 20 upon
745 2121 24 17 at
779 2117 42 22 this
831 2117 174 22 establishment.

701 2144 32 22 As
757 2143 43 23 this
824 2145 115 27 Company
958 2151 107 20 purposes
1084 2143 78 27 selling
1181 2146 23 19 at
1221 2143 38 22 the

672 2170 78 22 lowest
758 2171 72 27 prices
841 2175 23 17 at
880 2171 71 22 which
960 2173 18 19 it
992 2171 19 21 is
1020 2170 70 22 found
1099 2171 37 21 the
1146 2173 59 19 meat
1219 2176 42 16 can

672 2197 29 22 be
711 2198 107 27 afforded,
829 2198 38 22 the
877 2197 151 28 undersigned
1036 2198 18 21 is
1068 2198 52 26 only
1131 2197 128 22 authorized

673 2228 23 18 to
707 2225 50 26 give
764 2232 52 19 very
823 2225 87 21 limited
919 2225 78 26 credit,
1004 2224 45 22 and
1056 2224 40 22 has
1102 2225 56 20 been
1168 2224 94 22 ordered

673 2254 23 18 to
712 2256 48 23 stop
776 2251 30 22 all
819 2255 105 18 accounts
939 2251 73 22 which
1027 2258 36 15 are
1078 2255 41 17 not
1134 2251 52 28 paid
1200 2257 61 21 upon

673 2278 103 22 demand.

701 2305 46 21 The
757 2305 102 22 business
869 2305 25 21 of
901 2305 38 21 the
950 2305 113 27 Company
1072 2304 20 22 is
1103 2304 85 22 carried
1197 2312 29 14 on
1236 2304 25 22 in

674 2331 57 23 their
746 2340 49 14 new
811 2331 108 28 building,
931 2331 88 22 erected
1037 2333 101 21 between
1157 2331 104 22 France's

673 2359 70 22 Hotel
762 2359 43 22 and
824 2359 38 21 the
877 2359 62 22 -head
957 2359 25 21 of
997 2359 37 21 the
1049 2359 56 27 Bay,
1123 2358 46 22 and
1183 2358 78 28 nearly

674 2386 98 27 opposite
784 2389 22 19 to
816 2386 45 22 Mr.
873 2385 83 28 Lyon's
967 2386 70 21 Store.

947 2419 36 22 W.
998 2420 102 26 Flyger,
1116 2420 117 26 Manager.

703 2446 128 23 November
841 2448 34 22 23,
888 2448 59 21 1842.

917 2498 109 21 Cheese.

674 2532 52 48 A
736 2531 118 22 SUPPLY
864 2531 103 22 received
974 2531 85 28 weekly
1067 2531 25 21 of
1099 2531 57 23 New
1162 2531 101 23 Zealand

754 2558 65 22 made
831 2558 91 27 Cheese,
929 2558 59 22 from
998 2558 37 22 the
1044 2559 139 26 Cowpasture
1191 2559 69 28 dairy,

674 2585 46 22 and
730 2585 33 22 for
772 2585 45 22 sale
827 2589 24 18 at
867 2585 37 22 the
913 2585 108 28 premises
1031 2585 24 22 of
1069 2585 38 22 the
1122 2585 65 23 Meat
1195 2587 67 21 Com-

673 2620 68 21 pany.

957 2639 35 22 W.
1003 2639 101 28 Flyger,
1116 2639 117 28 Manager.

703 2666 159 26 Willis-street,
875 2666 125 22 December
1009 2667 34 26 20,
1054 2668 61 20 1842.

867 2713 84 20 Fresh
967 2712 104 26 Butter,

676 2746 163 49 ALWAYS
856 2753 28 15 on
899 2746 51 22 Sale
965 2750 25 18 at
1005 2746 38 22 the
1053 2747 64 22 Meat
1130 2747 133 28 Company's

756 2773 117 28 premises.

948 2799 37 23 W.
1000 2800 103 28 Flyger,
1117 2801 118 28 Manager.

703 2827 160 27 Willis-street,
875 2827 56 22 Dec.
941 2828 22 25 2,
976 2829 60 25 1842,

678 2872 92 50 THE
792 2874 81 19 Nelson
894 2874 118 20 Examiner
1035 2874 42 21 and
1098 2875 53 20 New
1172 2876 94 20 Zealand

751 2900 112 21 Chronicle
878 2900 127 28 (published
1014 2904 24 19 at
1045 2901 102 27 Nelson,)
1164 2901 19 22 is
1198 2909 67 20 regu-

676 2927 57 28 larly
752 2928 143 22 transmitted
908 2931 24 18 to
948 2927 144 29 Wellington,
1112 2928 45 23 and
1172 2936 52 20 may
1237 2930 27 21 be

676 2954 44 23 had
731 2958 23 19 at
762 2954 39 23 the
811 2955 64 22 office
885 2954 26 22 of
920 2954 46 23 this
974 2962 75 21 paper.

703 2982 48 22 The
762 2983 78 20 Nelson
849 2983 118 20 Examiner
981 2982 46 23 will
1036 2982 27 23 be
1073 2982 70 22 found
1152 2989 30 16 an
1192 2983 74 22 excel-

676 3009 49 22 lent
732 3009 101 22 medium
842 3010 36 21 for
888 3009 139 22 advertisers.

703 3036 80 22 Terms
791 3036 35 22 for
836 3036 38 22 the
883 3044 74 20 paper,
969 3039 37 19 ten
1015 3036 100 28 shillings
1128 3043 41 21 per
1177 3039 89 25 quarter

677 3063 95 29 payable
780 3064 24 21 in
814 3063 109 22 advance.

705 3090 83 22 Orders
811 3091 34 21 for
864 3091 39 21 the
924 3098 69 20 paper
1016 3090 45 22 and
1083 3090 183 22 advertisements

678 3117 103 22 received
791 3119 23 20 at
823 3118 39 21 the
873 3117 71 22 Office
955 3118 25 21 of
991 3117 46 22 this
1044 3124 77 20 paper.

854 3162 110 22 Heifers
978 3163 30 21 in
1022 3163 68 21 Calf.

680 3194 89 49 FOR
783 3194 87 26 SALE,
880 3194 70 22 about
964 3194 27 23 50
1000 3194 101 28 superior
1110 3194 56 23 bred
1178 3194 88 28 heifers,

739 3224 59 19 most
814 3221 26 22 of
851 3220 62 22 them
927 3221 75 27 heavy
1015 3221 23 22 in
1056 3221 50 27 calf,
1125 3222 45 21 and
1184 3222 84 28 having

680 3249 57 21 been
757 3255 60 15 some
833 3247 54 22 time
901 3248 24 21 in
939 3248 38 22 the
997 3248 92 27 Colony,
1106 3252 41 18 not
1161 3248 66 23 liable
1244 3254 24 18 to

680 3276 67 21 suffer
755 3276 58 21 from
822 3274 39 23 the
871 3274 75 23 effects
957 3275 26 22 of
993 3274 38 23 the
1047 3275 62 22 Toot.
1138 3276 47 22 The
1198 3277 70 22 above

681 3302 67 23 cattle
764 3309 43 15 can
821 3302 28 21 be
867 3302 100 27 strongly
978 3302 181 28 recommended,
1178 3310 22 15 as
1214 3303 54 29 they

680 3329 59 22 have
754 3328 58 23 been
829 3328 97 23 selected
940 3329 59 22 from
1014 3328 37 23 the
1068 3335 119 16 numerous
1202 3331 67 22 cattle

681 3356 60 28 ships
750 3355 73 24 which
833 3355 56 22 have
907 3356 88 22 arrived
1009 3356 59 22 here.
1097 3356 76 28 Apply
1186 3360 23 19 to
1223 3358 44 22 Mr.

682 3384 97 26 Revans,
793 3384 87 20 Gazette
889 3382 70 28 office,
971 3390 25 15 or
1005 3386 23 19 to
1038 3382 44 23 Mr.
1094 3383 85 27 Hulke,
1187 3384 82 23 Evans'

681 3410 56 28 Bay.

709 3437 63 27 Also,
782 3436 63 23 three
855 3436 116 23 well-bred
981 3444 71 15 mares
1058 3436 24 23 in
1092 3437 53 28 foal,
1157 3441 22 19 to
1188 3439 82 27 impor-

682 3464 38 23 ted
728 3464 84 22 horses.
823 3468 3 3 '

783 3510 39 20 To
843 3509 172 26 Proprietors
1031 3509 30 22 of
1073 3510 91 21 Stock.

683 3537 51 48 A
758 3536 199 22 GENTLEMAN
977 3535 49 23 who
1044 3536 42 22 has
1105 3536 59 23 been
1183 3538 88 23 several

761 3570 64 21 years
831 3563 25 22 in
867 3563 80 27 charge
958 3563 26 21 of
994 3563 64 23 stock
1067 3563 24 23 in
1101 3563 113 30 England,
1225 3565 45 22 and

684 3589 48 23 who
746 3589 42 23 has
796 3590 60 22 been
875 3597 62 15 more
957 3589 55 23 than
1031 3590 78 23 twelve
1128 3591 97 23 months'
1246 3593 23 22 in

684 3616 80 27 charge
774 3617 27 21 of
817 3624 43 14 one
877 3617 26 21 of
919 3617 39 22 the
975 3617 83 27 largest
1077 3617 81 23 dairies
1173 3618 23 23 in
1218 3619 53 22 Port

684 3643 128 27 Nicholson,
823 3643 42 22 has
875 3643 140 23 determined
1023 3647 25 19 to
1056 3644 106 22 establish
1175 3652 13 15 a
1202 3645 69 29 sheep

684 3670 43 22 and
736 3671 68 21 cattle
812 3670 89 27 station,
911 3670 102 22 between
1025 3671 142 22 Poriruaand
1174 3672 97 29 Wanga-

684 3697 46 27 nui,
750 3697 55 22 with
819 3697 39 21 the
873 3697 112 23 intention
1002 3698 26 22 of
1043 3697 79 28 taking
1139 3699 76 29 sheep,
1225 3701 47 22 and

684 3723 66 23 cattle
760 3731 30 15 on
799 3723 83 28 shares,
893 3731 25 14 or
925 3724 123 27 otherwise,
1059 3732 25 14 as
1091 3732 52 26 may
1151 3726 27 22 be
1187 3728 85 27 agreed

684 3758 66 21 upqn.
753 3777 6 5 #
779 3750 47 23 The
842 3757 50 16 new
901 3750 74 23 North
985 3751 71 27 Road,
1068 3758 50 16 now
1127 3760 32 17 in,
1161 3760 109 22 progress,

683 3774 46 26 will
737 3777 56 28 give'
799 3777 38 22 the
848 3780 58 20 most
913 3777 89 29 perfect
1009 3777 86 30 facility
1112 3779 26 22 of
1149 3782 123 23 communi-

683 3805 81 26 cating,
767 3804 31 28 by
806 3803 57 23 land
871 3804 53 22 with
934 3804 38 22 the
986 3805 93 28 grazing
1091 3805 96 24 districts
1200 3808 25 22 in
1235 3810 37 21 the

683 3831 78 23 above'
777 3831 114 23 indicated
913 3831 115 23 direction.
1075 3832 45 23 For
1142 3834 131 27 particulars

684 3858 69 29 apply,
758 3862 28 18 to'
790 3858 38 22 the
840 3859 88 21 Oastttt
937 3858 72 23 offica.

872 3906 66 20 Just
951 3904 133 23 received.

684 3937 127 51 PLANS
822 3936 40 24 .of
873 3953 2 5 ,
883 3937 39 23 the
944 3937 80 23 Town*
1033 3937 28 23 of
1077 3938 168 25 Wellington*

755 3964 57 22 Plan
834 3963 27 23 of
868 3963 37 23 the
915 3963 109 26 Harbour
1031 3965 27 22 of
1070 3965 54 23 Port
1139 3966 133 25 Nitholson.

1271 126 300 22 HOLLOVTAY'S
1598 125 255 21 OINTMENT.

1378 158 231 26 HOLLOWAY'S
1630 157 114 26 PILLS.

1271 214 312 21 EXTRAORDINARY
1593 213 93 22 CURE
1702 212 29 22 of
1738 218 17 16 a
1764 213 88 22 CASE

1446 240 227 24 ABANDONED,

1273 273 33 22 By
1317 272 97 26 GUY'S,
1425 280 47 14 the
1480 271 254 27 METROPOLITAN,
1746 271 107 23 KING'S

1321 299 150 27 COLLEGE,
1486 306 47 15 and
1546 298 148 22 CHARING
1708 298 92 22 CROSS

1475 325 179 23 HOSPITALS.

1273 358 52 22 This
1340 358 55 22 Fact
1410 365 44 16 was
1470 357 110 23 SWORN
1599 358 40 21 TO
1655 357 44 22 this
1715 357 38 22 Bth
1773 356 44 28 day
1831 357 26 21 of

1300 385 86 26 March,
1395 386 60 24 1842,
1464 385 77 21 before
1552 384 37 21 the
1599 383 70 28 Right
1677 383 132 22 Honorable
1816 383 38 22 the

1301 411 61 22 Lord
1371 411 87 27 Mayor,
1470 414 23 18 at
1501 410 37 22 the
1552 409 193 23 Mansion-house.

1390 444 141 25 Summary
1552 443 31 20 of
1600 442 136 21 Affidavit.

1274 467 52 55 W*
1343 475 33 22 M.
1390 475 136 26 BROOKE,
1541 474 139 27 Messenger,
1699 473 25 21 of
1734 475 19 25 2,
1770 473 86 23 Union-

1369 505 73 23 street,
1451 500 135 27 Southwark,
1594 499 102 26 London,
1706 500 91 21 maketh
1803 500 52 22 oath

1277 527 42 22 and
1329 527 64 27 saith,
1411 528 47 22 that
1472 528 30 22 he
1512 527 52 28 (this
1574 527 122 27 deponent)
1706 533 44 15 was
1760 525 96 23 afflicted

1277 553 49 23 with
1331 555 77 26 fifteen
1417 556 91 25 running
1516 555 67 21 ulcers
1597 560 29 15 on
1643 553 34 21 his
1691 552 40 22 left
1745 559 55 20 arm,
1811 553 45 22 and

1276 580 112 23 ulcerated
1402 588 59 15 sores
1476 581 45 22 and
1536 580 92 23 wounds
1647 586 29 15 on
1691 579 52 21 both
1756 579 55 27 legs,
1822 579 35 22 for

1277 606 71 22 which
1369 608 110 27 deponent
1503 615 41 15 was
1568 605 109 24 admitted
1699 612 28 15 an
1751 603 106 25 out-door

1277 633 85 27 patient
1371 638 24 18 at
1402 635 37 21 the
1454 633 160 29 Metropolitan
1630 632 108 28 Hospital,
1748 633 25 21 in
1783 633 73 26 April,

1279 661 57 24 1841,
1348 660 72 22 which
1429 661 29 21 he
1467 661 117 22 continued
1590 661 35 21 for
1634 659 76 27 nearly
1719 659 49 21 four
1775 659 81 22 weeks.

1278 685 87 23 Unable
1381 691 22 17 to
1418 688 87 21 receive
1520 695 13 15 a
1547 694 52 15 cure
1614 687 68 26 there,
1694 685 37 22 the
1746 685 112 28 deponent

1277 713 79 26 sought
1365 713 66 23 relief
1437 718 22 18 at
1469 714 37 22 the
1517 714 61 22 three
1588 713 113 26 following
1708 712 106 27 hospitals
1823 720 5 14 :
1830 723 28 4 —

1279 739 78 27 King's
1367 740 89 27 College
1466 741 104 26 Hospital
1579 741 24 21 in
1610 741 62 26 May,
1682 739 33 21 for
1717 740 44 26 five
1771 739 73 22 weeks
1850 747 6 19 ;

1280 766 70 27 Guy's
1360 767 103 27 Hospital
1478 768 23 20 in
1512 767 61 27 July,
1584 767 35 21 for
1633 767 34 20 six
1681 766 71 22 weeks
1758 774 6 19 ;
1781 766 44 21 and
1835 769 24 18 at

1280 792 95 28 Charing
1385 793 63 22 Cross
1465 793 101 28 Hospital
1581 796 23 19 at
1618 793 38 22 the
1666 792 42 22 end
1723 793 25 21 of
1761 792 96 27 August,

1279 818 32 22 for
1326 826 62 15 some
1404 819 72 23 weeks
1492 827 74 20 more;
1588 819 73 23 which
1679 819 113 27 deponent
1810 819 47 27 left,

1279 846 66 26 being
1353 846 23 21 in
1386 853 13 14 a
1408 847 34 21 far
1450 854 68 14 worse
1525 846 112 22 condition
1644 846 53 22 than
1703 846 65 21 when
1777 845 29 22 he
1814 845 46 22 had

1280 872 84 27 quitted
1374 873 77 27 Guy's,
1463 873 73 22 where
1551 873 36 21 Sir
1601 873 101 26 Bransby
1712 873 92 26 Cooper,
1815 872 45 22 and

1268 902 1 18 !
1280 898 61 22 other
1350 899 94 22 medical
1459 899 86 22 officers
1555 899 26 21 of
1591 899 37 21 the
1639 898 168 23 establishment
1815 898 45 22 had

1280 924 44 26 told
1334 925 112 28 deponent
1455 926 48 22 that
1513 926 35 22 the
1559 926 55 26 only
1621 926 85 21 chance
1717 926 26 21 of
1747 927 73 24 saving
1828 926 33 20 his

1280 952 37 24 life
1329 959 43 14 was
1386 954 21 19 to
1417 954 40 19 lose
1472 954 33 19 his
1513 959 45 14 arm
1565 955 9 18 /
1602 952 49 22 The
1667 953 111 27 deponent
1787 952 74 22 there-

1280 986 58 20 upon
1346 979 73 22 called
1428 986 59 20 upon
1498 980 39 21 Dr.
1548 978 86 28 Bright,
1647 979 59 21 chief
1712 979 115 27 physician
1839 980 26 20 of

1282 1006 76 27 Guy's,
1374 1006 56 26 who,
1442 1013 30 15 on
1488 1006 96 26 viewing
1599 1006 109 26 deponent
1717 1013 9 13 s
1740 1006 120 26 condition,

1280 1032 77 27 kindly
1366 1032 45 22 and
1420 1032 102 27 liberally
1530 1032 55 27 said,
1680 1033 79 25 utterly
1769 1035 24 18 at
1802 1039 14 14 a
1821 1035 42 18 loss

1280 1060 55 20 what
1345 1061 21 19 to
1375 1060 25 20 do
1407 1060 42 26 for
1458 1066 41 19 you
1505 1061 8 19 I
1527 1060 37 20 but
1573 1061 48 19 here
1633 1060 19 19 is
1663 1060 184 26 half-a-sovereign
1857 1068 3 12 -.

1279 1093 26 20 go
1314 1088 20 19 to
1344 1087 44 20 Mr.
1398 1087 116 26 Holloway,
1526 1087 43 21 and
1574 1089 37 23 try
1618 1087 57 20 what
1691 1087 59 25 effect
1764 1088 34 20 his
1806 1088 56 20 Pills

1281 1115 40 19 and
1331 1115 105 20 Ointment
1451 1115 45 19 will
1505 1115 56 25 have,
1573 1120 23 14 as
1604 1115 16 19 I
1626 1115 50 19 have
1679 1115 123 26 frequently
1814 1116 49 20 wit-

1281 1142 69 20 nessed
1358 1142 35 20 the
1400 1142 117 25 wonderful
1524 1142 71 25 effects
1607 1142 49 25 they
1665 1142 49 20 have
1722 1143 23 19 in
1754 1142 107 26 desperate

1282 1174 60 16 cages.
1372 1170 45 20 You
1426 1175 39 15 can
1475 1170 29 20 let
1512 1176 32 14 me
1552 1176 33 14 see
1593 1175 42 20 you
1757 1169 54 21 This
1820 1176 43 15 un-

1281 1195 128 28 prejudiced
1416 1196 77 24 advice
1502 1204 43 14 was
1552 1196 105 22 followed
1665 1196 27 27 by
1699 1195 38 23 the
1743 1195 118 28 deponent,

1282 1224 43 20 and
1335 1230 13 14 a
1357 1223 85 28 perfect
1458 1230 52 15 cure
1520 1223 93 22 effected
1627 1223 24 21 in
1666 1223 61 21 three
1737 1223 81 25 weeks,
1833 1223 30 27 by

1282 1249 36 22 the
1327 1256 39 16 use
1373 1249 64 22 alone
1447 1251 27 21 of
1480 1250 138 27 Holloway's
1625 1249 52 23 Pills
1688 1249 44 23 and
1738 1249 125 28 Ointment,

1283 1276 55 22 after
1346 1276 50 22 four
1412 1276 112 28 Hospitals
1539 1277 45 21 had
1600 1276 66 22 failed
1678 1277 5 21 !
1692 1277 4 21 !
1705 1277 6 21 !
1740 1276 74 22 When
1823 1276 41 22 Dr.

1283 1302 77 28 Bright
1370 1310 45 14 was
1429 1303 75 23 shown
1518 1304 30 27 by
1559 1303 38 22 the
1614 1304 117 27 deponent,
1742 1303 39 21 the
1795 1303 70 21 result

1284 1330 27 21 of
1315 1329 33 23 his
1358 1329 78 23 advice
1450 1330 46 22 and
1505 1330 92 27 charity,
1609 1329 28 23 he
1653 1330 52 26 said,
1816 1331 49 19 both

1282 1357 112 21 astounded
1408 1358 42 20 and
1463 1357 104 26 delighted
1573 1360 10 18 I
1590 1357 43 26 for
1642 1358 16 19 I
1667 1358 88 25 thought
1765 1359 48 19 that
1821 1358 24 25 if
1851 1357 16 20 I

1283 1390 44 14 ever
1336 1391 42 14 saw
1386 1390 41 20 you
1435 1386 68 25 again,
1511 1385 59 24 alive,
1579 1386 19 19 it
1607 1385 68 20 would
1684 1385 22 19 be
1714 1385 90 20 without
1811 1391 54 19 your

1283 1418 52 15 arm.
1353 1413 16 20 I
1374 1418 40 15 can
1422 1413 48 26 only
1476 1416 98 23 compare'
1577 1413 43 19 this
1627 1418 48 14 cure
1685 1413 20 19 to
1713 1418 14 14 a
1736 1413 73 19 charm
1819 1412 46 21 "/.'/

1311 1447 75 21 Sworn
1395 1449 24 19 at
1425 1446 36 22 the
1470 1446 195 22 Mansion-housed

1338 1474 26 20 of
1369 1474 38 20 the
1414 1474 45 26 city
1468 1474 26 20 of
1500 1472 102 26 London,
1609 1472 44 22 this
1661 1468 9 24 L
1677 1473 52 21 Wm.
1739 1474 128 21 BROOKE.

1338 1500 38 22 Bth
1386 1500 43 28 day
1439 1500 26 21 of
1471 1500 86 26 March,
1569 1500 61 21 1842.
1654 1494 12 37 J

1338 1538 78 24 Before
1421 1543 38 19 me,
1517 1536 85 23 JOHN
1618 1537 92 27 PIRIE,
1727 1538 95 22 Mayor.

1285 1571 35 23 IN
1334 1571 63 22 ALL
1411 1571 102 22 Diseases
1523 1571 26 21 of
1560 1571 38 21 the
1614 1570 66 29 Skin,-
1687 1571 48 22 Bad
1746 1572 65 27 Legs,
1824 1571 44 23 Old

1285 1598 108 27 Wounds,
1402 1598 44 22 and
1454 1598 85 27 Ulcers,
1546 1598 50 22 Bad
1602 1597 94 28 Breasts,
1706 1599 54 21 Sore
1767 1598 100 28 Nipples,

1286 1625 82 28 Stoney
1376 1625 44 22 and
1429 1624 121 23 Ulcerated
1556 1625 102 26 Cancers,
1666 1625 117 28 Tumours,
1792 1626 75 22 Swell-

1285 1651 56 28 ings,
1360 1652 68 26 Gout,
1442 1651 162 27 Rheumatism,
1621 1651 43 22 and
1679 1652 121 27 Lumbago,
1813 1652 55 22 like-

1286 1680 50 20 wise
1345 1678 24 22 in
1380 1686 61 14 cases
1451 1679 26 21 of
1484 1679 57 21 Piles
1548 1686 5 20 ;
1566 1679 38 21 the
1614 1678 59 27 Pills,
1682 1679 23 21 in
1715 1679 31 21 all
1753 1679 38 22 the
1798 1679 70 22 above

1287 1713 67 18 cases,
1364 1705 70 28 ought
1448 1708 23 19 to
1487 1708 26 19 be
1522 1706 56 22 used
1593 1705 54 22 with
1661 1706 36 21 the
1712 1706 123 27 Ointment,
1847 1714 23 14 as

1286 1732 27 29 by
1334 1733 44 21 this
1396 1740 79 14 means
1494 1740 63 14 cures
1575 1732 46 22 will
1639 1733 27 21 be
1681 1732 93 22 effected
1790 1733 53 22 with
1857 1740 13 15 a

1287 1759 66 23 much
1367 1762 88 25 greater
1470 1760 116 27 certainty,
1604 1759 44 21 and
1661 1759 25 22 in
1701 1759 50 22 half
1764 1760 37 22 the
1816 1761 54 21 time

1287 1785 47 23 that
1350 1787 17 21 it
1385 1786 71 22 would
1473 1787 87 27 require
1575 1787 30 27 by
1618 1786 64 27 using
1696 1786 38 22 the
1752 1787 117 21 Ointment

1287 1813 71 22 alone.
1386 1813 47 22 The
1444 1813 116 22 Ointment
1569 1813 19 22 is
1598 1814 82 27 proved
1690 1816 22 19 to
1722 1813 28 22 be
1760 1820 13 14 a
1784 1813 84 22 certain

1286 1840 92 27 remedy
1386 1840 35 22 for
1430 1840 38 22 the
1478 1840 44 22 bite
1533 1841 26 21 of
1566 1839 152 23 moschettoes.

1314 1874 78 26 Burns,
1414 1874 84 26 Scalds,
1515 1873 129 27 Chilblains,
1665 1873 104 28 Chapped
1789 1874 80 22 Hands

1288 1901 44 21 and
1343 1901 59 32 Lips,
1414 1901 46 21 also
1471 1900 98 22 Bunions
1585 1901 45 21 and
1645 1901 45 21 Soft
1701 1901 75 26 Corns,
1788 1901 45 22 will
1842 1902 28 21 be

1287 1928 152 27 immediately
1449 1928 66 22 cured
1525 1928 30 27 by
1565 1928 37 21 the
1613 1935 38 14 use
1661 1928 26 21 of
1696 1928 38 21 the
1744 1928 125 22 Ointment.

1315 1962 70 21 THE
1400 1963 98 20 PILLS
1508 1969 37 15 are
1555 1966 39 17 not
1604 1962 52 27 only
1664 1962 34 21 the
1705 1961 67 22 finest
1778 1962 94 27 remedy

1287 1989 81 20 known
1378 1989 64 19 when
1452 1989 54 19 used
1513 1988 56 20 \vith
1582 1988 38 20 the
1637 1989 122 25 Ointment,
1769 1988 42 21 but
1820 1995 23 14 as
1858 1995 13 14 a

1289 2013 98 23 General
1407 2013 112 22 Medicine
1538 2013 63 22 there
1617 2015 19 20 is
1654 2013 92 27 nothing
1765 2014 66 27 equal
1847 2018 22 18 to

1289 2041 66 21 them.
1385 2040 29 22 In
1424 2047 93 15 nervous
1524 2041 116 21 affections
1651 2040 50 27 they
1710 2040 42 22 will
1764 2040 28 22 be
1802 2041 70 21 found

1289 2067 26 22 of
1321 2066 37 23 the
1367 2070 96 23 greatest
1473 2067 89 21 service.
1591 2067 73 21 These
1680 2066 53 22 Pills
1747 2074 44 19 are,
1809 2067 64 22 with-

1288 2098 39 18 out
1336 2093 125 28 exception,
1472 2093 38 22 the
1526 2094 67 22 finest
1603 2093 91 22 Purifier
1708 2093 26 21 of
1745 2093 39 22 the
1800 2093 72 23 Blood

1289 2128 52 15 ever
1350 2121 137 26 discovered,
1498 2120 44 22 and
1560 2121 110 22 OUGHT
1683 2120 39 22 TO
1737 2120 41 22 BE
1792 2121 80 22 USED

1289 2148 40 21 BY
1344 2148 62 22 ALL
1421 2148 153 22 FEMALES.

1308 2182 80 22 Orders
1397 2182 103 22 received
1509 2185 23 18 at
1541 2182 38 21 the
1615 2182 108 22 Gazette
1760 2182 94 22 Office.

1510 2233 54 20 For
1579 2233 69 20 Sale.

1288 2268 52 48 A
1368 2266 290 23 DWELLING-HOUSE
1685 2274 27 14 on
1737 2267 137 28 Wellington

1367 2293 102 27 Terrace,
1481 2293 96 28 adapted
1586 2293 37 22 for
1631 2300 13 15 a
1653 2293 64 22 small
1726 2294 86 27 family.

1317 2321 43 21 For
1369 2320 137 28 particulars,
1515 2320 94 28 enquire
1619 2323 23 19 at
1651 2321 36 22 the
1698 2321 62 21 Store
1771 2323 27 20 of

1436 2354 32 23 H.
1485 2354 96 23 Taylor
1595 2354 21 23 &
1630 2355 47 27 Co.,
1686 2355 161 23 Willis-street.

1317 2389 111 27 February
1438 2390 21 26 3,
1471 2390 60 21 1843.

1474 2441 36 23 W.
1525 2443 35 21 M.
1576 2442 106 27 SMITH,

1289 2483 57 15 LATE
1357 2483 238 15 SURVEYOR-GENERAL
1605 2483 28 15 TO
1645 2483 43 15 THE
1704 2483 50 15 NEW
1770 2483 104 15 ZEALAND

1524 2509 115 21 COMPANY,

1317 2535 142 26 Surveyor,
1474 2535 210 28 Draughtsman,
1700 2535 55 21 and
1769 2535 78 21 Land

1531 2562 102 26 Agent.

1289 2593 177 27 Tinakori-road,
1478 2592 100 28 January
1591 2594 21 26 4,
1625 2594 59 21 1843.

1539 2645 93 21 Seeds.

1292 2679 71 50 ON
1374 2679 85 28 SALE,
1471 2682 23 19 at
1502 2679 37 22 the
1550 2681 87 20 Gazette
1642 2680 77 28 Office,
1726 2681 24 21 in
1757 2681 120 28 quantities

1369 2710 23 18 to
1399 2707 44 21 suit
1452 2706 138 29 purchasers,
1601 2707 38 22 the
1648 2707 112 28 following
1770 2708 64 22 seeds
1842 2717 5 13 :
1850 2719 27 5 —

1319 2733 63 28 Long
1392 2733 80 22 scarlet
1480 2733 80 28 radish,

1319 2761 73 21 White
1403 2761 73 27 turnip
1485 2761 81 27 radish,

1319 2787 48 23 Red
1376 2787 75 26 turnip
1460 2787 81 28 radish,

1319 2814 133 27 Strasburgh
1461 2814 75 27 onion,

1319 2842 80 22 Brown
1409 2841 96 28 Spanish
1515 2842 75 27 onion,

1320 2869 97 27 Parsnip,

1320 2897 81 21 Curled
1411 2895 94 28 parsley,

1321 2923 73 22 Green
1406 2922 76 22 curled
1494 2923 81 23 endive

1320 2951 107 22 Batavian
1437 2950 87 28 endive,

1279 2970 2 19 1
1320 2977 68 28 Leek,

1320 3005 135 27 Asparagus,

1320 3033 43 21 Sea
1372 3032 53 27 kail,

1322 3059 71 22 Globe
1404 3067 86 20 savoys,

1322 3082 80 27 Curled
1412 3086 91 26 brocoli,

1321 3114 33 21 Re
1356 3111 18 24 J
1379 3113 57 22 solid
1446 3113 73 28 celery
1529 3113 46 23 and
1585 3114 66 21 white
1662 3113 80 28 celery,

1479 3166 115 21 Gazette
1609 3166 87 21 Office.

1296 3200 198 25 STATIONERY
1508 3199 196 24 WHOLESALE
1719 3201 21 22 &
1755 3201 125 23 RETAIL.

1295 3235 88 51 WE
1405 3235 44 27 beg
1471 3237 22 19 to
1517 3242 117 15 announce
1651 3232 38 25 tlie
1711 3236 88 28 arrival,
1823 3237 59 22 from

1390 3262 104 27 Erigland
1494 3278 7 16 2
1512 3262 26 22 of
1546 3262 39 22 the
1600 3262 47 22 first
1655 3266 49 24 part
1713 3263 26 22 of
1748 3271 42 14 our
1804 3267 78 19 exten-

1296 3291 45 21 sive
1351 3289 74 23 orders
1433 3289 26 22 in
1469 3289 43 22 this
1522 3289 143 29 department
1673 3290 25 22 of
1705 3290 109 23 business.
1837 3292 47 22 Our

1296 3317 62 23 stock
1367 3316 91 28 already
1468 3316 92 23 consists
1576 3317 27 22 of
1614 3323 65 21 every
1689 3317 77 22 article
1780 3318 104 28 required

1296 3346 35 21 for
1344 3343 98 27 Schools,
1458 3344 82 27 Banks,
1557 3344 86 26 Courts,
1661 3344 54 22 Law
1730 3344 90 26 Offices,
1839 3346 45 22 and

1297 3371 88 28 Artists,
1397 3372 40 21 &c.
1446 3379 5 19 ;
1467 3371 74 22 whilst
1549 3371 38 22 the
1604 3371 138 22 ornamental
1752 3372 45 21 and
1813 3373 71 21 draw-

1296 3400 38 26 ing
1346 3405 62 15 room
1424 3398 123 28 stationery
1562 3398 41 22 has
1617 3401 40 18 not
1668 3398 58 22 been
1742 3398 141 24 overlooked.

1296 3426 47 24 The
1354 3425 126 23 difficulties
1491 3425 116 27 attending
1616 3425 37 21 the
1663 3425 47 21 first
1717 3426 169 24 establishment

1297 3453 81 27 having
1387 3453 58 22 been
1461 3459 123 21 overcome,
1595 3451 50 33 and_
1651 3459 65 21 every
1731 3453 82 23 arrival
1828 3454 56 22 from

1298 3480 104 27 England
1419 3479 84 27 adding
1518 3479 61 22 fresh
1595 3478 110 24 additions
1719 3483 24 19 to
1759 3487 40 15 our
1813 3480 70 29 stock,

1298 3507 44 25 will
1359 3507 78 22 enable
1451 3514 27 14 us
1486 3509 23 19 to
1525 3506 83 22 reduce
1625 3514 41 15 our
1678 3507 94 28 charges
1782 3514 29 16 on
1827 3512 58 18 most

1298 3535 87 24 articles
1393 3538 24 18 at
1424 3533 59 23 least
1491 3534 27 22 50
1526 3540 41 20 per
1576 3537 59 19 cent.

1325 3561 154 28 Storekeepers
1496 3567 45 15 ana
1559 3560 118 23 wholesale
1694 3560 88 24 dealers
1800 3569 42 15 can
1856 3562 29 23 be

1299 3588 100 30 supplied
1413 3591 23 19 to
1451 3594 45 21 any
1505 3590 85 25 extent,
1608 3587 44 23 and
1668 3595 28 15 on
1712 3589 69 22 term's
1797 3589 89 29 equally

1298 3617 165 26 advantageous
1472 3618 22 18 to
1503 3622 45 19 any
1555 3614 107 23 obtained
1670 3615 23 23 in
1705 3615 97 30 Sydney,

1326 3643 88 23 Ladies'
1424 3641 46 23 and
1479 3641 147 28 gentlemen's
1636 3642 53 22 card
1696 3650 71 21 cases,

1327 3671 63 22 Ditto
1459 3669 35 22 do.
1551 3669 73 22 tinted
1633 3669 44 23 and
1688 3670 119 23 embossed
1813 3670 71 29 cards,

1327 3699 94 27 Sponge,
1432 3695 77 23 wafers
1517 3696 25 22 in
1551 3697 14 21 2
1574 3703 35 15 oz.
1619 3696 74 28 boxes,

1326 3725 80 33 Ebony
1414 3722 124 28 inkstands,
1548 3723 55 23 with
1612 3723 100 28 drawers,

1326 3751 74 24 Broad
1411 3751 44 22 and
1463 3757 86 15 narrow
1559 3757 69 20 green
1636 3751 42 23 silk
1689 3751 87 27 ribbon,

1327 3778 66 24 Brief
1398 3777 46 24 and
1454 3777 57 22 deed
1518 3783 77 22 paper,

1327 3805 73 24 Ruled
1410 3812 69 21 paper
1487 3803 34 23 for
1529 3803 48 23 bill.
1579 3804 77 27 heads.

1327 3833 73 28 Royal
1404 3830 79 29 'Tiand,
1495 3831 83 23 double
1595 3830 61 24 hand
1669 3832 86 27 brown,
1772 3831 45 24 and
1825 3832 63 29 royal

1299 3862 78 21 brown
1386 3859 113 28 wrapping
1507 3866 76 21 paper,

1329 3887 99 27 Ledgers
1437 3885 45 23 and
1491 3888 97 20 account
1597 3885 75 28 booka,
1682 3885 91 24 various
1782 3886 63 28 sizes,

1328 3914 84 23 Pocket
1419 3913 89 28 ledgers
1516 3913 46 22 and
1570 3913 170 23 memorandum
1748 3913 79 28 books,

1328 3941 126 28 Engraved-
1459 3947 56 21 copy
1521 3940 58 28 slips,
1584 3940 47 22 and
1639 3939 76 29 books,

1330 3969 54 23 Best
1392 3967 80 23 Welch
1480 3965 67 25 slates
1562 3967 64 27 large
1633 3967 42 23 and
1684 3967 73 28 small,
