3300 4360
223 198 416 72 Hot
778 198 693 72 Lakes
1610 198 1387 72 Chronicle.

470 440 219 41 -A-ItsTZD
741 438 501 48 TOTJH-ISTS'

486 554 450 93 Circulating
957 560 454 85 throughout
1433 561 127 71 the
1585 564 288 72 Tourist
1919 569 302 77 Resorts
2268 581 82 68 of
2383 583 125 69 the
2553 586 264 76 World.

104 706 62 20 VOL.
182 708 17 17 5.
228 706 40 19 Ko.
284 708 45 18 218.

1278 712 140 24 EOTORUA,
1435 714 58 22 N.Z.,
1509 715 159 24 SATURDAY,
1686 717 154 21 FEBRUARY
1854 721 18 22 G,
1891 721 56 18 1897.

2868 748 250 29 PfiICE—THHEEPEX
3124 759 38 19 CK.

171 846 49 26 Do
233 847 56 25 not
301 846 120 31 Forget

171 893 249 45 CRAIG'S

133 958 164 20 CURIOSITY
313 957 80 19 SHOP
406 957 46 19 and

221 985 142 22 MUSEUM,

152 1026 112 23 Opposite
271 1025 79 19 Grand
357 1024 77 23 Hotel,

112 1070 126 27 PRINCES
248 1069 45 29 ST,
304 1068 169 27 AUCKLAND.

163 1193 138 16 INSUHS
327 1193 94 16 MITH

75 1228 52 16 THE
132 1227 80 17 SOUTH
218 1227 99 15 BRITISH
323 1227 58 15 FIRE
387 1227 15 16 &
410 1227 77 15 MARIN

151 1249 41 16 Coy.
202 1248 29 16 OF
240 1248 57 17 NEW
305 1248 122 17 ZEALAND.

74 1279 76 16 Capital
405 1279 82 18 £1,900,0'

119 1308 95 16 Unlimited
227 1307 74 21 liability
310 1307 18 16 of
335 1307 129 17 Shareholders.

82 1329 50 21 Being
141 1336 7 9 a
159 1329 76 16 Colonial
247 1329 102 15 Institution
363 1329 63 16 Profits
439 1334 29 11 are
480 1329 3 21 i

224 1350 57 16 vested
287 1350 69 20 locally.

74 1372 52 16 Head
141 1371 56 19 Office,
415 1371 67 16 Auckla

73 1393 54 16 Local
135 1395 52 18 agent
364 1392 18 21 J.
393 1392 27 17 W.
428 1392 57 20 Wrigl

74 1460 163 42 ROTORUA
260 1460 91 41 BOOT
373 1460 25 41 &
416 1460 67 41 SHO

224 1525 127 43 DEPOT.

69 1916 21 20 A
109 1916 66 24 Large
194 1916 61 19 Stock
274 1917 21 18 of
313 1917 95 23 German,
425 1915 62 19 Frenc

139 1942 40 19 and
188 1942 92 20 Colonial
290 1942 63 20 Boots
362 1943 76 24 always

231 1970 22 18 in
271 1969 68 19 Stock.

72 2006 70 19 BEST
150 2006 152 19 MATERIAL.
340 2006 68 19 BEST
417 2004 70 21 WOE]

147 2046 158 20 AUCKLAND
316 2046 106 20 PRICES.

67 2124 164 23 Hand-sewn
242 2124 79 24 Boots
330 2131 16 16 a
361 2124 126 30 Specialtj

68 2188 241 48 KUSABS
344 2189 127 46 BRO!

175 2245 218 34 HAHAKXJ

66 2283 75 42 SAW
156 2283 24 42 &
207 2284 152 41 PLANING
381 2284 106 41 MILLS

67 2355 270 23 MOUNTAIN
361 2356 110 22 F2I7VU

224 2391 42 13 THE
278 2391 55 13 OXLY

66 2415 134 20 GENUINE
214 2415 59 19 DRY
290 2415 80 20 LAND
388 2415 54 19 TIM
447 2415 40 19 BE]

169 2445 31 18 IN
211 2446 53 17 THE
276 2446 116 17 MARKET.

66 2492 127 43 MESSRS
212 2492 99 17 KUSABS
328 2492 72 17 BROS.
414 2492 38 21 beg
468 2498 19 11 re

141 2515 100 23 sportfully
247 2516 20 17 to
275 2515 70 18 inform
353 2515 33 18 the
400 2516 66 17 Public
478 2521 9 12 o

64 2538 78 16 Rotorua
151 2538 33 16 and
194 2538 73 21 vicinity
275 2539 40 15 that
323 2539 41 20 they
379 2538 44 16 have
438 2540 49 14 estab

64 2559 56 17 lisbed
128 2565 9 10 a
147 2559 42 21 yard
198 2560 17 15 in
228 2559 127 20 Hinemoa-st.,
365 2561 33 14 and
414 2565 31 10 can
459 2565 28 10 no\

64 2582 63 19 supply
135 2580 29 16 the
172 2580 50 16 finest
230 2581 44 15 class
288 2582 18 14 of
321 2581 84 18 Building
417 2580 70 16 Jlateihi

64 2602 17 15 in
91 2603 28 15 the
128 2601 73 17 Market.
218 2602 18 15 It
244 2602 13 15 is
266 2601 102 23 unequalled
377 2603 16 14 in
403 2601 84 22 durabilir;

64 2624 34 15 and
107 2624 104 20 impervious
219 2625 18 14 to
246 2624 29 15 the
283 2625 68 14 attacks
367 2623 18 16 of
399 2624 49 15 borer
463 2629 24 10 am

64 2645 31 19 dry
107 2647 32 13 rot.
162 2644 52 16 Their
223 2645 82 15 sawmills
315 2650 28 10 are
351 2645 49 15 fitted
412 2645 41 15 with
468 2644 17 16 th

63 2668 45 13 moat
116 2665 69 16 modern
194 2665 99 21 appliances
302 2666 34 15 and
346 2667 29 14 the
383 2667 38 14 firm
434 2666 14 15 is
459 2666 27 15 ahl

63 2691 17 11 to
97 2687 62 20 supply
175 2692 33 15 any
224 2688 81 19 quantity
323 2688 18 14 of
356 2687 38 20 Dry
412 2687 75 19 Jiuildinj

62 2708 82 16 Material
152 2713 22 10 on
183 2709 29 15 the
220 2710 74 14 shortest
302 2709 63 16 notice.

64 2759 140 29 Skirtings,
212 2759 179 28 Architraves,
397 2759 89 23 Mould

99 2794 66 29 ings,
177 2794 52 23 and
239 2794 112 23 Dressed
361 2794 103 24 Timber

128 2834 28 22 of
164 2840 81 22 every
259 2833 167 30 description,

154 2876 109 28 Always
274 2883 33 16 on
317 2876 85 23 Hand.

88 2910 119 23 HENAU
217 2911 108 22 HOUSE
337 2910 130 23 BLOCKS.

82 2958 50 16 Price
140 2958 47 15 Lists
194 2963 21 10 on
225 2958 103 21 application
340 2959 18 14 to

61 2992 225 34 KUSABS
322 2992 151 32 BB.OS

135 3043 117 17 MAMAKU
265 3047 26 13 on
303 3042 114 18 OHATJPO.

188 3080 27 17 Or
223 3081 20 16 at
250 3080 33 17 the
296 3080 69 20 Yards,

83 3114 124 19 HLNEMOA
220 3116 102 19 STREET,
342 3114 128 18 ROTORUA.

168 3163 215 63 BELL,

61 3241 426 33 CARPENTER,

163 3291 105 17 EENTON
284 3291 103 20 STREET,

152 3341 99 18 OrrosiTE
300 3342 81 17 Gkaxd.

81 3376 68 18 Sashes
157 3375 55 18 made
220 3376 20 17 to
249 3376 59 17 order.

81 3422 44 44 G
138 3421 52 18 lia
212 3421 136 43 M°A
359 3421 47 17 Cl
416 3421 53 20 "'

59 3500 122 24 Plumber
198 3499 21 22 &
229 3498 113 23 General
354 3498 130 23 Mechanic

150 3557 130 20 Tutanekai
299 3556 92 21 Street,

105 3671 135 42 HORACE
261 3669 181 42 STEWART,

56 3738 108 20 SADDLE,
179 3736 123 21 HARNESS,
318 3737 53 16 AND
389 3735 98 18 COLLAR

224 3768 99 21 MAKER,

99 3808 179 22 FENTON-ST,
294 3807 152 19 ROTORUA.

56 3873 103 22 Saddles,
176 3871 94 22 Bridles,
286 3871 94 22 Collars,
396 3870 90 22 Chains,

78 3905 56 21 Bits,
142 3904 79 23 Spurs,
229 3902 104 18 Harness
348 3902 67 23 Soap,
423 3902 40 18 &c.

77 3969 118 20 Coachaline,
205 3974 11 11 a
232 3966 115 23 waterproof
362 3966 125 23 preservative

62 4000 21 10 -»r
92 3993 25 17 all
125 3992 56 17 kinds
189 3993 20 16 of
221 3991 78 17 leather.

77 4024 85 21 Axloine,
181 4029 10 10 a
204 4023 72 22 perfect
292 4021 96 17 lubricant
402 4021 30 17 for
446 4026 30 12 car-

57 4049 63 21 riages,
130 4052 98 17 waggons,
238 4047 31 15 &C.

76 4078 73 19 Collars
157 4077 54 18 made
224 4078 21 16 to
257 4081 86 13 measure
356 4080 25 12 on
396 4075 33 17 the
443 4081 33 16 pre-

54 4102 54 18 mises
117 4108 11 10 a
137 4101 101 21 speciality.
277 4097 125 25 Lengthened
414 4099 62 21 experi-

54 4130 43 13 ence
106 4125 19 16 in
134 4123 26 18 all
168 4123 67 18 classes
243 4123 19 17 of
269 4122 94 17 Saddler's
372 4121 58 17 work.
455 4120 32 18 All

54 4148 64 18 orders
127 4146 96 23 promptly
232 4145 90 17 attended
334 4146 26 15 to.

57 4197 77 24 Agent
143 4195 34 19 for
186 4195 28 18 H.
225 4195 27 17 H.
263 4194 112 21 Howden,
390 4192 80 19 Watch-

75 4220 81 18 maker
162 4218 46 18 and
214 4217 111 21 Jeweller,
334 4216 127 19 Hamilton.

533 797 163 132 THE
736 800 536 132 GOVERNMENT
1321 802 533 115 SANATORIUM

824 941 278 50 ROTOROJI.
1148 942 127 44 .NEW
1310 942 275 49 ZEJILJJ.ND.

543 1026 26 43 [>
578 1027 178 18 OTORUA.—This
765 1028 105 20 wonderful
876 1030 74 19 district
957 1031 16 17 is
981 1030 128 23 unparalleled
1118 1030 18 18 in
1145 1031 33 17 the
1186 1031 70 18 known
1265 1032 60 17 world
1334 1033 30 16 for
1372 1032 32 19 the
1413 1033 80 18 number
1500 1035 38 17 and
1546 1036 73 23 variety
1629 1037 21 17 of
1657 1037 25 17 its
1691 1037 87 18 Thermal
1787 1037 85 23 Springs.

559 1054 17 16 \)
600 1051 27 18 As
635 1057 12 12 a
654 1051 67 18 health
727 1052 62 17 resort
795 1051 25 19 its
827 1053 110 24 popularity
944 1054 17 18 is
968 1054 76 23 rapidly
1051 1054 111 23 increasing,
1171 1054 39 18 and
1223 1055 43 17 that
1281 1056 79 21 entirely
1378 1062 24 11 on
1415 1057 24 16 its
1457 1063 42 11 own
1516 1059 70 20 merits,
1604 1065 21 12 as
1642 1060 83 18 hitherto
1742 1061 82 19 nothing
1840 1062 32 18 has

545 1079 33 11 een
587 1074 48 17 done
644 1075 19 16 in
672 1075 32 16 the
713 1080 42 16 way
764 1075 20 16 of
792 1075 121 25 advertising.

554 1097 86 18 Patients
649 1098 90 21 suffering
748 1098 48 17 from
805 1098 85 22 Chronic,
901 1100 99 18 Articular,
1011 1100 37 17 and
1056 1100 97 17 Muscular
1161 1101 129 18 rheumatism.
1300 1101 57 21 Gout,
1368 1102 101 18 Rhumatic
1476 1103 56 21 Gout,
1547 1104 45 19 Skin
1601 1105 85 17 Diseases
1711 1107 80 17 Sciatica
1814 1108 49 16 Liiin-

545 1125 40 9 fl.ori.
606 1120 101 14 Voiirnlori'i
733 1120 85 14 TCnvvnnc
834 1122 67 12 T?vl,.,„
904 1130 5 4 t
914 1124 38 10 +;.„,
977 1123 78 11 TT(.,„.;»,„
1076 1124 82 10 A;i,.,„.,f.
1214 1124 9 10 ,1
1242 1125 7 9 i
1278 1124 5 10 1
1375 1120 4 14 1
1472 1127 8 7 i-
1575 1120 3 14 .
1614 1129 13 5 ~
1787 1120 9 14 ,'

533 1122 53 19 bago,
604 1122 111 22 Neuralgia,
733 1122 85 16 Nervous
834 1122 125 22 Exhaustion,
976 1123 79 17 Uterine
1071 1124 98 19 Ailments,
1188 1124 37 17 and
1242 1124 56 22 tardy
1315 1125 140 18 convalescense
1472 1127 49 17 from
1538 1130 54 15 acute
1609 1129 26 17 dis

531 1142 100 23 obtaining
639 1144 90 16 immense
737 1144 59 21 relief,
806 1145 36 17 and
851 1146 19 18 in
877 1146 32 17 the
919 1146 89 23 majority
1016 1146 21 17 of
1045 1152 50 11 cases
1103 1151 11 13 a
1124 1146 91 23 complete
1224 1153 50 11 cure.

1714 1135 35 17 uay
1767 1130 39 23 rely
1823 1137 49 16 upon

554 1203 52 18 THE
620 1204 111 17 PRIEST'S
740 1204 144 20 BATH.—This
893 1206 15 19 is
917 1207 87 21 strongly
1013 1206 46 19 acid,
1074 1207 111 19 aluminous,
1201 1207 80 23 sulphur
1298 1209 64 19 water,
1381 1210 65 21 acting
1462 1216 19 11 as
1499 1217 10 11 a
1526 1212 92 22 powerful
1636 1212 42 18 skin
1695 1213 97 19 stimulant
1832 1215 40 17 Hot

530 1226 38 17 and
577 1226 42 18 cold
628 1228 87 19 showers,
725 1227 37 18 and
771 1228 80 18 douches
861 1235 30 11 are
900 1229 90 23 provided
998 1230 38 17 and
1044 1230 126 22 comfortably
1178 1231 86 16 enclosed
1274 1231 87 23 dressing
1370 1238 60 12 rooms

554 1250 114 17 MADAME
689 1250 124 19 RACHEL'S
834 1252 144 19 BATH.—This
987 1252 103 19 celebrated
1101 1254 69 21 Spring
1178 1254 16 16 is
1203 1259 10 12 a
1229 1254 63 17 Saline
1307 1257 58 15 water
1378 1256 46 16 with
1441 1256 90 19 Silicates,
1547 1258 36 17 and
1598 1259 33 16 has
1648 1265 23 11 an
1686 1259 81 19 alkaline
1784 1261 81 18 reaction

530 1273 39 16 The
579 1274 58 16 water
645 1273 15 17 is
669 1273 40 18 also
718 1273 45 18 us;d
771 1273 101 25 internally
881 1277 29 16 for
919 1277 23 16 its
952 1276 95 18 beneficial
1056 1277 63 16 action
1128 1282 23 11 on
1160 1277 32 16 the
1201 1277 85 22 kidneys.

554 1296 52 17 THE
627 1296 69 17 BLUE
717 1296 143 19 BATH.—This
876 1299 16 17 is
908 1299 32 17 the
956 1299 71 23 largest
1043 1299 76 18 natural
1136 1300 108 22 swimming
1259 1300 47 18 bath
1321 1301 19 17 in
1356 1301 32 17 the
1404 1301 93 18 Southern
1507 1303 130 24 Hemisphere.
1663 1306 18 16 It
1691 1305 69 19 affords
1769 1306 103 19 rheumatic

529 1319 81 17 invalids
619 1325 11 11 a
639 1325 63 11 means
711 1320 20 16 of
740 1320 68 21 taking
815 1322 81 20 painless
904 1322 86 21 exercise,
1001 1322 60 17 which
1070 1322 46 22 they
1124 1323 68 22 highly
1200 1324 114 21 appreciate.

554 1342 52 17 THE
615 1343 123 17 SULPHUR
747 1343 104 18 VAPOUR
860 1345 144 18 BATH.—This
1010 1345 16 19 is
1030 1351 13 11 a
1048 1345 77 18 natural
1129 1346 34 18 hot
1167 1352 79 17 vapour,
1252 1346 71 23 highly
1328 1347 83 23 charged
1415 1348 47 17 with
1467 1348 80 24 sulphur
1556 1356 59 17 gases,
1629 1351 104 18 conducted
1748 1352 39 18 into
1803 1359 8 11 a
1828 1359 33 14 pro-

529 1364 54 24 perly
592 1366 119 17 constructed
718 1365 57 21 chest,
783 1367 19 16 in
808 1368 60 17 which
874 1367 32 19 the
914 1368 31 18 the
952 1369 71 21 patient
1029 1369 38 19 sits,
1076 1368 55 18 while
1138 1369 80 22 sulphur
1223 1370 18 16 in
1248 1376 23 10 an
1278 1371 114 21 impalpable
1400 1371 47 17 form
1454 1371 15 19 is
1474 1372 59 22 being
1538 1374 107 20 constantly
1651 1375 96 19 deposited
1754 1381 22 12 on
1785 1376 31 17 the
1825 1376 39 18 skin

530 1388 4 31 _
553 1388 53 17 THE
626 1389 60 17 NEW
707 1389 122 18 SULPHUR
848 1392 145 17 BATH.—This
1006 1392 15 17 is
1034 1397 11 12 a
1056 1397 46 17 very
1114 1394 66 20 strong
1193 1393 58 16 acidic
1264 1395 59 15 water
1335 1394 21 17 of
1368 1394 46 22 high
1426 1397 132 21 temperature,
1572 1397 38 17 and
1627 1397 85 22 stronglv
1731 1400 141 18 recommended

529 1416 20 12 in
565 1418 51 11 cases
633 1412 20 18 of
668 1412 124 18 rheumatism
801 1414 36 16 and
845 1414 57 17 allied
910 1415 85 17 diseases.
1020 1415 39 17 The
1067 1415 47 17 bath
1128 1416 59 17 house
1202 1416 16 17 is
1236 1416 75 17 divided
1328 1417 40 17 into
1384 1418 67 17 Ladies
1468 1419 37 16 and
1522 1419 122 20 Gentlemens
1660 1421 129 19 departments
1803 1423 36 17 and
1857 1423 15 17 is

529 1435 78 21 capable
615 1435 20 17 of
644 1435 163 23 accommodating
815 1438 33 16 -100
857 1437 75 17 bathers
941 1438 56 21 daily.

552 1458 101 18 LADIES'
666 1459 60 16 NEW
735 1459 139 18 SWIMMING
886 1461 144 17 BATH.—This
1039 1462 15 17 is
1063 1467 11 12 a
1088 1464 63 15 recent
1163 1468 73 12 annexe
1245 1464 20 16 to
1274 1463 33 17 the
1316 1464 71 17 Rachel
1396 1464 91 18 Pavilion.
1513 1466 20 17 It
1541 1466 15 17 is
1565 1468 22 16 50
1597 1467 38 18 feet
1644 1468 47 17 lon<*
1698 1468 26 20 by
1734 1470 9 10 9
1744 1470 10 16 4
1766 1469 37 17 feet
1817 1470 47 17 wide

528 1481 26 17 its
562 1482 84 20 greatest
655 1481 58 22 depth
722 1482 15 17 is
745 1484 11 15 4
766 1482 38 17 feet
811 1484 37 16 and
856 1484 25 17 its
891 1485 85 21 capacity
985 1485 64 21 25,000
1058 1485 80 22 gallons.
1164 1486 20 16 It
1192 1486 15 17 is
1217 1486 52 17 filled
1282 1486 45 18 with
1337 1492 59 13 water
1404 1487 48 18 from
1462 1488 31 18 the
1503 1489 70 19 Rachel
1583 1491 70 21 Spring
1662 1491 61 18 which
1732 1492 15 16 is
1756 1492 115 19 maintained

529 1508 20 12 at
557 1510 11 10 a
577 1506 126 21 temperature
712 1506 21 16 of
741 1506 22 16 9.S
772 1506 82 21 degrees.

552 1527 54 18 THE
614 1527 163 18 ELECTRICAL
785 1529 251 19 DEPARTMENT.-This
1046 1531 118 22 department
1178 1532 17 18 is
1211 1532 72 23 replete
1299 1533 47 17 with
1359 1533 33 18 the
1408 1535 49 17 most
1471 1535 77 18 modern
1565 1537 107 22 appliances
1690 1538 29 16 for
1735 1538 89 22 carrying
1838 1541 34 16 out

528 1555 76 12 various
612 1552 58 15 forms
679 1553 19 15 ot
708 1552 79 16 medical
795 1552 92 18 electrical
896 1555 100 16 treatment
1005 1554 18 17 in
1034 1554 49 17 their
1093 1555 87 22 entirety.

552 1573 53 17 THE
611 1574 190 18 HYDROPATHIC
808 1576 115 17 PACKING
928 1576 54 18 AND
989 1577 118 17 MASSAGE
1114 1578 225 19 DEPARTMENT.-A
1346 1579 55 18 series
1406 1580 20 17 of
1432 1586 63 12 rooms
1501 1588 31 11 are
1541 1582 98 19 furnished
1648 1583 37 18 and
1693 1585 29 15 set
1728 1586 55 20 apart
1790 1585 29 17 for
1825 1585 46 18 each

528 1601 38 15 sex,
574 1602 19 11 in
600 1599 55 15 order
660 1599 19 15 to
689 1604 53 15 carry
748 1599 34 17 out
790 1599 37 17 this
832 1601 103 20 important
940 1600 80 22 adjunct
1025 1602 19 15 to
1051 1602 107 16 treatment.
1165 1602 39 17 The
1210 1602 79 17 services
1296 1603 20 16 of
1321 1609 10 10 a
1337 1603 88 22 qualified
1431 1604 95 18 Masseuse
1533 1606 36 17 and
1576 1607 84 16 Masseur
1669 1613 31 10 are
1709 1607 114 18 obtainable.

528 1652 91 18 Resident
626 1653 109 22 Engines:
868 1678 16 2 _
1418 1659 91 19 Resident
1516 1661 82 18 Medical
1608 1652 167 32 Superintendent:

599 1675 115 19 CAMTLLE
728 1677 130 21 MALFROY,
869 1679 45 18 Esq.
1495 1684 103 18 ALFRED
1612 1685 119 17 GINDERS,
1746 1687 53 15 M.D.

734 1921 59 24 Two
804 1922 70 23 miles
887 1923 73 30 from
979 1923 122 29 Rotorua,
1123 1923 135 31 adjoining
1272 1924 150 32 interesting
1431 1927 82 23 native
1524 1928 144 24 settlement,

724 1975 344 57 3EYSER
1122 1947 177 91 Mh-
1352 1980 337 56 HOTEL.

1169 2004 130 53 asar

1045 2079 306 28 PATRONS;

667 2117 55 19 Earl
746 2117 26 19 of
793 2117 105 23 Kintore,
925 2118 53 19 Earl
1004 2119 26 19 of
1052 2119 100 23 Onslow,
1174 2120 106 24 Marquis
1301 2121 26 18 of
1346 2121 128 24 Drogheda,
1497 2123 62 18 Lord
1580 2124 146 23 Carrington.

526 2148 88 47 THIS
628 2148 94 20 HOTEL
732 2149 36 19 has
778 2149 88 25 recently
877 2150 50 20 been
937 2151 142 24 considerably
1088 2151 103 24 enlarged,
1202 2153 117 24 renovated,
1331 2154 40 17 and
1381 2154 129 19 refurnished
1520 2156 115 24 regardless
1644 2157 21 18 of
1682 2162 92 20 expanse,
1794 2158 40 19 and
1849 2158 14 19 is

591 2175 74 24 widely
675 2175 74 19 known
760 2175 32 19 for
802 2175 26 19 its
837 2176 97 18 excellent
945 2177 177 24 accommodation,
1134 2177 87 23 Cuisine,
1235 2180 33 17 &c.

901 2210 72 24 Here
985 2220 45 15 are
1043 2212 40 23 the
1097 2212 80 31 Chief
1185 2213 88 31 Sights
1284 2214 33 31 of
1324 2215 40 22 the
1376 2214 118 24 District.

655 2251 47 18 The
711 2251 138 19 Wonderful
859 2252 79 19 Steam
947 2253 46 19 and
1002 2253 49 19 Hot
1059 2253 83 19 Water
1151 2254 130 24 Petrifying
1290 2255 100 23 Geysers
1404 2255 79 24 playing
1495 2257 66 22 nearly
1579 2258 32 16 100
1628 2258 38 17 foot
1682 2258 53 18 hi«h.

524 2273 132 25 Petrifying
665 2274 106 23 Geysers,
781 2275 127 18 Cauldrons
917 2277 26 17 of
950 2276 90 24 Boiling
1049 2277 57 18 Mud
1114 2277 46 18 and
1170 2278 42 18 Oil.
1239 2278 76 23 Spout
1324 2278 66 22 Bath,
1402 2279 35 18 Oil
1446 2279 65 23 Bath,
1521 2280 71 18 Alum
1602 2281 59 18 Bath
1670 2281 21 18 &
1706 2281 78 19 Jack's
1797 2283 66 18 Bath.

524 2297 81 21 Known
615 2298 33 20 for
655 2298 34 19 the
696 2298 153 25 extraordinary
857 2305 56 13 cures
920 2302 20 17 of
951 2300 148 25 Rheumatism,
1109 2300 119 26 Neuralgia,
1240 2301 113 26 Lumbago,
1363 2303 91 23 Sciatica,
1463 2304 87 24 Kidney,
1564 2303 61 21 Liver
1633 2305 40 18 and
1680 2305 58 18 other
1746 2306 117 26 complainte

640 2332 42 47 C.
708 2333 42 45 E.
772 2332 233 52 MLSO.N,

931 2391 102 27 Guide

1468 2339 279 55 Proprietor.

940 2554 39 23 On
1002 2555 41 22 the
1067 2555 90 23 Direct
1180 2556 81 23 Route
1281 2559 24 20 to
1324 2557 118 24 Rotorua-

757 2592 45 19 For
818 2592 106 24 Scenery,
940 2594 109 19 Curative
1061 2595 131 23 Properties
1201 2596 26 18 of
1233 2596 41 19 the
1283 2596 74 19 Baths
1366 2598 45 17 and
1420 2599 201 19 accommodation

665 2624 123 25 EXCEL
818 2624 69 24 ALL
920 2625 139 27 PLACES
1091 2627 46 25 OF
1166 2627 75 26 THE
1275 2628 89 25 KIND
1397 2630 31 25 IN
1460 2629 74 26 THE
1567 2632 161 25 COLONY.

546 2687 66 20 These
623 2688 92 26 Springs,
728 2688 65 19 which
804 2688 31 19 for
845 2688 53 19 their
916 2689 95 20 Curative
1021 2690 117 26 Properties
1148 2692 39 17 and
1198 2691 139 20 Comfortable
1346 2692 96 25 Fittings,
1455 2693 51 19 have
1517 2693 50 20 heen
1585 2696 129 23 pronounced
1730 2696 27 23 by
1773 2697 28 19 all
1816 2698 45 19 who

520 2713 51 19 have
591 2714 74 19 visited
685 2715 56 18 them
758 2719 75 14 second
850 2719 24 13 to
891 2720 54 15 none
961 2721 22 14 in
999 2716 53 19 New
1068 2716 105 20 Zealand.
1201 2718 44 19 The
1258 2724 111 13 numerous
1379 2719 134 19 testimonials
1522 2721 93 19 received
1625 2728 23 12 as
1659 2725 20 15 to
1690 2722 53 19 their
1752 2730 57 12 cures
1820 2724 41 19 and

520 2740 85 18 comfort
616 2740 75 19 should
710 2740 26 19 he
753 2740 98 19 sufficient
869 2742 20 17 to
907 2740 70 21 induce
992 2742 92 20 Tourists
1100 2743 40 19 and
1153 2744 68 18 others
1238 2746 20 17 to
1268 2744 49 19 visit
1328 2744 62 19 them.
1418 2745 33 19 No
1461 2749 58 16 extra
1528 2746 75 26 charge
1614 2748 17 18 is
1641 2749 59 18 made
1710 2749 32 18 for
1751 2749 34 19 the
1796 2756 35 12 use
1841 2751 20 18 of

520 2766 33 18 the
564 2765 61 20 baths
636 2770 20 15 to
666 2773 84 18 persons
760 2766 81 25 staying
851 2768 21 17 at
881 2766 34 19 the
926 2767 60 19 hotel.

838 2813 81 26 THE
945 2799 531 46 OKOROIRE~°SANATORIUM

545 2853 21 19 Is
576 2855 109 18 connected
697 2855 48 18 with
757 2855 34 18 the
801 2853 133 26 Telegraphic
944 2859 75 22 system
1028 2857 23 19 of
1060 2857 34 19 the
1104 2857 82 25 Colony,
1197 2857 34 19 the
1239 2858 116 25 Telegraph
1367 2859 60 19 Ofßce
1437 2860 109 25 adjoining
1555 2861 35 19 the
1601 2862 70 19 Tlotel.
1700 2862 36 20 All
1742 2862 119 24 Telegrams

520 2880 100 24 promptly
631 2881 77 23 replied
719 2884 26 15 to.

545 2905 96 23 Coaches,
653 2906 99 25 Buggies,
764 2906 38 19 and
814 2905 141 25 Conveyances
964 2908 21 18 of
995 2908 26 18 all
1031 2909 62 18 kinds
1110 2909 57 19 leave
1184 2909 42 19 this
1243 2909 64 20 TTotel
1324 2916 25 13 on
1368 2910 109 25 Tuesdays,
1499 2911 123 27 Thursdays,
1641 2913 41 19 and
1701 2914 118 25 Saturdays,
1839 2922 22 13 or

519 2932 54 24 daily
583 2932 16 18 if
611 2933 102 25 required.
756 2933 87 18 Persons
861 2938 25 13 en
905 2937 57 15 route
980 2935 32 18 for
1030 2934 92 20 Rotorua
1136 2942 33 12 are
1188 2935 104 19 therefore
1311 2937 87 19 enabled
1419 2940 18 16 to
1456 2938 48 18 visit
1514 2938 34 19 the
1565 2940 91 18 wonders
1665 2940 23 19 of
1701 2940 102 25 Okoroire,
1815 2930 45 31 'and

519 2958 60 24 enjoy
590 2958 34 19 the
635 2958 90 19 Natural
736 2958 42 19 Hot
788 2958 64 19 Baths
862 2958 39 19 and
910 2965 12 12 a
931 2959 56 25 day's
998 2963 41 16 rest
1048 2961 94 25 previous
1152 2964 19 16 to
1183 2961 139 26 undertaking
1333 2968 12 12 a
1354 2963 87 24 journey
1452 2966 20 16 to
1481 2964 35 19 the
1527 2964 74 20 Lakes.

1075 3009 83 16 THIS
1182 3009 122 17 HOTEL

691 3035 44 18 Has
743 3033 89 25 recently
844 3033 3 30 i
856 3040 36 12 een
904 3036 83 23 erected,
997 3037 40 18 and
1051 3037 17 18 is
1077 3036 77 27 replete
1164 3038 49 19 with
1230 3045 61 17 every
1301 3040 86 17 comfort
1397 3040 31 17 for
1437 3040 92 19 Tourists
1540 3041 38 19 and
1589 3041 99 19 Invalids.

546 3059 187 21 Note.—Tourists
741 3063 23 17 to
773 3059 102 20 Botortia!
904 3060 29 20 Be
943 3068 45 13 sure
1001 3065 21 16 to
1039 3063 47 18 take
1105 3070 50 18 your
1173 3065 85 24 railway
1277 3064 73 19 tickets
1368 3065 32 19 for
1416 3065 113 20 Okouoike.
1568 3067 142 25 Conveyances
1724 3071 53 17 meet
1795 3070 64 18 trains

519 3086 102 23 Okoroire,
633 3088 96 23 carrying
738 3092 120 19 passenger;-
869 3088 19 16 to
900 3086 62 20 Hotel
971 3088 43 19 free
1030 3089 21 18 of
1060 3089 81 24 charge.

1484 3126 256 49 Manager.

1232 3388 14 52 I
1312 3388 164 54 AND
1523 3389 207 58 CO.'S

775 3453 241 41 EXPRESS
1052 3457 135 38 LINE
1222 3457 71 40 OF
1330 3459 264 40 COACHES.

516 3505 229 57 Carrying
764 3505 96 46 Her
884 3505 253 60 JWajesty's
1171 3508 137 47 JWails
1341 3520 51 36 as
1430 3522 83 44 per
1543 3511 309 58 Time-tables,

669 3609 67 23 depart
783 3607 86 22 Tuesday
877 3609 37 17 and
923 3609 95 23 Saturday
1072 3612 10 16 8
1092 3617 43 11 a.m.
1159 3607 3 25 I
1183 3612 85 17 Eotorua

1362 3582 216 20 ROTOEUA-TAUPO
1595 3585 70 17 LINE.

667 3638 60 12 arrive
815 3643 11 8 ~
969 3646 11 7 ~

666 3656 68 22 depart
814 3666 12 7 ~
968 3669 12 7 ~

668 3679 61 17 ai-x-ivo
814 3689 11 7 ~
967 3692 12 6 ~

665 3702 67 21 depart
778 3699 85 23 Monday
880 3701 37 17 and
933 3701 70 24 Friday

1031 3635 51 16 10.30
1092 3640 43 11 a.m.
1183 3636 98 16 Ateamuri
1325 3636 67 22 depart

1030 3658 52 16 10.45
1091 3664 43 11 a.m.
1183 3658 94 18 Wairakei
1324 3659 67 22 depart

1072 3694 9 3 -
1089 3694 7 8 i
1157 3694 3 10 i
1184 3694 46 10 ——**
1230 3694 23 10 x—»

1074 3704 4 22 I
1090 3709 43 11 a.m.
1157 3704 2 22 I
1181 3704 72 22 Taupo,

1028 3726 51 16 12.30
1088 3732 45 16 p.m.
1181 3727 94 17 Wairakei
1326 3728 67 22 depart

1027 3749 51 16 12.45
1087 3754 46 16 p.m.
1181 3749 103 21 Ateamuri,
1327 3751 67 22 depart

1037 3772 42 16 3.15
1087 3777 46 16 p.m.
1180 3773 91 20 Eotorua,
1325 3774 60 17 arrive

1326 3704 66 23 depart
1439 3706 98 22 Thursday
1551 3708 38 17 and
1605 3708 86 21 Monday

680 3824 126 33 Special
818 3824 229 34 Conveyances
1060 3828 157 31 arranged
1230 3827 49 26 for
1292 3829 34 25 at
1336 3829 56 26 the
1405 3829 146 27 Shortest
1563 3830 121 27 Notice.

836 3861 199 28 STABLES:
1054 3863 168 27 Tutanekai
1252 3864 111 32 Street,
1387 3866 141 26 Rotorua.

675 3902 113 33 Buggies,
940 3904 52 32 ai?d
1009 3903 96 28 Saddle
1124 3904 92 33 %r§e§
1232 3913 31 24 oi?
1281 3905 52 32 tyre
1350 3915 31 24 er?
1399 3907 45 32 tf?e
1461 3906 119 34 <§jfys>rtegt
1599 3908 96 33 I^otice.

995 3946 130 16 TER7«TS
1152 3947 217 17 3UCODERKT9.

860 3974 145 31 Telegrams
1016 3974 54 24 and
1079 3975 99 23 Letters
1185 3976 151 31 punctually
1349 3977 117 24 attended
1475 3980 29 22 to.

512 4043 75 25 NB.
623 4040 115 26 Please
751 4038 74 25 note
838 4038 131 26 address

630 4080 61 65 e.
742 4079 471 66 ROBeKTSON
1247 4082 49 64 &
1331 4082 126 66 CO.,
1496 4089 234 48 Rotorua.

840 4160 305 42 contractors
1169 4155 77 47 for
1259 4157 182 47 Messrs
1461 4157 44 45 T.
1528 4158 127 47 Cook
1675 4159 47 46 &
1744 4159 104 47 Son.

1901 825 436 66 GEYSER
2410 837 367 67 HOUSE

1929 941 338 58 Hydropathic
2290 948 158 58 Hotel,
2481 952 265 52 Wairakei.

2092 1025 36 19 Six
2139 1026 58 19 miles
2205 1027 53 20 from
2267 1028 57 20 Lake
2334 1030 70 26 Tnupo
2415 1032 99 24 (Eotoiua
2523 1035 60 25 side.)

2073 1086 180 29 SUPERIOR
2274 1091 332 33 ACCOMMODATION.

2095 1144 52 18 ALL
2158 1145 53 18 THE
2225 1146 133 20 COMFORTS
2371 1149 32 18 OF
2415 1150 17 17 A
2444 1151 76 19 HOME
2533 1154 50 18 FOR

2142 1179 146 22 TOURISTS
2305 1184 65 18 AND
2383 1185 154 22 INVALIDS.

1896 1247 65 25 Hot
1986 1248 189 35 Swimming
2196 1253 110 32 Baths,
2332 1256 183 28 Kiri-o-Kai
2537 1267 35 19 or
2598 1263 78 26 New
2699 1265 80 26 Skin

1972 1289 92 33 Bath,
2077 1291 66 26 Hot
2154 1293 132 27 Douche
2299 1296 110 31 Baths,
2431 1299 109 27 Grand
2562 1303 142 28 Climate.

2013 1331 171 28 Elevation
2205 1335 91 31 1,350
2316 1336 63 28 feet
2391 1340 101 26 above
2505 1348 54 20 sea
2572 1343 90 27 level.

1897 1378 196 25 COMPETENT
2109 1381 120 26 GUIDES
2246 1391 121 21 accompany
2382 1388 83 21 tourists
2481 1392 20 17 to
2518 1391 35 20 the
2574 1394 80 19 various
2676 1395 65 24 places
2760 1397 19 19 of

2027 1411 89 19 interest,
2126 1409 65 19 winch
2204 1410 58 20 baffle
2274 1412 35 18 the-
2319 1416 51 16 most
2380 1414 58 19 facile
2449 1422 45 18 pen,
2506 1418 40 18 aud
2563 1425 37 12 can
2618 1420 48 24 only
2686 1421 23 19 bo
2728 1423 41 18 real-

2026 1434 43 18 ized
2079 1434 59 19 when
2148 1441 53 13 seen.
2653 1434 8 11 J

1897 1497 196 23 CSYSGR
2112 1500 198 26 VHLL6Y
2324 1505 91 19 contains
2431 1506 34 19 the
2483 1507 104 26 following
2605 1511 122 22 unequalled
2735 1512 30 21 Na-

1973 1525 54 17 tural
2047 1525 92 19 wonders
2159 1527 159 25 :—Tuhuatnhi,
2339 1536 22 12 or
2384 1531 62 19 Great
2469 1531 134 29 Champagne
2619 1535 111 26 Cauldron;
2744 1539 35 20 the

1973 1549 63 19 Great
2045 1549 107 22 Wairakei
2160 1552 91 26 Geyser;
2264 1555 35 18 the
2309 1556 85 25 Donkey
2405 1557 79 25 Engine
2492 1548 4 36 ;
2511 1560 35 18 the
2556 1548 53 32 lath
2620 1563 20 18 of
2650 1562 35 21 the
2695 1564 73 20 Fairies-

1972 1574 36 20 the
2026 1574 115 27 Lightning
2155 1578 65 25 Pool;
2234 1580 34 19 the
2285 1581 88 19 Cascade
2389 1581 82 27 Geyser,
2490 1592 21 12 or
2529 1586 102 25 Dragon's
2648 1588 83 25 Mouth;
2745 1590 34 21 the

2151 1604 34 18 the
2198 1605 44 18 Mnr
2262 1607 86 24 Geyser;
2363 1609 35 18 the
2417 1609 51 19 Blue
2486 1604 68 32 Lake;
2565 1613 36 18 the
2617 1614 32 19 Oil
2667 1615 53 19 Bath
2747 1616 32 20 the

1972 1628 65 25 Eagle
2045 1634 9 13 s
2062 1628 62 24 Nest;
2139 1630 34 19 the
2180 1630 79 22 Devil's
2264 1632 72 21 Punch
2345 1628 69 38 Bowl;
2429 1635 35 19 the
2473 1636 72 20 Prince
2553 1639 21 18 of
2583 1639 76 20 Wales'
2668 1641 97 20 Feathers
2774 1628 4 38 ;

1972 1653 35 19 the
2026 1653 85 26 Mirror;
2126 1655 35 20 the
2180 1656 58 21 Twin
2259 1658 87 25 Geyser:
2361 1661 35 18 the
2413 1661 59 20 Coral
2489 1663 88 25 Geyser;
2593 1665 34 19 the
2638 1666 64 20 Green
2718 1668 49 19 Pool

1973 1678 161 22 Terekereheor
2152 1681 50 20 Hell
2221 1683 88 26 Geyser;
2332 1686 35 18 the
2386 1686 67 21 Steam
2473 1687 106 22 Hammer.
2608 1691 83 21 Guide's
2708 1694 33 19 fee
2759 1698 20 16 to

1972 1708 77 21 Geyser
2062 1708 75 24 Valley,
2149 1708 34 30 ss;
2199 1709 89 20 distance
2299 1712 52 18 from
2359 1712 34 19 the
2407 1713 61 25 hotel,
2482 1717 6 16 1
2501 1716 53 19 mile.

2344 1773 39 20 :or
2401 1771 80 21 Ladder
2499 1773 85 26 Rapids.
2621 1776 42 19 The
2680 1778 98 21 Grandest

1972 1798 77 18 xiapms
2060 1798 20 12 in
2092 1798 34 13 the
2137 1798 100 16 southern
2250 1798 145 23 Hemisphere;
2410 1799 73 24 falling
2500 1800 20 18 in
2538 1801 31 19 six
2588 1801 81 21 distinct
2687 1806 91 18 cascades

1972 1820 94 22 amongst
2076 1820 62 17 weird
2149 1820 39 19 and
2200 1821 78 25 rugged
2296 1829 82 19 scenery
2405 1824 95 20 Distance
2519 1827 52 19 from
2591 1828 33 19 the
2641 1829 61 23 hotel,
2722 1831 55 20 three

1972 1846 63 17 miles.
2063 1846 74 18 Saddle
2148 1846 69 19 horses
2227 1851 21 15 to
2257 1848 47 19 visit
2319 1849 34 19 the
2367 1849 78 26 Rapids
2460 1852 21 18 7s
2492 1852 26 18 Cd
2528 1854 54 18 each.

1895 1902 230 24 KGRHPITI
2144 1911 22 12 or
2175 1905 35 19 the
2220 1905 78 21 Devil's
2307 1907 98 26 Trumpet
2423 1909 17 19 is
2459 1910 43 19 said
2521 1914 21 16 to
2561 1913 48 18 emit
2628 1920 12 13 a
2655 1921 93 17 pressuro
2756 1916 22 19 of

1975 1930 68 17 lKOlhs
2053 1930 21 19 of
2084 1934 64 15 steam
2159 1934 21 15 to
2191 1931 34 19 the
2235 1933 53 23 inch,
2300 1934 52 18 from
2363 1941 25 12 an
2406 1939 93 21 aperture
2509 1938 21 18 of
2549 1938 62 19 about
2630 1940 70 20 twelve
2709 1941 68 20 inches

1970 1961 22 12 in
2002 1956 105 19 diameter.
2135 1957 98 20 Distance
2252 1959 19 18 fr
2285 1966 19 12 m
2325 1960 54 19 hotel
2398 1961 57 19 three
2473 1964 41 17 and
2534 1970 12 12 a
2565 1964 45 19 half
2626 1966 68 19 miles:
2708 1968 69 19 saddle

1970 1986 70 14 horses
2050 1985 19 15 to
2077 1984 47 17 visit
2135 1983 34 19 the
2179 1983 71 23 above,
2260 1987 24 17 2s
2293 1986 27 18 Cd
2330 1986 55 19 each.

2229 2045 108 25 ILI_S,
2354 2044 35 20 the
2407 2045 99 22 Grandest
2524 2048 57 20 Falls
2589 2049 21 19 in
2629 2051 34 18 the
2681 2052 94 20 southern

2138 2082 41 6 ~..~
2189 2082 9 6 ..
2207 2069 38 20 „ds
2255 2077 45 18 may
2314 2072 23 17 be
2347 2071 73 19 visited
2429 2079 26 12 on
2464 2073 34 19 the
2511 2081 54 12 same
2584 2077 115 23 expedition
2709 2084 21 12 as
2742 2078 33 20 the

1972 2095 59 16 Hcvil
2041 2100 9 10 s
2062 2095 102 24 Jrumpet.
2194 2095 96 20 Distance
2300 2097 52 18 from
2363 2097 55 19 hotel
2427 2098 57 19 three
2495 2100 39 19 and
2545 2108 12 11 a
2573 2102 44 18 half
2626 2103 67 22 miles;
2707 2104 68 19 saddlo

1968 2123 59 14 horse
2038 2119 102 26 or.buggy
2152 2122 21 18 2s
2184 2121 25 19 Gd
2224 2122 57 19 each.

2398 2225 12 5 .
2446 2185 326 54 Proprietress.

2089 2324 59 26 Hot
2176 2326 95 26 Lakes
2291 2328 33 24 of
2341 2327 70 25 New
2429 2328 144 26 Zealand.

2025 2588 28 18 IS
2065 2589 23 17 A
2100 2589 193 21 FIRST-CLASS
2306 2592 204 21 TEMPERANCE
2524 2595 107 19 HOTEL.

1975 2655 235 25 HINGMOH
2227 2659 198 25 STREET,
2445 2660 238 24 ROTORUR.

1885 2719 83 31 rpiIIS
1981 2719 60 19 NEW
2053 2720 54 18 AND
2120 2721 190 18 COMFORTABLE
2323 2722 215 19 ESTABLISHMENT
2547 2724 16 18 is
2571 2724 82 18 situated
2661 2725 20 17 in
2689 2724 32 18 the
2729 2730 38 11 new

1891 2740 21 21 X
1947 2742 123 24 township.of
2077 2743 91 23 Botorua,
2179 2744 48 19 close
2235 2745 21 18 to
2263 2745 34 18 the
2305 2745 127 19 Government
2447 2746 120 19 Sanatorium
2580 2748 37 17 and
2630 2749 65 19 Baths,
2710 2747 57 17 which

2204 2768 91 22 comprise
2304 2769 32 16 the
2345 2769 104 17 celebrated

1883 2793 93 19 Priest's
1985 2794 65 23 Bath,
2062 2795 107 18 Madame
2179 2796 86 18 Rachel
2274 2796 78 22 Baths,
2364 2797 138 19 Chameleon
2512 2799 95 18 Douche
2616 2799 65 22 Bath,
2697 2799 70 23 Large

1954 2817 56 19 Blue
2020 2818 136 23 Swimming
2164 2819 67 22 Bath,
2248 2820 102 22 Sulphur
2363 2820 94 23 Vapour
2466 2821 60 18 Bath
2535 2822 46 18 and
2590 2822 110 19 Galvanic

2239 2843 97 23 Battery
2345 2843 66 22 Bath,

1883 2864 69 17 OYER
2071 2865 86 17 LARGE
2175 2865 117 18 BATIUXG
2309 2866 139 19 PAVILIONS
2469 2868 72 17 HAVE
2562 2868 70 18 BEEN
2651 2869 116 17 ERECTED

1987 2887 45 18 with
2042 2893 100 12 numerous
2152 2888 90 24 Dressing
2259 2890 75 19 Rooms,
2344 2891 35 16 etc.
2404 2890 75 17 Besides
2488 2891 52 17 these
2549 2891 53 17 there
2610 2892 15 16 is
2634 2892 31 17 the

1882 2909 134 19 Pain-killer
2028 2910 65 23 Bath,
2109 2911 133 23 Coffee-pot,
2259 2912 130 18 Cameron's
2403 2913 46 18 and
2463 2913 129 19 Hinemaru
2606 2914 72 19 Baths
2691 2914 23 18 in
2729 2914 38 18 the

2185 2935 150 18 Sanatorium
2352 2936 113 19 Grounds.

1882 2977 113 19 Bathgate
2015 2978 72 18 llouse
2104 2978 37 19 has
2157 2978 52 20 been
2229 2980 80 24 greatly
2326 2980 96 24 enlarged
2437 2980 32 20 for
2484 2981 93 20 Tourists
2594 2989 22 12 as
2636 2981 45 20 well
2697 2989 21 12 as
2737 2982 30 19 fur

2116 3005 73 24 people
2202 3005 73 25 talcing
2286 3013 11 11 a
2307 3012 69 13 course
2386 3007 21 18 of
2416 3006 34 19 the
2461 3007 71 19 liaths.

2136 3039 132 19 TERMS
2289 3041 229 21 MODERATE.

2057 3100 53 35 S.
2157 3101 53 35 T.
2264 3103 180 36 BRe
2469 3105 121 37 NT,

2203 3147 241 18 PROPRIETOR.

2209 3175 75 19 Brent's
2293 3177 24 17 do
2326 3183 19 11 so
2354 3179 27 16 tin

2218 3199 88 20 previous
2315 3201 65 18 custon

2422 3180 15 19 ;h
2446 3180 33 17 the
2493 3180 46 18 hind
2553 3188 74 12 reconm

2801 809 213 50 IMPERIAL
3069 821 142 49 HOTEL,

2841 866 30 21 p
2872 867 90 24 ORT
2987 872 190 27 STREET.

2932 907 156 24 AUCKLAND.

2816 1030 179 33 High-class
3013 1036 107 28 Wines
3141 1043 62 25 and

2908 1065 112 32 Spirits
3033 1070 80 33 kept.

2844 1143 39 25 W.
2918 1145 29 25 H.
2977 1148 48 24 PE
3041 1150 89 26 ARC
3148 1153 26 29 E,

2923 1182 174 34 Proprietor.

2927 1311 18 24 -l
2953 1311 147 33 axJLXxUjB.,

2803 1348 35 25 (In
2846 1349 35 20 the
2893 1352 96 24 premises
3005 1353 59 28 lately
3086 1358 91 23 occupied
3195 1360 24 19 h\

2906 1377 26 18 H.
2944 1377 32 20 W.
2987 1378 132 30 Neighbour.)

2820 1408 80 20 MAIN
2913 1411 88 24 ROAD,
3015 1414 188 24 OHINEMUTU.

2804 1457 38 20 Tl
2850 1457 193 25 ESPECTFULLY
3052 1464 46 20 calls
3107 1466 33 20 the
3157 1470 62 18 atten*

2810 1484 37 20 LL
2876 1487 40 17 tioii
2926 1487 21 17 of
2956 1486 104 23 Residents
3068 1492 19 18 to
3095 1492 30 18 his
3133 1500 40 13 uow
3182 1496 37 17 ami

2801 1510 68 19 varied
2879 1511 54 19 stock
2948 1513 20 18 of

2803 1543 121 25 SPRING
2934 1546 21 23 &
2967 1546 135 28 SUMMER
3114 1552 105 26 GOODS.

2815 1611 66 20 Styi/f.
2895 1614 15 18 &
2918 1614 90 20 Perfect
3019 1617 181 19 FitGt:.\ihvtvitt»

2835 1666 22 25 J.
2879 1666 29 26 H.
2930 1668 256 38 BUCHANAN,

2873 1715 93 27 Stone
2979 1718 167 30 Merchant

2891 1762 171 22 ESTABLISHED
3079 1768 48 18 1892.

2822 1810 115 24 Statuary,
2965 1812 155 23 Monumental
3151 1819 45 19 and

2914 1835 94 19 General
3017 1837 86 21 Mason.

2799 1868 105 19 MARBLE
2914 1870 12 17 &
2934 1870 143 21 FREESTONE
3086 1875 133 20 CHLMNETi

2822 1892 95 21 PIECES,
2933 1894 122 23 MANTELS,
3070 1897 81 23 VASES,
3162 1901 30 18 &c.
3216 1892 3 28 '

2827 1926 134 27 VICTORIA
2979 1929 114 28 STREET
3109 1914 83 45 EASt'

2801 1964 414 45 KUCKLSND,

2824 2026 87 25 Designs
2928 2028 39 19 and
2984 2029 64 20 Prices
3067 2030 109 23 forwarded
3194 2037 21 16 to

2799 2058 38 18 any
2846 2056 45 21 part
2901 2054 20 18 of
2930 2054 33 19 the
2973 2054 94 21 Province
3077 2063 22 13 or
3105 2057 74 28 Colony
3190 2066 25 13 on

2799 2077 125 26 application.

2846 2135 158 47 Steele
3027 2139 133 48 Bros.

2808 2233 184 42 MARAEROA
3036 2237 165 44 SAWMILL,

2797 2316 128 43 DESIRE
2933 2319 24 18 to
2966 2319 72 18 thank
3047 2320 38 18 the
3093 2322 75 21 public
3177 2323 35 19 for

2861 2342 51 21 past
2927 2341 75 18 favors
3016 2343 44 18 and
3074 2343 40 21 beg
3114 2341 2 23 l
3135 2346 24 17 to
3174 2351 26 13 an-

2797 2368 86 13 nounce
2892 2364 49 18 that
2950 2364 83 24 having
3041 2371 13 12 a
3068 2366 61 24 large
3142 2370 68 17 stock

2797 2385 22 18 of
2829 2387 169 19 well-seasoned
3006 2388 115 21 first-class
3130 2391 81 19 timber

2797 2414 25 13 on
2832 2410 60 18 hand
2900 2410 55 23 they
2963 2416 37 13 are
3010 2413 105 21 prepared
3123 2414 23 18 to
3154 2415 56 18 fulfil

2797 2432 74 18 orders
2879 2434 24 17 at
2912 2434 96 18 reduced
3017 2436 65 18 rates.

2797 2500 47 42 T.
2883 2498 61 45 M.
2982 2501 47 42 II

3034 2502 108 22 AIiIUSOX,
3157 2504 44 18 B.A.

2827 2562 138 18 BARRISTEK
2979 2563 50 18 AND
3039 2564 133 24 SOLICITOR,

2805 2603 37 19 lis,
2864 2601 94 19 Victoria
2977 2603 85 22 Aecade,
3082 2605 112 18 Auckland,

2798 2680 84 18 3arristcr
2894 2681 34 17 and
2944 2681 83 17 Solicitor
3040 2683 19 15 of
3074 2683 30 17 tli«>
3120 2683 81 24 Suprcmi

2883 2704 61 20 Court,
2951 2704 80 21 Ontario,
3039 2705 77 19 Canada.

2800 2938 62 13 josses
2871 2935 50 16 Paid
3089 2935 119 23 £20,000,000

2799 2965 40 17 •'ire
2852 2965 95 17 Premium
2963 2965 90 17 Exceeds
3101 2966 107 23 £1,100,000

2799 3000 39 13 LCCL
2839 2996 2 24 T
2842 2996 164 17 ML-i,ATEi)Fr.\i)s
3012 2997 80 17 Exceed
3100 2998 107 22 £1,000,000

2857 3035 36 18 W.
2916 3035 91 18 WARD
3024 3036 107 23 BAKER,

2821 3074 94 19 District
2924 3074 112 23 Manager,
3046 3076 125 19 Auckland.

2872 3114 37 19 W.
2923 3114 26 18 A.
2963 3114 159 23 WILLIAMS,

2846 3154 69 18 Local
2934 3154 82 22 Agent,
3043 3154 104 20 Rotorua.

2840 3211 107 39 DAVID
2977 3198 175 60 SHERRIFF^

2871 3285 110 19 FAMILY
2997 3285 133 25 BU'ICIIEK,

2839 3335 79 18 Abawa
2941 3335 88 21 Street,
3052 3335 103 20 Eotouua.

2811 3382 23 19 Is
2851 3389 44 12 now
2914 3382 92 24 carrying
3024 3389 24 12 on
3066 3384 34 18 the
3115 3384 91 19 business

2797 3417 49 24 ately
2867 3416 108 20 conducted
2994 3417 26 23 l>y
3037 3416 72 20 Messrs
3126 3417 79 21 JecJclin

2799 3450 26 19 nd
2836 3450 73 23 Cotter,
2921 3450 38 18 and
2969 3450 16 18 is
2996 3450 95 25 prepared
3101 3455 18 14 to
3133 3452 63 25 supply-

2797 3484 22 19 he
2829 3485 68 24 public
2907 3485 45 18 witli
2964 3485 61 23 prime
3033 3484 76 25 quality
3119 3486 21 18 of
3152 3488 53 17 meat

2798 3519 26 18 nd
2833 3519 57 18 small
2900 3519 61 24 goods

2855 3561 36 19 AT
2904 3561 114 19 LOWEST
3031 3561 102 20 PRICES.

2810 3624 169 23 WYNYARD
2992 3624 181 28 &PURCHAS,

2843 3676 125 18 Barristers
2975 3680 41 14 and
3025 3674 116 23 Solicitors,

2802 3730 56 18 .N.Z.
2867 3729 115 23 Chambers,
2991 3729 97 22 QueeuSt,
3096 3728 101 20 Auckland

2801 3824 61 22 TrE
2874 3824 51 19 have
2935 3830 70 18 money
3013 3827 18 14 to
3041 3822 44 18 lend
3097 3829 22 11 on
3137 3822 49 20 Mort-

2801 3855 5 10 '
2818 3857 6 7 »
2871 3856 51 18 ga;re
2932 3850 20 18 of
2967 3847 92 21 Freehold
3073 3848 39 18 and
3126 3848 62 19 Lefise-

2801 3874 27 20 )ld
2839 3879 92 21 property
2941 3878 21 16 at
2972 3876 73 18 current
3054 3878 57 14 rates.

2798 3932 10 14 A
2825 3930 152 20 TJCKLANP
2989 3928 208 19 ADVERTI.vXi.

2811 3955 13 19 L
2933 3951 103 20 AGENCY,

2980 3981 13 17 E,
3008 3977 69 19 Quees
3094 3979 36 17 Sri:

2834 4029 115 21 AdverffemS
2954 4031 18 12 *°
2982 4025 24 17 "'*
3050 4026 86 19 branches

2802 4058 30 15 2W,
2846 4053 71 20 Unique
2933 4048 35 18 and
2982 4048 82 18 Tasteful
3080 4050 75 19 Adverti
3169 4054 27 16 '.-.._

2944 4070 88 18 Medium.

2803 4099 66 16 Orders
2878 4097 45 16 from
2932 4094 24 17 all
2965 4097 50 18 parts
3024 4095 88 18 attended
3121 4098 19 17 to
3157 4103 11 12 w
3176 4099 9 17 il
3192 4094 2 22 i

2797 4127 25 11 ire
2831 4120 34 19 and
2872 4116 110 24 expedition.

2798 4167 47 18 rOB
2869 4163 139 20 PRINTING
3030 4166 22 17 of
3075 4174 27 10 ev.

2798 4187 5 18 I
2836 4190 83 25 cription
2931 4190 96 18 executed
3045 4192 45 18 with
3112 4200 9 12 u

2799 4218 18 18 id
2826 4215 93 24 despatch
2931 4219 19 15 at
2964 4216 32 19 the
3008 4216 96 21 Cheonici

1970 3305 230 49 ROBERT
2231 3310 254 50 FURJJESS
2517 3314 46 47 &
2595 3315 82 51 Co.,

1915 3406 380 31 MANUFACTURERS
2332 3413 111 25 AND
2479 3415 250 33 IMPORTERS,

2069 3500 183 36 FORT
2287 3503 289 36 STR96T.

2012 3626 160 26 ROTORTJA.

1896 3849 49 23 (One
1952 3850 88 17 minute's
2049 3850 49 17 walk
2107 3851 49 17 from
2162 3852 32 17 the
2201 3852 73 19 Govern-

2025 3874 52 16 ment
2084 3874 77 19 Baths.)

1992 3969 189 24 Teß7wrS:

1898 4011 46 23 35s
1952 4018 46 23 per
2016 4012 87 28 week;
2123 4013 30 22 6s
2166 4020 47 23 per
2220 4014 59 30 day.

1899 4058 62 24 Two
1972 4058 89 23 weeks
2070 4065 28 16 or
2107 4059 100 29 longer,
2224 4061 54 23 30s.

1969 4155 134 33 HAWKER
2130 4157 141 39 WILSON,

1998 4205 192 24 PEOPEIETOE.!

2331 3633 34 19 TO
2380 3634 58 18 THE
2452 3634 106 21 PUBLIC
2572 3636 34 19 OF
2623 3637 135 19 BOTOBUA.

2333 3759 24 20 -L
2385 3769 40 11 rua
2442 3763 32 19 for
2486 3763 55 21 their
2545 3765 84 19 favours
2641 3766 73 24 during'
2726 3765 32 19 the

2331 3790 46 22 past
2386 3788 69 19 fifteen
2464 3795 64 18 years,
2541 3791 40 18 and
2595 3794 20 15 to
2631 3791 65 24 notify
2715 3791 43 19 that

2331 3814 32 18 for
2372 3814 34 18 the
2417 3815 132 19 convenience
2559 3817 22 17 of
2589 3817 99 18 residents
2697 3817 21 19 in
2725 3817 33 18 the

2332 3840 50 18 New
2392 3840 115 26 Township,
2520 3841 40 19 and
2570 3848 32 18 ruy
2615 3843 56 18 trade
2688 3849 59 18 gener-

2331 3865 47 24 ally,
2389 3865 11 18 I
2410 3866 52 19 have
2473 3867 52 18 built

2330 3977 64 19 which
2405 3984 34 12 aie
2449 3985 44 12 now
2504 3986 52 17 open
2564 3979 32 19 for
2605 3979 97 23 business,
2718 3979 40 19 and

2330 4003 10 18 I
2350 4009 33 13 am
2401 4005 99 23 prepared
2521 4007 21 17 to
2554 4005 73 26 supply

2467 4050 71 19 Pkisie
2558 4051 62 18 Meat

2329 4088 22 18 in
2361 4088 50 19 Loth
2422 4088 50 21 New
2481 4090 42 17 and
2532 4090 39 19 Old
2580 4090 125 25 Townships.

2359 4166 44 23 An
2416 4167 151 29 Inspection
2581 4167 22 23 is
2618 4168 107 23 invited.

2537 4212 101 21 HENET
2652 4214 79 19 KIBK.
