4237 5976
1058 3933 130 27 BIRTH.

804 3984 187 29 Inglis.—On
1004 3985 152 28 December
1176 3986 69 33 31st,
1261 3986 76 31 1885,
1351 3987 27 26 at
1390 3984 50 28 her

872 4023 147 32 residence,
1033 4024 65 28 Cliff
1110 4024 96 32 Street,
1221 4024 86 36 Lyell,
1320 4024 46 28 the
1378 4024 61 27 wife

873 4062 30 28 of
913 4062 94 28 James
1024 4062 94 37 Inglis,
1133 4062 29 29 of
1173 4073 15 18 a
1202 4062 143 36 daughter.

843 4139 233 80 Lyell
1123 4139 280 80 Times.

844 4288 207 31 SATURDAY,
1076 4288 176 28 JANUARY
1276 4289 24 30 2,
1328 4288 75 27 1885.

839 4377 58 27 The
919 4378 129 34 monthly
1062 4379 125 35 cleaning
1206 4379 42 27 for
1271 4379 45 28 the
1338 4379 101 27 United

805 4422 98 39 Alpine
930 4424 54 28 will
1015 4424 63 28 take
1107 4424 77 38 place
1209 4425 105 36 to-day.
1352 4425 87 28 There

806 4481 70 18 were
898 4472 65 35 only
983 4474 34 26 20
1038 4482 63 19 men
1116 4473 103 36 emplo}
1220 4483 6 10 r
1228 4474 32 27 ed
1284 4474 98 34 during
1394 4474 46 28 the

805 4517 76 29 week
892 4518 29 27 in
935 4518 45 28 the
993 4519 74 27 mine
1088 4520 54 27 and
1161 4520 77 28 those
1250 4530 70 18 were
1340 4521 100 36 chiefly

806 4567 122 36 engaged
949 4567 139 37 filling-in.
1125 4569 58 28 The
1206 4570 79 28 other
1301 4570 90 28 mines
1405 4579 35 19 on

806 4614 46 30 the
878 4614 62 29 field
965 4625 69 20 were
1059 4616 65 38 only
1149 4617 128 38 partially
1307 4617 131 35 manned,

808 4665 89 34 owing
920 4669 27 23 to
971 4665 46 28 the
1045 4666 152 29 Christmas
1217 4667 137 37 holidays,
1377 4678 45 17 con-

808 4711 143 37 sequently
982 4723 39 18 we
1048 4722 44 19 are
1117 4714 98 28 unable
1243 4718 26 24 to
1294 4715 105 28 furnish
1425 4725 15 18 a

808 4760 106 37 mining
926 4765 91 33 report
1030 4762 28 28 in
1071 4762 55 29 this
1139 4762 81 29 issue.

843 4809 35 26 At
903 4809 45 27 the
973 4810 53 27 last
1051 4810 95 36 sitting
1170 4812 30 26 of
1226 4812 45 27 the
1296 4812 144 28 Warden's

810 4857 83 28 Court
919 4857 73 35 here,
1019 4857 44 28 Mr
1088 4858 75 34 Bird,
1189 4859 86 33 R.M.,
1299 4859 57 28 said
1381 4859 60 28 that

809 4908 91 24 recent
906 4904 175 30 instructions
1091 4906 67 28 from
1170 4906 45 28 the
1226 4906 214 28 Commissioner

810 4952 29 27 of
856 4952 95 29 Crown
970 4953 92 28 Lands
1075 4954 81 36 being
1176 4959 27 24 to
1223 4955 45 27 the
1282 4955 78 27 effect
1381 4955 59 28 that

810 5008 35 18 no
859 5008 74 20 more
947 5000 136 29 residence
1094 5011 76 18 areas
1179 5002 96 27 should
1285 5002 31 27 be
1327 5002 114 35 granted

810 5047 27 27 in
852 5047 53 27 this
919 5048 115 33 district,
1048 5049 77 27 those
1139 5050 101 35 parties
1253 5050 147 27 interested
1413 5052 28 24 in

811 5093 44 28 the
871 5098 106 29 matter,
992 5096 89 34 might
1100 5096 79 27 make
1193 5106 15 17 a
1222 5099 62 24 note
1304 5096 30 27 of
1343 5097 30 32 it,
1388 5096 53 27 and

812 5149 29 17 so
860 5140 80 27 avoid
959 5141 45 27 the
1019 5142 104 27 trouble
1142 5143 53 26 and
1215 5143 80 34 delay
1313 5143 128 26 attached

812 5189 26 25 to
860 5186 44 29 the
918 5196 107 28 process
1039 5188 30 29 of
1085 5188 113 37 making
1219 5188 181 38 applications
1414 5190 27 26 in

812 5233 44 28 the
870 5235 78 28 usual
960 5245 70 26 way.

846 5283 58 27 One
926 5283 30 27 of
975 5283 45 27 the
1039 5287 73 24 most
1130 5284 144 27 successful
1297 5284 146 28 children's

812 5329 113 36 pic-nics
950 5338 62 19 ever
1036 5329 64 28 held
1124 5330 28 28 in
1177 5330 77 37 Lyell
1280 5330 63 28 took
1367 5330 75 37 place

812 5377 153 35 yesterday.
1002 5377 57 26 The
1072 5377 120 27 weather
1204 5387 56 18 was
1281 5378 162 35 everything

813 5427 27 25 to
853 5423 32 29 be
899 5423 113 33 desired,
1033 5423 54 29 and
1100 5428 29 24 at
1151 5425 13 27 1
1179 5424 110 33 o'clock,
1306 5433 77 29 p.m.,
1398 5424 45 30 the

813 5472 122 27 children
947 5471 103 27 lormed
1064 5473 27 25 in
1105 5473 163 33 procession,
1289 5473 105 26 headed
1409 5473 34 35 by

813 5518 46 30 the
882 5517 68 30 local
969 5517 82 34 band,
1075 5517 53 29 and
1151 5527 69 19 were
1239 5517 129 29 marched
1389 5522 27 25 to
1429 5529 14 18 a

814 5567 123 36 paddock
956 5567 70 28 close
1040 5571 27 23 to
1081 5567 45 27 the
1140 5572 71 23 town
1236 5567 87 28 where
1345 5569 99 35 swings

813 5614 54 29 and
897 5623 82 28 every
1009 5614 65 28 kind
1112 5614 29 28 of
1173 5619 173 23 amusement
1388 5625 55 18 was

815 5661 129 38 provided
965 5661 40 28 for
1026 5661 83 28 them.
1147 5661 57 28 The
1218 5661 53 37 day
1292 5671 56 18 was
1371 5663 72 27 filled

814 5720 36 27 up
864 5710 64 28 with
943 5719 83 20 races,
1046 5708 147 29 scrambles
1213 5710 40 28 for
1276 5710 93 29 lollies,
1390 5710 53 29 and

813 5767 81 26 every
920 5757 162 35 description
1114 5757 28 26 of
1169 5762 173 22 amusement
1373 5763 71 23 most

814 5804 111 30 affected
946 5804 34 37 by
994 5808 169 33 youngsters.
1203 5804 106 38 During
1327 5804 44 29 the
1391 5805 53 37 day

816 5854 42 28 Mr
872 5853 85 36 Inglis
972 5853 114 36 (violin),
1100 5852 42 28 Mr
1156 5853 53 28 Pea
1225 5863 28 17 ce
1265 5854 178 35 (accordeon),

1447 209 54 29 and
1523 209 44 29 Mr
1587 209 110 31 Ritchie,
1715 209 114 36 (organ),
1848 210 172 30 contributed
2034 210 45 30 the

1447 260 86 27 music
1547 260 40 27 for
1600 260 125 35 dancing,
1740 259 53 26 and
1805 259 70 28 their
1885 261 115 28 services
2011 271 67 19 were

1448 306 28 27 in
1490 306 68 36 good
1574 306 127 30 demand.
1716 306 10 18 '■
1736 305 57 28 The
1803 306 87 28 whole
1904 308 176 36 proceedings

1448 355 67 29 from
1530 354 149 39 beginning
1698 360 28 26 to
1747 353 53 29 end
1818 364 44 19 are
1880 355 101 38 spoken
2003 357 29 28 of
2051 357 28 29 in

1448 402 44 28 the
1506 402 108 36 highest
1628 406 85 25 terms
1725 401 30 32 of
1765 403 178 36 approbation
1956 404 35 35 by
2002 405 76 29 those

1447 456 118 31 present,
1590 450 88 30 which
1705 445 105 36 rtf&cts
1834 456 76 31 great
1934 453 85 29 credit
2043 465 35 18 on

1448 498 45 27 the
1514 499 80 26 small
1615 500 166 31 committee,
1805 501 150 35 consisting
1974 502 31 27 of
2019 501 61 28 four

1448 545 155 38 gentlemen
1628 545 55 29 and
1702 555 16 19 a
1742 545 75 38 lady,
1840 547 62 29 who
1927 547 153 31 undertook

1448 594 45 27 the
1518 595 125 35 carrying
1668 598 46 23 out
1737 594 29 27 of
1784 595 45 27 the
1851 596 98 35 pic-nic
1972 600 28 24 at
2025 600 53 24 two

1449 642 73 37 days'
1553 641 98 29 notice.
1706 642 22 27 A
1762 641 129 30 welcome
1928 652 93 20 sourca
2053 645 29 28 of

1450 699 112 19 revenue
1587 700 55 18 was
1667 690 129 37 provided
1830 691 36 36 by
1896 692 97 36 selling
2017 697 61 29 gate

1449 737 105 32 tickets,
1574 738 53 27 and
1641 738 46 27 the
1709 738 119 28 demand
1847 739 40 27 for
1901 738 45 28 the
1967 739 112 37 shilling

1450 787 26 26 in
1499 797 80 25 every
1601 787 123 27 instance
1745 797 56 17 was
1821 786 105 33 readily
1950 788 129 28 acceeded

1450 836 35 25 to.
1522 833 57 29 The
1610 844 115 18 onerous
1749 834 69 36 duty
1842 833 29 29 of
1893 833 116 39 keeping
2034 835 46 28 th«

1456 885 68 29 ?ates
1554 892 55 18 was
1640 883 139 28 entrusted
1815 886 28 26 to
1880 883 45 29 Mr
1960 884 119 28 Edward

1452 929 107 33 Ccirroll,
1574 931 53 27 and
1642 931 44 27 the
1702 940 112 19 manner
1828 932 27 27 in
1869 931 91 29 which
1974 932 33 28 he
2022 932 57 28 sold

1457 978 45 27 ind
1518 978 86 29 resold
1618 979 96 29 tickets
1734 990 48 19 can
1797 980 65 38 only
1875 980 31 30 be
1930 982 150 29 accounted

1453 1026 36 26 !or
1502 1025 35 36 by
1551 1026 44 27 the
1615 1031 113 23 amount
1742 1028 30 27 of
1783 1039 98 25 money
1902 1030 26 26 in
1951 1039 91 18 excess
2055 1031 29 26 of

1452 1073 94 28 tickets
1566 1074 89 28 which
1678 1075 33 28 he
1734 1085 54 18 was
1812 1076 113 29 enabled
1953 1082 27 23 to
2006 1077 74 29 hand

1458 1131 55 18 >ver
1526 1125 27 25 to
1567 1122 45 28 the
1627 1122 173 30 Committee.
1838 1124 86 29 There
1946 1125 55 29 will
2015 1126 31 28 be
2066 1137 14 18 a

1453 1169 103 37 surplus
1581 1171 48 27 left
1653 1171 25 28 in
1701 1171 45 28 the
1771 1171 88 29 hands
1880 1172 30 28 of
1930 1173 46 29 the
2002 1174 59 28 Com-

1451 1219 91 27 mittee
1563 1219 69 27 after
1652 1221 100 34 paving
1765 1221 35 26 all
1826 1225 137 30 accounts,
1991 1223 88 28 which

1450 1264 63 36 they
1527 1265 94 28 intend
1634 1274 27 19 to
1674 1266 105 37 deposit
1793 1277 28 17 as
1835 1268 46 28 the
1899 1269 112 27 neuclus
2024 1270 30 27 of
2064 1280 15 18 a

1449 1312 64 27 fund
1539 1312 40 28 for
1604 1323 15 17 a
1645 1313 98 37 pic-nic
1771 1319 26 24 to
1822 1315 32 28 be
1884 1315 64 28 held
1978 1320 29 25 at
2038 1318 39 28 St.

1452 1359 127 27 Patrick's
1593 1369 29 17 or
1635 1369 34 18 011
1685 1360 45 28 the
1744 1361 64 27 24th
1824 1362 74 36 May.

1481 1406 15 26 1
1504 1406 35 27 he
1553 1406 108 36 holiday
1676 1413 87 30 sports
1772 1413 28 23 at
1810 1409 77 35 Lyell
1896 1420 69 18 were
1975 1411 103 28 carried

1447 1458 47 23 out
1515 1454 28 28 in
1565 1463 16 19 a
1594 1454 164 39 thoroughly
1782 1458 150 28 successful
1954 1468 125 26 manner,

1449 1500 43 27 the
1513 1506 118 30 greatest
1655 1504 136 36 harmony
1815 1505 54 27 and
1892 1506 70 34 good
1982 1507 98 36 feeling

1447 1548 158 37 prevailing.
1661 1551 56 27 The
1756 1553 140 35 generally
1941 1554 141 36 expressed

1447 1597 110 35 opinion
1579 1597 35 37 by
1629 1597 76 30 those
1725 1600 142 36 returning
1885 1600 72 30 from
1977 1602 102 34 having

1447 1647 79 32 spent
1539 1644 70 28 their
1622 1645 126 37 holidays
1761 1646 28 28 in
1803 1647 77 28 other
1898 1652 74 32 parts
1993 1649 31 27 of
2033 1649 47 28 the

1447 1691 81 28 Coast
1549 1693 22 27 is
1594 1702 51 18 one
1665 1694 29 27 of
1711 1698 87 29 regret
1813 1696 28 27 in
1859 1700 49 24 not
1927 1696 102 37 having
2042 1707 26 19 re-

1448 1740 108 27 mained
1570 1746 28 22 at
1612 1741 89 28 home.
1740 1743 57 27 The
1814 1752 170 27 programme
1998 1755 56 19 was
2067 1755 16 18 a

1448 1787 112 38 lengthy
1582 1799 51 18 one
1654 1790 53 27 and
1722 1800 55 18 was
1796 1792 104 28 carried
1919 1797 48 24 out
1987 1797 27 24 to
2036 1794 46 28 the

1449 1835 61 33 end,
1532 1835 45 29 the
1598 1837 52 28 last
1663 1847 60 18 race
1739 1838 80 36 being
1834 1849 51 18 run
1906 1840 71 28 close
2000 1851 35 17 on
2056 1846 27 24 to

1448 1882 145 35 midnight,
1608 1885 53 27 and
1675 1886 99 36 proved
1788 1896 15 19 a
1821 1888 100 36 closely
1941 1889 139 28 contested

1448 1931 86 34 affair,
1565 1933 179 38 establishing
1778 1934 107 37 beyond
1919 1936 84 28 doubt
2035 1938 46 28 the

1448 1980 153 36 pedestrian
1621 1981 114 30 abilities
1755 1983 28 28 of
1794 1994 51 18 one
1860 1984 29 28 of
1905 1994 50 19 our
1974 1986 109 37 leading

1448 2027 143 27 bonifaces.
1629 2029 58 26 The
1706 2030 139 34 following
1858 2032 22 26 is
1895 2032 46 27 the
1955 2034 84 27 result
2053 2035 30 26 of

1448 2075 46 30 the
1519 2075 67 37 days
1609 2077 121 37 running
1787 2078 108 30 Maiden
1925 2080 82 35 Race,
2035 2083 48 29 150

1447 2123 81 37 yards
1539 2133 7 24 ;
1566 2124 107 29 Franks
1686 2126 53 28 and
1754 2126 76 36 Edge
1845 2137 49 18 ran
1908 2138 16 18 a
1937 2128 68 29 dead
2017 2129 65 29 heat

1448 2174 52 27 and
1525 2174 109 29 divided
1654 2175 57 29 first
1734 2176 54 28 and
1815 2178 100 29 second
1935 2178 95 37 prizes,
2047 2181 38 28 £'2

1450 2220 53 27 and
1518 2222 46 27 .£l.
1601 2222 58 27 The
1676 2222 78 36 Lyell
1774 2223 144 39 Handicap
1936 2226 43 27 for
1996 2227 89 36 prizes

1449 2267 29 28 of
1490 2269 45 33 £'s,
1552 2270 46 32 £'2,
1613 2270 53 27 and
1682 2272 46 31 ill,
1743 2281 55 18 was
1816 2282 62 18 won
1890 2272 36 37 by
1941 2274 142 35 Harrison,

1450 2314 105 29 Kearns
1568 2317 55 26 and
1642 2317 83 29 Alsen
1739 2319 124 35 dividing
1884 2322 35 27 £'l
1941 2322 46 27 10s
2006 2322 76 28 each.

1450 2362 81 37 Boys'
1546 2364 71 29 Race
1637 2375 55 19 was
1706 2376 61 20 won
1783 2366 36 39 by
1838 2368 30 28 T.
1890 2368 113 36 Kearns,
2018 2370 66 29 with

1451 2412 112 34 Murray
1582 2413 53 25 and
1655 2415 42 24 Do
1701 2415 26 25 Hi
1731 2424 75 17 more
1821 2416 59 26 first
1898 2418 55 24 and
1974 2419 109 25 second.

1450 2456 52 28 For
1527 2456 47 30 the
1599 2458 63 37 girls
1685 2469 71 25 race,
1779 2460 89 29 Annie
1894 2461 106 30 Kearns
2026 2472 42 20 suc-

1449 2505 83 28 ceded
1557 2506 29 27 in
1611 2507 106 37 getting
1739 2511 27 25 to
1787 2509 45 27 the
1852 2512 63 34 tape
1934 2510 59 28 first
2017 2512 68 28 with

1450 2552 79 36 Mary
1544 2553 113 36 Murray
1672 2564 15 18 a
1700 2556 70 34 good
1779 2557 109 27 second.
1926 2558 57 27 The
1995 2559 90 27 Collar

1449 2599 53 28 and
1516 2599 97 29 Elbow
1627 2603 139 35 wrestling
1777 2611 5 19 :
1805 2604 40 27 Ist
1859 2604 83 36 prize,
1958 2606 38 28 £*3
2008 2614 6 24 ;
2029 2606 53 28 2nd

1449 2647 83 36 prize,
1547 2648 47 35 £l,
1609 2658 55 19 was
1678 2650 113 29 secured
1804 2650 36 37 by
1856 2652 41 29 W.
1914 2652 101 36 Quinn,
2030 2653 53 29 and

1448 2695 26 28 J.
1507 2696 115 28 Mannix
1653 2698 108 28 second.
1798 2700 57 28 The
1888 2701 114 34 Putting
2036 2702 47 28 the

1450 2742 84 31 Stone
1559 2748 105 27 contest
1689 2756 56 20 was
1770 2747 58 30 also
1849 2748 112 30 secured
1982 2749 34 40 by
2042 2749 42 31 W.

1450 2793 101 32 Quinn,
1565 2795 61 26 who
1639 2795 27 26 in
1680 2805 66 26 very
1760 2797 69 34 good
1848 2798 70 34 style
1937 2799 148 27 succeeded

1450 2840 26 29 in
1490 2841 110 38 putting
1610 2841 45 31 the
1666 2843 83 30 metal
1758 2843 64 32 27ft.
1923 2844 27 31 J.
1967 2845 115 31 Mannix
2097 2840 9 55 J

1451 2890 78 34 again
1546 2890 95 37 taking
1654 2893 97 26 second
1765 2894 75 35 place
1854 2895 66 26 with
1937 2904 14 17 a
1963 2883 143 53 distance^

1450 2935 95 26 ttf9.fift.
1571 2938 9 21 1
1586 2938 45 21 flirt
1682 2939 15 18 A
1714 2921 392 49 9GO_vgvile.^3'

1473 2988 59 18 won
1563 2979 37 37 by
1632 2980 37 27 H.
1701 2980 107 33 Pearee,
1837 2982 67 28 with
1935 2982 33 29 B.
2002 2983 104 28 Franks

1473 3028 107 27 second.
1619 3029 65 28 This
1709 3029 150 29 concluded
1880 3031 45 28 the
1951 3031 155 30 advertised

1471 3084 182 27 programme,
1680 3077 80 28 when
1784 3088 16 17 a
1830 3079 119 28 number
1977 3080 29 27 of
2028 3081 78 28 other

1471 3128 93 25 events
1578 3134 68 19 were
1660 3124 176 39 improvised,
1850 3126 90 30 which
1955 3127 120 30 afforded
2089 3139 15 18 a

1471 3173 148 35 prolonged
1633 3174 54 27 and
1707 3175 152 35 altogether
1873 3177 141 34 enjoyable
2029 3178 77 35 day's

1471 3219 159 26 recreation.

1507 3265 58 27 The
1590 3265 138 37 following
1752 3272 90 32 report
1871 3268 30 27 of
1925 3269 45 27 the
1996 3270 110 27 Central

1473 3313 93 29 Buller
1587 3314 86 29 Races
1695 3316 23 27 is
1735 3316 123 36 supplied
1878 3317 36 37 by
1935 3327 50 19 our
2009 3319 100 38 special

1472 3361 281 36 correspondent:—l
1778 3368 101 24 catiuot
1901 3365 80 27 allow
2001 3365 45 28 the
2059 3376 31 27 op-

1473 3410 141 36 portunity
1629 3413 27 25 to
1671 3420 62 27 pass
1748 3412 116 28 without
1877 3413 132 35 referring
2022 3417 27 24 to
2058 3424 51 19 one

1473 3456 29 27 of
1513 3457 46 28 the
1574 3461 71 24 most
1667 3458 143 36 enjoyable
1833 3459 68 37 days
1921 3460 62 29 that
2005 3460 14 28 I
2039 3461 70 29 have

1473 3514 80 27 spent
1566 3505 41 29 for
1621 3516 74 19 some
1711 3508 72 32 time,
1798 3511 27 26 at
1840 3508 46 29 the
1904 3509 91 37 Upper
2015 3509 94 30 Buller

1474 3552 95 32 Races,
1593 3561 35 18 on
1655 3554 120 35 Monday
1800 3555 62 27 last.
1909 3557 58 26 The
1991 3558 120 27 weather

1474 3608 54 17 was
1542 3598 37 29 all
1593 3599 61 29 that
1666 3600 78 28 could
1764 3600 32 29 be
1819 3601 113 35 desired,
1949 3602 54 29 and
2017 3612 77 27 every-

1474 3646 73 38 body
1560 3652 111 33 present
1682 3650 108 28 seemed
1800 3650 67 37 fully
1879 3652 63 27 bent
1956 3661 35 19 on
2005 3662 16 18 a
2034 3652 77 37 day's

1475 3696 167 35 enjoymeut,
1685 3697 56 28 and
1779 3698 137 37 harmony
1953 3700 55 28 and
2040 3701 69 35 good

1475 3742 151 38 fellowship
1648 3754 89 18 seeme
1748 3745 8 27 1
1779 3750 27 23 to
1827 3746 31 27 be
1872 3746 45 28 the
1930 3747 80 28 order
2023 3748 30 27 of
2064 3748 46 29 the

1476 3790 63 36 day.
1588 3791 76 28 Four
1694 3802 186 27 conveyances
1911 3795 108 28 arrived
2040 3796 70 28 from

1477 3838 77 36 Lyell
1568 3838 124 29 crowded
1710 3839 67 29 with
1800 3850 29 18 as
1846 3840 72 38 jolly
1932 3852 16 17 a
1960 3841 38 29 lot
2012 3843 29 28 of
2051 3852 44 27 pas-

1476 3897 109 26 sengers
1604 3897 29 19 as
1655 3897 63 19 ever
1739 3889 96 29 visited
1850 3890 45 28 the
1911 3890 94 38 Upper
2017 3891 95 30 Buller

1476 3933 114 29 district.
1627 3935 77 28 After
1716 3937 146 35 partaking
1876 3938 30 27 of
1925 3947 15 18 a
1961 3939 71 35 good
2052 3940 43 27 din-

1476 3990 58 24 ner,
1549 3980 187 39 thoughtfully
1749 3983 130 36 piovided
1891 3984 35 36 by
1935 3984 64 30 host
2010 3986 101 35 Smith,

1476 4028 45 29 the
1536 4029 89 28 crowd
1641 4031 79 27 made
1734 4031 71 28 their
1817 4041 61 28 way
1899 4036 28 24 to
1948 4033 46 28 the
2007 4043 102 26 course.

1478 4078 57 27 The
1549 4078 58 28 first
1621 4084 80 22 event
1713 4089 56 18 was
1782 4090 15 17 a
1810 4080 70 29 hack
1892 4090 71 25 race,
1975 4082 40 29 for
2022 4082 89 29 which

1476 4125 61 28 four
1553 4125 92 28 horses
1659 4127 111 33 started,
1787 4128 42 27 Mr
1852 4129 172 29 M'Dowall's
2045 4140 66 27 grey

1478 4183 73 18 mare
1565 4174 50 27 Jilt
1629 4174 80 36 being
1722 4175 98 29 landed
1841 4177 46 28 the
1906 4178 114 29 winner.
2058 4179 53 28 For

1478 4220 45 28 the
1537 4222 110 33 second,
1661 4222 55 28 also
1737 4233 16 17 a
1775 4222 70 28 hack
1857 4233 70 24 race,
1944 4225 46 27 the
2005 4225 106 29 honour

1478 4268 43 29 fell
1536 4272 27 25 to
1579 4269 43 28 Mr
1636 4270 129 34 Savage's
1784 4271 129 30 chestnut
1935 4282 77 20 mare
2035 4273 75 30 Maid

1478 4317 29 27 of
1528 4317 126 28 Honour.
1709 4319 57 27 The
1798 4320 73 27 third
1895 4330 61 18 race
1982 4331 56 18 was
2063 4322 46 27 the

1478 4363 94 28 Buller
1591 4363 155 38 Handicap,
1772 4365 89 29 which
1887 4366 14 28 I
1926 4367 92 36 might
2042 4370 68 26 state

1478 4420 54 18 was
1554 4419 15 19 a
1594 4412 133 36 complete
1752 4412 54 28 boil
1828 4422 73 18 over.
1938 4415 87 27 There
2041 4424 70 18 were

1478 4459 75 28 three
1576 4459 93 28 horses
1692 4461 111 27 entered
1823 4461 41 28 for
1885 4461 54 29 this
1957 4466 89 30 event,
2061 4464 32 35 Sy-

1478 4508 85 33 ringa,
1595 4507 72 27 Irish
1701 4508 86 34 Molly
1818 4509 31 32 0,
1881 4509 55 27 and
1973 4511 46 26 the
2050 4511 59 27 Jilt.

1479 4554 118 37 Syriuga
1617 4564 55 19 was
1699 4554 79 29 made
1800 4565 16 18 a
1838 4555 49 30 hot
1899 4556 143 35 favourite,
2057 4557 55 30 and

1479 4603 86 36 Molly
1579 4603 22 27 0
1615 4603 54 27 had
1683 4603 103 28 several
1805 4604 111 30 friends,
1930 4605 50 28 but
1992 4606 46 27 the
2061 4606 52 28 Jilt

1478 4651 98 30 turned
1591 4651 44 29 the
1649 4651 86 30 tables
1750 4652 36 36 by
1799 4652 123 38 winning
1935 4654 94 37 easily,
2044 4654 65 29 with

1480 4700 115 35 Syringa
1609 4699 109 28 second.
1755 4700 57 27 The
1832 4700 100 34 fourth,
1947 4711 15 17 a
1975 4701 136 37 handicap

1478 4748 70 28 hack
1575 4756 70 24 race,
1661 4756 55 19 was
1740 4756 62 19 won
1827 4748 84 36 easily
1935 4748 30 37 b)
1998 4749 114 29 Smith's

1478 4796 78 28 Jack.
1593 4796 57 27 The
1664 4795 59 28 filth
1737 4806 61 18 race
1822 4797 180 34 (consolation
2024 4798 85 35 stake)

1478 4852 56 19 was
1547 4852 61 18 won
1621 4842 36 36 by
1678 4842 125 36 Syringa.
1843 4843 23 26 A
1889 4843 105 37 private
2019 4845 93 28 match

1479 4899 76 18 came
1570 4889 38 28 off
1619 4889 120 28 between
1756 4889 43 28 Mr
1812 4890 89 28 Rait's
1915 4891 62 27 Nell
1991 4892 55 27 and
2070 4892 43 27 Mr

1480 4936 116 29 Smith's
1618 4936 101 36 Light;
1740 4936 55 29 this
1815 4937 28 28 in
1865 4937 98 38 reality
1987 4948 55 19 was
2068 4939 44 29 the

1479 4994 60 18 race
1553 4984 29 28 of
1598 4984 46 28 the
1666 4984 63 37 day,
1750 4985 65 28 both
1836 4985 93 28 horses
1952 4986 82 37 being
2053 4988 61 28 well

1480 5031 131 29 mounted
1641 5032 55 28 and
1728 5032 131 37 carefully
1890 5033 105 29 ridden.
2050 5035 63 28 Nell

1478 5090 56 18 was
1563 5081 47 26 the
1634 5080 134 28 favourite
1790 5085 27 23 at
1840 5080 81 28 about
1943 5083 14 25 5
1979 5085 28 24 to
2021 5083 24 32 1,
2059 5082 54 27 and

1480 5127 83 35 Light
1587 5127 80 28 could
1692 5127 58 27 find
1776 5127 49 28 but
1846 5137 63 26 very
1930 5129 51 27 few
2002 5129 110 27 friends.

1480 5174 14 26 I
1506 5173 55 27 had
1582 5183 15 17 a
1619 5173 69 33 good
1711 5173 63 27 look
1786 5176 28 25 at
1828 5174 48 26 her
1890 5174 106 36 myself,
2007 5175 58 36 just
2079 5184 34 19 on

1480 5227 116 23 account
1610 5222 30 27 of
1659 5221 46 28 the
1718 5221 76 33 odds,
1808 5222 49 28 but
1871 5223 12 26 I
1898 5223 84 27 found
1997 5223 47 27 she
2059 5233 55 18 was

1480 5270 126 34 carrying
1619 5279 15 17 a
1648 5268 69 29 knee
1731 5270 83 27 about
1826 5270 52 27 five
1893 5270 68 27 sizes
1974 5274 45 24 too
2040 5271 74 33 large

1480 5317 40 27 for
1541 5325 48 26 my
1614 5317 90 35 fancy,
1730 5317 197 35 consequently
1953 5317 14 26 I
1989 5317 124 28 declined

1481 5363 56 28 her.
1575 5364 145 32 However,
1735 5363 47 28 she
1796 5373 55 18 was
1864 5363 99 28 landed
1982 5363 46 28 the
2048 5364 49 27 win-

1481 5420 47 18 ner
1542 5410 34 36 by
1590 5410 105 28 several
1708 5410 118 37 lengths,
1841 5410 65 28 both
1926 5410 93 28 horses
2032 5410 83 37 doing

1481 5458 71 29 their
1575 5459 71 28 level
1670 5459 68 28 best.
1787 5458 66 29 This
1878 5458 165 29 terminated
2068 5459 46 29 the

1481 5505 101 33 racing,
1597 5506 53 26 and
1665 5506 35 26 all
1713 5506 89 26 hands
1815 5506 80 26 made
1909 5505 72 27 their
2002 5515 61 26 way
2087 5510 28 23 to

1481 5544 110 38 partake
1605 5544 30 29 of
1647 5544 43 29 Mr
1703 5544 114 29 Smith's
1831 5543 161 38 hospitality
2014 5543 29 30 in
2067 5543 46 30 the

1481 5584 30 27 sh
1523 5594 42 25 ipe
1587 5585 30 26 of
1636 5594 15 17 a
1671 5584 70 33 good
1762 5583 161 28 substantial
1946 5584 81 31 meal,
2047 5584 68 27 after

1481 5622 89 27 which
1585 5622 117 34 dancing
1724 5621 188 35 immediately
1932 5621 103 28 started
2059 5621 55 28 and

1481 5660 148 27 continued
1653 5660 70 26 until
1749 5660 68 26 after
1841 5659 46 26 the
1915 5659 79 27 small
2018 5659 93 33 hours,

1482 5699 78 28 when
1575 5699 77 28 those
1675 5698 83 33 living
1781 5698 26 27 in
1829 5698 46 26 the
1897 5696 114 38 vicinity
2033 5696 80 29 made

1481 5739 70 27 their
1565 5748 59 26 way
1637 5738 90 27 home.
1766 5737 56 27 The
1836 5736 78 36 Lyell
1928 5746 185 27 conveyances

1481 5776 101 28 started
1608 5778 27 24 in
1667 5775 46 26 the
1744 5774 150 30 afternoon,
1920 5775 93 32 giving
2037 5775 76 27 three

1481 5814 91 29 cheers
1593 5814 41 28 for
1655 5813 47 29 the
1723 5812 93 39 people
1831 5812 29 28 of
1879 5812 45 29 the
1937 5811 107 31 district
2059 5812 54 30 and

1481 5854 44 27 the
1542 5853 93 35 Upper
1649 5852 92 28 Buller
1758 5852 94 28 Races.

2118 211 193 29 RESIDENT
2327 210 274 30 MAGISTRATE'S
2616 208 131 33 COURT,

2364 262 133 29 LYELL.

2162 366 157 35 Saturday,
2345 366 63 29 19tli
2434 366 167 33 December,
2629 365 75 29 1835.

2150 461 108 37 (Before
2290 461 91 28 Frank
2411 460 77 34 Bird,
2517 461 77 36 Esq.,
2626 458 86 36 R.M.)

2246 524 97 20 POLICE
2363 526 25 17 V.
2407 524 72 20 JOHN
2498 524 128 19 WIIELAN.

2149 573 105 35 Charge
2279 573 30 28 of
2329 573 103 36 having
2456 573 65 29 used
2549 573 114 28 obscene
2690 571 42 28 lan-

2115 630 86 25 guage
2230 621 29 27 in
2290 630 16 18 a
2338 621 90 36 public
2462 621 86 36 place.
2603 619 145 28 Constable

2115 668 120 29 Bowden
2254 668 107 38 applied
2380 668 40 28 for
2432 668 75 28 leave
2521 668 60 28 that
2600 666 45 29 the
2666 666 66 28 infor-

2116 717 102 28 mation
2232 717 32 28 be
2284 717 136 28 amended
2433 721 27 23 to
2474 717 60 27 that
2552 716 30 27 of
2599 714 149 34 disorderly

2115 764 125 33 conduct,
2260 764 48 28 but
2322 764 46 28 the
2381 764 84 28 Court
2478 762 58 28 said
2555 762 45 28 the
2619 761 128 28 evidence

2116 813 87 28 would
2218 813 31 28 be
2269 812 85 28 heard
2368 812 58 27 first
2443 811 54 27 and
2512 811 65 26 then
2592 809 44 28 the
2650 809 82 26 altera-

2116 861 55 28 tion
2185 860 78 28 could
2321 858 79 30 made
2408 862 27 24 at
2446 867 53 22 any
2512 857 75 28 time.
2625 854 120 30 Accused

2116 910 56 28 said
2183 909 33 28 he
2228 909 78 28 knew
2317 907 117 35 nothing
2441 906 83 29 about
2533 905 21 28 it
2561 905 54 28 and
2627 903 119 30 believed

2116 959 33 28 he
2164 962 73 24 must
2249 957 70 28 have
2333 955 53 29 ln.d
2402 961 44 22 too
2458 954 81 29 much
2552 952 90 30 drink.
2681 952 49 28 Sub-

2115 1007 152 36 sequently,
2281 1006 33 28 he
2329 1004 112 38 pleaded
2456 1004 88 38 guilty
2555 1007 27 25 to
2594 1002 46 30 the
2651 1002 97 37 charge

2115 1055 30 28 of
2155 1054 149 34 disorderly
2317 1053 126 28 conduct.

2149 1101 57 28 The
2229 1100 93 29 Bench
2344 1098 143 29 remarked
2508 1098 61 29 that
2583 1099 54 28 this
2650 1098 98 36 charge

2116 1150 53 28 had
2191 1150 87 28 arisen
2299 1152 48 24 out
2365 1148 30 28 of
2411 1148 74 28 what
2509 1147 152 37 transpired
2687 1151 29 24 at
2734 1157 14 17 a

2116 1207 60 19 case
2189 1196 84 30 heard
2286 1197 27 28 in
2328 1195 45 30 the
2388 1195 50 30 last
2448 1196 92 28 Court.
2579 1196 26 28 It
2614 1195 53 29 had
2679 1194 67 29 been

2115 1246 104 33 greatly
2242 1244 186 35 exaggerated,
2443 1244 149 28 defendant
2613 1242 135 37 appeared

2115 1301 29 19 as
2157 1291 103 36 having
2272 1291 69 28 been
2360 1291 94 28 drawn
2468 1292 57 27 into
2544 1292 21 27 it
2579 1291 35 36 by
2628 1300 75 18 some
2723 1290 29 27 of

2116 1339 42 28 his
2170 1339 102 28 friends
2285 1339 61 27 who
2360 1339 65 35 only
2439 1339 118 35 thought
2570 1339 30 28 of
2607 1339 143 35 screening

2118 1385 171 28 themselves.
2327 1386 43 27 He
2379 1386 90 27 would
2482 1386 109 27 caution
2603 1384 148 29 defendant

2116 1443 30 18 as
2167 1432 62 29 well
2249 1442 29 19 as
2299 1442 56 26 any
2375 1433 92 28 others
2492 1433 61 28 who
2574 1432 89 36 might
2677 1442 74 18 come

2117 1481 88 29 before
2219 1481 68 34 him,
2301 1481 60 29 that
2374 1491 35 18 no
2423 1481 53 29 fine
2490 1491 56 19 was
2561 1480 134 38 provided
2710 1480 41 29 for

2116 1529 113 34 charges
2239 1530 30 27 of
2275 1529 115 28 obscene
2401 1530 143 35 language.
2582 1530 57 27 The
2650 1530 100 35 charge

2162 1576 149 37 disorderly
2334 1576 117 29 conduct
2470 1577 81 35 being
2571 1576 144 35 admitted,
2735 1586 15 19 a

2118 1625 52 27 fine
2191 1625 29 27 of
2239 1627 48 26 20s
2299 1625 66 28 with
2384 1630 72 23 costs
2469 1626 30 28 of
2518 1627 84 27 Court
2616 1626 90 28 would
2718 1625 33 29 be

2118 1672 130 36 imposed.

2153 1719 71 29 Peck
2249 1730 25 18 v.
2301 1721 137 29 Accolino.
2441 1720 124 29 —Claim
2588 1721 41 28 for
2653 1731 98 25 wages.

2118 1768 66 28 This
2203 1778 61 19 case
2282 1768 55 29 had
2356 1769 67 28 been
2443 1769 150 36 adjourned
2610 1770 70 27 from
2701 1770 52 28 last

2118 1816 83 28 Court
2221 1816 54 37 day
2298 1817 39 29 for
2358 1817 45 29 the
2417 1817 162 37 production
2600 1818 31 28 of
2649 1818 106 28 further

2118 1864 198 29 corroborative
2339 1865 128 29 evidence
2487 1875 36 19 on
2543 1865 47 29 the
2612 1865 143 38 plaintiffs

2118 1913 93 28 behalf
2220 1914 29 27 in
2261 1914 115 28 relation
2391 1917 26 25 to
2431 1914 46 28 the
2497 1915 61 28 date
2572 1915 79 28 when
2667 1914 71 38 plain-

2119 1961 44 29 tiff
2173 1961 186 29 commenced.
2396 1962 57 29 The
2467 1962 129 30 evidence
2610 1963 80 37 given
2700 1973 54 19 was

2120 2020 64 25 very
2203 2010 166 36 conflicting,
2389 2011 76 28 there
2479 2011 81 36 being
2577 2021 15 18 a
2611 2015 76 32 great
2700 2011 39 28 dis-

2119 2065 135 28 crepancy
2271 2056 123 30 between
2409 2057 59 29 that
2483 2057 77 36 given
2581 2058 36 35 by
2635 2058 119 33 himself,

2120 2105 53 28 and
2187 2106 60 27 that
2260 2107 29 26 of
2298 2107 43 26 his
2360 2107 150 27 witnesses.
2548 2107 152 36 Judgment
2714 2107 41 28 for

2120 2156 114 27 amount
2247 2153 115 30 claimed
2377 2162 7 27 ;
2403 2154 53 29 less
2468 2155 33 30 £1
2519 2157 29 27 3s
2557 2155 44 35 4d,
2614 2158 54 26 two
2677 2155 79 30 shifts

2120 2202 192 35 overcharged.

2154 2248 77 29 Wolf
2247 2249 55 28 and
2324 2249 47 29 Co.
2386 2260 26 17 v.
2431 2251 33 28 G.
2487 2250 215 38 Edge.—Claim
2714 2251 42 30 for

2120 2301 116 25 amount
2256 2297 30 28 of
2303 2298 64 28 1.0.
2367 2298 32 28 U.
2436 2298 154 37 Judgment
2610 2300 39 28 for
2668 2300 72 36 plain-

2122 2344 53 28 tiffs
2188 2343 36 37 by
2237 2344 112 35 default,
2362 2345 67 28 with
2442 2350 73 24 costs
2529 2347 29 27 of
2568 2347 94 28 Court.

2188 2435 268 29 WARDEN'S
2506 2438 181 27 COURT.

2766 2531 1 0 I

2156 2531 157 35 Saturday,
2342 2533 64 28 19th
2442 2533 168 35 December,
2644 2536 75 26 1885.
2766 2531 1 50 j

2157 2626 107 35 (Before
2291 2627 44 27 Mr
2360 2628 93 28 Frank
2479 2629 75 34 Bird,
2581 2629 140 37 Warden.)

2157 2684 102 28 United
2275 2684 98 38 Alpine
2394 2686 363 38 Company.—Application

2121 2731 41 28 for
2176 2731 50 30 No.
2241 2733 15 28 7
2269 2732 69 29 level
2352 2733 54 29 and
2420 2734 39 38 tip
2473 2734 88 34 head;
2580 2735 124 36 granted.

2157 2781 30 28 P.
2200 2781 27 29 J.
2239 2783 163 35 Armstrong
2415 2783 55 29 and
2481 2784 120 29 Edward
2611 2785 148 29 Carton.—

2122 2828 174 38 Application
2321 2829 42 29 for
2390 2830 71 29 Gold
2493 2831 108 36 Mining
2631 2832 72 28 lease
2731 2837 28 23 at

2122 2878 164 36 Eight-mile
2300 2879 40 29 for
2354 2881 141 28 Lumsden
2514 2882 152 36 Company.
2703 2882 36 37 Ap-

2121 2924 119 42 jDlicants
2258 2926 58 27 said
2329 2926 47 27 tlia
2394 2927 104 27 around
2519 2929 108 27 annlied
2642 2929 42 25 fnr
2702 2940 57 15 was

2121 2959 2 45 1
2143 2966 45 28 the
2201 2976 75 18 same
2290 2966 55 28 and
2357 2966 130 28 identical
2500 2966 66 28 with
2578 2966 61 29 that
2647 2967 120 37 formerly

2143 3013 62 30 held
2217 3014 36 38 by
2266 3013 45 30 the
2326 3015 117 37 Caprera
2456 3015 146 38 Company
2618 3015 89 29 which
2723 3016 44 28 hac

2143 3062 66 28 been
2223 3063 150 36 surveyed;
2394 3074 29 17 as
2441 3063 66 36 they
2521 3063 105 28 wished
2647 3068 27 24 to
2693 3063 74 36 adopl

2144 3110 45 28 the
2214 3111 118 37 Caprera
2357 3120 74 27 pegs,
2456 3111 67 36 they
2547 3112 83 28 asked
2650 3112 61 28 that
2732 3112 45 28 the

2143 3159 71 28 fresh
2229 3169 98 27 survey
2341 3159 31 29 be
2387 3159 143 37 dispensed
2543 3160 64 29 with
2621 3160 54 29 and
2690 3171 15 18 a
2719 3171 60 19 new

2144 3207 63 35 plan
2226 3208 30 26 of
2272 3207 45 27 the
2331 3208 105 35 ground
2455 3208 32 26 be
2504 3208 142 26 furnished
2661 3208 116 28 instead.

2143 3253 158 35 Adjourned
2321 3253 41 28 for
2383 3262 108 27 survey,
2505 3254 46 27 the
2577 3255 120 27 Warden
2720 3264 44 26 pro-

2144 3299 102 39 mising
2271 3304 26 24 to
2322 3304 139 34 represent
2484 3300 45 30 the
2555 3304 101 26 matter
2681 3300 30 29 of
2733 3300 45 30 the

2144 3358 99 27 survey
2263 3353 28 24 to
2304 3352 46 25 the
2372 3349 113 28 District
2508 3351 137 34 Surveyor
2657 3351 54 26 and
2736 3360 26 17 re-

2144 3396 145 31 commend
2315 3396 45 29 the
2386 3398 155 27 concession
2576 3397 82 29 asked
2683 3398 42 28 for
2749 3407 30 18 as

2144 3444 81 36 being
2238 3445 89 27 suited
2348 3448 26 24 to
2395 3445 46 27 the
2462 3445 212 29 circumstances
2694 3447 29 27 of
2734 3445 45 29 the

2145 3501 70 19 case.

2179 3540 96 28 Victor
2299 3541 138 28 Emanuel
2466 3542 295 36 Company.—Applica-

2146 3586 57 26 tion
2236 3585 40 28 for
2301 3587 100 35 special
2426 3587 82 28 claim
2534 3588 29 27 of
2585 3591 33 25 50
2644 3598 85 24 acres,
2754 3594 28 23 to

2145 3633 108 29 include
2275 3633 71 30 lease
2367 3634 111 39 already
2499 3635 62 29 held
2584 3636 36 38 by
2643 3646 138 29 company

2146 3683 54 28 and
2214 3693 75 18 some
2303 3683 79 29 other
2400 3685 106 35 ground
2525 3685 129 36 formerly
2670 3686 62 28 held
2746 3686 37 37 by

2146 3730 79 28 other
2238 3732 157 36 companies
2414 3732 48 28 but
2480 3741 61 19 now
2562 3733 148 34 cancelled,
2724 3734 58 29 also

2148 3778 59 28 that
2225 3778 46 28 the
2292 3779 87 28 rental
2401 3779 41 28 for
2462 3790 75 18 same
2563 3780 33 28 be
2616 3781 116 28 reduced
2755 3785 28 25 to

2148 3827 28 26 5s
2189 3835 48 27 per
2250 3836 60 17 acre
2323 3836 48 26 per
2383 3837 12 25 3
2396 3827 4 35 r
2403 3837 54 18 ear.
2495 3828 58 27 The
2572 3827 74 28 chief
2662 3829 121 33 grounds

2147 3874 30 29 of
2195 3874 45 29 the
2261 3874 166 38 application
2449 3876 189 33 were,—That
2657 3876 124 30 between

2147 3924 92 27 £I7OO
2258 3923 54 28 and
2334 3925 90 27 <£lßoo
2445 3925 55 27 had
2521 3925 66 28 been
2614 3925 110 38 already
2739 3937 28 18 ex-

2147 3970 105 37 pended
2266 3971 28 27 in
2312 3971 90 28 works
2421 3971 69 28 done
2504 3972 35 36 by
2560 3972 46 28 the
2619 3973 163 37 applicants,

2147 4018 55 28 and
2214 4018 90 28 which
2323 4018 100 35 works,
2445 4029 30 18 so
2496 4019 50 34 far,
2566 4020 55 28 had
2645 4020 66 29 been
2733 4031 32 19 un-

2146 4066 158 38 productive
2324 4069 28 26 to
2374 4067 46 28 the
2436 4067 200 30 shareholders.
2673 4069 73 28 That
2768 4080 15 18 a

2146 4114 89 36 larger
2258 4123 63 19 area
2345 4124 57 18 was
2420 4124 144 27 necessary
2584 4120 28 24 to
2635 4116 75 29 work
2734 4118 48 27 the

2146 4161 83 28 mine.
2268 4161 44 29 Mr
2337 4161 97 38 Inglis,
2466 4161 70 38 legal
2561 4172 142 28 manager,
2729 4165 53 28 and

2148 4210 43 27 Mr
2215 4210 101 32 Burns,
2341 4210 151 28 Chairman
2520 4210 30 28 of
2577 4212 140 27 Directors
2743 4216 26 24 at-

2146 4256 100 29 tended
2265 4256 68 29 with
2347 4266 16 19 a
2381 4257 65 37 plan
2460 4257 29 28 of
2500 4257 46 28 the
2567 4257 137 37 workings
2729 4259 54 28 and

2147 4306 119 35 locality,
2280 4306 54 27 and
2347 4306 117 28 detailed
2478 4306 45 27 the
2537 4311 115 23 amount
2665 4307 31 28 of
2708 4307 74 28 work

2147 4351 78 34 done,
2248 4352 44 29 &c.
2330 4352 57 29 The
2408 4352 119 29 Warden
2548 4353 58 28 said
2628 4353 35 29 he
2690 4354 89 28 would

2147 4400 115 34 adjourn
2282 4400 46 27 the
2348 4400 166 35 application
2537 4401 41 27 for
2590 4410 109 26 survey,
2715 4403 54 26 afte
2770 4404 13 18 r

2146 4447 90 28 which
2250 4445 33 30 he
2296 4446 90 28 would
2405 4447 174 28 recommend
2602 4447 45 29 the
2663 4452 80 31 grant
2757 4447 26 29 of

2146 4495 89 32 lease;
2255 4495 21 27 it
2294 4495 80 35 being
2388 4495 167 28 conditional
2569 4495 61 28 that
2652 4495 45 29 the
2718 4501 61 23 rent

2147 4540 28 28 in
2189 4540 49 28 full
2252 4540 31 28 be
2297 4541 64 36 paid
2383 4550 36 27 up
2440 4544 27 24 to
2488 4541 53 27 end
2558 4541 30 27 of
2605 4541 46 28 the
2672 4546 111 24 current

2147 4600 74 25 year.

2181 4637 26 30 J.
2223 4636 335 39 Fennell.—Application
2572 4636 41 31 for
2623 4642 158 26 water-race

2148 4691 27 24 at
2198 4687 111 28 Central
2332 4687 103 34 Buller,
2458 4687 110 38 already
2591 4688 190 34 constructed;

2148 4736 122 36 granted.

2183 4784 33 29 G.
2243 4782 131 30 Hofer.—
2384 4783 170 38 Application
2579 4784 41 29 for
2644 4783 137 30 residence

2148 4841 63 19 area
2224 4840 6 23 ;
2249 4831 118 28 refused.

2266 4921 193 32 REEFTON
2495 4922 165 31 LETTER.

2220 5014 84 34 (FROM
2318 5021 55 19 OUR
2386 5021 61 19 OWN
2461 5014 251 34 CORRESPONDENT.)

2186 5061 85 28 Work
2284 5061 81 35 being
2378 5061 154 36 suspended
2546 5061 42 28 for
2600 5061 47 29 the
2658 5062 126 36 holidays

2149 5108 46 28 the
2209 5108 172 36 community
2394 5107 50 28 has
2457 5108 80 35 given
2556 5108 76 28 itself
2645 5118 37 26 up
2697 5111 27 25 to
2738 5109 46 28 the

2150 5155 118 35 delights
2280 5154 30 27 of
2320 5154 195 34 horse-racing.
2553 5154 85 28 Roast
2651 5155 64 28 beef
2729 5156 55 27 and

2149 5202 77 38 plum
2257 5200 132 38 pudding,
2419 5200 148 29 unlimited
2592 5201 71 33 beer,
2689 5203 55 28 and
2769 5213 15 18 a

2150 5250 128 28 devotion
2302 5252 27 25 to
2355 5249 122 32 bazaars,
2509 5248 183 37 interspersed
2717 5250 66 29 with

2150 5297 66 34 suph
2240 5296 111 28 frailties
2370 5306 30 17 as
2422 5296 241 33 under-and-over,
2686 5297 97 33 raffles,

2151 5353 102 27 sweeps
2276 5343 55 27 and
2361 5343 171 36 impromptu
2563 5343 128 37 dancing.
2729 5344 36 28 Ad-

2150 5391 112 35 mitting
2275 5391 61 27 that
2348 5390 47 28 the
2414 5391 80 26 times
2511 5400 45 18 are
2576 5391 74 30 slow,
2664 5391 55 28 and
2738 5392 46 27 the

2150 5438 161 39 population
2334 5440 87 31 scant,
2442 5437 77 29 there
2537 5437 50 29 has
2609 5437 67 29 been
2696 5448 15 19 a
2733 5438 51 29 fair

2150 5487 163 28 attendance
2327 5496 35 18 on
2376 5486 45 28 the
2435 5495 167 24 racecourse,
2620 5487 53 27 and
2687 5487 80 28 broad-

2149 5544 61 28 way
2223 5532 30 30 of
2262 5543 36 19 an
2311 5532 118 39 evening
2442 5532 102 37 though
2561 5533 42 29 far
2615 5533 70 29 from
2704 5532 80 37 being

2150 5583 144 34 thronged,
2308 5593 86 18 wears
2407 5593 35 18 an
2457 5583 40 28 air
2510 5583 29 28 of
2548 5583 87 28 bustle
2650 5583 68 28 from
2737 5583 46 29 the

2150 5630 85 27 many
2254 5630 106 27 passers
2374 5625 45 24 too
2432 5620 54 28 and
2505 5623 49 25 fro.
2591 5621 58 27 The
2669 5621 114 28 coaches

2150 5659 70 28 have
2233 5659 141 36 deposited
2394 5659 107 28 visitors
2514 5659 67 28 from
2602 5659 35 27 all
2652 5659 89 35 points
2755 5661 29 25 of

2150 5698 46 29 the
2210 5706 134 28 compass,
2366 5696 53 29 and
2433 5706 43 18 ere
2499 5697 47 28 the
2565 5696 127 38 holidays
2710 5706 54 19 com-

2149 5736 114 29 menced
2277 5736 46 29 the
2337 5742 85 23 stores
2435 5736 54 28 and
2501 5736 109 36 drapers
2619 5736 82 36 shops
2712 5736 70 28 from

2149 5776 47 27 the
2221 5776 118 26 unusual
2361 5775 115 27 number
2497 5781 25 21 ot
2546 5778 159 27 customers,
2728 5775 54 27 and

2149 5814 46 28 the
2209 5814 127 28 selection
2350 5813 31 28 of
2393 5817 70 32 toys,
2477 5812 114 28 suitable
2611 5815 123 34 presents
2753 5813 26 27 in

2149 5854 45 30 the
2209 5855 77 33 fancy
2302 5852 81 37 guod.-
2398 5856 91 33 s':ops,
2504 5852 34 28 all
2549 5851 147 29 betokened
2706 5852 75 29 there

2778 209 55 20 was
2847 210 15 17 a
2876 198 157 34 something
3052 194 186 37 approaching
3259 199 47 24 out
3322 197 29 26 of
3367 196 42 28 the

2777 239 78 30 usual
2869 239 54 28 line
2937 237 30 28 of
2977 239 95 26 events
3084 242 6 26 ;
3110 232 81 29 while
3207 233 45 28 the
3266 234 104 37 display
3387 239 22 24 o!

2777 281 87 35 prime
2884 277 86 37 joints
2993 275 28 27 in
3035 274 46 27 the
3101 272 137 29 butchers'
3258 275 78 27 stalls
3358 276 51 27 ami

2776 318 45 27 the
2843 315 165 28 decimation
3033 312 30 27 of
3083 313 39 25 fat
3134 321 78 22 geese
3226 312 55 27 and
3303 314 106 34 poultry

2775 352 135 32 indicated
2925 352 21 29 it
2961 361 55 19 was
3029 350 58 28 also
3101 354 27 23 to
3142 349 32 28 be
3188 360 15 17 a
3222 350 67 28 time
3302 352 30 28 of
3341 353 68 35 good

2775 396 89 26 cheer.
2901 390 181 35 Fortunately
3102 388 46 29 the
3167 389 128 34 weather,
3310 401 29 17 so
3361 392 48 31 far,

2775 434 49 26 has
2839 432 67 27 been
2926 439 15 17 a
2961 437 117 22 success,
3095 427 105 36 though
3221 428 21 27 it
3261 429 22 26 is
3301 430 92 27 exceed-

2775 471 75 35 ingly
2864 479 58 19 rare
2935 468 42 28 for
2991 467 45 28 the
3051 465 143 29 festivities
3207 470 27 25 to
3249 476 61 27 pass
3330 477 77 28 away

2776 510 116 25 without
2922 517 15 16 a
2963 505 64 26 visit
3057 505 70 26 from
3156 504 110 35 Jupiter
3296 506 113 28 Pluinus

2776 547 90 27 whose
2880 545 64 33 long
2956 542 116 29 absence
3087 541 54 27 this
3155 550 94 19 season
3269 542 50 27 has
3333 543 74 28 dried

2775 595 50 17 our
2843 589 125 24 streams,
2988 580 55 28 and
3062 580 117 28 reduced
3196 580 45 28 the
3261 582 69 27 river
3348 588 28 21 to
3395 594 12 16 a

2775 622 129 31 babbling
2924 618 91 28 brook.
3055 619 32 26 In
3116 618 113 36 Murray
3250 619 94 33 Creek,
3363 621 46 27 the

2775 660 99 36 supply
2898 656 86 30 lasted
3006 656 59 37 just
3084 656 65 34 long
3168 656 108 35 enough
3300 658 41 26 for
3365 658 44 28 the

2776 699 105 29 Golden
2895 698 132 26 Treasure
3041 700 27 23 to
3084 695 82 28 liuish
3186 695 71 28 their
3269 696 140 35 crushing,

2777 738 44 26 the
2844 738 58 25 lirst
2925 734 108 37 portion
3047 734 29 27 of
3087 735 33 26 GO
3141 740 61 21 tons
3221 734 121 36 yielding
3364 736 45 27 the

2775 774 131 28 excellent
2927 776 92 25 return
3033 771 30 28 of
3080 772 97 28 lUOozs
3198 772 119 29 retorted
3336 773 72 33 gold.

2784 814 58 26 This
2868 823 55 16 was
2948 812 68 27 from
3044 810 72 28 what
3142 812 23 26 is
3189 810 100 28 known
3311 822 29 16 as
3365 812 45 28 the

2776 851 80 28 north
2883 849 87 30 block,
2995 859 14 17 a
3035 849 81 27 small
3148 849 70 32 lode,
3244 849 115 28 difficult
3383 856 27 21 to

2779 891 99 31 follow,
2900 900 29 17 as
2953 889 22 27 it
3000 888 181 36 occasionally
3206 887 157 38 disappears
3384 898 25 19 ai

2776 931 46 27 the
2836 931 66 26 time
2916 928 46 28 the
2976 935 76 21 stone
3067 927 76 28 looks
3161 934 69 22 most
3251 928 159 36 promising.

2780 969 23 28 It
2817 969 49 27 has
2887 968 66 29 been
2968 966 90 30 traced
3073 967 170 28 downwards
3265 967 41 27 for
3325 968 83 28 about

2776 1011 51 26 250
2845 1008 63 32 feet,
2932 1006 53 30 and
3006 1006 119 37 through
3141 1013 72 22 most
3232 1006 29 28 of
3280 1006 61 29 that
3360 1005 38 30 dis-

2777 1055 77 21 tance
2876 1046 54 28 had
2952 1056 15 17 a
2989 1052 94 28 strong
3104 1045 83 27 strike
3210 1051 27 21 to
3259 1045 45 27 the
3320 1046 91 27 north.

2777 1087 35 27 Of
2822 1087 54 27 late
2890 1086 20 26 it
2925 1084 49 28 has
2988 1084 83 28 taken
3090 1089 54 23 two
3160 1083 148 28 successful
3318 1084 94 36 jumps

2777 1131 26 23 to
2824 1125 45 28 the
2885 1123 172 29 southwards
3078 1123 27 27 in
3120 1123 47 27 the
3189 1123 69 27 form
3282 1123 29 27 of
3330 1127 82 32 steps,

2777 1164 81 33 being
2881 1164 54 27 lost
2965 1162 152 34 altogether
3147 1163 41 26 for
3212 1172 15 17 a
3254 1161 80 28 while
3359 1162 53 27 and

2778 1202 83 30 found
2874 1203 81 35 again
2970 1211 85 26 many
3076 1201 53 28 feet
3149 1200 82 28 south
3250 1200 30 27 of
3291 1199 89 30 where
3394 1201 18 26 it

2777 1241 187 36 disappeared.
3000 1240 61 28 The
3080 1249 131 25 manager
3226 1245 103 31 reports
3348 1240 54 27 hav

2777 1281 47 35 ing
2843 1279 80 35 again
2938 1278 97 36 picked
3049 1279 21 26 it
3083 1288 36 26 up
3133 1279 69 26 after
3221 1286 51 18 one
3292 1278 30 26 of
3336 1277 78 27 those

2777 1319 97 28 erratic
2891 1317 95 37 jumps
3008 1316 56 29 and
3082 1316 52 29 has
3155 1326 60 18 now
3236 1316 76 28 three
3334 1316 80 28 shifts

2777 1357 109 35 driving
2898 1357 42 26 for
2953 1357 21 27 it
2986 1356 71 27 from
3071 1365 16 17 a
3101 1356 82 26 lower
3196 1355 79 27 level.

2813 1395 57 27 The
2902 1393 159 37 Inglewood
3091 1392 114 28 cleaned
3230 1402 36 25 up
3297 1392 42 26 for
3369 1392 45 27 the

2778 1433 126 29 holidays
2923 1432 65 28 with
3003 1443 16 17 a
3038 1435 94 25 return
3154 1432 28 26 of
3203 1431 50 27 13d
3259 1437 48 20 wts
3330 1436 26 21 to
3371 1431 45 27 the

2779 1477 57 24 ton.
2874 1472 34 28 In
2930 1471 47 29 the
3003 1471 74 28 mine
3103 1470 46 28 the
3172 1469 61 28 lode
3258 1469 23 28 is
3306 1468 111 36 looking

2779 1512 87 33 larger
2879 1511 55 28 and
2949 1520 74 18 more
3036 1510 162 37 promising,
3217 1508 56 29 and
3286 1507 131 37 crushing

2779 1550 56 27 will
2860 1549 32 28 le
2917 1549 128 28 resumed
3070 1549 106 33 shortly
3198 1548 70 27 after
3293 1547 76 26 work
3395 1547 22 26 is

2779 1588 101 29 started
2895 1592 28 23 at
2937 1587 66 28 New
3018 1587 80 28 Year.
3136 1586 58 28 The
3205 1585 121 28 weather
3337 1585 81 33 being

2780 1638 29 17 so
2823 1627 151 35 eminently
2993 1625 139 29 favorable
3151 1625 42 28 for
3206 1624 107 29 outside
3334 1624 83 33 work,

2780 1664 69 36 good
2873 1673 125 27 progress
3020 1665 21 26 is
3066 1662 83 36 being
3174 1663 80 27 made
3278 1663 66 27 with
3371 1663 46 27 the

2780 1704 82 27 aerial
2884 1703 54 28 line
2959 1707 27 24 to
3013 1707 116 23 connect
3153 1701 47 28 the
3225 1700 95 28 Venus
3344 1701 73 27 mine

2780 1743 54 27 and
2848 1742 117 36 battery.
3001 1742 24 27 A
3039 1741 69 37 good
3122 1740 68 37 pack
3202 1740 76 29 track
3290 1740 47 28 has
3349 1739 67 28 been

2780 1780 118 29 finished
2922 1790 38 27 up
2981 1780 46 28 the
3049 1780 58 28 face
3130 1780 31 27 of
3178 1779 47 28 the
3247 1778 51 28 hill
3319 1782 27 24 to
3371 1778 47 28 the

2782 1820 103 32 tunnel,
2905 1819 55 29 and
2979 1819 9 28 i
3003 1829 35 19 on
3052 1818 66 29 rails
3131 1818 54 28 and
3210 1820 107 35 portion
3331 1818 31 28 of
3372 1817 45 28 the

2782 1858 159 37 machinery
2960 1858 40 28 for
3019 1858 45 28 the
3078 1858 55 28 line
3149 1867 47 19 are
3217 1857 80 36 being
3315 1856 103 37 packed

2781 1907 45 27 up.

2816 1936 58 29 The
2888 1940 78 24 stone
2981 1936 47 28 the
3048 1936 86 28 Globe
3153 1935 50 29 has
3217 1935 68 28 been
3304 1935 117 34 sending

2782 1981 27 23 to
2823 1976 46 28 the
2883 1975 60 29 mill
2962 1975 127 38 previous
3103 1979 27 25 to
3144 1975 56 28 this
3221 1975 52 28 last
3296 1974 74 28 week
3391 1984 30 18 or

2784 2022 63 26 two,
2861 2016 51 26 has
2926 2020 49 23 not
2992 2015 115 27 realised
3126 2015 195 36 expectations.
3361 2014 24 27 It
3399 2015 22 26 is

2782 2053 122 27 believed
2917 2062 62 19 now
2993 2053 60 27 that
3066 2053 47 26 the
3126 2058 79 21 stone
3215 2053 65 26 thus
3290 2052 129 36 operated

2784 2101 72 28 upon
2871 2101 55 20 was
2939 2102 16 19 a
2968 2092 108 37 portion
3090 2091 30 30 of
3130 2090 45 30 the
3190 2090 44 30 old
3252 2090 91 30 Union
3364 2090 57 29 reef

2783 2131 89 28 which
2881 2131 162 28 hereabouts
3052 2140 54 19 was
3116 2131 129 35 expected
3258 2135 27 23 to
3292 2131 129 35 junction

2784 2168 66 31 with
2864 2169 45 30 the
2924 2169 86 30 Globe
3024 2169 63 35 line,
3102 2170 54 29 and
3176 2169 89 29 which
3289 2170 50 28 has
3353 2168 68 29 been

2784 2210 94 27 driven
2900 2220 35 17 on
2958 2211 27 26 in
3008 2210 46 27 the
3075 2210 52 27 low
3149 2210 80 27 level.
3267 2211 153 34 Thirty-six

2782 2248 54 28 feet
2858 2256 37 28 up
2915 2248 47 28 the
2984 2248 74 28 shaft
3073 2251 77 25 stoue
3172 2249 24 26 is
3218 2248 85 27 found
3326 2248 65 27 with
3405 2257 16 17 a

2784 2286 83 28 strike
2887 2291 127 32 contrary
3033 2291 28 23 to
3083 2286 61 28 that
3157 2287 29 27 in
3207 2286 47 28 the
3277 2286 69 28 level
3367 2286 54 28 and

2784 2325 153 35 altogether
2950 2325 125 36 showing
3087 2335 15 17 a
3117 2335 75 17 more
3209 2326 152 35 promising
3374 2335 30 25 ap-

2784 2372 141 28 pearance.
2963 2363 65 28 This
3047 2364 23 26 is
3093 2363 46 28 the
3159 2369 62 32 spot
3246 2364 91 26 where
3357 2363 64 36 they

2784 2403 70 27 have
2868 2413 61 17 now
2943 2403 106 35 opened
3062 2408 57 26 out,
3133 2403 53 27 and
3202 2413 35 18 an
3256 2403 165 35 impression

2786 2440 116 34 prevails
2915 2440 60 26 that
2989 2441 64 33 they
3067 2441 70 26 have
3151 2441 120 26 touched
3285 2441 45 26 the
3349 2441 72 33 right

2785 2481 77 24 stone
2876 2481 28 24 at
2917 2476 61 29 last.

2819 2516 24 27 A
2862 2516 95 36 couple
2977 2516 31 28 of
3019 2516 78 29 miles
3109 2516 107 29 further
3233 2520 27 25 to
3273 2518 47 27 the
3340 2516 81 29 north

2786 2558 27 24 at
2826 2564 15 18 a
2855 2556 76 34 place
2944 2554 102 29 known
3066 2565 29 17 as
3117 2556 145 36 Merrijig's
3277 2557 75 26 there
3366 2557 22 26 is
3407 2566 16 17 a

2786 2592 81 28 claim
2893 2593 88 27 called
3003 2593 46 28 the
3076 2593 100 37 Happy
3202 2594 107 35 Valley.
3348 2594 28 27 It
3400 2594 23 27 is

2786 2631 82 27 about
2881 2630 65 29 nine
2960 2632 113 26 months
3090 2632 75 28 since
3184 2632 157 37 operations
3354 2642 69 18 were

2786 2669 102 29 started
2914 2669 63 29 here
3008 2670 56 28 and
3088 2670 75 30 work
3193 2670 178 30 commenced
3396 2675 28 23 to

2786 2718 69 26 open
2881 2718 37 27 up
2942 2709 47 28 the
3007 2710 84 27 mine.
3129 2710 58 28 The
3209 2710 107 28 surface
3341 2710 83 33 being

2787 2748 121 37 stripped
2928 2747 44 34 off,
2994 2757 15 20 a
3022 2748 75 36 large
3115 2751 59 26 reef
3191 2758 57 19 was
3267 2749 96 28 visible
3384 2749 41 27 for

2786 2797 66 20 over
2873 2789 50 28 100
2944 2789 52 28 feet
3015 2788 29 29 in
3057 2789 105 36 length,
3177 2788 54 30 and
3255 2790 27 27 in
3307 2792 75 33 parts
3395 2787 29 31 of

2787 2826 63 32 this,
2864 2827 134 26 excellent
3011 2832 139 30 prospects
3159 2827 79 27 could
3249 2827 33 26 be
3292 2828 129 26 obtained

2786 2864 54 30 and
2853 2864 64 39 gold
2930 2874 60 21 seen
3005 2865 92 39 freely.
3135 2865 117 39 Though
3266 2865 77 39 lyiug
3356 2865 67 39 high

2786 2905 85 27 above
2894 2905 47 27 the
2963 2906 186 32 surrounding
3162 2912 126 29 country,
3309 2907 47 26 the
3379 2906 44 27 de-

2786 2951 14 14 T
2935 2952 12 5 ~
3022 2956 9 4 -
3280 2944 90 24 TT-l|loT7

2807 2971 88 27 which
2923 2971 21 27 it
2966 2971 23 27 is
3010 2971 127 32 situated,
3163 2977 129 31 prevents
3316 2971 21 28 it
3362 2971 81 34 being

2806 3010 108 36 pierced
2932 3010 36 36 by
2987 3019 16 19 a
3022 3010 97 28 tunnel
3138 3010 54 28 and
3212 3010 110 36 sinking
3341 3009 55 29 had
3416 3014 28 24 at

2806 3059 66 19 once
2892 3054 28 24 to
2940 3049 33 28 be
2987 3050 129 28 resorted.
3153 3051 24 27 A
3200 3050 73 28 shaft
3296 3059 55 18 was
3374 3049 70 28 sunk

2806 3088 139 35 following
2958 3088 46 28 the
3018 3093 77 23 stone
3109 3093 27 23 to
3150 3098 16 18 a
3179 3089 84 36 depth
3278 3089 31 27 of
3318 3090 49 26 114
3380 3088 63 33 feit,

2807 3126 45 28 the
2866 3126 123 28 underlie
3003 3126 80 37 being
3097 3131 27 23 at
3144 3127 59 29 first
3222 3127 114 36 slightly
3349 3133 28 21 to
3398 3126 45 29 the

2807 3171 58 24 east
2883 3166 54 28 and
2956 3166 68 28 then
3043 3165 146 37 becoming
3203 3166 100 30 almost
3323 3166 120 37 upright.

2807 3205 57 26 The
2887 3205 106 34 quality
3015 3205 30 26 of
3055 3205 46 26 the
3115 3212 77 20 stone
3205 3206 40 26 for
3264 3206 46 26 the
3330 3206 61 26 first
3411 3207 34 25 40

2807 3241 54 27 feet
2880 3251 57 17 was
2956 3250 66 27 very
3036 3241 80 35 good,
3139 3248 78 22 stone
3240 3243 81 35 equal
3342 3250 28 19 to
3391 3246 54 24 two

2808 3288 100 17 ounces
2927 3283 27 22 to
2968 3279 46 26 the
3028 3286 45 19 ton
3089 3279 81 35 being
3189 3280 98 35 passed
3306 3280 118 35 through
3438 3288 6 24 ;

2808 3316 116 36 nothing
2949 3327 28 19 so
3004 3316 71 37 good
3099 3328 56 18 was
3181 3322 55 24 met
3262 3318 67 29 with
3360 3318 83 29 below

2809 3357 104 32 though
2928 3360 77 24 stone
3018 3366 76 18 more
3108 3368 28 16 or
3156 3359 54 27 less
3223 3368 55 17 was
3291 3358 104 28 carried
3409 3359 36 26 all

2810 3394 45 28 the
2870 3404 70 26 way.
2978 3394 34 28 In
3021 3394 108 37 driving
3139 3396 82 28 south
3231 3395 72 29 from
3312 3396 46 28 the
3372 3396 75 28 shaft

2810 3443 14 18 a
2847 3433 121 29 distance
2989 3434 30 27 of
3038 3435 34 27 40
3093 3436 63 32 l'eet,
3170 3444 16 19 a
3206 3440 95 31 strong
3323 3435 72 36 body
3419 3436 29 28 of

2810 3476 77 23 stone
2918 3471 50 28 has
2998 3472 69 27 been
3102 3477 60 24 met
3191 3473 67 27 with
3296 3474 90 27 which
3424 3476 22 25 is

2810 3509 142 38 gradually
2972 3509 157 40 improving
3148 3512 27 28 in
3199 3521 178 28 appearance,
3391 3512 56 30 and

2810 3551 22 26 ii
2844 3551 22 25 is
2879 3551 128 33 expected
3026 3551 46 27 the
3087 3551 81 28 shoot
3180 3555 27 24 ot
3226 3552 63 34 gold
3309 3559 56 20 met
3379 3553 66 27 with

2784 3586 1 34 i
2810 3595 28 17 m
2852 3586 45 27 the
2912 3587 73 26 shaft
2998 3586 50 27 has
3061 3596 77 19 come
3151 3589 71 26 from
3236 3589 56 26 this
3305 3589 140 31 direction,

2810 3624 54 28 and
2877 3624 55 28 will
2945 3624 106 36 shortly
3066 3624 31 29 be
3106 3626 192 28 encountered.

2844 3664 107 29 Within
2965 3675 15 18 a
2993 3665 51 28 few
3057 3664 96 30 chains
3167 3666 30 28 of
3207 3666 55 29 this
3271 3666 82 30 claim
3365 3666 23 30 is
3398 3667 47 29 the

2810 3703 45 28 old
2876 3704 146 36 Merrijig's
3042 3704 70 34 lead,
3134 3706 35 27 its
3189 3710 75 30 great
3285 3707 161 37 peculiarity

2810 3741 81 36 being
2912 3742 63 28 that
2996 3743 21 27 it
3037 3743 23 27 is
3080 3743 118 28 situated
3221 3753 35 19 on
3272 3754 15 18 a
3310 3744 66 35 high
3397 3746 48 28 hill

2810 3781 178 33 overlooking
3012 3781 45 28 the
3078 3782 186 35 surrounding
3282 3788 117 31 country
3419 3785 26 27 in

2810 3818 35 28 all
2860 3818 145 29 directions
3019 3819 48 28 but
3081 3829 60 23 one,
3156 3820 46 28 the
3218 3821 106 33 ground
3337 3822 109 36 sloping

2810 3856 40 28 off
2859 3857 118 28 towards
2995 3857 36 28 all
3050 3859 91 35 points
3155 3858 48 28 but
3221 3859 46 28 the
3281 3860 90 33 north,
3392 3861 54 27 and

2810 3896 82 36 along
2911 3896 55 29 this
2984 3896 49 28 hill
3048 3896 22 29 is
3089 3896 114 29 scoured
3216 3908 16 19 a
3250 3897 69 39 deep
3338 3908 107 20 narrow

2810 3940 91 29 gutter
2923 3936 30 26 in
2977 3936 126 31 bedrock,
3122 3937 75 27 filled
3220 3942 27 23 to
3269 3938 46 27 the
3340 3939 106 28 surface

2810 3973 66 27 with
2903 3974 151 27 auriferous
3082 3975 85 31 wash,
3193 3976 47 27 the
3270 3976 64 34 gold
3365 3977 81 35 being

2810 4011 75 29 what
2897 4011 23 29 is
2933 4011 102 29 known
3051 4022 30 18 as
3099 4012 140 38 specimen
3258 4014 72 37 gold,
3344 4015 102 37 having

2810 4051 88 36 pieces
2922 4051 31 28 of
2974 4055 96 32 quartz
3098 4052 135 34 adhering
3263 4058 27 22 to
3320 4054 29 28 it.
3388 4055 57 28 The

2810 4089 107 35 portion
2930 4089 156 35 remaining
3103 4090 31 28 of
3144 4090 56 29 this
3212 4091 46 29 old
3277 4092 60 28 lead
3357 4093 22 28 is
3393 4094 52 28 less

2810 4127 68 28 than
2892 4127 165 28 half-a-mile
3075 4138 28 18 in
3119 4129 103 36 length.
3259 4131 59 27 The
3338 4132 106 28 bottom

2810 4166 30 27 of
2850 4165 46 28 the
2910 4169 90 33 gutter
3019 4176 55 18 was
3092 4167 96 28 driven
3207 4172 49 25 out
3268 4178 87 28 many
3366 4179 80 26 years

2810 4214 61 24 ago,
2884 4204 55 28 and
2958 4205 63 35 paid
3040 4205 193 37 handsomely.
3270 4208 84 28 From
3372 4211 35 26 (50
3419 4214 27 24 to

2810 4244 35 26 80
2868 4242 54 28 feet
2946 4243 49 27 lies
3020 4242 86 28 above
3130 4245 31 29 it,
3186 4245 90 28 which
3303 4246 50 28 has
3378 4247 68 27 been

2811 4280 90 38 partly
2915 4280 109 30 worked
3037 4280 36 38 by
3095 4282 145 36 hydraulic
3259 4284 125 37 sluicing,
3398 4285 47 30 but

2810 4321 91 34 owing
2925 4325 28 23 to
2978 4320 46 28 the
3049 4322 122 28 elevated
3192 4322 132 30 situation
3346 4326 31 26 of
3398 4327 47 27 the

2810 4358 105 37 ground
2937 4363 84 23 water
3043 4359 70 28 from
3136 4369 56 28 any
3212 4362 123 37 running
3354 4364 92 28 creeks

2810 4397 80 28 could
2911 4402 47 23 not
2980 4397 32 28 be
3035 4398 135 34 obtained,
3195 4401 54 27 and
3270 4402 47 27 the
3337 4402 108 30 rainfall

2810 4435 54 28 had
2878 4439 28 24 to
2920 4435 31 28 be
2970 4436 141 36 depended
3125 4445 35 19 on
3172 4445 6 25 ;
3198 4438 62 28 that
3278 4439 23 27 is
3315 4440 75 28 work
3405 4441 41 28 for

2811 4473 76 29 three
2900 4484 30 18 or
2943 4474 60 29 four
3016 4475 114 29 months
3148 4475 28 29 in
3190 4486 36 19 an
3244 4486 114 27 average
3371 4489 74 28 year.

2810 4513 90 26 About
2922 4513 76 27 three
3023 4523 80 25 years
3121 4524 51 25 ago
3193 4525 35 18 an
3250 4521 120 31 attempt
3390 4528 55 18 was

2812 4550 78 28 made
2905 4557 26 20 to
2942 4550 65 28 float
3019 4560 16 18 a
3048 4560 138 28 company
3203 4553 54 27 and
3271 4553 79 39 bring
3363 4561 83 23 water

2810 4589 68 28 from
2899 4589 46 29 the
2959 4590 53 36 Big
3035 4590 92 29 River.
3163 4592 148 30 Elaberate
3332 4604 114 28 surveys

2810 4628 53 27 and
2884 4628 142 28 estimates
3044 4638 71 19 were
3128 4631 81 27 made
3224 4640 6 24 ;
3250 4631 21 28 it
3284 4642 56 18 was
3359 4634 85 28 found

2811 4666 60 30 that
2893 4666 46 30 the
2964 4677 60 20 race
3050 4669 91 29 would
3167 4668 32 31 be
3220 4675 28 24 at
3270 4671 69 30 least
3360 4682 83 21 seven

2810 4706 80 28 miles
2903 4706 64 35 long
2979 4707 54 28 and
3047 4718 16 18 a
3076 4708 70 29 wide
3165 4709 157 37 depression
3341 4713 31 27 of
3382 4723 64 18 over

2810 4745 165 28 half-a-mile
2995 4746 90 27 would
3106 4746 71 29 have
3190 4753 27 23 to
3232 4749 31 27 be
3285 4751 110 27 crossed
3409 4752 36 31 by

2810 4783 80 37 using
2908 4792 59 20 iron
2980 4783 105 39 piping.
3123 4785 58 30 The
3200 4787 100 38 supply
3316 4789 30 29 of
3361 4794 85 25 water

2810 4833 56 17 was
2883 4823 80 32 good,
2986 4824 54 27 and
3054 4835 16 16 a
3082 4825 50 27 site
3146 4826 117 28 selected
3285 4829 42 27 for
3339 4839 16 17 a
3369 4830 75 31 dam,

2810 4860 91 28 where
2926 4860 46 29 the
2996 4862 176 36 expenditure
3198 4864 30 28 ef
3255 4865 84 29 about
3371 4869 75 27 £'2oo

2810 4899 89 28 would
2913 4899 68 28 have
2995 4901 90 28 raised
3097 4911 35 18 an
3151 4903 200 30 embankmcut
3363 4906 65 28 back-

2810 4938 47 35 ing
2881 4937 46 28 the
2953 4943 84 23 water
3057 4948 65 19 over
3143 4942 32 25 10
3193 4950 30 19 or
3244 4943 33 27 12
3296 4952 76 20 acres
3391 4946 54 28 and

2811 4976 118 34 forming
2953 4987 16 17 a
2995 4978 178 33 magnificent
3196 4982 143 29 reservoir.
3388 4985 57 29 The

2810 5015 79 27 affair
2901 5024 56 18 was
2970 5017 153 28 somewhat
3141 5020 146 34 expensive
3301 5021 54 28 and

2811 5053 47 29 fire
2883 5058 47 23 too
2955 5054 73 34 long,
3054 5055 53 28 and
3128 5057 82 28 times
3232 5058 145 38 becoming
3401 5061 29 30 de-

2812 5092 108 35 pressed
2934 5093 116 35 nothing
3063 5103 75 19 more
3148 5105 54 17 was
3213 5096 85 29 heard
3308 5100 29 25 of
3343 5100 30 27 it.
3411 5102 35 26 Of

2810 5130 65 33 late,
2894 5130 22 27 it
2936 5130 50 27 has
3007 5131 97 35 passed
3118 5133 70 27 from
3201 5134 46 27 the
3261 5134 90 30 hands
3363 5138 30 27 of
3412 5140 34 27 its

2811 5168 101 26 former
2925 5168 175 35 proprietors,
3115 5170 96 28 M'Gee
3233 5173 142 33 Brothers,
3388 5176 58 28 into

2812 5205 45 28 the
2870 5206 153 36 possession
3044 5207 29 27 of
3090 5207 165 35 Chinamen,
3275 5211 63 29 who
3360 5214 86 28 under

2812 5244 46 28 the
2879 5249 110 32 present
3009 5249 102 32 system
3134 5246 70 30 have
3225 5259 36 18 an
3279 5252 166 38 everlasting

2812 5287 57 23 seat
2882 5283 29 27 of
2921 5282 75 28 work
3009 5282 88 29 before
3107 5284 86 29 them.

2846 5321 58 27 The
2923 5321 130 27 tributers
3073 5322 30 26 of
3122 5323 46 28 the
3190 5325 121 36 Hopeful
3334 5328 111 29 cleaued

2811 5367 38 27 up
2872 5358 67 29 with
2968 5359 47 28 the
3038 5364 93 24 return
3158 5362 30 28 of
3207 5364 99 28 20tiozs
3330 5366 31 28 of
3383 5369 63 33 gold

2811 5396 67 28 from
2894 5399 50 26 110
2956 5402 61 23 tons
3031 5397 30 28 of
3070 5402 87 30 stop.®,
3170 5410 30 18 or
3213 5401 72 29 close
3296 5412 73 27 upon
3383 5408 63 26 2ozs

2812 5439 26 23 to
2852 5435 46 27 the
2913 5440 56 28 ton,
2988 5436 35 27 20
3035 5444 45 28 per
3094 5441 70 24 cent,
3186 5448 63 26 goes
3263 5444 27 24 to
3304 5442 46 28 the
3364 5444 60 28 Com-

2812 5484 81 26 pany.
2930 5475 23 27 A
2972 5474 70 36 good
3055 5474 61 30 deal
3129 5477 31 28 of
3174 5477 70 30 dead
3261 5480 76 30 work
3350 5481 55 30 had
3419 5489 27 24 to

2812 5513 31 26 be
2857 5512 68 27 done
2939 5512 35 35 by
2986 5513 47 26 the
3047 5514 128 28 tributers
3193 5516 90 28 before
3296 5519 68 36 they
3377 5531 69 18 were

2810 5550 29 28 in
2864 5560 16 19 a
2904 5551 117 37 position
3046 5555 28 25 to
3099 5550 83 33 break
3212 5559 87 30 stone,
3326 5557 48 31 but
3400 5560 46 30 the

2810 5590 134 29 excellent
2967 5595 94 25 return
3086 5591 50 29 has
3160 5595 65 35 paid
3256 5596 78 30 them
3358 5599 69 29 hand-

2810 5628 115 34 somely.

3011 5667 23 27 is
3048 5667 56 28 still
3118 5670 149 35 extending
3279 5673 46 28 the
3340 5674 68 29 level
3419 5679 27 24 to

2811 5708 115 24 connect
2938 5705 66 28 with
3018 5705 72 28 their
3104 5708 100 28 second
3219 5710 87 29 winze
3319 5714 127 36 currying

2810 5743 70 37 good
2893 5747 77 26 stone
2985 5745 115 36 varying
3112 5756 28 18 in
3150 5747 139 31 thickness
3300 5751 47 28 the
3358 5753 88 29 whole

2810 5791 69 25 way.
2918 5783 84 34 Early
3016 5784 28 26 in
3058 5784 46 27 the
3118 5787 111 36 coming
3241 5797 66 26 year
3316 5791 130 34 crushing

2811 5819 54 28 will
2878 5818 32 29 be
2925 5821 134 33 resumed,
3073 5822 54 29 and
3143 5824 20 27 it
3177 5825 22 28 is
3213 5827 168 38 anticipated
3392 5816 54 41 will

2811 5858 30 30 he
2856 5859 115 36 steadily
2986 5860 182 32 maintained.

3476 202 57 27 The
3548 203 137 33 welcome,
3706 204 26 27 in
3749 204 51 28 No.
3814 208 24 29 8,
3854 207 22 26 is
3894 207 55 27 still
3965 207 109 34 driving

3440 250 33 19 on
3489 242 45 28 the
3556 242 60 29 lode
3638 242 54 29 and
3714 243 58 28 also
3791 245 117 37 sloping,
3929 246 45 28 the
3996 252 78 22 stona

3440 282 68 28 from
3525 283 45 28 the
3584 284 80 27 north
3679 284 80 34 being
3773 286 27 26 ot
3809 295 121 27 superior
3939 287 116 36 quality.

3474 322 42 26 On
3542 322 45 27 the
3613 323 63 26 18th
3707 323 115 31 instant,
3852 322 42 29 Mr
3920 326 153 29 Menteath,

3441 358 124 31 M.H.Ik,
3579 360 45 28 the
3639 360 120 29 member
3772 362 41 28 for
3833 362 45 29 the
3895 363 114 35 district,
4024 363 31 30 ad-

3438 395 109 32 dressed
3573 400 46 28 the
3642 401 116 28 electors
3782 406 28 23 at
3834 402 46 28 the
3905 404 165 29 Oddfellow

3439 436 74 34 Hall,
3527 438 53 28 and
3594 449 68 25 gave
3675 450 15 17 a
3704 440 71 28 clear
3787 440 54 28 and
3859 441 73 28 lucid
3951 442 118 37 position

3437 476 29 27 of
3476 476 45 28 the
3535 476 105 39 history
3650 480 33 27 of
3692 479 47 29 the
3752 480 112 34 session,
3878 481 34 29 its
3921 481 81 29 faults
4013 482 54 28 and

3439 514 115 33 failures,
3581 518 46 25 the
3652 527 79 17 cause
3755 518 32 27 of
3809 520 46 26 the
3880 522 117 32 existing
4021 522 30 26 de-

3437 551 128 35 pression,
3791 556 40 28 for
3844 567 15 17 a
3876 557 122 38 railway,
4019 558 47 28 tho

3437 598 109 19 reasons
3565 592 40 27 for
3624 602 122 29 severing
3760 596 41 27 his
3820 598 161 27 connection
4001 598 65 28 with

3437 628 45 26 the
3504 629 104 29 district
3835 635 28 26 in
3890 635 176 35 Wellington,

3437 665 53 27 and
3512 667 77 28 other
3714 672 161 34 interesting
3894 683 26 19 to
3941 675 41 27 his
4003 684 48 19 cou-

3435 713 14 17 s
3463 705 109 29 iiueuts.
3608 708 24 27 A
3646 709 95 37 hearty
3755 718 59 21 vote
3827 713 30 27 of
3867 713 123 29 renewed
4003 724 46 18 con-

3436 742 103 29 fidence
3554 748 162 28 terminated
3729 750 46 27 tile
3789 751 184 35 proceedings.

3925 791 106 27 Thady.

3541 871 120 30 NOTES
3681 875 103 30 FROM
3805 879 157 29 NELSON.

3500 961 82 28 (VlxOM
3602 971 55 19 OUR
3676 972 60 20 OWN
3756 975 249 26 COKRKSPOXDKXT.?

3475 1018 11 27 I
3503 1018 69 36 hope
3586 1030 46 27 my
3645 1023 106 29 readers
3765 1025 54 29 will
3838 1033 48 23 not
3906 1028 78 30 think
4007 1030 60 29 that

3439 1065 46 27 the
3499 1066 59 28 J.l\
3573 1070 122 34 questiou
3720 1071 21 27 is
3762 1073 45 28 the
3829 1075 65 36 ouly
3913 1077 102 36 subject
4039 1078 28 26 in

3441 1113 99 29 Nelson
3573 1117 84 28 worth
3689 1119 109 39 writing
3826 1122 90 32 about,
3942 1124 49 28 but
4021 1124 46 27 the

3441 1162 109 28 scandal
3582 1176 28 16 as
3637 1167 20 26 it
3684 1172 57 28 gets
3766 1168 74 29 older
3859 1171 54 27 and
3932 1181 75 18 more
4026 1172 29 27 de-

3442 1210 111 37 veloped
3567 1211 123 31 becomes
3704 1224 74 20 more
3797 1217 53 28 and
3874 1228 74 19 more
3972 1220 84 27 ridicu-

3443 1258 66 26 lous.
3551 1260 52 27 lhe
3627 1261 80 28 latest
3728 1263 83 35 phase
3833 1266 22 25 is
3876 1266 45 26 the
3948 1274 107 27 appoint-

3443 1310 73 21 ment
3531 1305 29 27 of
3570 1307 115 29 another
3697 1310 94 36 couple
3801 1310 30 28 of
3843 1312 127 27 worthies
3982 1319 27 26 tQ
4024 1310 46 31 tho

3444 1352 94 33 bench,
3554 1353 44 28 Mr
3620 1357 23 25 \\
3654 1357 62 28 illia'
3721 1368 14 11 ll
3759 1358 44 27 Ha
3808 1358 87 32 ddow,
3909 1369 15 16 a
3946 1359 126 29 firewood

3443 1398 53 27 and
3511 1409 63 18 corn
3589 1400 98 35 dealer,
3700 1404 53 26 and
3771 1404 41 27 Mr
3827 1404 42 27 W.
3881 1404 26 27 J.
3923 1405 87 31 Bond,
4024 1416 51 17 one

3444 1447 26 25 ot
3492 1446 45 27 the
3559 1451 163 34 proprietors
3742 1452 30 26 of
3792 1452 46 27 the
3863 1451 132 29 Colonist,
4010 1453 65 26 both

3445 1502 64 28 very
3522 1496 141 29 estimable
3674 1498 53 28 and
3737 1499 163 37 respectable
3911 1499 165 29 individuals

3446 1543 26 25 in
3487 1543 70 27 their
3570 1555 68 25 way,
3653 1546 47 26 but
3713 1557 30 16 as
3756 1548 82 26 much
3852 1553 49 22 out
3913 1548 29 26 of
3953 1549 74 35 place
4041 1557 36 19 oil

3445 1599 15 17 a
3487 1590 86 28 bench
3594 1593 30 26 of
3643 1593 113 35 justices
3777 1604 29 17 as
3831 1600 54 22 fvo
3911 1604 63 18 men
3999 1595 81 28 could

3445 1638 120 36 possibly
3586 1639 41 27 be.
3664 1641 77 35 They
3763 1651 44 18 are
3831 1652 29 18 as
3882 1643 125 30 suitable,
4022 1653 42 26 per-

3446 1685 79 35 haps,
3540 1695 29 17 as
3583 1696 54 25 ?.ny
3651 1687 91 27 others
3756 1689 78 26 could
3856 1689 32 26 be
3906 1690 42 26 for
3961 1690 45 26 the
4020 1699 45 26 pur-

3446 1743 34 26 po
3483 1733 3 38 .
3494 1743 16 19 e
3525 1733 45 29 the
3586 1734 127 37 Ministry
3728 1735 53 29 had
3796 1737 26 27 in
3844 1737 69 27 view
3925 1745 5 19 :
3952 1745 25 20 to
3991 1746 46 20 use
4050 1747 30 19 as

3446 1792 16 17 a
3487 1783 98 35 couple
3610 1783 30 27 of
3662 1783 60 28 half
3744 1784 88 28 bricks
3858 1790 27 22 to
3908 1785 50 34 shy
3979 1792 28 21 at
4036 1787 45 27 the

3448 1829 85 29 heads
3558 1830 30 28 of
3610 1830 46 29 the
3679 1832 44 27 old
3743 1832 163 29 established
3926 1839 78 31 party
4018 1835 62 27 who

3447 1878 71 28 have
3540 1879 143 36 expressed
3706 1880 70 28 their
3798 1880 170 37 disapproval
3983 1883 30 27 of
4031 1883 47 27 the

3447 1927 60 28 first
3532 1927 197 37 objectionable
3754 1929 199 37 appointment.
3990 1931 37 28 As
4052 1936 27 24 to

3438 1975 1 41 !
3448 1975 46 29 the
3508 1976 170 37 capabilities
3690 1987 30 18 as
3734 1977 153 37 dispensers
3901 1979 29 27 of
3942 1980 98 36 justice
4053 1981 32 27 of

3448 2027 46 26 the
3521 2030 53 23 two
3601 2035 59 18 new
3686 2035 63 19 men
3775 2027 45 27 the
3845 2028 158 28 corndealer
4031 2030 50 27 has

3438 2072 1 36 ;
3448 2072 112 36 egotism
3575 2072 106 36 enough
3697 2078 26 23 to
3737 2082 108 19 assume
3868 2074 45 27 the
3936 2075 145 33 woolsack,

3438 2111 41 48 Jor
3504 2127 27 22 to
3556 2122 130 35 engineer
3711 2122 45 28 the
3790 2123 153 36 precession
3974 2124 32 28 of
4033 2125 47 28 tho

3438 2170 1 39 '
3448 2170 147 37 equinoxes
3610 2170 22 27 if
3642 2170 135 38 suddenly
3789 2172 87 29 called
3899 2181 73 28 upon
3998 2178 28 23 to
4047 2173 34 28 do

3438 2220 1 41 i
3449 2228 38 23 so,
3502 2220 47 26 but
3563 2220 13 26 I
3591 2229 44 17 am
3650 2220 85 27 afraid
3755 2221 42 26 his
3819 2225 148 24 command
3988 2222 30 26 of
4036 2223 46 27 the

3438 2262 1 41 |
3448 2265 117 36 English
3579 2266 133 34 language
3721 2267 90 28 would
3826 2268 32 27 be
3873 2268 82 28 found
3969 2268 112 35 slightly

3438 2304 1 37 i
3448 2305 89 36 shaky
3559 2306 28 26 in
3607 2307 189 34 pronouncing
3817 2317 16 17 a
3855 2307 111 27 verdict.
4006 2307 41 27 He
4061 2308 22 26 is

3438 2338 1 41 |
3448 2352 66 25 very
3528 2343 65 28 fond
3607 2344 30 26 of
3655 2343 113 36 hearing
3787 2345 114 27 himself
3911 2345 67 28 talk,
3993 2347 21 25 is
4028 2346 54 27 this

3438 2380 1 41 !
3450 2381 53 38 hay
3523 2381 54 29 and
3600 2387 80 24 straw
3703 2382 159 34 merchant;
3881 2383 56 29 and
3952 2393 82 18 never
4048 2384 35 37 by

3438 2421 1 38 I
3449 2432 54 23 any
3517 2421 116 34 possible
3645 2422 102 28 chance
3761 2423 103 27 throws
3883 2433 78 25 away
3981 2434 34 16 an
4036 2434 30 25 op-

3438 2459 1 34 !
3449 2462 59 31 port
3512 2460 78 33 unity
3604 2460 28 24 of
3643 2459 160 32 addressing
3816 2468 15 17 a
3845 2460 90 33 public
3950 2461 133 32 meeting;

3438 2489 65 43 {and
3533 2496 30 27 of
3591 2496 76 28 there
3699 2496 112 34 hurling
3835 2502 28 24 at
3885 2497 43 29 his
3953 2497 131 29 audience

3438 2535 1 37 !
3449 2535 154 36 dictionary
3629 2535 87 27 words
3741 2537 29 27 of
3798 2542 162 30 portentous
3991 2538 94 34 length

3438 2574 1 34 i
3450 2574 54 27 and
3526 2574 155 27 unsuitable
3704 2576 139 32 meaning.
3881 2576 56 26 The
3952 2576 51 26 last
4019 2581 66 21 timo

3438 2611 1 37 |
3452 2612 12 26 I
3479 2622 55 17 saw
3549 2611 57 28 him
3622 2622 35 17 on
3671 2611 43 28 his
3728 2612 56 33 legs
3796 2622 55 18 was
3865 2614 27 26 in
3906 2614 47 27 the
3967 2614 115 28 theatre,

3438 2650 1 41 j
3450 2650 80 27 when
3558 2650 44 27 Mr
3625 2651 58 26 Fell
3708 2660 67 23 gave
3796 2661 14 18 a
3834 2661 67 25 very
3924 2653 163 31 interesting

3438 2689 1 39 :
3450 2696 118 22 account
3591 2689 30 28 of
3641 2689 43 28 his
3704 2689 137 29 thousand
3864 2691 93 37 pound
3982 2692 53 36 trip
4060 2698 28 20 to

3438 2728 1 32 j
3452 2728 115 27 London
3582 2729 28 26 in
3624 2728 95 28 search
3734 2732 27 24 ot
3774 2729 45 28 the
3833 2730 108 28 shekels
3955 2736 27 21 to
4006 2730 79 28 make

3438 2763 1 44 '
3451 2766 46 30 the
3513 2766 75 30 West
3602 2768 82 28 Coast
3698 2767 115 40 railway
3830 2768 78 34 with,
3922 2768 55 29 and
3999 2768 86 30 didn't

3438 2808 1 35 |
3450 2808 58 26 find
3528 2808 86 27 them.
3660 2808 58 28 The
3738 2809 112 28 insisive
3874 2810 145 27 Levcstam
4047 2820 26 17 re-

3438 2845 1 39 i
3451 2845 99 27 turned
3564 2845 112 34 thanks,
3689 2846 55 27 and
3758 2847 45 27 the
3824 2848 162 36 ever-ready
4010 2848 57 26 Had-

3451 2884 60 30 dow
3535 2885 143 32 seconded,
3693 2885 54 30 and
3769 2886 58 30 said
3848 2886 33 30 he
3928 2886 89 38 hoped
4040 2886 47 30 the

3438 2925 1 42 ;
3452 2925 104 26 Nelson
3581 2926 97 34 people
3700 2926 91 26 would
3815 2927 313 40 unan^^^^iljil^J^^|

3454 2968 5 5 •
3469 2963 231 20 vviiotivii'mytta!y
3902 2964 110 18 I'ftiiwiiV-

3438 2989 19 49 £!
3471 2989 89 28 would
3574 2999 78 18 come
3663 2989 94 29 rather
3767 2990 136 29 awkward
3917 2992 22 27 if
3949 2992 45 27 old
4008 2992 99 30 Bosser

3456 3025 2 35 I
3471 3037 77 19 came
3569 3027 90 29 befjre
3680 3038 15 18 a
3718 3034 59 23 rota
3798 3030 30 28 of
3846 3030 77 29 three
3935 3031 84 29 J.P.'s
4033 3039 28 21 to
4074 3032 34 28 do

3438 3066 5 11 v
3456 3066 2 39 |
3471 3077 121 28 penance
3614 3069 42 27 for
3677 3079 16 17 a
3715 3069 104 36 night's
3843 3070 129 33 carnival,
3985 3071 53 28 and
4054 3081 55 19 was

3438 3106 4 38 '
3456 3106 3 38 |
3471 3107 148 27 sentenced
3633 3106 36 34 by
3683 3107 75 28 them
3774 3116 27 20 to
3821 3110 34 25 48
3874 3109 83 27 hours
4012 3119 77 19 imam-

3438 3149 21 26 ';
3471 3145 111 37 mously
3604 3145 55 29 and
3688 3147 228 35 conscientiously
3993 3148 114 29 because

3438 3185 4 38 '
3457 3185 2 38 1
3472 3185 61 28 that
3554 3185 91 28 would
3666 3185 32 28 be
3722 3194 46 28 apt
3784 3193 26 22 to
3824 3188 60 35 spin
3899 3188 41 27 his
3954 3187 111 35 holiday
4080 3196 29 21 at

3457 3224 2 36 ;
3472 3224 55 26 free
3554 3229 126 29 quarters
3706 3230 47 20 out
3781 3231 26 20 to
3833 3226 154 34 something
4012 3227 54 26 like
4092 3237 15 16 a

3438 3289 5 6 .
3457 3257 3 38 j
3473 3260 85 28 week.
3594 3263 38 25 As
3646 3265 28 23 to
3686 3261 45 28 the
3746 3260 86 29 Colon
3845 3269 24 21 st
3882 3265 88 25 man's
3982 3263 107 27 nomina-

3438 3302 5 10 '
3474 3298 66 33 tion,
3556 3299 13 25 I
3584 3307 116 28 suppose
3715 3300 62 26 that
3791 3301 23 25 is
3827 3301 46 26 the
3895 3300 84 37 cheap
4001 3306 104 30 system

3438 3337 22 48 y:
3473 3337 118 38 adopted
3605 3338 35 37 by
3655 3338 46 28 the
3716 3339 180 34 Stout-Vogel
3921 3346 76 31 party
4011 3340 40 28 for
4063 3350 26 18 re-

3438 3378 1 38 .
3474 3378 124 33 warding
3627 3387 164 26 newspaper
3821 3379 134 35 servility.
4002 3380 33 26 In
4060 3389 48 27 my

3459 3417 1 36 ■
3473 3424 162 28 newspaper
3657 3417 169 36 experience,
3839 3417 22 28 it
3874 3427 55 18 was
3942 3422 164 31 customary,

3474 3455 23 26 if
3516 3464 40 18 we
3580 3456 148 34 supported
3751 3467 16 16 a
3790 3457 200 32 Government,
4004 3462 27 22 to
4049 3457 62 27 take

3438 3512 8 30 I
3459 3492 2 50 j
3474 3493 47 27 the
3544 3493 138 37 gratitude
3703 3499 48 22 out
3773 3495 27 26 in
3826 3495 36 26 fat
3877 3495 232 31 advertisements,

3438 3563 6 17 i
3459 3531 2 49 j
3474 3531 54 29 and
3543 3533 20 28 it
3578 3531 50 30 has
3642 3533 86 37 really
3741 3544 15 18 a
3770 3544 66 27 very
3850 3534 114 37 healthy
3977 3534 78 29 effect
4072 3545 35 18 on

3459 3571 2 37 j
3475 3571 46 26 the
3534 3573 97 33 yearly
3650 3572 213 28 balance-sheet.
3901 3575 26 25 It
3942 3584 63 24 may
4019 3579 46 22 not
4078 3574 32 27 be

3439 3611 6 9 '
3459 3608 3 39 |
3474 3608 129 35 patriotic
3617 3615 27 21 to
3659 3610 62 26 look
3735 3611 41 26 for
3789 3611 162 35 reciprocity
3967 3611 61 27 that
4041 3619 70 24 way,

3459 3646 3 35 i
3475 3646 49 29 but
3537 3653 21 21 it
3573 3648 22 27 is
3615 3657 65 22 very
3704 3648 114 29 human.
3867 3649 144 32 However,
4028 3650 23 28 if
4068 3649 46 28 the

3438 3678 7 19 g

3442 3686 4 44 ,
3459 3686 3 44 |
3474 3686 124 30 Colonist
3613 3688 103 36 prefers
3727 3692 27 24 to
3765 3688 82 30 make
3858 3690 76 28 itself
3944 3690 171 29 subservient

3438 3747 7 26 j
3459 3724 3 49 i
3474 3730 28 22 to
3516 3726 86 35 Vogel
3617 3727 56 27 and
3686 3726 43 29 his
3743 3728 104 28 toadies
3861 3730 42 26 for
3917 3728 45 29 the
3976 3729 104 28 reward
4088 3728 30 28 of

3459 3764 3 38 |
3474 3774 16 17 a
3504 3764 138 37 J.P.-ship
3657 3766 27 27 in
3699 3767 157 34 preference
3872 3772 27 23 to
3923 3768 138 33 receiving
4081 3768 34 28 its

3460 3840 2 39 j
3475 3840 72 28 their
3574 3843 166 36 superiority
3765 3849 28 22 to
3815 3845 47 27 the
3885 3845 178 27 allurements
4088 3845 30 27 of

3459 3876 3 49 |
3474 3878 82 38 filthy
3577 3880 84 28 lucre.
3699 3883 37 26 Of
3755 3882 44 28 Mr
3820 3883 80 28 Bond
3924 3883 114 28 himself
4056 3883 20 28 it
4091 3885 23 26 is

3460 3919 2 36 i
3474 3919 66 36 only
3561 3920 110 29 nee.lful
3692 3926 28 23 to
3741 3923 95 28 record
3855 3923 62 29 that
3930 3923 34 29 he
3979 3929 87 23 wants
4078 3933 37 19 no

3474 3959 171 27 testimonial
3659 3964 28 23 to
3701 3961 90 27 vouch
3805 3962 42 27 for
3868 3962 43 27 his
3958 3963 88 27 moral
4059 3963 54 27 and

3474 3998 176 26 commercial
3961 4001 44 28 He
4030 4001 24 28 is
4085 4001 28 27 in

3438 4040 7 43 £
3474 4036 56 26 tact
3560 4046 16 16 a
3606 4036 49 28 lull
3680 4046 94 25 grown
3800 4038 82 36 baby,
3908 4039 117 29 without
4056 4048 56 27 any

3438 4104 7 5 ,
3474 4072 129 38 opinions
3616 4084 36 18 on
3667 4085 56 26 any
3736 4077 100 28 mortal
3856 4077 116 37 subject.
4011 4079 13 28 I
4038 4079 77 28 don't

3474 4112 81 28 think
3578 4113 34 27 he
3634 4123 68 19 even
3723 4114 97 29 knows
3842 4116 46 28 the
3912 4109 145 45 differed
4071 4118 29 28 be-

3438 4181 9 17 s
3474 4154 89 25 tween
3586 4161 57 18 raw
3666 4154 76 33 grain
3765 4154 109 36 whisky
3888 4156 54 26 and
3958 4156 77 28 three
4048 4161 65 23 star.

3475 4190 107 29 Gilbert
3601 4191 55 28 and
3679 4193 127 27 Sullivan
3827 4194 55 28 had
3909 4194 56 28 him
3989 4195 30 28 in
4042 4196 71 28 their

3474 4229 101 27 minds'
3590 4239 50 26 eye
3654 4230 81 29 when
3747 4232 65 35 they
3823 4240 84 21 wrote
3949 4234 127 28 Patience

3438 4293 7 22 l
3537 4277 23 27 A
3573 4277 93 36 gentle
3677 4281 53 25 and
3746 4278 138 30 beardless
3896 4290 97 28 young
4004 4291 65 18 man
4082 4290 7 23 ;

3438 4336 7 18 e
3533 4316 24 28 A
3566 4316 112 38 Sunday
3687 4318 92 28 school
3789 4320 131 33 teaching
3928 4331 96 27 young
4033 4329 79 24 man;

3438 4374 8 17 s
3579 4357 24 25 A
3616 4356 108 37 worthy
3737 4358 71 35 good
3822 4360 128 34 templar.

3439 4403 5 28 I
3578 4394 63 29 And
3655 4394 112 40 shining
3782 4398 158 36 exemplar;

3438 4451 8 18 r
3533 4433 57 27 But
3596 4434 135 37 shocking
3739 4436 52 26 bad
3802 4438 106 33 printer
3916 4447 94 26 young

3477 4480 43 29 He
3534 4480 23 29 is
3572 4481 27 28 in
3613 4481 54 30 fact
3681 4482 46 29 the
3741 4483 76 29 stock
3837 4484 71 35 good
3930 4485 69 29 little
4021 4485 52 38 boy
4085 4484 30 29 of

3438 4530 7 16 s
3474 4523 46 24 tie
3537 4520 115 36 Sunday
3665 4522 95 28 school
3779 4523 76 32 tales,
3869 4524 63 27 who
3953 4525 104 35 always
4073 4533 37 19 re*

3438 4566 9 18 r
3474 4557 132 29 maiuded
3631 4568 16 18 a
3673 4560 69 35 good
3768 4561 67 27 liitle
3861 4561 62 34 boy,
3949 4563 54 27 and
4031 4570 82 20 never

3438 4606 8 17 s
3473 4606 69 26 grew
3569 4607 46 27 up,
3631 4598 28 28 in
3682 4598 43 29 his
3745 4599 88 32 mind,
3848 4604 27 25 to
3899 4601 31 28 be
3949 4612 16 18 a
3979 4606 77 29 great
4068 4601 44 35 big

3438 4635 6 27 I
3474 4636 126 37 naughty
3617 4646 75 19 man.
3731 4639 70 27 How
3822 4640 47 27 the
3885 4640 128 36 Ministry
4026 4650 45 18 are
4085 4645 27 22 to

3438 4684 5 18 i
3473 4673 59 30 face
3547 4675 46 29 the
3608 4686 89 21 mus:c
3709 4678 82 29 when
3806 4678 170 32 Parliament
3989 4684 87 25 meets
4088 4679 25 29 is

3438 4723 8 18 r
3474 4714 69 28 hard
3569 4720 28 24 to
3622 4726 68 27 say;
3714 4719 152 28 meantime
3888 4720 73 28 their
3981 4720 90 28 action
4089 4721 24 26 is

3438 4761 7 25 y
3473 4752 95 37 giving
3582 4754 104 29 Nelson
3706 4758 97 35 people
3824 4758 158 33 something
4003 4765 28 21 to
4053 4758 56 28 talk

3438 4800 8 19 r
3473 4791 93 36 about,
3580 4793 55 29 and
3658 4805 44 19 me
3727 4805 15 19 a
3763 4796 105 30 chance
3887 4803 27 23 to
3928 4797 73 30 wind
4015 4807 36 29 up
4064 4805 48 29 my

3438 4852 6 9 ,
3474 4830 87 30 barrel
3573 4843 86 26 organ
3673 4836 90 34 again.

3630 4883 98 28 After
3746 4883 81 28 Bret
3846 4883 111 30 llarte.

3474 4929 14 26 I
3502 4930 87 28 reside
3603 4930 29 28 in
3649 4932 97 28 Lower
3760 4932 101 35 Bridge
3880 4937 93 29 street,
3987 4934 54 27 and
4065 4943 49 26 my

3543 4979 83 19 name
3640 4972 23 27 is
3676 4971 118 29 truthful
3807 4971 105 34 James,

3474 5007 61 28 And
3552 5009 11 26 I
3578 5009 81 28 think
3678 5010 22 28 it
3723 5012 66 35 only
3809 5020 100 27 proper
3929 5012 64 27 here
4015 5016 28 24 to
4066 5009 49 31 tell

3543 5047 47 28 the
3604 5048 69 28 little
3687 5058 95 25 Raines

3475 5085 26 27 \\
3511 5085 63 28 hich
3598 5087 47 28 the
3666 5087 81 28 Stout
3771 5089 56 27 and
3850 5089 85 33 Yogel
3951 5093 79 32 party
4044 5090 70 27 have

3545 5124 68 28 been
3627 5130 29 23 at
3669 5129 28 25 to
3710 5136 81 19 cause
3805 5128 47 28 the
3865 5136 66 23 row,

3474 5161 73 28 That
3572 5172 22 17 is
3620 5163 119 37 shaking
3763 5174 38 26 up
3826 5167 47 26 the
3898 5165 166 28 framework
4085 5165 30 28 of

3545 5200 51 28 Nel
3600 5210 47 18 sod
3663 5202 65 28 here
3738 5203 59 33 just
3809 5212 61 19 now
3881 5204 6 27 !

3475 5260 58 29 The
3553 5263 90 27 swells
3667 5273 51 26 say
3742 5264 22 28 it
3789 5264 23 28 is
3836 5270 51 24 not
3911 5265 96 29 decent
4032 5264 41 29 for
4095 5273 15 17 a

3545 5300 128 30 Minister
3685 5302 54 28 like
3759 5303 76 33 Tole,

3475 5337 39 28 To
3527 5337 108 30 harrow
3649 5350 36 26 up
3699 5341 74 27 their
3794 5343 124 35 feelings,
3939 5341 54 29 and
4014 5346 27 23 to
4064 5345 46 31 put

3545 5376 76 29 them
3637 5379 28 27 in
3680 5389 15 18 a
3709 5378 62 29 hole
3783 5388 7 24 ;

3476 5414 27 26 It
3514 5417 91 27 would
3619 5416 128 37 derogate
3763 5419 47 26 the
3824 5419 129 35 standing
3972 5419 30 27 of
4019 5428 16 17 a
4047 5414 62 35 high

3544 5454 84 29 toned
3643 5456 102 28 Nelson
3760 5463 75 29 gent,

3474 5492 40 28 To
3528 5493 71 29 have
3613 5501 28 22 to
3655 5501 35 23 sit
3709 5496 67 28 with
3800 5497 98 35 vulgar
3917 5496 70 29 folks
4009 5503 27 21 to
4055 5499 53 28 nny

3544 5539 76 26 great
3633 5539 94 23 extent
3740 5536 6 25 !

3477 5595 68 28 Now
3570 5596 120 35 nothing
3713 5598 81 28 could
3819 5598 32 28 be
3879 5597 77 33 6ner,
3982 5607 30 18 or
4034 5602 73 20 more

3544 5633 136 30 beautiful
3694 5644 27 20 to
3735 5646 53 22 see,

3474 5670 80 29 Than
3576 5673 46 28 the
3646 5684 61 26 way
3730 5675 66 35 they
3815 5674 79 28 stuck
3908 5673 121 37 together
4041 5668 66 28 with

3544 5711 68 28 such
3629 5714 175 34 unanimity;

3476 5749 51 29 Till
3553 5760 15 19 a
3594 5751 98 35 vulgar
3717 5751 154 30 individual
3904 5761 54 19 was
3988 5744 119 32 enrolled

3544 5798 103 25 among
3657 5791 71 27 their
3741 5791 92 32 ranks,

3476 5825 53 28 For
3542 5826 90 29 which
3648 5829 167 36 unexpected
3829 5828 119 35 blessing
3960 5826 63 35 they
4036 5824 71 28 have

3544 5874 47 21 not
3605 5869 130 27 rrturned
3747 5868 111 28 thanks

1306 64 117 44 Tllli
1480 56 182 55 LYI-Ll
1715 68 187 49 TIMES,
1959 69 306 47 SATURDAY,
2318 69 244 56 JANUARY
2617 84 30 33 2,
2710 68 101 47 1885.

220 200 237 35 Government
480 202 150 33 Notices.

402 290 46 25 •S3?

370 307 134 81 38S

143 414 100 30 GOLD
266 414 141 30 MINING
436 416 121 29 LEASE
583 416 47 30 TO
659 417 49 29 BE

330 456 24 26 'G
364 456 159 28 RANTED.

207 531 139 29 PUBLIC
369 533 280 29 NOTIFICATION.
758 531 4 31 '

106 608 64 60 IN
188 608 166 37 conformity
369 609 64 28 with
449 609 45 28 the
515 610 62 27 37th
600 611 102 27 section
717 611 29 26 of

212 647 56 29 The
288 648 89 28 Mines
398 649 61 32 Act,
600 649 54 28 auul
677 649 64 28 wit'h

106 686 47 27 ■the
169 686 168 33 regulations
353 687 78 28 made
445 687 85 28 under
549 688 60 27 that
630 689 50 26 Act
703 689 41 26 for

104 724 51 28 the
181 725 129 35 granting
332 726 30 27 of
383 725 86 29 leases
492 726 39 27 for
553 726 63 33 gold
637 724 120 37 mining,

106 773 141 27 purposes,
269 765 20 26 it
313 765 22 27 is
358 763 101 37 hereby
478 764 113 28 notified
611 764 60 28 that
685 765 21 27 it
718 774 24 18 is

103 801 133 28 intended
251 806 27 23 to
292 807 81 30 grant
386 813 14 17 a
414 802 69 28 lease
503 803 30 27 of
553 804 97 26 Crown
664 802 77 28 lands

106 840 43 28 for
163 841 62 34 gold
240 841 106 34 mining
360 850 129 28 purposes
503 846 26 23 to
543 841 46 28 the
604 842 138 36 applicant

108 879 127 37 specified
248 881 28 27 in
290 881 45 27 the
350 879 121 29 annexed
495 880 134 28 Schedule
649 881 92 27 unless

106 919 78 28 there
210 919 69 29 shall
306 919 31 29 be
364 919 71 28 valid
460 919 151 35 objections
633 921 108 35 against

104 957 70 30 *uch
188 958 80 29 lease.

144 997 155 35 Objections
313 1002 26 23 to
351 998 45 27 the
407 999 127 36 granting
544 999 30 28 of
583 999 66 28 such
660 999 81 32 lease,

104 1035 106 34 stating
224 1035 45 28 the
283 1035 119 35 grounds
416 1036 29 29 of
463 1036 145 37 objection,
622 1041 74 25 must
710 1037 31 28 be

104 1073 84 30 mi;:de
210 1074 26 28 in
260 1074 116 36 writing,
400 1075 54 29 and
479 1075 98 35 lodged
604 1076 66 28 with
696 1075 46 28 the

108 1113 118 29 Warden
249 1121 28 20 at
300 1114 76 36 Lyell
398 1125 34 18 on
454 1125 30 18 or
504 1115 89 29 before
617 1115 45 28 the
678 1115 62 28 18th

104 1152 57 36 •day
176 1153 29 27 of
215 1152 135 37 January,
365 1154 75 28 1880.
457 1161 11 9 •

142 1192 76 35 Copy
243 1193 30 26 of
294 1192 165 36 application
485 1193 80 28 made
591 1192 54 29 and
677 1194 65 35 plan

104 1229 127 27 annexed
257 1239 63 26 may
346 1230 30 28 he
402 1241 62 17 seen
487 1236 28 23 at
538 1232 45 27 the
602 1231 140 28 Warden's

104 1267 86 29 Office
204 1272 29 25 at
247 1267 87 38 Lyell.

341 1345 163 28 SCHEDULE.

141 1382 161 37 Applicant:
324 1382 140 37 Sheppard
481 1383 26 28 J.
526 1383 112 28 Reeves.

143 1422 75 35 Style
235 1420 85 29 under
334 1422 87 27 which
436 1421 19 28 it
466 1422 21 27 is
498 1421 130 29 intended
640 1425 26 26 to
678 1432 46 19 con-

177 1461 65 27 duct
266 1460 46 28 the
338 1460 140 29 business:
511 1462 133 27 Bonanza
672 1462 68 28 Gold

179 1499 106 32 Mining
299 1499 151 35 Company.

144 1537 103 28 Extent
259 1537 30 27 of
300 1537 63 27 land
374 1545 5 19 :
403 1539 32 25 10
448 1547 75 19 acres
537 1539 15 26 2
565 1538 89 28 roods.

143 1576 124 35 Locality
280 1583 5 20 :
306 1577 92 31 Owen,
414 1576 27 28 in
457 1576 45 28 the
518 1576 101 30 Nelson
642 1576 81 30 South-

180 1619 64 23 west
259 1614 107 36 Mining
379 1615 122 28 District.

145 1691 86 28 Given
246 1690 86 29 under
345 1701 46 26 my
413 1691 83 33 hand,
511 1695 26 24 at
561 1691 112 35 Nelson,
689 1691 54 29 this

109 1730 65 27 14th
200 1730 52 35 day
278 1729 30 28 of
336 1730 157 33 December,
519 1740 51 18 one
602 1731 138 28 thousand

106 1768 78 36 eight
199 1768 121 28 hundred
334 1768 53 28 and
400 1768 169 36 eighty-five.

204 1807 154 28 ALFRED
378 1808 261 33 GREENFIELD,

233 1845 215 34 Commissioner
459 1847 28 27 of
496 1847 96 28 Crown
607 1846 102 35 Lands,

318 1885 134 35 (Holding
465 1885 139 36 delegated
620 1887 122 36 powers.)

260 1975 338 33 NOTIFICATION.

115 2217 408 56 HALLbNSTEIN
578 2218 161 55 BROS.

129 2287 96 28 Desire
239 2293 26 22 to
278 2288 101 28 inform
393 2288 45 28 the
452 2289 132 27 residents
599 2289 29 27 of
647 2290 78 35 Lyell

181 2325 54 30 and
248 2326 182 38 surrounding
442 2326 118 30 districts
579 2326 59 29 that
658 2337 15 18 a

148 2380 24 25 R
192 2379 22 25 E
236 2380 20 24 T
276 2379 97 26 AIL

466 2379 23 26 B
509 2379 23 26 R
551 2379 23 26 A
594 2379 23 26 N
638 2380 19 26 C
679 2380 28 26 II

373 2431 32 21 OF
424 2431 55 20 THE

250 2471 113 38 NEW
388 2471 218 38 ZEALAND

112 2523 307 75 Clothing
451 2525 293 74 Factory

349 2619 58 22 HAS
430 2619 81 23 BEb'N

109 2664 145 51 Opened
272 2664 36 38 in
336 2664 89 38 New
452 2663 190 51 Buildings
663 2678 82 24 near

176 2717 148 55 Empire
351 2718 119 50 Hotel,
499 2716 179 57 Westport.

236 2811 44 31 All
306 2811 92 31 Goods
423 2816 27 25 at
474 2811 118 41 Factory
613 2812 99 29 Trices.

112 2889 46 30 All
172 2889 110 29 Gooods
294 2897 45 21 ate
354 2890 112 28 Marked
485 2890 28 28 in
537 2890 76 28 Plain
636 2892 112 33 Figures

126 2953 422 62 Wnett~cash
597 2966 141 45 ONLY
761 2975 6 37 !

136 3079 60 37 Any
209 3080 94 27 article
324 3080 162 38 purchased,
501 3079 53 29 and
568 3083 47 25 not
629 3081 137 37 approved

134 3119 36 32 of,
196 3118 54 29 will
275 3119 32 29 be
332 3119 157 35 exchanged
514 3120 66 29 with
612 3120 46 29 the
690 3130 75 19 same

132 3161 131 31 courtesy
276 3158 65 27 with
356 3158 87 28 which
457 3163 20 22 it
490 3168 56 18 was
565 3159 67 32 sold,
646 3168 30 18 or
689 3160 22 26 if
721 3160 29 27 de-

195 3194 69 28 sired
278 3194 52 33 the.
339 3204 97 25 money
451 3196 54 27 will
520 3196 31 28 be
565 3196 136 28 returned.

135 3231 58 28 The
208 3240 107 19 success
328 3233 91 26 which
433 3233 49 27 has
496 3233 127 27 attended
637 3234 45 26 the
699 3234 66 26 New

170 3269 119 30 Zealand
315 3270 129 35 Clothing
469 3271 140 38 Factory's
641 3271 90 30 Retail

203 3310 141 27 Branches
369 3311 27 26 in
428 3311 137 33 Dunedin,
593 3311 88 28 Christ-

238 3348 113 31 church,
377 3348 175 36 Wellington,
574 3349 68 28 Auck-

273 3387 73 32 land,
361 3386 53 29 and
433 3387 77 29 other
531 3391 97 31 towns,

303 3425 73 29 leads
383 3425 45 29 the
436 3427 162 35 proprietors

341 3469 29 24 to
383 3463 101 31 believe
498 3464 60 30 that

370 3504 74 28 there
452 3504 82 29 exists

444 3551 15 17 a

134 3587 249 41 Praiseworthy
396 3587 109 32 desire
518 3596 45 23 on
574 3588 59 32 the
644 3590 78 38 part
734 3588 38 33 of

183 3633 59 32 the
255 3633 116 40 public
384 3635 35 30 to
432 3639 189 35 encourage
634 3636 86 31 New

266 3680 151 31 Zealand
440 3680 200 32 Industries.

137 3728 155 37 Especially
306 3729 89 29 where
409 3730 122 37 superior
544 3730 166 34 advantages
723 3741 45 18 are

172 3767 109 33 offered,
296 3768 54 28 and
369 3777 67 27 your
449 3772 113 33 support
574 3770 22 26 is
610 3770 124 28 solicited

242 3815 34 19 on
290 3806 53 29 this
363 3807 214 34 understanding
590 3808 74 35 only.

226 3859 38 32 T.
283 3859 437 42 BLENNERHASSETT,

337 3906 131 35 Manager
480 3906 138 36 Westport
631 3908 119 28 Branch.

138 3982 156 28 Wholesale
308 3982 96 28 Stocks
417 3986 28 25 to
459 3982 80 29 select
553 3986 69 25 from
633 3984 27 27 in
675 3984 36 28 all
720 3993 49 19 our

138 4020 151 30 Branches.
327 4021 83 29 NOW
430 4021 109 33 OPEN,
563 4022 54 28 and
637 4022 47 29 the
704 4023 65 36 only

283 4059 111 29 address
407 4061 27 27 in
449 4061 137 36 Westport
600 4062 22 27 is

139 4111 86 38 New
234 4111 178 48 Buildings
424 4123 82 27 near
516 4113 138 46 Empire
665 4113 104 38 Hotel

286 4207 338 28 NOTICE.

321 4285 95 50 yY
352 4285 32 50 |
431 4285 60 27 EL
506 4285 21 28 L
579 4285 106 59 ijm

675 4286 94 27 MES

138 4363 58 27 Can
219 4363 32 27 be
273 4362 128 28 obtained
424 4362 118 34 through
565 4362 46 28 the
632 4362 140 35 following

139 4406 95 28 agents
247 4400 61 28 who
322 4400 54 28 will
390 4401 55 27 also
459 4400 103 28 receive
583 4400 54 28 and
654 4400 117 28 forward

139 4439 92 29 orders
244 4439 40 29 for
296 4439 232 29 Advertisements
537 4449 31 17 or
577 4438 185 30 Subscribers:

175 4478 239 27 Murehison—Mr
428 4478 31 26 R.
475 4477 98 27 M'Nee

173 4515 218 38 Westport—Mr
403 4515 53 28 Job
471 4515 30 27 L.
515 4515 119 28 Munson

174 4555 117 28 Reofton
292 4555 80 28 —Mr
385 4555 112 27 Charles
511 4554 94 28 Cohen

176 4594 103 28 Nelson
280 4593 80 28 —Mr
372 4593 44 28 W.
431 4593 37 28 H.
485 4593 75 28 West

174 4633 255 37 Greymouth—Mr
441 4632 27 29 J.
482 4632 41 29 W.
540 4631 152 30 Parkinson

269 4710 98 28 Terms
379 4718 33 20 of
427 4711 203 27 Subscription
641 4718 5 18 :

139 4751 52 29 Per
205 4750 122 33 Annum,
337 4750 28 28 in
379 4748 120 30 advance
632 4750 36 28 £1
706 4750 16 28 6
757 4751 17 27 0

332 4826 249 29 NOTICE.

142 4904 110 61 THE
276 4903 190 34 Undersigned
485 4904 101 28 desires
598 4903 177 38 respectfully

232 4948 27 23 to
273 4944 97 27 inform
388 4943 171 29 Subscribeis
572 4943 95 28 served
680 4943 35 35 by
729 4944 46 27 the

141 4983 83 28 Office
247 4991 103 19 runner
372 4981 59 28 that
451 4982 196 34 subscriptions
670 4982 54 27 will
744 4982 31 28 be

139 5021 33 29 be
186 5021 130 29 collected
332 5020 34 37 by
380 5020 58 28 him
454 5020 136 36 monthly.

398 5059 160 27 WALTER
577 5059 129 31 ATKIN,

577 5096 164 36 Proprietor.

142 5168 247 34 CALENDAR
407 5168 90 32 FOR
515 5168 91 32 THE
631 5168 144 32 WEEK.

212 5336 3 29 j
228 5338 104 19 PHASES
345 5337 32 20 of
391 5336 56 19 the
461 5336 83 20 moon.

213 5366 3 58 I
387 5394 27 19 D.
436 5393 28 20 H.
478 5393 29 20 M.

213 5425 140 31 IN.Moon-
391 5426 14 28 5
442 5426 15 28 7
473 5425 68 35 10pn

221 5465 96 33 Fst.Qr
346 5480 7 5 -
375 5466 32 25 13
427 5466 32 24 18
472 5465 79 33 57pm

214 5501 134 35 iFl.Moon
373 5503 34 26 20
442 5501 15 28 7
472 5501 69 37 17pn

221 5543 98 35 Lst.Qr
344 5560 7 4 -
372 5543 33 28 27
443 5543 11 26 1
488 5542 61 36 4piL

205 5592 14 38 .j
233 5613 40 12 „—.
372 5599 25 16 -A
472 5592 4 38 ■

256 5627 136 35 Saturdi.y

216 5661 3 50 J
256 5665 113 35 Sunday

217 5705 2 33 i
258 5705 121 33 Monday

256 5743 126 35 Tuesday

256 5780 174 38 Wednesday

256 5820 144 37 Thursday

217 5859 4 36 ,
257 5859 101 36 Friday

892 205 237 35 Government
1148 207 151 33 Notices.

868 425 146 29 MAIL
1079 424 245 30 NOTICE.

781 501 108 60 THE
910 503 92 27 Letter
1016 503 57 26 Box
1087 502 54 27 will
1156 502 31 27 be
1202 501 105 28 cleared
1317 502 40 27 for
1364 501 46 29 the
1422 501 2 60 1

870 541 129 35 despatch
1024 540 29 29 of
1077 540 238 36 Correspondence
1341 541 68 28 from

780 579 44 26 the
838 579 77 33 Lyell
936 579 83 26 Office
1043 584 27 21 to
1091 579 45 27 the
1156 580 137 34 following
1310 579 100 37 places,

778 616 54 28 and
848 616 80 28 Mails
941 618 95 31 arrive,
1051 626 29 18 as
1099 618 87 26 under
1198 626 41 18 :

1011 679 151 19 outwards
1172 679 6 19 :

813 718 54 27 For
897 718 148 37 Westport,
1076 719 163 33 Inangahua
1270 719 140 31 Junction,

779 756 153 33 Cronadun,
957 758 170 32 Boatman's,
1150 758 126 32 Reefton,
1299 758 54 28 and
1374 759 33 27 all

779 796 129 27 southern
928 797 244 35 correspondence:
1194 797 122 36 Sunday,
1331 797 77 28 Wed-
1423 796 2 37 !

779 834 103 36 nesday
896 835 54 28 and
965 835 110 35 Friday,
1089 840 28 23 at
1130 837 16 26 9
1159 844 64 19 a.m.

813 874 55 28 For
892 874 115 29 White's
1029 875 88 32 Point,
1139 875 70 28 Fern
1235 874 71 30 Flat,
1328 875 81 28 Owen

780 913 90 34 River,
892 913 113 33 Nelson,
1026 913 55 28 and
1102 913 36 28 all
1159 913 130 29 northern
1312 924 97 18 corres-
1423 913 3 34 ,

779 953 138 37 pondence
928 952 4 38 :
955 952 134 38 Tuesday,
1103 952 144 38 Thursday
1256 953 53 28 and
1320 953 67 27 Satin-

779 992 62 34 day,
856 997 26 23 at
898 994 59 26 1.80
970 1002 65 26 p.m.

813 1031 53 28 For
873 1030 158 29 Melbourne
1039 1031 52 27 and
1099 1030 157 28 Australian
1270 1030 142 29 Colonies;

779 1068 181 37 Wednesday,
974 1074 28 24 at
1015 1071 15 26 9
1043 1079 65 18 a.m.

979 1131 84 19 MAILS
1089 1131 103 19 ARRIVE
1204 1129 4 21 :

813 1171 81 29 From
919 1171 147 37 Westport.
1089 1170 160 35 Inangahua
1270 1170 141 28 Junction.

780 1211 154 31 Cronadun,
944 1211 168 31 Boatman's,
1120 1210 124 30 Reefton,
1252 1210 61 27 &c.:
1329 1210 64 27 Tues-

779 1248 61 35 day,
854 1248 145 36 Thursday
1012 1247 52 28 and
1077 1247 148 35 Saturday,
1236 1251 29 23 at
1280 1249 16 25 2
1309 1256 65 27 p.m.

813 1287 82 28 From
917 1287 116 28 White's
1053 1286 89 33 Point,
1157 1286 69 28 Fern
1241 1285 71 33 Flat,
1327 1287 81 27 Owen

780 1326 88 30 River,
883 1326 112 30 Nelson,
1011 1326 61 27 &c.:
1094 1324 122 35 Sunday,
1227 1324 182 35 Wednesday,

779 1362 53 28 and
847 1363 110 35 Friday,
971 1366 27 24 at
1012 1364 61 26 9.39
1087 1372 64 18 a.m.

812 1401 84 28 From
910 1401 147 37 Longford,
1072 1400 169 28 Murchison.
1256 1400 54 28 and
1324 1399 68 28 Mata-

779 1439 99 29 kitaki:
900 1439 173 38 Wednesday
1086 1439 53 29 and
1164 1439 122 36 Sunday,
1299 1442 28 25 at
1350 1440 60 27 9.80

779 1488 65 19 a.m.

814 1554 214 29 N.B.—Letters
1050 1554 159 35 containing
1227 1554 135 36 anything
1385 1554 28 27 of

779 1594 78 27 value
872 1594 97 27 should
982 1594 30 27 be
1027 1594 110 28 handed
1148 1597 26 24 to
1185 1594 45 28 the
1244 1594 167 27 Postmaster

781 1637 25 22 to
825 1632 31 26 be
871 1632 156 33 registered.

814 1669 106 29 Letters
934 1670 159 37 containing
1113 1670 70 32 coiu,
1204 1670 22 28 if
1244 1668 96 37 posted
1360 1679 33 17 un-

779 1709 152 33 registered,
945 1709 54 27 will
1013 1709 32 28 be
1059 1709 194 36 compulsorily
1265 1708 144 34 registered

779 1747 53 28 and
845 1747 118 36 charged
977 1748 97 27 double
1089 1748 170 34 registration
1273 1747 49 28 fee.

814 1786 101 36 Money
930 1786 94 33 Order,
1039 1787 116 31 Savings
1177 1786 89 33 Bank,
1280 1785 53 28 and
1357 1786 35 27 Go-

779 1830 144 23 vernment
943 1825 149 28 Insurance
1113 1825 130 28 Business
1257 1825 154 28 transacted

779 1873 35 18 on
827 1863 76 29 week
915 1864 68 36 days
995 1863 71 30 from
1079 1865 16 28 9
1108 1873 64 20 a.m.
1186 1864 42 29 till
1241 1865 16 27 4
1271 1873 75 27 p.m.,
1357 1863 54 29 and

779 1912 35 19 on
828 1903 151 37 Saturdays
993 1903 40 29 till
1048 1905 14 26 5
1076 1913 65 27 p.m.

1007 1957 38 28 H.
1065 1957 33 28 G.
1117 1955 226 35 YOUNGMAN,

1200 1997 176 26 Postmaster.

832 2077 159 28 MISSING
1017 2077 168 30 FRIENDS
1211 2077 149 30 NOTICE.

779 2182 287 59 INFORMATION
1086 2186 153 34 respecting
1251 2185 46 28 the
1310 2185 84 28 where-

851 2220 96 28 abouts
960 2221 54 28 and
1028 2223 160 35 occupation
1202 2222 30 28 of
1247 2222 46 27 the
1314 2223 80 27 under-

778 2259 156 28 mentioned
950 2269 110 26 persons
1080 2261 23 27 is
1125 2261 163 28 WANTED
1311 2261 35 36 by
1366 2261 46 28 the

779 2296 141 37 Secretary
934 2298 30 27 of
974 2298 45 28 the
1035 2299 118 28 General
1166 2300 65 28 Post
1244 2300 82 28 Office
1337 2308 5 19 :

814 2342 44 30 Mr
870 2343 118 29 Phillip
999 2344 137 31 Horlock
1145 2345 141 35 Farrell,
1298 2345 114 35 builder,

882 2383 61 27 who
973 2384 48 26 left
1047 2385 129 32 England
1207 2385 83 28 about
1320 2386 93 27 fifteen

882 2427 78 27 years
971 2429 49 25 ago
1033 2420 41 27 for
1087 2421 54 27 this
1155 2421 115 36 Colony.

814 2465 30 29 C.
859 2466 86 34 Fagg,
964 2467 62 28 who
1047 2467 68 29 used
1135 2472 27 25 to
1184 2467 32 30 be
1238 2471 29 26 at
1287 2468 125 34 Hindon,

883 2506 53 27 and
960 2507 84 28 about
1074 2510 53 25 two
1157 2517 79 26 years
1267 2509 73 26 since
1365 2508 48 28 left

886 2544 128 27 Dunedin
1028 2545 42 27 for
1092 2545 121 35 Sydney,
1226 2547 145 35 according
1384 2549 28 24 to

883 2592 35 18 an
941 2583 78 28 order
1035 2583 35 28 he
1091 2587 61 24 sent
1173 2584 45 27 the
1232 2584 81 27 Chief
1335 2584 60 28 Post-

882 2624 111 29 master,
1007 2622 139 28 Dunedin.
1183 2622 44 28 He
1241 2622 23 28 is
1287 2622 125 36 inquired

837 2683 7 16 t
882 2660 41 28 for
936 2659 35 38 by
985 2660 41 28 his
1035 2662 78 28 sister
1121 2662 27 27 in
1160 2661 99 34 Dover,
1272 2660 137 30 England.

815 2705 46 29 Mb
870 2707 153 30 Augustus
1036 2709 118 32 Dillon,
1169 2710 52 27 last
1233 2709 84 28 heard
1334 2709 29 26 of
1381 2708 29 28 in

854 2747 2 38 ;
884 2747 165 38 Wellington
1064 2759 74 19 some
1153 2750 65 28 time
1232 2759 58 25 ago.
1327 2748 45 30 He
1386 2747 23 31 is

882 2796 35 17 an
939 2791 82 26 actor,
1035 2788 54 27 and
1101 2789 23 25 is
1137 2789 135 34 supposed
1292 2792 28 22 to
1343 2788 69 26 have

883 2824 48 29 left
943 2824 168 39 Wellington
1126 2825 66 32 with
1206 2835 15 21 a
1235 2825 80 30 small
1338 2825 60 30 thea-

885 2865 76 27 trical
974 2875 145 26 company.

816 2911 45 28 Mr
880 2912 97 27 Frank
999 2912 126 32 Turner,
1146 2912 30 28 of
1198 2912 122 28 London.
1367 2913 45 27 He

906 2984 49 30 but
967 2989 100 25 cannot
1080 2985 32 29 be
1126 2985 90 29 traced
1230 2985 84 29 there.

1026 3043 38 28 H.
1085 3044 33 27 G.
1138 3044 225 32 YOUNGMAN,

1223 3082 176 27 Postmaster.

801 3173 78 27 THE
912 3172 191 28 NATIONAL
1134 3173 105 27 BANK
1269 3174 47 26 OF
1348 3173 87 27 NEW

923 3244 187 32 ZEALAND,
1136 3245 176 26 LIMITED.

801 3393 121 54 rpHIS
955 3393 103 28 BANK
1082 3392 56 30 will
1162 3392 32 29 be
1221 3392 153 30 OPENED
1407 3396 29 25 to

802 3469 77 31 BUY
899 3470 100 30 GOLD
1014 3469 54 30 and
1088 3469 192 30 TRANSACT
1300 3469 137 30 General

802 3544 175 28 BANKING
1007 3544 188 28 BUSINESS
1228 3547 28 24 at
1291 3544 78 35 Lyell
1401 3553 35 17 on

804 3617 208 36 SATURDAY,
1031 3617 46 29 the
1102 3617 48 29 9th
1176 3617 89 34 JAN.,
1286 3616 87 30 under
1392 3616 45 30 the

803 3692 98 37 charge
916 3692 31 29 of
958 3693 46 28 the
1018 3692 117 29 Reefton
1150 3693 141 37 Manager,
1301 3693 23 27 I.
1339 3692 98 29 Lewis.

1099 3767 44 28 W.
1164 3767 169 33 DYMOCK,

1253 3841 151 37 Inspector.
