4113 5933
78 185 87 27 'Twas
180 195 14 17 a
208 184 81 28 \>itter
303 183 46 37 pill
365 188 26 24 to
405 182 129 33 swallow,
549 182 78 29 when
642 182 68 28 Tom

148 222 145 30 Mashtubs
306 230 46 28 got
366 233 14 18 a
395 223 61 30 rise,
474 222 4 36 '

79 263 60 26 Anil
164 264 45 26 the
228 263 110 34 justices
359 263 28 26 of
434 261 128 28 Culchaw
616 260 49 28 felt
689 260 22 28 it

148 301 66 26 time
229 305 26 21 to
269 299 79 27 make
364 310 14 15 a
392 299 91 26 noise!

80 336 61 29 Still
156 338 20 28 it
190 341 44 33 got
248 341 27 23 to
289 337 31 27 be
341 346 75 18 more
437 335 89 33 bitter,
541 345 28 17 as
591 335 13 27 I
629 332 80 29 think

148 385 53 29 you
214 375 56 29 will
289 375 77 33 infer,

79 414 92 30 When
196 415 64 34 they
285 415 86 27 added
396 418 26 24 to
446 414 45 27 the
513 412 62 28 J.P.
595 412 49 27 roll
665 411 45 28 the

148 453 202 29 non-/Esthetic
366 453 82 28 Kerr!

82 516 54 27 But
159 515 45 28 the
227 514 182 32 culminating
428 521 89 27 agony
538 510 54 28 had
612 515 47 22 not
680 519 29 18 as

149 559 45 33 yet
207 553 66 28 been
288 552 125 29 reached,

81 593 54 29 For
149 593 44 29 the
208 592 71 34 right
293 596 27 24 to
334 594 98 26 scatter
444 589 100 29 honors
562 586 55 30 had
640 586 68 29 been

150 632 117 36 publicly
280 629 159 37 impeached
452 637 6 24 ;

82 671 35 27 So
139 675 26 23 to
187 668 222 30 counterbalance
429 666 74 27 what
524 664 88 34 might
635 672 73 19 seem

148 712 45 23 too
207 711 92 28 strong
312 715 15 17 a
341 703 77 29 smell
433 703 29 27 of
478 702 89 32 drink,

81 748 64 28 Tolo
171 743 167 41 pitchforked
363 744 26 27 in
411 750 50 20 one
483 750 64 19 man
569 739 30 30 of
616 745 91 29 straw,

150 785 52 28 and
216 794 50 19 one
280 783 29 28 of
318 783 127 36 printer's
458 780 46 28 ink
515 781 6 26 !

117 837 162 30 Sometimes
303 834 43 30 old
370 832 184 30 recollections
580 842 76 20 come
682 836 27 26 to

81 888 46 25 my
141 875 77 29 mind
232 875 61 27 how
306 883 39 17 we
359 872 66 28 used
444 875 28 25 to
494 876 46 32 get
560 882 64 18 over
646 882 64 18 over

80 926 48 18 our
148 912 69 38 logal
239 911 122 30 business
383 920 34 18 on
441 910 46 29 the
508 910 84 29 Coast
604 914 103 33 twenty

79 963 78 25 years
171 962 59 27 ago.
268 952 12 28 I
294 949 154 31 remember
461 959 35 20 on
510 960 50 19 one
574 949 134 34 occasion,

80 998 28 24 at
132 992 46 28 the
203 991 44 29 old
273 990 120 33 12-mile,
419 989 75 29 there
520 998 55 20 was
597 999 16 19 a
634 993 75 33 great

82 1031 140 28 Warden's
244 1030 85 28 Court
348 1038 59 19 case
428 1028 83 28 about
531 1038 75 18 some
627 1032 84 24 water

80 1080 60 19 race
153 1069 30 29 of
193 1067 182 31 considerable
390 1067 94 34 value;
505 1067 54 28 and
573 1067 45 27 the
632 1067 57 28 War-

80 1110 52 28 den
147 1118 55 19 was
216 1117 50 19 one
280 1107 29 29 of
325 1106 76 29 those
424 1110 56 24 sort
500 1106 29 28 of
546 1105 164 29 individuals

80 1148 63 29 who
163 1147 55 29 had
237 1147 68 28 been
326 1144 170 39 pitchforked
515 1154 35 19 on
564 1144 45 29 the
623 1143 86 30 bench

82 1198 35 18 on
143 1190 115 26 account
282 1187 29 28 of
333 1185 43 28 his
397 1187 73 26 utter
491 1183 165 29 uselessness
670 1183 41 29 for

82 1236 54 26 any
148 1227 103 32 labour,
265 1225 87 28 either
364 1223 113 29 manual
490 1232 30 19 or
533 1223 177 28 intellectual.

83 1266 43 27 He
149 1274 55 19 was
223 1265 27 28 in
275 1265 54 28 fact
343 1274 15 17 a
371 1263 97 28 noodle
491 1261 61 29 who
566 1261 79 29 knew
654 1263 58 37 just

82 1303 108 35 enough
221 1307 28 25 to
275 1307 44 25 eat
343 1302 79 29 when
447 1301 34 29 he
505 1310 57 19 was
592 1301 118 37 hungry,

82 1342 80 29 drink
174 1342 80 29 when
269 1342 109 35 thirsty,
388 1340 54 29 and
456 1350 32 28 go
501 1341 30 27 in
544 1340 78 29 doors
632 1341 79 28 when

82 1383 22 29 it
116 1381 104 30 rained.
257 1381 81 34 Well,
352 1379 45 30 the
411 1383 73 33 great
498 1388 60 20 case
571 1379 30 29 of
611 1378 100 31 O'Tole

81 1431 26 17 v.
122 1421 146 34 Gilhooley
280 1429 57 19 was
359 1419 96 32 called,
468 1419 54 27 and
536 1419 36 27 all
585 1418 46 28 the
644 1419 67 35 boys

81 1459 69 29 from
165 1458 46 30 the
225 1458 76 37 gully
315 1456 127 31 attended
461 1456 28 29 in
508 1456 72 29 force
600 1465 30 19 as
651 1456 45 29 wit-

82 1509 99 22 nesses,
194 1497 141 36 plaintiffs,
357 1496 170 33 defendants,
549 1506 31 18 or
599 1505 90 27 sympa-

82 1536 99 28 thisers
200 1536 29 27 in
249 1536 46 28 the
319 1536 99 31 action,
433 1538 27 23 to
482 1534 46 27 the
550 1534 117 27 number
685 1535 30 26 of

82 1586 75 19 some
171 1576 66 33 200;
257 1573 51 31 and
324 1573 45 30 the
384 1573 75 29 three
472 1571 68 40 pubs
559 1575 28 26 at
607 1571 47 30 the
668 1573 42 28 12-

82 1616 65 27 mile
162 1615 44 27 did
220 1615 44 35 big
279 1614 120 28 business
413 1613 36 28 all
463 1613 62 35 day.
562 1612 58 28 The
629 1613 82 28 Court

82 1653 104 31 House,
206 1662 15 19 a
246 1654 134 27 structure
400 1651 82 27 about
505 1651 32 26 1G
558 1660 16 18 x
599 1652 41 31 10,
654 1660 56 18 was

80 1690 115 36 densely
219 1689 125 30 crowded
369 1689 36 29 all
429 1688 63 38 day,
517 1688 54 29 and
597 1688 115 36 lawyers

80 1737 70 18 were
167 1728 138 27 unknown
315 1738 33 17 on
361 1728 45 27 the
417 1728 81 26 Coast
508 1728 28 26 in
545 1728 76 26 those
635 1728 75 34 days,

80 1776 29 18 so
123 1766 83 28 ever.
219 1775 63 19 man
298 1765 101 35 argued
413 1765 68 29 from
491 1764 43 29 his
547 1773 59 20 own
621 1764 75 29 stand-

80 1805 84 35 point,
179 1805 54 27 and
247 1815 74 17 some
336 1804 29 28 of
383 1804 76 27 them
473 1804 182 36 occasionally
668 1804 28 29 de-

79 1843 100 26 livered
200 1842 66 27 such
288 1851 15 18 a
324 1841 142 27 broadside
488 1843 30 25 of
536 1843 132 34 language
683 1852 29 17 as

79 1879 48 28 has
141 1888 83 19 never
237 1879 67 28 been
325 1879 117 37 printed.
480 1879 58 28 The
552 1888 60 19 case
626 1879 85 28 lasted

79 1918 36 27 all
141 1918 61 35 day.
228 1918 55 27 and
301 1928 30 17 as
351 1917 46 28 the
420 1917 99 28 shades
543 1918 33 27 of
596 1919 116 37 evening

78 1956 87 34 began
188 1960 28 22 to
239 1955 95 37 spread
355 1964 64 19 over
441 1955 46 28 the
509 1955 48 28 flat
578 1956 45 27 the
645 1956 67 36 boys

77 2004 69 18 were
160 1994 37 26 all
211 1994 79 35 fairly
305 1994 59 27 well
378 1993 111 32 boozed,
505 1994 54 26 and
573 1994 47 27 the
633 1994 57 27 War-

77 2032 51 28 den
143 2031 166 38 completely
321 2030 149 37 mystified.
509 2032 37 28 At
558 2031 93 34 length
666 2031 46 30 the

75 2072 52 26 last
141 2070 112 28 witness
266 2080 67 24 gave
348 2070 42 27 his
413 2070 138 32 evidence,
566 2070 54 27 and
635 2071 75 27 there

78 2118 67 20 were
171 2109 83 28 about
281 2110 31 26 15
339 2117 65 18 men
429 2107 29 28 in
484 2107 45 29 the
550 2108 94 33 Court,
665 2108 46 29 the

76 2149 112 28 balance
211 2147 82 37 being
313 2157 76 18 more
412 2156 30 19 or
464 2146 53 29 less
538 2147 71 36 jolly
622 2150 29 26 at
666 2147 45 29 the

77 2189 74 27 three
167 2187 78 37 pubs,
256 2197 30 18 or
299 2187 112 35 settling
424 2186 46 28 the
484 2196 61 19 case
559 2186 69 29 after
640 2187 72 28 their

76 2236 60 19 own
159 2226 107 28 fashion
293 2235 100 25 among
418 2225 46 28 the
486 2229 107 33 stumps
614 2226 29 27 in
664 2225 47 29 the

75 2265 75 29 road.
186 2264 55 29 His
261 2264 129 38 Worship
412 2264 128 28 summed
558 2273 37 28 up
618 2274 29 20 as
660 2264 34 28 fol-

75 2306 66 27 lows
153 2312 5 20 :
209 2305 42 28 Er
320 2304 66 28 This
409 2304 22 27 is
444 2314 16 18 a
473 2303 115 29 difficult
609 2313 61 19 case
684 2307 26 26 to

74 2345 62 34 give
157 2344 148 35 judgment
329 2353 44 17 on.
423 2343 74 27 Er
533 2342 88 28 There
647 2344 22 26 is
694 2352 16 18 a

75 2382 60 28 deal
156 2382 30 28 of
206 2381 130 29 evidence
358 2391 35 18 on
417 2380 45 29 Mr
482 2380 141 29 O'Toole's
643 2380 67 35 side,

76 2421 63 33 and,
162 2422 74 26 Er
257 2422 44 26 Mr
321 2420 169 36 Gilhooley's
512 2420 140 28 witnesses
665 2430 45 18 are

75 2462 57 26 also
155 2469 66 27 very
244 2458 104 30 certain
368 2458 84 29 about
471 2458 70 28 their
554 2458 77 32 facts,
646 2458 63 34 and,

76 2500 39 28 Er
162 2510 35 17 on
213 2499 45 29 the
270 2499 89 28 whole
373 2499 13 27 I
401 2498 80 29 think
491 2498 45 28 the
546 2498 93 29 fairest
649 2508 61 27 way

75 2540 30 27 of
114 2538 121 35 arriving
248 2541 27 25 at
289 2547 14 19 a
317 2537 118 29 decision
451 2537 54 28 will
518 2537 32 28 be
564 2542 28 23 to
613 2537 62 28 take
695 2547 15 18 a

75 2578 76 27 show
165 2578 31 27 of
207 2577 97 28 hands.
342 2578 88 27 Those
451 2577 28 28 in
500 2577 96 28 favour
616 2577 30 28 of
663 2577 47 28 the

76 2615 121 35 plaintiff
209 2615 63 26 hold
286 2624 37 26 up
334 2614 72 27 their
418 2614 75 33 right
505 2614 98 27 hands?.
641 2615 69 25 Now

74 2653 42 28 for
138 2653 45 27 the
206 2652 157 29 defendant.
401 2651 57 28 The
481 2651 120 36 plaintiff
619 2650 50 28 has
694 2660 15 18 a

74 2692 138 35 majority.
258 2690 152 35 Judgment
430 2689 66 29 with
519 2693 80 25 costs.
644 2689 66 27 This

74 2732 85 26 Court
184 2730 95 28 stands
304 2728 150 37 adjourned
479 2728 41 28 for
540 2738 15 18 a

74 2768 62 27 And
151 2773 27 23 to
192 2768 75 27 show
281 2768 60 26 how
355 2768 84 33 easily
455 2766 119 27 satisfied
588 2767 45 25 the
643 2765 66 34 boys

73 2816 70 20 were
157 2807 28 28 in
199 2806 76 29 those
289 2805 68 38 days
370 2805 46 29 the
430 2805 64 37 only
507 2803 109 29 remark
630 2803 78 28 made

73 2846 83 28 about
182 2846 46 28 the
254 2850 101 24 matter
380 2844 157 28 afterwards
562 2854 56 18 was
649 2843 59 29 that

73 2885 65 36 they
151 2884 53 28 had
218 2893 15 19 a
280 2893 64 26 very
358 2884 72 27 foi.ue

335 2938 22 1 ....
376 2931 5 2 -
557 2919 118 20 AYOKARI.

97 2987 208 35 [Continuation
320 2986 30 27 of
362 2987 89 30 News,
466 2995 44 18 see
530 2986 48 27 4th
593 2984 93 38 Page.]

1257 37 116 41 THE
1427 33 186 42 LYELL
1666 31 185 46 TIMES,
1909 26 312 48 SATURDAY,
2276 21 250 58 JANUARY
2582 36 30 32 2,
2672 18 104 60 iS%.

244 3065 138 39 Mining
400 3064 150 32 Notices.

73 3149 148 28 UNITED
241 3147 143 28 ALPINE
399 3147 148 34 QUARTZ
568 3146 144 27 MINING

198 3199 190 35 COMPANY,
415 3198 176 30 LIMITED.

190 3305 218 31 EXTENSION
429 3305 47 30 OF
495 3304 107 30 TIME.

79 3410 109 31 milE
209 3409 97 30 TIME
333 3408 52 31 has
410 3408 69 30 been
505 3405 211 32 EXTENDED

169 3465 42 29 for
224 3464 163 29 CLOSING
406 3462 180 29 TENDERS
607 3462 41 27 for
662 3460 54 29 this

77 3520 169 35 Company's
265 3518 108 27 HEAD
397 3517 97 28 RACE
518 3515 158 29 TUNNEL
690 3518 27 25 to

76 3570 187 36 TUESDAY,
277 3570 47 30 the
343 3569 47 31 sth
406 3568 53 40 day
482 3568 30 31 of
529 3566 185 36 JANUARY,

77 3628 75 32 1880,
167 3630 28 23 at
208 3627 15 26 4
238 3624 103 29 o'clock
354 3634 68 26 p.m.

353 3675 124 32 JAMES
500 3674 142 34 INGLIS,

536 3728 143 36 Manager.

109 3784 88 39 Lyell,
211 3783 65 31 24th
289 3780 162 37 December,
464 3782 76 28 1885.

246 3863 122 34 Public
386 3861 153 34 Notices.

269 3956 255 32 NOTICE.

79 4074 196 45 -pARTIES
289 4073 29 26 in
331 4080 92 20 arrear
435 4069 68 29 with
522 4066 196 29 ACCOUNTS

173 4128 52 28 clue
239 4137 44 18 me
297 4126 29 28 in
339 4124 115 30 relation
468 4126 28 25 to
510 4130 49 28 my
577 4120 55 29 late
655 4128 46 19 con-

82 4180 109 28 nection
204 4179 66 28 with
286 4177 46 28 the
345 4177 96 26 Lyell
454 4174 93 27 Times
559 4172 57 27 will
630 4170 88 36 oblige

80 4234 35 37 by
129 4233 113 37 mak'ng
255 4241 36 20 an
305 4228 127 32 EARLY
453 4222 264 36 SETTLEMENT.

114 4337 107 36 During
246 4344 48 26 my
503 4328 116 30 absence
645 4327 72 27 from

83 4391 76 37 Lyell
173 4389 43 29 Mr
230 4388 106 29 Walter
348 4386 87 28 Atk-'u
448 4382 57 30 will
526 4381 61 38 give
602 4379 117 36 receipts

86 4453 33 18 on
130 4452 46 28 my
190 4440 102 31 behalf.

449 4489 27 29 J.
498 4488 30 28 F.
548 4484 135 31 CLARK.

117 4565 86 37 Lyell,
217 4561 65 31 39th
298 4560 160 32 December,
474 4558 76 27 1885.

145 4669 217 40 FORSYTH
383 4669 27 35 &
434 4662 231 45 MASTERS,

404 4739 20 30 &
453 4735 141 31 RETAIL
613 4733 84 31 IRON-

111 4767 49 40 /V
307 4777 192 32 MONGERS,

234 4849 169 31 Broadway,
423 4843 144 33 Reefton,

96 4914 66 29 Bxe
177 4924 36 17 on
226 4912 75 28 hand
319 4909 138 37 imported
477 4908 86 27 direct
580 4907 70 27 from
674 4906 45 27 the

241 4948 130 34 markets,
385 4956 15 20 a
413 4947 89 33 Large
514 4943 55 29 and
583 4943 68 29 Well-

270 4987 121 29 assorted
411 4984 84 31 Stock
508 4984 30 28 of

84 5053 167 42 Builders'
266 5050 221 50 Furnishing,
501 5047 138 49 Mining
652 5045 69 40 and

191 5109 146 41 General
359 5109 259 44 Ironmongery,

85 5181 112 34 Which,
208 5181 66 34 they
294 5189 44 18 are
361 5178 133 36 prepared
518 5181 27 23 to
568 5177 49 28 sell
639 5179 28 24 to
680 5185 26 17 re-

98 5220 103 32 sidents
214 5218 30 30 of
254 5216 77 39 Lyell
345 5221 28 25 at
383 5215 151 38 extremely
548 5215 51 28 low
613 5214 95 38 prices.

89 5352 150 32 Bickford's
253 5351 81 34 Fuse,
348 5349 92 30 Hall's
458 5348 125 34 Blasting
597 5346 122 33 Powder,

89 5393 119 36 Octagon
222 5391 82 34 Steel,
318 5391 92 27 Ames'
434 5388 124 33 Shovels,
580 5386 66 28 Pick
665 5386 54 28 and

90 5431 133 32 Hammer
236 5429 135 33 Handles,
385 5429 56 32 &c.,
451 5430 96 33 agents
561 5426 40 29 for
611 5424 110 30 Nobel's

323 5467 162 38 Dynamite.

89 5521 155 36 Furniture,
275 5520 136 34 Bedding.
442 5520 115 33 Lamps,
600 5515 121 37 Cutlery,

90 5560 168 38 Carpenters'
272 5562 90 31 Tools,
382 5560 104 32 Paints,
510 5558 65 32 Oils,
599 5556 122 31 Colours,

224 5600 92 37 Fancy
329 5599 91 33 Ware,
434 5598 62 33 &c.;
517 5597 66 31 also,

94 5662 20 28 A
129 5663 83 36 Large
225 5668 174 26 Assortment
417 5664 30 29 of
465 5661 165 31 Galvanised
646 5660 75 32 Iron,

190 5704 144 28 Bessemer
346 5703 53 29 and
420 5702 102 38 Plough
545 5700 73 30 Steel

275 5771 103 27 WIRE
399 5771 127 27 ROPES.

194 5833 55 31 SSS
281 5835 174 29 OCTAGON
485 5835 128 29 SI'EEL.

918 180 118 31 Public
1061 181 150 31 Notices.

825 264 45 27 TO
891 263 121 28 STAND
1032 263 89 28 THIS
1143 263 151 29 SEASON.

747 362 79 61 AT
842 362 174 28 M'Ginley's
1040 363 93 34 Farm,
1155 362 54 30 antl
1234 364 146 37 travelling

840 406 28 24 to
893 402 102 29 Totara
1020 402 71 34 Flat,
1110 402 120 34 Ahaura,
1257 403 120 29 Twelve-

884 441 74 32 Mile,
972 441 54 26 ami
1051 441 190 36 Up-Country,

797 491 56 29 Tlie
868 492 146 28 Pure-bred
1028 492 160 37 Clydesdale
1202 493 125 35 Stallion,

1049 663 4 15 i

779 954 137 28 Glennar
937 952 23 29 is
983 962 15 19 a
1022 952 93 37 bright
1134 952 63 37 bay,
1210 952 67 29 with
1304 952 78 30 black

748 994 99 36 points,
861 994 15 27 3
889 1002 78 27 years
986 992 54 28 old.
1079 992 101 29 Stands
1202 994 33 26 16
1258 992 87 29 hands
1367 996 16 25 3

745 1032 102 32 inches,
872 1031 125 36 splendid
1021 1031 68 27 bone
1114 1031 55 27 and
1188 1032 113 31 muscle,
1322 1032 55 26 and

745 1070 84 36 grand
844 1070 99 32 action,
962 1073 45 29 got
1020 1069 37 36 by
1079 1070 97 27 Scotch
1199 1069 71 28 Jock
1284 1069 36 36 by
1335 1070 43 27 Sir

746 1109 77 28 Colin
838 1108 140 37 Campbell
991 1108 35 35 by
1037 1107 74 36 King
1122 1109 111 35 Fergus.
1271 1108 109 27 Dam

747 1148 69 36 Gyp,
837 1147 37 37 by
892 1147 87 36 Royal
1005 1147 166 36 Conqueror,
1192 1147 135 36 imported
1354 1149 27 26 to

747 1187 66 28 New
826 1186 119 29 Zealand
959 1186 34 36 by
1007 1186 46 28 the
1066 1186 74 29 Hon.
1163 1186 43 28 Mr
1225 1185 149 29 Robinson.

746 1225 74 29 Took
832 1225 60 28 first
904 1225 69 28 class
986 1225 72 36 prize
1073 1229 86 24 atone
1171 1225 54 28 and
1238 1228 54 25 two
1300 1234 80 26 years

746 1269 28 24 at
788 1264 88 36 Royal
889 1263 182 36 Agricultural
1093 1264 90 34 Show,
1204 1263 172 37 Edinburgh,

749 1303 106 35 against
886 1303 37 28 all
955 1302 150 34 Scotland;
1136 1303 86 35 grand
1253 1303 64 28 dam
1348 1302 35 38 by

748 1343 86 28 South
850 1343 62 28 Star
923 1342 36 37 by
972 1342 153 35 England's
1139 1343 88 35 Hope.

782 1382 62 38 Gyp
870 1381 63 29 took
958 1381 58 29 first
1042 1381 54 29 and
1119 1381 99 29 second
1239 1381 88 37 prizes
1352 1380 27 28 in

748 1422 66 27 1872
827 1422 53 27 and
895 1422 65 27 1873
980 1425 27 23 at
1022 1420 44 28 the
1087 1421 183 34 Agricultural
1286 1421 90 29 Show,

747 1457 165 31 Richmond.

779 1499 37 27 At
847 1498 165 35 M'Ginley's
1042 1497 160 29 homestead
1242 1507 52 19 one
1326 1497 53 37 day

746 1537 113 33 weekly.
897 1537 95 26 Terms
1002 1537 82 26 :o
1099 1538 61 30 10s;
1180 1536 66 27 with
1265 1545 99 26 guaran-

747 1578 50 32 tee,
813 1575 36 29 's
864 1576 39 27 ss.
939 1575 65 28 Two
1018 1584 29 19 or
1060 1584 73 19 more
1145 1584 90 19 mares
1245 1573 36 38 by
1291 1583 75 26 agree-

748 1620 84 23 ment.
870 1615 66 28 Fees
945 1614 114 37 payable
1072 1615 125 36 January
1213 1615 50 33 Ist,
1278 1616 76 27 1886.

1093 1666 34 27 D.
1150 1666 197 28 M'GINLEY.

767 1748 127 37 POST
938 1749 193 36 OFFICE
1174 1748 189 43 HOTEL,

953 1807 109 29 LYE
1083 1808 23 28 L
1126 1807 22 28 L
1169 1829 7 7 .

798 1902 223 40 PETER
1052 1902 281 40 MANGOS

750 1965 141 68 BEGS
911 1970 28 24 to
952 1966 102 28 inform
1074 1965 44 28 his
1136 1965 103 29 triends
1261 1965 55 28 and
1337 1965 46 28 the

852 2004 91 36 public
966 2005 62 27 that
1052 2005 43 27 his
1115 2013 60 19 new
1196 2004 187 28 commodious

919 2042 86 29 Hotel
1018 2043 22 28 is
1054 2052 62 19 now
1129 2052 80 27 open.

746 2080 153 28 Travellers
918 2081 54 27 and
992 2082 108 27 visitors
1119 2085 29 24 to
1167 2081 55 28 this
1240 2081 131 28 establish

780 2123 78 24 ment
870 2119 56 27 will
938 2119 58 28 find
1009 2119 71 28 their
1090 2119 117 28 comfort
1216 2119 55 28 and
1284 2129 48 18 con-

815 2158 130 29 venience
956 2158 168 37 thoroughly
1133 2158 130 29 attended
1276 2161 37 26 to.

746 2198 58 27 The
818 2198 146 28 bedrooms
986 2208 46 18 are
1042 2198 78 36 lofty,
1134 2198 56 27 and
1202 2198 63 28 well
1278 2198 104 36 lighted

948 2237 55 28 and
1024 2237 159 28 ventilated.

780 2315 206 29 Comfortable
1016 2316 128 28 Parlors
1171 2323 55 20 and
1247 2315 85 29 First-

964 2363 82 19 class
1065 2355 103 27 Table.

764 2393 58 27 One
846 2392 30 28 of
896 2392 127 28 Alcoek's
1036 2393 78 27 Prize
1127 2391 116 30 Billiard
1258 2391 107 31 Tables.

745 2469 58 30 The
818 2470 55 28 Bar
886 2471 23 28 is
923 2469 112 30 stocked
1046 2469 66 29 with
1127 2470 73 34 Ales,
1211 2469 104 35 Wines,
1330 2470 53 29 and

799 2509 99 37 Spirits
911 2513 28 24 of
956 2509 168 35 guaranteed
1142 2509 102 29 brands
1257 2510 74 36 only.

779 2549 23 27 A
823 2549 142 28 first-class
987 2549 183 28 sixteen-stall
1183 2549 87 28 stable
1283 2549 74 28 iscon-

745 2588 99 27 nected
857 2588 68 29 with
941 2589 54 27 this
1011 2588 84 28 hotel.

999 2626 125 26 PETER
1148 2625 166 30 MANGOS,

1183 2662 155 33 Proprieor.

851 2743 175 31 JAMES
1066 2742 211 40 INGLIS,

750 2815 312 64 gHAREBROKER
1093 2817 20 28 k
1144 2815 237 30 COMMISSION

966 2895 13 25 A
1048 2895 24 22 E
1136 2894 34 29 T,

823 2975 115 28 Cliff
976 2975 160 32 Street,
1173 2978 140 25 Lyell.

873 3057 121 31 JOHN
1030 3056 225 40 FENNiiLL,

750 3122 60 59 Q.
821 3121 92 28 ENE
923 3121 58 28 RA
990 3121 23 28 L
1070 3120 313 61 gTOREKEEPER,

835 3207 84 30 Wine
938 3216 55 20 and
1014 3207 94 30 Spirit
1132 3207 170 29 Merchant.

786 3322 101 36 Money
907 3321 103 37 always
1032 3322 28 27 in
1082 3320 76 29 hand
1178 3320 42 29 for
1238 3320 114 37 cashing

1004 3360 128 34 cheques.

785 3473 109 29 Liberal
907 3472 136 29 advances
1056 3473 80 28 made
1153 3482 35 19 on
1202 3473 106 38 parcels
1322 3473 30 28 of

966 3512 118 29 retorted
1098 3512 72 37 gold.

894 3628 79 36 Cliff
992 3628 120 45 Street,
1138 3629 107 45 Lyell.

987 3720 33 39 [A
1057 3719 97 39 Card.]

752 3759 39 27 To
805 3759 46 28 the
865 3759 99 27 Ladies
978 3760 29 27 of
1016 3759 87 35 Lyell.
1119 3758 125 33 Reefton,
1258 3758 54 27 and
1325 3767 44 19 sur-

926 3797 136 34 rounding
1075 3796 136 30 districts:

822 3837 186 66 Messrs
1036 3838 34 25 e.
1096 3837 26 27 j.
1151 3836 165 27 warner

929 3875 54 29 and
1009 3875 64 33 CO.,
1099 3873 30 30 of
1156 3873 159 35 NELSON,

822 3915 87 28 desire
922 3918 27 25 to
962 3914 127 28 intimate
1102 3914 61 27 that
1183 3913 64 28 with
1269 3913 46 28 the

822 3953 124 37 splendid
965 3953 124 28 facilities
1109 3952 65 36 they
1196 3961 116 27 possess,

822 3992 65 35 they
908 4000 50 19 can
986 3995 27 23 at
1035 4000 14 17 a
1072 3991 49 27 few
1136 3991 82 26 hours
1231 3991 83 32 notic,

821 4030 67 27 send
901 4039 49 27 per
962 4029 82 28 coach
1059 4033 27 24 to
1099 4038 54 27 any
1176 4028 109 29 address
1299 4038 16 19 a

821 4068 133 35 complete
974 4070 122 25 costume
1117 4066 79 28 made
1218 4067 28 27 in
1268 4067 46 28 the

821 4115 66 27 very
899 4106 80 28 latest
989 4104 79 37 style,
1078 4104 67 28 with
1153 4104 48 28 hat
1211 4113 30 19 or
1248 4103 49 29 bon-

821 4150 47 22 net
877 4144 53 27 and
942 4144 93 35 gloves
1043 4146 28 25 to
1081 4143 102 33 match,
1192 4144 123 32 together

821 4182 67 27 with
898 4191 81 25 every
988 4181 128 35 requisite
1129 4180 28 27 in
1171 4181 73 31 hose,
1258 4190 42 17 cor-

822 4224 63 32 sets,
914 4218 219 37 underclothing,
1159 4218 54 36 &c.,
1244 4218 71 30 their

821 4262 87 34 prices
938 4261 81 33 being
1050 4264 70 23 most
1146 4259 167 28 reasonable.

821 4299 83 26 Their
926 4298 77 27 stock
1016 4298 148 34 comprises
1178 4306 80 26 every
1272 4306 27 18 ar-

821 4336 61 28 ticle
912 4336 29 28 in
972 4335 116 29 General
1117 4334 132 37 Drapery,
1273 4335 27 27 in-

821 4374 110 36 cluding
943 4384 16 19 a
972 4372 124 38 splendid
1115 4376 162 26 assortment
1289 4372 31 30 of

823 4414 88 27 Men's
936 4412 54 28 and
1015 4413 82 34 Boys'
1124 4412 189 35 Ready-made

822 4451 138 37 Clothing,
985 4460 132 26 mercery,
1143 4451 55 33 &c.,
1223 4450 92 28 orders

822 4491 41 27 for
875 4490 90 28 which
972 4489 55 28 will
1037 4491 102 26 receive
1153 4492 109 33 prompt
1275 4494 26 23 at-

822 4530 114 28 tention.
974 4529 124 28 Patterns
1107 4529 30 27 of
1147 4532 100 25 newest
1258 4538 37 19 ma-

823 4569 92 27 terials
927 4573 60 22 sent
1006 4571 62 32 post
1087 4567 54 28 free
1164 4567 36 35 by
1220 4572 92 23 return

821 4606 77 32 mail,
905 4605 54 30 and
969 4605 84 29 ladies

821 4650 92 26 ments
926 4646 26 29 of
974 4645 105 30 dresses
1097 4656 49 19 can
1160 4645 107 37 depend
1280 4655 36 20 on

823 4686 124 33 securing
960 4695 16 17 a
999 4685 129 35 perfectly
1146 4685 92 35 fitting
1259 4694 42 18 cos-

823 4727 84 26 tume.

858 4801 93 27 Please
965 4801 65 27 send
1050 4802 81 33 along
1143 4810 70 26 your
1226 4802 91 26 orders

823 4844 28 27 at
859 4850 76 25 once,
946 4844 28 26 to
985 4839 78 30 avoid
1079 4839 87 38 delay,
1181 4839 54 29 and
1246 4849 56 20 care-

822 4880 69 35 fully
904 4885 63 23 note
982 4880 44 28 the
1041 4880 128 27 address:

753 4927 39 30 E.
809 4927 29 30 J.
855 4926 198 29 WARNER
1072 4926 27 29 &
1119 4925 78 36 CO.,
1256 4925 80 30 Hall
1353 4926 38 29 of

1124 4959 139 31 Nelson.

872 5047 186 39 REEVES
1086 5047 98 37 AND
1208 5046 63 39 CO.

754 5124 379 63 Auctioneers,
1164 5124 116 27 stock
1312 5122 75 27 and

851 5162 233 30 COMMISSION
1122 5162 148 28 AGENTS
1306 5160 81 28 AND

919 5199 313 33 SHAREBROKERS,

794 5282 157 37 Bridge
979 5279 165 44 Street,
1175 5277 176 38 Nelson.

792 5428 90 30 Loans
895 5426 171 37 Negotiated.
1089 5425 162 29 Valuations
1265 5424 89 29 made.

756 5482 117 28 Auction
899 5479 77 29 Sales
1002 5478 171 28 undertaken
1186 5479 30 26 in
1226 5478 86 28 Town
1336 5477 53 28 and

1007 5518 133 34 Country.

847 5601 77 30 MR.
944 5601 26 29 J.
989 5601 27 28 J.
1035 5598 265 39 MOYNIHAN,

1040 5667 78 28 AND
1158 5666 232 35 QOLICITOR.

757 5778 214 30 Commissioner
993 5776 30 26 of
1040 5775 45 26 the
1107 5775 133 33 Supreme
1260 5774 85 27 Court
1366 5773 28 26 of

1007 5825 133 30 Victoria.

1589 168 118 32 Public
1731 165 152 33 Notices.

1420 249 208 42 E3OWFS
1648 247 118 41 BOOT
1794 241 261 44 EMPORIUM

1669 306 134 28 LYELL.

1721 365 52 20 -

1420 411 43 64 J
1499 411 139 29 BROWN
1653 411 29 27 in
1695 409 135 36 thanking
1843 407 43 29 bis
1904 413 149 22 numerous

1517 456 148 21 customers
1697 449 40 26 for
1766 454 63 30 past
1857 447 119 31 favours,
2001 444 52 28 and

1420 488 104 36 hoping
1549 488 42 27 for
1612 498 16 18 a
1651 487 180 28 continuance
1853 485 29 28 of
1900 484 47 28 the
1967 492 85 23 same,

1420 527 98 26 wishes
1531 531 44 22 too
1589 527 51 26 call
1654 526 72 27 their
1744 525 135 27 attention
1893 527 29 23 to
1936 522 43 28 his
1992 531 61 19 new

1420 565 77 27 stock
1519 565 30 27 of
1571 565 108 27 Ladies'
1705 563 97 28 Maids'
1826 562 55 28 and
1900 560 154 29 Children's

1420 604 85 28 Boots
1526 604 29 27 in
1578 607 76 33 great
1676 603 113 36 variety.
1826 601 75 32 Also,
1916 600 43 28 his
1977 599 76 37 large

1421 644 55 26 and
1488 642 96 28 varied
1597 642 77 29 stock
1687 642 30 28 of

1420 694 120 37 Men.s,
1553 694 141 30 Youths'
1708 693 27 30 &
1749 691 99 38 Boys'
1867 691 105 29 Boots
1985 689 69 30 and

1678 728 117 31 Shoes.

1421 831 86 28 Fresh
1522 830 92 30 Goods
1627 831 120 36 arriving
1766 828 136 37 monthly,
1916 826 89 30 which
2020 827 33 27 he

1455 871 22 27 is
1491 871 114 34 offering
1618 874 29 24 at
1660 870 85 36 prices
1759 873 28 24 to
1799 868 53 28 suit
1866 868 46 27 the
1926 866 91 30 times.

1421 908 44 28 All
1490 908 137 36 imported
1661 908 84 35 goods
1775 906 116 28 marked
1920 906 29 26 in
1977 905 76 35 plain

1681 946 110 36 figures.

1456 1023 130 28 N.B.A
1598 1023 99 37 supply
1711 1023 29 28 of
1761 1023 88 28 North
1864 1021 102 28 British
1982 1021 72 28 Guin
2067 1021 1 39 j

1420 1062 85 27 Boots
1532 1061 55 28 and
1612 1063 70 26 Own
1707 1061 82 28 Make
1810 1060 181 36 Wateitights
2017 1059 24 28 al-

1420 1110 74 27 ways
1507 1110 36 18 on
1556 1100 85 27 hand.

1455 1139 117 37 Repairs
1584 1138 142 37 promptly
1736 1137 131 29 executed
1880 1137 54 28 and
1947 1136 107 28 elastics

1420 1177 132 30 inserted.

1447 1256 70 30 Note
1531 1255 47 31 the
1589 1254 271 30 AddressJOHN
1883 1254 147 33 BROWN,

1421 1304 89 31 Boot
1534 1303 27 32 &
1588 1302 210 33 Shoemaker
1819 1302 27 31 &
1876 1302 179 38 Importer,

1484 1350 141 37 (Opposite
1639 1348 81 28 Bank
1733 1349 30 27 of
1773 1348 67 28 New
1855 1347 140 34 Zealand.)

1539 1432 186 36 JAMES
1766 1430 171 39 RYAN,

1424 1522 244 59 Q.ENERAL
1742 1518 313 62 gTOREKEEPER,

1572 1598 85 30 Cliff
1681 1597 119 35 Street,
1820 1595 86 30 Lyel.

1422 1753 91 29 Goods
1528 1753 132 35 carefully
1672 1752 106 36 packed
1792 1754 27 24 to
1833 1750 36 28 all
1882 1752 75 33 parts
1971 1749 29 27 of
2010 1749 45 27 the

1679 1790 115 29 district.

1437 1946 105 27 BANK
1561 1945 113 28 PRICE
1694 1944 119 28 GIVEN
1834 1943 73 27 FOR
1927 1942 111 27 GOLD.

1437 2025 340 34 CRITERION
1825 2023 197 32 HOTEL

1651 2091 173 21 LYELL.

1535 2201 186 33 EDWARD
1749 2199 196 33 CARROLL

1422 2269 133 61 BEGS
1576 2274 28 26 to
1624 2269 101 29 inform
1745 2269 44 27 his
1809 2276 149 20 numerous
1983 2270 72 24 twn

1518 2310 55 29 and
1599 2312 117 33 country
1739 2307 102 30 friends
1866 2307 62 29 that
1952 2306 34 29 he
2009 2305 50 28 has

1420 2349 155 36 purchased
1587 2349 47 28 the
1648 2349 84 28 above
1745 2349 134 31 business,
1893 2347 56 27 and.
1972 2346 85 36 hopes

1421 2388 36 36 by
1483 2389 78 27 strict
1584 2387 137 28 attention
1735 2389 28 26 to
1783 2386 46 28 the
1852 2389 88 24 wants
1966 2384 29 27 f
2017 2384 42 26 his

1422 2430 151 25 customers
1595 2426 55 28 and
1671 2425 141 29 travellers
1833 2429 27 24 to
1886 2424 81 28 merit
1980 2432 15 19 a
2008 2423 51 27 fair

1542 2465 79 28 share
1635 2465 30 28 of
1681 2464 89 37 public
1784 2469 158 32 patronage.

1501 2544 126 43 Liquors
1649 2543 32 31 of
1700 2544 51 30 the
1767 2543 71 31 Beat
1857 2542 120 30 Brands.

1716 2627 31 28 E.
1773 2626 80 29 CAW
1862 2625 118 34 ROLL,

1860 2666 163 36 Proprietor.

1580 2762 317 32 TEMPERANCE

1422 2812 339 56 BOARDING
1826 2810 231 55 HOUSE

1504 2883 80 34 (Late
1596 2882 155 26 Alhambra.
1769 2881 93 31 Hotel,
1876 2881 101 34 Lyeli.)

1422 2987 204 55 ANTONIO
1641 2985 259 33 ACCOLINObegs
1916 2987 26 23 to
1955 2983 102 27 inform

1517 3022 47 27 the
1585 3021 173 27 inhabitants
1778 3020 32 28 of
1828 3021 78 35 Lyell
1925 3020 54 28 and
1999 3030 42 17 sur-

1420 3059 141 36 rounding
1586 3058 106 28 district
1716 3058 62 28 that
1802 3058 34 28 he
1862 3058 50 27 has
1935 3068 61 18 now
2017 3068 26 18 re-

1422 3097 106 38 opened
1541 3098 46 28 the
1601 3097 84 29 above
1699 3096 177 30 well-known
1886 3097 133 37 premises
2028 3106 30 19 as

1418 3147 19 18 a
1451 3137 157 28 First-class

1422 3187 175 49 Boarding
1611 3187 119 38 House
1747 3187 70 38 and
1837 3187 220 38 Restaurant.

1494 3300 88 28 Meals
1596 3303 27 25 at
1637 3300 34 28 all
1686 3299 93 29 hours.
1817 3299 78 29 Good
1908 3299 81 28 Beds.

1422 3340 151 28 Extensive
1604 3340 56 28 and
1701 3339 194 29 Commodious
1934 3338 126 37 Stabling

1613 3377 256 27 Accommodation.

1599 3428 169 30 ANTONIO
1789 3427 198 34 ACCOLINO,

1858 3469 166 36 Proprietor.

1442 3553 113 36 NEW
1598 3552 136 37 CHUM
1772 3552 269 44 BUTCHERY,

1416 3617 328 32 LIE
1580 3617 82 32 7
1762 3617 24 31 L
1803 3617 25 31 L
1844 3642 6 7 .

1519 3725 204 40 JAMES
1775 3724 184 47 EDGE,

1519 3796 119 30 HOLE
1648 3796 108 30 SALE
1794 3796 79 29 AND
1919 3796 141 29 RETAIL

1571 3873 338 34 BUTCHER.

1421 3988 98 28 Hotels
1533 3987 54 28 and
1601 3986 132 29 Families
1752 3986 101 28 waited
1875 3997 36 18 on
1925 3987 81 37 Daily
2020 3987 40 28 for

1686 4024 111 29 Orders.

1473 4121 76 29 Meat
1562 4120 146 29 Delivered
1728 4123 26 25 to
1768 4119 37 29 all
1825 4122 75 35 parts
1913 4121 27 28 of
1962 4120 45 28 the

1680 4159 125 29 District.

1422 4268 66 31 NE
1505 4268 35 29 W
1586 4267 65 30 CTI
1668 4267 25 29 U
1711 4266 28 29 M
1780 4266 24 30 P,
1813 4266 127 31 UTCIT
1954 4266 59 31 ER
2021 4265 27 32 Y

1490 4311 128 33 Opposite
1629 4309 153 28 Alhambra
1793 4309 94 30 Hotel,
1903 4309 87 35 Lyell.

1439 4398 359 39 WELCOME
1871 4399 165 45 INN,

1683 4456 104 28 Lyell.

1533 4563 152 30 ELLEN
1716 4562 233 32 WILLIAMS

1511 4626 72 24 ie'tui
1674 4621 100 28 thanks
1792 4627 42 22 tor
1940 4626 118 28 iavonrs,

1497 4663 63 32 begs
1578 4667 27 23 to
1627 4661 99 29 inform
1745 4661 49 29 her
1813 4661 103 29 friends
1935 4662 53 28 and
2013 4662 46 28 the

1423 4701 91 35 public
1535 4701 59 26 that
1617 4700 47 27 she
1690 4701 50 26 has
1761 4701 57 33 just
1841 4701 153 34 completed
2015 4711 28 16 ex-

1424 4739 102 29 tensive
1546 4738 138 29 additions
1707 4737 55 30 and
1781 4737 160 30 alterations
1964 4743 27 24 to
2011 4738 48 29 her

1424 4779 142 37 premises,
1585 4778 55 28 and
1660 4779 45 27 the
1728 4779 208 28 accomodation
1956 4779 22 27 is
1997 4789 60 18 now

1643 4817 191 35 unsurpassed.

1424 4896 73 32 Ales,
1522 4896 104 32 Wines,
1649 4896 54 26 and
1726 4896 98 34 Spirits
1850 4896 29 26 of
1902 4896 157 27 First-class

1598 4933 111 34 Quality
1723 4933 65 32 only
1801 4933 73 34 kept.

1494 5009 78 27 Good
1591 5008 125 34 Stabling
1735 5009 254 27 Accommodation.

1597 5059 127 28 ELLEN
1749 5059 206 31 WILLIAMS,

1805 5099 219 27 Proprietress.

1429 5181 212 38 WOLF
1709 5181 89 37 AN
1825 5181 34 36 D
1934 5181 27 37 C
1989 5181 67 45 0.,

1556 5243 180 30 Wholesale
1749 5251 55 20 and
1821 5242 107 29 Retail

1427 5291 630 57 BUTCHERS.

1530 5384 113 30 Dealers
1656 5384 29 29 in
1698 5384 37 28 all
1749 5384 179 37 descriptions
1942 5383 30 29 of

1443 5434 106 31 FARM
1585 5434 78 27 AND
1700 5433 120 28 DAIRY
1856 5433 189 28 PRODUCE.

1427 5512 99 29 Hotels
1535 5511 55 28 and
1603 5511 131 27 Families
1742 5510 99 28 waited
1855 5520 35 18 on
1904 5510 41 28 for
1953 5511 109 27 Orders.

1463 5590 99 29 Orders
1582 5588 138 29 delivered
1740 5590 28 25 to
1789 5587 36 27 all
1848 5591 76 32 parts
1936 5597 15 19 o
1982 5588 47 27 the

1688 5625 123 27 District.

1601 5705 73 25 Note
1689 5703 47 27 the
1751 5703 121 27 Address

1447 5744 115 33 rs*w
1581 5743 22 29 o
1623 5744 23 28 L
1666 5743 21 28 F
1759 5742 115 29 AND
1956 5741 91 36 CO.,

1482 5785 73 27 Next
1578 5784 47 27 the
1650 5783 191 26 Government
1859 5782 154 35 Buildings,

1416 5819 1 33 \
1577 5821 85 29 Cliff
1683 5819 120 33 Street,
1822 5819 104 29 Lyell.

2589 150 118 46 Piolic
2737 155 151 32 Notices.

2093 242 15 31 $
2124 245 62 32 r~*)

2841 240 9 14 t
2852 240 59 30 pt*
2932 242 73 36 :crj

2356 426 245 63 JOHN
2663 424 452 61 FENNELL
3344 477 5 3 .
3394 422 4 107 |

2090 525 60 28 Has
2164 525 84 28 much
2267 524 124 37 pleasure
2410 524 29 27 in
2460 522 177 33 announcing
2657 527 27 23 to
2704 521 47 28 the
2773 520 170 30 inhabitants
2965 522 29 26 of
3017 521 77 36 Lyell
3121 521 54 28 and
3200 520 184 37 surrounding

2314 562 120 28 districts
2458 561 45 28 the
2527 560 101 28 arrival
2653 560 30 27 of
2705 560 42 27 his
2773 560 87 27 NEW
2891 560 124 27 GOODS
3048 561 40 26 for
3113 560 45 28 the

2187 642 87 42 12*
2301 637 288 43 CHRISTMAS
2629 637 101 38 AND
2775 636 114 40 NEW
2932 637 133 39 YEAR
3107 637 176 40 TRADE.

2728 741 21 23 o

2091 785 84 39 The
2196 785 115 40 Stock
2330 785 31 39 is
2389 798 83 25 now
2491 783 189 51 complete
2702 781 36 40 in
2758 795 111 38 every
2888 779 128 48 detail,
3039 779 74 40 and
3146 779 64 39 the
3240 779 144 53 quality
3397 779 3 55 i

2188 840 31 39 is
2239 840 40 39 of
2302 840 64 39 the
2394 840 84 38 best
2506 837 222 53 procurable
2753 836 94 39 from
2868 835 64 39 the
2954 836 127 36 Home
3102 834 183 38 Markets.

2258 984 33 28 In
2305 984 47 29 the
2367 983 109 29 Ladles'
2492 983 183 38 Department
2690 981 45 30 the
2750 981 141 36 following
2905 980 93 29 Goods
3012 990 45 19 are
3071 979 96 30 shown

2090 1040 147 39 DRESS
2253 1040 288 46 MATERIALS,
2751 1038 213 46 CORSETS,

2248 1103 285 45 MILLINERY,
2871 1100 189 43 GLOVES,

2368 1166 240 47 MANTLES,
2991 1162 158 46 LACES,

2488 1231 219 46 HOSIERY,
3071 1225 237 45 FLOWERS,
3330 1226 57 38 &c.

3368 1326 19 26 o

2192 1396 35 28 In
2241 1395 47 30 the
2303 1396 187 29 Gentlemen's
2505 1397 183 37 Department
2703 1406 15 18 a
2732 1396 87 36 Large
2834 1395 81 28 Stock
2931 1394 50 29 has
2993 1393 69 29 been
3076 1392 56 29 laid
3145 1393 39 33 in,
3198 1392 89 28 which

2093 1459 132 38 WILL
2251 1460 65 38 BE
2345 1460 129 38 SOLD
2500 1460 62 38 AT
2598 1459 177 38 PRICES
2815 1459 61 37 TO
2919 1457 115 39 SUIT
3073 1456 101 38 THE
3203 1454 181 40 iTIMES.

2166 1633 93 50 Boys
2264 1635 7 15 1
2291 1633 72 39 and
2385 1633 141 39 Youths'
2548 1631 167 53 Clothing
2733 1630 40 52 of
2786 1630 52 40 the
2857 1629 83 39 Best
2958 1627 71 40 and
3050 1627 118 39 Latest
3186 1624 125 53 Styles.

2283 1803 95 29 Direct
2392 1801 199 40 Importations
2604 1801 71 29 from
2689 1800 45 30 the
2750 1800 90 28 Home
2856 1797 133 35 Markets,
3003 1796 153 36 consisting
3169 1795 30 28 of

2095 1870 136 45 Prints,
2256 1870 173 44 Sateens,
2448 1869 75 36 and
2540 1868 228 46 Twillettes;
2792 1867 150 37 French
2956 1866 181 42 Merinos,
3155 1865 231 43 Cretonnes;

2127 1923 159 39 Curtain
2310 1922 146 48 Laces;
2486 1922 132 39 White
2645 1922 174 46 Calicos;
2849 1919 127 40 Toilet
2997 1917 126 52 Quilts
3142 1916 211 52 Sheetings.

2544 2011 23 27 A
2581 2009 131 37 Splendid
2726 2009 176 27 Assortment
2916 2006 30 27 of

2097 2077 130 47 Black,
2266 2077 114 45 Ecru,
2418 2074 75 40 and
2529 2073 134 39 White
2713 2073 22 38 L
2750 2085 88 25 aces
2859 2085 7 33 ;
2914 2068 172 41 Ribbons
3108 2083 6 33 ;
3161 2068 117 40 Black
3313 2068 74 41 and

2388 2128 190 40 Coloured
2606 2128 81 38 Silk
2718 2126 104 46 Mits,
2845 2124 74 39 and
2940 2124 153 38 Gloves.

2131 2307 244 64 JOHN
2415 2300 469 74 FENNELL,
2926 2298 152 63 Cliff
3114 2298 237 63 Street.

2099 2470 138 64 The
2274 2469 365 76 Hampden
2683 2464 469 78 Co-operative
3198 2463 190 60 Store

2394 2558 358 75 Company,
2792 2552 313 62 Limited.

2149 2728 5 19 i

2098 2751 108 59 THE
2220 2750 84 30 above
2315 2750 144 36 Company
2469 2750 22 28 is
2505 2758 60 19 now
2577 2746 149 38 supplying
2739 2746 46 28 the
2799 2744 141 34 following
2956 2743 84 35 goods
3051 2747 27 24 at
3091 2752 15 19 a
3119 2742 84 36 slight
3216 2742 122 28 advance
3353 2750 34 18 on

2566 2786 148 28 NELSON
2731 2784 186 27 PRICES:

2094 2818 601 94 Groceries
2748 2851 241 53 st23.c3L

2297 3025 36 28 Of
2344 3025 59 28 first
2418 3025 68 27 class
2500 3024 114 36 quality.
2652 3023 24 27 A
2689 3023 88 35 Large
2791 3022 55 27 and
2859 3021 100 27 Varied
2974 3022 173 26 Assortment
3161 3022 30 26 of

2096 3082 201 53 Crockery,
2334 3082 171 39 Earthen
2535 3081 75 39 and
2644 3080 227 44 Glassware,
2910 3078 279 51 Ironmongery,
3221 3079 79 44 &c.,
3324 3079 63 36 See.

2098 3214 122 40 Men's
2256 3212 74 41 and
2368 3212 114 52 Boys'
2521 3208 273 54 Kaipoi-made
2844 3207 205 53 Clothing;
3098 3208 112 47 Hats,
3251 3207 137 47 Shirts,

2195 3267 357 47 Under-Flannels;
2608 3266 175 38 Drawers
2819 3264 72 38 and
2928 3264 144 47 Moles;
3117 3263 173 46 Tweeds,

2293 3322 176 53 Hosiery,
2493 3320 185 41 Blankets
2695 3334 7 34 ;
2733 3319 162 46 Calicos,
2920 3318 139 48 Prints,
3084 3319 89 38 Flan-

2507 3377 91 43 nels,
2620 3377 79 42 &c.,
2722 3376 64 35 &c.
2841 3375 143 35 Also

2099 3446 153 47 Wheat,
2300 3445 110 47 Oats,
2458 3443 115 47 Bran,
2609 3440 118 43 Chaff
2749 3439 75 42 and
2858 3439 183 41 Potatoes
3062 3453 7 26 :
3106 3439 94 41 New
3236 3439 156 40 Garden

2172 3502 130 48 Seeds,
2326 3500 122 40 sound
2476 3499 74 40 and
2570 3505 83 33 true
2673 3504 39 33 to
2732 3510 125 26 name.
2912 3496 100 39 Seed
3034 3497 194 47 Potatoes,
3251 3497 65 38 &c.

2132 3638 98 27 Orders
2243 3633 195 38 accompanied
2456 3633 37 36 by
2507 3632 64 29 cash
2585 3631 174 29 remittances
2778 3629 162 38 punctually
2959 3628 130 31 attended
3104 3633 37 31 to,
3155 3627 55 32 and
3230 3627 85 40 goods
3335 3628 43 30 des-

2098 3675 115 38 patched
2228 3679 28 23 at
2269 3684 14 17 a
2297 3678 139 22 moments
2449 3672 98 27 notice.

2132 3714 83 30 Local
2232 3713 129 40 produce,
2380 3710 141 38 including
2540 3709 105 36 Hides,
2665 3708 94 35 Skins,
2786 3707 95 37 Wool,
2900 3707 127 33 Butter,
3041 3707 56 35 &c.,
3111 3707 55 35 &c.,
3186 3706 154 40 purchased
3354 3706 41 29 for

2098 3756 81 26 Cash.

2979 3787 32 26 R.
3033 3787 131 32 M'NEE,
3184 3786 141 34 Manager.

2133 3831 169 32 Murchison,
2317 3829 63 29 15th
2394 3827 84 35 June,
2495 3829 76 27 1885.

2390 4020 237 60 KIRK
2636 4017 455 61 PATRICK'S

2098 4146 35 26 m
2174 4120 669 57 Stoneless
2912 4119 400 53 Jams,
3360 4125 37 37 w

2224 4304 56 37 All
2300 4316 67 24 our
2388 4303 103 47 jams
2510 4315 63 24 are
2593 4301 112 38 made
2729 4300 95 37 from
2854 4300 130 38 Sound
3015 4299 106 37 Fruit
3151 4299 108 48 Only,

2439 4423 83 37 Best
2554 4421 100 38 white
2680 4419 203 52 crystalised
2909 4420 132 49 Sugur.

2297 4596 114 60 WE
2486 4595 48 27 ri
2551 4594 205 28 UARANTEE

2390 4635 22 27 E
2486 4622 270 40 VTUAUANTEE

2829 4592 143 58 Them

2885 4631 87 28 HEM
3044 4628 35 22 -L
3106 4630 76 28 UITE

2175 4784 61 61 S.
2292 4777 638 66 KIKKPATEICK
2986 4777 132 61 and
3168 4774 145 76 CO.,
3369 4769 5 71 i

2635 4883 213 41 KELSON.

2192 5023 18 29 J
2229 5045 6 7 .
2291 5023 25 28 F
2336 5045 6 6 .
2399 5018 237 38 CLARK,

2102 5103 41 38 Q
2177 5097 555 38 IIAREBROKER,

2192 5203 141 24 MINING
2361 5202 77 23 AND
2465 5199 182 25 GENERAL

2098 5287 390 31 COMMISSION
2538 5284 195 33 AGENT,

2297 5369 121 33 LYE
2441 5369 24 31 L
2489 5369 23 31 L
2530 5369 4 33 .

2180 5461 47 38 G.
2277 5460 44 38 C.
2368 5456 289 47 BOWMAN,

2119 5558 21 26 A
2162 5556 230 33 UCTIONEER,
2413 5554 322 38 QHAREBROKER,

2257 5665 111 29 Mining
2387 5673 55 20 and
2462 5664 118 30 Genral

2119 5739 336 33 COMMISSION
2523 5738 195 31 AGENT.

2239 5817 169 30 BfiOADWAY,
2455 5816 143 27 ReZFIN.

2747 5010 48 55 IB
2813 5021 131 39 ELF
2963 5021 72 39 AS
3054 5021 28 38 T
3134 5019 38 38 H
3190 5019 30 40 0
3240 5018 153 47 TEL,

2955 5087 112 30 GIBBS
3087 5087 122 30 TOWN'.

2936 5141 185 28 Eight-Mile
3142 5141 87 27 Road.

2747 5193 2 13 !

2766 5223 7 21 1
2787 5223 9 46 j
2810 5217 66 27 IIIE
2884 5217 185 36 undersigned
3078 5217 104 35 having
3189 5217 131 28 removed
3328 5218 69 26 from

2749 5268 3 39 I
2857 5269 66 30 Zala
2935 5270 85 29 Towd
3035 5269 55 30 and
3104 5268 108 31 erected
3230 5279 60 20 new
3310 5279 71 28 prem-

2766 5320 53 26 ises
2839 5328 30 18 as
2889 5318 95 32 above,
3004 5318 23 28 is
3052 5328 61 18 now
3133 5318 133 37 prepared
3287 5324 27 22 to
3335 5319 65 27 offer

2751 5365 1 33 :
2766 5365 134 30 excellent
2942 5365 239 30 accommodation
3213 5370 28 25 to
3280 5365 120 33 visitors,

2751 5396 1 23 I

2751 5412 1 40 I
2766 5415 138 33 boarders,
2919 5415 54 28 and
2987 5414 47 30 the
3046 5414 92 38 public
3151 5415 152 37 generally.

2751 5447 2 42 i

2767 5513 76 26 Ales
2863 5511 101 28 Wines
2983 5520 56 18 ani>
3059 5512 111 27 Spirits
3194 5520 35 19 of
3254 5520 56 19 the
3333 5520 67 19 best

2917 5560 154 35 Qualities
3085 5566 71 20 only
3171 5567 79 19 kept.

2892 5652 154 55 Charges
3074 5653 181 40 Moderate

2945 5775 121 29 PETER
3089 5774 243 30 ARMSTRONG.

3204 5822 162 32 Proprietor.

3487 153 174 39 Westport
3679 151 291 32 Advertkementl
3977 174 6 6 .

3410 231 335 57 GILMER'S
3803 230 240 55 HOTEL

3652 336 154 22 WKSirORT,

3436 405 144 39 Corner
3609 404 41 38 of
3680 403 238 38 Palinerston
3945 402 75 38 and

3527 459 213 38 Wakefield
3770 459 157 43 Streets,

3413 552 278 59 CONVENIENT
3714 556 28 23 to
3762 551 44 28 the
3823 550 152 35 Telegraph
3989 546 54 30 and

3502 591 63 27 Post
3581 591 109 28 Offices,
3704 590 54 28 ami
3772 589 94 35 nearly
3881 598 42 26 <;>]
3935 588 68 28 0.-ite
4018 595 26 20 t<:

3411 629 44 30 the
3472 630 72 28 HiM*
3559 631 84 28 Court
3657 630 55 29 and
3732 629 79 29 H.M.
3826 631 137 26 Customs.

3413 738 147 37 Gilmer
3575 752 17 23 s
3613 738 174 38 Masonie
3815 739 128 40 Hotel,

3930 799 114 20 NELSON.

3413 831 178 38 Gilmer's
3618 829 129 48 Hotel,

3864 892 180 22 (iKKYMOCTHi

3415 922 177 38 Gilmers
3613 925 120 49 Royal
3754 925 85 37 Oak
3862 925 127 44 Hotel,

3853 985 191 20 WELLINGTON!

3449 1090 77 28 Good
3548 1089 236 31 accommodation
3804 1092 39 28 for
3865 1094 150 28 Cominerci
4027 1094 18 28 >1

3414 1128 160 33 Travellers,
3588 1130 65 27 with
3668 1131 104 36 sample
3785 1139 91 20 rooms
3889 1132 137 36 provided.

3448 1168 24 26 A
3497 1167 87 37 Night
3610 1169 94 28 Porter
3728 1166 102 40 always
3855 1179 34 18 on
3915 1171 45 28 the
3987 1181 42 26 pre-

3414 1207 91 26 mises.

3448 1245 127 33 Booking
3595 1246 84 28 Office
3699 1247 41 28 for
3752 1247 45 28 the
3810 1247 106 29 Charles
3937 1258 41 18 jn.
3993 1249 34 28 Ad-

3414 1283 112 33 dison's,
3542 1285 114 28 Reefton
3669 1286 53 27 and
3744 1286 78 36 Lyell
3834 1287 129 28 Coaches.

3450 1324 77 28 Good
3540 1324 127 36 stabling,
3683 1324 67 29 with
3764 1325 75 37 eight
3860 1326 78 28 horse
3961 1327 85 33 stalls,

3415 1362 127 29 attached
3557 1366 27 26 to
3597 1363 46 29 the
3657 1364 141 36 premises.

3621 1421 121 32 JOHN
3762 1421 189 40 GILMER,

3850 1468 162 35 Proprietor.

3414 1550 103 57 w.
3605 1550 45 59 S
3650 1550 46 59 T
3716 1551 183 38 RuTH
3919 1552 82 38 ER
4022 1553 24 37 s

3559 1646 88 31 HAS
3664 1646 64 32 ON
3749 1645 150 34 SALE-

3465 1719 236 53 Corrugated
3724 1722 98 45 Iron,

3465 1783 202 51 Crockery,

3467 1846 322 53 Paperhangings,

3465 1907 132 40 White
3618 1909 120 43 Lead,

3465 1972 94 46 Oils,

3465 2034 221 45 Varnishes,

3466 2098 123 39 Doors
3605 2100 74 39 and
3700 2100 152 46 Sashes,

3467 2162 167 53 Cutlery,

3467 2227 437 54 Cutlery-Electroplate
3923 2245 7 31 ;
3959 2227 73 42 and

3467 2291 124 39 Brush
3596 2305 109 26 ware.

3456 2422 319 38 PALMERSTON
3821 2423 192 47 STREET,

3629 2486 214 28 WESTPORT.

3453 2569 289 61 Thomas
3770 2569 246 74 James,

3691 2681 265 44 SADDIF.R,

3417 2766 219 60 JMPORTER
3655 2774 57 20 AND
3738 2766 313 30 MANUFACTURER

3719 2827 32 14 OF

3419 2872 60 39 All
3511 2872 253 52 descriptions
3784 2872 41 39 of
3853 2873 199 53 Saddlery,

3470 2936 183 46 Harness,
3674 2937 110 50 Long
3796 2937 75 38 and
3891 2937 115 39 Short

3519 3001 203 50 Leggings,
3796 3001 157 52 Plough,

3567 3065 30 37 tS:
3618 3064 106 38 Back
3751 3065 154 46 Chains,

3616 3126 157 49 Traces,
3792 3129 64 39 &c.

3409 3242 1 11 i

3409 3256 1 44 j
3423 3257 110 37 Repairs
3549 3257 99 38 Neatly
3662 3257 54 29 and
3738 3258 143 38 Promptly
3905 3256 147 32 Executed.

3409 3372 1 38 :
3423 3372 172 36 Up-country
3609 3372 93 28 orders
3719 3372 141 38 promptly
3873 3373 130 30 attended
4018 3380 39 22 to-

3421 3485 48 28 ON
3490 3485 94 28 SALE
3586 3486 108 28 Steel
3726 3486 137 33 Polished,
3894 3485 55 30 and
3981 3486 76 30 Solid

3490 3524 88 28 Silver
3606 3525 70 33 Bits,
3708 3525 131 36 Stirrups,
3871 3525 55 29 and
3958 3528 96 35 Spurs,

3490 3564 102 35 Riding
3615 3564 122 33 Saddles,
3759 3564 74 28 Pack
3855 3565 123 32 Saddles,
4001 3566 54 28 and

3491 3601 97 39 Whips
3601 3604 30 26 of
3644 3603 36 27 all
3693 3602 188 38 descriptions.

3409 3824 1 82 {
3455 3824 90 56 J.
3610 3826 416 67 CORK,

3636 3937 207 35 IMPORTER,

3764 4031 128 39 WINE,
3921 4031 137 32 SPIRIT

3711 4121 62 21 AND

3409 4147 1 12 I

3409 4149 2 41 i

3523 4194 195 36 Provision
3741 4194 215 37 Merchant.

3409 4229 2 17 i

3409 4269 2 36 |

3409 4301 2 19 i

3462 4393 319 38 PALMERSTON
3824 4392 194 48 STREET,

3409 4434 2 29 i

3635 4490 213 26 WESTPORT.

3409 4661 2 27 i

3541 4727 157 36 PETER
3726 4728 213 44 MULVAY,

3423 4817 247 65 PLUMBER,
3701 4817 237 34 TINSMITH,
3970 4819 88 27 ANl'

3597 4855 221 34 GASFITTEK,
3832 4856 55 27 and

3409 4940 3 46 !
3502 4940 476 46 COPPERWORKER,

3410 5032 3 20 i

3411 5053 2 46 ;
3456 5053 215 37 Palmerston
3698 5054 121 45 Street,
3839 5056 188 43 Westport,

3542 5159 141 37 (Opposite
3697 5160 128 28 Gilmer's
3838 5160 106 30 Hotel.l

3411 5191 3 18 !

3411 5212 4 50 j

3411 5263 3 12 i

3412 5278 3 34 I

3413 5309 2 41 |
3429 5310 91 32 Everv
3538 5310 181 37 description
3735 5311 31 30 of
3794 5310 172 31 Hoiloware.
3984 5309 22 30 T

3466 5353 116 31 smiths'
3599 5353 37 30 Gi
3648 5354 64 37 ode,
3728 5355 56 28 and
3807 5354 36 29 Ir<
3856 5363 161 29 ntnongery

3626 5398 71 40 kept
3719 5398 28 31 in
3769 5397 93 32 stock-

3557 5536 24 26 A
3596 5536 86 33 Large
3695 5535 200 34 Consignment
3907 5534 30 26 of

3414 5582 4 76 |
3471 5600 187 40 STOVES
3687 5600 99 39 AND
3820 5597 201 41 RANGES

3637 5687 60 21 NOW
3716 5687 35 21 TO
3770 5687 16 19 If
3796 5687 56 19 WD.

3618 5813 40 25 Ail
3679 5813 80 24 Woik
3775 5816 20 22 O
