4237 5976
226 168 84 32 THE
334 172 97 31 WAR
454 175 47 29 IN
526 177 227 32 BULGARIA.

278 253 49 31 the
342 253 56 32 S.m
418 257 156 33 Francisco
590 260 66 31 mail
677 271 41 20 we
734 261 70 31 have

176 295 157 33 additional
353 301 175 37 particulars
543 308 30 25 to
586 303 169 33 November
766 306 37 31 23

175 342 176 40 concerning
367 344 50 31 the
437 345 106 31 Balkan
559 347 116 40 dispute

372 387 141 39 London,
529 390 166 32 November
716 394 36 29 23

213 427 60 31 The
303 429 181 33 Conference
511 436 27 25 ot
563 432 50 32 the
644 434 113 30 Powers
771 442 27 24 at

173 469 247 46 Constantinople
455 486 36 19 on
530 474 161 33 November
730 480 67 31 10(h

172 525 81 20 came
277 519 32 27 to
334 528 35 20 an
398 519 173 32 unanimous
598 520 25 30 d<
636 521 99 38 cision,
758 535 29 19 re

171 560 203 41 commending
400 562 48 31 the
470 565 143 38 complete
640 572 156 33 autonomy

171 604 29 29 of
235 603 50 32 the
320 604 157 43 Bulgarian
524 608 55 32 and
625 608 170 35 Koumelian

173 648 159 40 boundary,
355 651 33 39 by
414 650 90 32 which
529 654 49 29 the
601 665 86 19 union
705 655 33 31 of
749 658 48 28 the

171 697 57 24 two
244 690 97 32 States
354 704 57 19 was
422 694 131 32 effected.
595 696 61 30 The
668 697 127 33 Russian

169 733 123 34 demand
322 737 40 31 for
394 737 49 33 the
479 740 124 32 removal
634 742 30 30 of
694 742 101 33 Prince

170 780 164 30 Alexander
347 792 55 19 was
413 785 104 34 agreed
534 790 39 23 to.
609 785 61 30 The
687 786 107 32 British

167 822 166 40 opposition
363 828 30 27 to
422 824 50 31 the
494 828 125 31 removal
649 839 56 22 was
734 832 49 31 als<

167 878 150 19 overcome
343 869 34 37 by
406 880 34 19 an
463 871 73 29 offer
557 874 33 28 of
614 873 48 29 the
691 885 99 21 vacant

167 909 103 31 thione
297 916 29 24 to
353 911 104 33 Prince
484 913 104 45 Heniy
614 919 29 29 ot
672 916 102 37 Batten-

169 954 80 39 burg,
277 955 187 32 Alexander's
489 965 146 35 youngest
663 962 129 36 brother,

166 997 50 30 the
245 997 128 32 husband
413 1000 29 31 of
479 1001 134 35 Princess
648 1005 135 35 Beatrice

167 1041 158 41 Germany,
341 1041 140 39 however,
494 1046 134 42 objected
642 1053 30 26 to
693 1050 100 34 Prince

166 1084 113 41 Henry,
303 1086 51 30 but
371 1088 93 31 would
488 1097 122 26 cousent
633 1099 29 24 to
685 1105 16 20 a
722 1096 52 31 sub-

164 1128 137 31 stitution
336 1130 30 29 of
406 1130 105 34 Prince
552 1133 99 42 Louis,
689 1137 103 34 Prince

163 1171 168 32 Alexander
343 1185 12 19 s
365 1173 128 41 brother,
502 1189 61 19 now
573 1179 28 31 in
617 1180 48 31 the
680 1182 108 31 British

163 1214 96 40 Navy,
280 1217 54 28 and
363 1217 48 30 the
433 1219 89 30 latter
550 1222 23 29 is
595 1226 141 35 regarded
759 1236 31 20 as

163 1256 50 34 the
230 1258 137 42 probable
382 1259 99 36 choice
496 1263 33 33 of
540 1265 160 35 Routnelia.

206 1303 57 31 lhe
310 1304 125 33 Russian
486 1309 198 33 Ambassador
733 1325 56 21 was

162 1347 122 29 ordered
309 1348 32 39 by
362 1348 42 30 bis
430 1350 37 29 G»
480 1361 58 20 ven
553 1360 79 23 meat
655 1360 30 24 to
708 1367 81 29 press

162 1388 50 31 the
247 1389 138 32 demands
413 1399 28 23 ot
471 1393 105 33 Russia
607 1396 97 33 before
740 1401 50 31 the

162 1432 181 33 Conference
379 1438 43 28 for
454 1437 49 31 the
531 1438 167 35 immediate
732 1446 39 30 dis-

161 1478 112 39 arming
299 1478 32 30 of
353 1480 108 38 Servia,
491 1481 122 38 Greece,
637 1487 57 30 and
722 1487 52 31 Bui

159 1521 87 39 g.iria.

200 1565 80 41 King
298 1564 100 41 Milan,
414 1568 32 31 of
456 1569 106 39 Serv'a,
576 1571 104 34 inform
702 1575 17 32 d
737 1579 48 29 the

159 1608 124 37 Powers,
300 1618 39 21 on
356 1611 166 31 iMoveinber
538 1616 44 35 14,
598 1618 64 28 that
678 1619 35 29 he
731 1621 53 28 had

158 1663 13 19 c
179 1651 59 33 tela
243 1653 47 32 red
309 1663 56 21 war
380 1655 114 41 against
511 1656 136 42 Bulgaria
662 1662 123 34 because

157 1708 15 18 a
191 1699 76 28 force
283 1701 27 27 ot
328 1699 61 30 that
405 1706 126 36 country
548 1704 50 29 had
613 1706 168 42 arbitrarily

156 1740 136 32 attacked
306 1752 16 20 a
336 1742 123 37 position
470 1745 91 32 which
570 1748 48 31 the
632 1748 152 35 Moravian

157 1784 118 32 dividian
293 1788 33 29 of
344 1786 49 32 the
408 1788 121 40 Kings's
552 1795 100 38 troops
668 1794 64 32 held
749 1807 36 20 on

157 1829 50 29 the
242 1830 117 29 Servian
390 1837 150 37 territory,
569 1837 133 38 opposite
732 1841 51 29 the

156 1870 159 40 Bulgarian
328 1873 133 35 frontier.

196 1916 57 31 The
271 1917 97 32 North
394 1920 127 33 German
540 1922 127 35 Gazette
689 1927 96 32 main-

157 1960 72 29 Liiii.s
246 1960 62 30 tbat
325 1961 49 30 the
388 1964 59 29 fact
464 1967 62 28 that
553 1965 99 33 Servia
670 1969 49 30 has
735 1972 32 29 de-

154 2002 94 30 clared
272 2013 58 20 war
349 2005 115 38 against
494 2007 138 41 Bu'garia
652 2012 56 30 will
730 2019 52 25 not

153 2047 74 27 alter
255 2044 50 31 the
333 2053 152 34 prospects
521 2054 28 26 ot
586 2053 49 30 the
667 2054 112 33 Balkan

155 2087 185 33 Conference.

190 2132 82 39 King
294 2131 90 35 Milan
408 2135 53 32 had
478 2139 89 30 taken
588 2139 49 32 the
660 2141 66 31 field
750 2148 27 26 at

153 2176 47 30 the
215 2174 69 31 head
301 2179 27 27 ot
346 2176 44 33 his
405 2188 90 33 army,
513 2181 92 33 which
622 2185 101 31 moved
743 2197 35 21 on

151 2220 48 31 the
217 2219 34 31 15
270 2219 62 32 hin
351 2222 82 32 three
448 2225 145 33 divisions.
649 2227 128 34 General

151 2263 171 31 Havatocidi
345 2273 166 27 commands
540 2270 50 33 the
617 2271 52 33 left
693 2275 84 40 wing,

152 2306 127 34 General
316 2308 163 44 Lt-ahgania
508 2313 48 33 the
591 2321 91 37 right,
721 2320 55 31 and

150 2351 81 36 King
257 2352 93 31 Milan
377 2355 48 30 the
449 2364 107 24 centre.
601 2360 60 31 The
687 2361 91 32 whole

149 2393 79 33 force
255 2394 25 32 is
304 2398 141 41 expected
476 2404 29 28 to
533 2408 190 30 concentrate
747 2410 31 28 at

149 2438 83 39 Sofia,
248 2439 29 31 in
297 2440 145 42 Bulgaria,
456 2456 37 20 on
600 2450 88 30 22nd.

189 2482 75 32 Both
283 2483 50 32 Mr
350 2487 161 33 Gladstone
525 2491 56 31 and
595 2492 77 32 Lord
690 2493 75 33 Sails

148 2527 71 40 bury
242 2527 72 32 have
335 2529 75 32 done
431 2532 37 30 all
484 2533 29 31 in
536 2536 76 31 their
628 2547 98 31 powdr
742 2543 32 26 to

148 2581 8 21 t
167 2574 101 29 revent
283 2571 49 33 the
349 2583 65 22 war.

184 2615 61 31 The
268 2616 119 32 bervian
412 2619 148 42 Minister,
584 2626 143 40 sppaking
743 2630 31 27 to

146 2670 14 20 a
186 2660 239 41 correspondent,
454 2665 62 32 said
616 2667 69 33 War
711 2670 62 33 will

148 2707 33 28 be
203 2703 115 31 neither
342 2707 65 38 long
426 2719 52 20 nor
506 2712 112 40 bloody.
662 2714 32 31 It
716 2717 56 29 will

146 2751 76 27 ;!raw
259 2746 101 33 Servia
398 2761 60 24 aDv
497 2752 139 45 Bulgaria
670 2768 105 24 nearer

147 2790 140 40 together,
430 2797 53 31 will
502 2801 33 28 be
553 2802 96 30 better
664 2805 106 29 under*

142 2834 84 31 stood
258 2834 56 31 and
344 2843 115 34 respect
490 2839 49 33 the
568 2843 96 35 other.
704 2844 70 35 This

143 2877 132 33 revision
301 2879 32 28 *i
337 2879 18 22 ll
380 2882 86 32 afford
491 2897 14 18 a
529 2888 129 31 solution
680 2892 33 28 of
731 2895 41 27 all

141 2920 149 38 problems
318 2931 33 21 so
379 2923 68 41 long
471 2931 31 26 at
531 2928 75 33 issue
639 2931 133 34 between

180 3010 86 31 Some
280 3010 154 40 desperate
456 3015 125 45 fighting
602 3020 69 31 took
690 3020 82 43 place

141 3067 36 23 on
208 3053 51 33 the
286 3053 79 44 lGth,
388 3059 92 34 which
507 3064 130 33 resulted
663 3066 28 32 in
722 3067 50 35 the

142 3100 134 33 Servians
318 3107 165 37 occupying
524 3117 16 20 a
576 3110 125 39 portion
739 3117 32 26 at

142 3147 123 35 ifaptoa,
288 3144 100 41 taking
411 3150 163 38 possession
597 3153 29 31 of
649 3155 101 39 Drago-

142 3200 63 21 man
232 3187 78 33 Pass.
353 3189 59 33 The
439 3197 110 29 retreat
570 3196 33 31 of
625 3197 48 32 the
701 3199 67 33 Bui.

141 3232 113 33 f/arians
268 3237 30 25 to
311 3234 120 33 Slivuitz
447 3247 56 21 was
517 3241 146 39 reported.
687 3243 82 43 KiDg

139 3277 95 32 Milan
270 3279 32 28 at
337 3277 49 32 the
415 3280 72 32 head
516 3285 32 29 of
579 3295 16 21 a
629 3284 75 44 body
740 3290 32 31 of

138 3321 135 32 Servians
297 3331 56 21 was
374 3323 28 30 in
424 3335 37 21 an
490 3329 98 30 attack
615 3340 77 31 upon
717 3332 49 32 the

137 3365 185 40 Bulgarians'
351 3377 74 22 rear.
470 3368 47 33 He
544 3383 55 21 was
624 3380 58 26 ma
711 3378 54 30 and

137 3408 134 42 repulsed
311 3409 35 41 by
381 3422 17 19 a
419 3412 78 33 force
532 3418 93 32 uuder
659 3420 106 32 Prince

140 3452 173 33 Alexander.
360 3453 82 34 With
465 3457 58 31 this
544 3463 152 40 exception
715 3465 49 31 the

137 3498 135 32 Servians
298 3496 71 34 have
392 3500 71 31 been
485 3507 185 38 everywhere
696 3521 54 20 suc-

138 3540 105 32 cessful
299 3540 11 29 J
323 3542 60 30 heir
394 3544 127 31 advance
533 3558 56 20 was
602 3551 152 31 uncheked

137 3587 79 40 They
237 3594 49 22 are
308 3586 85 32 much
414 3588 97 33 better
525 3594 146 40 equipped
693 3596 71 32 with

136 3641 77 20 nrms
235 3629 55 31 and
313 3632 192 32 ammunition
522 3636 68 32 than
614 3638 50 32 the
689 3639 56 33 Bul-

136 3674 123 39 garians,
282 3674 55 31 and
353 3675 73 42 light
443 3679 67 30 with
534 3686 84 36 great
639 3695 126 30 courage

134 3718 55 31 r.nd
208 3718 190 41 persistency.

176 3763 26 30 A.
231 3761 89 40 heavy
353 3763 92 33 battle
475 3775 55 23 was
559 3768 104 42 fought
692 3782 71 22 near

142 3806 62 32 Wid
210 3805 47 33 din
272 3816 7 27 ;
303 3815 27 22 m
350 3808 90 31 which
457 3808 50 33 the
520 3812 172 40 Bulgarians
706 3822 59 26 met

136 3850 67 31 with
220 3860 15 20 a
251 3851 139 41 crushing
405 3853 105 33 defeat.
552 3857 60 32 The
627 3858 135 34 Servians

138 3893 138 42 captured
299 3906 14 19 a
336 3895 144 33 thousand
504 3901 155 39 prisoners.
702 3905 61 32 The

142 3938 168 39 iiulgarians
351 3950 110 30 appear
503 3949 32 24 to
583 3945 35 30 be
661 3949 87 38 panic-

136 3980 136 31 stricken.

174 4024 90 31 Later
289 4025 180 38 despatches,
497 4029 143 42 however,
666 4038 53 35 put
748 4046 17 21 a

136 4068 136 31 different
286 4077 97 31 aspect
402 4080 35 20 on
461 4072 49 30 the
525 4078 77 27 state
617 4079 28 27 of
663 4077 99 41 things

134 4117 29 26 at
177 4109 49 33 the
238 4120 85 22 scene
336 4113 31 29 of
377 4112 162 35 hostilities.
571 4118 61 32 The
645 4120 119 34 fortune

134 4156 31 30 of
178 4165 58 21 war
252 4154 48 31 has
316 4158 103 29 turned
437 4158 27 29 in
481 4160 82 31 favor
577 4162 33 29 of
623 4165 49 29 the
690 4165 70 31 BuU

133 4199 123 39 garians.
299 4198 78 42 They
405 4200 53 31 had
489 4204 104 33 gained
619 4217 30 20 so
677 4218 85 31 many

134 4241 134 33 victorits
285 4243 63 31 that
370 4244 50 31 the
441 4244 135 35 Servians
600 4251 160 36 despaired.

134 4287 60 31 The
221 4291 75 25 most
323 4287 129 33 brilliant
478 4301 56 20 wis
555 4297 31 26 at
612 4294 150 42 Slivnitza,

132 4330 96 30 where
269 4330 50 30 the
364 4330 171 35 Bulgarians
574 4337 97 32 forced
711 4341 50 30 the

132 4373 119 32 •Servian
275 4374 77 40 right
472 4377 71 32 back
560 4385 31 25 at
607 4381 49 32 the
679 4384 83 38 point

130 4419 30 29 of
177 4417 49 30 the
250 4417 124 40 bayonet
391 4420 46 30 for
457 4423 111 29 seveial
593 4423 169 34 kilometres

134 4461 69 31 with
229 4466 83 33 great
335 4461 99 33 losses.
475 4462 70 33 This
566 4471 70 26 turn
657 4468 30 31 in
713 4469 49 31 the

132 4505 61 31 tide
223 4505 30 31 of
273 4505 97 32 affairs
395 4507 24 32 is
442 4506 61 34 said
529 4513 31 28 to
585 4511 36 32 be
645 4512 58 33 due
733 4516 29 29 to

130 4549 106 32 Prince
252 4550 173 39 Alexander,
442 4552 43 30 his
503 4554 118 32 brother
638 4556 122 32 Francis

131 4593 120 41 Joseph,
285 4593 56 33 and
379 4594 85 34 other
508 4596 130 38 German
678 4612 81 33 army

131 4639 118 30 officers.
296 4639 103 31 Prince
414 4642 167 31 Alexander
598 4657 56 18 was
666 4647 28 28 in
711 4648 48 29 the

129 4689 7 17 1
146 4681 63 30 hick
226 4682 29 27 of
271 4681 49 30 the
337 4683 91 30 battle
443 4684 73 31 from
534 4685 49 33 the
600 4686 160 39 beginning

129 4731 31 25 to
177 4725 48 31 the
240 4725 65 31 end.

169 4770 125 30 Advices
305 4770 128 32 received
447 4772 73 31 from
538 4774 131 35 London.
683 4775 72 33 23rd

130 4812 175 41 November,
322 4816 66 31 tend
407 4821 30 28 to
452 4818 120 33 corfirm
590 4821 50 32 the
661 4829 98 33 report

129 4859 63 30 that
219 4859 144 37 England,
384 4871 31 19 as
440 4863 60 29 well
516 4873 31 20 as
571 4864 48 32 the
642 4871 59 26 rest
727 4869 32 28 of

130 4903 126 39 Europe,
279 4903 24 31 is
318 4903 150 40 sickf-ning
487 4911 31 28 at
541 4907 49 34 the
611 4910 104 33 details
731 4912 26 31 of

129 4946 142 31 biudshed
292 4958 30 19 in
340 4947 137 40 Bulgaria
528 4952 130 32 Terrible
680 4960 73 25 atro'

130 4990 82 33 cities
238 5001 49 22 are
316 4991 121 33 related.
479 4996 147 39 Amongst
649 4998 107 41 others,

129 5042 6 23 J
144 5036 49 31 hat
221 5036 49 30 Ihe
296 5037 135 31 Servians
451 5043 136 29 attacked
612 5043 49 30 the
687 5043 54 32 Bui

127 5080 100 36 Adrian
252 5078 156 41 Regiment
436 5082 84 31 while
543 5085 150 40 escorting
719 5097 36 20 an

126 5123 173 32 ambulance
325 5129 84 33 tiair,
433 5126 58 32 and
515 5127 175 43 bayonetted
717 5130 36 32 all

127 5165 156 43 prisoners.

168 5211 77 32 Both
259 5211 79 41 King
351 5212 94 34 Milan
461 5216 54 30 and
528 5216 168 34 Alexander
706 5231 49 20 are

124 5254 59 31 said
202 5259 31 27 to
249 5255 72 32 have
338 5257 71 32 been
426 5259 139 31 wounded
581 5260 30 32 in
626 5261 96 41 fights.

166 5299 126 31 General
308 5299 213 38 Gouanavitch,
532 5303 33 29 of
573 5304 50 30 the
635 5306 117 30 Servian

123 5351 91 32 army,
231 5352 56 21 was
303 5344 264 32 court-martialled
590 5345 46 32 for
650 5346 89 42 ignor-

123 5397 71 20 ance
210 5387 55 30 and
281 5386 204 33 disobedience
499 5388 35 31 of
545 5390 100 30 orders

162 5430 61 32 The
237 5430 158 40 Bulgarian
405 5431 135 32 victories
555 5432 71 33 have
638 5435 112 33 worked

121 5484 16 20 a
151 5475 113 31 sudden
281 5475 110 38 change
407 5473 29 33 in
453 5477 140 31 Austrian
607 5478 135 40 opinions

162 5518 105 33 Prince
288 5518 167 34 Alexander
478 5518 50 34 has
553 5531 101 32 grown
685 5535 65 32 very

122 5565 122 39 popu'ar
261 5565 28 30 in
308 5563 178 32 Ministerial
503 5565 111 32 circles.

159 5606 61 31 The
243 5607 113 31 French
383 5607 68 31 take
475 5607 77 32 little
572 5609 126 33 interest
721 5612 29 31 in

119 5651 50 31 the
198 5651 126 31 corflict.
367 5650 69 32 Few
465 5651 184 34 Frenchman
677 5655 71 32 have

117 5706 57 32 any
191 5694 62 32 idea
270 5695 95 32 where
383 5695 136 42 Bulgaria
536 5696 32 30 is.

156 5740 61 31 The
234 5739 74 40 hope
324 5739 22 31 is
362 5745 103 34 strong
481 5741 28 30 in
526 5739 102 34 official
647 5742 102 33 circles

118 5783 63 33 that
205 5783 51 34 the
279 5784 172 33 conference
476 5795 63 23 now
562 5785 105 44 sitting
691 5786 56 34 will

147 5840 69 20 cure
233 5839 94 27 peace.

1332 57 119 38 THE
1503 57 185 41 LYELL
1741 62 185 47 TIMES,
1984 67 303 49 SATURDAY,
2340 71 247 54 JANUARY
2640 89 34 34 2,
2733 79 102 38 1886.

3437 5756 35 28 Pr
3473 5762 57 49 ;»te
3533 5769 6 16 (
3539 5759 10 28 l
3563 5761 55 28 and
3632 5763 147 35 published
3798 5767 37 38 by
3851 5770 48 30 tlie
3913 5770 157 39 proprietor,

3472 5798 26 27 W
3508 5798 69 30 alter
3590 5800 95 36 Atkin,
3699 5809 28 24 at
3741 5805 48 30 the
3805 5808 160 38 Registered
3988 5810 82 28 Oitice

3471 5842 24 21 ot
3504 5837 45 28 the
3589 5840 80 34 Lyell
3806 5848 67 27 Cliff
3878 5851 96 25 Street,
3983 5847 87 34 Lvell,

3471 5874 110 38 County
3596 5878 29 27 of
3635 5878 104 34 Duller,
3751 5883 106 29 Colour
3873 5886 29 26 of
3910 5884 66 28 X-Z.

1664 188 117 32 Public
1801 192 151 32 Notices.

1626 268 128 40 JOHN
1800 270 188 53 MUNRO,

1491 396 234 65 Q.ENERAL
1757 402 247 32 MERCHANT
2034 409 88 28 AND

1703 477 207 39 importer,

1588 593 240 44 Palmcrston
1882 601 138 48 Street,

1696 717 216 32 WESTPORT.

1531 815 244 35 JOHNSTON
1804 820 27 32 &
1857 821 213 36 WATKINS

1700 894 106 28 CIVIL
1825 897 79 27 AND

1569 971 73 26 INI
1654 972 23 26 N
1688 973 24 26 G

1668 1056 180 22 AUTHORISED
1870 1060 56 19 AND

1484 1096 278 42 LICENSED
1788 1102 324 43 SURVEYORS

1481 1189 130 34 \\orking
1636 1192 82 26 Plan??
1740 1195 55 26 and
1821 1196 106 27 Details
1952 1198 30 26 of
2006 1199 108 35 Miinng

1512 1227 163 36 Machinery
1689 1232 131 33 prepared
1831 1234 54 25 and
1894 1234 46 27 the
1948 1235 131 28 Erection

1564 1266 107 40 Mining
1686 1269 160 41 Machinery
1860 1273 167 38 supervised.

1477 1343 118 35 Surveys
1608 1344 41 27 for
1661 1345 109 35 Mining
1780 1349 165 35 Companies
1955 1353 157 26 contracted

1476 1380 39 27 for
1529 1380 34 37 by
1578 1382 44 27 the
1635 1392 73 26 year.
1747 1386 120 36 Surveys
1876 1389 81 27 made
1968 1390 87 28 under
2065 1390 45 28 the

1647 1422 80 29 Land
1741 1424 127 29 Transfer
1878 1427 60 28 Act.

1723 1501 137 30 Address:

1474 1535 167 37 Broadway,
1663 1537 134 33 Reefton
1808 1551 6 25 ;
1842 1552 56 19 and
1925 1543 185 32 Commercial

1678 1580 109 34 Hotel,
1807 1583 91 28 Lyeli

1507 1651 292 35 N.B.—lnstructions
1813 1658 47 30 left
1874 1663 29 27 at
1915 1660 91 31 Times
2018 1662 90 36 Office,

1473 1699 14 20 I
1497 1692 64 32 yell,
1574 1694 56 28 will
1643 1697 104 27 receive
1756 1698 159 30 immediate
1929 1703 144 27 attention.

1603 1776 65 61 N
1675 1784 309 61 ewman's

1546 1893 21 29 0
1581 1892 24 29 Y
1618 1893 60 30 AL

1812 1898 86 30 AIL

1942 1902 59 61 L
2062 1902 60 61 1

1670 1987 49 26 OF
1738 1988 177 31 COACHES

1503 2077 253 33 Thrice-Weekly
1782 2082 122 31 Service
1928 2086 141 32 Between

1555 2126 105 35 Lyell,
1675 2128 134 30 Reefton
1822 2140 57 19 and
1893 2134 125 29 Nelson.

1468 2219 91 30 Leave
1580 2221 83 38 Lyell
1681 2224 42 28 for
1742 2225 105 30 Nelson
1865 2238 82 28 every
1969 2230 135 39 Tuesday,

1467 2268 147 38 Thursday
1623 2271 55 28 and
1690 2273 148 39 Saturday,
1849 2281 29 24 at
1889 2278 63 28 2.30
1961 2288 78 28 p.m.,
2050 2281 54 29 and

1466 2317 81 36 Lyell
1560 2318 41 29 for
1614 2320 140 37 West-port
1767 2324 55 28 and
1836 2325 127 36 Reefton,
1983 2339 36 17 on
2034 2329 67 29 Sun-

1580 2365 139 38 ednesday
1733 2369 55 27 and
1803 2371 112 37 Friday,
1924 2379 29 22 at
1966 2375 62 28 9.30
2038 2385 63 19 a.m.

1466 2452 166 37 Passengers
1658 2456 103 29 booked
1793 2459 42 27 for
1865 2460 151 38 Hampden
2047 2467 53 26 and

1586 2502 80 28 other
1679 2503 192 32 intermediate
1885 2507 102 37 places.

1637 2579 131 32 Booking
1790 2583 120 31 Offices
1922 2594 6 21 :

1466 2636 138 36 Westport
1867 2644 133 29 Gilmer's
2014 2647 84 28 Hotel

1464 2683 117 31 Reefton

1464 2733 103 27 Nelson

1762 2711 28 7 ...
1825 2690 177 33 Stevenson's
2015 2695 85 31 Hotel

1877 2740 125 30 Masonic
2015 2742 83 30 Hotel

1496 2827 44 27 All
1552 2829 108 35 parcels
1674 2834 75 25 must
1761 2832 32 27 be
1809 2834 123 36 prepaid,
1952 2836 146 30 otherwise

1595 2877 68 38 they
1675 2879 56 30 will
1744 2880 32 30 be
1789 2880 49 31 left
1852 2881 112 33 behind.

1786 2937 37 26 11.
1844 2938 202 32 NEWMAH#

1895 2971 160 41 Proprietor

1524 3060 149 33 LADIES'
1693 3064 48 29 OR
1762 3065 272 38 GENTLEMEN'S

1463 3113 299 61 SADDLE
1830 3120 262 61 JJACKS,

1593 3208 93 36 (Quiet
1699 3210 55 28 and
1767 3211 198 34 Well-broken)

1458 3269 73 28 FOR
1545 3271 97 28 HIRE
1656 3272 51 27 BY
1720 3273 77 28 THE
1813 3275 280 33 UNDERSIGNED

1576 3323 42 28 At
1637 3323 169 32 Inangahua
1823 3327 152 31 Junction.

1490 3424 114 30 Horse's
1617 3430 60 25 sent
1690 3429 36 33 Jto
1740 3428 79 35 Lyell
1832 3432 29 25 at
1881 3439 15 18 a
1910 3434 148 26 moment's

1723 3467 100 29 notice.

1455 3549 198 51 Courtney's
1662 3553 301 42 Accommodation
1973 3558 118 40 House

1454 3609 113 36 Having
1592 3610 85 38 lately
1698 3612 69 29 been
1789 3615 193 38 considerably
2003 3617 87 29 added

1454 3650 28 25 to
1502 3649 55 27 and
1576 3649 154 38 improved,
1743 3652 24 28 is
1787 3663 62 19 now
1863 3664 51 18 one
1927 3656 30 27 of
1973 3656 46 28 the
2031 3656 60 29 best

1453 3688 149 35 appointed
1614 3690 55 28 and
1681 3695 74 24 most
1767 3692 178 30 comfortable
1966 3696 123 29 roadside

1564 3727 110 29 house's
1687 3738 36 19 on
1736 3730 47 28 the
1796 3731 78 29 West
1888 3732 91 29 Coast.

1468 3842 27 30 F
1506 3843 29 30 R
1543 3843 70 34 A|N
1624 3844 85 33 CIS
1761 3846 312 43 COURTNEY,

1678 3915 191 28 Proprietor.

971 1937 307 36 STEVENSON'S

814 1995 362 63 M'G-affin's
1214 2001 225 73 Hotel,

912 2100 222 37 BROADWAY,
1155 2103 186 31 REEFTON.

809 2230 120 50 rpiIIS
945 2232 179 35 Magnificent
1136 2235 85 30 Hotel
1233 2236 56 29 will
1310 2237 32 29 be
1355 2237 85 30 found

896 2270 101 37 replete
1011 2272 67 29 with

900 2345 92 20 EVERY
1011 2347 125 20 COMFORT
1154 2350 55 18 AND
1228 2350 117 20 MODERN

1019 2384 204 22 CONVENIENCE.

838 2490 131 36 Tourists,
994 2495 175 28 commercial
1200 2496 150 35 travellers,
1382 2498 55 29 and

803 2529 92 28 others
905 2531 54 27 will
974 2531 63 28 here
1050 2533 56 27 find
1122 2543 82 25 every
1218 2536 136 28 attention
1364 2547 54 17 com-

802 2566 82 30 bined
898 2568 64 29 with
979 2568 81 31 home
1073 2572 137 29 comforts.

801 2681 157 42 Booking
976 2683 106 33 Office
1095 2684 53 33 for
1159 2686 170 34 Newman
1341 2688 94 33 Bros'

827 2728 108 38 Royal
949 2730 86 29 Mail
1048 2731 85 30 Line
1148 2731 38 30 of
1195 2733 131 30 Nelson
1340 2735 69 29 and

943 2773 173 42 Westport
1129 2775 162 35 Coaches.

861 2862 160 46 JAMES
1066 2866 304 53 STEVENSON,

1025 2927 180 22 PROPiiTETOR.

830 3083 287 51 BROADWAY,
1150 3087 247 43 REEFTON.

799 3214 281 30 /COMMERCIAL
1102 3217 163 35 Travellers,
1291 3220 139 33 Families,

886 3255 54 28 and
960 3255 47 28 the
1028 3257 91 35 public
1138 3257 140 38 generally
1298 3260 57 27 will
1374 3260 55 28 find

795 3291 56 29 this
863 3293 175 29 well-known
1058 3295 85 28 Hotel
1161 3296 77 28 fitted
1259 3297 67 28 with
1348 3309 82 27 eyery

796 3331 112 28 modern
922 3335 183 27 convtnience
1115 3335 55 28 and
1183 3335 193 38 requirement.

843 3446 85 40 The
962 3449 254 51 Proprietress
1248 3451 31 39 is
1305 3452 102 39 deter-

794 3502 127 40 mined
948 3511 40 32 to
1007 3519 110 35 spare
1137 3520 48 25 no
1205 3521 164 37 expense
1389 3509 37 39 in

794 3556 154 54 making
966 3558 76 39 this
1063 3559 117 40 Hotel
1201 3560 226 57 thoroughly

793 3612 111 51 equal
924 3620 38 32 to
981 3614 49 39 all
1050 3615 286 51 requirements.

792 3740 92 35 Local,
904 3742 125 30 Colonial
1054 3745 54 28 and
1134 3745 89 30 Home
1248 3757 98 27 papers
1370 3749 55 28 and

913 3782 162 37 periodicals
1088 3785 137 38 regularly
1237 3786 73 29 filed.

959 3841 152 40 ALICE
1138 3843 236 50 NEVILLE,

1232 3908 190 34 Proprietress.

1124 4025 117 53 THE

790 4153 326 45 PRINTING
1166 4158 127 40 AND
1344 4161 424 43 PUBLISHING
1820 4167 265 49 OFFICE,

1206 4280 145 28 CLIFF
1389 4282 69 33 ST.,
1495 4283 160 30 LYELL

855 4604 37 42 Is
910 4620 72 28 0110
1002 4607 41 42 of
1058 4608 63 42 the
1141 4609 84 43 best
1244 4612 96 42 locs.l
1360 4616 189 42 mediums
1569 4619 56 40 for
1643 4621 247 44 distributing
1909 4643 103 25 news

1867 4663 21 15 o
2017 4661 7 15 '

1032 4698 339 56 Advertisements,
1394 4706 75 42 and
1491 4707 169 55 subjects
1679 4711 42 42 of
1735 4712 96 43 local

1227 4791 170 53 interest,
1421 4793 232 59 throughout

1017 4881 64 42 the
1119 4882 131 45 Buller
1284 4886 75 42 and
1398 4887 224 51 Inangahua
1657 4892 197 45 Counties.

832 5096 169 56 Charges
1020 5098 56 41 for
1093 5102 181 53 standing
1290 5103 332 51 advertisements,
1642 5122 90 40 very
1747 5111 237 42 reasonable.

834 5188 79 51 Job,
963 5191 119 49 Plain,
1120 5193 75 42 and
1239 5195 49 40 all
1323 5196 111 42 kinds
1473 5197 43 42 of
1545 5200 178 53 printing,
1763 5204 184 40 executed
1991 5205 90 39 with

782 5258 184 52 despatch
985 5267 40 33 at
1044 5262 65 39 the
1128 5263 130 40 lowest
1277 5266 138 49 prices.

829 5343 333 46 Communication
1182 5348 50 55 by
1251 5357 86 46 post
1351 5365 42 27 or
1410 5352 87 41 wire
1517 5356 192 53 promptly
1728 5357 184 42 attended
1933 5365 51 34 to.

1300 5591 229 43 ADDRESS

1316 5813 219 40 LYELL.

2661 204 118 32 Public
2797 205 152 33 Notices.

2576 282 85 31 THE
2681 283 140 34 STAMP
2841 287 89 40 ACT,
2954 291 86 30 IS7-3.

2490 392 49 58 C
2548 396 20 28 A
2574 393 26 60 V
2605 393 41 32 TI
2643 438 9 15 t
2650 395 59 31 0N
2762 398 142 32 Tranßfer
2907 411 17 19 °
2929 411 27 20 rs
2969 402 57 29 and
3037 406 6 25 t
3052 414 72 19 rana

2583 436 44 31 fer
2643 438 61 32 fees
2719 440 29 31 in
2763 442 66 29 «old
2848 442 113 43 mining
2972 445 55 30 and
3041 445 86 32 other

2486 481 171 41 companies
2683 485 58 31 and
2769 487 140 31 societies
2934 500 50 20 are
3011 492 116 30 warned

2485 525 115 41 against
2624 531 160 40 executing
2808 541 54 31 any
2897 532 183 34 instrument
3097 536 30 31 of

2485 572 60 29 sale
2561 582 33 20 or
2611 575 129 30 transfer
2756 578 100 28 unless
2870 576 50 33 the
2930 588 87 20 name
3030 583 27 26 of
3076 580 50 31 the

2486 614 160 41 purchaser
2675 628 34 21 or
2738 620 168 34 transferee
2940 621 25 33 is
2991 623 134 34 inserted

2485 660 115 31 therein
2630 668 32 24 at
2692 675 34 19 or
2752 666 101 30 before
2881 667 52 31 tlie
2965 675 158 24 execution

2485 704 121 38 thereof,
2627 714 16 21 a
2660 706 158 32 maximum
2846 710 123 38 penalty
2984 715 33 27 of
3038 712 87 32 £IOO

2485 748 92 31 under
2615 750 114 34 section
2765 753 66 38 103,
2868 754 88 43 being
2984 756 138 34 incurred

2483 793 134 38 thereby.
2660 796 68 40 Any
2742 799 70 27 s>ucb
2824 798 193 41 instrument,
3031 812 80 20 more

2483 847 80 26 over,
2579 848 32 20 so
2624 838 103 39 signed
2744 840 25 31 is
2795 843 169 41 absolutely
2982 847 65 30 void
3064 847 57 31 aud

2483 879 193 40 inoperative,
2702 884 57 29 and
2783 886 71 30 does
2876 891 54 26 not
2946 889 99 30 divest
3073 890 50 29 the

2481 924 165 32 trarsferor
2662 927 29 30 of
2721 926 43 33 his
2778 927 126 35 interest
2921 931 128 41 therein,
3065 934 57 33 and

2481 966 36 31 he
2533 970 126 30 remains
2676 971 87 31 liable
2780 974 124 31 thereon
2921 986 31 20 as
2968 977 25 30 if
3015 979 35 28 he
3068 979 53 32 bad

2480 1020 90 21 never
2586 1012 139 41 disposed
2742 1018 28 28 of
2798 1016 51 32 the
2866 1029 89 21 same.
3012 1020 29 31 If
3071 1021 51 32 the

2479 1056 167 30 transferor
2674 1058 33 29 be
2724 1069 16 20 a
2767 1059 131 33 licensed
2921 1062 200 34 sharebroker

2479 1094 44 33 his
2540 1097 109 33 license
2678 1100 24 31 is
2730 1103 139 32 forfeited
2897 1117 38 19 on
2951 1108 170 31 conviction

2478 1141 55 29 and
2551 1140 158 35 thereafter
2735 1145 35 31 he
2786 1147 24 31 is
2834 1148 185 43 disqualified
3045 1152 75 32 from

2476 1185 102 38 actiug
2603 1198 32 18 as
2662 1200 16 18 a
2695 1190 108 30 broker
2819 1203 33 18 or
2877 1194 73 30 from
2982 1194 103 41 having
3104 1209 17 18 a

2477 1227 79 29 fresh
2575 1228 109 32 iiceuse
2695 1232 97 31 issued
2810 1239 31 24 to
2854 1235 67 31 him.

2556 1338 254 34 POSTAGE
2852 1345 188 33 KATES.

2667 1460 89 23 TOWN
2782 1463 146 25 LETTERS.

2514 1503 111 33 Posted
2652 1511 31 27 at
2707 1519 56 29 any
2791 1510 72 31 Post
2891 1512 93 34 Office
3015 1515 102 35 within

2473 1555 50 35 the
2540 1558 103 44 colony
2661 1562 44 32 for
2721 1562 130 46 delivery
2866 1571 30 28 at
2911 1578 33 21 or
2954 1569 75 33 from
3042 1573 74 31 such

2474 1609 73 31 Post
2565 1613 93 31 Office
2676 1625 47 18 :

2473 1665 60 35 Not
2548 1671 161 39 exceeding
2726 1673 61 33 half
2801 1688 35 20 an
2854 1689 95 23 ounce
3003 1708 31 7 ...
3082 1685 34 31 Id

2472 1712 170 42 Exceeding
2659 1717 62 30 half
2733 1729 37 19 an
2786 1731 104 29 ounce,
2916 1725 53 30 but
2986 1732 53 25 not

2511 1759 161 40 exceeding
2688 1773 57 21 one
2761 1775 96 22 ounce
3002 1797 31 7 ...
3079 1775 37 30 2d

2471 1801 58 32 Fir
2544 1813 89 32 every
2652 1806 62 31 half
2837 1822 69 20 over
2921 1823 58 21 one
3003 1841 30 6 ...
3080 1819 36 29 Id

2636 1872 147 24 COUNTRY
2799 1875 148 28 LETTERS.

2511 1918 106 33 Posted
2636 1926 31 26 at
2681 1934 57 28 any
2765 1929 67 34 post
2846 1926 83 34 office
2946 1931 100 32 within
3067 1934 49 32 the

2469 1971 104 40 colony
2605 1976 45 26 for
2681 1975 132 41 delivery
2840 1983 31 25 at
2897 1990 34 19 or
2957 1983 74 30 from
3059 1995 57 31 any

2467 2022 88 31 other
2566 2029 66 33 post
2645 2025 83 30 office
2746 2028 102 31 within
2866 2030 50 31 the
2931 2035 105 40 colony
3048 2049 6 17 :

2469 2076 63 33 Not
2547 2081 163 40 exceeding
2726 2082 64 34 half
2802 2097 36 20 an
2856 2098 97 23 ounce
3001 2117 19 9 ..
3076 2095 37 31 2d

2467 2122 171 43 Exceeding
2656 2127 58 30 half
2729 2140 36 19 an
2782 2141 106 30 ounce,
2904 2135 53 29 but
2982 2140 54 27 not

2506 2171 162 37 exceeding
2681 2181 56 20 one
2753 2182 97 23 ounce
3000 2204 31 8 ...
3074 2182 38 31 4,J

2467 2209 61 33 For
2555 2223 87 31 every
2669 2215 59 32 balt
2758 2227 96 24 ounce
2878 2230 73 23 over
2979 2234 57 22 one

2507 2266 97 22 ounce
2682 2285 31 7 ...
2841 2290 32 6 ...
3074 2272 38 30 2d

2594 2336 202 25 AUSTRALIAN
2818 2342 166 24 COLONIES.

2465 2382 65 33 Not
2544 2387 163 42 exceeding
2723 2389 64 34 half
2805 2403 38 21 au
2859 2404 96 24 ounce
2998 2425 31 7 ...
3074 2401 37 33 2d

2465 2428 170 44 Exceeding
2650 2432 64 33 half
2736 2448 37 19 an
2789 2448 104 29 ounce,
2913 2441 53 31 but
2982 2449 52 26 not

2503 2477 163 39 exceeding
2682 2490 57 20 one
2754 2491 96 23 ounce
3073 2490 37 33 4d

2464 2517 59 32 For
2552 2531 86 31 every
2665 2522 64 32 half
2754 2537 96 20 ounce
2880 2538 71 22 over
2977 2542 56 21 one

2502 2573 98 23 ouuce
2679 2592 31 8 •••
3074 2578 38 32 2d

2485 2640 146 23 ENGLAND
2654 2644 64 21 AND
2740 2645 143 24 FOREIGN
2899 2649 188 27 COUNTRIES.

2641 2691 58 33 Per
2715 2693 79 32 Half
2818 2695 117 35 Ounce.

2462 2731 113 32 United
2598 2735 160 40 Kingdom,
2786 2740 46 30 via
2856 2742 58 29 Sau
2938 2742 94 32 Fran-

2500 2787 79 22 Cisco
2595 2779 57 32 and
2676 2784 76 29 Suez
2996 2811 33 8 ...
3074 2794 37 30 (jj

2462 2820 113 30 United
2606 2824 101 29 States
2736 2826 34 29 of
2803 2828 150 39 America,
2989 2834 44 30 via

2499 2864 58 33 San
2576 2865 164 37 Francisco
3073 2881 38 32 gj

2460 2909 154 33 Sandwich
2633 2913 128 39 Islands,
2786 2917 45 30 via
2861 2917 59 31 San
2937 2919 75 33 Fran-

2471 2996 12 7 .
2499 2963 59 20 c,bc
2561 2965 17 38 ?
2831 2985 30 7 -
3067 2970 39 26 6u

2460 2995 152 33 Canadian
2650 2999 191 42 Dominions,
2878 3005 47 30 via
2972 3006 59 32 San

2500 3040 164 31 Francieco
2833 3071 31 7 ...
3070 3051 37 32 gj

2459 3081 113 32 British
2590 3085 161 33 Columbia
2833 3116 31 6 ...
3080 3097 9 29 j
3097 3108 13 18 s

2458 3125 90 31 AVest
2565 3126 102 33 Indies
2831 3159 29 6 ...
3077 3141 32 30 la

2457 3168 132 40 Mexico,
2605 3172 45 31 via
2663 3173 58 32 San
2739 3174 167 36 Francisco
2991 3208 19 7 ..

2459 3213 124 32 Central
2603 3217 139 33 America
2990 3252 31 7 ...
3076 3230 33 29 ]„

2457 3257 94 31 fcouth
2568 3259 148 41 America,
2730 3262 46 33 via
2789 3265 57 32 San
2862 3265 162 37 Francisco
3076 3276 31 28 la

2672 3339 18 22 B
2700 3340 193 26 EWSPAPERS.

2458 3384 110 33 Posted
2596 3396 17 20 a
2654 3398 58 28 any
2738 3390 84 32 office
2849 3392 104 34 within
2977 3398 52 31 the

2495 3429 103 42 colony
2618 3437 45 25 tor
2679 3433 130 43 delivery
2826 3440 32 27 at
2880 3436 50 33 the
2945 3450 81 23 same

2495 3473 85 31 office
3066 3488 35 21 ij

2688 3512 5 10 »
2987 3506 34 10 •••
3066 3500 36 26 |u

2457 3518 110 30 Posted
2594 3526 32 23 at
2650 3531 59 29 any
2735 3522 84 32 office
2846 3525 105 33 within
2974 3529 52 31 the

2495 3561 105 41 colony
2619 3563 44 31 for
2678 3563 130 43 delivery
2824 3572 33 26 at
2867 3579 58 31 any
2939 3570 88 34 other

2496 3605 83 33 office
2595 3606 100 32 within
2712 3609 51 31 the
2778 3612 108 40 colony
2990 3643 30 7 ...
3067 3621 37 30 A,}

2456 3648 175 33 Australian
2646 3652 142 33 Colonies

2457 3693 113 32 United
2589 3695 155 39 Kingdom
3067 3708 35 31 2d

2615 3761 57 33 Vh
2688 3763 58 32 San
2770 3764 175 37 Francisco.

2457 3817 113 33 United
2589 3819 100 33 States
2705 3822 30 30 of
2750 3823 141 34 America
2988 3855 31 7 ...
3066 3833 35 31 id

2457 3862 155 33 Sandwich
2627 3864 119 33 Islands
2988 3900 19 7 ..

2457 3906 151 33 Canadian
2626 3909 179 33 Dominions
2989 3943 30 7 ...
3064 3921 36 29 2(5

2457 3949 113 30 British
2590 3951 158 33 Columbia
3064 3963 37 31 2d

2457 3992 87 32 West
2561 3993 104 34 Indies
2986 4029 31 8 ...
3062 4007 38 30 2d

2456 4035 123 32 Mexico
3063 4050 37 30 2d

2457 4079 123 32 Central
2598 4081 136 33 America
2986 4116 31 7 ...
3062 4094 38 29 2d

2455 4122 96 32 South
2568 4125 157 35 Amerrica
2987 4161 30 7 ...
3062 4137 37 31 2d

2653 4195 85 22 BOOK
2761 4198 140 23 PACKETS

2457 4238 109 34 Posted
2592 4245 31 28 at
2646 4254 58 31 any
2730 4245 82 33 office
2839 4249 103 30 within
2970 4250 52 31 the

2494 4285 105 41 colony
2617 4286 45 31 for
2678 4288 130 39 delivery
2822 4295 31 25 at
2869 4291 51 31 the
2932 4304 90 27 same,

2495 4328 101 31 within
2629 4330 52 30 the
2709 4331 116 42 colony,
2855 4334 52 30 the
2942 4337 23 29 A
2973 4347 47 20 us*

2493 4372 107 32 tralian
2619 4374 139 40 -olonie?,
2772 4388 33 19 or
2830 4377 51 32 the
2907 4378 114 35 United

2492 4415 153 33 Kingdom
2730 4444 31 7 ...
2847 4422 53 30 loz
2984 4449 31 8 ...
3062 4428 35 30 Id

2730 4487 31 7 ...
2845 4466 54 29 2<>z
2984 4493 29 8 ...
3060 4471 37 30 2d

2532 4502 47 33 Do
2846 4508 52 38 ilb
2984 4539 29 7 ...
3059 4515 38 31 4d

2530 4548 49 31 Do
2641 4592 5 6 .
2666 4592 6 7 .
2743 4577 18 6 ..
2848 4554 50 30 lib
2983 4582 30 6 ...
3059 4560 38 29 8d

2452 4589 97 46 Every
2579 4591 164 37 additional
2766 4596 112 42 pound,
2892 4609 34 22 or
2941 4598 64 37 frac-

2490 4638 95 30 tional
2599 4645 67 33 p-irt
2681 4642 31 28 of
2726 4653 17 18 a
2760 4643 102 37 pouud
2984 4671 31 7 ...
3061 4650 36 28 8d

2618 4681 58 30 Via
2692 4683 57 30 San
2768 4682 172 35 Francisco.

2452 4721 113 35 Um'fed
2596 4723 110 39 States,
2732 4739 89 30 every
2851 4729 49 38 £lb
2986 4759 30 7 ...
3059 4736 38 31 4d

2450 4768 155 30 Sandwich
2625 4770 114 30 Tslands
2859 4797 17 15 „
2983 4801 30 8 ...
3059 4778 38 32 4,|

2451 4810 150 37 Canadian
2620 4813 178 37 Dominions
2860 4845 18 13 „
2984 4849 19 6 ..
3059 4824 38 32 6.1

2451 4856 112 31 British
2583 4859 158 33 Columbia
2861 4887 17 15 „
2983 4891 30 7 ...
3059 4868 36 30 6d

2450 4899 88 33 West
2554 4901 104 33 Indies
3057 4913 38 24 fid

2448 5014 150 63 JOB
2620 5019 463 68 PRINTING

2493 5363 119 51 Every
2638 5366 207 55 description
2871 5372 161 40 executed

2567 5665 139 65 Until
2723 5665 163 66 ©tints
2915 5670 161 74 (©ffict,

2566 5847 147 40 CLIFF
2750 5849 202 39 STREET.

3650 218 119 33 Public
3793 221 151 35 Notices.

3509 640 150 35 (Deutsche
3685 642 75 31 Med.
4031 661 75 25 187'n

3474 678 112 33 Hosier,
3601 680 87 33 M.D.,
3701 683 141 29 Professor
3855 694 26 21 at
3893 689 46 30 the
3951 693 156 36 University

3473 722 172 28 uieiLswalu,
3683 731 150 23 ueniiniiy,
3872 736 103 30 reports
3989 742 6 5 *
4050 738 56 31 The

3472 756 147 38 Lucalypti
3639 759 115 31 Lxtract
3780 767 101 33 proved
3900 776 207 31 magnificentlv

3471 798 149 26 successful
3651 800 29 25 in
3712 809 67 28 very
3815 813 93 21 severe
3939 815 156 30 contusions

3473 836 102 27 bruises
3593 846 119 27 sprains,
3721 841 122 35 wounds,
3850 846 145 38 scaldings,
4003 852 102 34 broken

3471 874 63 31 ribs,
3544 876 54 26 and
3608 877 92 27 limbs.
3733 880 27 27 It
3769 881 158 38 effectually
3937 891 75 33 stays
4019 893 37 26 all
4065 894 28 27 in

3471 910 174 33 Humiliation
3659 915 54 29 and
3727 917 134 38 swelling.
3898 919 140 41 Also/the
4053 942 39 19 ser-

3471 960 72 20 vices
3556 952 111 31 derived
3680 956 71 29 from
3761 959 21 27 it
3791 960 28 27 in
3833 962 36 26 all
3876 962 136 32 disorders
4023 971 30 26 of
4060 973 45 27 the

3471 997 163 31 respiratory
3645 1003 109 25 organs,
3765 1006 29 18 as
3803 1007 94 29 croup,
3908 1001 135 37 diptheria
4065 1010 26 27 in-

3469 1028 174 30 flammation
3669 1033 31 26 of
3717 1034 47 27 the
3786 1035 143 32 bronchial
3949 1042 79 30 tubes
4047 1029 59 46 'and

3469 1065 91 36 lungs,
3573 1068 114 30 chronic
3706 1074 121 33 catarrh,
3842 1075 159 39 bronchitis,
4022 1086 73 28 colds

3468 1105 56 33 &c.,
3539 1116 45 18 aie
3598 1113 49 22 not
3666 1115 28 21 to
3707 1110 33 28 be
3753 1115 127 33 equalled
3900 1117 35 37 by
3953 1128 55 27 any
4026 1124 80 28 other

3469 1143 196 32 medicament.

3469 1206 134 30 Sander
3620 1208 28 29 &
3664 1209 89 30 Sons
3765 1211 184 42 Eucalypti
3963 1218 143 34 Extract

3501 1253 99 37 Listei,
3620 1256 87 37 M.D.,
3728 1259 148 37 Professor,
3902 1268 55 32 &c.,
3979 1267 123 40 London,

3466 1298 47 25 the
3527 1298 125 33 Leading
3670 1308 117 26 surgeon
3801 1303 31 27 of
3843 1304 45 28 the
3902 1315 109 26 present
4024 1316 77 28 time,

3466 1334 90 27 stated
3568 1340 28 22 at
3608 1336 48 27 the
3669 1337 53 28 last
3740 1341 123 33 meeting
3875 1345 30 24 of
3920 1345 45 28 the
3985 1348 116 27 Clinical

3467 1370 116 37 Society.
3591 1373 126 33 London,
3725 1385 29 18 as
3767 1377 144 35 published
3919 1383 26 25 in
3954 1384 148 30 Gaillard's

3466 1408 118 30 Medical
3601 1411 127 35 Journal,
3742 1415 62 29 that
3816 1416 47 30 the
3882 1419 146 40 Eucalypti
4047 1425 36 28 Ex-

3465 1453 70 24 tract
3547 1449 23 28 is
3584 1450 45 28 the
3644 1451 58 30 best
3715 1453 102 31 known
3835 1458 146 38 antiseptic
3996 1469 107 28 (means

3464 1488 29 26 of
3504 1491 162 36 preventing
3677 1495 206 36 putrefaction).

3465 1548 133 35 Sander
3798 1550 28 35 &
3659 1553 89 34 Sons
3761 1555 187 45 Eucalypti
3959 1561 146 38 Extract

3499 1603 156 32 (American
3670 1606 116 28 Medical
3798 1609 125 32 Journal,
3936 1614 164 34 November,

3464 1639 85 36 1881).
3553 1641 71 28 —In
3637 1642 119 31 diseases
3769 1647 31 27 of
3815 1647 47 30 the
3880 1648 113 41 kidney,
4012 1654 90 29 either

3462 1679 88 30 active
3563 1684 160 34 congestion
3733 1695 32 19 or
3772 1691 175 33 suppression
3963 1695 134 33 (ursmia)

3462 1719 36 26 all
3511 1719 193 36 albuminuria,
3718 1724 109 37 dropsy,
3841 1726 127 31 lithiasis.

3462 1757 55 28 will
3530 1759 80 36 equal
3623 1761 29 28 in
3666 1762 34 28 its
3710 1764 91 29 action
3816 1766 149 40 Eucalypti
3975 1771 123 31 Extract

3462 1796 96 34 Doses,
3584 1799 53 28 five
3661 1804 29 25 to
3714 1803 77 34 eight
3818 1805 81 37 drops
3923 1809 28 27 in
3982 1820 16 19 a
4029 1812 69 29 little

3461 1838 154 27 sweetened
3639 1844 85 23 water
3748 1848 77 22 twice
3853 1853 31 19 or
3908 1846 77 30 three
4017 1850 82 29 times

3461 1872 84 39 daily.

3462 1935 133 32 Sander
3612 1938 28 31 &
3654 1940 87 31 Sons
3755 1943 186 40 Eucalypti
3954 1950 145 32 Extract

3497 1984 92 31 (From
3602 1987 144 29 American
3757 1991 117 29 Medical
3883 1994 128 33 Journal,
4022 1997 75 33 Jan.,

3462 2022 225 35 1882).—Pitzer,
3716 2027 86 33 M.D.,
3824 2030 139 28 Professor
3988 2035 110 34 Theory

3460 2058 55 26 and
3529 2059 124 30 Practice
3664 2067 26 23 of
3705 2064 143 33 Medicine,
3861 2069 147 29 American
4022 2072 57 28 Med-

3459 2096 54 29 ical
3525 2098 121 35 College,
3660 2111 63 27 says
3735 2105 70 28 :—lt
3820 2105 22 28 is
3854 2107 45 28 the
3914 2107 56 29 best
3985 2112 114 35 remedy

3459 2135 101 28 known
3580 2138 27 27 in
3628 2141 227 35 typhomalarial,
3874 2147 117 34 typhoid
4014 2149 84 33 fever,

3459 2174 157 36 erysipelas,
3626 2177 165 36 diphtheria,
3803 2183 97 27 scarlet
3913 2185 80 32 fever,
4005 2187 77 28 small-

3459 2220 62 28 pox,
3535 2217 56 30 vVic,,
3611 2215 22 28 it
3651 2216 158 38 effectually
3822 2222 105 28 retards
3947 2223 47 29 the
4015 2225 69 29 disin-

3459 2252 136 33 tegration
3626 2255 30 26 of
3676 2256 47 27 the
3749 2259 105 27 animal
3885 2260 90 34 fluids,
4007 2265 91 28 which

3459 2290 90 37 might
3560 2292 87 29 result
3660 2293 28 28 in
3704 2304 16 19 a
3739 2298 109 32 general
3869 2298 183 42 breaking-up
4071 2306 31 28 cf

3460 2329 46 28 the
3520 2330 81 32 bipod
3614 2333 55 26 and
3682 2335 28 26 in
3725 2335 93 28 death.

3460 2389 133 33 Sander
3610 2390 28 33 &
3653 2392 89 33 Sons
3754 2394 187 42 Eucalypti
3954 2399 144 37 Extract

3494 2441 95 30 (From
3625 2443 40 28 St.
3703 2445 84 28 Louis
3824 2448 119 29 Electric
3981 2453 35 26 M<
4028 2454 69 29 d.cal

3457 2478 126 35 Journal,
3614 2481 78 33 Dec.,
3725 2485 89 34 1881).
3823 2502 34 4 —
3865 2488 106 29 Cancer
3994 2494 30 25 of
4052 2494 45 28 the

3458 2518 353 38 Tongue—Patient,*Mrs.
3894 2531 67 26 i—.
3976 2532 32 25 35
4020 2541 77 19 vears

3459 2556 54 27 old.
3562 2558 141 29 Evidence
3727 2563 30 25 of
3779 2564 152 29 scrofulous
3958 2568 138 31 diathesis.

3458 2594 159 31 Prescribed
3635 2597 63 30 four
3720 2599 82 39 drops
3815 2608 29 23 to
3864 2603 31 29 be
3914 2606 84 29 t.iken
4021 2610 76 29 three

3457 2635 82 27 times
3561 2636 77 34 daily
3652 2645 7 24 ;
3679 2638 67 33 also,
3770 2646 101 29 tongue
3898 2646 100 26 wetted
4022 2648 75 28 three

3457 2672 82 29 times
3582 2673 68 30 with
3692 2676 47 29 the
3779 2678 151 41 Eucalypti
3973 2684 122 32 Extract.

3457 2712 116 28 Treated
3593 2725 30 16 as
3642 2715 86 29 above
3754 2718 42 27 for
3821 2720 62 27 four
3907 2724 100 33 weeks,
4030 2727 66 27 then

3456 2749 163 35 discharged
3632 2754 93 28 cured.

3545 2836 8 14 i
3632 2801 117 37 Ruttley
3751 2824 6 11 '
3921 2810 82 33 Prof.,
4039 2815 55 30 See.,

3457 2838 344 38 Philadelphia).—Since,
3814 2843 29 28 in
3864 2845 46 28 the
3927 2855 59 22 case
4005 2850 30 28 of
4052 2851 42 28 Mr

3459 2874 112 37 Mercer,
3585 2877 31 29 of
3629 2878 120 37 Kerang,
3763 2881 63 31 who
3840 2884 54 30 had
3902 2885 68 31 been
3984 2890 111 30 advised

3457 2914 35 27 bv
3514 2915 47 27 the
3589 2918 120 27 Medical
3728 2921 106 28 officers
3856 2925 30 26 of
3901 2925 46 27 the
3973 2928 122 35 Bendigo

3457 2952 128 38 Hospital
3601 2961 27 23 to
3642 2956 71 30 have
3728 2958 6 16 1
3785 2964 102 33 tongue
3895 2967 139 30 removed,
4041 2968 56 30 like

3454 2993 128 26 spieudlu
3920 3006 117 26 turuugn
4049 3009 46 18 me

3455 3022 169 37 application
3637 3025 30 28 of
3676 3025 47 30 the
3737 3020 150 47 flucalj'pti
3901 3032 125 32 Extract.

3457 3085 134 33 Sander
3607 3088 29 31 &
3651 3089 89 32 Sons
3753 3092 185 41 Eucalypti
3950 3097 145 34 Extract

3490 3135 85 28 Fiom
3594 3138 47 27 the
3662 3139 116 29 Clinical
3797 3141 117 36 Record,
3934 3147 31 26 of
3980 3148 117 36 August,

3456 3173 90 36 1881).
3607 3177 125 36 Surgical
3763 3180 89 30 Clinic
3889 3185 31 27 of
3956 3186 53 29 Pro
4014 3193 85 24 lessor

3457 3213 147 37 M'lntyre,
3636 3217 110 37 College
3777 3221 31 27 of
3840 3222 166 37 Physicians
4042 3229 57 27 and

3455 3252 148 36 Surgeons,
3615 3255 41 28 St.
3668 3256 252 34 Louis—Scirrhus
3928 3264 30 27 of
3965 3264 101 30 Breast

3454 3290 132 30 Excision
3598 3315 5 6 .
3619 3294 149 39 Eucalypti
3781 3298 118 30 Extract
3911 3304 148 35 employed
4068 3316 31 18 as

3453 3339 93 27 spray,
3572 3332 55 28 and
3652 3333 135 39 dressing.
3824 3339 88 33 Eight
3935 3335 79 43 days'
4029 3345 70 28 after

3453 3370 145 35 operation
3612 3372 155 31 Professors
3779 3376 95 30 Bauer
3885 3380 55 28 and
3956 3382 142 37 M'lntyre

3453 3408 84 28 noted
3573 3410 47 28 the
3657 3412 143 39 following
3834 3418 143 30 condition
3992 3429 41 19 :
4054 3424 43 27 No

3453 3448 133 36 swelling,
3600 3450 65 28 heat
3678 3460 31 19 or
3721 3452 205 36 discoloration,
3941 3468 67 20 near
4025 3471 30 18 or
4069 3463 29 27 in

3453 3485 47 30 the
3518 3488 112 35 wound,
3650 3489 91 31 which
3760 3492 52 31 has
3824 3495 98 31 united
3941 3499 88 38 fully;
4049 3501 47 29 the

3452 3527 106 33 patient
3571 3528 116 30 allowed
3699 3535 28 23 to
3741 3534 96 27 attend
3847 3539 27 24 to
3885 3535 50 28 her
3942 3537 36 28 ho
3984 3540 113 28 usehold

3452 3563 90 30 duties
3555 3567 93 35 again.

3452 3624 136 34 Sander
3605 3629 29 31 &
3648 3629 91 33 Sons
3751 3633 188 42 Eucalypti
3951 3638 146 35 Extract

3487 3675 128 36 (Clinical
3640 3678 117 36 Record,
3784 3684 77 37 Sept.
3888 3689 208 36 1880).—The

3450 3714 147 29 American
3627 3719 119 29 medical
3776 3725 156 33 profession
3963 3737 72 23 uses,
4068 3732 27 27 in

3449 3753 175 34 gonorrhoea,
3643 3766 31 19 as
3687 3767 36 19 an
3741 3760 146 38 injection,
3901 3775 36 19 an
3957 3768 140 30 emulsion

3449 3793 27 24 of
3500 3801 53 19 one
3572 3803 90 20 ounce
3680 3806 67 28 gum
3769 3801 112 35 Arabic,
3902 3805 30 28 in
3956 3808 35 27 30
4014 3818 31 18 or
4062 3811 35 27 40

3448 3838 103 21 ounces
3563 3833 31 27 of
3604 3838 95 30 water,
3713 3839 111 34 applied
3838 3841 63 29 four
3914 3845 83 28 times
4010 3847 85 29 dailv.

3449 3869 86 34 Eight
3553 3870 83 38 drops
3654 3883 83 27 given
3752 3878 147 37 inwardly,
3920 3894 69 20 once
4009 3886 86 34 dailv,

3448 3913 130 28 prevents
3590 3911 159 39 effectually
3762 3922 224 29 contamination
4001 3927 31 25 of
4047 3928 48 27 the

3450 3949 80 23 uloou
3543 3956 30 18 in
3586 3949 58 27 foul
3657 3951 117 30 disease.

3620 4057 298 39 CAUTION.

3446 4104 135 33 Sander
3599 4108 28 31 &
3642 4109 89 34 Sons
3744 4113 189 45 Eucalypti
3944 4122 149 35 Extract

3481 4156 52 35 (St.
3553 4158 75 30 Lous
3646 4161 115 30 Clinical
3778 4165 116 35 Record,
3913 4171 54 29 .Jan
4000 4176 78 28 ISS-'l

3444 4194 150 30 -Hazard
3623 4198 79 28 MD.
3722 4200 66 29 Prof
3812 4204 35 28 of
3861 4207 156 39 Pathology
4035 4214 55 28 and

3445 4232 128 30 Diseases
3593 4236 31 28 of
3638 4236 47 30 the
3707 4238 89 37 Mind,
3822 4251 103 25 states:
3947 4249 51 30 We
4019 4251 70 31 have

3445 4274 146 27 examined
3609 4275 62 28 half
3685 4285 17 19 a
3714 4278 88 30 dozen
3816 4285 158 33 specimens
3985 4290 32 27 of
4032 4292 44 28 Jin

3444 4309 104 37 calypti
3556 4312 125 29 Extract.
3706 4316 130 32 Sander's
3844 4330 102 29 prepar
3953 4326 69 29 ition
4033 4337 57 21 was

3445 4348 47 26 the
3528 4349 66 37 only
3629 4360 52 21 one
3713 4354 92 29 which
3841 4364 185 36 corresponds
4060 4373 29 23 to

3444 4388 135 28 scientific
3591 4392 76 26 tests.

3478 4424 59 28 Our
3557 4429 178 34 preparation
3760 4431 23 27 is
3808 4433 47 29 the
3880 4438 69 32 only
3970 4442 120 29 existing

3445 4461 109 31 volatile
3573 4470 117 29 extract,
3709 4468 55 28 free
3777 4471 31 26 of
3823 4473 36 26 all
3880 4476 127 30 resinous
4026 4490 48 24 var
4075 4469 13 35 1

3443 4501 86 28 tides.
3573 4503 46 28 All
3649 4505 81 29 other
3759 4513 192 34 preparations
3982 4517 30 28 of
4040 4521 45 29 the

3443 4542 182 35 Eucalyptus,
3648 4553 36 19 no
3704 4551 103 25 matter
3833 4555 90 26 where
3945 4559 119 28 manufac-

3443 4579 89 32 tured,
3552 4589 46 19 are
3612 4582 93 35 crude,
3719 4586 126 30 resinous
3865 4590 62 34 oils,
3946 4592 137 35 irritating

3442 4617 56 30 and
3516 4617 154 42 blistering,
3689 4624 95 30 rather
3796 4630 117 36 causing
3927 4633 27 28 in
3958 4634 65 30 flam

3441 4660 59 23 tion
3520 4659 69 26 than
3608 4664 113 30 staying
3739 4669 30 23 it,
3783 4667 55 25 and
3858 4670 32 24 of
3904 4671 57 26 real
3981 4673 100 28 danger

3441 4692 25 26 if
3480 4695 163 38 eiTcnously
3662 4698 110 38 applied
3791 4701 30 29 in
3839 4703 94 33 throat
3953 4708 127 36 diseases,

3441 4733 46 27 &c.
4075 4734 5 13 '

3477 4770 43 28 Xo
3542 4770 101 31 bottles
3661 4776 121 34 genuine
3796 4786 98 34 except
3913 4784 80 32 those
4014 4791 67 29 with

3440 4811 60 28 labe
3514 4820 13 20 s
3548 4811 116 38 bearing
3684 4825 51 20 onr
3755 4816 144 37 signature
3924 4828 56 29 and
4005 4833 78 28 trade

3441 4853 89 29 mark,
3554 4853 56 25 and
3628 4856 114 26 seemed
3761 4861 110 26 outside
3891 4864 66 28 with
3977 4876 17 19 a
4015 4870 68 29 pink

3443 4896 122 31 wrapper
3594 4890 57 30 and
3679 4901 85 28 green
3801 4895 84 37 band,
3923 4903 47 31 the
4000 4906 85 32 latter

3441 4931 112 31 bearing
3566 4938 50 19 our
3628 4931 118 30 location
3761 4936 54 28 and
3829 4937 152 35 signature.

3473 4964 158 32 Directions
3643 4974 42 23 tor
3696 4979 48 21 use
3758 4973 66 29 with
3838 4976 68 29 each
3921 4977 96 33 bottle.

3457 5057 241 32 SANDER
3740 5066 116 28 AND
3899 5070 148 32 SONS

3601 5098 166 39 Sandhurst,
3781 5103 132 35 Victoria.

3484 5201 244 35 DUNCAN
3784 5211 132 33 M'LE
3935 5218 70 29 AN
4021 5242 5 11 ,

3608 5258 101 37 Agent,
3720 5262 184 39 Greymouth.

3438 5339 85 57 £1
3551 5341 71 55 fjo
3647 5345 92 51 4-14
3776 5357 18 29 P
3796 5359 31 20 er
3878 5364 12 17 a
3894 5364 20 27 y
3949 5365 48 21 ir,a
3999 5367 18 24 v
4047 5358 31 28 bo

3444 5372 41 51 V?
3558 5372 64 30 UU
3770 5390 82 29 made
3874 5392 37 36 by
3925 5404 115 27 persons
4052 5396 29 29 of

3436 5418 84 26 eithei
3536 5426 56 25 sex,
3605 5430 29 19 111
3648 5421 73 30 their
3735 5435 61 21 own
3809 5429 144 37 localities,
3963 5440 30 23 at
4003 5436 73 27 work

3438 5459 40 23 tor
3499 5464 41 19 us.
3579 5459 68 28 New
3673 5461 136 33 business.
3846 5470 45 28 All
3913 5477 74 23 meet
4010 5473 64 28 with

3437 5495 151 29 wonderful
3601 5507 119 22 success.
3756 5505 65 37 Any
3834 5516 52 21 one
3905 5519 52 19 can
3977 5512 35 29 do
4031 5512 44 29 the

3436 5540 84 22 wore.
3566 5539 108 35 capital
3700 5548 48 23 not
3773 5547 135 36 required.
3947 5551 50 29 We
4022 5549 53 30 will

3436 5574 68 25 start
3515 5583 65 25 you.
3619 5578 88 29 Outfit
3721 5584 89 27 worth
3831 5587 38 26 £1
3890 5589 103 28 mailed
4011 5591 62 25 free,

3440 5613 53 23 the
3506 5613 193 35 employment
3716 5618 25 27 is
3760 5623 181 32 particularly
3959 5625 116 35 adapted

3435 5652 27 21 to
3476 5649 46 26 the
3540 5658 95 27 region
3656 5654 29 27 in
3707 5656 93 30 which
3827 5660 56 29 this
3908 5662 166 36 publication

3434 5693 36 20 en
3476 5686 113 31 cnlates.
3644 5691 76 33 Boys
3750 5697 56 28 and
3836 5700 66 29 girls
3933 5713 49 16 can
4009 5710 66 19 earn
