3490 5590
135 264 224 14 Shipping
387 264 365 14 Intelligence.

191 317 94 30 POli'f
306 317 48 29 OF
376 317 260 32 CHARLESTON.

322 438 66 25 liioU
406 438 105 26 Water.

102 487 54 26 This
169 486 51 34 Day
367 489 53 23 4.30
431 494 20 18 a.
454 496 23 16 m
605 489 51 23 4.55
688 494 53 25 p.m.

102 523 65 25 Su.id.
170 539 16 16 v
370 525 51 21 J.iU
430 529 47 18 a.ui
609 524 49 22 5.M
691 529 53 26 |>.tii.

102 557 98 33 Monday
370 559 108 23 Cloa.ni
608 559 51 21 6.05
691 564 53 25 p.m.

102 593 107 33 'i'ucfcday
384 593 94 24 7.Utt.m
609 593 50 23 7.25
692 599 53 26 j.m.

362 647 126 19 arrivals.

132 677 66 35 April
276 675 96 28 tYairoa,
384 676 60 24 from
459 674 124 26 Hokitika.

133 712 67 35 April
209 714 57 24 26
271 710 66 33 Mary
357 710 69 31 Jane,
445 716 117 24 suiooi.tr,
579 710 61 24 irj.a
663 707 67 27 Manu-

102 748 55 26 k..u.

132 785 124 28 Constant,
267 781 78 30 ketch,
358 781 61 25 i'r.jm
431 779 155 34 UreyinouUi.

132 818 95 26 Tasmai
238 818 37 24 iai
289 815 69 28 Maid,
371 823 49 27 p.s.,
432 815 61 24 from
506 814 126 34 Westport.

343 868 167 21 DEPARTURES.

134 901 69 35 April
224 904 28 22 25
252 901 85 25 —Star
348 908 25 16 oi
403 897 131 32 iasm-wia,
561 898 121 31 sc'.o.uci',
710 898 38 24 fvr

105 938 121 26 Hokitika.

136 973 113 24 Brothers
259 969 46 26 and
317 969 92 28 bisters,
417 968 119 30 schooner,
548 967 37 25 for
598 966 121 26 Hokitika.

136 1008 121 31 '.'ymr.es,
267 1004 119 28 schooner,
398 1004 37 24 for
447 1002 125 26 Hokitika.

137 1040 158 36 April—2B
296 1038 144 27 Tasmanian
461 1037 71 30 Maid,
548 1046 50 25 p.s.,
617 1037 36 25 for
677 1037 59 25 Hoki-

104 1077 59 28 tika,
176 1077 37 24 via
223 1075 122 33 Brighton.

135 1111 75 33 Hope,
221 1115 83 24 cutter,
317 1110 36 23 lor
365 1107 153 34 Greynxmtli.

136 1145 103 31 Wairoa,
250 1148 83 26 cutter,
344 1143 37 25 for
392 1144 64 32 Urcy
459 1142 89 25 mouth.

311 1199 102 18 VF.SSLLS
430 1199 24 18 IN
471 1199 71 18 PORT.

138 1230 123 28 Constant,
271 1228 79 28 ketch,
362 1228 62 24 from
435 1227 155 31 Greymouth.

137 1265 79 30 Lizzy,
227 1266 83 27 cutter,
321 1261 62 25 from
397 1261 129 25 Manukau.

137 1299 68 32 Mary
218 1297 69 30 Jane,
299 1296 118 29 schooner,
429 1296 60 25 from
503 1294 130 27 Manukau.

136 1333 188 31 lona,schooner
341 1331 107 32 (wreck).

134 1429 52 26 The
197 1428 123 27 sehooi?rs
330 1429 116 25 '"Y.-.in?v
460 1427 34 24 Hi.
504 1428 13 25 t
529 1434 43 17 .2r.
590 1424 47 28 and
649 1425 96 30 Sisters,

109 1465 46 26 and
176 1465 54 25 Star
250 1465 26 26 ol
298 1463 127 28 Tasmania
447 1463 56 27 took
521 1463 132 32 advantage
675 1461 26 25 of
713 1461 30 26 tin-

110 1501 73 24 favor.
192 1498 37 26 b!e
250 1503 60 21 state
322 1500 26 24 of
366 1499 41 25 the
428 1500 40 24 bar
478 1505 30 17 on
527 1496 123 32 Thursday
661 1496 54 28 list,
729 1502 23 20 to

109 1533 61 28 clear
181 1539 49 22 out,
241 1533 30 26 all
283 1534 65 25 three
358 1533 105 31 availing
468 1529 140 28 themselves
619 1531 26 24 of
656 1531 39 25 the
705 1531 47 26 lh.e

109 1568 46 26 and
166 1568 60 31 buoy
241 1568 91 26 outside
350 1568 39 26 the
408 1567 79 26 heads.
523 1565 107 25 Mention
652 1574 54 23 may
722 1567 27 25 bo

110 1602 67 26 made
186 1609 25 18 oi
223 1603 40 24 the
273 1602 99 27 efficient
390 1609 97 19 manner
497 1601 24 25 in
531 1599 75 25 which
618 1599 40 26 the
670 1600 82 26 hurbor

109 1638 53 25 boat
174 1636 111 27 rendered
296 1638 39 25 the
352 1644 123 25 necessary
495 1635 100 26 services
612 1638 25 22 to
649 1635 39 26 the
699 1640 39 22 out-

108 1672 73 33 going
190 1671 94 31 vessels,
303 1671 31 26 all
350 1673 27 25 of
397 1671 75 26 which
491 1673 41 30 got
543 1674 41 21 out
602 1669 97 26 without
712 1672 39 24 the

110 1707 109 32 slightest
238 1707 99 33 mishap,
359 1707 40 25 the
421 1709 55 24 Star
495 1705 27 25 of
543 1705 127 25 Tasmania
682 1705 68 26 alone

108 1741 89 33 having
207 1745 40 29 got
257 1742 24 25 in
292 1742 79 26 rather
388 1742 130 31 dangerous
536 1740 127 33 proximity
675 1745 25 21 to
711 1741 40 26 the

108 1777 53 26 reef
171 1776 90 26 o.iLide
278 1777 40 25 the
336 1778 73 24 North
429 1775 72 27 Head.
534 1776 51 24 The
606 1775 65 25 throe
689 1777 61 24 craft

109 1819 61 17 were
181 1809 30 27 all
223 1810 76 26 bound
313 1812 36 24 for
360 1811 122 25 Hokitika.

138 1848 38 24 On
186 1844 132 35 Thursday,
337 1854 12 18 a
366 1851 107 24 steamer,
491 1842 114 37 supped
628 1846 24 24 to
670 1844 28 27 be
709 1845 40 27 the

108 1880 96 30 Nelson,
215 1888 65 18 came
291 1889 32 25 up
333 1881 46 26 and
390 1880 112 33 slgr.r.lled
513 1882 38 23 for
561 1888 12 15 a
581 1879 54 24 hrM,
646 1883 25 20 to
681 1888 65 18 come

108 1915 31 25 off
150 1915 46 25 and
214 1914 54 26 land
289 1923 142 26 passengers.
464 1913 124 33 Although
610 1914 41 25 the
668 1914 83 27 harbor

108 1950 54 26 b>at
183 1949 44 26 had
248 1949 93 34 already
363 1952 56 24 been
440 1955 42 20 out
501 1949 47 26 and
558 1949 25 24 in
601 1957 64 17 some
676 1949 51 26 half
737 1960 13 15 a

108 1986 71 25 dozen
191 1986 68 25 times
270 1985 52 26 that
332 1985 55 31 tide,
404 1987 18 24 it
440 1993 48 17 was
506 1989 40 22 not
557 1983 96 26 deemed
665 1985 50 26 safe
727 1991 24 20 to

108 2023 101 30 attempt
223 2023 25 22 to
257 2020 69 33 bring
342 2021 23 25 in
377 2027 145 29 passengers,
534 2020 64 24 since
616 2018 41 27 the
667 2022 70 24 confu-

109 2055 49 26 sion
170 2055 46 26 and
226 2055 69 35 panic
313 2056 71 34 likely
405 2061 25 21 to
451 2056 60 26 arise
532 2054 84 32 might,
632 2063 59 18 even
702 2056 23 25 iu
736 2067 15 16 a

110 2090 112 30 tolerably
243 2091 93 23 smooth
354 2099 46 20 sea,
421 2090 52 24 lead
494 2095 24 19 to
536 2096 64 16 some
610 2087 140 30 lamentable

108 2122 111 27 accident.
251 2125 37 24 As
308 2131 31 18 an
360 2123 151 33 illustration,
532 2131 35 18 we
588 2129 22 19 in
619 2130 21 27 iy
652 2124 63 26 refer
726 2131 25 21 to

109 2160 40 25 the
168 2157 48 28 lite
235 2159 108 26 accident
364 2164 24 22 at
411 2159 161 35 Woodpecker
592 2158 60 33 Hay.
673 2161 75 26 which

106 2204 7 14 t
123 2201 100 25 veryone
233 2194 82 26 knows
327 2196 19 24 is
363 2196 101 30 nothing
480 2194 49 26 like
540 2202 25 16 so
582 2192 130 33 dangerous
724 2204 26 18 as

108 2230 116 25 Constant
237 2230 57 32 Hay.
325 2229 87 26 Jndeed
422 2230 18 25 it
453 2230 20 24 is
484 2230 31 25 all
526 2230 41 24 but
578 2227 173 37 impracticable

108 2264 37 25 for
157 2270 136 28 passengers
304 2269 25 21 to
339 2264 54 26 land
405 2266 122 25 herefrom
538 2264 40 26 the
586 2263 73 33 offing
668 2270 24 21 at
704 2276 46 24 any

107 2300 63 24 lime.
203 2298 36 26 No
259 2299 70 26 doubt
351 2298 84 28 should
455 2301 41 25 the
514 2299 62 27 river
593 2298 53 26 Nile
658 2308 55 20 ever
723 2302 27 26 be

108 2333 66 28 made
184 2340 42 20 use
237 2335 26 25 of
281 2335 38 26 for
337 2334 94 31 vessels,
449 2336 47 25 and
515 2335 47 25 this
581 2333 65 27 trade
657 2343 93 21 assume

108 2367 137 34 sufficiently
264 2369 64 34 birge
351 2371 145 32 proportions
516 2375 25 19 to
560 2370 124 26 command
710 2373 41 25 the

108 2404 100 25 services
217 2403 27 26 of
261 2413 15 17 a
292 2396 68 35 sm.dl
377 2410 101 22 steamer
496 2404 58 27 such
569 2412 26 17 as
612 2404 40 27 the
664 2406 71 26 Wo.nl-

108 2438 90 33 pecker,
209 2446 69 25 every
290 2438 93 34 facility
402 2439 60 26 woul
471 2440 6 24 I
498 2440 57 24 then
574 2440 26 24 be
615 2439 100 27 afforded
727 2445 24 22 to

108 2481 14 24 p
130 2479 115 26 tssengers
256 2478 25 22 to
290 2473 55 27 land
362 2473 75 35 safely
454 2473 47 27 and
518 2473 58 26 with
593 2481 65 19 fo:ne
667 2474 83 34 degree

144 2507 123 34 certainty,
278 2509 40 25 but
330 2517 26 16 as
367 2510 19 24 it
404 2509 19 26 is
434 2514 25 21 at
477 2512 101 32 present,
589 2509 40 25 the
641 2509 109 33 Halcyon

106 2543 21 25 b,
136 2543 40 32 log
186 2542 41 26 tlio
236 2542 56 35 only
311 2549 101 21 steamer
431 2544 110 33 entering
562 2542 115 29 Constant
689 2545 58 34 Bay,

106 2585 12 25 \
141 2586 5 10 ■■
162 2585 81 25 angers
254 2578 38 26 for
301 2579 56 27 here
372 2587 45 18 can
434 2579 57 34 only
510 2578 49 35 rely
572 2586 61 27 upon
646 2580 42 26 her
698 2589 26 17 or
735 2589 14 19 a

118 2612 74 32 filing
202 2613 75 26 vessel
294 2616 57 23 with
369 2616 117 30 anything
503 2613 47 27 like
567 2622 14 16 a
591 2615 117 32 certainty
724 2617 27 24 of

106 2646 111 33 reaching
228 2647 61 27 their
299 2647 65 36 place
372 2648 28 26 of
414 2648 155 27 destination.
600 2648 38 26 As
648 2648 19 28 it
678 2649 20 27 is
709 2650 41 28 the

106 2680 57 27 balk
174 2683 26 24 of
212 2683 39 26 the
261 2691 138 26 passengers
415 2683 56 27 land
492 2688 25 22 at
534 2683 78 31 Fox's,
629 2683 122 35 incurring

106 2728 5 11 i
136 2716 127 26 nsiderable
272 2726 100 25 expense
383 2719 46 25 and
440 2718 188 30 inconvenience,
640 2727 30 17 no
682 2719 68 26 small

106 2752 57 25 itim
174 2751 70 34 being
254 2753 40 26 the
304 2752 86 34 charge
405 2754 27 25 of
449 2754 48 25 Lls
508 2761 41 27 per
568 2758 41 21 ton
624 2753 39 27 for
673 2758 76 22 traas-

105 2791 50 22 T*>rt
167 2786 81 27 beteen
259 2787 40 26 the
310 2792 47 21 two
367 2787 83 35 places.

137 2820 51 26 The
198 2826 78 22 cutter
287 2822 75 33 Lizzy,
373 2825 62 25 from
446 2823 140 32 Onehung.i,
604 2823 20 25 is
640 2823 73 34 likely
725 2829 25 23 to

105 2856 25 26 Lc
140 2854 96 35 dJayed
247 2858 25 25 in
285 2858 39 26 the
336 2859 50 33 Hay
405 2860 39 24 for
454 2866 63 18 some
531 2857 64 27 little
612 2859 65 31 time,
688 2860 61 26 until

106 2892 80 33 spring
197 2892 60 26 tides
266 2900 66 18 come
341 2893 74 26 round
424 2893 80 33 again,
514 2893 90 32 baring
613 2899 41 27 got
661 2896 88 34 neaped

105 2935 28 16 tn
146 2926 33 25 tin
197 2926 78 26 leach.

134 2962 21 22 A
173 2960 81 26 tcoder
268 2961 44 25 has
328 2961 57 26 been
402 2961 109 34 accepted
530 2963 38 24 for
579 2962 41 25 the
630 2964 118 33 repairing

104 2993 45 26 and
162 2994 87 34 raising
260 2997 27 23 of
304 2995 41 27 the
362 2997 113 27 schooner
489 2996 67 27 lona.
594 2998 24 24 A
630 2998 47 26 few
688 2999 60 27 tides

103 3028 49 27 will
163 3038 69 25 prove
244 3031 103 26 whether
358 3032 65 26 there
434 3033 20 24 is
464 3040 48 24 any
529 3032 89 25 chane
634 3033 27 25 of
676 3033 72 34 doing

103 3071 42 17 un»
154 3065 67 33 tiling
238 3065 58 25 with
321 3066 48 32 her,
380 3067 41 25 but
443 3066 101 26 without
552 3066 104 34 desiring
666 3071 25 22 to
700 3069 36 26 dis-

192 3109 12 16 e
215 3100 39 26 the
265 3107 85 25 owner,
361 3109 36 19 we
416 3105 66 22 must
503 3102 94 25 confess
616 3110 44 18 our
675 3102 71 28 doubt

102 3134 54 27 that
169 3144 39 18 s:;o
220 3134 46 27 will
277 3137 27 26 be
315 3137 70 33 again
397 3141 40 29 got
448 3136 79 28 afloat.

134 3170 26 24 Y»
171 3170 99 34 s;erday,
292 3172 41 26 the
357 3178 89 20 cutters
474 3173 67 33 Uope
577 3172 46 26 and
649 3174 96 26 Wairoa

101 3203 88 27 cleared
205 3207 62 24 from
284 3206 117 27 Constant
420 3207 53 33 Bay
490 3208 39 25 for
538 3207 155 33 Greymouth,
705 3210 40 26 the

102 3240 102 26 weather
214 3240 69 34 being
293 3249 56 25 very
360 3242 47 26 fine
417 3242 46 26 and
479 3243 41 25 bar
538 3243 100 31 smooth,
655 3243 92 28 neither

101 3275 87 32 danger
199 3283 42 17 nor
250 3275 112 34 difficulty
374 3285 60 18 were
444 3277 154 35 experienced
611 3278 26 26 in
652 3280 94 33 getting

102 3309 40 27 the
154 3309 86 28 vessels
250 3310 99 27 outside.

131 3344 50 26 The
193 3354 42 25 p.s.
248 3346 144 26 Tasmauian
404 3347 63 27 Maid
484 3346 49 28 laid
540 3348 36 26 off
582 3349 41 25 the
634 3353 111 22 entrance

101 3379 69 25 about
183 3383 12 19 .'•
206 3388 54 24 p.m.
267 3381 131 33 yesterday,
409 3382 37 26 for
453 3382 40 25 the
500 3390 101 26 purpose
611 3383 27 25 of
647 3382 99 34 landing

208 3421 36 26 its,
256 3416 42 25 &c.
330 3415 52 28 The
392 3417 42 26 bar
452 3424 51 19 was
519 3418 120 27 smoother
655 3419 58 26 than
725 3419 18 25 it

100 3448 45 27 had
171 3451 26 24 k-
213 3458 14 17 n
250 3452 38 24 for
305 3451 56 32 long
381 3457 60 29 past,
452 3461 26 18 so
488 3453 53 25 that
551 3461 46 24 any
609 3454 53 25 boat
676 3453 69 26 could

100 3483 59 25 have
171 3484 35 25 tan
216 3484 34 25 ltd
261 3494 138 24 passengers
411 3487 99 25 without
522 3487 40 27 the
574 3487 110 33 slightest
696 3488 49 25 risk

103 3518 41 25 »td
216 3520 96 32 mnaged
324 3523 24 23 to
358 3524 38 29 get
408 3521 155 33 comfo*tably
580 3522 89 26 ashore.

838 425 121 28 NOTICE
976 426 43 26 TO
1036 425 307 28 CORRESPONDENTS.

802 519 94 27 Several
916 519 82 27 letters
1019 527 46 22 nre,
1086 521 81 30 owing
1188 524 25 21 to
1225 526 62 19 want
1298 520 27 26 of
1342 527 66 26 Bjiaee

756 546 4 47 J
770 553 154 35 unavoidably
937 559 41 30 put
990 555 59 25 back
1063 554 35 26 till
1109 563 43 17 our
1160 559 56 21 next
1228 555 68 25 issue.

757 600 3 12 i

775 683 401 49 CHARLESTON
1208 684 209 48 ARGUS.

877 789 191 30 SATURDAY,
1085 790 100 25 APRIL
1202 793 35 26 27,
1256 793 63 24 1867.

777 891 29 30 It
820 890 22 30 is
856 896 43 24 too
913 886 136 42 generally
1063 887 83 31 found
1160 888 59 32 that
1232 888 29 31 in
1275 887 68 43 busy
1358 889 49 30 min-

776 936 45 37 ing
834 933 118 29 districts
965 931 96 39 people
1075 941 28 19 jus
1116 943 16 17 a
1145 933 59 28 rule
1218 943 43 18 are
1275 938 45 24 too
1335 933 87 28 intent

776 988 35 20 on
825 976 70 31 their
908 985 59 20 own
983 973 151 31 immediate
1148 985 123 20 concerns
1284 980 29 24 to
1329 974 94 31 attend

776 1027 28 24 to
826 1021 46 29 the
894 1018 122 30 business
1035 1017 28 29 of
1084 1018 47 29 the
1155 1018 98 40 public,
1269 1018 53 29 and
1336 1023 28 24 at
1379 1018 44 29 the

777 1063 56 31 first
856 1061 79 33 bludi
959 1060 22 30 it
1006 1060 59 39 only
1087 1070 83 20 serins
1192 1061 153 30 reasonable
1365 1061 58 30 that

776 1106 64 30 such
855 1105 97 30 should
966 1103 31 28 be
1008 1103 46 30 the
1068 1113 67 21 case.
1177 1104 56 29 The
1242 1114 181 29 consequence

776 1151 30 37 is,
821 1149 67 36 that,
900 1144 104 34 instead
1017 1145 28 30 of
1066 1145 48 32 the
1127 1146 140 41 goldtields
1290 1147 81 41 being
1385 1158 26 20 re-

776 1193 142 43 presented
941 1192 35 38 by
991 1200 60 20 men
1074 1190 58 31 who
1146 1191 80 39 really
1239 1192 67 29 have
1320 1202 14 19 u
1348 1190 76 31 stake

776 1237 53 28 and
844 1235 99 39 weight
960 1236 28 27 in
1011 1233 45 28 the
1070 1234 103 29 various
1192 1234 125 35 districts,
1333 1233 90 31 others

777 1279 58 29 who
868 1277 68 30 have
971 1286 36 20 no
1029 1275 112 31 interest
1175 1275 105 41 beyond
1305 1286 16 21 a
1334 1276 89 31 selfish

776 1331 50 20 one
849 1330 43 20 are
915 1323 40 27 set
978 1319 121 30 forward.
1141 1319 85 31 There
1247 1322 101 28 cannot
1361 1320 32 30 be
1409 1329 15 20 a

776 1364 84 30 doubt
882 1362 59 32 that
964 1373 80 30 every
1064 1372 49 20 one
1136 1366 154 37 competent
1303 1362 23 32 is
1343 1361 79 41 fairly

778 1406 114 33 entitled
919 1411 27 25 to
973 1406 95 31 render
1092 1415 17 20 a
1134 1406 100 31 certain
1259 1409 112 28 amount
1396 1406 27 29 of

778 1451 89 40 public
890 1449 98 32 service
1013 1449 77 32 when
1117 1449 83 31 called
1226 1461 44 24 on,
1293 1449 52 31 and
1367 1450 23 30 if
1407 1461 16 18 a

776 1493 73 31 little
875 1503 71 19 more
968 1493 161 39 willingness
1152 1503 67 19 were
1240 1493 137 29 exhibited
1395 1493 28 29 in

778 1536 54 31 this
857 1540 112 35 respect,
998 1537 80 28 fewer
1106 1545 91 20 causes
1221 1537 32 29 of
1280 1535 143 39 complaint

777 1579 89 30 would
879 1578 227 40 unquestionably
1119 1578 75 30 arise.
1234 1578 33 30 In
1281 1578 46 30 the
1343 1578 67 30 forth-

775 1623 109 40 coming
908 1621 122 39 election,
1054 1622 54 31 this
1133 1621 199 31 disinclination
1359 1621 63 34 will,

775 1675 39 20 we
827 1670 113 26 venture
954 1670 28 25 to
1004 1675 54 29 say,
1074 1665 32 32 be
1121 1665 204 40 conspicuously
1340 1665 67 30 maui-

760 1708 3 39 :
774 1708 96 39 fested,
895 1708 51 32 but
971 1721 34 18 oa
1028 1709 59 31 that
1108 1708 69 31 head
1202 1719 38 21 we
1262 1709 67 30 shall
1357 1709 66 29 have

775 1762 71 20 more
872 1755 27 27 to
925 1762 47 30 say
994 1762 36 21 on
1050 1762 16 20 a
1087 1752 89 30 future
1199 1752 128 30 occasion.
1367 1751 56 30 The

774 1795 105 39 subject
901 1795 59 30 that
983 1806 38 19 we
1036 1795 88 30 would
1143 1804 73 21 more
1230 1794 126 40 specially
1370 1794 51 31 call

774 1838 129 31 attention
919 1842 27 27 to
960 1842 28 27 at
1002 1841 108 38 present
1123 1839 22 29 is
1159 1838 46 31 the
1219 1838 132 39 necessity
1366 1837 56 31 that

775 1881 82 30 exists
878 1881 44 29 for
936 1882 125 39 forming,
1077 1881 62 29 with
1147 1885 42 26 jut
1209 1881 87 39 delay,
1319 1891 34 19 an
1367 1880 36 30 Im-

776 1928 156 35 provement
956 1924 163 32 Committee
1133 1925 27 29 in
1185 1924 170 35 Charleston,
1369 1924 52 30 and

774 1966 40 31 for
828 1966 45 31 the
887 1966 72 31 chief
971 1967 121 30 business
1106 1977 62 22 men
1181 1972 28 25 to
1218 1967 62 32 take
1291 1979 16 19 a
1315 1967 108 41 leading

775 2013 66 37 part,
865 2015 49 26 not
937 2010 63 41 only
1022 2011 29 30 in
1071 2012 35 30 its
1123 2011 189 43 composition,
1327 2011 49 31 but
1395 2011 26 31 in

774 2056 35 27 its
829 2054 168 30 foundation.
1036 2055 86 29 There
1145 2056 22 28 is
1190 2066 15 18 a
1219 2055 131 28 mistaken
1363 2055 60 28 idea

758 2095 4 42 I
774 2095 139 40 prevalent
927 2096 58 30 that
999 2096 46 31 the
1059 2097 63 40 only
1136 2107 48 21 use
1195 2096 31 30 of
1237 2106 33 21 an
1286 2096 119 40 Improve-

776 2142 74 28 ment
861 2140 161 31 Committee
1036 2140 22 30 is
1072 2145 27 26 to
1113 2140 77 32 make
1204 2140 85 38 roads,
1301 2141 54 37 ic,
1371 2140 52 30 and

774 2182 114 40 thereby
912 2183 158 40 necessarily
1091 2190 46 25 tax
1160 2185 45 30 the
1229 2184 108 39 public;
1374 2184 49 29 but

776 2225 60 37 this,
865 2226 104 40 though
991 2237 16 19 a
1033 2227 129 35 material,
1187 2229 24 28 is
1231 2227 63 40 only
1317 2237 15 20 a
1346 2227 77 30 small

774 2269 104 39 portion
906 2270 30 30 of
954 2269 46 31 the
1023 2269 89 33 duties
1133 2270 60 32 that
1216 2270 113 32 devolve
1350 2281 36 20 on
1408 2281 16 19 a

774 2311 71 41 body
868 2312 29 31 of
919 2313 53 31 this
996 2313 74 31 kind.
1110 2316 39 29 As
1173 2314 156 31 Charleston
1350 2316 23 29 is
1396 2320 28 25 at

774 2360 107 34 present
900 2356 175 39 constituted,
1091 2357 21 30 it
1126 2359 29 35 is,
1172 2359 31 30 of
1221 2368 99 26 course,
1336 2362 48 26 out
1397 2359 30 28 of

774 2397 45 31 the
845 2401 123 37 question
994 2404 29 26 to
1049 2400 89 31 dream
1159 2401 30 30 of
1209 2401 181 39 establishing
1409 2411 15 18 a

774 2442 197 40 municipality,
986 2443 122 31 however
1126 2443 130 31 desirable
1275 2443 65 30 such
1356 2443 68 30 civic

774 2485 169 31 institutions
957 2497 61 27 may
1032 2486 41 38 be,
1085 2487 53 30 and
1153 2487 46 31 the
1213 2491 64 25 next
1291 2487 61 31 best
1365 2485 45 31 sub-

774 2527 96 31 stitute
881 2527 60 31 that
951 2528 22 30 is
987 2530 163 39 practicable
1164 2530 22 29 is
1197 2528 228 44 unquestionably

773 2580 17 21 a
812 2570 160 33 Committee
995 2573 29 30 of
1046 2574 46 30 the
1110 2573 84 31 above
1217 2573 74 31 kind.
1331 2573 35 30 In
1387 2573 37 30 all

773 2622 81 29 cases,
870 2615 64 38 they
954 2625 45 20 are
1021 2617 161 41 recognised
1199 2626 29 20 as
1240 2617 185 39 representing

773 2655 46 33 the
832 2656 99 43 public,
946 2658 54 32 and
1015 2669 45 21 are
1075 2659 113 32 listened
1202 2664 28 26 to
1242 2658 65 33 with
1321 2664 104 34 respect

773 2700 52 30 and
845 2701 143 39 attention,
1004 2702 28 29 iu
1056 2712 58 21 case
1138 2705 29 28 of
1188 2703 155 32 reasonable
1357 2713 51 19 com-

773 2741 86 40 plaint
883 2742 82 42 being
987 2745 76 29 inade
1079 2747 27 27 in
1120 2747 156 28 connection
1290 2745 64 30 with
1369 2756 54 29 any

774 2784 91 41 public
885 2791 105 27 matter.
1037 2789 35 29 So
1094 2787 40 31 far
1155 2788 66 30 from
1242 2787 71 30 their
1334 2788 92 32 duties

774 2828 79 41 being
874 2830 123 31 confined
1016 2835 29 25 to
1059 2841 70 20 mere
1144 2831 89 40 public
1247 2830 95 38 works,
1358 2830 66 40 they

772 2872 99 30 extend
894 2878 29 24 to
938 2885 79 27 every
1039 2876 125 36 question
1187 2876 29 29 in
1235 2874 97 35 which,
1346 2884 29 18 or
1389 2873 35 39 by

774 2914 93 37 which,
882 2915 46 31 the
943 2916 58 31 best
1014 2916 124 32 interests
1152 2918 29 28 of
1196 2918 46 29 the
1256 2916 108 40 locality
1378 2926 45 21 are

772 2956 122 31 affe-.ted.
948 2959 73 30 Such
1047 2961 175 30 Committees
1247 2960 79 29 stand
1346 2969 28 20 as
1400 2959 23 30 it

773 3010 68 21 were
870 2998 121 36 between
1017 3002 46 31 the
1089 3006 184 28 Government
1298 3002 54 31 and
1376 3003 46 29 the

772 3043 98 39 public,
905 3045 53 29 and
993 3055 80 33 many
1099 3047 87 39 places
1218 3047 66 29 have
1314 3045 108 40 already

772 3087 95 41 reaped
882 3086 47 32 the
943 3089 100 30 reward
1054 3090 28 29 of
1096 3089 72 32 their
1181 3089 101 41 unpaid
1296 3089 124 31 services.

771 3129 74 32 Look
877 3137 28 25 at
937 3132 47 31 the
1014 3137 97 28 streets
1152 3133 29 32 of
1217 3133 131 30 tlokitika
1380 3134 43 29 for
1423 3129 4 36 1

771 3174 120 39 example
903 3186 6 24 ;
939 3177 72 28 what
1029 3187 69 19 were
1120 3177 65 39 they
1209 3177 49 29 but
1273 3187 16 19 a
1303 3177 120 29 network

770 3217 30 29 of
821 3216 64 41 bogs
906 3219 54 29 and
979 3219 103 40 pitfalls
1095 3220 42 30 till
1157 3220 45 30 the
1222 3220 203 41 Improvement

771 3260 160 32 Committee
952 3273 69 20 were
1046 3264 110 38 elected,
1178 3264 54 29 and
1253 3264 76 31 made
1343 3263 76 41 good,

771 3302 57 31 firm
851 3307 97 29 streets
970 3306 41 29 for
1033 3307 82 30 traffic
1126 3312 27 26 to
1176 3317 61 32 pass
1250 3318 72 20 over.
1362 3307 58 32 The

769 3346 162 41 advantages
954 3349 134 31 derivable
1112 3353 68 27 from
1202 3352 54 28 this
1272 3350 92 41 body's
1377 3361 29 19 ex-

770 3389 108 40 ertions,
891 3401 48 21 can
960 3392 63 41 only
1037 3393 32 31 be
1090 3393 83 41 really
1193 3393 170 43 appreciated
1385 3393 35 42 by

770 3433 47 32 the
837 3434 171 43 involuntary
1032 3438 137 30 mudlarks
1185 3440 58 28 who
1263 3438 156 29 floundered

770 3476 117 40 through
924 3479 45 29 the
995 3483 97 28 streets
1118 3480 74 40 prior
1217 3485 28 25 to
1266 3480 150 33 formation.

771 3519 38 30 As
823 3523 28 27 to
863 3521 121 31 taxation
998 3521 28 32 in
1044 3523 156 31 connection
1214 3523 66 31 with
1297 3525 83 36 them,
1395 3523 23 35 it

771 3566 70 28 must
855 3563 32 31 be
908 3567 182 31 remembered
1103 3567 60 30 that
1176 3567 22 29 it
1211 3567 23 29 is
1247 3567 63 41 only
1323 3567 80 30 volun-

770 3609 67 36 tary,
851 3608 55 30 and
932 3609 60 30 that
1004 3620 37 20 no
1054 3621 51 20 one
1117 3611 24 29 is
1154 3611 147 39 compelled
1315 3614 28 26 to
1357 3621 45 20 con-

771 3649 99 32 tribute
896 3654 29 27 to
950 3662 52 30 any
1030 3654 73 31 work
1129 3654 115 41 thought
1271 3664 143 31 necessary,

769 3695 142 41 excepting
936 3696 35 39 by
998 3696 42 31 his
1063 3709 61 19 own
1148 3704 127 32 consent;
1302 3699 65 29 then
1384 3700 32 29 he

767 3737 68 39 only
844 3747 66 32 pays
922 3743 28 25 at
964 3739 47 29 the
1024 3741 106 30 outside
1141 3741 115 30 one-half
1270 3741 31 31 of
1311 3741 46 31 the
1371 3750 43 22 ex>

767 3781 143 36 penditure
923 3787 28 25 to
964 3782 120 39 improve
1098 3784 41 30 his
1150 3794 59 20 own
1223 3789 127 35 property
1362 3784 52 33 and

767 3832 58 20 own
838 3823 132 35 business,
981 3825 43 31 for
1037 3826 47 30 the
1098 3829 182 29 Government
1294 3828 27 30 in
1335 3838 61 20 ever
1396 3826 17 41 j

766 3874 57 21 case
837 3866 69 31 have
919 3868 81 39 given
1014 3879 29 20 as
1056 3869 80 30 much
1150 3874 28 25 to
1191 3871 55 30 this
1259 3871 53 30 end
1326 3881 27 20 as
1367 3871 46 31 has

766 3908 67 31 beeu
855 3910 88 32 raised
967 3910 36 40 by
1025 3913 103 38 private
1151 3915 189 38 subscription,
1360 3914 52 32 and

765 3952 87 41 surely
875 3963 35 23 no
933 3964 50 22 one
1008 3956 91 32 would
1123 3956 112 32 hesitate
1249 3964 28 24 to
1297 3958 61 39 give
1373 3960 38 30 his

764 3997 78 29 share
855 4008 34 19 on
901 3999 66 29 such
980 4004 90 25 terms.
1110 4001 43 28 On
1166 4002 45 28 the
1226 4001 105 34 Pakihi,
1343 4001 51 30 how-

764 4048 67 28 ever,
846 4039 23 31 it
891 4041 24 29 is
936 4043 115 39 scarcely
1073 4042 83 41 likely
1171 4044 59 31 that
1251 4055 52 32 any
1317 4046 80 30 contri-

764 4081 108 32 butions
903 4085 69 29 wold
1005 4086 33 30 be
1064 4088 130 39 required,
1226 4087 108 42 beyond
1364 4088 45 34 the

763 4126 101 40 trifling
877 4126 92 39 outlay
983 4128 101 31 needed
1104 4135 27 23 to
1145 4141 74 31 carry
1233 4141 35 19 on
1280 4132 46 30 the
1340 4132 55 31 busi-

764 4178 61 21 ness
838 4179 6 26 ;
861 4169 50 30 but
924 4170 46 30 the
983 4171 159 31 Committee
1153 4174 87 29 would
1253 4174 67 31 have
1331 4184 76 33 many

762 4216 78 35 great
870 4214 144 38 questions,
1049 4214 37 31 all
1123 4216 147 41 important
1304 4222 29 27 to
1365 4219 41 37 thf

762 4254 194 33 advancement
969 4257 31 32 of
1015 4257 44 32 the
1072 4258 116 38 district,
1201 4264 27 27 to
1242 4261 102 31 discuss
1357 4261 49 34 and

763 4298 93 30 decide
869 4309 35 20 on
915 4310 7 26 ;
941 4301 53 29 and
1010 4301 22 28 if
1044 4311 36 19 an
1092 4304 86 30 active
1192 4304 53 28 and
1258 4304 147 40 intelligent

762 4344 40 27 set
816 4341 31 31 of
856 4351 62 22 men
932 4342 56 32 will
1010 4342 62 43 only
1086 4344 63 33 take
1163 4346 69 31 local
1251 4348 87 30 affairs
1352 4350 51 29 ink
1403 4341 2 44 1

762 4383 72 33 their
853 4384 125 42 keeping,
1001 4388 64 37 they
1088 4388 56 31 will
1171 4389 148 41 advantage
1340 4391 63 33 bott

762 4426 157 31 themselves
928 4428 53 31 and
990 4429 45 30 the
1046 4430 132 33 residents
1188 4443 35 20 on
1245 4433 46 30 the
1300 4429 102 37 Pakihi

763 4468 75 43 Why
860 4470 96 31 should
979 4471 157 33 Charleston
1159 4478 50 28 not
1231 4476 68 30 have
1312 4478 66 30 such
1392 4488 9 21 t

761 4512 69 43 body
844 4523 30 21 as
887 4514 60 31 well
967 4525 29 21 as
1012 4516 139 42 Brighton.
1192 4519 28 32 It
1240 4520 62 42 only
1322 4527 78 30 want*

760 4567 72 20 some
847 4569 51 21 one
908 4565 27 23 to
945 4561 151 30 start—the
1106 4562 73 30 work
1190 4564 90 30 would
1288 4565 112 40 speedilj

760 4598 32 32 be
806 4600 76 38 done,
893 4602 55 29 and
957 4602 45 29 the
1015 4604 69 37 good
1096 4605 89 30 effects
1194 4605 90 31 would
1294 4607 82 39 quid:
1379 4607 20 42 1)

760 4642 95 31 follow.
893 4645 50 30 Let
966 4655 31 20 us
1020 4644 69 43 hope
1109 4647 59 31 that
1192 4649 74 30 there
1279 4649 23 30 is
1316 4650 82 41 public

758 4685 77 41 spirit
857 4686 63 32 here
943 4688 134 32 sufficient
1098 4694 29 26 to
1148 4696 47 34 get
1214 4692 23 30 it
1250 4692 86 37 afloat,
1352 4704 44 20 auc

757 4727 59 31 that
838 4729 22 30 it
880 4731 54 29 will
958 4731 31 29 be
1013 4732 156 32 manifested
1185 4735 113 30 without
1311 4736 52 30 loss
1376 4747 18 20 o

757 4770 72 31 time.

790 4889 55 31 The
859 4896 86 26 escort
959 4893 86 31 which
1061 4894 89 31 lefUn
1168 4895 164 42 Wednesday
1347 4897 50 31 last

752 4930 43 32 for
807 4933 61 30 Wes
870 4939 8 15 f
882 4941 58 32 port
962 4938 134 38 conveyed
1121 4939 81 31 2,001)
1226 4950 98 22 ounces
1335 4941 62 39 gold

752 4975 42 30 for
807 4977 45 30 the
867 4977 75 32 ttank
957 4981 30 28 of
999 4981 66 29 .New
1081 4981 124 37 Zealand,
1227 4983 44 30 the
1285 4986 112 37 produce

750 5017 31 32 of
793 5019 157 33 Charleston
966 5023 110 31 district.

787 5062 52 30 We
865 5073 45 19 are
941 5064 61 39 glad
1036 5071 27 25 to
1094 5076 137 22 announce
1263 5069 61 34 that
1343 5072 52 34 Mr»

748 5102 111 41 Carroli,
882 5106 57 32 who
960 5108 84 41 lately
1064 5111 138 32 sustained
1222 5115 66 28 su.h
1303 5126 94 20 severe

747 5147 110 37 injuries
871 5153 28 26 at
912 5150 46 29 the
982 5152 99 29 Albion
1108 5153 89 30 Hotel,
1218 5155 22 28 is
1254 5165 35 19 no
1304 5155 91 40 longer

746 5188 28 31 in
788 5201 15 19 a
828 5191 42 31 da<
883 5202 95 31 geroua
1004 5200 75 33 .-tate,
1107 5195 102 42 though
1230 5209 73 21 s<»me
1329 5202 65 31 time

732 5235 2 52 j
746 5239 70 25 must
830 5235 89 40 elapse
932 5249 45 19 ere
999 5238 31 30 Lc
1056 5239 53 31 will
1131 5241 68 37 fully
1225 5252 106 21 recover
1343 5245 50 30 the

744 5276 91 32 effcetd
850 5280 30 29 of
891 5279 44 31 the
950 5280 75 32 blow.

793 5321 103 32 Should
937 5323 45 30 the
1032 5325 115 31 weather
1182 5337 83 32 prove
1305 5330 73 40 propi-

741 5363 80 39 tious,
846 5365 50 32 Mr.
924 5365 110 35 Bartine
1063 5368 53 32 will
1150 5370 161 42 accomplish
1347 5374 41 30 his

732 5400 1 55 '
740 5407 93 41 daring
849 5410 55 30 fent
918 5411 32 29 of
966 5412 119 40 crossing
1108 5412 131 32 Constant
1254 5416 56 39 Bay
1324 5427 35 21 on
1375 5427 14 20 a
1396 5400 1 55 I

738 5451 87 41 single
841 5452 61 33 wire
916 5464 60 31 rope
988 5459 150 28 to-morrow
1152 5457 148 32 afternoon.

1470 168 173 40 Newspapers
1671 170 53 30 will
1750 171 27 29 in
1799 171 89 33 future
1916 174 31 29 be
1961 175 113 39 charged
2084 161 3 58 j

1433 220 49 19 one
1496 220 89 32 penny
1597 212 67 30 from
1676 213 68 30 New
1755 214 126 38 Zealand,
1893 216 44 30 via
1948 218 125 39 Panama,
2085 212 2 47 |

1434 252 53 31 aud
1501 257 134 34 twopence
1649 256 67 29 from
1731 257 81 30 Great
1830 257 109 33 Britain.

1472 295 82 30 There
1568 306 42 20 are
1624 297 50 30 few
1697 298 78 30 items
1798 301 29 29 of
1849 301 172 42 intelligence
2041 303 37 43 by
2087 295 3 51 i

1437 337 44 31 the
1497 337 137 42 Earopean
1649 341 64 31 mail
1727 342 86 31 which
1834 345 53 30 will
1913 346 32 32 be
1959 330 131 49 received!

1439 381 63 30 with
1518 383 64 29 such
1596 383 125 31 heartfelt
1734 396 97 20 sorrow
1854 397 27 20 as
1895 390 46 28 the
1956 393 123 37 reported

1439 424 81 29 death
1533 424 28 30 of
1586 426 43 29 the
1653 431 75 35 great
1754 428 108 33 African
1888 432 129 40 explorer,
2033 434 45 31 Dr.
2089 424 1 48 I

1442 466 184 42 Livingstone.
1666 470 55 29 The
1744 471 182 37 information,
1941 475 21 30 it
1977 477 21 29 is
2013 481 66 35 true,
2089 464 1 52 I

1441 511 48 29 has
1511 515 47 24 not
1580 511 65 30 been
1669 515 151 37 confirmed,
1845 517 47 29 but
1916 518 20 30 it
1955 519 23 29 is
1993 503 97 50 feared!

1442 553 58 30 that
1513 554 45 29 the
1570 562 92 32 report
1677 557 22 29 is
1720 564 46 24 not
1789 559 112 31 without
1914 561 167 40 foundation,

1443 598 52 29 and
1509 597 57 30 that
1581 607 39 22 we
1642 598 69 32 shall
1738 601 65 30 have
1817 606 28 27 to
1866 603 93 32 bewail
1974 607 45 30 the
2033 609 51 29 loss

1445 640 28 29 of
1484 650 49 19 one
1546 640 59 30 who
1619 640 48 31 has
1680 644 111 29 worked
1815 645 61 39 long
1890 647 51 30 and
1955 650 130 40 manfully

1446 682 27 29 in
1487 682 46 29 the
1547 693 74 19 cause
1635 684 27 28 of
1685 684 170 34 civilization.
1916 690 43 31 He
1982 692 23 29 is
2024 704 47 21 sun-

1448 725 80 39 posed
1553 730 27 24 to
1605 725 66 30 have
1698 727 66 31 been
1790 728 84 32 killed
1899 732 27 30 in
1953 745 73 22 some
2047 748 28 19 en-

1446 772 110 27 counter
1568 768 65 30 with
1647 769 45 30 the
1706 772 101 30 natives
1821 774 27 28 in
1863 774 105 31 Central
1985 779 101 33 Africa.

1486 811 106 40 During
1613 812 46 30 the
1679 823 71 20 same
1764 816 82 36 week,
1861 817 45 30 the
1927 829 90 22 rumor
2037 834 51 18 was

1446 855 96 39 spread
1565 854 28 31 of
1615 865 33 20 an
1671 856 178 33 insurrection
1870 861 27 28 in
1913 859 99 46 Kerry.
2053 866 36 30 At

1447 898 55 31 first
1516 898 45 31 the
1575 898 112 30 number
1697 899 27 29 of
1738 899 151 40 insurgents
1897 914 53 20 was
1964 910 123 36 reported

1448 949 26 22 to
1500 942 32 29 be
1555 942 81 29 about
1666 941 87 40 1500;
1779 944 109 41 quickly
1911 957 28 20 as
1958 950 46 29 the
2022 951 66 32 facts

1448 995 66 21 were
1538 983 172 40 ascertained,
1724 985 23 29 it
1769 987 98 30 melted
1881 990 78 31 down
1973 993 42 31 till
2029 1005 60 21 now

1447 1028 21 30 it
1481 1037 110 32 appears
1605 1026 75 32 there
1694 1038 66 21 were
1774 1039 78 22 never
1871 1042 71 23 more
1956 1035 66 32 than
2040 1040 49 29 100

1447 1082 30 19 or
1504 1071 51 29 150
1582 1080 66 19 men.
1702 1071 56 30 The
1784 1073 86 31 whole
1894 1075 102 42 history
2014 1081 76 29 reads

1447 1113 54 32 like
1528 1124 16 19 a
1567 1112 107 31 martial
1688 1114 104 32 version
1812 1116 31 30 of
1866 1117 44 30 the
1925 1122 16 14 «'
1951 1123 138 32 mountain

1446 1157 53 31 and
1513 1157 44 31 the
1714 1157 55 38 but,
1785 1160 81 30 taken
1877 1161 27 30 in
1919 1165 169 39 conjunction

1448 1201 64 29 with
1534 1200 46 30 the
1603 1200 171 40 proceedings
1787 1206 29 26 at
1830 1204 116 31 Chester
1959 1210 53 27 and
2026 1210 55 31 else

1448 1244 92 35 where,
1565 1242 23 30 it
1610 1242 88 30 would
1719 1253 72 20 seem
1814 1246 59 29 that
1897 1258 34 21 an
1954 1252 136 32 extensive

1446 1289 152 28 movement
1619 1295 52 20 was
1694 1289 207 40 contemplated,
1922 1292 94 38 which,
2040 1296 50 30 but

1449 1329 41 30 for
1502 1328 92 40 timely
1606 1328 165 39 frustration,
1787 1331 130 43 although
1931 1339 51 27 not
1995 1338 95 33 within

1446 1373 48 30 the
1517 1371 105 31 shadow
1646 1372 28 29 of
1693 1385 15 18 a
1721 1374 96 30 chance
1833 1376 29 29 of
1879 1388 109 28 success,
2004 1381 86 37 might

1446 1416 67 30 have
1538 1415 96 32 caused
1659 1426 71 21 some
1755 1417 147 36 bloodshed
1927 1422 54 32 and
2013 1426 77 31 mu.-h

1446 1460 159 38 irreparable
1617 1458 127 33 misch'ef.

1484 1503 38 30 At
1536 1502 45 31 the
1593 1502 108 38 inquest
1722 1504 63 32 held
1809 1515 73 32 upon
1906 1507 45 29 the
1964 1507 127 33 deceased

1447 1546 73 30 Isnaj
1541 1545 141 38 Saunders,
1705 1547 59 30 who
1786 1558 53 20 was
1853 1549 128 31 drowned
1997 1552 36 40 by
2046 1553 45 29 the

1445 1589 149 40 swamping
1607 1589 30 29 of
1646 1589 45 30 the
1701 1589 64 32 boat
1777 1593 149 39 conveying
1935 1604 156 28 passengers

1446 1642 33 20 on
1494 1631 82 31 board
1590 1631 43 30 the
1648 1636 112 27 steamer
1774 1635 158 39 Southland,
1952 1636 29 30 in
1994 1638 86 31 Wood

1446 1674 95 41 pecker
1567 1674 65 40 Bay,
1659 1686 35 20 on
1720 1676 47 31 the
1794 1678 67 31 20th
1883 1679 72 37 inst.,
1971 1682 45 30 the
2026 1682 64 39 jury

1447 1717 127 32 returned
1587 1728 16 21 a
1616 1719 101 31 verdict
1732 1721 28 29 of
1772 1721 148 32 accidental
1934 1724 89 37 death,
2038 1726 51 30 and

1446 1761 63 29 held
1531 1761 47 31 the
1604 1762 124 31 boatmen
1751 1766 119 37 engaged
1892 1772 109 36 exempt
2021 1768 66 30 from

1446 1804 87 32 blame
1547 1804 26 30 in
1588 1804 45 31 the
1648 1810 103 27 matter.
1801 1806 80 32 From
1895 1809 45 30 the
1954 1811 133 39 evidence,

1446 1849 21 28 it
1480 1848 97 39 clearly
1590 1850 130 37 appeared
1743 1848 61 32 that
1826 1850 46 31 the
1896 1854 118 30 weather
2036 1865 53 20 was

1445 1891 170 40 exceedingly
1628 1891 190 39 unfavorable;
1840 1898 28 26 at
1879 1895 46 31 the
1939 1907 72 21 same
2026 1898 64 30 time

1445 1935 21 29 it
1480 1945 54 19 was
1546 1934 89 30 shown
1649 1935 60 30 that
1722 1936 47 31 the
1783 1937 34 29 bo
1825 1941 21 26 it
1859 1948 54 22 was
1928 1942 160 30 overturned

1447 1979 33 38 by
1507 1978 46 30 the
1577 1989 155 29 passengers
1757 1980 115 40 rushing
1896 1987 29 26 to
1951 1994 50 21 one
2023 1985 63 31 side.

1449 2022 24 29 11
1477 2022 33 30 ad
1524 2021 61 40 they
1609 2023 136 38 preserved
1758 2023 71 39 good
1852 2026 86 35 order,
1952 2027 75 31 there
2040 2040 49 18 can

1447 2065 31 28 be
1492 2064 69 29 little
1575 2065 84 28 doubt
1682 2065 49 29 but
1754 2066 59 28 that
1827 2077 80 30 every
1929 2070 59 29 soul
2002 2071 78 30 woul'
2084 2064 4 43 1

1447 2105 66 32 have
1537 2107 67 32 been
1630 2107 87 32 saved.
1766 2108 57 32 The
1841 2109 74 43 jury,
1941 2112 27 32 in
1982 2124 16 20 a
2011 2114 77 38 rider,

1446 2152 203 30 recommended
1675 2152 46 30 the
1746 2154 192 38 appointment
1964 2157 28 30 of
2018 2168 73 21 some

1447 2204 52 21 oue
1513 2197 26 27 to
1553 2194 121 40 regulate
1688 2194 48 32 the
1751 2195 84 31 boats'
1849 2207 83 22 crews
1945 2203 28 27 at
1990 2201 80 31 Wood-

1447 2237 95 40 pecker
1554 2236 65 41 Bay,
1643 2249 28 20 as
1685 2238 109 41 regards
1816 2239 183 45 determining
2012 2245 77 31 when

1446 2281 64 40 they
1524 2281 94 31 should
1631 2293 30 20 or
1674 2281 95 33 should
1785 2288 46 26 not
1845 2295 73 31 carry
1933 2296 159 34 passengers

1447 2330 28 24 to
1489 2324 52 31 and
1564 2324 68 31 from
1659 2325 45 30 the
1727 2330 134 29 steamers.
1914 2330 178 41 Fortunately

1447 2368 41 30 for
1514 2377 31 21 us
1571 2377 39 21 we
1638 2368 64 31 have
1729 2368 54 31 had
1807 2370 46 31 the
1876 2371 62 33 best
1960 2384 61 20 man
2035 2375 57 31 that

1449 2410 78 30 could
1542 2420 38 20 we
1603 2411 102 31 believe
1729 2411 31 30 be
1783 2413 85 30 found
1889 2419 28 26 to
1942 2417 150 31 undertake

1437 2451 1 44 j
1447 2451 77 34 these
1548 2458 110 27 matters
1678 2454 69 36 here,
1771 2456 54 30 and
1847 2458 50 30 but
1911 2458 42 32 for
1976 2460 42 30 his
2032 2472 58 19 care

1447 2496 53 30 and
1513 2496 191 32 watchfulness
1718 2497 27 31 in
1756 2498 158 44 permitting
1927 2502 76 31 boats
2016 2508 29 26 to
2059 2514 33 31 go

1437 2538 1 41 :
1449 2538 113 40 outside,
1586 2549 40 24 we
1647 2540 96 33 should
1756 2540 27 33 in
1806 2544 36 30 all
1865 2544 146 34 likelihood
2025 2548 67 31 have

1437 2577 1 53 j
1446 2582 53 30 had
1525 2587 28 25 to
1578 2584 135 31 chronicle
1752 2596 144 21 numerous
1928 2589 97 31 deaths
2058 2591 36 39 by

1447 2624 146 42 drowning.
1633 2626 46 42 Up
1702 2632 27 26 to
1743 2627 46 32 the
1812 2633 107 36 present
1933 2631 66 34 time
2013 2638 48 27 not
2079 2645 15 19 a

1447 2669 87 40 single
1548 2679 143 29 passenger
1712 2672 47 30 has
1786 2671 53 33 lout
1862 2674 42 31 his
1917 2669 61 40 life.
1985 2681 27 25 at
2028 2678 50 29 Con-

1447 2715 71 27 stant
1532 2712 65 39 Bay,
1618 2712 128 42 although
1761 2714 76 33 there
1856 2717 67 32 have
1937 2718 67 33 been
2019 2730 73 21 some

1447 2754 296 34 wonderfulFAnarrow
1758 2768 115 30 escapes.

1437 2820 14 29 (
1484 2798 28 29 \V
1513 2798 7 14 r
1522 2785 156 51 ej;take\he
1692 2799 139 44 following
1848 2803 69 31 from
1931 2804 47 30 the
2021 2804 73 41 Grey

1446 2838 82 31 River
1551 2834 112 45 Argus*
1689 2843 31 29 of
1749 2843 46 29 the
1821 2845 69 31 23rd
1925 2848 167 31 inst.:—On

1446 2882 111 38 Sunday
1584 2885 113 37 evening
1724 2896 15 19 a
1764 2895 151 31 messenger
1937 2890 103 30 arrived
2065 2891 26 28 in

1437 2918 1 45 I
1445 2927 70 27 town
1530 2925 41 29 for
1583 2926 109 31 medical
1707 2926 145 35 assistance
1862 2936 28 25 to
1900 2941 15 19 a
1925 2942 61 19 man
1997 2933 95 30 named

1446 2967 121 40 Scanlan,
1581 2979 16 20 a
1618 2969 114 33 butcher
1745 2972 116 41 residing
1873 2977 29 28 at
1913 2973 178 44 Eutherglen,

1445 3010 59 31 who
1530 3022 53 19 was
1609 3015 124 38 reported
1760 3018 30 27 to
1805 3017 67 30 have
1892 3018 68 30 been
1974 3020 119 39 severely

1445 3052 111 33 stabbed
1581 3054 37 41 by
1639 3067 90 19 a-man
1745 3060 95 30 named
1863 3060 129 42 Murphy,
2009 3063 54 30 also
2077 3074 15 19 a

1445 3096 121 39 butcher,
1594 3100 118 41 residing
1736 3106 28 26 at
1789 3103 46 32 the
1868 3105 113 32 Cement
2008 3107 80 37 Lead,

1444 3142 119 31 situated
1583 3154 16 18 a
1621 3146 61 28 mile
1696 3156 29 19 or
1748 3151 52 25 two
1816 3153 26 24 to
1856 3149 45 30 the
1915 3151 132 29 eastward
2061 3151 29 29 of

1446 3184 170 41 Rutherglen.
1656 3187 40 31 Dr
1718 3188 118 33 Jackson
1851 3195 27 27 at
1899 3202 66 22 once
1979 3198 40 26 set
2033 3198 54 34 out,

1444 3228 52 31 and
1519 3238 35 31 up
1577 3236 30 24 to
1628 3241 50 19 our
1701 3233 82 40 going
1796 3238 27 26 to
1841 3245 74 29 press
1929 3236 52 31 had
1995 3241 47 26 not
2056 3248 24 19 re-

1444 3272 102 30 turned.
1588 3273 112 40 Reports
1723 3287 68 20 were
1806 3278 50 31 rife
1870 3279 99 42 during
1983 3285 88 36 yester-

1443 3314 53 42 day
1520 3315 60 31 that
1593 3317 44 30 the
1651 3328 60 19 man
1725 3320 112 31 Scanlan
1851 3322 52 30 had
1918 3323 65 31 died
1996 3323 27 31 of
2045 3324 44 30 his

1444 3358 116 37 wounds,
1578 3360 48 29 but
1639 3370 36 21 no
1689 3361 109 32 reliable
1810 3363 173 33 information
1993 3377 52 20 was
2060 3370 28 27 to

1443 3400 71 32 hand
1536 3401 52 32 last
1609 3403 83 41 night.
1734 3406 26 32 It
1780 3408 22 30 is
1822 3409 59 31 said
1899 3409 61 32 that
1976 3410 115 31 Scanlan

1441 3449 72 25 went
1525 3456 63 19 over
1599 3450 27 26 to
1640 3457 42 20 see
1696 3449 127 41 Murphy,
1838 3455 28 27 to
1887 3462 114 28 arrange
2015 3463 73 20 some

1440 3487 122 31 business
1586 3494 107 27 matters
1706 3502 6 26 ;
1741 3492 58 31 that
1812 3504 16 19 a
1842 3495 103 39 quarrel
1967 3497 101 30 ensued
2083 3507 6 27 ;

1440 3531 53 30 and
1512 3530 59 32 that
1594 3533 116 41 Murphy
1732 3537 113 30 stabbed
1867 3538 115 32 Scanlan
2002 3540 28 29 in
2044 3540 45 30 the

1440 3574 137 39 abdomen,
1590 3577 110 42 causing
1712 3578 41 30 his
1762 3580 144 32 intestines
1914 3586 29 26 to
1954 3584 131 38 protrude.

1440 3617 28 30 It
1493 3617 21 30 is
1540 3620 87 30 stated
1651 3621 57 30 that
1729 3622 45 30 the
1791 3624 126 31 assailant
1931 3637 52 19 was
1995 3637 77 30 appre-

1440 3659 104 34 hended
1569 3665 152 39 yesterday,
1750 3666 53 32 and
1829 3670 139 39 conveyed
1994 3673 28 28 to
2041 3670 46 32 the

1440 3704 106 41 lock-up
1572 3712 27 23 at
1626 3708 108 39 Lagoon
1761 3711 151 44 Township,
1938 3714 53 28 and
2018 3714 21 29 it
2063 3716 22 28 is

1438 3746 75 31 since
1534 3750 126 37 reported
1686 3752 59 30 that
1771 3753 46 30 the
1842 3765 63 20 man
1933 3756 114 31 Scanlan
2063 3758 22 29 is

1438 3789 73 31 dead.
1564 3791 52 30 But
1638 3803 30 19 as
1684 3795 75 31 there
1773 3807 111 30 appears
1900 3799 27 29 to
1942 3798 32 30 be
1988 3809 15 20 a
2016 3801 69 38 good

1437 3831 59 33 deal
1510 3833 31 31 of
1550 3834 81 30 doubt
1647 3838 164 40 concerning
1830 3840 47 31 the
1891 3841 85 34 affair,
1993 3852 37 20 we
2045 3854 25 19 re-

1437 3876 67 30 frain
1532 3877 68 31 from
1624 3878 156 44 publishing
1802 3881 36 32 all
1860 3894 39 20 we
1921 3883 69 32 have
2004 3885 81 33 heard

1437 3920 69 29 until
1520 3920 111 31 definite
1645 3923 173 32 information
1832 3927 23 30 is
1869 3930 27 26 to
1911 3927 78 31 hand.

1528 4004 145 33 MINING
1703 4008 285 33 INTELLIGENCE.

1411 4089 1 48 I
1470 4089 56 32 The
1541 4091 92 31 Butler
1646 4093 64 30 rush
1724 4096 54 29 and
1792 4096 47 30 the
1851 4096 95 32 Easter
1961 4097 122 40 holidays

1411 4133 1 48 ■
1433 4133 66 29 have
1523 4134 144 33 interfered
1688 4138 187 41 considerably
1889 4141 66 28 with
1979 4141 104 40 mining

1411 4176 1 47 '
1433 4176 164 41 operations,
1614 4188 17 20 a
1653 4177 71 42 large
1738 4181 114 31 number
1872 4182 100 41 having
1985 4185 97 29 turned

1411 4219 1 42 i
1433 4219 68 31 their
1515 4223 72 38 steps
1610 4222 154 32 northward
1790 4224 76 32 when
1880 4226 45 31 the
1941 4228 56 29 first
2012 4238 70 20 news

1433 4263 111 37 .arrived,
1559 4265 52 29 and
1625 4266 68 29 from
1706 4267 46 29 the
1764 4273 95 26 nature
1870 4271 29 27 of
1911 4271 45 28 the
1969 4272 112 36 ground,

1411 4305 1 50 ;
1431 4305 46 29 the
1491 4305 116 42 sinking,
1623 4309 146 39 excepting
1782 4310 41 31 for
1842 4311 46 32 the
1909 4315 170 40 prospectors

1433 4348 52 30 and
1511 4360 73 21 some
1610 4351 50 29 few
1684 4352 90 31 others
1799 4365 63 20 near
1886 4356 80 36 them,
1982 4356 99 41 having

1430 4392 99 30 turned
1543 4397 48 25 out
1604 4392 95 41 deeper
1712 4395 65 30 than
1797 4398 147 40 expected;
1967 4399 113 40 anyhow

1430 4433 74 31 those
1531 4435 94 40 higher
1647 4447 36 28 up
1706 4438 47 31 the
1778 4439 48 32 hill
1840 4441 54 30 will
1919 4440 68 32 have
2002 4445 28 27 to
2045 4453 34 29 go

1430 4477 78 30 down
1524 4482 27 26 at
1566 4478 68 31 least
1648 4480 54 31 10)
1716 4481 62 36 feet,
1793 4493 30 20 so
1839 4483 61 32 that
1919 4494 35 20 no
1968 4483 111 32 definite

1416 4520 3 48 |
1430 4530 29 21 or
1484 4520 108 33 reliable
1614 4522 174 34 information
1810 4537 60 28 may
1896 4528 33 29 be
1949 4530 129 38 expected

1428 4564 68 29 from
1522 4565 59 30 that
1604 4571 109 34 quarter
1739 4568 41 29 for
1808 4570 130 39 probably
1966 4572 113 29 another

1430 4605 134 42 fortnight
1587 4617 29 20 or
1637 4609 75 31 three
1727 4611 96 36 weeks,
1839 4612 26 29 in
1891 4624 52 28 any
1957 4624 58 20 case
2029 4614 46 31 the

1428 4648 92 32 Buller
1534 4650 53 30 will
1610 4652 63 39 only
1694 4653 68 31 offer
1774 4664 16 20 a
1802 4655 63 30 field
1889 4656 40 29 for
1943 4667 59 20 men
2016 4657 59 31 well

1426 4692 125 40 supplied
1575 4694 65 30 with
1661 4695 87 30 funds.
1799 4698 128 31 Waites's
1945 4700 92 29 Pakihi
2053 4701 22 29 is

1427 4735 168 40 progressing
1617 4737 120 41 steadily,
1753 4740 115 39 offering
1881 4752 15 20 a
1916 4742 51 30 fair
1988 4743 73 30 liveli-

1430 4777 69 31 hood
1520 4783 29 25 to
1571 4778 45 31 the
1638 4781 52 30 few
1703 4783 59 29 who
1776 4782 66 31 have
1857 4790 41 26 set
1915 4786 30 30 in
1959 4790 27 26 to
2001 4786 73 31 work

1412 4820 3 48 J
1425 4820 72 31 there
1520 4821 29 31 in
1572 4823 152 38 preference
1748 4828 28 26 to
1802 4826 45 30 the
1874 4838 59 20 new
1959 4830 111 38 ground.

1411 4863 2 55 |
1424 4863 55 29 The
1492 4864 145 41 generality
1651 4867 31 30 of
1701 4867 45 31 the
1760 4869 104 38 miners,
1880 4870 129 39 however,
2027 4882 30 20 ex-

1411 4907 1 47 i
1424 4917 73 29 press
1510 4907 158 33 themselves
1681 4911 159 30 dissatisfied
1856 4914 67 31 with
1941 4914 44 31 the
2001 4925 56 29 pros-

1411 4945 1 48 '
1424 4955 77 33 pects,
1526 4950 54 31 and
1602 4952 47 31 the
1672 4955 104 38 ground
1797 4955 21 30 is
1839 4956 84 31 found
1936 4962 28 26 to
1979 4957 34 31 be
2029 4968 28 21 ex-

1420 4992 142 42 ceedingly
1585 4996 106 41 patchy.
1731 4997 55 30 The
1808 4998 138 41 goldfields
1971 5000 28 31 in
2019 5012 51 20 our

1411 5028 1 56 I
1420 5045 59 20 own
1505 5036 153 32 immediate
1684 5039 114 38 district,
1825 5042 130 42 although
1988 5044 42 29 for
2055 5054 15 19 a

1411 5077 1 50 |
1419 5078 65 30 time
1506 5078 129 34 obscured
1656 5081 36 39 by
1716 5082 45 33 the
1787 5084 118 33 brilliant
1927 5090 139 37 prospects

1419 5122 85 28 which
1529 5122 46 31 the
1604 5124 90 29 Bailer
1719 5129 132 35 appeared
1877 5133 29 25 to
1927 5130 70 35 offer,
2022 5139 44 20 are

1416 5162 77 41 again
1517 5164 132 42 receiving
1673 5167 44 30 the
1740 5170 132 31 attention
1900 5171 86 31 which
2002 5172 64 40 they

1416 5205 113 38 deserve,
1562 5209 51 30 and
1639 5210 99 41 during
1761 5212 44 31 the
1840 5219 58 33 pnst
1934 5220 44 25 ten
2002 5217 65 37 days

1414 5259 72 20 some
1507 5251 134 30 hundreds
1656 5254 29 29 of
1706 5256 112 28 arivV-,
1835 5257 68 31 from
1920 5258 42 31 the
1978 5259 85 30 North

1414 5292 68 31 have
1508 5299 38 24 set
1571 5296 23 28 in
1619 5300 27 26 to
1663 5298 78 30 worL
1784 5299 76 31 F:om
1875 5301 44 29 the
1934 5312 57 20 now
2006 5303 59 29 lead

1413 5348 25 18 a,.
1467 5346 43 20 LiU
1535 5348 55 19 re.r
1614 5341 29 28 of
1667 5341 44 28 the
1741 5341 120 32 Djrkie's
1889 5343 110 33 Terraca
2018 5346 45 30 the

1412 5382 103 37 reports
1541 5391 43 20 are
1607 5383 136 40 generally
1760 5385 143 39 favorable,
1920 5389 52 29 and
1988 5389 76 30 there

1411 5422 21 30 is
1455 5432 78 19 ev-rv
1555 5425 133 40 certainty
1710 5428 28 28 of
1760 5428 35 30 its
1820 5430 113 39 turning
1956 5436 47 25 out
2017 5443 30 20 ex-

1411 5466 138 39 ceedingly
1574 5468 66 29 well.
1683 5469 16 29 A
1730 5470 69 29 little
1823 5476 28 24 to
1873 5472 46 31 the
1939 5475 82 29 south
2035 5475 31 30 of

2099 175 45 30 the
2166 175 124 33 Darkie's
2311 178 109 31 Terrace
2443 189 15 20 a
2480 179 70 40 good
2575 180 114 30 number
2702 191 35 21 an

2101 219 120 39 working
2246 221 46 29 the
2318 226 113 31 cement,
2445 226 26 25 at
2483 233 16 19 a
2518 223 82 39 depth
2614 223 27 29 of
2665 223 70 32 abou

2101 264 54 26 two
2178 261 60 38 feet,
2262 264 53 28 and
2338 264 135 40 knocking
2497 270 46 24 out
2565 266 71 38 good
2654 276 85 30 wages

2102 303 26 31 in
2144 303 68 41 spite
2226 305 29 30 of
2263 306 46 30 the
2323 307 101 30 serious
2437 312 110 26 amount
2561 308 25 31 of
2607 308 74 31 labor
2696 320 41 22 em

2103 348 97 39 ployed
2224 350 28 29 in
2275 351 127 40 crushing
2419 352 48 29 the
2493 351 81 30 wash.
2626 353 52 29 For
2697 364 44 29 an]

2104 391 179 40 enterprising
2309 402 101 29 person,
2440 404 16 19 a
2481 393 136 31 first-class
2637 387 106 48 openini

2105 433 76 30 offers
2203 438 26 26 to
2254 435 79 41 bring
2356 447 33 19 an
2412 437 104 41 engine,
2532 437 52 31 and
2608 438 76 30 crush
2705 439 38 30 tin

2106 483 107 25 cement
2236 478 42 30 for
2301 480 45 28 the
2360 480 104 33 miners,
2480 481 59 30 who
2554 482 88 29 would
2661 482 83 39 gladh

2107 520 68 29 avail
2196 520 157 32 themselves
2374 524 28 28 of
2424 524 47 30 the
2494 525 183 35 convenience,
2697 537 48 19 ant

2109 563 59 30 who
2182 564 79 30 could
2275 565 94 35 afford,
2384 566 144 39 doubtless,
2543 571 27 26 to
2591 578 51 29 pay
2655 579 15 18 a
2685 579 61 30 goot

2109 607 70 37 price
2201 618 45 29 per
2267 608 70 30 load.
2378 609 84 30 There
2484 621 43 18 are
2547 611 135 30 countless
2696 617 50 24 ton:

2111 649 27 28 of
2157 649 53 29 this
2234 650 143 30 indurated
2392 652 67 30 sand
2472 653 59 29 that
2546 653 87 30 would
2647 654 63 30 thus
2723 654 24 30 b<

2113 691 76 29 made
2212 699 26 22 to
2271 703 51 30 pay
2346 703 63 28 very
2432 694 183 41 handsomely,
2638 697 52 30 and
2717 708 31 19 wt

2114 739 70 25 trust
2210 746 63 30 very
2297 736 103 40 shortly
2414 743 27 24 to
2464 749 43 20 see
2522 739 54 30 this
2598 739 103 31 scheme
2715 740 34 31 foi

2115 778 139 39 profitably
2270 780 119 39 working
2402 791 15 19 a
2431 781 67 30 wide
2512 793 61 19 area
2596 784 28 28 of
2643 788 106 26 eountn

2113 819 98 30 carried
2226 825 53 26 out.
2320 823 38 28 As
2372 833 38 19 we
2429 825 123 37 reported
2565 824 27 30 in
2606 836 15 18 a
2635 826 114 39 previou:

2114 863 77 37 issue,
2219 868 97 37 strong
2343 865 82 40 hopes
2448 877 44 20 are
2514 867 55 31 still
2592 868 158 32 entertainec

2114 906 58 28 that
2192 917 16 17 a
2228 907 142 30 lead—the
2384 910 185 29 continuation
2590 912 28 27 of
2640 912 110 29 Fox's—

2114 947 54 31 will
2189 948 32 30 be
2241 950 89 29 traced
2351 951 57 30 into
2429 952 44 29 the
2487 952 67 31 back
2572 958 129 33 terraces;
2722 954 24 31 al

2115 992 52 29 this
2182 997 78 28 must,
2274 993 130 36 however,
2417 993 33 32 be
2463 1005 16 19 a
2492 996 71 29 work
2578 997 30 30 of
2619 998 72 30 time.
2732 998 13 28 I
2754 992 8 37 1

2114 1039 98 25 cannot
2240 1035 31 30 be
2304 1038 128 37 expected
2463 1038 49 29 but
2544 1039 59 29 that
2635 1051 15 19 a
2681 1040 66 30 smal

2114 1077 124 38 minority
2250 1079 27 28 of
2291 1079 96 29 miners
2397 1090 43 19 are
2450 1080 101 40 willing
2562 1085 28 27 to
2601 1085 74 27 enter
2683 1092 67 32 upor

2115 1119 67 40 deep
2202 1119 115 41 sinking,
2332 1121 138 43 including
2489 1124 35 29 all
2546 1124 45 31 the
2614 1126 90 39 outlay
2718 1126 33 31 foi

2115 1164 130 37 material,
2259 1165 52 30 loss
2325 1166 30 29 of
2374 1166 71 36 time,
2461 1167 52 29 and
2536 1168 54 29 risk
2605 1169 27 28 of
2652 1169 96 30 failure

2115 1206 76 29 when
2205 1207 71 37 good
2286 1209 201 38 wages-ground
2501 1219 61 28 may
2572 1210 33 29 be
2617 1220 29 19 so
2658 1211 93 39 readily

2115 1248 91 36 found,
2221 1249 128 39 although
2370 1251 45 29 the
2438 1251 92 39 prizes,
2546 1252 95 30 should
2661 1253 64 30 such
2744 1273 7 10 «

2116 1291 59 29 lead
2200 1301 29 19 as
2255 1290 79 32 Fox's
2360 1293 33 31 be
2424 1294 99 35 struck*,
2558 1305 42 20 are
2631 1297 124 39 certainty

2116 1333 84 31 worth
2226 1334 65 31 both
2314 1336 105 31 trouble
2442 1338 53 29 and
2516 1338 91 42 outlay
2621 1343 27 26 to
2666 1350 92 20 secure

2115 1377 81 30 them.
2236 1378 55 30 The
2312 1379 109 30 shallow
2436 1380 141 41 workings,
2598 1382 162 41 comprising

2116 1432 15 19 a
2144 1421 68 30 wide
2226 1425 94 28 extent
2333 1423 28 30 of
2383 1428 113 35 country
2509 1424 29 31 in
2553 1426 43 29 the
2610 1425 109 41 vicinity
2734 1428 28 29 of

2115 1465 45 28 the
2174 1465 141 39 township,
2331 1466 52 29 and
2405 1478 15 18 a
2442 1468 114 28 number
2569 1468 29 29 of
2619 1468 75 30 leads
2708 1470 53 28 and

2117 1507 142 37 workings,
2293 1508 36 29 all
2369 1519 106 30 appear-
2498 1512 29 28 to
2569 1510 33 30 be
2634 1512 128 38 resulting

2116 1548 198 42 satisfactorily,
2326 1550 46 31 the
2384 1552 54 28 late
2450 1552 70 30 rains
2530 1552 100 42 having
2640 1555 122 40 supplied

2116 1591 44 30 the
2175 1592 98 31 miners
2287 1593 64 30 with
2374 1598 90 30 water,
2479 1595 45 30 the
2539 1600 70 24 want
2623 1597 28 28 of
2675 1598 87 30 which

2116 1634 51 30 had
2181 1645 28 19 so
2224 1635 63 40 long
2308 1637 156 39 previously
2487 1637 72 32 been
2571 1648 16 20 a
2599 1640 105 38 ground
2725 1641 37 29 for

2116 1678 164 30 discontent.

2308 1785 268 33 ARRIVAL

2396 1876 31 18 OF
2443 1877 50 18 THE

2116 1940 353 43 ENGLISH
2559 1945 203 40 MAIL

2307 2037 45 24 AT
2374 2038 69 24 THE
2465 2039 115 25 BLUFF.

2217 2180 54 44 [By
2293 2183 142 31 Electric
2455 2185 202 44 Telegriph.]

2142 2349 83 32 (From
2237 2350 40 26 the
2289 2351 74 26 Guey
2379 2351 83 26 River
2482 2352 87 26 Abgus
2580 2353 26 26 of
2616 2353 70 35 April
2698 2356 44 31 23.)

2154 2429 41 41 By
2208 2430 46 32 the
2270 2430 101 32 P.N.Z.
2387 2432 55 30 and
2462 2431 101 33 A.S.N.
2579 2433 60 31 Go's
2652 2438 117 28 steamer

2118 2482 157 39 Rangitoto,
2298 2493 41 21 we
2353 2483 68 31 have
2441 2484 69 30 later
2533 2485 75 30 dates
2629 2488 29 28 to
2672 2486 95 32 March

2121 2534 41 31 11.

2155 2591 59 29 The
2235 2594 77 37 great
2336 2592 108 30 Reform
2458 2597 151 26 movement
2622 2594 143 32 continues

2117 2638 29 27 to
2159 2635 101 38 agitate
2275 2634 47 31 the
2335 2640 120 36 country,
2471 2637 53 28 and
2545 2648 141 19 numerous
2699 2649 69 20 mass

2118 2678 133 38 meetings
2272 2678 66 30 have
2361 2679 66 30 been
2451 2679 64 30 held
2535 2680 27 29 in
2579 2681 103 30 various
2696 2686 72 35 parts

2118 2721 31 31 of
2169 2721 45 29 the
2237 2720 135 42 kingdom,
2388 2723 49 29 but
2451 2732 34 19 no
2505 2723 183 31 disturbances
2703 2725 65 31 have

2119 2764 132 29 occurred.

2155 2807 57 30 The
2228 2806 105 31 Habeas
2345 2807 103 42 Corpus
2458 2808 52 31 Act
2520 2809 47 30 has
2580 2810 71 31 been
2665 2810 102 31 further

2119 2850 153 38 suspended
2286 2849 26 32 in
2327 2850 117 31 Ireland.

2153 2893 57 29 The
2233 2893 160 31 Federation
2409 2894 29 29 of
2456 2895 47 30 the
2519 2893 90 33 North
2625 2895 141 31 American

2118 2934 101 31 British
2247 2935 126 31 Colonies
2395 2937 23 29 is
2442 2937 157 32 considered
2613 2938 93 40 highly
2719 2939 32 29 im-

2119 2982 116 35 portant.
2276 2980 27 29 A
2330 2979 61 40 plan
2417 2979 46 31 has
2490 2980 65 31 been
2581 2982 130 38 proposed
2731 2982 36 40 by

2118 3021 45 31 the
2187 3021 275 39 Governor-General,
2478 3023 58 30 who
2550 3034 54 20 was
2622 3025 144 40 appointed

2117 3065 36 39 by
2178 3064 48 31 the
2249 3064 96 31 Crown
2367 3069 28 26 to
2420 3071 137 35 represent
2576 3067 47 31 the
2637 3067 129 44 Imperial

2117 3107 155 33 Executive.
2315 3109 26 30 It
2364 3110 22 29 is
2400 3120 29 20 a3
2451 3110 184 32 follows:—A
2651 3113 115 29 General

2120 3151 172 33 Parliament,
2307 3152 146 41 consisting
2463 3154 30 28 of
2507 3153 92 40 Upper
2608 3155 53 29 and
2674 3156 92 30 Lower

2116 3194 114 38 Houses,
2245 3194 87 32 which
2346 3196 54 29 will
2415 3196 118 40 legislate
2547 3198 41 30 for
2602 3198 46 31 the
2663 3198 103 31 United

2118 3238 156 35 Provinces;
2305 3240 52 29 and
2372 3240 44 29 the
2430 3240 144 31 formation
2588 3241 30 32 of
2627 3241 66 31 local
2707 3252 44 29 par-

2115 3282 124 30 liaments
2254 3282 21 29 is
2290 3283 211 42 contemplated.

2153 3325 108 30 Fearful
2284 3325 106 30 distress
2414 3327 112 37 prevails
2548 3327 30 29 in
2599 3327 46 30 the
2667 3330 57 27 east
2738 3328 28 30 of

2116 3368 120 32 London.
2277 3368 56 32 The
2356 3368 126 32 £13.000
2507 3370 127 31 collected
2658 3370 48 32 has
2727 3370 38 33 all

2114 3412 66 30 been
2195 3416 78 34 spent
2287 3412 28 29 in
2329 3413 84 30 relief.

2151 3454 56 29 The
2235 3454 187 30 Government
2447 3455 48 29 has
2527 3455 157 30 withdrawn
2717 3457 47 30 the

2115 3497 107 30 Reform
2243 3495 177 39 Resolutions,
2444 3497 52 30 and
2520 3497 56 31 will
2596 3499 139 31 introduce
2749 3509 15 21 a

2114 3540 110 31 Reform
2238 3539 53 31 Bill
2303 3549 34 20 on
2352 3540 44 30 the
2411 3539 65 32 28th
2494 3541 104 31 March.

2151 3584 25 29 A
2190 3582 160 32 ministerial
2371 3584 75 31 crisis
2460 3585 128 30 occurred
2607 3595 33 19 on
2655 3585 45 29 the
2714 3585 49 30 Bth

2115 3626 99 39 March,
2237 3638 14 18 a
2265 3626 70 40 large
2348 3628 126 40 majority
2487 3627 28 30 of
2534 3628 47 31 the
2596 3628 115 31 Cabinet
2724 3628 26 32 in-

2113 3669 96 42 sisting
2223 3681 33 21 on
2271 3681 14 20 a
2299 3670 72 40 large
2382 3672 140 30 extension
2536 3673 30 28 of
2578 3672 45 29 the
2635 3673 122 38 suffrage.

2114 3714 84 29 Lords
2225 3713 154 31 Carnarvon
2411 3714 53 30 and
2501 3714 174 31 Craubourne
2708 3715 54 29 and

2112 3757 114 29 General
2242 3755 63 31 Peel
2319 3756 131 40 resigned.

2147 3799 55 29 The
2230 3798 92 39 Derby
2344 3799 127 39 Ministry
2486 3800 46 30 has
2552 3799 159 31 announced
2726 3800 34 30 its

2111 3842 131 30 intention
2264 3847 28 24 to
2310 3843 80 29 stand
2414 3853 29 19 or
2467 3843 48 29 fall
2539 3843 35 38 by
2587 3843 47 30 the
2648 3842 111 31 Reform

2112 3884 52 31 Bill
2191 3884 88 32 which
2307 3885 22 30 is
2355 3889 29 27 to
2410 3885 32 30 be
2474 3885 170 31 introduced.
2703 3886 56 29 The

2110 3927 88 33 ►Select
2220 3928 173 37 Committee,
2416 3930 146 41 appointed
2586 3930 34 40 by
2634 3928 47 32 the
2705 3930 35 31 Go-

2112 3975 146 33 vernment,
2275 3982 127 28 proposes
2415 3973 61 29 four
2489 3984 59 19 new
2562 3972 140 30 standards
2716 3974 41 28 for

2110 4014 46 32 the
2164 4014 158 38 Franchise:
2324 4015 117 37 —First,
2454 4016 186 36 educational;
2649 4016 107 36 second,

2109 4059 147 38 possesion
2280 4058 28 29 of
2333 4059 62 30 ,£3O
2418 4059 28 30 in
2465 4059 46 30 the
2534 4059 112 41 Savings
2661 4058 76 31 Bank
2751 4070 6 27 ;

2108 4101 81 40 third,
2204 4101 62 31 .£SO
2289 4100 30 32 ia
2341 4102 46 29 the
2400 4102 81 30 funds
2494 4114 7 26 ;
2521 4102 98 37 fourth,
2634 4101 45 30 the
2695 4112 47 29 pay-

2109 4148 74 26 ment
2208 4145 29 29 of
2261 4143 56 29 20s.
2347 4144 30 30 of
2406 4145 83 29 direct
2514 4146 128 29 taxation.
2700 4144 55 30 The

2109 4185 126 38 Borough
2263 4186 144 32 Franchise
2432 4188 24 29 is
2482 4191 27 26 to
2533 4188 32 30 be
2588 4187 116 32 reduced
2728 4191 27 27 to

2106 4229 50 35 £C),
2171 4231 53 30 and
2239 4230 57 30 that
2310 4231 30 29 of
2355 4231 47 32 the
2416 4236 113 34 country
2542 4236 27 25 to
2583 4231 59 30 £23
2656 4231 96 39 rating.

2106 4273 55 28 The
2176 4273 68 30 total
2260 4273 114 30 number
2387 4273 31 29 of
2429 4278 72 25 votes
2515 4273 143 30 estimated
2679 4278 28 25 to
2720 4273 34 30 be

2105 4316 106 30 created
2226 4315 35 41 by
2275 4315 46 31 the
2336 4327 58 19 new
2407 4316 54 30 Bill
2475 4315 21 31 is
2511 4316 79 30 about
2608 4316 123 37 116,500.

2144 4360 107 33 Totnes,
2274 4360 157 36 Yarmouth,
2457 4359 151 39 Lancaster,
2623 4360 54 29 and
2693 4360 44 30 Rei-

2107 4406 59 26 <*ate
2189 4401 54 30 will
2267 4401 32 30 be
2323 4402 203 34 disfranchised,
2542 4414 33 19 on
2599 4405 112 28 account
2725 4402 26 30 of

2105 4445 106 40 bribery
2231 4448 53 26 and
2305 4445 164 39 corruption,
2483 4446 54 29 and
2559 4446 35 30 all
2618 4445 133 40 boroughs

2106 4487 88 31 whose
2207 4487 159 41 population
2381 4490 20 30 is
2415 4488 86 32 under
2516 4489 79 32 7000.

2140 4533 96 39 Thirty
2262 4535 72 26 seats
2359 4542 44 19 are
2429 4533 158 38 disposable,
2608 4532 28 29 of
2662 4532 86 29 which

2102 4573 123 32 fourteen
2249 4574 54 29 will
2324 4574 32 29 be
2378 4574 79 40 given
2480 4578 28 26 to
2531 4585 59 19 new
2609 4574 138 40 boroughs,

2102 4615 92 32 fifteen
2217 4621 29 26 to
2269 4616 128 38 counties,
2422 4617 53 30 and
2498 4627 50 20 one
2566 4620 58 28 seat
2646 4620 29 27 to
2701 4616 47 31 the

2102 4659 112 31 London
2227 4659 165 40 University.

2136 4702 175 40 Intelligence
2337 4702 48 30 has
2408 4702 66 30 been
2500 4702 119 30 received
2645 4702 31 30 of
2702 4702 45 29 the

2100 4745 108 30 murder
2239 4745 28 30 of
2300 4745 38 30 Dr
2368 4745 176 39 Livingstone
2577 4744 28 30 in
2636 4744 111 31 Central

2100 4788 101 30 Africa.

2135 4831 57 31 The
2233 4831 171 40 prosecution
2444 4831 104 38 against
2580 4830 167 31 cx-Goveror

2100 4872 67 41 Eyre
2181 4873 46 31 has
2241 4873 179 32 commenced.

2135 4918 26 30 A
2184 4917 90 31 match
2300 4917 47 30 has
2371 4917 66 29 been
2451 4917 77 29 made
2542 4917 120 29 between
2676 4915 68 31 Goss

2097 4960 53 30 and
2171 4960 122 31 Baldwin
2316 4960 43 31 for
2378 4960 46 29 the
2438 4960 200 38 championship
2658 4959 29 30 of
2701 4960 43 29 the

2097 5003 78 41 ring;
2203 5003 52 30 and
2278 5003 121 30 between
2422 5003 80 40 Kelly
2521 5003 53 29 and
2599 5002 145 31 Chambers

2096 5046 40 29 for
2157 5046 47 31 the
2227 5045 200 40 championship
2451 5045 30 30 of
2500 5045 45 30 the
2565 5045 112 31 Thames
2692 5045 52 31 and

2095 5090 83 39 Tyne.
2218 5090 57 30 The
2290 5090 88 30 stakes
2392 5089 27 29 in
2434 5089 63 31 each
2512 5100 60 19 case
2586 5099 43 18 are
2643 5090 71 35 large

2131 5131 84 29 There
2237 5131 47 29 has
2307 5132 69 29 been
2396 5141 15 19 a
2430 5131 102 29 Fenian
2547 5130 82 40 rising
2642 5130 29 31 in
2686 5123 40 37 Ire-

2094 5174 72 31 land.
2207 5175 24 30 A
2245 5175 60 31 raid
2328 5185 35 20 on
2386 5174 86 40 Kerry
2486 5175 106 39 County
2612 5175 52 30 end
2674 5174 26 29 >d
2714 5173 30 31 in

2094 5219 44 29 the
2166 5219 131 40 complete
2324 5218 90 30 defeat
2441 5218 28 29 of
2502 5217 45 30 the
2581 5219 159 38 insurgents.

2093 5259 106 33 Several
2210 5260 76 31 other
2299 5261 97 38 risings
2410 5260 64 30 have
2489 5259 67 33 been
2571 5260 171 39 suppressed.

2129 5304 56 30 The
2210 5304 108 41 bishops
2332 5304 53 30 and
2405 5304 92 39 clergy
2518 5303 29 29 of
2570 5306 43 27 die
2636 5303 108 30 lioinan

2094 5347 121 31 Catholic
2239 5347 108 31 Church
2361 5347 131 30 condemn
2512 5347 163 37 Fenianism,
2690 5346 51 31 and

2091 5391 68 30 have
2192 5391 157 31 denounced
2380 5391 45 30 the
2457 5391 102 30 leaders
2594 5391 69 28 from
2698 5389 46 31 the

2090 5433 80 31 altar.

2126 5475 75 31 Nine
2239 5476 114 30 Fenians
2396 5476 66 30 have
2495 5476 65 30 been
2594 5475 149 31 sentenced

2774 183 134 39 variously
2934 189 27 25 to
2984 186 67 30 from
3075 197 80 21 seven
3177 192 29 27 to
3228 188 98 32 fifteen
3338 190 81 38 years'

2774 225 76 40 penal
2865 227 143 31 servitude.

2812 268 55 30 The
2881 270 82 30 latest
2976 280 72 21 news
3057 271 28 29 of
3097 271 45 30 the
3156 272 99 30 Fenian
3270 279 150 26 movement

2777 311 21 32 is
2812 313 58 30 that
2885 312 45 31 the
2945 312 154 42 insurgents
3118 326 45 19 are
3177 326 59 19 now
3250 317 169 42 threatening

2776 355 153 39 Tipperary.
2984 357 26 30 A
3036 358 99 30 serious
3161 358 105 30 conflict
3289 360 66 30 with
3375 363 45 29 the

2780 398 84 40 Royal
2878 402 92 36 troops
2983 400 64 28 took
3061 400 72 39 place
3147 406 27 24 at
3188 401 129 32 Clonmel.
3367 404 54 30 The

2779 441 71 40 large
2864 444 89 28 towns
2967 453 43 20 are
3033 444 88 38 quiet,
3135 444 54 31 and
3204 445 219 34 reinforcements

2779 484 50 30 and
2843 484 132 40 gunboats
2987 485 65 31 have
3062 486 65 30 been
3142 492 58 25 sent
3211 489 67 30 from
3290 489 131 40 England.

2815 527 25 29 It
2854 528 22 28 is
2890 529 131 41 proposed
3035 533 27 28 to
3076 529 67 31 form
3158 531 97 30 armies
3270 533 30 29 of
3311 543 111 29 reserve,

2781 571 51 30 and
2845 572 115 30 increase
2974 572 44 30 the
3031 583 53 30 pay
3107 573 30 31 of
3156 574 45 30 the
3215 574 158 32 Volunteers
3386 576 37 42 by

2782 614 42 30 2d.
2840 624 48 29 per
2902 614 57 39 day.

2820 656 32 30 In
2879 667 15 19 a
2923 657 101 29 Fenian
3051 661 152 27 movement
3229 669 65 20 near
3320 660 103 31 Dublin

2785 700 96 29 several
2903 700 122 31 hundred
3048 700 87 30 rebels
3159 701 64 31 took
3236 707 67 34 part.
3343 703 80 32 Shots

2785 754 68 21 were
2874 743 160 40 exchanged.
3073 743 55 31 The
3151 744 84 40 Royal
3258 750 89 35 troops
3366 757 43 30 pur-

2783 787 76 33 sued,
2885 787 52 29 and
2963 787 118 29 arrested
3107 787 92 40 ninety
3224 789 120 38 Fenians,
3372 791 51 29 and

2784 829 78 31 made
2874 839 16 19 a
2902 829 72 40 large
2987 829 98 30 seizure
3099 830 30 29 of
3140 841 76 19 arms.

2820 872 56 31 Tho
2899 873 107 30 tenders
3028 874 41 29 for
3091 872 145 36 ,£300,000
3250 875 29 30 of
3298 875 45 30 the
3358 876 49 30 Can-

2784 915 110 39 terbury
2920 917 40 28 six
2987 926 46 29 per
3057 920 70 26 cent,
3163 916 60 30 loan
3257 916 67 32 have
3356 917 67 32 been

2784 958 108 41 opened.
2934 959 55 30 The
3015 959 139 30 minimum
3181 960 70 30 fixed
3278 971 52 21 was
3355 962 68 30 £O2.

2784 1001 84 31 There
2881 1011 68 21 were
2963 1002 174 39 applications
3150 1002 41 30 for
3212 1002 40 31 £1
3257 1004 89 37 7,000,
3362 1005 61 40 only

2783 1044 105 37 £3,900
2912 1045 30 29 of
2964 1045 84 29 which
3077 1055 65 19 were
3169 1048 28 27 at
3223 1056 30 19 or
3276 1047 81 30 above
3381 1048 42 29 the

2784 1087 148 29 minimum.

2858 1219 77 30 THE
2956 1220 149 31 FENIAN
3127 1220 214 33 REBELLION.

2821 1332 55 31 The
2902 1332 103 32 Fenian
3031 1333 189 40 organization,
3252 1336 35 39 by
3319 1348 16 20 a
3367 1349 59 19 new

2786 1381 158 32 movement,
2958 1376 47 30 has
3019 1376 94 32 shown
3126 1376 44 31 life
3179 1380 104 40 enough
3294 1383 28 28 to
3332 1385 96 28 attract

2786 1420 105 38 general
2904 1420 144 31 attention.
3088 1421 33 29 In
3135 1422 113 29 London
3267 1424 76 30 itself
3353 1425 74 30 there

2787 1463 47 28 has
2848 1463 65 28 been
2928 1473 14 18 a
2955 1463 78 29 small
3055 1463 56 35 stir,
3134 1463 54 31 and
3209 1463 138 33 Ministers
3361 1467 67 30 have

2788 1505 66 29 been
2867 1505 157 30 summoned
3037 1505 130 40 suddenly
3189 1505 68 31 from
3276 1508 46 30 the
3336 1509 92 31 House

2789 1546 28 31 in
2831 1547 47 30 the
2888 1547 81 30 midst
2982 1548 30 30 of
3022 1548 146 39 important
3181 1549 116 31 debates.

2824 1599 56 30 The
2902 1603 73 36 story
2998 1601 47 30 has
3065 1611 15 20 a
3100 1601 71 39 spice
3186 1602 28 29 of
3227 1603 111 40 comedy
3351 1604 29 30 in
3394 1605 32 36 it,

2789 1642 48 30 but
2851 1643 46 29 has
2910 1646 45 28 too
2979 1644 99 30 serious
3090 1653 17 21 a
3129 1644 56 30 side
3200 1645 27 29 in
3240 1645 45 30 the
3298 1648 117 37 possibili-

2790 1686 49 29 ties
2864 1685 21 31 it
2906 1691 120 35 suggests
3046 1691 27 25 to
3097 1687 85 31 excite
3205 1698 47 20 our
3265 1690 161 31 merriment.

2790 1729 55 30 The
2859 1738 76 21 scene
2950 1740 82 28 opens
3055 1730 28 29 in
3106 1731 47 30 the
3167 1732 94 37 quaint
3283 1732 44 30 old
3341 1734 85 38 cathe,

2790 1771 56 30 dral
2869 1771 56 41 city
2947 1772 28 31 of
2996 1772 116 31 Chester.
3151 1772 83 43 Early
3253 1784 35 21 on
3301 1775 125 42 Monday,

2791 1815 44 29 the
2852 1815 64 30 11th
2930 1817 29 28 of
2970 1815 142 38 February,
3127 1826 15 19 a
3162 1817 114 31 number
3288 1819 30 28 of
3340 1829 89 30 young

2791 1867 68 26 men,
2887 1858 156 42 apparently
3071 1859 29 29 of
3119 1859 45 30 the
3189 1860 134 40 operative
3349 1862 73 38 class,

2793 1901 75 30 made
2881 1903 72 30 their
2965 1911 162 30 appearance
3139 1902 28 30 in
3181 1901 36 32 its
3231 1905 97 30 streets
3341 1909 27 26 to
3381 1906 47 32 the

2791 1946 116 39 surprise
2929 1946 29 29 of
2980 1947 36 28 its
3036 1944 170 31 inhabitants.
3259 1947 38 30 As
3319 1948 47 31 the
3379 1949 52 40 day

2793 1998 67 21 wore
2874 2000 35 20 on
2922 1988 70 32 their
3014 1988 127 32 numbers
3162 1988 103 43 greatly
3288 1991 143 39 increased,

2792 2031 53 28 and
2857 2032 64 28 each
2934 2033 146 28 successive
3102 2033 70 27 train
3193 2031 114 38 brought
3320 2044 74 21 more
3397 2052 36 3 —
3461 2040 9 3 '

2793 2083 80 30 many
2892 2073 68 31 from
2986 2073 149 41 Liverpool,
3158 2084 72 21 some
3249 2074 70 32 from
3333 2077 98 32 Leeds-

2796 2117 139 36 Bradford,
2962 2118 119 37 Hal'fax,
3107 2119 54 29 and
3187 2118 77 31 other
3289 2120 144 32 Yorkshire

2793 2164 91 34 towns,
2908 2161 44 30 till
2973 2161 37 40 by
3032 2160 126 41 nightfall
3180 2161 23 29 it
3226 2172 52 19 was
3292 2164 140 31 estimated

2794 2203 58 30 that
2868 2205 69 29 1500
2960 2208 132 37 strangers
3106 2204 52 30 had
3180 2205 148 32 assembled
3348 2208 80 30 there.

2793 2246 79 32 What
2886 2248 78 31 could
2985 2248 32 30 be
3030 2248 46 30 the
3090 2248 87 39 object
3190 2248 28 30 of
3240 2248 55 32 this
3318 2255 100 27 extraor-

2793 2291 94 40 dinary
2899 2292 142 39 gathering
3051 2292 9 29 ?
3099 2292 56 31 The
3177 2295 116 36 greatest
3319 2299 101 26 conster-

2792 2334 94 31 nation
2900 2334 152 42 prevailed;
3071 2334 80 40 shops
3174 2344 68 21 were
3264 2335 104 40 closed;
3387 2338 46 30 the

2793 2378 167 39 magistrates
2983 2382 71 34 met;
3076 2376 99 40 special
3197 2378 147 31 constables
3365 2390 69 20 were

2793 2429 84 22 sworn
2890 2432 7 27 ;
2914 2420 46 31 the
2973 2419 86 41 police
3071 2430 68 22 were
3153 2421 108 38 armed;
3284 2421 46 33 the
3344 2423 76 31 volun-

2794 2466 70 28 teers
2885 2474 71 20 were
2979 2463 83 31 called
3083 2467 68 34 out;
3179 2464 54 30 and
3255 2468 89 38 troops
3367 2476 67 19 were

2793 2507 156 31 summoned
2975 2506 68 31 from
3078 2506 177 33 Manchester.
3313 2508 122 43 Happily

2793 2549 72 31 there
2879 2561 53 19 was
2945 2561 72 18 some
3040 2550 60 29 clue
3113 2555 28 24 to
3165 2550 46 30 the
3224 2554 125 37 mystery.
3391 2553 29 28 In-

2793 2592 142 32 formation
2949 2593 70 30 from
3030 2592 138 41 Liverpool
3179 2593 120 31 revealed
3309 2594 45 32 the
3368 2594 65 42 plot.

2793 2636 84 31 These
2890 2647 61 20 men
2965 2647 68 20 were
3047 2637 114 29 Fenians
3172 2636 89 40 acting
3272 2637 35 41 by
3317 2643 116 33 concert,

2793 2679 53 30 and
2871 2678 71 33 their
2967 2678 153 42 object—so
3150 2689 33 20 an
3209 2680 90 31 officer
3330 2681 27 30 in
3389 2681 45 31 the

2794 2723 100 30 Fenian
2907 2723 100 30 service
3020 2723 118 41 deposed
3158 2727 28 26 to
3196 2723 46 29 the
3255 2723 175 40 police—was

2793 2770 27 25 to
2845 2766 69 30 seize
2935 2766 110 30 Chester
3071 2766 91 37 castle,
3182 2766 84 30 which
3291 2767 142 31 contained

2793 2819 73 21 more
2880 2809 66 31 than
2956 2810 72 30 9000
3038 2810 80 30 stand
3128 2809 28 29 of
3166 2819 76 27 arms,
3252 2810 53 29 and
3315 2810 119 33 900,000

2793 2852 99 30 rounds
2906 2853 29 28 of
2944 2852 186 38 ammunition,
3145 2852 54 30 and
3219 2862 52 21 was
3284 2854 89 38 nearly
3387 2863 31 20 un-

2792 2895 145 38 protected.
2953 2894 55 30 The
3017 2894 166 38 authorities,
3189 2895 63 30 thus
3262 2895 195 38 instructeeoV~

2793 2937 78 31 made
2897 2937 70 31 their
2992 2937 163 40 depositions
3182 2938 63 30 with
3268 2938 37 30 all
3318 2939 113 39 possible

2791 2981 104 38 alerity.
2934 2981 56 29 The
3012 2991 142 28 yeomanry
3174 2981 63 31 rode
3250 2981 57 30 into
3320 2987 72 24 town
3405 2986 28 25 at

2791 3023 77 39 night
2885 3034 7 27 ;
2910 3024 53 30 and
2977 3034 35 20 on
3024 3023 46 30 the
3084 3024 137 39 following
3234 3024 122 38 naming
3369 3034 61 21 con-
3452 3038 7 3 -

2791 3066 101 32 fidence
2906 3078 52 20 was
2972 3066 69 42 fully
3053 3068 124 38 restored,
3190 3067 75 30 when
3279 3068 53 31 500
3346 3068 28 31 of
3386 3068 45 31 the

2791 3112 75 29 Scots
2880 3111 130 31 Fusiliers
3028 3111 103 31 arrived
3153 3111 36 39 by
3201 3112 56 29 rail.
3314 3111 57 31 The
3385 3112 32 29 Fe-

2791 3154 76 30 nians
2889 3164 69 20 were
2980 3153 135 40 betrayed,
3134 3154 64 39 they
3219 3153 52 31 had
3291 3154 51 30 lost
3360 3154 71 30 their

2791 3197 116 38 chance;
2926 3198 53 29 and
3000 3196 128 42 although
3152 3207 72 20 some
3248 3197 53 31 few
3332 3202 99 25 arrests

2790 3250 68 21 were
2884 3240 83 38 made,
2994 3240 46 30 the
3065 3244 74 37 great
3163 3240 71 39 body
3257 3240 79 30 slunk
3358 3250 74 32 away
3457 3231 8 40 I

2791 3294 71 20 more
2875 3284 114 38 secretly
2998 3283 64 30 than
3076 3284 63 39 they
3152 3283 53 31 had
3218 3294 83 20 come.
3339 3283 92 31 Under
3462 3299 8 14 i

2791 3336 78 20 cover
2881 3326 30 30 of
2921 3326 127 30 darkness
3060 3327 64 40 they
3135 3326 76 30 made
3224 3326 71 30 their
3308 3336 57 29 way
3375 3326 58 30 into
3443 3317 27 39 J

2791 3369 45 31 the
2851 3371 123 41 country,
2989 3369 52 31 and
3055 3369 45 31 the
3114 3372 66 30 next
3190 3369 51 40 day
3252 3369 71 41 large
3332 3370 101 39 parties
3450 3360 16 42 1

2791 3423 64 19 were
2869 3417 55 26 met
2939 3413 116 39 walking
3077 3414 114 29 towards
3207 3412 170 31 Birkenhead
3394 3414 38 38 by
3448 3405 22 38 I

2789 3456 72 29 road.
2902 3456 79 29 Some
3007 3456 147 41 cartridges
3181 3464 68 21 were
3276 3455 156 31 afterwards
3452 3465 18 21 J

2788 3497 83 31 found
2885 3497 28 30 in
2936 3498 46 31 the
3005 3501 104 35 streets,
3134 3498 52 31 and
3208 3497 77 31 other
3299 3499 132 31 aminuni-
3451 3489 19 41 1

2787 3541 59 31 tion
2859 3542 28 29 in
2900 3541 46 30 the
2959 3541 74 30 river.
3074 3541 84 31 There
3181 3551 46 20 can
3242 3541 114 39 scarcely
3368 3542 34 31 be
3415 3553 17 21 a
3449 3532 21 43 I

2787 3585 84 29 doubt
2885 3584 57 30 that
2956 3584 46 30 the
3024 3584 90 40 object
3136 3586 30 29 of
3186 3584 52 32 this
3260 3584 57 30 raid
3334 3594 54 22 was
3400 3590 70 27 torn

2787 3628 70 33 seize
2871 3628 46 31 the
2930 3638 70 21 arms
3012 3628 29 31 in
3062 3628 45 31 the
3121 3628 93 39 castle,
3228 3627 52 32 and
3294 3626 77 33 make
3390 3632 38 29 to-
3441 3633 20 43 |

2788 3673 84 29 wards
2896 3672 148 38 Holyhead,
3071 3673 29 28 in
3123 3673 44 29 the
3191 3672 68 39 hope
3274 3672 30 29 of
3325 3673 107 38 getting
3441 3675 29 26 ■

2786 3725 85 18 across
2886 3719 27 25 to
2937 3719 115 30 Ireland,
3075 3719 89 27 before
3188 3721 101 32 pursuit
3303 3724 52 18 was
3369 3721 101 32 pAfl

2786 3756 76 31 sible.
2908 3756 57 38 Vet,
2982 3756 118 31 whether
3113 3758 36 38 by
3161 3758 102 29 Fenian
3279 3747 141 47 complioß

2785 3810 30 20 or
2827 3800 28 29 in
2869 3800 75 30 sheep
2959 3800 145 39 ignorance,
3126 3810 15 19 a
3163 3804 87 34 report
3273 3809 51 19 was
3338 3791 70 37 mM

2786 3841 109 40 triously
2908 3842 95 41 spread
3025 3843 60 30 that
3108 3843 45 30 the
3175 3843 84 30 whole
3280 3834 115 38 movenJ

2786 3896 51 20 was
2850 3886 115 40 nothing
2979 3896 70 20 more
3069 3886 65 30 than
3147 3897 14 20 a
3185 3886 97 40 simple
3295 3878 97 38 hoaxfl

2785 3929 99 32 tended
2906 3933 30 29 to
2959 3934 96 28 attract
3076 3930 133 31 attention
3230 3930 72 30 from
3325 3922 49 36 aM

2785 3973 72 39 fight.
2912 3977 25 24 A
2965 3983 71 19 more
3062 3974 192 29 unreasonable
3273 3973 50 28 tale
3335 3968 37 40 J

2783 4016 116 39 scarcely
2911 4015 69 32 have
3003 4015 68 32 been
3094 4015 146 39 invented;
3258 4015 50 30 but
3327 4024 35 22 m

2784 4069 172 30 newspapers,
2973 4059 28 30 in
3015 4059 44 29 the
3075 4059 66 39 hope
3157 4059 29 28 of
3200 4058 101 40 casting
3314 4068 58 19 r«

2782 4112 32 19 on
2830 4102 44 30 the
2899 4102 191 34 Government,
3115 4112 64 28 gave
3203 4105 68 26 most
3284 4093 90 55 unwj

2780 4144 127 31 credence
2929 4148 29 27 to
2979 4143 31 36 it,
3035 4144 53 30 and
3102 4144 77 30 when
3194 4155 60 19 new
3269 4135 73 55 facjfl

2780 4188 46 30 the
2840 4198 58 20 case
2924 4186 57 32 still
3003 4187 104 37 clearer,
3133 4187 115 42 ignored
3275 4178 67 39 thfl

2780 4241 110 20 manner
2903 4232 65 32 that,
2987 4231 42 29 for
3043 4230 47 31 the
3104 4231 84 29 honor
3202 4231 27 28 of
3250 4225 82 34 thdfl

2780 4283 78 29 press,
2875 4273 20 29 it
2909 4274 22 29 is
2946 4278 26 24 to
2996 4273 32 29 be
3046 4271 89 40 hoped
3158 4273 55 29 will
3236 4274 49 28 not
3295 4262 23 40 1

2779 4316 128 30 imitated.
2947 4316 27 30 A
2988 4316 48 29 few
3059 4316 64 38 days
3146 4316 106 30 showed
3274 4314 51 31 thl

2777 4358 159 41 probability
2951 4358 53 30 this
3019 4356 113 33 Chester
3142 4358 56 30 raid
3213 4367 51 21 was
3278 4355 66 33 onH

2776 4402 31 29 of
2816 4412 16 19 a
2844 4412 74 21 more
2930 4400 107 41 general
3050 4400 65 43 plot.

2800 4508 669 71 Correspondence.

2774 4661 43 42 (to
2827 4671 58 22 the
2892 4671 108 22 editor
3006 4671 34 21 of
3045 4672 56 21 the
3108 4671 144 27 ciiarlm

2801 4727 51 32 Sib,
2853 4726 109 27 —When
2982 4727 126 25 ruffianism
3126 4727 20 25 is
3163 4729 49 25 t<S

2950 4761 107 34 peaceful
3079 4757 121 44 citizejfl

2906 4797 42 24 the
2958 4804 59 25 open
3029 4796 53 32 day,
3093 4796 20 26 it
3123 4797 56 25 in

2773 4839 58 17 were
2842 4832 72 24 taken
2925 4834 26 22 to
3071 4838 15 16 a
3092 4827 93 38 repflß

2770 4873 80 19 scenes
2866 4875 26 17 as
2910 4874 60 18 were
2986 4865 100 26 enacted
3096 4865 25 26 in
3137 4857 73 34 tlufl

3064 4950 24 19 to
3099 4953 41 23 ray
3148 4943 36 26 ■

2769 4980 83 26 named
2862 4980 120 26 Jeremiah
2993 4980 117 25 Brosinan
3121 4972 60 33 del

3103 5014 25 25 in
3144 5006 37 34 fl

2883 5054 23 21 to
3066 5047 30 28 all
3108 5039 69 36 thfl

2770 5087 27 23 he
3019 5086 143 37 amuse^S

3029 5118 98 24 stoutM

2768 5152 120 28 diabolical
2899 5154 89 33 frenzy.
3015 5143 121 51 Being^

2867 5227 63 30 steps
3066 5215 77 32 m-itß

3033 5258 10 24 I

2946 5294 83 24 crimes
3041 5285 61 34 lifl

2989 5321 113 33 soonerß

2920 5364 36 24 for
2968 5364 39 24 the
3019 5354 83 42 protß

2769 5399 38 25 the

1457 56 75 32 THE
1553 57 254 35 CHARLESTON
1829 61 122 31 ARGUS

118 50 15 26 2

116 3626 65 29 SO
200 3626 6 29 i
226 3626 82 33 ICE
346 3627 58 32 TO
442 3627 283 35 MARINBBS.

123 3763 122 52 JIGNAL
259 3765 163 28 STATIONS
449 3766 60 27 hare
530 3767 58 26 been
602 3769 139 27 established

95 3850 25 21 at
132 3846 38 25 the
182 3847 129 26 BULLER
327 3848 46 26 and
388 3853 24 21 at
430 3849 94 27 FOX'S
539 3850 110 33 RIVER,
665 3852 76 26 where

92 3916 41 25 tha
154 3923 65 19 same
230 3916 93 33 Signals
344 3926 38 18 are
395 3918 55 26 used
466 3926 27 18 as
511 3923 25 22 at
559 3920 40 27 the
620 3921 64 33 Grey
695 3923 45 26 and

95 3985 120 29 lluHtflOL

121 4024 25 23 A
166 4020 116 34 Flagstaff
295 4024 43 24 has
359 4024 57 25 been
437 4026 92 24 erected
549 4033 31 17 on
602 4026 40 26 the
663 4027 75 26 North

91 4090 72 26 Poh'.t
181 4091 26 25 of
222 4090 176 30 CONSTANT
415 4094 77 31 BAY,
512 4095 128 30 PAKIIII,
661 4097 78 26 where

90 4160 42 26 the
152 4159 121 34 following
299 4161 94 32 Signals
420 4161 48 27 will
494 4163 27 25 be
532 4163 82 26 shown
626 4175 37 15 :

91 4228 48 26 litJ
150 4227 60 35 Flag
219 4234 24 21 at
255 4231 138 27 masthead:
411 4232 72 26 3oats
495 4240 42 19 can
551 4236 66 24 enter

88 4297 62 26 Blue
170 4299 66 32 Flag,
264 4297 139 36 half-mast:
438 4302 56 24 Low
516 4306 79 27 water,
617 4306 56 24 wait
700 4307 37 24 for

148 4332 54 26 tide.

88 4401 82 27 White
179 4401 75 34 Flag:
272 4403 119 30 EntntQCC
401 4405 138 34 dangerous,
547 4408 53 25 surf
610 4412 39 22 too
660 4410 76 33 heavy

148 4437 38 25 for
197 4438 72 26 boats.

203 4520 27 26 T.
248 4521 30 27 A.
295 4521 107 30 SNEYD
419 4524 227 38 KYNNERSLEY,

514 4576 190 29 Commissioner.

85 4603 108 32 January
205 4603 47 32 3rd,
268 4608 62 24 1867.
704 4619 24 22 71

193 4702 75 27 NEW
284 4704 107 30 RATES
409 4708 41 27 OF
466 4709 161 30 POSTAGE.

112 4749 38 26 On
179 4750 45 28 and
250 4752 62 27 after
340 4753 38 28 tVe
406 4758 34 24 Ist
462 4755 84 30 ultimo
567 4760 40 26 the
633 4766 97 29 postage

81 4784 138 34 chargeable
227 4794 30 19 on
270 4787 78 27 letter
362 4790 27 26 >-.
389 4790 19 26 nd
427 4799 156 28 newspaper.?,
600 4796 37 25 for
652 4797 78 31 pl-ices

80 4820 83 25 within
182 4821 57 26 New
259 4822 108 32 Zealand,
390 4825 47 27 will
459 4828 27 25 be
502 4831 27 23 at
546 4830 40 26 the
607 4831 124 32 following

78 4857 70 28 rak<,
162 4856 41 25 viz.
215 4867 6 15 :
231 4872 21 4 -
714 4855 15 13 °

109 4880 75 35 town
196 4890 166 28 Letters—Po«
381 4894 24 26 ed
417 4901 24 20 at
452 4905 48 27 any
511 4903 52 31 post
570 4901 65 26 office
645 4903 82 28 within

79 4924 40 25 the
130 4924 35 27 col
176 4932 43 26 my,
233 4927 36 26 for
280 4926 102 36 delivery
395 4934 23 21 at
431 4934 58 25 such
500 4941 50 27 post
562 4936 82 26 offiee-

140 4958 10 27 l
177 4958 4 40 I
198 4967 46 20 exo
254 4961 68 34 eding
337 4965 11 23 k
358 4972 31 18 oz.
462 4979 10 5 -
532 4982 10 4 -
603 4982 9 5 -
632 4974 6 22 i
643 4981 6 16 (
650 4972 7 26 |

139 4993 63 28 Ofor
216 4996 6 31 |
237 5005 34 16 «7..
286 4993 4 39 I
318 4993 4 39 •
339 4998 72 27 under
424 5003 6 22 1
445 5010 32 17 oz.
530 5017 10 4 -
602 5017 8 4 -

139 5029 15 23 I-
308 5032 87 27 mulot.
406 5043 27 17 or
440 5036 100 29 fraction
546 5040 28 26 of
577 5048 33 18 oz.
628 5027 35 40 Id.

104 5061 109 36 Country
235 5066 208 29 Lottm—lWud
471 5078 23 18 ar
516 5082 47 17 anv
584 5081 50 27 post
656 5077 67 26 offlco

73 5097 85 27 within
170 5099 40 26 the
220 5099 90 34 colony,
327 5102 66 26 for,!.
402 5103 73 35 livery
493 5111 20 20 »t
530 5117 47 20 anv
587 5110 68 28 other
671 5118 51 26 post

71 5137 66 23 Mce
149 5136 134 26 H'ltumth'j
370 5135 137 35 piwloce-S

136 5167 39 26 Kol
332 5173 5 4 '
353 5179 26 16 ol
459 5186 9 5 ■
625 5179 34 26 2d.

231 5212 24 30 OJ•
276 5216 12 12 '■
299 5212 4 30 •■
415 5212 3 30 i
434 5217 32 18 oz.
526 5224 10 6 -
598 5226 9 6 .
624 5215 28 26 4J
654 5237 5 5 #

132 5237 27 27 Ei
168 5246 39 26 ery
217 5237 124 38 -..I..:.:••;•:;
353 5237 2 38 ■
369 5237 36 38 .....
415 5237 3 38 •
429 5244 134 29 farctionof
572 5257 33 18 oz.
623 5237 36 38 4d!

85 5306 17 4 _
100 5273 34 25 lr/
279 5277 12 21 ;!
318 5273 4 45 :
399 5291 7 6 -
420 5280 105 27 -I'osted
545 5287 24 21 at
590 5292 48 25 any
666 5294 42 24 pos

398 5313 3 41 •
414 5322 10 17 r
433 5313 104 37 delivery
556 5322 25 22 at
601 5328 47 23 any
666 5313 66 41 post'

445 5365 11 7 ..
463 5351 59 25 ithin
541 5353 40 26 the
601 5354 115 34 colony--
727 5346 3 42 1

127 5377 45 27 Nat
186 5377 3 40 (
200 5386 33 19 xa
256 5380 55 34 ding
324 5384 9 30 {
347 5391 43 18 or.-
452 5397 10 5 -
522 5399 10 6 -
593 5391 54 26 .3J

224 5445 3 42 •
265 5445 4 42 '
330 5452 40 25 !•
405 5445 4 42 1
421 5455 134 30 tactionof
564 5466 33 19 ok.
617 5461 34 26 Cd.
723 5445 18 39 U

772 162 157 35 niYINE
949 162 161 32 SKBVICE
1134 164 55 32 will
1216 164 33 31 be
1275 164 61 31 held
1366 169 40 27 to-

789 197 27 29 J
851 212 106 23 morrow,
967 205 25 25 in
1004 206 40 26 the
1056 206 113 26 forenoon
1181 211 24 21 ut
1225 205 95 32 KLven,
1331 207 24 25 in
1367 206 40 26 the

762 239 176 29 Court-house;
956 239 23 25 in
999 241 39 25 the
1055 241 102 33 evening
1176 247 23 20 at
1218 242 83 30 Seven,
1323 242 23 24 in
1369 242 39 25 the

764 275 88 25 Casino
863 274 27 26 de
904 274 94 26 Veniee.

1145 323 55 26 Rev.
1218 323 23 26 J.
1259 323 119 26 WHITE.
