3394 5381
37 34 617 25 UNKNOWN

304 299 49 23 1.33

302 335 50 22 2.25

301 369 52 22 3.15

169 537 171 35 2.—Halcyon,
357 547 45 23 s.s.,
421 537 78 32 Wing,
518 541 94 24 master,
630 539 59 25 from

171 609 68 29 Jane,
250 609 119 27 schooner,
382 609 60 24 from
455 608 38 24 the
505 609 34 25 Gr
556 617 13 15 v

191 677 46 25 and
247 677 73 30 Julia,
331 678 118 26 schooner,
460 677 62 24 from
533 677 40 25 the
586 677 88 26 Buller.

284 720 167 18 DEPARTURES.

37 747 119 27 vMarch
166 746 169 34 3.—Halcyon,
346 756 48 22 s.s.,
407 748 79 31 Whig,
498 751 94 28 master,
604 749 36 23 for
651 747 39 25 the

37 783 97 26 nßuller.

37 809 15 35 F
75 818 84 26 MarOh
179 819 139 25 4.—Emma
342 818 69 30 Jane,
438 816 119 33 schooner,
588 818 37 24 for
651 816 39 25 tlrj

45 854 70 31 Orey.

74 887 124 32 Constant,
211 888 78 30 ketch,
301 889 37 24 for
348 887 40 25 the
399 885 86 28 Bullcr.

73 923 43 26 Ma
118 931 11 12 r
129 924 29 25 ch
169 922 157 28 6.—William
336 922 47 25 aud
393 922 73 31 Julia,
477 922 118 31 schooner,
604 922 36 24 for
651 921 40 25 the

45 957 86 28 Bailer.

169 1052 97 32 POET
285 1054 47 30 OF
354 1051 208 33 WESTPJiIT.

305 1116 128 19 ARRIVALS.

74 1153 83 26 March
167 1150 160 35 2—Halcyon,
338 1161 45 20 s.s.,
393 1152 61 25 from
466 1149 148 34 Greymouth

74 1188 83 26 March
167 1187 150 30 3—Pelorus,
328 1187 77 31 ketch,
418 1188 60 23 from
491 1184 128 28 Havelock.

74 1224 84 26 March
179 1225 99 25 5---Star
298 1223 26 24 of
351 1223 38 24 tlie
409 1220 88 33 Buller,
517 1219 88 35 lugger,
628 1219 60 25 from

47 1258 78 26 Fox's.

74 1292 95 32 Nelson,
179 1303 49 25 p.s.,
239 1291 129 31 Whitwell,
379 1295 94 25 master,
485 1291 60 24 from
567 1290 40 24 the
619 1289 70 31 Grey.

75 1327 82 28 March
180 1327 155 31 7.—Ahuriri,
357 1335 46 22 s.s.,
428 1324 144 34 Ffowerday,

46 1364 62 25 from
118 1363 96 27 Kelson.

285 1404 166 18 DEPARTURES.

76 1444 81 25 March
169 1441 160 34 4—Halcyon,
347 1449 45 23 s.s.,
404 1441 36 25 for
459 1439 116 26 Ilokitika
592 1438 46 27 and
656 1439 23 24 in-

47 1483 33 20 ter
93 1486 11 8 ■'
129 1480 13 20 'i
160 1483 15 17 '<
194 1481 70 29 ports.

75 1511 104 27 William
190 1510 46 28 and
246 1510 74 31 Julia,
330 1510 117 30 schooner,
455 1508 37 26 for
503 1508 144 27 Charleston.

75 1548 83 25 Mareli
169 1545 149 31 4—Pelorus,
329 1545 78 30 ketch,
419 1546 37 24 for
468 1544 122 27 ilokitika.

75 1582 84 25 March
169 1580 147 31 s.—Nelson,
327 1588 49 25 p.s.,
395 1578 126 31 Whitwell,
538 1583 95 26 master,
652 1580 37 24 for

45 1615 93 27 Nelson.

73 1650 84 27 March
167 1649 158 34 7.—Ahurir,
336 1657 47 23 s.s.,
393 1647 145 35 Flowerday,
548 1651 94 28 master,
654 1648 36 25 fos

48 1685 152 34 Wellington.

75 1721 83 26 March
171 1722 106 25 S.—Star
284 1722 26 24 of
321 1721 40 24 the
373 1718 86 32 Buller,
470 1719 90 33 lugger,
567 1718 38 25 for
612 1717 77 26 Fox's.

310 1761 111 20 DIPOKTB.

75 1791 46 25 Per
141 1789 94 31 Nelson,
257 1791 60 25 from
345 1789 190 32 Greymouth—l
565 1788 57 25 cask
651 1787 35 26 ab

44 1825 100 28 Stallard
157 1836 5 19 ;
182 1828 26 23 13
219 1825 62 26 bales
290 1825 69 28 chaff,
371 1828 12 21 2
395 1833 7 25 j
410 1825 44 32 kg;
465 1825 101 29 tobacco,
584 1822 105 27 Martin.'

74 1862 45 24 Per
130 1860 105 30 Ahuriri,
247 1861 60 23 from
320 1858 87 26 Nelson
409 1862 42 21 —0
463 1859 57 24 head
531 1857 79 31 cattle,
623 1857 65 29 1111;

44 1898 14 21 3
79 1895 70 23 boxes
169 1901 65 24 eggs,
254 1893 79 28 Neill;
364 1896 7 20 1
395 1897 40 20 ton
447 1896 113 29 potatoes,
585 1894 5 21 1
615 1892 74 26 horse,

43 1928 147 29 M'Kinnon;
209 1929 42 24 100
268 1928 76 31 sheep,
364 1929 16 23 -t
400 1926 59 26 head
479 1924 78 30 cattle.
579 1926 49 23 Fox
641 1936 6 18 ;
676 1928 12 20 5

42 1963 71 25 boxes
122 1970 61 25 soap,
194 1961 53 26 sdo
259 1961 52 29 salt,
332 1964 7 21 1
353 1961 55 25 cask
420 1959 108 32 oatmeal,
553 1963 5 22 1
581 1959 30 26 do
626 1967 62 27 peas,

43 1997 105 30 Martin;
179 2000 7 21 1
211 2005 52 17 case
284 1995 85 35 apples,
391 1995 110 32 Wright;
525 1999 13 21 4
556 1994 69 26 ca»ks
644 1992 45 33 ale,

42 2032 75 26 Davis
129 2033 19 24 &
162 2031 98 25 M'Lean
271 2042 6 19 ;
304 2034 25 22 16
341 2037 64 18 cases
422 2029 167 31 merchandise,
605 2028 82 31 order;

43 2070 13 21 6
66 2065 61 26 hhds
137 2065 42 31 ale,
191 2066 88 24 Martin
290 2077 6 17 ;
316 2068 6 21 1
336 2065 56 30 box,
403 2064 96 25 Eatton.

716 358 403 52 CHARLESTON
1150 359 211 50 ARGUS.

719 582 27 29 If
759 581 43 30 the
819 580 94 31 Pakihi
928 580 104 30 district
1046 590 54 20 was
1110 580 49 31 but
1171 581 57 30 well
1240 580 121 40 supplied

717 624 62 30 with
795 629 80 25 water
889 624 21 28 it
924 624 22 29 is
962 628 45 24 nut
1020 628 44 25 too
1079 624 77 29 much
1170 628 27 24 to
1211 634 45 29 say
1271 624 59 29 that
1340 624 22 29 it

716 666 88 31 would
880 666 46 30 the
941 666 57 29 best
1011 664 127 41 goldfield
1160 676 33 19 on
1209 666 45 29 the
1277 665 84 30 whole

717 709 73 30 West
816 710 87 35 Coast,
942 720 66 19 even
1043 707 139 41 including
1213 709 47 30 the
1293 713 68 26 most

715 753 108 29 favored
837 757 72 34 spots
929 752 28 29 in
984 750 145 31 Westland.
1190 753 37 28 As
1253 751 22 30 is
1301 752 59 29 well

715 795 106 32 known,
849 795 77 30 there
952 805 43 19 are
1020 793 136 30 hundreds
1181 794 29 29 of
1232 804 73 20 acres
1334 794 28 30 of

708 837 1 43 I
714 838 148 30 auriferous
898 837 105 40 ground
1040 837 87 29 where
1163 837 44 29 the
1236 837 121 40 precious

716 880 80 31 metal
822 884 81 26 starts
928 880 69 30 from
1019 879 46 30 the
1079 889 63 29 very
1164 884 73 25 roots
1263 880 30 29 of
1316 880 45 29 the

708 922 1 52 I
715 934 74 31 grass
803 923 59 31 that
875 922 89 31 would
977 933 50 29 pay
1040 922 153 41 splendidly
1207 932 54 20 was
1272 923 22 29 it
1305 932 43 29 pos-

708 959 73 48 sible
798 972 28 25 to
840 966 81 31 sluice
935 966 30 33 it,
981 967 47 28 but
1051 965 87 31 which
1151 976 60 19 now
1225 966 22 29 is
1266 965 96 30 almost

715 1009 97 38 totally
835 1008 129 29 valueless
986 1007 70 31 from
1082 1010 71 27 want
1177 1008 30 29 of
1230 1007 131 32 available

715 1056 87 25 water.
842 1051 83 29 There
939 1051 22 29 is
979 1061 72 20 room
1066 1049 41 30 for
1119 1060 15 19 a
1147 1059 63 31 very
1225 1049 71 40 large
1315 1061 30 28 po-

708 1092 1 42 !
715 1094 120 40 pulation
849 1094 22 30 if
893 1093 54 31 this
961 1104 52 20 was
1026 1092 133 40 supplied,
1183 1093 52 30 and
1250 1092 70 32 what
1340 1093 22 31 is

715 1147 80 27 more,
822 1138 21 28 it
866 1137 89 29 would
980 1146 80 29 prove
1085 1135 153 39 essentially
1260 1146 15 19 a
1298 1146 64 32 poor

715 1180 83 31 man's
822 1179 133 42 diggings,
981 1179 49 34 for,
1056 1178 64 31 with
1141 1178 47 31 the
1205 1179 93 30 rudest
1316 1190 30 29 ap-

715 1225 123 38 pliances,
863 1224 43 29 the
929 1222 82 31 metal
1023 1231 49 21 can
1094 1221 33 31 be
1142 1223 145 36 extracted,
1308 1223 53 30 and

715 1268 45 28 the
783 1267 55 29 first
861 1267 52 38 day
931 1266 30 30 of
981 1265 73 31 work
1076 1265 32 29 be
1122 1265 47 30 the
1192 1265 56 30 first
1263 1266 52 39 day
1334 1266 28 29 of

714 1310 70 40 gold.
825 1310 26 29 It
866 1310 23 29 is
903 1314 58 26 true
974 1309 59 29 that
1043 1318 71 20 some
1126 1308 99 42 plucky
1235 1313 125 26 ventures

714 1354 67 29 have
795 1353 66 30 been
875 1352 76 30 made
974 1356 28 25 to
1015 1351 81 30 brin»-
1110 1352 26 28 in
1159 1356 83 27 water
1255 1352 36 39 by
1309 1353 39 39 pri-

715 1402 59 24 vate
800 1396 106 39 parties,
933 1395 52 29 and
1008 1395 20 28 it
1052 1394 22 29 is
1091 1395 75 38 quite
1190 1395 99 30 certain
1302 1395 60 30 that

715 1440 70 30 their
807 1439 145 40 enterprise
966 1438 54 29 will
1041 1442 47 25 not
1111 1437 64 39 only
1190 1437 32 31 be
1244 1438 60 30 well
1324 1448 25 20 re-

719 1482 111 32 warded,
845 1482 48 28 but
908 1480 53 30 will
976 1480 32 30 be
1022 1490 15 18 a
1050 1483 58 25 vast
1122 1479 68 30 boon
1209 1484 28 25 to
1249 1491 16 18 a
1287 1481 74 38 large

715 1524 111 31 number
839 1524 27 30 of
889 1523 98 31 miners
1000 1522 60 31 who
1082 1532 66 28 now,
1176 1522 104 41 though
1303 1533 43 31 pos-

715 1568 91 31 sessed
820 1568 31 29 of
861 1567 53 30 rich
929 1567 60 36 dirt,
1010 1577 44 19 are
1068 1565 97 30 unable
1179 1570 28 26 to
1222 1567 74 30 wash
1308 1567 53 30 and

715 1614 103 26 extract
832 1610 34 30 its
887 1609 99 30 hidden
1007 1607 106 32 wealth.
1173 1611 38 27 At
1225 1608 44 31 the
1289 1620 72 19 same

708 1653 80 36 .time,
814 1651 66 33 such
906 1651 86 30 works
1016 1661 29 20 as
1075 1651 75 29 those
1176 1651 28 29 in
1230 1662 130 31 progress,

715 1696 101 40 though
830 1700 73 35 great
917 1694 40 32 for
976 1706 16 19 a
1005 1695 49 29 few
1069 1694 163 31 individuals
1245 1700 28 25 to
1287 1706 74 29 carry

715 1742 57 31 out,
798 1750 44 19 are
865 1738 62 39 only
949 1748 15 20 a
983 1748 65 29 very
1070 1737 76 29 small
1159 1737 156 31 instalment
1334 1738 28 30 of

715 1781 71 32 what
812 1781 22 30 is
859 1781 110 32 needed,
995 1781 53 29 and
1061 1785 28 25 to
1115 1781 125 39 properly
1264 1781 97 39 supply

714 1827 82 28 water
809 1824 26 30 in
859 1825 46 29 the
919 1825 147 38 quantities
1090 1823 123 40 required
1227 1828 71 26 must
1319 1834 29 20 ne-

714 1868 123 29 cessitate
862 1868 47 28 the
930 1868 91 37 outlay
1042 1867 30 29 of
1094 1867 42 28 far
1157 1867 87 38 larger
1264 1867 97 38 capital

714 1908 67 30 than
795 1908 77 30 could
897 1908 32 30 be
943 1907 155 40 reasonably
1119 1908 129 39 expected
1262 1907 31 31 of
1308 1909 39 39 pri-

713 1954 59 27 vate
785 1959 108 31 persons
906 1955 28 25 to
947 1950 44 40 lay
1005 1955 55 30 out,
1068 1960 66 20 even
1147 1950 22 30 if
1181 1950 64 39 they
1258 1961 102 29 possess

713 1995 27 28 it.
783 1994 56 31 The
854 1995 54 30 fact
922 1994 28 29 of
970 2004 15 19 a
999 1994 71 39 large
1084 1997 68 26 tract
1165 1994 30 29 of
1213 1995 148 30 auriferous

712 2041 114 34 country
852 2037 75 38 lying
946 2037 101 31 useless
1073 2046 34 19 on
1131 2036 52 30 this
1206 2041 113 27 account
1338 2038 22 30 is

712 2079 130 29 admitted
868 2089 34 19 on
915 2079 36 28 all
976 2079 94 33 hands,
1098 2079 53 29 and
1165 2079 44 29 the
1234 2080 125 38 question

712 2131 97 27 comes,
823 2121 71 31 what
906 2131 45 21 are
966 2121 46 31 the
1026 2121 58 30 best
1098 2131 89 21 means
1200 2126 29 26 to
1239 2122 83 40 adopt
1331 2122 28 30 in

712 2165 74 30 order
800 2169 28 27 to
840 2170 65 25 turn
913 2165 54 30 this
976 2164 102 31 wasted
1085 2166 104 38 ground
1199 2169 28 26 to
1235 2168 122 29 account.

711 2208 48 29 We
772 2208 35 29 do
828 2212 47 27 not
889 2208 104 39 profess
1013 2211 28 26 to
1054 2207 33 30 be
1110 2208 149 40 engineers,
1280 2219 33 20 or
1331 2213 28 26 to

710 2251 66 31 offer
788 2262 52 28 any
851 2251 109 39 opinion
973 2261 28 20 as
1014 2255 29 26 to
1060 2250 61 31 how
1134 2262 32 19 or
1178 2251 69 30 from
1270 2251 89 31 where

710 2293 64 32 such
788 2305 16 19 a
816 2295 97 40 supply
925 2303 28 21 as
967 2303 39 21 we
1020 2298 71 26 want
1104 2304 51 21 can
1174 2293 33 31 be
1220 2294 137 41 procured,

710 2338 49 30 but
772 2338 60 30 that
844 2339 22 29 it
880 2349 51 19 can
943 2338 35 31 be
991 2340 47 37 got
1058 2337 74 31 there
1146 2341 98 28 cannot
1263 2338 32 30 be
1311 2338 47 31 the

709 2380 127 43 slightest
875 2380 134 40 question,
1055 2379 128 41 provided
1226 2380 133 31 sufficient

710 2433 158 30 moueyucan
880 2423 35 31 be
927 2423 87 30 raised
1036 2426 29 27 to
1078 2425 112 28 execute
1211 2423 47 30 the
1270 2434 74 20 neces-

709 2477 59 29 sary
782 2467 93 31 works.
916 2466 32 32 If
961 2466 102 40 private
1075 2465 162 32 individuals
1251 2476 58 27 can,
1322 2470 40 44 onj

709 2519 15 19 a
737 2510 76 30 small
836 2508 76 39 scale,
936 2509 80 40 bring
1037 2509 28 30 in
1091 2518 73 22 laces
1177 2508 131 31 sufficient
1327 2498 35 42 tol

708 2552 99 31 supply
819 2563 18 17 a
841 2551 234 32 jaartaiji-Jiiunber
1087 2550 126 32 ftfheads
1225 2552 137 31 oLaa^m

708 2603 16 19 a
736 2602 132 33 company
889 2591 67 31 with
968 2602 17 20 a
1006 2591 133 41 tolerably
1151 2592 72 40 large
1247 2591 124 28 amounH

709 2636 29 31 of
761 2636 100 41 capital
887 2635 92 32 would
1004 2634 91 41 surely
1117 2634 33 30 be
1172 2632 58 31 able
1251 2635 28 27 to
1298 2637 73 46 eonj

708 2681 88 28 struct
812 2677 88 32 works
926 2687 34 21 on
981 2687 18 20 a
1011 2677 74 40 large
1106 2675 70 34 scale
1188 2674 60 32 that
1270 2683 38 22 wo

707 2720 107 30 furnish
839 2721 45 28 the
909 2721 85 28 miner
1021 2717 66 31 with
1107 2716 36 31 all
1169 2720 60 26 that
1240 2717 34 30 he
1296 2708 75 51 nowj

709 2763 76 31 waits
798 2762 49 32 for.
887 2760 56 34 The
961 2761 125 42 question
1098 2761 24 31 is
1144 2769 50 22 one
1207 2758 61 33 that
1287 2758 84 32 inte-'

708 2812 70 25 rests
790 2815 132 30 everyone
934 2816 37 20 ou
983 2806 47 30 the
1040 2803 98 32 Pakihi
1146 2803 150 40 especially,
1307 2801 52 31 and

709 2848 46 32 the
769 2849 99 31 miners
891 2857 35 20 on
938 2847 47 31 the
1007 2851 72 26 coast
1100 2844 145 42 generally,
1264 2844 53 32 and
1336 2844 25 32 it

709 2891 96 30 should
818 2891 33 31 be
865 2891 82 30 taken
960 2900 37 29 up
1020 2890 36 38 by
1077 2888 46 32 all.
1180 2888 29 29 It
1233 2887 24 30 is
1280 2887 75 40 quite

710 2935 109 38 certain,
833 2934 32 31 in
877 2933 45 31 the
940 2933 56 31 first
1009 2933 81 40 place,
1115 2931 59 31 that
1187 2930 47 32 the
1253 2930 106 31 scheme

710 2977 89 32 would
813 2978 33 30 be
863 2977 142 41 profitable
1028 2980 30 28 to
1080 2976 44 31 all.
1164 2975 56 30 The
1240 2975 74 38 yield
1333 2974 30 30 of

708 3021 64 38 gold
795 3020 99 34 would,
920 3029 40 20 we
985 3018 112 35 believe,
1123 3018 35 30 be
1184 3017 118 31 doubled
1332 3022 28 25 at

710 3063 60 36 lest,
790 3062 49 32 the
861 3062 108 41 diggers
986 3060 91 33 would
1098 3060 69 31 have
1180 3059 72 31 what
1272 3058 98 34 would,

710 3107 42 34 be,
766 3107 27 30 in
807 3107 65 35 fact,
886 3117 15 19 a
913 3116 60 21 new
986 3105 63 32 field
1063 3104 104 40 opened
1177 3106 29 28 to
1214 3103 83 39 them,
1307 3103 53 31 and

710 3149 81 31 could
804 3149 106 40 depend
924 3159 33 21 ou
971 3148 70 32 their
1063 3148 75 30 labor
1150 3147 80 40 being
1248 3146 60 31 well
1320 3157 28 21 re-

711 3194 164 36 munerated,
909 3193 80 30 while
1024 3192 46 30 the
1101 3191 189 39 storekeepers,
1330 3191 29 29 of

710 3246 99 28 course,
824 3236 88 30 would
935 3236 76 30 share
1024 3235 29 30 in
1075 3234 45 31 the
1134 3234 135 30 enhanced
1289 3244 57 31 pros-

711 3279 88 40 perity
821 3279 28 30 of
874 3278 48 32 the
945 3278 113 34 district,
1083 3278 53 30 and
1159 3276 35 31 all
1217 3276 90 31 would
1326 3276 33 31 be

710 3323 104 38 gainers
846 3322 118 39 thereby.
1021 3321 47 30 All
1109 3321 82 38 being
1222 3319 137 32 therefore

712 3365 112 40 directly
837 3364 155 39 interested,
1007 3364 91 41 surely
1110 3363 75 32 there
1199 3361 54 32 will
1266 3365 47 29 not
1326 3362 33 32 be

710 3419 54 27 any
776 3410 130 37 difficulty
919 3409 28 27 in
962 3408 112 38 floating
1087 3418 16 18 a
1111 3416 129 27 company
1249 3410 27 24 to
1286 3416 73 27 carry

712 3455 47 26 out
790 3449 45 31 the
861 3448 187 40 undertaking,
1081 3448 53 31 and
1161 3447 91 31 shares
1277 3446 30 32 in
1337 3447 22 30 it

712 3492 95 38 would,
823 3503 39 19 we
875 3492 97 31 should
994 3492 86 36 think,
1104 3492 34 30 be
1151 3489 105 42 readily
1275 3490 82 31 taken

712 3546 34 29 up
762 3535 35 42 by
811 3547 78 28 eveiy
903 3547 50 20 one
968 3547 34 20 on
1016 3535 47 30 the
1078 3533 72 32 field.
1189 3533 29 30 It
1230 3533 111 40 require.
1342 3544 7 11 o
1350 3556 7 14 ,

712 3579 130 38 however,
858 3580 61 30 that
931 3590 73 20 some
1018 3588 49 21 one
1081 3575 97 33 should
1191 3580 65 26 start
1265 3577 29 37 it,
1306 3577 53 30 and

711 3622 88 30 before
812 3623 56 29 this
882 3632 47 20 can
943 3622 33 30 be
989 3622 69 30 done
1071 3631 16 20 a
1099 3622 75 38 great
1187 3619 61 31 deal
1268 3619 32 31 of
1315 3630 30 20 ne-

710 3676 104 30 cessary
828 3666 172 31 information
1014 3664 23 31 is
1059 3662 151 41 absolutely
1227 3662 130 41 required.

710 3709 24 29 A
748 3710 101 29 careful
863 3719 96 30 survey
972 3712 73 26 must
1058 3708 63 30 take
1134 3706 74 39 place
1222 3706 35 38 by
1271 3717 16 18 a
1300 3706 45 29 tho-

710 3751 112 41 roughly
840 3754 152 39 competent
1007 3759 104 32 person,
1135 3748 53 31 and
1201 3747 79 32 when
1300 3747 58 32 that

709 3795 23 29 is
746 3794 150 41 completed
909 3794 46 30 the
969 3794 132 30 residents
1111 3792 79 31 could
1200 3801 34 29 go
1246 3795 28 26 to
1284 3793 74 29 work

709 3836 65 31 with
787 3837 85 39 spirit,
888 3837 53 30 and
955 3836 58 32 also
1026 3835 78 31 when
1117 3834 75 31 there
1204 3843 53 22 wa3
1270 3843 68 21 some-

708 3880 78 39 thing
800 3880 109 29 definite
922 3878 106 32 arrived
1042 3881 37 31 at,
1093 3877 95 41 appeal
1200 3880 28 26 to
1241 3876 46 30 the
1307 3877 34 30 Go-

708 3926 139 26 vernment
873 3922 41 30 for
935 3921 65 31 such
1023 3921 145 30 assistance
1189 3929 29 18 as
1232 3928 53 20 was
1305 3929 39 20 rea-

708 3964 109 32 sonable
832 3968 28 28 to
873 3963 49 32 ask
934 3964 53 31 and
1000 3963 75 40 right
1087 3962 42 31 for
1142 3961 72 32 them
1227 3963 29 28 to
1270 3965 85 37 grant,

708 4008 82 35 Now,
816 4019 30 19 so
866 4009 41 28 far
927 4018 40 18 we
989 4007 51 28 feel
1053 4016 59 18 sure
1135 4015 80 28 every
1228 4014 50 19 one
1301 4005 54 29 will

706 4060 80 32 agree
799 4050 66 31 with
879 4060 38 27 us,
933 4048 53 32 and
1001 4047 54 31 will
1068 4047 68 31 wish
1148 4046 44 30 the
1213 4045 127 32 undertak-

706 4095 48 37 ing
779 4094 61 30 God
865 4094 88 39 speed,
980 4093 50 28 but
1060 4090 142 40 sympathy
1224 4100 30 19 or
1284 4090 71 40 good

706 4136 104 39 wishes,
834 4136 104 42 though
960 4144 64 31 very
1044 4134 62 31 well
1131 4134 28 29 in
1185 4132 169 39 themselves,

706 4190 83 22 never
799 4181 77 30 made
890 4191 15 19 a
919 4183 56 27 cart
988 4188 29 20 or
1026 4177 55 40 dug
1089 4188 16 20 a
1118 4174 83 36 ditch,
1213 4176 50 30 and
1274 4186 65 20 some-

706 4223 78 40 thing
806 4234 73 20 more
899 4221 121 41 tangible
1038 4221 23 29 is
1080 4219 124 40 required
1227 4223 28 25 to
1268 4221 46 36 get
1333 4219 23 30 it

705 4266 88 40 going.
851 4266 86 31 What
956 4266 23 29 is
1002 4262 172 42 everybody's
1192 4262 120 30 business
1332 4261 22 31 is

705 4308 175 41 proverbially
896 4307 129 39 nobody's
1038 4306 131 36 business,
1192 4304 54 30 and
1259 4304 54 30 this
1332 4304 23 30 is

704 4361 15 19 a
732 4361 58 20 case
803 4351 29 31 in
846 4349 83 40 point.
969 4349 44 30 No
1023 4358 57 24 one,
1095 4347 90 30 unless
1197 4346 102 29 backed
1319 4346 35 40 by

704 4384 89 47 public
820 4393 110 38 opinion
961 4391 98 38 clearly
1091 4389 155 40 expressed,
1281 4398 73 21 cares

702 4436 82 30 about
799 4435 115 42 pushing
934 4433 111 31 himself
1060 4430 125 39 forward,
1209 4431 52 30 and
1275 4431 24 29 if
1315 4441 39 20 we

704 4480 63 28 wait
790 4480 42 28 for
855 4488 73 19 some
946 4487 95 28 person
1055 4479 27 25 to
1096 4481 59 33 step
1171 4480 47 23 <;ut
1238 4474 51 29 and
1306 4485 32 19 en-

703 4521 97 31 deavor
814 4525 28 26 to
856 4518 96 33 launch
976 4518 46 31 the
1035 4517 75 41 proje
1119 4524 17 23 :t
1160 4515 192 40 singlehanded

703 4575 38 20 we
755 4575 62 28 may
832 4565 62 30 wait
908 4562 43 31 till
962 4561 154 37 doomsday.
1137 4560 65 31 This
1213 4559 137 39 difficulty,

702 4608 130 37 however,
848 4617 61 29 may
922 4605 33 30 be
969 4615 63 29 very
1046 4603 59 31 well
1115 4607 47 36 got
1173 4612 62 21 over
1244 4601 36 40 by
1291 4601 49 31 call-

704 4651 44 39 ing
774 4661 15 19 a
811 4650 94 41 public
929 4648 117 38 meeting
1063 4656 34 19 on
1119 4646 48 30 the
1181 4645 113 38 subject,
1314 4655 38 24 or,

701 4694 41 29 for
755 4693 47 30 the
816 4695 97 28 matter
925 4690 31 31 of
966 4690 68 37 that,
1051 4688 111 39 holding
1174 4693 53 25 two
1237 4697 30 19 or
1279 4687 73 30 three

702 4737 27 29 in
743 4736 125 31 different
882 4738 74 36 parts
966 4733 27 30 of
1006 4732 48 31 the
1064 4730 110 37 district,
1187 4729 104 40 though
1302 4740 50 21 one

701 4779 96 30 should
810 4779 33 30 be
868 4777 138 31 sufficient.
1065 4775 51 30 Let
1136 4773 46 30 the
1203 4775 97 28 matter
1320 4773 31 30 be

702 4822 62 28 then
791 4820 143 36 discussed,
962 4818 54 29 and
1039 4818 34 29 its
1087 4815 185 40 (advisability
1291 4826 45 19 can-

702 4863 91 32 vassed
804 4875 8 27 ;
831 4874 28 20 as
873 4867 28 26 to
922 4862 46 30 the
987 4861 119 31 decision
1129 4858 60 31 that
1210 4857 88 31 would
1319 4858 31 30 be

701 4908 103 29 arrived
829 4909 29 28 at
872 4909 76 27 tiieie
972 4915 48 19 can
1042 4904 33 30 be
1098 4901 115 39 scarcely
1226 4906 53 25 two
1292 4902 43 39 opi-

701 4951 82 27 nions.
842 4949 57 29 The
926 4947 125 39 question
1072 4951 27 24 to
1112 4946 33 27 be
1159 4945 57 27 first
1229 4944 119 35 decided,

702 5003 51 18 was
767 5002 15 19 a
798 5003 14 16 v«
820 4995 56 26 ater
889 4998 131 30 company
1033 4998 34 20 on
1082 4998 15 19 a
1105 4985 161 40 sufficiently
1276 4985 74 40 large

701 5035 70 31 scale
794 5033 168 42 practicable,
986 5031 53 30 and
1061 5029 79 32 could
1164 5039 16 19 a
1197 5028 100 42 supply
1316 5028 32 30 be

700 5077 126 31 obtained
840 5076 65 30 with
919 5087 28 19 as
961 5074 80 30 much
1055 5071 98 42 capital
1167 5082 28 20 as
1204 5082 52 19 was
1266 5071 82 40 likely

701 5126 26 24 to
742 5121 32 29 bj
793 5118 88 32 raised
895 5120 6 28 I
960 5117 56 31 The
1042 5125 96 30 survey
1164 5114 75 31 alone
1259 5114 89 31 would

700 5173 102 22 answer
818 5162 82 35 these,
924 5160 53 31 and
1001 5160 44 31 the
1059 5162 67 29 next
1147 5157 76 41 point
1238 5162 25 26 to
1283 5160 64 28 turn

700 5207 132 29 attention
849 5209 28 26 to
890 5203 90 31 would
998 5204 32 29 be
1053 5208 28 25 to
1094 5205 46 36 get
1161 5201 53 30 this
1228 5202 71 29 done
1319 5210 28 20 as

700 5259 63 19 soon
777 5258 29 20 as
823 5246 123 41 possible.
987 5244 81 35 Now,
1089 5244 21 29 it
1133 5243 22 30 is
1169 5252 65 30 very
1247 5242 84 41 impro-

700 5290 76 32 bable
789 5289 62 31 that
875 5299 54 29 any
941 5286 96 32 skilled
1060 5285 125 42 engineer
1197 5285 89 32 would
1306 5289 39 27 set
1370 5285 1 43 ]

1454 58 32 27 iic
1496 58 52 28 iiad
1562 68 67 18 souir
1641 60 106 28 •>!ihrtun

1389 97 40 30 his
1444 98 82 30 labors
1541 99 84 32 wouHi
1640 99 30 31 bo
1684 102 143 30 rewarded.
1850 112 37 25 or,

1389 141 93 39 wor-ls,
1494 142 55 31 Lhat
1561 142 33 29 lie
1606 143 85 30 would
1708 150 28 24 be
1751 149 61 35 paid
1827 154 40 21 for
1881 133 143 49 tlicmpH

1389 185 46 28 tlie
1460 185 111 38 meeting
1592 187 89 30 would
1705 187 67 30 have
1788 192 29 25 to
1831 188 67 29 elect
1921 197 14 20 a
1957 175 67 42 cdH

1390 227 91 30 mittee
1489 227 42 30 for
1554 226 44 31 the
1610 228 97 32 double
1729 239 113 31 purpese
1856 229 30 31 of
1908 229 116 42 pushiifp

1390 280 35 20 on
1440 269 44 29 the
1493 269 106 31 scheme
1611 271 34 39 by
1658 272 36 28 all
1708 283 91 19 means
1812 272 27 30 in
1848 272 69 30 their
1929 283 93 30 power,

1389 312 53 32 and
1455 316 27 28 to
1493 312 92 41 gather
1595 313 78 31 funds
1688 317 28 28 to
1730 324 51 32 pay
1796 315 45 31 the
1854 316 169 42 preliminary

1389 366 128 30 expenses.
1557 356 20 29 A
1596 367 61 28 very
1670 358 79 29 small
1761 358 176 40 subscription
1957 359 66 30 from

1389 398 63 31 each
1466 398 23 30 cf
1509 397 47 30 the
1569 396 119 33 business
1710 410 60 20 men
1784 401 52 30 and
1859 403 105 31 miners,
1984 400 40 32 for

1389 441 45 29 the
1460 441 76 29 litter
1557 451 43 19 are
1624 441 109 39 equally
1757 443 155 35 interested,
1936 444 88 28 would

1389 483 82 31 suffice
1485 481 38 31 for
1536 481 54 32 this
1602 493 122 32 purpose,
1739 485 53 31 and
1806 486 75 30 when
1896 485 46 32 the
1954 496 56 31 prac-

1388 526 125 37 ticability
1527 526 30 28 of
1567 526 42 29 the
1623 528 98 37 project
1735 538 53 19 was
1802 529 99 37 proved
1914 529 52 29 and
1980 529 44 29 the

1388 572 53 25 cost
1454 568 144 36 estimated,
1613 579 38 19 we
1665 570 33 28 do
1708 574 46 25 not
1764 570 77 30 think
1852 571 72 29 there
1937 571 86 28 would

1388 611 32 30 be
1443 621 48 29 any
1514 610 129 41 difficulty
1657 612 27 29 in
1707 612 86 41 filling
1814 614 45 31 the
1873 613 76 30 share
1971 613 51 30 list.

1388 653 70 30 Sliou
1467 653 17 30 d
1497 653 55 29 this
1566 654 31 29 be
1616 654 101 30 carried
1731 660 54 28 out,
1808 665 38 19 we
1862 655 87 29 would
1967 665 43 28 sug-

1387 700 55 35 gest
1454 695 55 31 that
1522 695 153 31 invitations
1689 701 27 25 to
1725 697 44 29 the
1780 697 171 40 professional
1965 707 57 20 men

1387 747 45 21 not
1445 739 58 38 only
1517 739 60 29 here
1601 740 46 28 but
1668 739 140 31 elsewhere
1832 740 96 30 should
1942 740 31 30 be
1992 740 22 30 is-

1387 781 68 31 sued,
1467 780 96 40 asking
1575 782 73 30 them
1672 787 27 25 to
1713 782 67 31 send
1802 783 28 30 in
1845 783 106 39 designs
1971 782 53 30 and

1387 825 78 38 plant,
1489 824 52 29 and
1559 825 110 39 offering
1693 825 42 30 for
1747 826 46 29 the
1814 826 57 30 best
1884 826 51 30 and
1957 831 67 24 most

1387 865 154 32 economical
1556 876 15 19 a
1585 866 113 31 suitable
1721 868 141 41 premium,
1886 869 104 30 besides
2010 878 13 19 a

1387 909 162 31 commission
1562 919 33 20 011
1609 910 45 30 the
1668 911 166 38 supervision
1846 911 28 29 of
1886 912 45 28 the
1940 911 84 29 works

1387 952 70 30 whei
1471 951 29 31 in
1513 962 130 30 progress.
1684 953 32 30 In
1736 953 77 31 order
1834 958 28 26 to
1879 963 145 28 encourage

1388 994 164 30 connection
1567 1005 14 19 a
1595 996 129 37 premium
1740 996 41 29 for
1794 996 44 30 the
1858 998 97 28 second
1966 997 58 29 best

1387 1036 80 39 migit
1480 1036 33 30 be
1527 1036 100 32 added.
1663 1038 38 29 To
1715 1037 34 30 do
1763 1038 61 36 this,
1840 1049 28 19 as
1883 1048 38 19 we
1934 1039 90 28 before

1387 1079 56 31 said
1458 1078 89 31 would
1561 1079 62 32 take
1636 1079 48 30 but
1698 1090 63 30 very
1771 1080 69 30 little
1851 1090 95 31 money
1957 1081 67 30 from

1387 1122 140 30 individual
1554 1133 115 27 persons,
1696 1124 52 28 and
1774 1124 35 37 by
1830 1135 29 18 so
1883 1124 84 39 doing
1986 1133 38 18 we

1387 1164 88 32 shoild
1491 1174 90 21 secure
1607 1165 46 31 the
1666 1165 57 31 best
1746 1165 116 42 possible
1876 1165 92 31 advice
1988 1175 34 21 011

1387 1209 46 29 the
1451 1212 103 26 matter.
1594 1208 54 31 We
1674 1211 70 27 most
1770 1209 135 38 earnestly
1928 1219 83 20 recoin-

1388 1251 72 32 meid
1486 1251 45 30 the
1554 1250 101 40 subject
1677 1255 28 25 to
1728 1250 48 31 the
1797 1252 133 29 attention
1944 1252 28 29 of
1991 1252 33 29 all

1387 1294 130 31 resdents.
1575 1293 27 30 It
1627 1294 92 30 affects
1732 1304 49 20 one
1794 1294 53 30 and
1861 1293 44 37 all,
1920 1294 52 29 and
1992 1304 32 20 an

1387 1338 109 39 impetus
1507 1339 29 28 to
1549 1336 46 31 the
1608 1336 189 32 advancement
1811 1337 30 30 of
1860 1337 47 30 the
1920 1337 104 30 district

1387 1380 80 30 woild
1480 1379 33 31 be
1522 1380 89 38 given,
1625 1379 22 29 if
1666 1380 100 29 carried
1780 1384 55 31 out,
1855 1380 59 30 that
1928 1384 27 26 at
1968 1391 42 31 pre-

1387 1427 50 27 seit
1450 1433 48 19 can
1511 1422 95 39 hardly
1620 1421 32 31 be
1663 1422 154 32 calculated.

1421 1526 77 33 Some
1512 1527 70 33 little
1595 1527 160 32 excitement
1767 1528 48 32 has
1828 1528 69 32 been
1916 1528 108 31 evinced

1387 1573 27 28 in
1432 1571 135 30 reference
1593 1576 27 25 to
1634 1581 15 19 a
1673 1576 129 35 tramway
1823 1572 120 30 between
1964 1572 60 30 here

1387 1613 45 31 aid
1458 1613 142 40 Westport,
1623 1613 53 30 and
1698 1614 47 30 the
1766 1614 123 39 question
1903 1614 30 30 of
1948 1617 76 27 route

1386 1657 40 30 lus
1439 1654 67 33 been
1519 1655 186 43 considerably
1725 1656 147 33 discussed.
1912 1656 49 31 We
1981 1667 43 20 are

1387 1698 125 33 iiformed
1526 1699 35 41 by
1575 1710 16 18 a
1602 1700 171 38 professional
1794 1700 153 39 gentleman
1967 1701 57 30 that

1387 1742 62 31 afar
1463 1742 86 31 better
1559 1747 76 26 route
1648 1742 66 31 than
1727 1743 60 30 that
1799 1741 56 32 laid
1877 1748 48 26 out
1938 1743 28 30 in
1980 1744 44 29 the

1387 1788 99 37 p-esent
1505 1785 76 29 track
1601 1785 121 31 between
1735 1785 46 30 the
1804 1788 54 28 two
1870 1786 87 39 places
1977 1796 47 21 can

1388 1829 24 29 le
1434 1827 86 31 found
1541 1827 36 40 by
1591 1828 149 41 traversing
1761 1829 46 30 the
1820 1829 68 31 level
1910 1828 113 41 ground,

1386 1872 106 36 sorting
1503 1870 70 30 from
1586 1870 110 31 Waite's
1708 1872 110 29 station.
1930 1872 94 29 should

1386 1912 46 30 Ike
1446 1917 27 24 to
1488 1912 69 29 have
1569 1912 78 31 other
1660 1912 123 40 opinions
1797 1914 27 29 in
1838 1914 137 30 reference
1995 1916 28 27 to

1385 1955 47 30 tiis
1454 1957 107 35 matter,
1587 1955 52 30 and
1661 1955 55 31 will
1740 1956 92 39 gladly
1843 1955 108 40 publish
1971 1966 53 31 any

1385 2000 52 28 faat
1450 2008 40 20 we
1503 2007 62 30 may
1577 1997 33 30 be
1623 1997 108 32 favored
1745 1999 73 30 with.

1414 2040 48 30 Dr.
1489 2039 106 33 Hector
1618 2042 103 30 arrived
1745 2042 29 29 in
1800 2041 159 31 Charleston
1990 2052 34 23 on

1385 2082 132 39 Thursday
1530 2084 146 37 afternoon,
1692 2084 53 30 and
1756 2094 128 31 purposes
1891 2084 133 40 spending

1385 2137 8 19 i
1405 2126 53 31 few
1472 2125 66 41 days
1551 2126 28 30 in
1597 2125 54 31 this
1674 2126 52 31 and
1749 2126 46 31 the
1821 2126 133 42 Brighton
1974 2126 38 31 dis-

1377 2170 70 38 trict.
1508 2168 50 31 We
1581 2179 43 20 see
1646 2170 60 31 that
1726 2171 34 29 he
1783 2171 47 29 has
1843 2171 109 30 favored
1975 2180 48 19 our

1378 2211 144 42 Westport
1534 2215 203 37 contemporary
1757 2211 65 31 with
1835 2213 101 30 several
1959 2212 52 30 inte-

1380 2255 100 40 resting
1500 2256 77 29 items
1591 2254 27 30 in
1632 2255 129 31 reference
1774 2258 30 28 to
1825 2256 42 30 his
1880 2260 68 31 tour,
1971 2256 52 30 and

1380 2308 38 21 we
1430 2298 70 40 hope
1512 2298 60 30 that
1584 2301 63 27 next
1660 2298 75 31 week
1748 2308 39 21 we
1801 2308 60 31 may
1885 2298 32 31 be
1938 2299 84 30 fortu-

1377 2346 60 25 nate
1450 2341 106 39 enough
1570 2343 29 28 to
1611 2351 110 29 procure
1734 2342 101 30 similar
1859 2342 162 41 particulars,

1376 2383 47 32 the
1448 2383 83 32 result
1551 2383 29 31 of
1601 2375 118 57 ijia-visit
1732 2388 28 27 to
1773 2384 55 31 this
1851 2388 61 37 part
1932 2385 32 31 of
1979 2384 45 31 the

1372 2469 28 49 Y
1413 2469 27 31 A
1460 2469 89 31 rather
1558 2468 70 41 large
1651 2469 112 32 number
1785 2469 30 31 of
1832 2469 101 32 miners
1954 2469 68 32 have

1372 2501 75 42 lone
1459 2511 79 31 north
1551 2511 97 41 durifeg
1668 2512 49 31 the
1739 2515 60 35 past
1818 2512 51 30 few
1889 2512 74 38 days*
1984 2512 40 30 in-

1513 2557 29 26 to
1567 2554 74 31 via»
1654 2555 47 29 the
1894 2554 52 26 but
1977 2552 46 26 tUo

1372 2592 115 40 Krodus,
1501 2594 77 29 small
1591 2594 62 31 alit
1675 2603 61 30 may
1750 2594 40 35 be,
1811 2602 85 21 seems
1910 2591 113 40 scarcely

1372 2637 124 39 jjustified
1517 2638 36 38 by
1574 2637 49 32 thei
1635 2639 127 29 accounts
1782 2636 60 29 that
1861 2636 69 29 have
1950 2645 73 20 come

1372 2676 93 50 [down.
1505 2679 29 31 It
1547 2680 22 30 is
1649 2680 60 29 that
1721 2679 46 30 the
1781 2678 102 31 Maoris
1894 2681 48 35 got
1951 2687 72 20 some

1372 2709 94 52 flirty
1625 2716 96 37 <7%cca
1740 2722 29 28 of
1792 2721 82 38 gold,,
1891 2721 54 28 and
1966 2719 59 29 that
2026 2709 2 53 1

1372 2761 1 43 '
1380 2763 74 32 other
1465 2763 106 41 parcels,
1586 2764 156 40 amounting
1755 2763 28 31 in
1796 2763 36 31 all
1845 2767 29 27 to
1887 2762 83 32 about
1978 2761 45 31 the

1465 2808 134 38 quantity,
1608 2808 65 29 have
1687 2808 66 28 been
1766 2807 58 29 sold
1833 2811 28 25 at
1869 2806 45 29 the
1925 2805 98 37 Buller,

1379 2849 49 31 but
1439 2849 55 31 this
1507 2849 24 32 is
1543 2852 49 27 not
1601 2849 104 39 enough
1716 2851 29 28 to
1755 2848 120 31 occasion
1888 2858 15 19 a
1916 2851 110 36 seventy

1380 2891 62 32 mile
1455 2896 95 35 tramp,
1564 2891 42 30 for
1618 2892 58 29 that
1698 2891 23 30 is
1741 2891 82 30 about
1835 2891 46 29 the
1905 2891 120 30 distance

1380 2935 68 31 from
1476 2933 161 33 Charleston
1656 2937 28 27 to
1710 2934 46 32 the
1782 2938 128 28 entrance
1933 2933 28 31 of
1980 2932 45 31 the

1380 2978 141 32 Karamea.

1416 3022 57 31 The
1486 3022 123 38 building
1620 3020 153 32 committee
1787 3020 27 30 of
1835 3020 48 31 the
1901 3019 124 32 Catholic

1379 3058 108 39 tTtureh
1501 3067 56 29 met
1580 3073 36 24 on
1628 3063 141 42 Thursday
1790 3062 41 31 for
1844 3062 45 31 the
1912 3071 114 33 purpose

1385 3109 26 30 •>f
1419 3109 142 39 accepting
1574 3119 15 18 a
1602 3109 93 30 tender
1708 3107 41 30 for
1761 3107 45 29 the
1820 3117 57 18 new
1891 3106 134 39 building.

1385 3150 79 32 There
1474 3161 69 21 were
1554 3154 105 39 present
1672 3150 104 30 Messrs.
1787 3148 93 38 Creed,
1890 3148 133 38 Glennon,

1384 3195 49 31 ind
1453 3195 94 37 Barry,
1560 3194 44 30 Mr
1616 3193 28 31 P.
1660 3194 92 37 Hehir,
1776 3192 46 30 the
1835 3192 91 30 fourth
1944 3202 70 20 mem

1385 3237 48 37 ler,
1458 3237 81 39 being
1564 3236 124 31 detained
1714 3236 36 41 by
1774 3235 122 30 business
1921 3239 27 25 at
1980 3234 47 30 the

1385 3279 95 32 duller.
1520 3279 115 32 Tenders
1649 3288 68 22 were
1731 3277 124 32 received
1868 3286 29 21 as
1909 3276 116 32 follows:

1384 3324 176 40 —Burgoyne
1583 3323 52 29 and
1663 3322 47 36 Co,
1738 3321 76 30 £249
1828 3331 7 26 ;
1858 3320 26 30 J.
1910 3320 115 40 Repath,

1384 3366 77 32 ,£243
1475 3375 7 31 ;
1500 3365 29 32 T.
1545 3364 82 42 King,
1639 3363 82 33 £244
1734 3374 8 29 ;
1755 3363 34 32 A.
1802 3362 226 39 Morson,c£249;

1385 3410 24 29 C.
1425 3410 127 30 Holman,
1563 3409 79 29 £249
1654 3408 47 29 10s
1715 3418 7 25 ;
1736 3407 109 29 Charles
1854 3406 170 37 Humphries,

1384 3449 95 39 £220;
1495 3449 26 32 J.
1536 3449 106 37 Vevers,
1658 3448 97 38 £290;
1775 3447 34 31 R.
1825 3447 84 37 Scott,
1929 3446 99 39 £318;

1384 3492 17 31 J
1418 3492 188 39 M'Conachie,
1616 3491 88 33 £337.
1743 3491 56 30 The
1821 3490 92 31 lowest
1926 3490 99 37 tender,

1385 3537 54 31 tLat
1453 3537 29 31 of
1500 3536 28 30 C.
1545 3535 174 40 Humphries,
1741 3544 54 21 was
1818 3533 144 42 accented,,
1971 3533 54 31 and

1383 3579 44 32 the
1440 3578 74 32 work
1528 3578 55 32 will
1596 3578 33 31 be
1640 3577 171 33 commenced
1832 3580 28 26 at
1874 3586 74 21 onee.
1987 3576 39 30 As

1385 3630 35 23 w&
1444 3622 89 31 stated
1557 3621 53 31 last
1634 3620 83 35 week,
1742 3620 45 30 the
1813 3620 50 30 site
1884 3619 143 39 originally

1384 3665 116 32 selected
1512 3675 54 20 was
1578 3666 49 29 not
1639 3662 153 33 considered
1806 3662 171 40 satisfactory
1990 3663 36 40 by

1385 3718 14 21 a
1411 3720 69 29 targe
1494 3709 112 29 number
1618 3708 28 29 of
1658 3707 45 30 the
1714 3706 199 39 congregation,
1937 3705 53 31 and
2011 3716 15 19 a

1384 3753 72 39 groat
1469 3751 86 31 desire
1568 3754 29 26 to
1614 3749 98 40 change
1725 3748 23 31 it
1761 3758 53 20 was
1828 3747 143 40 expressed
1990 3747 37 40 by

1383 3803 87 28 many.
1508 3793 56 31 The
1578 3793 66 30 Rev.
1658 3792 101 30 Father
1768 3792 97 37 Royer,
1876 3791 71 29 after
1957 3801 69 19 mass

1383 3845 42 24 on.
1430 3836 111 40 Sunday
1553 3836 61 36 last,
1627 3838 48 38 put
1691 3834 47 31 the
1761 3832 126 42 question
1901 3836 28 26 to
1948 3832 75 32 those

1383 3882 117 34 present,
1512 3879 54 29 and
1578 3879 24 29 it
1623 3888 52 20 was
1696 3876 191 38 unanimously
1908 3876 117 30 resolved

1383 3923 28 26 to
1432 3921 75 30 leave
1530 3921 45 29 the
1596 3919 126 30 selection
1743 3918 30 30 of
1795 3918 47 30 the
1868 3917 51 30 site
1933 3917 28 30 in
1983 3918 42 29 his

1383 3962 171 33 Reverence's
1564 3962 90 31 hands.
1690 3961 45 32 He
1746 3959 191 42 subsequently
1947 3960 77 31 chose

1381 4016 16 19 a
1409 4010 58 34 spot
1481 4017 35 19 on
1527 4006 47 30 the
1588 4006 80 29 Fox's
1681 4005 74 30 road,
1768 4003 81 30 about
1873 4004 53 29 500
1945 4004 80 39 yards

1380 4046 66 32 fron
1458 4047 47 32 the
1527 4057 86 31 camp,
1632 4046 52 32 and
1698 4055 35 21 on
1754 4056 15 20 a
1792 4044 109 41 gradual
1924 4046 98 29 ascent.

1380 4090 55 31 The
1446 4092 103 39 change
1560 4092 23 29 is
1596 4090 154 31 considered
1759 4100 15 19 a
1783 4099 63 29 very
1856 4088 169 40 satisfactory

1380 4142 59 24 one.
1459 4134 53 31 and
1526 4144 35 21 no
1582 4133 76 40 delay
1672 4132 55 31 will
1747 4142 60 21 now
1820 4131 62 31 take
1903 4131 74 39 place
1996 4132 29 29 in

1380 4177 161 42 completing
1555 4177 44 30 the
1614 4176 134 31 erection..
1798 4175 54 30 We
1865 4175 111 29 omitted
1995 4179 29 26 to

1380 4224 65 26 state
1460 4220 59 31 that
1529 4230 80 30 every
1622 4219 134 41 provision
1781 4217 49 31 has
1853 4217 69 31 been
1947 4217 77 30 made

1380 4262 41 31 for
1433 4262 43 31 the
1491 4263 115 31 comfort
1618 4262 28 31 of
1658 4260 188 40 worshippers,
1870 4260 52 30 and
1942 4260 83 30 foiins

1380 4309 28 26 to
1421 4305 46 30 the
1480 4306 67 29 door
1559 4306 66 28 have
1638 4305 69 30 been
1721 4307 75 25 contr
1856 4304 18 28 d
1888 4304 46 28 i'or.

1416 4346 51 30 For
1491 4357 108 21 reasons
1625 4344 144 33 elsewhere
1795 4345 87 30 stated
1914 4354 40 21 we
1980 4354 44 21 are

1380 4388 34 29 ob
1425 4390 60 39 iged
1496 4393 28 25 to
1537 4389 67 29 omit
1618 4398 47 19 our
1678 4387 115 30 detailed
1807 4387 102 38 mining
1922 4389 99 31 report.

1381 4431 47 30 We
1442 4441 66 30 may,
1523 4431 126 37 however,
1674 4440 45 29 say
1733 4429 59 30 that
1814 4429 103 39 mining
1936 4428 88 31 affairs

1379 4485 43 18 are
1448 4475 157 38 flourishing
1622 4478 54 26 and
1701 4474 120 37 improve
1848 4472 80 39 daily.
1987 4471 38 29 At

1378 4516 172 40 Thompson's
1560 4515 69 37 rush,
1644 4515 105 40 beyond
1772 4514 46 30 the
1832 4513 120 31 Darkie's
1971 4514 39 28 ter-

1379 4569 67 25 race,
1471 4560 77 31 there
1574 4570 43 19 are
1641 4558 93 38 nearly
1752 4560 102 36 twenty
1877 4556 92 30 claims
1989 4565 33 20 on

1377 4601 70 40 gold,
1462 4613 74 20 some
1550 4602 30 30 of
1588 4601 74 31 them
1675 4601 93 39 giving
1781 4611 28 18 as
1833 4600 78 30 much
1925 4609 28 19 as
1967 4601 53 27 two

1378 4645 51 30 and
1444 4650 74 26 three
1532 4645 90 40 grains
1638 4646 28 28 to
1679 4644 45 29 the
1747 4642 103 31 fistfull.
1910 4641 111 30 O'Brien

1377 4687 53 29 and
1456 4692 75 36 party
1558 4688 66 29 have
1649 4685 149 40 completed
1823 4695 16 19 a
1863 4694 60 20 race
1955 4683 68 30 from

1378 4729 123 32 Darkie's
1527 4734 98 26 terrace
1647 4731 30 29 to
1691 4728 45 30 the
1750 4728 81 30 lower
1851 4726 60 32 lead
1924 4737 35 20 on
1978 4726 45 30 the

1378 4772 76 31 north
1468 4773 143 39 township,
1637 4775 54 26 two
1712 4771 78 31 miles
1812 4771 53 30 and
1882 4780 16 20 a
1920 4769 56 30 half
1995 4770 28 28 in

1378 4815 100 39 length,
1493 4817 53 28 and
1568 4815 23 29 it
1609 4815 21 29 is
1655 4814 109 38 already
1789 4813 30 28 of
1841 4812 181 29 considerable

1376 4858 99 31 service
1501 4862 28 26 to
1553 4857 46 31 the
1625 4867 13 18 n
1651 4856 80 30 iners.
1787 4854 25 31 A
1825 4865 58 20 new
1898 4854 63 31 rush
1975 4854 47 30 has

1375 4901 82 31 taken
1470 4901 76 39 place
1560 4906 28 25 to
1602 4899 178 40 Candlelight,
1794 4899 54 29 and
1861 4908 16 20 a
1888 4897 51 31 few
1952 4897 69 41 good

1376 4944 91 28 claims
1478 4954 44 19 are
1533 4942 142 30 bottomed.

1413 4985 97 40 Owing
1527 4989 28 26 to
1569 4985 47 30 the
1629 4988 92 26 extens
1725 4981 4 44 :
1734 4993 29 19 ve
1790 4981 52 31 and
1866 4981 157 40 interesting

1375 5031 113 27 extracts
1515 5038 39 20 we
1574 5028 69 30 ha\e
1656 5026 77 30 made
1756 5026 68 29 from
1850 5024 46 30 the
1955 5023 67 30 New

1375 5071 75 30 York
1466 5071 100 31 Hera'd
1610 5080 37 19 w>!
1663 5080 45 19 are
1722 5069 108 39 obliged
1844 5071 28 26 to
1886 5067 66 29 omit
1975 5077 48 19 our

1374 5115 105 39 mining
1503 5114 115 37 column,
1644 5112 80 30 much
1749 5111 67 30 local
1845 5112 100 28 matter
1969 5109 54 30 and

1373 5157 100 31 several
1486 5156 99 32 letters.
1623 5151 3 44 I
1644 5155 50 31 We
1714 5154 56 32 will
1790 5153 80 42 bring
1892 5162 37 30 up
1950 5151 72 31 these

1373 5211 73 19 arrea
1461 5211 12 19 s
1487 5201 28 30 in
1530 5211 48 19 our
1591 5201 63 29 next
1668 5199 79 29 issue.

1410 5242 44 31 Mr
1468 5242 54 40 Kyi
1534 5242 103 41 nersley
1650 5240 63 30 held
1734 5249 15 20 a
1774 5238 84 31 Court
1880 5240 28 26 at
1929 5236 76 31 West-

1372 5289 58 36 port
1444 5295 34 20 on
1494 5285 176 38 Wednesday,
1695 5280 52 33 and
1761 5278 146 45 proceeded
1919 5283 28 26 to
1961 5278 68 31 Nel-j

2085 317 55 30 The
2152 315 93 41 bridge

2049 362 28 27 to
2103 369 55 28 say,
2184 358 158 41 completed,

2048 402 83 29 traffic
2144 406 28 25 to
2185 400 57 31 foot
2265 410 151 29 passengers
2436 398 52 31 and
2509 399 96 30 horses.
2654 391 39 20 ™

2049 445 46 29 has
2109 445 64 28 been
2187 444 71 29 built
2279 444 35 35 by
2335 442 25 29 J.
2387 441 151 30 Blanehard
2561 443 52 28 and
2633 443 56 34 Co.,

2049 487 57 30 who
2120 486 65 30 have
2199 484 154 40 projection,
2367 483 53 31 and
2439 495 44 20 are
2496 483 154 33 authorised
2663 493 27 23 to

2049 530 91 28 collect
2153 528 63 28 tolls
2229 528 40 28 for
2282 538 15 18 a
2309 531 66 25 term
2389 537 28 18 as
2430 528 198 37 compensation
2650 529 41 29 for

2049 571 68 30 their
2131 569 101 39 outlay.
2273 570 26 28 It
2311 569 23 29 is
2348 569 53 29 200
2415 569 55 30 feet
2485 570 25 28 in
2525 568 104 40 length,
2643 570 48 29 but

2049 613 63 40 only
2126 613 41 30 six
2180 612 54 30 feet
2248 612 28 30 in
2289 612 47 31 the
2349 612 69 29 clear
2432 612 28 29 in
2474 611 121 30 breadth.
2636 613 55 29 The

2049 657 80 29 latter
2142 655 22 29 is
2177 665 15 18 a
2204 658 77 35 great,
2291 654 118 29 mistake,
2425 655 42 28 for
2481 655 77 37 drays
2572 654 53 29 will
2644 658 47 25 not

2049 699 32 31 be
2095 697 57 31 able
2166 700 26 26 to
2206 706 78 25 cross,
2297 696 102 41 though
2413 696 63 39 they
2490 706 49 21 can
2549 697 65 29 have
2624 696 69 31 their

2049 744 122 27 contents
2198 739 133 31 unloaded
2352 740 52 29 and
2423 739 101 31 carried
2549 750 70 25 over,
2639 740 53 30 and

2049 784 44 29 the
2106 783 77 39 drays
2196 792 48 21 can
2258 782 31 30 be
2303 781 117 40 brought
2432 781 117 40 through
2559 782 44 31 the
2614 783 75 30 river.

2049 827 54 29 The
2137 826 73 29 work
2246 834 111 32 appears
2391 829 27 24 to
2434 826 31 29 be
2488 824 59 30 well
2561 826 52 29 and
2632 826 45 29 sub-

2049 868 137 39 stantially
2199 867 77 37 done,
2288 867 52 30 and
2352 866 54 30 will
2421 867 32 29 be
2475 877 15 19 a
2503 871 74 35 great
2599 878 77 19 conve-

2051 913 89 29 nience
2154 915 26 25 to
2194 910 45 30 the
2253 909 141 39 travelling
2411 909 97 39 public.
2552 910 51 30 We
2625 910 68 30 shall

2049 958 46 27 not
2108 954 63 31 hear
2183 953 77 40 again
2274 952 27 30 of
2313 953 46 30 the
2373 957 82 25 escort
2469 952 81 41 beiug
2563 953 77 31 stuck
2653 963 36 30 up

2049 998 40 28 for
2102 1007 15 18 a
2129 997 61 39 day,
2206 1005 38 19 we
2257 1005 121 28 suppose.

2085 1038 48 29 We
2167 1047 42 19 are
2242 1036 137 39 delighted
2413 1038 27 28 to
2472 1036 55 31 find
2557 1038 58 29 that
2646 1048 47 19 our

2051 1080 127 40 Brighton
2192 1083 201 35 contemporary
2406 1079 47 31 has
2467 1084 26 25 at
2508 1080 50 29 last
2572 1081 73 30 woke
2657 1092 35 30 up

2049 1129 27 23 to
2100 1135 15 17 a
2137 1123 120 29 serseof
2284 1122 41 28 his
2338 1132 91 26 errors,
2454 1123 53 28 and
2530 1124 23 27 is
2566 1125 80 37 going
2664 1130 29 23 to

2049 1165 98 32 double
2161 1164 40 30 his
2215 1163 61 38 size,
2291 1174 99 31 engage
2404 1165 45 29 the
2462 1165 109 31 services
2585 1166 28 30 of
2626 1177 51 20 com-

2049 1213 92 35 petent
2173 1212 138 34 reporters,
2349 1208 50 30 and
2432 1208 76 29 make
2540 1209 45 29 the
2612 1220 81 29 paper

2051 1252 101 37 worthy
2166 1251 29 29 of
2215 1250 45 30 the
2274 1250 111 30 district.
2428 1250 47 30 We
2498 1261 42 19 are
2554 1252 49 30 the
2622 1262 71 19 more

2049 1294 108 40 pleased
2172 1292 63 30 with
2250 1293 52 30 this
2326 1293 147 30 exhibition
2488 1293 28 29 of
2537 1304 100 30 energy
2650 1294 29 30 be-

2050 1347 85 27 cause,
2150 1340 207 37 presumptuous
2370 1346 28 20 as
2413 1336 21 30 it
2448 1346 61 28 may
2521 1347 69 20 seem
2602 1347 34 20 011
2646 1348 47 20 our

2049 1383 68 36 part,
2138 1389 38 19 we
2189 1379 67 29 have
2279 1389 15 19 a
2307 1383 92 34 strong
2420 1379 136 38 suspicion
2569 1379 61 30 that
2649 1381 44 29 the

2049 1423 100 38 change
2162 1421 89 30 would
2267 1426 47 25 not
2338 1421 69 30 have
2420 1421 80 31 taken
2523 1421 73 39 place
2609 1422 25 31 if
2648 1422 45 31 the

2051 1466 192 30 Charleston
2269 1465 101 28 Anous
2395 1464 53 29 had
2473 1467 46 25 not
2542 1474 75 20 come
2637 1466 56 29 into

2050 1509 140 31 existence.
2230 1506 69 30 That
2321 1506 193 40 improvement
2535 1516 52 20 was
2612 1507 65 40 impe-

2050 1552 111 38 ratively
2174 1559 136 29 necessary
2331 1550 74 29 there
2418 1552 98 27 cannot
2537 1550 33 29 be
2584 1560 15 19 a
2621 1561 58 28 ques-

2050 1595 66 35 tion,
2143 1594 53 28 and
2209 1603 38 18 we
2265 1591 186 40 congratulate
2471 1602 48 19 our
2544 1595 133 37 contempo-

2049 1647 62 30 rary
2136 1646 35 19 on
2196 1634 45 30 the
2267 1633 166 41 recognition
2455 1633 31 30 of
2508 1644 29 19 so
2550 1634 110 31 obvious
2679 1646 14 18 a

2049 1680 64 29 fact.

2085 1721 27 30 A
2124 1720 92 32 rather
2228 1720 119 40 singular
2360 1730 66 27 case,
2445 1719 142 40 partaking
2601 1720 27 30 of
2646 1720 47 30 the

2050 1764 115 31 horrible
2188 1764 53 30 and
2267 1764 45 29 the
2338 1762 143 31 ridiculous
2503 1766 125 27 occurred
2648 1763 45 30 the

2049 1807 76 31 other
2138 1807 58 39 day.
2237 1806 25 30 A
2284 1817 66 29 poor
2372 1805 97 37 fellow,
2493 1809 49 36 put
2556 1816 33 19 on
2612 1805 81 30 board

2049 1861 52 20 one
2114 1851 29 29 of
2154 1851 46 29 the
2213 1854 122 26 stermers
2348 1854 28 26 at
2389 1848 79 30 Fox's
2477 1849 41 30 for
2529 1859 164 28 conveyance

2051 1900 26 22 to
2100 1893 45 29 the
2166 1892 73 38 Grey
2260 1891 116 41 hospital
2397 1891 62 28 died
2479 1901 65 19 soon
2557 1891 68 29 after
2645 1891 48 30 the

2050 1934 86 30 vessel
2162 1934 109 30 started.
2329 1933 58 29 The
2408 1932 76 30 cabin
2497 1943 53 19 was
2564 1934 129 37 crowded,

2049 1976 47 30 but
2109 1978 45 29 the
2168 1976 90 31 ladies'
2273 1975 77 31 cabin
2363 1974 52 31 had
2429 1985 33 19 no
2476 1980 153 35 occupants,
2640 1976 54 31 and

2049 2019 46 30 the
2108 2030 89 29 corpse
2211 2029 52 20 was
2286 2018 132 31 therefore
2441 2017 91 40 placed
2545 2018 77 32 there
2641 2019 52 30 and

2048 2063 123 38 decently
2190 2061 113 31 covered
2323 2061 67 28 with
2412 2060 128 36 blankets,
2569 2062 46 29 &c.
2668 2071 25 29 \

2048 2104 100 31 certain
2161 2103 175 40 storekeeper,
2350 2113 16 19 a
2379 2112 140 30 passenger
2533 2104 35 39 by
2580 2103 45 30 the
2639 2113 40 21 ves-

2048 2148 45 38 sel,
2107 2147 54 31 had
2174 2148 67 30 been
2255 2146 149 39 sacrificing
2416 2151 90 35 pretty
2515 2145 85 41 freely
2610 2150 26 27 at
2646 2145 47 33 the

2047 2192 90 29 shrine
2150 2192 28 29 of
2189 2190 127 37 Bacchus,
2331 2189 52 30 and
2397 2190 47 29 did
2462 2194 47 24 not
2521 2200 75 20 come
2615 2190 78 30 down

2048 2237 27 28 to
2088 2233 64 32 seek
2174 2244 15 19 a
2202 2232 101 41 resting
2322 2231 77 40 place
2412 2232 42 30 till
2476 2232 62 40 late,
2560 2232 78 30 when
2657 2232 37 30 all

2048 2277 44 30 the
2105 2275 129 33 available
2251 2285 78 31 space
2350 2284 53 20 was
2425 2274 82 31 taken
2530 2286 43 29 up.
2613 2274 81 31 After

2047 2331 73 21 some
2134 2319 204 35 consideration,
2353 2317 127 42 knowing
2495 2317 129 42 probably
2635 2317 58 32 that

2048 2364 44 29 the
2106 2362 91 31 ladies'
2212 2362 78 30 cabin
2303 2371 54 20 was
2378 2362 177 35 unoccupied,
2576 2361 33 29 he
2623 2366 70 25 went

2047 2406 27 29 in
2088 2405 75 30 there
2176 2406 53 29 and
2243 2415 52 17 saw
2310 2403 69 27 what
2392 2406 33 24 lie
2438 2403 133 36 suppicsed
2583 2407 28 27 to
2625 2403 33 31 be
2677 2415 16 19 a

2045 2448 122 151 t)ing
2192 2455 61 22 man
2280 2442 64 31 with
2376 2442 94 42 plenty
2496 2442 30 32 of
2538 2446 153 34 ..blankets,

2112 2491 136 38 sequently
2267 2486 34 28 he
2323 2491 28 23 at
2376 2496 65 19 once
2463 2484 98 31 turned
2578 2490 30 29 in
2627 2489 66 30 with

2280 2527 109 40 sleeper,
2415 2527 53 30 and
2489 2531 140 29 remained
2657 2531 36 30 all

2112 2571 13 28 t~
2135 2571 29 28 in
2180 2573 49 26 red
2242 2568 67 30 with
2321 2569 45 27 the
2387 2578 111 29 corpse:-
2528 2561 52 54 Hjs
2602 2571 89 30 horror

2048 2621 34 23 on
2095 2611 106 40 waking
2214 2611 28 30 in
2251 2611 46 30 the
2305 2610 121 40 morning
2437 2610 101 40 maybe
2549 2613 143 38 imagined,

2047 2655 179 41 particularly,
2239 2663 30 21 as
2291 2654 88 37 owing
2401 2658 29 26 to
2446 2654 47 29 the
2515 2653 126 33 libiitions
2660 2655 33 29 he

2049 2699 51 30 had
2125 2696 159 31 swallowed,
2298 2706 35 18 on
2351 2695 48 29 the
2554 2697 78 39 night
2650 2696 42 30 his

2048 2749 93 22 nerves
2155 2749 66 20 were
2234 2740 48 28 not
2295 2737 28 29 in
2336 2736 46 30 the
2396 2736 60 30 best
2474 2735 76 30 order
2570 2737 121 37 possible.

2079 2783 36 25 As
2136 2790 36 18 we
2188 2782 60 25 have
2266 2778 76 28 stated
2358 2778 133 26 in'another
2502 2777 136 35 paragraph,
2655 2777 39 26 Mr

2048 2816 149 33 Kynuersley
2207 2816 43 24 has
2260 2821 60 25 gone
2330 2816 25 21 to
2366 2812 87 25 Nelson
2463 2813 39 25 for
2512 2813 40 24 the
2563 2820 97 24 purpose
2668 2813 26 24 of

2049 2851 97 32 making
2157 2851 175 30 arrangements
2343 2846 133 33 respecting
2486 2846 39 26 the
2536 2844 159 34 forthcoming

2049 2885 98 26 election
2157 2886 26 23 of
2194 2884 115 25 members
2320 2883 37 23 for
2368 2882 39 23 the
2425 2880 68 26 West
2510 2880 78 28 Coast,
2603 2880 46 25 and
2664 2888 29 17 on

2049 2919 35 26 his
2096 2923 81 22 return
2188 2926 35 17 we
2234 2925 54 25 may
2300 2919 82 30 expect
2393 2918 25 22 to
2428 2916 68 24 know
2508 2914 53 26 how
2571 2914 41 25 the
2623 2922 61 18 mem

2050 2956 50 25 bers
2111 2963 39 17 are
2161 2957 24 23 to
2195 2954 28 25 be
2234 2949 156 38 apportioned.
2423 2950 27 26 In
2462 2950 40 27 the
2518 2948 117 28 Electoral
2646 2949 47 26 Act

2049 2994 49 21 two
2109 2989 114 26 members
2234 2996 39 17 are
2283 2985 109 36 provided
2402 2985 38 26 for
2451 2985 40 26 the
2498 2984 93 27 Cobden
2599 2984 44 26 and
2650 2993 44 17 one

2050 3025 38 25 for
2098 3024 40 25 the
2149 3022 81 26 Buller
2240 3021 98 28 district,
2349 3022 38 23 for
2397 3024 24 21 at
2432 3021 41 24 the
2483 3020 57 24 time
2550 3018 40 26 the
2601 3019 79 25 amend-

2049 3061 66 22 ment
2127 3064 47 18 was
2185 3055 82 35 passed
2278 3054 91 27 neither
2380 3053 137 26 Charleston
2528 3060 42 17 nor
2580 3053 114 31 Brighton

2050 3100 61 19 were
2121 3092 24 25 in
2156 3095 126 26 existence,
2293 3089 44 27 and
2348 3089 26 25 of
2384 3097 80 18 course
2474 3088 21 26 it
2505 3095 49 18 was
2563 3086 133 35 impossible

2051 3131 24 21 to
2086 3128 89 24 foresee
2187 3127 52 23 that
2252 3126 57 23 such
2326 3128 90 20 centres
2427 3124 26 23 of
2469 3122 135 33 population
2621 3121 75 25 would

2051 3162 26 26 be
2100 3169 24 18 so
2145 3168 56 18 soon
2222 3157 111 28 founded.
2381 3158 37 26 As
2439 3161 24 21 to
2482 3155 93 28 Cobden
2587 3154 73 32 itself,
2677 3156 19 24 it

2053 3197 75 25 would
2138 3196 28 25 be
2175 3193 127 27 ridiculous
2313 3197 24 21 to
2349 3192 56 26 send
2416 3195 48 22 two
2475 3191 114 26 members
2597 3190 63 25 from
2670 3190 26 30 it,

2051 3231 46 26 and
2107 3239 15 18 a
2138 3229 170 33 readjustment
2318 3229 26 24 of
2361 3227 40 26 the
2413 3228 46 24 Act
2477 3229 64 22 must
2557 3223 139 34 necessarily

2051 3266 55 25 take
2126 3264 72 33 place.
2245 3264 44 24 We
2309 3262 28 26 do
2349 3263 52 25 not*
2411 3262 70 24 know
2493 3260 65 24 what
2569 3267 77 25 power
2658 3258 38 25 the

2051 3298 131 29 Executive
2201 3297 127 35 possess.in
2345 3297 144 26 this'matter
2500 3293 100 33 exactly,
2620 3293 42 26 but
2678 3292 18 25 if

2053 3335 55 32 they
2118 3342 39 17 are
2167 3332 128 33 permitted
2305 3336 24 20 to
2340 3340 58 23 vary
2410 3331 39 24 the
2468 3330 187 33 apportionment
2672 3331 24 21 at

2051 3368 39 31 all,
2102 3368 55 35 they
2169 3375 40 19 are
2221 3365 123 37 permitted
2361 3368 24 25 to
2402 3371 58 28 vary
2471 3364 19 27 it
2508 3370 26 19 as
2545 3370 75 19 seems
2636 3364 60 24 most

2051 3404 123 32 equitable.
2221 3403 66 29 This,
2308 3406 25 21 to
2350 3410 42 17 our
2402 3400 119 31 thinking,
2540 3398 76 26 would
2627 3399 27 24 be
2673 3401 23 21 to

2051 3438 54 31 give
2125 3441 27 21 to
2170 3435 93 27 Cobden
2281 3434 47 26 and
2344 3435 71 25 Fox's
2432 3440 44 18 one
2486 3432 110 27 member,
2613 3431 45 24 and
2673 3433 23 22 to

2051 3471 140 27 Charleston
2202 3469 46 26 and
2258 3468 82 27 Buller
2356 3467 103 28 districts
2476 3473 45 20 one
2541 3465 65 26 each.
2652 3464 44 26 We

2051 3506 63 26 learn
2126 3507 62 24 from
2199 3505 42 25 the
2270 3504 116 32 Brighton
2514 3501 51 25 tliat
2576 3500 66 26 there
2658 3506 38 18 are

2051 3540 93 33 already
2155 3544 47 22 two
2212 3538 133 27 candidates
2356 3540 24 25 in
2392 3537 39 26 the
2441 3536 61 31 field,
2514 3536 39 25 Mr
2564 3535 92 30 Donne,
2671 3533 25 25 of

2051 3577 122 31 Brighton,
2185 3574 45 26 and
2247 3574 39 25 Mr
2303 3573 24 26 J.
2338 3575 26 25 P.
2378 3572 77 31 Klein,
2474 3570 102 32 residing
2587 3568 46 26 and
2648 3576 36 18 car-

2050 3612 71 31 rying
2131 3618 30 18 on
2173 3610 106 25 business
2296 3608 24 25 in
2331 3608 116 26 Hokitika
2458 3614 25 18 as
2494 3614 15 17 a
2525 3603 109 34 jeweller,
2651 3603 45 26 and

2050 3651 52 28 part
2112 3645 130 34 proprietor
2253 3644 26 25 of
2289 3643 50 26 that
2352 3641 98 33 journal.

2081 3680 50 26 The
2153 3679 146 27 Courthouse
2316 3679 20 25 is
2356 3676 90 36 rapidly
2463 3674 157 36 approaching
2635 3680 46 18 com-

2050 3714 95 33 pletion,
2157 3714 47 25 and
2214 3712 48 25 will
2279 3714 26 23 be
2316 3722 14 15 a
2345 3712 151 27 comfortable
2514 3709 104 30 building
2629 3709 67 23 when

2050 3749 105 25 finished.
2187 3747 78 26 There
2281 3751 86 21 cannot
2377 3747 27 24 be
2416 3752 14 18 a
2446 3744 71 25 doubt
2533 3742 52 25 that
2597 3741 47 25 this
2659 3749 25 17 ac-

2050 3784 172 25 commodation
2233 3783 20 23 is
2263 3781 91 33 greatly
2365 3780 93 26 needed.
2491 3779 22 24 It
2526 3778 20 25 is
2557 3776 65 32 quite
2639 3775 56 26 time

2050 3819 52 24 that
2113 3818 39 25 the
2167 3820 25 22 10
2204 3825 15 16 x
2232 3819 25 21 12
2269 3819 50 22 tent
2338 3815 102 26 hitherto
2465 3813 38 25 the
2516 3810 57 26 head
2590 3813 106 28 quarters

2049 3853 26 25 of
2082 3852 88 33 justice
2181 3861 30 17 on
2222 3852 39 24 the
2272 3850 87 26 Pakihi
2369 3848 82 27 should
2469 3848 26 25 be
2507 3844 141 28 substituted
2665 3845 30 32 by

2051 3895 63 16 some
2125 3886 79 25 nobler
2215 3885 92 33 temple.

2079 3921 45 25 We
2141 3924 77 28 regret
2235 3923 25 22 to
2271 3928 42 24 say
2330 3919 52 25 that
2394 3921 65 30 petty
2478 3914 116 28 robberies
2605 3921 39 18 are
2659 3913 25 25 be-

2049 3955 94 32 coming
2154 3961 134 24 numerous,
2293 3953 46 26 and
2350 3953 159 33 storekeepers
2519 3956 40 19 are
2570 3947 112 35 complain-

2048 3990 43 32 ing
2100 3991 26 25 of
2136 3994 109 21 constant
2255 3988 78 27 losses.
2366 3988 38 26 On
2416 3986 123 31 Thursday
2547 3982 67 33 night
2622 3991 14 17 a
2643 3989 53 19 case

2049 4026 26 23 of
2085 4029 77 28 porter
2175 4031 47 17 was
2235 4023 74 24 stolen
2328 4024 60 22 from
2405 4019 118 31 Hennelly
2542 4018 45 24 and
2606 4017 89 29 Millen,

2049 4059 46 26 and
2105 4067 14 17 a
2130 4059 47 26 few
2189 4057 57 35 days
2257 4065 44 25 ago
2312 4056 55 26 Fail*
2378 4055 45 26 and
2435 4054 84 32 M'Coy
2528 4051 45 27 lost
2585 4058 14 18 a
2610 4059 52 17 case
2670 4050 26 25 of

2049 4099 112 28 potatoes.
2193 4095 35 23 At
2240 4093 40 25 the
2291 4100 65 17 same
2366 4092 64 29 time,
2443 4099 34 16 we
2484 4090 86 24 cannot
2579 4086 70 25 think
2656 4086 40 25 the

2049 4128 107 26 sutferers
2167 4127 131 33 altogether
2309 4127 50 25 free
2369 4125 63 26 from
2449 4124 77 25 blame
2543 4121 25 25 in
2586 4119 110 34 allowing

2049 4164 60 25 their
2121 4163 70 32 goods
2202 4167 25 21 to
2237 4163 28 24 be
2277 4170 25 17 so
2313 4160 87 33 readily
2412 4157 131 29 accessible.

2078 4198 51 26 The
2151 4198 57 25 Rev.
2229 4196 38 26 W.
2289 4196 77 26 Lewis
2387 4193 92 27 arrived
2495 4200 39 26 per
2545 4189 108 33 Halcyon
2670 4193 25 22 at

2049 4233 77 27 Fox's,
2138 4232 45 25 and
2194 4239 66 18 came
2270 4239 57 16 over
2344 4233 25 22 to
2380 4229 138 26 Charleston
2538 4233 30 18 on
2586 4224 109 33 Tuesday

2048 4266 52 26 last.
2132 4267 37 25 lie
2180 4266 47 26 will
2239 4267 26 25 be
2275 4264 90 27 located
2376 4264 54 26 here
2441 4264 38 24 for
2489 4271 14 16 a
2514 4259 125 33 fortnight,
2650 4259 45 25 and

2048 4310 14 16 a
2074 4306 92 26 cottage
2176 4300 126 32 belonging
2319 4305 24 19 to
2361 4299 38 24 Mr
2415 4299 77 23 Dwan
2509 4297 42 24 has
2562 4295 56 25 been
2634 4297 62 22 most

2050 4334 149 33 courteously
2212 4334 80 33 placed
2304 4337 23 21 at
2340 4333 36 24 his
2387 4330 99 35 disposal
2497 4330 85 30 during
2588 4327 35 26 his
2636 4330 58 29 stay.

2049 4370 36 24 He
2097 4370 19 23 is
2127 4377 23 16 m
2167 4369 58 31 king
2236 4377 13 16 a
2261 4374 53 19 tour
2324 4368 26 24 of
2357 4367 40 24 the
2403 4365 116 32 diggings,
2524 4363 45 24 and
2576 4369 119 24 expresses

2048 4403 40 24 the
2098 4407 103 27 greatest
2212 4402 101 31 surprise
2324 4404 25 22 at
2359 4400 61 25 their
2429 4399 104 25 richness
2543 4396 47 26 and
2607 4398 87 22 extent.

2048 4438 37 24 He
2106 4436 48 26 will
2175 4436 53 26 hold
2249 4436 87 25 Divine
2357 4434 87 25 service
2465 4436 133 22 to-morrow
2615 4433 24 21 at
2655 4429 40 25 the

2048 4473 86 24 Pakihi
2152 4471 80 31 Hotel,
2250 4472 24 24 in
2286 4471 39 25 the
2336 4469 110 32 morning
2465 4471 25 22 at
2503 4469 34 29 11,
2558 4464 46 27 and
2614 4464 25 25 in
2656 4464 39 26 the

2048 4507 100 32 evening
2158 4511 25 20 at
2195 4507 11 23 7
2219 4505 97 25 o'clock.

2078 4541 51 26 The
2141 4542 60 25 llev-
2213 4541 87 24 Father
2311 4540 77 31 lioyer
2398 4537 44 26 left
2463 4537 54 25 here
2533 4534 48 26 last
2598 4532 97 33 Sunday

2048 4577 37 23 for
2095 4577 79 31 Fox's,
2193 4583 29 18 en
2234 4579 66 21 route
2312 4579 24 19 to
2353 4571 154 34 Greymouth.
2540 4570 36 24 He
2596 4568 48 25 will
2658 4575 24 18 re-

2048 4615 54 21 turn
2114 4611 54 25 here
2179 4618 29 16 on
2229 4610 40 24 the
2289 4608 53 26 17th
2362 4608 27 25 of
2409 4606 90 30 March,
2521 4605 35 26 St.
2576 4602 118 27 Patricks

2048 4646 60 30 Day,
2118 4645 47 24 and
2177 4643 46 26 will
2234 4643 114 25 celebrate
2359 4649 63 17 mass
2432 4645 28 21 at
2472 4643 24 22 12
2508 4638 89 26 o'clock
2605 4646 30 16 on
2643 4637 51 24 that

2047 4679 46 32 day
2104 4683 25 21 at
2140 4678 94 26 Creed's
2248 4677 69 26 hotel.
2350 4677 37 25 He
2397 4682 111 27 purposes
2518 4672 108 32 bringing
2637 4670 57 25 with

2048 4714 48 25 him
2107 4723 15 16 a
2131 4713 45 26 bell
2187 4714 38 25 for
2236 4713 39 25 the
2286 4719 51 18 new
2356 4710 94 31 church,
2467 4708 45 26 and
2523 4705 88 27 several
2627 4705 68 25 other

2048 4756 121 25 necessary
2181 4748 100 31 fittings,
2298 4746 47 26 and
2357 4753 34 18 we
2408 4744 57 26 need
2485 4746 41 22 nit
2543 4749 42 25 say
2602 4741 29 25 he
2646 4737 47 26 will

2049 4784 25 26 be
2085 4782 110 33 cordially
2208 4781 126 26 welcomed
2345 4789 29 17 on
2387 4780 36 25 his
2434 4782 88 23 return.

2713 132 1 1 SATURDAY,
2713 132 1 1 MARCH
2713 132 1 1 9,
2713 132 1 1 1867.

2713 132 661 1 UNKNOWN

3032 620 235 47 3/u^

2810 677 108 41 (Before
2932 676 28 31 C.
2975 677 94 38 Broad,

2983 732 110 33 Larceny.

2752 777 63 30 Ann
2831 777 137 39 Connelly,
2987 787 15 19 a
3015 787 102 20 woman
3130 777 31 29 of

2716 824 47 33 ter,
2779 830 53 20 was
2844 820 114 39 charged
2972 819 64 31 with
3050 820 114 38 stealing
3177 820 61 30 £26

2716 863 85 29 miner
2817 863 96 29 named
2936 862 109 30 Charles
3067 862 90 30 Davis.
3197 861 28 31 It

2717 906 56 28 that
2787 906 45 28 she
2846 904 53 31 had
2912 905 106 30 enticed
3031 905 45 29 the
3098 909 153 34 prosecutor
3263 909 28 26 to

2716 947 89 35 house,
2820 946 53 32 and
2890 951 26 26 at
2930 947 59 30 that
3008 947 66 31 time
3088 946 33 31 he
3145 947 53 30 had
3210 947 44 30 the

2716 1001 59 21 sum
2801 991 29 28 in
2855 989 40 30 his
2919 991 103 37 pocket.
3081 989 42 29 On
3143 989 107 40 waking
3265 991 28 28 in
3313 982 61 37 tIH

2716 1033 122 38 morning
2859 1031 162 41 (Thursday)
3043 1031 32 30 he
3097 1031 84 29 found
3203 1031 42 31 his
3262 1042 112 20 mon«

2716 1085 75 29 gone,
2807 1074 41 30 his
2861 1074 177 42 pocket-book
3057 1074 29 29 in
3108 1073 86 31 which
3214 1074 22 30 it
3251 1085 51 20 was
3324 1065 50 39 oH

2717 1119 44 28 the
2774 1119 71 34 floor,
2858 1119 53 28 and
2924 1128 72 19 some
3010 1127 94 27 papers
3117 1117 58 29 that
3188 1117 20 29 it
3219 1109 155 38 contained

2716 1160 110 31 strewed
2840 1160 90 30 about.
2970 1160 42 29 He
3026 1158 111 31 accused
3148 1158 45 31 the
3205 1160 118 40 prisoner
3332 1150 42 40 oB

2717 1204 92 39 taking
2821 1203 29 37 it,
2866 1203 78 31 when
2957 1203 46 30 she
3017 1202 57 29 said
3096 1201 109 31 another
3219 1213 60 19 man
3301 1195 73 38 thalfl

2717 1247 68 38 slept
2798 1245 73 31 there
2885 1245 56 30 also
2954 1245 53 30 had
3019 1245 80 29 taken
3111 1245 31 37 it,
3156 1245 50 30 but
3220 1246 56 28 that
3291 1246 22 29 if
3325 1247 33 29 he

2717 1288 88 30 would
2819 1298 46 28 say
2878 1288 115 39 nothing
3015 1287 81 29 about
3109 1287 22 31 it
3213 1287 88 31 would
3320 1299 26 19 re-

2717 1335 62 26 turn
2793 1331 42 30 £8
2851 1330 88 31 before
2952 1330 83 39 night.
3077 1329 53 32 She
3144 1340 54 20 was

2717 1375 40 29 for
2770 1384 15 19 a
2799 1373 81 37 week,
2902 1373 28 30 in
2942 1374 79 29 order
3040 1376 29 27 to
3214 1374 157 30 additional,

2718 1416 133 31 evidence.
3188 1425 6 11 1

2048 4858 189 33 RESIDENT
2264 4852 273 36 MAGISTRATE'S
2557 4845 133 37 COURT.

2166 4942 141 30 Charleston,
2324 4941 15 24 1
2343 4939 107 31 i.vrsday.,
2463 4935 86 27 March
2563 4946 17 14 i.

2140 5020 104 42 (Before
2260 5020 28 28 C.
2307 5018 93 36 Broad,
2425 5015 73 38 Esq.,
2513 5011 88 38 R.M.)

2084 5065 85 30 There
2184 5075 69 19 were
2277 5073 34 19 no
2338 5058 120 34 criminal
2579 5051 114 41 brought

2047 5109 89 31 before
2148 5107 47 30 the
2209 5106 116 30 Bench.'

2295 5145 62 29 Civil
2378 5144 77 26 Cases.

2084 5186 127 39 Stebbing
2224 5184 54 31 and
2292 5182 107 39 Cowley
2408 5191 24 19 v.
2446 5181 17 28 K
2470 5174 134 43 eilly.—A
2616 5173 77 33 claim

2047 5231 27 28 of
2096 5230 43 29 £A
2156 5230 53 28 10s.
2224 5228 39 28 foi
2283 5224 84 41 goods
2390 5223 56 29 sole
2469 5221 54 30 and
2549 5216 144 33 delivered.

2051 5273 106 29 Verdict
2169 5273 42 28 lor
2224 5271 109 29 amount
2346 5263 117 33 claimed.

2862 1518 169 36 ARRIVAL
3051 1522 47 32 OF
3118 1522 90 31 THE

2765 1591 296 39 PANAMA
3109 1592 206 38 MAIL.

2827 1708 94 26 NEWS
2937 1708 43 26 TO
2997 1708 160 26 JANUARY
3176 1712 67 22 10TH.
3344 1684 44 49 I

2754 1814 55 30 The
2822 1813 135 39 following
2973 1813 23 29 is
3018 1823 16 19 a
3053 1812 159 41 telegraphic

2718 1858 28 29 of
2783 1858 45 28 the
2864 1866 73 20 news
2974 1856 117 30 received
3117 1856 36 38 by
3181 1856 45 29 the
3252 1847 136 54 Ra^^H

2842 1909 141 31 LATEST
3003 1909 236 31 TELEGRAMS.
3262 1936 7 4 .

3163 1951 225 58 Januaoy^^H

2754 2018 56 30 The
2842 2016 101 31 British
2973 2016 143 31 American

2719 2061 84 29 which
2816 2060 46 29 has
2884 2060 68 29 been
2965 2060 28 29 in
3006 2060 100 29 session
3118 2058 41 31 for
3171 2070 16 19 a

2719 2103 46 30 has
2794 2105 26 27 at
2848 2102 52 30 last
2919 2101 123 31 removed
3071 2101 34 30 all

2717 2145 94 42 agreed
2836 2155 36 21 on
2902 2145 47 30 the
2969 2144 69 31 basis
3058 2143 42 32 for
3124 2154 16 21 a

2719 2190 63 33 Bill,
2795 2193 28 24 to
2836 2188 33 29 be
2881 2188 123 39 reported
3017 2190 29 27 to
3058 2187 169 30 Parliament.

2754 2230 57 32 The
2863 2229 108 31 Time*,"'
2999 2230 114 39 predicts
3141 2229 62 31 that

2717 2274 70 30 Year
2799 2272 55 31 will
2869 2273 31 30 be
2914 2283 49 20 one
2977 2273 27 29 of
3016 2273 105 39 general

2753 2317 55 30 The
2830 2326 113 21 revenue
2964 2315 53 31 and
3033 2315 77 32 trade

2718 2360 105 30 Britain
2845 2369 43 20 are
2909 2369 62 28 very
2984 2359 173 38 satisfactory,

2717 2403 58 29 that
2797 2402 43 30 Mr
2860 2401 115 31 Disraeli
2997 2401 55 29 will
3069 2400 54 35 ban
3129 2401 60 30 able

2717 2456 15 19 a
2749 2444 108 42 surplus
2877 2453 116 23 revenue
3017 2442 29 32 of
3069 2442 92 44 nearly

2753 2529 57 30 The
2851 2528 89 30 Times
2988 2539 60 29 says
3063 2528 58 29 that

2717 2570 126 39 England
2862 2570 67 29 with
2946 2570 46 29 the
3016 2570 105 29 various

2719 2612 88 37 world,
2834 2611 66 30 with
2923 2611 45 30 the

2717 2653 94 37 States,
2833 2652 67 31 have
2919 2653 87 42 rarely
3024 2654 68 30 been

2717 2695 61 30 that
2814 2694 36 30 all
2887 2695 153 31 differences

2717 2736 89 27 States
2830 2740 63 30 may
2919 2735 31 25 b3

2754 2818 56 28 The
2835 2817 60 38 ship
2920 2815 130 37 Tornado,

2718 2870 62 20 near
2793 2858 91 32 Callao
2897 2858 53 30 last
2960 2857 124 37 October,

2717 2901 164 39 attempting
2891 2904 30 26 to
2935 2900 79 30 breaK
3027 2899 45 29 the

2719 2945 80 32 heard
2818 2945 28 30 in
2869 2944 45 30 the
2935 2942 113 41 Spanish

2719 2990 52 30 and
2783 2989 47 29 the
2843 2987 102 31 saizure
2958 2977 430 57 confirmecL^^^^^^^^H

2756 3073 56 31 The
2856 3071 81 41 Daily
2949 3069 81 31 News

2720 3126 116 21 nounces
2853 3116 45 28 the
2921 3114 146 39 projectors

2721 3159 109 30 stration
2862 3157 37 40 by
2930 3156 45 31 the
3011 3145 377 61 presen^^^^^^^^^H

3013 3241 53 30 this

2721 3286 68 40 good
2806 3285 144 40 authority,
2972 3284 60 30 that

2790 3329 100 29 British
2910 3328 126 29 Minister

2721 3371 68 32 been
2813 3370 148 33 instructed
2987 3374 26 26 to

2722 3415 101 28 United
2845 3416 88 27 States

2721 3455 130 31 Alabama
2985 3457 28 26 to

2722 3552 74 30 upon

2757 3627 113 31 Rumors
2897 3636 43 21 are

2851 3670 115 40 changes

2920 3801 47 25 not

2916 3850 34 20 on

2720 3883 35 38 by
2770 3883 44 29 the
2832 3874 556 54 introduct^^^^^^^^^^^^^H

2883 3972 28 26 to

2756 4051 167 42 Napoleon's

2922 4095 22 28 is

2883 4181 23 31 is

2803 4224 86 31 vessel

2719 4269 67 30 from
2801 4266 123 31 Swansea

2719 4431 68 28 nesty
2799 4430 24 21 to
2834 4425 40 25 the

2718 4463 99 32 Reports

2719 4497 158 26 Government

2718 4532 39 25 the
2769 4520 619 48 threatene^^^^^^^^^^^^^^^^^H

2748 4566 51 25 The

2860 4601 26 22 to

2718 4633 108 28 tiolstein

2747 4669 77 25 There

2747 4738 52 25 The

2717 4849 41 18 ran

2717 4912 82 25 James

2718 4947 39 23 the

2720 5215 72 31 mafl

124 2161 106 31 BANK
250 2161 47 31 OF
317 2161 85 30 NEW
422 2159 184 39 ZEALAND,

42 2224 188 21 INCORPORATED
251 2224 31 17 BY
302 2224 45 17 ACT
368 2224 30 17 OF
419 2222 115 19 GENERAL
553 2223 133 19 ASSEMBLY.

42 2295 122 32 Bankers
183 2299 29 27 to
237 2295 46 31 the
311 2294 119 32 General
456 2294 184 33 Government
659 2295 28 30 of

113 2353 69 30 New
197 2352 110 30 Zjulun'
309 2351 4 32 l
341 2351 48 30 the
403 2351 148 31 Provincial
565 2351 103 31 Govern-

112 2413 74 25 ment
188 2420 12 18 j
245 2406 32 31 of
311 2406 154 37 Auckland,
506 2407 179 40 Canterbury,

224 2464 57 36 «tc.,
296 2464 45 31 <ke.
548 2471 11 34 \

68 2574 108 25 Paid-it
188 2572 109 26 Capital

69 2622 83 24 Keseb
159 2628 26 18 .'e
197 2619 73 26 Fund

539 2572 72 27 £SOO,
611 2568 55 26 OCKT

560 2619 96 29 150,000

52 2722 345 30 WESTPOBT
438 2723 221 29 AGENCY,

150 2784 68 26 With
238 2784 137 27 AGENCY
395 2786 25 23 at
446 2780 127 28 PAKIHI.

39 2888 140 39 J)RAFTS
205 2887 77 26 issued
303 2895 29 18 on
344 2887 40 24 the
397 2886 93 25 various
501 2885 122 25 Branches
639 2883 46 25 and

103 2922 119 34 Agencies
233 2923 23 24 in
275 2921 56 26 New
344 2920 108 29 Zealand,
471 2928 30 17 on
513 2920 61 25 their
592 2918 93 33 Agents

39 2959 24 25 in
84 2956 32 28 all
137 2957 139 26 Australian
297 2955 115 31 Colonies,
433 2958 73 24 Great
527 2953 93 27 Britain
640 2952 44 27 and

37 2992 101 32 Ireland,
147 2993 74 29 India,
233 2991 96 34 Ceylon,
345 2990 135 30 Mauritius,
503 2989 83 31 China,
603 2989 69 31 Singa-

38 3036 62 24 pore,
112 3028 90 24 British
213 3026 130 29 Columbia,
351 3025 138 29 California,
499 3024 101 30 Mexico,
616 3023 69 29 Peru,

40 3061 47 26 and
99 3060 89 28 United
200 3064 80 24 btates
291 3060 26 27 of
327 3058 130 29 Columbia.

45 3102 14 20 #

38 3153 101 27 Interest
150 3152 97 27 allowed
257 3160 32 19 on
349 3148 4 37 •
365 3148 4 37 •
393 3149 120 36 deposited
524 3158 26 17 as
562 3148 74 27 under
647 3155 39 16 :

101 3203 44 24 F<>r
170 3206 14 21 3
197 3203 101 30 months,
314 3205 14 21 3
339 3209 41 26 per
390 3204 61 22 cent,
470 3207 41 26 per
527 3206 97 18 annum.

99 3238 47 24 For
172 3240 12 22 6
239 3257 14 11 „
313 3240 14 21 4
388 3255 14 12 „
536 3254 14 10 „

99 3276 45 21 hot
159 3276 24 20 i-
238 3290 14 12 „
313 3273 13 22 5
388 3289 15 13 ~
536 3287 14 12 „

57 3321 117 32 General
194 3320 126 39 Banking
342 3320 129 29 Business
490 3316 175 32 Transacted.

67 3425 146 25 HIGHEST
230 3424 95 24 TRICE
343 3422 104 25 GIVEN
468 3422 66 24 FOR
557 3421 96 25 GOLD.

165 3470 60 27 Gold
237 3469 102 28 Smelted
351 3470 58 25 Free
420 3469 26 25 of
457 3468 98 32 Charge.

339 3575 73 27 GEO.
430 3572 134 33 KJRTCN,

37 3632 24 22 41
567 3622 87 30 Agent.

99 3691 104 27 UNION
228 3689 93 28 BANK
346 3687 41 27 OF
412 3683 208 37 AUSTRALIA,

296 3763 129 35 Westport.

92 3899 20 24 S
128 3899 98 31 Agency
238 3896 26 26 of
281 3896 39 24 the
341 3894 73 25 above
435 3892 71 25 Bank
524 3892 20 24 is
559 3897 53 18 now
623 3896 61 27 cpen

34 3994 39 25 for
83 3991 39 26 the
134 3988 143 28 transaction
289 3987 26 25 of
331 3984 66 28 usual
411 3983 111 31 Banking
532 3981 115 28 business.

398 4092 23 25 J.
438 4092 26 25 P.
482 4089 111 31 Martin,

563 4169 88 30 Agent.

33 4266 127 33 Westport,
174 4267 35 22 Ist
220 4263 64 30 Dec.,
298 4263 55 24 1867
655 4258 26 23 12

50 4330 191 34 notice
280 4327 56 31 TO
374 4324 167 32 MARIN
558 4324 102 29 ;;KS.

35 4425 147 71 SIGNAL
197 4421 163 30 STATIONS
386 4420 61 25 have
467 4419 58 25 been
539 4416 141 28 established

30 4514 26 22 at
67 4510 39 25 the
117 4506 132 28 BULLER
263 4504 46 27 and
324 4507 24 22 at
365 4502 94 26 FOX'S
475 4501 110 30 RIVER,
602 4500 76 25 where

30 4581 41 25 the
92 4585 65 20 same
167 4575 94 34 Signals
282 4582 38 18 are
332 4572 55 26 used
404 4580 26 17 as
449 4575 24 21 at
496 4571 40 25 the
558 4571 63 32 Grey
632 4569 46 26 and

61 4726 24 25 A
106 4722 114 34 Flagstaff
234 4722 43 25 has
297 4721 58 25 been
377 4718 91 28 erected
487 4726 31 17 on
538 4717 43 26 the
600 4717 77 25 North

30 4795 73 26 Point
120 4795 26 24 of
162 4791 175 28 CONSTANT
353 4790 77 29 BAY,
451 4787 127 31 PAKIHI,
600 4787 77 25 where

31 4865 41 26 the
92 4861 122 33 following
239 4858 95 35 Signals
360 4856 47 27 will
433 4858 27 24 be
472 4856 81 26 shown

31 4934 49 25 Red
91 4932 60 32 Flag
161 4936 24 21 at
195 4929 123 27 masthead
329 4929 4 35 :
351 4930 73 24 Boats
435 4936 43 16 can
490 4931 67 21 enter

30 5001 60 27 Blue
111 5000 67 33 Flag,
204 4998 140 27 half-mast:
378 4996 56 25 Low
456 4999 80 26 water,
557 4994 55 25 wait
640 4995 37 24 for

90 5049 54 27 tide.

29 5120 81 26 White
119 5117 76 34 Flag:
212 5117 119 25 Entrance
341 5115 137 33 dangerous,
487 5113 51 25 surf
550 5116 38 22 too
598 5112 77 33 heavy

90 5167 37 26 for
138 5167 73 26 boats.

144 5235 29 25 T.
189 5236 31 25 A.
237 5235 107 26 SNETD
360 5232 226 29 KYNNERSLEY,

456 5266 189 28 Commissioner.

32 5306 104 32 January
147 5305 49 33 3rd,
209 5306 64 25 1867.
647 5301 27 23 71

734 19 10 37 j
834 17 27 23 K.
870 22 19 17 v.
1096 16 22 21 ..i
1141 18 41 18 Ml.
1252 16 2 40 •
1277 20 85 17 x;.w..c

723 54 33 26 J-
796 62 94 25 Service
901 66 23 19 at
938 61 38 24 the
988 61 83 24 Pakihi
1080 58 62 25 hotel
1151 59 89 32 [Hurry
1254 59 106 31 Mann'.-J

714 109 104 35 opposite
830 110 37 26 the
880 111 82 31 (amp,
974 106 145 30 Charleston,
1139 110 144 27 to-morrow,
1303 109 45 21 Sun-

714 158 53 33 day,
783 158 23 26 in
817 158 41 26 the
869 157 107 32 morning
997 159 25 22 at
1049 158 6 22 1
1065 159 6 21 i
1094 153 107 35 o'clock,,
1216 154 46 27 and
1283 155 23 26 in
1324 155 39 26 the

714 206 100 32 evening
825 209 24 21 at
862 207 11 23 7
886 203 97 27 o'clock.

745 252 148 28 Charleston,
903 252 83 26 March
998 255 20 22 1).
