4231 6030
124 5161 247 33 CALENDAR
389 5163 90 32 FOR
497 5165 91 31 THE
616 5165 136 32 WEEK

831 875 240 49 Lyell
1119 875 288 49 Times.

831 999 207 36 SATURDAY,
1064 1001 175 29 JANUARY
1264 1004 41 31 16,
1332 1004 75 29 1886.

801 1087 61 26 The
883 1089 100 26 matter
996 1089 30 26 of
1034 1088 103 38 having
1149 1098 16 20 a
1178 1091 156 33 gentleman
1349 1093 30 27 of
1389 1093 44 29 the

801 1134 116 30 medical
940 1136 150 36 profession
1110 1138 120 29 resident
1251 1139 28 28 in
1301 1140 55 29 this
1381 1141 39 29 dis-

800 1181 72 35 trict,
892 1183 124 36 together
1037 1184 67 28 with
1119 1184 46 29 the
1179 1186 125 37 question
1327 1187 30 29 of
1373 1197 45 29 pro-

801 1230 93 35 viding
906 1239 75 20 some
995 1241 96 19 means
1110 1233 29 28 of
1150 1235 125 35 securing
1288 1246 16 17 a
1317 1237 116 28 suitable

800 1274 124 36 building
943 1286 29 18 as
992 1286 35 18 an
1051 1278 136 36 Hospital,
1210 1279 55 28 and
1291 1280 142 30 otherwise

800 1324 157 37 organising
981 1334 16 19 a
1022 1334 97 29 proper
1144 1329 102 35 system
1273 1329 31 28 of
1325 1331 108 35 general

800 1371 202 35 maintenance,
1023 1373 80 34 have,
1117 1384 65 27 very
1200 1377 148 35 naturally,
1372 1387 61 19 now

800 1416 63 31 that
884 1418 46 29 the
977 1420 144 38 Hospitals
1134 1421 55 29 and
1210 1423 155 30 Charitable
1386 1425 31 29 In-

801 1465 140 28 stitutions
953 1467 60 33 Act,
1136 1468 24 28 is
1169 1469 29 27 in
1208 1470 81 32 force,
1299 1472 134 27 attracted

800 1518 17 20 a
840 1512 70 36 good
940 1512 61 29 deal
1026 1514 30 28 of
1074 1515 112 29 interest
1218 1515 54 30 and
1297 1519 136 29 attention

799 1560 100 37 locally
920 1562 63 28 here
1004 1563 31 28 of
1051 1563 64 34 late,
1137 1565 63 34 and,
1219 1576 40 18 we
1272 1567 91 35 might
1376 1569 56 28 also

800 1607 62 33 add,
876 1617 37 18 no
924 1617 76 19 more
1013 1609 68 28 than
1102 1611 47 28 the
1162 1612 66 28 vital
1242 1613 54 27 and
1308 1614 125 37 pressing

798 1654 170 38 importance
987 1656 30 28 of
1028 1657 47 29 the
1092 1658 89 29 whole
1204 1660 73 37 topic
1297 1661 135 35 deserves,

799 1704 166 36 concerning
987 1704 30 30 in
1040 1715 16 19 a
1075 1705 87 31 direct
1182 1717 88 26 sense,
1290 1718 30 20 as
1341 1710 22 28 it
1381 1719 33 20 un-

799 1750 147 37 doubtedly
959 1752 73 35 does,
1046 1754 46 28 the
1105 1754 55 34 life,
1173 1755 91 38 being,
1278 1757 54 28 and
1345 1757 87 38 safety

798 1799 72 31 from
889 1800 80 31 harm
991 1802 55 30 and
1068 1802 137 40 suffering,
1219 1805 35 35 of,
1277 1807 22 28 it
1311 1816 65 29 may
1388 1807 42 36 be,

799 1858 16 18 a
828 1849 74 35 large
915 1851 105 27 section
1042 1851 30 28 of
1087 1852 47 27 the
1155 1855 181 34 community.
1373 1856 57 26 The

799 1894 134 39 difficulty
944 1896 91 30 which
1049 1896 50 30 has
1112 1908 29 19 so
1154 1898 65 37 long
1229 1900 103 29 existed
1344 1900 29 29 in
1384 1901 46 29 the

798 1952 62 28 way
879 1943 31 30 of
925 1944 141 38 obtaining
1091 1947 116 29 medical
1231 1948 53 34 aid,
1306 1949 126 36 together

798 1990 66 30 with
878 1991 46 29 the
937 1992 114 30 absence
1064 1994 31 29 of
1104 2004 16 19 a
1133 1995 169 39 dispensary,
1320 2007 30 19 or
1362 2007 68 19 even

799 2039 46 28 the
870 2044 72 25 most
967 2042 137 35 primitive
1129 2053 96 19 means
1247 2045 185 36 of.affording

798 2088 157 36 temporary
974 2088 111 29 relief—
1086 2090 145 38 especially
1249 2091 42 29 for
1308 2091 123 30 accident

798 2144 84 26 cases,
908 2139 29 27 to
955 2136 90 31 which
1064 2147 17 20 a
1100 2139 108 39 mining
1228 2139 104 31 district
1353 2140 24 31 is
1400 2151 30 20 so

798 2184 150 36 peculiarly
967 2185 90 33 liable,
1070 2186 50 27 has
1138 2187 69 28 been
1228 2189 65 35 long
1305 2189 57 33 felt,
1376 2190 54 28 and

797 2230 21 28 it
831 2230 23 28 is
867 2230 118 38 thought
998 2232 62 30 that
1071 2233 89 29 under
1179 2234 46 29 the
1238 2237 153 36 provisions
1403 2236 30 30 of

797 2277 47 29 the
862 2279 52 28 Act
925 2280 121 29 referred
1064 2286 38 30 to,
1117 2284 54 27 and
1188 2284 67 28 with
1274 2286 47 26 the
1334 2285 79 27 unani-

797 2334 80 21 mous
889 2329 184 36 co-operation
1087 2330 30 30 of
1125 2331 38 30 all
1172 2331 63 31 who
1248 2332 98 30 should
1360 2333 69 30 have

797 2382 16 18 a
825 2373 70 29 little
915 2375 101 36 feeling
1027 2377 30 27 in
1070 2379 48 27 the
1138 2383 111 31 matter,
1270 2381 61 27 that
1344 2391 68 19 some-

797 2419 80 39 thing
896 2422 121 37 tangible
1037 2424 92 39 might
1148 2436 78 20 eome
1247 2427 30 30 of
1298 2438 16 20 a
1338 2429 91 38 public

797 2474 158 24 movement
979 2472 68 28 such
1068 2483 31 18 as
1118 2474 62 28 that
1200 2485 64 19 now
1282 2477 31 27 in
1336 2487 94 18 course

796 2513 72 37 here,
882 2516 55 29 and
950 2519 28 28 to
991 2518 92 31 which
1095 2530 41 20 we
1149 2521 29 30 in
1191 2523 115 31 another
1319 2524 111 31 column

796 2564 77 29 refer.
904 2566 88 29 There
1002 2578 55 23 are,
1068 2570 125 36 perhaps,
1203 2573 108 28 various
1319 2583 111 18 reasons

796 2618 30 21 as
838 2613 28 26 to
878 2610 64 31 how
953 2613 23 28 it
987 2613 25 30 is
1028 2614 80 39 Lyell
1119 2615 24 29 is
1156 2624 30 22 so
1205 2618 170 39 unprovided
1388 2619 42 31 for

795 2658 29 30 in
845 2660 47 29 the
911 2665 103 26 matter
1035 2665 31 26 of
1081 2667 156 35 possessing
1254 2668 35 27 its
1310 2669 120 28 resident

795 2705 93 31 doctor
903 2707 55 31 like
971 2718 56 29 any
1039 2710 79 31 other
1130 2712 98 30 settled
1243 2714 114 31 district.
1394 2716 35 30 In

794 2756 149 35 instances,
962 2758 78 29 those
1054 2760 63 28 who
1138 2771 77 19 came
1233 2763 74 33 here,
1321 2764 46 27 did
1381 2768 48 24 not

795 2802 72 35 suit;
887 2803 49 29 but
948 2804 47 30 the
1008 2804 75 31 chief
1092 2815 89 27 cause,
1200 2817 41 21 we
1254 2809 89 36 think,
1357 2820 30 21 as
1402 2814 27 27 to

796 2851 66 37 why
873 2851 23 30 it
907 2853 23 28 is
944 2853 79 37 Lyell
1035 2855 52 28 has
1103 2856 68 28 been
1183 2867 30 18 so
1225 2858 66 36 long
1303 2859 127 29 shunned

795 2898 37 39 by
852 2899 131 37 medicos,
1004 2900 24 30 is
1049 2902 62 29 that
1124 2902 46 31 the
1190 2904 76 38 place
1287 2905 23 30 is
1332 2905 98 31 looked

795 2957 76 26 upon
889 2958 29 19 as
936 2959 17 18 a
965 2955 62 27 sort,
1033 2951 31 27 of
1074 2951 157 31 Siberia—a
1242 2954 94 26 rather
1348 2959 70 23 unat

797 2994 114 29 tractive
939 2993 87 39 place,
1056 2995 55 30 and
1146 2998 138 30 members
1313 2999 30 31 of
1370 2999 62 32 that

797 3041 151 35 profession
960 3052 45 18 are
1018 3044 59 27 said
1090 3048 28 24 to
1134 3047 153 32 appreciate
1301 3049 130 34 ordinary

797 3085 125 36 comfort,
936 3086 55 29 and
1004 3087 46 29 the
1063 3088 83 30 social
1165 3091 197 39 surroundings
1376 3093 54 30 and

798 3134 125 37 adjuncts
946 3136 91 28 which
1061 3138 48 28 the
1134 3148 115 27 average
1270 3144 75 25 town
1369 3152 45 25 pos-

797 3188 95 27 sesses,
911 3181 59 37 just
991 3191 30 21 as
1041 3183 84 30 much
1146 3193 30 21 as
1189 3185 46 30 the
1254 3187 137 30 members
1404 3189 29 29 of

796 3238 55 27 any
875 3229 86 29 other.
997 3231 98 36 Again,
1117 3233 47 29 the
1187 3238 102 25 matter
1308 3246 68 26 may
1398 3238 32 27 be

797 3276 103 29 viewed
924 3276 37 39 by
984 3286 77 22 some
1087 3279 30 29 in
1136 3289 17 20 a
1172 3290 77 21 more
1269 3292 161 29 mercenary

795 3325 80 36 light,
894 3326 64 33 and,
979 3337 36 19 on
1036 3328 55 28 this
1112 3329 80 34 head,
1217 3341 40 18 we
1278 3333 91 28 would
1381 3339 49 23 not

796 3371 32 29 be
841 3381 30 20 so
889 3372 66 29 bold
974 3382 30 20 as
1016 3377 29 26 to
1063 3384 50 29 say
1134 3376 62 29 that
1212 3377 48 30 the
1273 3380 118 36 practice
1404 3386 27 24 ot

795 3419 82 36 itself,
890 3420 30 30 in
932 3422 79 37 Lyell
1020 3422 116 36 district,
1150 3426 22 27 is
1183 3426 107 37 enough
1303 3431 28 25 to
1343 3431 87 35 tempt

797 3476 107 29 anyone
916 3469 70 30 from
997 3480 16 19 a
1022 3470 89 39 larger
1122 3471 54 29 and
1185 3482 73 20 more
1266 3484 164 28 prosperous

796 3515 114 29 district.
946 3518 145 35 However,
1120 3530 42 17 we
1191 3525 75 24 must
1296 3525 134 35 certainly

796 3570 58 29 say,
879 3562 60 30 that
962 3563 42 30 for
1027 3574 17 20 a
1062 3566 159 37 gentleman
1243 3568 31 30 of
1290 3570 139 30 moderate

796 3612 142 34 ambition,
952 3613 54 28 and
1020 3624 50 19 one
1079 3617 109 36 capable
1198 3618 30 28 of
1235 3619 113 36 making
1358 3620 53 28 him-

797 3659 51 28 self
857 3663 28 25 at
897 3660 82 29 home
992 3660 29 29 in
1034 3671 15 19 a
1063 3662 75 37 place
1150 3664 88 29 which
1253 3675 66 27 may
1332 3667 72 28 have
1414 3678 15 17 a

795 3706 50 29 few
871 3707 217 40 disadvantages,
1120 3712 55 28 and
1204 3713 120 38 perhaps
1354 3715 75 29 lacks

795 3765 76 19 some
896 3757 30 28 of
942 3758 46 28 the
1011 3760 198 29 conveniences
1230 3762 54 28 and
1305 3763 124 30 facilities

795 3803 66 28 such
875 3813 29 19 as
917 3805 46 28 the
976 3806 151 36 profession
1149 3807 23 29 is
1186 3809 66 29 used
1276 3812 28 26 to
1317 3810 71 30 have
1402 3815 27 25 at

794 3851 36 28 its
850 3851 84 35 hand,
955 3853 29 28 in
1008 3863 16 19 a
1044 3856 177 35 professional
1240 3867 87 25 sense,
1350 3859 80 37 Lyell

794 3899 67 28 with
875 3899 45 29 the
941 3901 98 29 settled
1060 3904 161 35 population
1240 3906 91 28 which
1345 3907 20 28 it
1378 3907 50 29 has

795 3949 28 25 at
835 3951 118 32 present,
967 3948 63 29 does
1043 3954 49 24 not
1106 3950 65 29 hold
1184 3955 48 25 out
1254 3953 66 28 such
1334 3964 16 18 a
1362 3964 67 28 very

793 3992 54 30 bad
868 3999 134 34 prospect.
1039 3996 59 30 The
1124 3998 123 31 addition
1272 4001 31 29 of
1318 4010 16 21 a
1354 4003 58 29 well-

793 4043 141 34 regulated
946 4043 129 37 Hospital
1089 4046 83 32 ward,
1191 4048 66 26 such
1271 4058 30 17 as
1315 4049 59 27 that
1388 4050 41 28 for

795 4088 89 31 whieh
909 4090 47 30 the
979 4091 134 30 residents
1138 4102 45 20 are
1207 4104 64 20 now
1300 4097 125 30 striving

794 4138 98 32 would,
906 4139 29 26 in
948 4147 16 19 a
976 4142 75 32 great
1064 4149 133 26 measure,
1211 4142 89 28 lessen
1313 4153 77 19 some
1401 4146 30 27 of

794 4183 46 30 the
870 4184 156 31 difficulties
1063 4186 97 30 hinted
1190 4191 46 33 at;
1268 4190 93 31 whilst
1392 4201 35 20 an

794 4233 143 36 organised
950 4238 102 31 system
1065 4236 31 27 of
1109 4237 201 33 maintenance,
1324 4240 55 28 and
1392 4251 35 18 an

793 4279 153 37 intelligent
971 4282 160 36 conception
1152 4283 30 28 of
1203 4284 46 29 the
1275 4285 68 38 duty
1368 4290 58 26 cast

793 4335 74 28 upon
880 4337 82 28 every
974 4327 162 36 individual,
1159 4340 31 19 as
1202 4341 36 19 an
1250 4334 61 28 unit
1332 4335 30 27 of
1379 4335 47 29 the

793 4375 155 38 sustaining
970 4376 81 38 body,
1075 4379 90 28 would
1183 4389 111 21 remove
1320 4382 52 29 lots
1399 4384 32 28 of

793 4422 132 29 obstacles
937 4433 6 24 ;
962 4425 55 28 and
1039 4425 75 29 chief
1129 4431 129 33 amongst
1280 4429 85 35 them,
1379 4431 46 28 the

793 4469 45 30 old
850 4481 96 20 excuse
956 4472 61 30 that
1057 4474 47 28 the
1113 4473 77 38 place
1201 4480 101 25 cannot
1313 4483 113 32 support

792 4528 16 18 a
977 4520 59 28 The
1046 4525 101 24 matter
1156 4522 65 37 only
1231 4528 89 25 wants
1329 4527 80 26 unani-

791 4565 80 38 mity,
885 4565 54 30 and
952 4577 16 19 a
981 4567 68 29 little
1063 4569 90 29 action
1167 4579 29 19 as
1209 4570 106 39 though
1328 4573 95 37 people

791 4617 95 26 meant
904 4614 82 37 being
1007 4615 97 29 honest
1123 4621 28 24 to
1174 4617 72 30 their
1259 4619 167 30 convictions

791 4661 42 28 for
856 4671 74 19 on<?e.
967 4664 111 34 Apathy
1103 4665 77 35 plays
1204 4675 17 18 a
1244 4666 45 35 big
1306 4670 63 32 part
1392 4669 29 26 in

791 4716 75 20 more
886 4709 69 27 than
975 4718 51 20 one
1047 4710 131 29 direction
1200 4711 73 35 here,
1296 4713 64 35 and,
1385 4723 40 19 we

792 4757 88 36 might
899 4758 63 33 add,
984 4758 29 29 in
1026 4768 72 19 none
1111 4760 66 28 with
1199 4770 16 18 a
1235 4761 84 36 likely
1341 4772 84 19 worse

791 4804 85 29 result
901 4805 68 28 than
993 4805 30 29 in
1048 4806 45 29 the
1125 4810 101 25 matter
1252 4817 63 19 no'v
1338 4809 88 29 under

790 4853 99 28 notice.
927 4854 165 33 Elsewhere,
1118 4865 40 18 we
1183 4857 109 33 publish
1317 4867 16 17 a
1358 4857 71 28 brief

790 4904 90 26 report
902 4899 32 28 of
951 4909 16 19 a
986 4900 119 36 meeting
1126 4900 85 39 lately
1231 4901 72 36 held,
1322 4903 55 27 and
1396 4907 29 25 at

791 4937 88 30 which
905 4939 46 29 the
974 4939 177 39 preliminary
1172 4947 72 32 steps
1266 4948 28 24 to
1320 4942 105 30 further

791 4979 89 27 action
892 4988 70 18 were
975 4979 135 27 initiated.

825 5068 57 29 The
896 5069 66 28 Rev.
978 5069 44 30 Mr
1034 5070 83 29 Innes
1131 5070 85 30 Jones
1228 5071 55 29 will
1303 5073 117 29 conduct

791 5108 98 28 Divine
905 5109 108 28 Service
1035 5115 29 22 at
1082 5111 39 27 St.
1137 5110 155 30 Matthews'
1306 5112 65 29 here
1385 5119 26 23 to-

791 5155 117 19 morrow
920 5146 129 35 morning
1063 5151 27 23 at
1106 5149 30 25 11
1151 5149 112 27 o'clock.

825 5194 57 29 The
902 5197 65 27 next
988 5194 116 39 English
1119 5195 54 29 and
1193 5195 147 40 European
1355 5197 68 31 Mail

791 5234 43 28 via
849 5236 54 26 San
916 5236 145 26 Francisco
1075 5235 55 27 will
1147 5236 70 26 close
1237 5240 27 23 at
1278 5238 45 26 the
1337 5238 86 31 office,

792 5271 87 36 Lyell,
904 5280 35 20 on
969 5272 146 36 Thursday
1145 5272 47 29 the
1221 5273 64 28 28ch
1313 5273 54 38 day
1397 5275 30 29 of

791 5310 133 36 January,
938 5314 28 25 at
980 5312 59 28 1.30
1059 5321 66 25 p.m.
1164 5312 102 36 Money
1287 5313 92 29 orders
1392 5318 28 24 to

791 5348 77 26 catch
881 5348 55 26 this
947 5348 67 27 Mail
1026 5349 55 26 will
1091 5349 30 26 be
1132 5349 90 27 issued
1233 5358 35 27 up
1281 5353 27 24 to
1319 5352 16 25 4
1345 5360 77 27 p.m.,

791 5384 134 40 Tuesday,
939 5386 64 30 26th
1012 5386 133 38 January.

827 5435 22 24 A
870 5435 100 33 special
991 5435 121 35 meeting
1124 5436 30 27 of
1169 5436 47 27 the
1237 5437 139 27 Directors
1397 5438 29 27 of

793 5470 45 30 the
864 5470 56 40 Tyr
939 5471 115 31 Connell
1067 5473 144 40 Company
1228 5483 57 21 was
1303 5475 64 30 held
1388 5485 35 21 on

795 5511 119 38 Monday
938 5515 116 31 evening
1077 5514 62 33 last,
1164 5515 81 29 when
1271 5516 44 28 Mr
1338 5518 27 28 J.
1390 5518 33 28 F.

793 5551 90 31 Clark,
908 5551 62 26 who
994 5552 24 26 is
1042 5552 108 36 leaving
1174 5553 54 27 this
1253 5555 105 27 district
1382 5556 40 27 for

794 5588 145 38 Westport,
954 5589 128 30 tendered
1096 5590 42 29 his
1157 5592 165 38 resignation
1337 5593 30 30 of
1377 5593 45 31 the

792 5629 190 34 appointment
1004 5630 29 26 of
1049 5640 140 25 manager,
1209 5633 88 26 which
1317 5633 34 27 he
1373 5633 50 27 has

791 5664 63 30 held
869 5667 72 28 since
955 5667 46 29 the
1014 5668 146 29 formation
1175 5669 29 28 of
1212 5670 45 28 the
1268 5671 152 37 Company.

795 5705 42 27 Mr
856 5705 94 29 James
970 5704 87 39 Inglis
1079 5716 56 18 was
1157 5710 145 35 appointed
1325 5711 28 26 in
1379 5711 43 28 his

792 5744 85 33 stead,
891 5744 46 29 the
953 5745 135 29 Directors
1101 5747 155 38 expressing
1274 5748 72 29 their
1364 5749 58 29 best

793 5783 101 26 wishes-
910 5784 40 26 for
973 5784 45 27 Mr
1037 5785 104 27 Clark's
1154 5788 88 26 future
1256 5789 26 25 in
1298 5788 42 26 his
1362 5798 59 17 new

791 5819 72 29 field,
878 5820 40 28 for
932 5820 87 29 which
1033 5821 34 29 lie
1089 5822 89 29 leaves
1191 5822 34 39 by
1240 5827 180 28 to-morrow's

790 5859 93 30 coach.

1506 214 58 27 The
1584 216 105 36 weekly
1708 219 98 33 partial
1826 219 127 36 cleaning
1966 230 37 27 up
2017 226 27 24 at
2058 222 46 28 the

1457 251 1 47 I
1472 251 97 37 Alpine
1582 252 108 40 battery
1703 265 56 18 was
1771 257 81 28 made
1864 259 154 38 yesterday,
2026 261 78 28 when

1471 291 42 28 for
1525 293 33 34 6}
1571 292 75 36 days'
1667 294 136 36 crushing,
1817 297 47 27 the
1885 297 97 36 plates,
1996 300 108 35 ripples,

1471 327 53 29 and
1549 330 114 29 berdans
1684 341 68 26 gave
1776 334 49 27 525
1847 344 100 19 ounces
1966 337 138 36 amalgam

1471 368 69 28 from
1554 369 49 28 225
1618 372 60 26 tons
1691 370 30 29 of
1731 374 86 26 stone.

1505 417 34 26 In
1552 417 117 28 another
1681 419 111 27 column
1815 419 46 28 the
1883 421 71 28 local
1976 422 126 37 Hospital

1472 454 164 29 Committee
1658 465 143 20 announce
1821 457 60 29 that
1899 469 36 18 an
1956 461 130 27 entertain-

1471 499 76 23 ment
1566 494 28 27 in
1617 494 43 28 aid
1682 495 29 27 of
1728 495 45 27 the
1787 497 110 32 general
1915 499 66 27 fund
2003 499 55 28 will
2071 499 32 28 be

1472 531 63 29 held
1560 532 64 29 here
1646 542 35 19 on
1700 534 46 28 the
1768 534 65 28 28th
1858 535 113 29 instant.
2008 537 92 28 Those

1471 570 104 37 willing
1587 574 27 27 to
1628 572 79 29 assist
1726 578 28 23 at
1766 574 46 28 the
1832 574 85 34 affair,
1937 575 88 30 which
2038 577 22 27 is
2074 580 27 24 to

1471 610 62 30 take
1559 610 45 30 the
1627 611 68 29 form
1711 611 29 29 of
1751 622 15 19 a
1789 617 109 25 concert
1919 614 54 29 and
1999 615 87 29 miscel-

1471 650 113 28 laneous
1608 650 214 30 entertainment
1851 653 125 27 followed
2005 653 35 36 by
2065 664 34 17 an

1472 687 154 35 Ethiopean
1646 689 79 31 fares,
1738 697 45 18 are
1800 690 142 33 requested
1965 694 27 23 to
2005 690 95 35 kindly

1471 725 60 37 give
1545 725 70 30 their
1627 736 96 20 names
1742 727 29 29 in
1784 730 27 26 to
1831 727 44 30 Mr
1893 727 104 32 Walter
2010 729 90 34 Atkin,

1471 770 27 23 at
1514 765 44 28 the
1571 767 90 26 Times
1675 767 92 26 Office.

1506 813 34 30 In
1554 814 165 31 accordance
1732 814 66 31 with
1811 825 35 20 an
1860 815 152 32 advertised
2032 817 54 32 noti-

1470 854 111 26 fication
1606 857 28 24 to
1660 855 61 26 that
1744 855 87 32 effect,
1856 865 16 18 a
1897 863 66 28 Very
1988 857 98 35 largely-

1472 890 128 30 attended
1622 892 121 37 meeting
1762 901 56 20 was
1836 891 104 32 held.at
1954 894 45 29 the
2022 897 58 27 Com-

1471 932 110 26 mercial
1606 931 65 27 Hall
1697 941 34 17 on
1752 932 136 35 Saturday
1904 934 116 36 evening
2040 936 59 26 last.

1473 969 43 27 Mr
1535 969 73 28 John
1622 969 114 29 Fennell
1756 980 55 18 was
1832 971 79 28 voted
1925 976 26 24 to
1965 972 45 28 the
2025 973 75 27 chair

1472 1007 54 29 and
1556 1009 142 36 explained
1730 1009 59 29 that
1818 1010 46 29 the
1888 1011 87 37 o'oject
1999 1012 30 29 of
2055 1012 45 29 the

1472 1049 119 33 meeting
1616 1058 55 17 was
1700 1052 27 23 to
1752 1049 106 27 initiate
1883 1059 16 17 a
1923 1050 108 28 scheme
2059 1052 41 26 for

1470 1084 145 35 providing
1644 1085 46 26 the
1715 1094 96 18 means
1839 1087 29 25 of
1895 1088 120 34 erecting
2046 1088 53 27 and

1470 1122 183 36 maintaining
1683 1133 15 19 a
1728 1123 70 29 local
1831 1124 109 30 Branch
1972 1125 127 38 Hospital

1471 1162 92 32 Ward,
1586 1163 54 26 and
1662 1163 56 27 also
1740 1163 61 27 that
1819 1163 29 27 of
1858 1164 128 34 inducing
2009 1165 43 26 Mr
2065 1166 33 26 G.

1470 1198 34 30 E.
1519 1199 111 35 Leyieu,
1645 1209 15 20 a
1672 1203 91 27 recent
1775 1200 101 30 arrival
1888 1201 73 37 here,
1976 1205 27 27 to
2022 1203 77 30 settle

1469 1239 30 26 in
1520 1239 47 27 the
1589 1239 75 34 place
1683 1242 193 33 permanently
1897 1243 29 25 in
1947 1252 16 16 a
1984 1243 115 27 medical

1470 1276 132 34 capacity.
1640 1276 44 27 Mr
1711 1277 112 32 Levien,
1848 1277 92 27 whose
1965 1279 63 27 card
2052 1289 29 25 ap-

1470 1322 78 27 pears
1568 1314 28 27 in
1617 1313 116 29 another
1751 1314 120 35 column,
1897 1316 143 29 addressed
2054 1318 45 27 the

1469 1352 122 36 meeting
1603 1356 28 24 at
1641 1362 74 19 some
1726 1354 92 35 length
1828 1355 131 35 detailing
1968 1356 42 27 his
2020 1356 79 28 views

1470 1399 35 18 on
1515 1390 46 27 the
1570 1394 109 29 matter,
1691 1391 53 27 and
1754 1391 151 37 indicating
1914 1393 42 28 his
1965 1395 132 27 intention

1470 1428 30 28 of
1509 1428 122 36 residing
1639 1433 28 24 at
1679 1430 87 36 Lyell,
1778 1431 129 35 provided
1918 1431 47 29 the
1973 1432 126 38 ordinary

1470 1467 125 27 facilities
1617 1468 79 26 could
1715 1468 32 27 be
1761 1469 121 27 afforded
1894 1470 55 26 and
1966 1480 133 25 promises

1469 1504 30 28 of
1524 1509 111 32 support
1666 1504 90 37 giveu.
1806 1506 107 29 Several
1944 1508 154 36 gentlemen

1470 1544 128 37 agreeing
1608 1545 26 28 in
1648 1545 47 29 the
1705 1545 168 38 desirability
1883 1546 30 29 of
1918 1549 182 34 encouraging

1469 1592 15 17 a
1497 1583 116 27 medical
1626 1593 65 18 man
1711 1588 27 23 to
1752 1586 77 26 settle
1847 1586 72 26 here,
1939 1586 101 35 having
2053 1588 30 26 ad-

1469 1619 108 28 dressed
1596 1621 47 27 the
1661 1621 129 37 meeting,
1803 1623 22 28 it
1838 1632 55 18 was
1911 1623 113 28 decided
2037 1624 60 28 that

1469 1658 45 27 the
1538 1658 140 36 following
1701 1669 157 20 canvassers
1880 1661 97 28 should
1998 1662 32 29 be
2054 1672 30 27 ap-

1467 1697 112 37 pointed
1600 1697 42 29 for
1654 1698 46 29 the
1718 1700 149 36 respective
1889 1699 119 30 districts
2022 1711 56 19 men-

1467 1736 102 33 tioned,
1589 1740 28 25 to
1631 1738 71 27 issue
1715 1738 183 36 subscription
1917 1739 58 28 lists
1994 1739 41 29 for
2055 1741 45 27 the

1467 1783 116 29 purpose
1603 1776 29 28 of
1651 1776 103 38 raising
1776 1776 46 29 the
1843 1786 61 20 sum
1926 1778 125 38 required
2065 1778 35 39 by

1469 1814 46 30 the
1528 1816 52 28 Act
1592 1815 90 30 before
1695 1826 16 19 a
1724 1820 122 33 separate
1855 1817 103 29 branch
1972 1819 128 37 Hospital

1467 1854 82 26 could
1561 1854 31 26 be
1608 1854 104 26 formed
1726 1856 140 33 :—Lyell:
1888 1856 101 26 Messrs
2003 1858 96 31 Inglis,

1468 1889 73 28 Peck
1562 1891 54 27 and
1636 1891 101 35 Atkin;
1767 1892 81 36 Lyell
1869 1892 103 28 Creek:
1998 1893 102 29 Messrs

1458 1928 4 39 .
1470 1928 105 29 Waters
1583 1929 54 28 and
1646 1930 132 29 Harrison
1791 1939 6 25 ;
1811 1931 97 36 Alpine
1918 1932 72 28 Hill:
2001 1932 100 29 Messrs

1468 1967 159 29 Couradson
1641 1969 54 28 and
1708 1969 124 35 Ritehie;
1852 1970 86 35 Eight
1954 1971 82 29 Mile:
2057 1972 44 28 Mr

1469 2006 75 28 John
1558 2007 81 37 Kelly
1651 2016 6 26 ;
1678 2009 66 28 New
1759 2009 86 28 Creek
1856 2016 5 20 :
1883 2009 44 28 Mr
1937 2009 33 29 R.
1980 2011 102 34 Savage
2095 2019 5 27 ;

1469 2046 94 27 Buller
1585 2046 93 28 Road:
1698 2047 101 28 Messrs
1812 2047 106 28 Junker
1936 2049 55 28 and
2012 2050 74 27 Della-

1467 2083 118 34 vedova;
1604 2084 149 29 Junction:
1775 2086 43 27 Mr
1839 2086 93 27 Frank
1945 2087 155 37 Courtney;

1469 2121 175 31 Murchison:
1660 2122 100 31 Messrs
1771 2124 98 30 M'Nee
1878 2124 54 29 and
1946 2125 31 29 0.
1989 2126 111 38 Lynch;

1467 2162 118 29 Newton
1624 2163 81 28 Flat:
1752 2164 101 29 Messrs
1894 2157 126 36 Perkins*
2047 2167 54 27 and

1467 2200 122 33 Neville;
1610 2201 72 27 Fern
1700 2202 83 28 Flat:
1805 2202 100 28 Messrs
1926 2204 108 28 Oxnam
2048 2204 54 28 and

1465 2237 33 28 A.
1514 2237 101 30 Smith.

1501 2285 43 27 On
1557 2286 145 36 Thursday
1714 2288 118 35 evening
1843 2288 62 32 last,
1919 2298 16 18 a
1947 2289 116 28 number

1466 2322 46 30 the
1531 2322 110 38 leading
1658 2325 134 30 residents
1806 2326 129 30 tendered
1953 2337 15 18 a
1987 2329 96 37 compli-

1466 2366 128 31 mentary
1610 2363 119 36 banquet
1742 2369 28 23 to
1793 2366 43 26 Mr
1849 2366 26 27 J.
1890 2367 31 26 F.
1935 2366 90 31 Clark,
2039 2369 61 27 who

1465 2399 24 28 is
1500 2399 110 36 leaving
1619 2400 56 28 this
1686 2402 104 28 district
1798 2402 41 28 for
1849 2403 147 37 Westport.
2025 2405 77 30 After

1466 2437 51 30 full
1541 2440 185 36 appreciation
1751 2441 55 29 had
1830 2442 68 29 been
1929 2442 95 30 shown
2053 2445 47 29 the

1466 2478 100 34 capital
1588 2479 96 34 spread
1706 2480 128 34 provided
1857 2482 35 34 by
1905 2482 72 26 Host
1998 2483 102 27 Carroll

1466 2515 29 28 of
1505 2514 46 29 the
1575 2515 144 35 Criterion,
1732 2517 47 29 the
1798 2518 74 29 cloth
1894 2528 57 20 was
1972 2521 128 29 removed

1467 2554 54 29 and
1544 2555 45 29 the
1609 2556 53 29 less
1676 2557 69 28 solid
1763 2563 62 31 part
1847 2559 30 28 of
1892 2559 46 29 the
1963 2562 137 35 evening's

1467 2595 214 26 entertainment
1698 2604 56 18 was
1768 2597 104 34 opened
1891 2597 36 35 by
1940 2597 47 28 the
2005 2599 77 27 Chair-

1467 2640 75 26 man,
1564 2630 45 31 Mr
1621 2632 119 31 William
1764 2634 101 36 Burns,
1885 2635 147 39 proposing
2052 2637 47 30 the

1467 2670 92 28 health
1573 2672 54 27 and
1640 2674 154 34 prosperity
1805 2675 29 26 in
1847 2675 43 26 his
1900 2684 60 18 new
1973 2675 89 34 home,
2074 2678 30 26 of

1466 2708 46 29 the
1526 2716 78 29 guest
1617 2710 30 28 of
1657 2709 46 30 the
1722 2710 126 37 evening.
1885 2712 45 29 He
1951 2712 108 30 alluded
2071 2718 28 25 to

1467 2748 45 27 Mr
1524 2748 107 28 Clark's
1644 2750 60 27 four
1716 2753 88 33 years'
1818 2755 60 31 stay
1891 2753 28 26 in
1930 2752 46 28 the
1987 2753 111 33 district,

1466 2785 55 27 and
1533 2786 47 27 the
1592 2788 178 35 opportunity
1782 2788 91 28 which
1895 2790 78 26 those
1993 2792 104 26 around

1466 2823 59 29 him
1545 2823 54 30 had
1613 2824 30 29 of
1649 2825 116 38 judging
1778 2826 30 29 of
1818 2827 42 29 his
1879 2827 71 38 good
1970 2829 125 37 qualities

1466 2872 31 17 as
1517 2872 35 17 an
1573 2865 89 26 active
1682 2866 54 25 and
1749 2867 89 26 uselul
1853 2867 106 31 citizen,
1979 2868 54 26 and
2045 2878 52 17 one

1465 2899 63 29 who
1548 2900 54 29 had
1623 2901 102 37 always
1747 2901 141 39 displayed
1912 2912 84 29 every
2014 2905 85 30 desire

1466 2939 55 29 and
1534 2939 77 30 effort
1625 2944 27 25 to
1665 2945 140 32 represent
1817 2942 54 29 and

1467 2984 125 27 progress
1604 2978 31 26 of
1644 2978 46 26 the
1822 2980 134 36 industry.
1993 2981 45 27 He
2050 2983 49 26 felt

1467 3023 61 21 sure
1555 3015 44 29 Mr
1623 3015 82 31 Clark
1730 3017 92 30 would
1848 3018 33 30 be
1905 3019 102 30 missed
2031 3020 67 29 from

1467 3053 87 33 Lyell,
1574 3054 49 26 but
1643 3055 35 26 he
1697 3056 90 25 would
1806 3066 66 16 soon
1896 3058 81 26 make
1997 3059 52 25 lots
2073 3060 29 25 of

1466 3088 103 29 friends
1581 3089 29 29 in
1622 3090 146 39 Westport,
1777 3091 90 30 where
1876 3092 35 29 he
1922 3093 91 29 would
2021 3103 79 29 carry

1467 3129 68 28 with
1547 3129 60 28 him
1619 3130 47 29 the
1681 3131 59 28 best
1752 3131 55 28 and
1820 3132 130 29 heartiest
1962 3135 98 27 wishes
2074 3137 26 25 ol

1467 3166 77 27 those
1557 3167 61 27 who
1632 3168 54 26 had
1699 3168 101 27 known
1813 3169 59 27 him
1885 3169 107 36 longest
2004 3172 28 26 in
2043 3173 54 26 and

1467 3204 105 29 around
1585 3205 87 38 Lyell.
1709 3207 77 29 After
1806 3207 45 30 the
1864 3211 72 26 toast
1956 3209 55 29 had
2032 3209 66 30 been

1467 3248 50 31 put
1537 3244 68 28 with
1619 3246 114 27 musical
1756 3246 129 32 honours,
1909 3248 44 26 Mr
1966 3249 80 27 Clark
2059 3259 26 18 re-

1467 3281 74 37 plied
1563 3282 28 28 in
1613 3282 47 30 the
1680 3284 77 28 usual
1785 3284 115 29 suitable
1925 3288 93 27 terms.
2054 3287 45 29 He

1469 3321 54 28 haxl
1535 3322 144 37 intending
1692 3325 96 36 saying
1801 3335 84 23 more,
1899 3325 48 29 but
1961 3326 60 29 that
2034 3336 47 27 any-

1467 3359 81 37 thing
1559 3360 103 36 having
1676 3362 45 27 the
1735 3362 155 27 semblance
1907 3364 29 26 of
1947 3373 16 17 a
1981 3364 116 37 parting,

1467 3407 30 18 or
1526 3398 129 36 farewell,
1681 3400 104 29 carried
1809 3410 16 19 a
1851 3401 82 37 slight
1958 3402 84 30 shade
2073 3404 29 28 of

1466 3437 111 28 sadness
1597 3439 68 27 with
1684 3439 31 31 it,
1729 3439 55 28 and
1803 3441 116 35 perhaps
1933 3441 106 29 limited
2052 3443 46 27 tie

1467 3476 155 36 expression
1643 3477 26 28 of
1688 3478 74 28 what
1775 3488 51 18 one
1845 3480 88 36 might
1947 3479 51 29 feel
2017 3486 80 24 most.

1467 3514 44 27 He
1524 3524 55 18 was
1592 3521 49 22 not
1653 3517 108 34 leaving
1778 3517 47 27 the
1845 3518 90 31 Coast,
1955 3519 54 27 and
2027 3529 54 19 com-

1466 3552 169 28 munication
1650 3553 120 29 between
1789 3554 138 37 Westport
1942 3557 55 26 aud
2020 3557 77 36 Lyell

1466 3590 81 37 being
1560 3601 66 27 very
1636 3603 64 26 easy
1711 3593 52 28 and
1775 3594 113 35 regular,
1900 3594 45 29 the
1955 3596 143 37 similarity

1466 3630 30 26 of
1506 3630 125 28 interests
1644 3633 140 34 possessed
1798 3632 36 36 by
1851 3633 46 27 the
1913 3637 53 24 two
1980 3634 118 29 districts

1465 3676 30 19 as
1507 3668 110 35 regards
1631 3673 94 32 quartz
1740 3670 116 36 mining,
1867 3670 99 33 would,
1980 3671 28 28 in
2023 3674 58 27 addi-

1466 3706 58 28 tion
1545 3710 28 25 to
1587 3707 46 28 the
1653 3707 57 28 fact
1732 3708 34 29 he
1787 3718 56 19 was
1865 3709 109 34 leaving
1992 3719 16 19 a
2021 3711 38 29 lot
2072 3713 30 28 of

1466 3745 100 28 friends
1584 3745 111 33 behind,
1709 3747 103 36 always
1831 3749 60 34 give
1911 3749 76 36 Lyell
2003 3760 15 18 a
2031 3750 52 29 fore-

1466 3788 72 23 most
1550 3783 76 37 place
1640 3785 27 27 in
1682 3785 42 28 his
1743 3785 196 30 recollections.
1977 3788 33 27 In
2024 3799 57 27 pros-

1465 3831 98 27 perous
1585 3823 55 28 and
1660 3824 111 28 adverse
1792 3825 81 28 times
1886 3826 87 34 alike,,
1989 3827 35 29 he
2043 3829 54 28 had

1466 3861 53 27 still
1535 3861 45 28 the
1594 3871 75 19 same
1683 3864 155 35 unvarying
1859 3869 113 31 support
1985 3867 54 27 and
2051 3876 30 19 en-

1465 3904 194 31 couragement
1679 3900 72 28 from
1764 3911 16 18 a
1798 3902 64 35 long
1875 3902 45 29 list
1941 3904 27 27 of
1987 3904 108 35 friends,

1466 3937 53 28 and
1544 3938 34 28 he
1603 3939 90 27 would
1713 3949 83 19 never
1816 3950 76 18 cease
1913 3942 118 37 wishing
2050 3944 46 28 the

1465 3976 44 27 old
1519 3975 86 37 place,
1617 3977 54 28 and
1679 3978 77 28 those
1766 3978 30 28 in
1805 3978 31 32 it,
1846 3979 36 27 all
1890 3980 47 28 the
1945 3983 150 36 prosperity

1465 4014 66 36 they
1544 4015 139 29 deserved.
1719 4018 25 26 A
1757 4017 115 29 number
1885 4018 29 28 of
1925 4019 77 29 other
2013 4027 83 23 toasts

1465 4062 70 17 were
1559 4055 89 33 given,
1673 4054 182 37 interspersed
1879 4057 35 36 by
1934 4067 81 25 songs
2041 4060 52 26 and

1464 4090 166 35 recitations,
1650 4093 54 28 and
1724 4093 70 30 after
1806 4104 16 19 a
1836 4095 125 29 mirthful
1980 4097 116 38 evening

1464 4130 49 26 full
1538 4131 30 26 of
1585 4131 127 35 joviality
1734 4133 55 26 and
1810 4134 136 34 goodwill,
1968 4135 45 28 the
2037 4146 42 25 pro-

1465 4167 110 37 ceeding
1589 4177 69 19 were
1672 4169 89 28 closed
1770 4170 35 37 by
1813 4172 108 36 singing
1933 4172 72 29 xiuld
2018 4173 78 38 Lang

1465 4205 73 37 Syne
1552 4206 53 29 and
1620 4207 45 29 the
1680 4208 128 30 National
1818 4210 131 29 Anthem.

1499 4245 50 27 We
1561 4246 169 28 understand
1747 4248 62 28 that
1829 4249 47 27 the
1896 4250 152 36 possibility
2069 4251 30 28 of

1464 4283 147 36 procuring
1638 4293 13 18 a
1676 4285 116 28 suitable
1818 4295 157 21 racecourse
1999 4289 96 28 within

1464 4330 65 28 easy
1543 4321 121 29 distance
1678 4323 30 28 of
1718 4323 78 36 Lyell
1809 4325 136 37 township
1959 4326 50 28 has
2021 4328 29 28 in
2061 4338 33 18 no

1463 4370 61 26 way
1537 4359 67 30 been
1626 4361 75 38 quite
1721 4363 52 28 lost
1787 4363 74 37 sight
1882 4364 34 34 of,
1937 4365 55 29 and
2005 4366 60 29 that
2079 4377 14 18 a

1463 4399 216 36 well-organised
1692 4401 77 27 effort
1782 4403 23 26 is
1818 4403 104 35 shortly
1932 4408 26 23 to
1970 4404 29 27 be
2014 4406 79 27 made

1463 4436 36 37 by
1511 4446 95 19 means
1620 4438 30 28 of
1658 4438 89 28 which
1762 4439 22 28 it
1796 4439 23 29 is
1832 4440 89 38 hoped
1934 4442 46 28 the
1994 4446 100 26 matter

1463 4476 56 28 will
1539 4476 32 28 be
1591 4478 95 34 placed
1707 4488 27 17 in
1748 4478 110 30 definite
1880 4481 79 33 form,
1981 4482 55 28 and
2051 4483 42 28 the

1463 4523 66 26 very
1552 4516 108 35 worthy
1683 4516 88 36 object
1791 4519 121 26 attained
1940 4522 26 25 of
1991 4521 103 33 getting

1464 4552 69 28 level
1546 4552 66 29 with
1626 4553 79 29 other
1723 4558 88 26 towns
1824 4556 29 28 in
1872 4559 154 35 possessing
2045 4568 48 19 our

1463 4600 165 23 racecourse,
1654 4592 55 28 and
1730 4603 38 23 so,
1791 4594 81 37 being
1894 4596 59 28 able
1978 4601 27 24 to
2029 4598 64 28 offer

1463 4629 82 28 about
1575 4630 47 29 the
1653 4631 65 36 only
1749 4635 142 27 attractive
1923 4634 54 29 and
2006 4635 86 37 really

1463 4669 114 33 popular
1597 4672 75 31 sport
1691 4670 88 27 which
1799 4672 56 26 will
1874 4673 75 27 draw
1969 4683 15 17 a
2005 4675 87 26 crowd

1463 4705 123 34 together
1606 4709 28 23 at
1653 4706 154 29 Christmas
1827 4708 75 34 time,
1923 4709 55 28 and
1998 4711 66 27 with
2078 4721 15 18 a

1462 4743 135 36 certainty
1622 4744 29 28 of
1669 4745 150 36 legitimate
1842 4747 49 29 fun
1911 4748 55 29 and
1989 4759 87 19 recrea-

1463 4782 65 27 tion.
1566 4782 44 26 Mr
1640 4783 118 28 Edward
1793 4786 113 30 Carroll,
1937 4787 156 35 prominent

1462 4829 101 28 among
1576 4820 100 37 others,
1690 4822 22 28 is
1727 4822 95 38 taking
1834 4833 35 19 an
1888 4826 87 28 active
1989 4829 61 34 part
2062 4826 28 29 in

1462 4860 157 33 promoting
1638 4862 46 25 the
1705 4871 126 24 concern,
1853 4864 54 26 and
1930 4865 83 34 hopes
2025 4866 66 26 with

1463 4896 45 27 the
1538 4895 117 35 backing
1684 4906 37 27 up
1751 4899 55 27 and
1841 4906 115 31 support
1989 4900 30 29 of
2046 4902 46 28 the

1462 4934 133 30 residents
1615 4935 28 30 of
1662 4935 65 31 both
1741 4937 136 39 township
1900 4940 53 29 and
1975 4946 116 31 country

1462 4974 120 28 districts
1606 4984 30 19 as
1660 4985 16 18 a
1700 4976 99 34 whole,
1825 4981 28 24 to
1878 4987 67 20 soon
1970 4979 82 29 strike
2077 4991 16 18 a

1461 5013 114 35 bargain
1597 5014 65 29 with
1689 5015 46 29 the
1763 5026 105 20 owners
1898 5018 30 29 of
1949 5018 47 30 the
2022 5026 70 22 most

1462 5053 114 27 suitable
1595 5053 75 35 piece
1692 5054 31 27 of
1731 5055 107 35 ground
1862 5056 103 37 handy.
2001 5058 28 28 It
2041 5059 49 27 lies

1462 5095 80 25 down
1564 5095 37 31 at,
1622 5092 54 28 and
1697 5093 69 28 close
1780 5097 27 26 to
1823 5094 95 31 Wolfs
1940 5097 79 28 farm.
2055 5098 37 28 As

1461 5130 56 26 will
1531 5130 32 27 be
1575 5131 171 33 recollected,
1760 5134 22 24 it
1794 5142 56 18 was
1867 5135 135 35 surveyed
2015 5145 75 18 some

1462 5167 65 29 time
1553 5177 50 26 ago
1627 5168 36 36 by
1688 5169 45 28 Mr
1761 5169 28 28 W
1790 5169 7 13 r
1798 5170 99 35 atkins,
2029 5173 61 28 who

1460 5207 84 29 found
1558 5207 60 29 that
1632 5218 15 19 a
1660 5218 65 28 very
1737 5209 138 31 fair-sized
1898 5221 94 20 course
2011 5213 79 28 could

1462 5247 31 25 be
1518 5247 80 26 made
1629 5247 86 30 there,
1746 5248 55 26 and
1835 5250 66 26 with
1928 5260 65 25 very
2023 5252 68 26 little

1460 5283 118 38 forming
1608 5283 55 30 and
1692 5294 36 19 no
1764 5283 53 31 bad
1852 5286 147 38 gradients.
2050 5288 43 30 Mr

1461 5323 103 26 Carroll
1577 5323 50 26 has
1640 5323 46 27 the
1699 5325 64 33 plan
1777 5326 29 25 of
1824 5325 45 27 the
1883 5336 92 18 course
1988 5328 55 26 and
2056 5329 36 25 all

1461 5360 169 33 particulars,
1644 5360 53 27 and
1709 5370 107 19 assures
1829 5370 33 19 us
1882 5362 61 29 that
1958 5364 43 28 the
2015 5374 60 27 ques-

1460 5400 59 28 tion
1531 5398 30 29 of
1571 5403 84 24 terms
1668 5400 66 28 with
1750 5400 100 29 Messrs
1864 5402 75 28 Wolf
1954 5403 56 28 and
2023 5405 50 28 Fed-

1460 5438 104 31 dersen,
1578 5438 46 25 the
1644 5447 105 17 owners
1763 5440 29 24 of
1808 5440 46 25 the
1868 5445 137 30 property,
2021 5443 68 26 need

1460 5479 49 26 not
1533 5474 32 30 be
1584 5475 170 30 entertaiued
1775 5475 42 31 for
1836 5486 34 20 an
1892 5478 104 31 instant
2021 5489 29 20 as
2076 5490 14 21 a

1461 5516 115 37 possible
1592 5516 126 32 obstacle,
1732 5516 76 30 those
1820 5519 157 35 gentlemen
1991 5521 101 34 having

1460 5554 143 36 expressed
1617 5555 163 27 themselves
1793 5565 31 17 as
1843 5557 103 36 willing
1963 5561 26 24 to
2010 5560 79 27 assist

1460 5593 47 29 the
1521 5593 110 29 scheme
1651 5593 37 28 all
1711 5593 64 37 they
1795 5604 60 25 can,
1870 5596 54 28 and
1944 5597 80 29 make
2045 5598 45 30 the

1462 5633 112 34 baigain
1589 5642 29 17 as
1637 5633 70 33 light
1729 5633 54 26 and
1803 5636 157 26 reasonable
1981 5646 29 17 as
2032 5647 44 26 pos-

1460 5671 74 28 sible.
1573 5670 86 28 There
1678 5680 55 18 was
1756 5681 15 18 a
1793 5673 109 35 surplus
1921 5674 30 27 of
1970 5675 38 29 Md
2022 5675 68 29 from

1460 5710 45 28 the
1521 5710 127 36 proceeds
1661 5709 30 26 of
1711 5709 45 28 the
1776 5712 151 34 collection,
1942 5713 53 34 &c,
2012 5716 78 26 mada

1460 5749 39 28 for
1512 5749 45 28 the
1571 5749 67 28 New
1651 5748 94 29 Year's
1759 5749 62 37 Day
1835 5750 113 35 Pic-nic,
1962 5752 54 29 and
2037 5754 55 28 this

1459 5788 81 26 small
1554 5792 114 22 amount
1681 5788 22 26 it
1722 5789 23 25 is
1758 5789 128 26 intended
1900 5795 28 21 to
1942 5791 72 26 hand
2029 5802 63 17 over

1459 5828 27 24 to
1512 5824 44 28 the
1577 5833 61 19 race
1658 5824 157 31 committee
1836 5826 118 29 towards
1972 5829 103 35 prelimi-

1457 5874 68 26 nary
1538 5873 138 27 expenses.

2166 224 59 28 The
2236 230 64 22 next
2314 226 71 28 local
2397 227 108 34 sittings
2518 228 30 27 of
2566 227 47 28 the
2632 227 132 28 Resident

2133 261 182 38 Magistrate's
2341 265 54 28 and
2420 265 146 31 Warden's
2591 266 98 30 Courts
2719 275 45 20 are

2131 301 70 28 fixed
2214 301 41 28 for
2274 303 180 37 Wednesday.
2467 306 65 28 20th
2554 307 114 27 instant.
2705 306 57 28 The

2132 339 158 29 Murchison
2314 341 96 28 Courts
2429 342 56 29 will
2508 344 30 27 be
2561 344 63 28 held
2647 344 44 28 the
2710 344 52 36 day

2131 376 136 38 previous,
2282 378 134 38 Tuesday.

2165 423 58 29 The
2236 426 139 33 following
2394 428 78 27 letter
2485 429 68 28 from
2569 430 44 28 Mr
2625 431 27 28 J.
2672 430 89 34 Ribet,

2131 463 132 36 appeared
2277 463 28 28 in
2319 464 45 27 the
2378 464 127 37 Evening
2519 467 66 29 Mail
2599 468 30 28 of
2637 468 124 38 January

2130 501 116 28 Bih:—l
2266 511 42 18 see
2329 503 29 26 in
2378 512 70 26 your
2460 514 84 27 paper
2562 507 30 26 of
2611 507 151 29 December

2129 538 65 29 30th
2207 548 55 27 you
2276 541 122 28 mention
2413 541 97 30 Mount
2528 544 83 28 Owen
2625 546 68 27 reefs
2706 546 55 28 and

2131 578 45 27 the
2189 584 107 23 nearest
2309 579 65 28 road
2387 586 25 23 to
2423 581 85 29 them.
2545 584 37 27 As
2594 584 13 27 I
2618 584 79 29 made
2707 585 54 27 this

2129 616 66 29 road
2220 618 101 36 myself
2342 623 101 33 at*my
2468 632 61 17 own
2554 632 124 26 expense,
2707 623 54 29 and

2129 655 89 29 which
2239 656 22 28 is
2283 667 61 17 now
2364 668 16 17 a
2401 659 50 26 fair
2469 661 69 33 pick
2556 662 85 30 track,
2663 663 14 24 I
2698 672 63 24 may

2128 693 123 26 mention
2282 693 61 28 that
2373 696 21 24 it
2418 696 23 25 is
2465 696 61 26 four
2555 698 79 26 miles
2665 706 96 20 nearer

2131 731 109 33 Nelson,
2263 731 21 29 it
2304 743 84 26 opens
2402 735 102 28 several
2527 734 137 31 thousand
2685 748 74 17 acres

2129 771 29 26 of
2167 771 66 26 land
2254 771 90 27 which
2359 780 68 19 were
2446 783 82 17 never
2546 774 99 28 known
2660 776 98 27 before,

2128 809 54 30 and
2195 819 45 21 are
2261 810 45 30 the
2319 820 65 29 very
2405 811 56 31 best
2475 812 64 31 land
2553 812 28 32 in
2605 813 44 32 the
2665 814 96 32 Buller

2128 851 106 33 Valley.
2272 851 65 27 Tins
2350 852 63 27 road
2428 852 50 27 has
2491 854 66 34 only
2569 855 81 26 small
2658 856 99 28 creeks,

2127 887 91 28 which
2231 896 44 20 are
2289 888 132 31 crossable
2434 892 27 27 at
2481 889 36 30 all
2531 892 87 28 times.
2656 894 41 27 On
2714 892 45 29 the

2127 927 79 27 other
2218 927 66 28 road
2298 928 35 36 by
2347 929 46 28 the
2409 930 84 27 Owen
2506 941 53 25 you
2575 932 66 28 have
2652 936 27 24 to
2689 943 72 18 cross

2128 964 45 29 the
2194 966 83 27 Owen
2297 967 72 27 river
2394 969 102 27 several
2518 971 87 33 times,
2628 971 54 28 and
2707 971 54 28 this

2127 1014 71 18 river
2210 1006 23 27 is
2247 1014 65 28 very
2324 1006 161 36 dangerous,
2500 1008 52 29 and
2566 1014 28 24 at
2607 1008 46 31 the
2668 1011 92 37 spring

2127 1048 26 22 ot
2165 1044 46 27 the
2224 1054 66 25 year
2302 1047 94 33 people
2411 1048 89 27 would
2513 1049 32 26 be
2559 1049 76 27 stuck
2647 1059 36 26 up
2695 1060 64 25 very

2127 1081 82 25 often.
2247 1082 14 25 I
2286 1091 66 24 may
2372 1092 29 18 as
2423 1085 60 25 well
2497 1086 46 26 tell
2564 1095 56 25 you
2633 1086 60 29 that
2712 1087 46 26 the

2127 1119 128 36 engineer
2275 1119 30 29 of
2322 1120 46 30 the
2383 1120 114 32 Reefton
2517 1124 110 38 County
2645 1125 113 30 Council

2126 1159 50 26 has
2188 1159 69 27 been
2270 1160 118 34 through
2403 1162 46 26 the
2466 1164 66 26 road
2550 1164 66 26 with
2636 1174 54 23 me,
2705 1165 52 27 and

2127 1195 33 29 he
2174 1205 54 20 was
2247 1197 130 39 perfectly
2397 1199 118 30 satisfied
2541 1200 66 31 with
2632 1201 47 31 the
2692 1202 67 30 road

2126 1235 54 28 and
2195 1237 44 27 the
2253 1237 90 33 grade.
2381 1239 57 28 The
2453 1241 64 34 only
2530 1242 78 30 fault,
2630 1242 35 27 he
2685 1253 74 24 says,

2126 1273 23 25 is
2169 1273 61 27 that
2251 1274 78 26 there
2350 1274 24 27 is
2395 1285 35 18 no
2453 1278 99 32 gravel.
2590 1279 37 26 Of
2637 1288 94 17 course
2746 1280 13 25 I

2126 1308 80 31 know
2221 1310 45 29 the
2282 1312 115 28 Reefton
2419 1315 95 36 people
2536 1315 77 28 don't
2625 1320 75 25 want
2715 1317 45 28 the

2126 1349 66 28 road
2205 1350 60 28 that
2279 1360 70 24 wax,
2364 1352 47 28 but
2425 1353 15 27 I
2453 1353 52 28 feel
2519 1364 60 18 sure
2593 1355 61 28 that
2667 1357 92 33 gravel

2126 1397 51 17 can
2191 1388 32 28 be
2236 1392 46 33 got
2295 1399 73 19 more
2382 1392 85 35 easily
2486 1392 67 28 than
2571 1402 36 19 on
2621 1394 46 28 the
2681 1394 79 29 other

2127 1426 73 28 road.

2162 1465 77 27 With
2261 1466 47 28 the
2328 1467 88 34 object
2435 1469 28 26 of
2481 1471 182 35 encouraging
2684 1471 77 27 thrift

2127 1510 101 26 among
2240 1503 92 29 school
2352 1505 123 29 children
2498 1507 47 29 the
2573 1507 188 31 Government

2127 1541 70 30 have
2210 1542 113 30 decided
2336 1548 28 25 to
2377 1545 104 29 receive
2495 1547 119 36 deposits
2628 1548 29 29 of
2669 1558 92 27 penny

2126 1585 112 31 postage
2260 1585 105 32 stamps
2385 1584 29 27 of
2434 1585 45 26 the
2493 1587 79 26 value
2586 1586 30 27 of
2633 1597 50 17 one
2698 1580 50 34 shil-

2127 1618 65 36 ling,
2205 1618 81 28 when
2299 1620 98 28 affixed
2418 1625 28 24 to
2467 1622 47 27 the
2535 1623 78 28 cards
2630 1624 131 35 provided

2129 1656 34 33 by
2194 1656 47 28 the
2274 1657 174 37 department
2477 1660 43 28 for
2550 1661 54 27 this
2635 1671 126 27 purpose.

2127 1695 87 29 These
2228 1696 79 28 cards
2329 1706 45 20 are
2394 1698 154 30 obtainable
2561 1703 29 26 at
2602 1709 81 29 every
2698 1701 64 29 Post

2127 1734 85 28 Office
2227 1735 116 37 Savings
2361 1737 88 29 Bank.

2162 1781 34 30 In
2213 1783 162 30 connection
2388 1784 66 30 with
2468 1785 46 30 the
2536 1785 75 39 large
2634 1787 129 30 dividend

2129 1822 63 36 paid
2206 1830 35 21 on
2255 1823 112 34 Nelson,
2380 1825 47 28 the
2446 1827 106 28 winner
2564 1827 30 29 of
2613 1828 47 28 the
2672 1828 72 28 Auck-

2128 1861 65 25 land
2207 1861 68 34 Cup,
2291 1861 35 35 by
2348 1863 47 26 the
2416 1864 164 32 totalisator,
2601 1867 22 24 it
2640 1875 66 24 may
2729 1866 33 27 be

2129 1898 158 28 mentioned
2314 1898 61 30 that
2402 1905 127 32 amongst
2555 1902 46 28 the
2626 1902 137 29 fortunate

2128 1935 112 29 backers
2253 1947 71 18 were
2338 1942 52 24 two
2404 1948 63 20 men
2482 1941 30 28 of
2522 1942 111 27 H.M.S.
2649 1942 112 28 Nelson.

2129 1975 38 27 To
2191 1975 73 29 them
2284 1985 51 20 one
2355 1977 79 30 horse
2456 1980 28 27 in
2507 1980 46 29 the
2573 1989 61 20 race
2646 1990 57 19 was
2715 1981 47 28 th?

2129 2023 75 19 same
2219 2023 29 21 as
2262 2016 123 33 another,
2401 2018 48 28 but
2458 2018 58 37 just
2529 2019 42 29 for
2592 2020 46 28 the
2658 2020 63 28 sake
2735 2021 29 27 of

2130 2053 46 27 the
2189 2053 86 36 ship's
2287 2063 82 19 name
2383 2056 66 36 they
2462 2061 50 31 put
2525 2058 71 27 their
2609 2058 102 28 chance
2724 2068 36 18 on

2130 2090 111 29 Nelson.
2278 2091 76 37 Fifty
2366 2093 107 36 pounds
2482 2099 146 25 seventeen
2638 2096 126 35 shillings

2128 2129 67 30 each
2211 2138 54 22 was
2282 2131 45 30 the
2350 2133 103 29 reward
2466 2133 30 29 of
2515 2135 72 29 their
2600 2135 82 39 lucky
2696 2145 48 20 ven-

2127 2173 70 24 ture.

2154 2258 287 43 MINING
2510 2264 222 41 NEWS.

2216 2372 85 34 (from
2315 2380 56 20 our
2383 2382 105 19 MINING
2501 2384 167 28 REPORTER.)

2415 2426 118 35 Friday,
2546 2427 126 39 January
2685 2431 40 29 15.

2161 2470 332 39 Alpine.—Everything
2512 2476 87 29 inside
2620 2478 46 27 the
2688 2480 76 27 mine

2129 2509 83 35 going
2224 2518 37 19 on
2275 2519 30 18 as
2317 2511 87 34 usual,
2418 2512 54 28 and
2493 2512 47 30 the
2554 2514 124 30 different
2691 2517 73 29 faces

2127 2549 31 28 in
2183 2549 47 29 the
2256 2553 91 34 stopes
2371 2550 125 40 showing
2520 2555 70 35 good
2614 2556 101 29 widths
2740 2559 27 27 of

2127 2591 86 23 stone.
2263 2589 136 35 Blocking
2423 2595 47 23 out
2495 2594 142 27 coatinues
2662 2596 29 26 in
2716 2596 47 27 the

2127 2625 79 28 usual
2230 2634 125 26 manner,
2381 2627 54 30 and
2463 2637 15 21 a
2508 2629 70 38 good
2609 2633 99 38 supply
2738 2633 29 30 of

2127 2669 94 31 quartz
2235 2666 24 27 is
2272 2667 109 35 coming
2393 2671 27 24 to
2433 2678 76 25 grass
2529 2671 94 35 freely.
2661 2674 83 27 Crush-

2127 2702 155 36 operations
2294 2706 29 25 at
2340 2704 47 29 the
2408 2705 109 39 battery
2529 2709 131 29 continue
2673 2709 28 29 in
2714 2710 50 29 full

2126 2742 94 36 swing.
2258 2742 57 28 The
2334 2745 157 37 temporary
2510 2750 131 34 stoppage
2662 2750 30 28 of
2709 2750 53 28 five

2127 2780 84 26 heads
2234 2780 53 27 last
2310 2782 78 26 week
2410 2784 91 36 owing
2522 2788 28 23 to
2570 2786 140 28 shortness
2736 2788 31 28 of

2126 2822 93 31 water,
2233 2827 56 20 was
2310 2818 104 30 limited
2437 2824 28 26 to
2485 2831 16 20 a
2520 2822 52 30 few
2590 2824 84 30 hours
2686 2825 75 39 only,

2126 2856 21 27 it
2171 2857 104 35 having
2300 2858 68 28 been
2394 2860 158 28 discovered
2575 2864 62 27 that
2661 2874 35 17 an
2716 2866 46 27 old

2127 2893 109 28 disused
2255 2895 123 28 tail-race
2398 2897 29 27 in
2451 2897 48 29 the
2524 2899 115 38 vicinity
2663 2902 31 28 of
2715 2902 46 29 the

2127 2932 65 29 dam
2205 2942 56 21 was
2275 2934 114 39 causing
2401 2935 46 30 the
2460 2937 55 30 loss
2528 2938 31 29 of
2574 2949 15 19 a
2602 2940 71 36 good
2686 2941 77 37 drop,

2127 2970 50 27 but
2189 2980 75 26 upon
2277 2981 16 18 a
2306 2975 134 33 complete
2453 2978 130 33 stoppage
2594 2977 81 36 being
2682 2980 82 27 made

2127 3007 75 31 there
2222 3018 55 21 was
2299 3012 28 28 at
2352 3020 68 21 once
2441 3022 36 20 an
2498 3014 91 37 ample
2611 3017 100 38 supply
2724 3017 40 31 for

2127 3048 47 26 the
2188 3048 51 27 full
2251 3050 186 33 complement
2450 3052 31 26 of
2500 3057 144 30 stampers,
2658 3058 55 24 and
2735 3061 28 22 to

2127 3091 88 28 spare.
2262 3085 116 28 O'Brien
2402 3087 55 28 and
2481 3092 90 33 party,
2594 3095 168 26 contractors

2127 3121 42 30 for
2192 3124 156 37 tunnelling
2372 3125 48 30 the
2439 3126 146 32 head-race
2608 3130 83 30 about
2712 3133 51 28 300

2126 3161 54 26 feet
2202 3161 119 35 through
2340 3163 47 27 the
2401 3173 73 26 spur,
2489 3166 70 27 have
2573 3168 102 27 started
2687 3170 75 26 work

2126 3201 29 26 at
2179 3198 65 29 both
2269 3200 76 34 ends,
2373 3201 55 29 and
2458 3202 112 40 already
2600 3205 70 31 havs
2694 3208 65 38 tips,

2126 3238 102 33 trucks,
2242 3239 47 27 kc.
2303 3243 183 33 constructed,
2500 3244 55 27 and
2576 3245 153 37 altogether
2747 3257 16 18 a

2126 3276 69 36 good
2209 3277 58 28 face
2281 3286 34 19 on
2329 3278 46 28 the
2388 3279 85 30 work.

2160 3325 230 31 Crgesus.—This
2400 3330 178 29 unfortunate
2586 3333 74 29 mine
2670 3344 89 20 seems

2126 3365 28 25 to
2162 3365 87 26 retain
2260 3365 83 28 about
2352 3366 47 27 the
2406 3375 75 20 same
2488 3368 144 30 backward
2640 3374 119 34 position

2126 3401 90 29 which
2237 3402 47 29 she
2305 3403 50 29 has
2374 3406 131 37 occupied
2526 3407 43 29 for
2580 3418 80 28 years
2682 3411 79 37 back,

2126 3441 55 26 and
2194 3441 47 28 the
2253 3443 84 27 result
2349 3444 31 27 of
2390 3444 45 28 the
2454 3446 53 27 last
2526 3448 131 37 crushing
2670 3452 30 26 of
2710 3452 50 27 114

2127 3483 61 24 tons
2202 3480 30 28 of
2241 3480 67 29 stuff
2327 3481 35 37 by
2381 3482 47 29 the
2448 3484 137 35 tributers,
2599 3486 23 29 is
2635 3488 81 34 given
2729 3499 31 19 as

2126 3518 86 27 under
2221 3520 32 26 1G
2263 3528 100 19 ounces
2371 3521 31 26 of
2408 3524 118 26 retorted
2536 3525 72 34 gold.
2635 3526 124 33 Nothing

2126 3555 80 27 could
2235 3556 33 28 be
2298 3566 75 20 more
2410 3558 191 41 discouraging
2632 3567 28 25 to
2692 3564 65 29 both

2126 3594 127 29 tributers
2275 3596 54 28 and
2352 3596 45 30 the
2421 3608 138 28 company
2576 3601 80 35 alike,
2670 3605 55 27 and
2738 3606 22 27 it

2126 3641 64 28 may
2214 3634 86 35 safely
2313 3634 32 29 be
2360 3638 166 35 anticipated
2548 3639 61 29 that
2621 3641 55 28 this
2688 3649 73 21 most

2124 3673 192 35 conveniently
2346 3673 117 29 situated
2488 3677 74 28 mine
2585 3680 56 27 and
2665 3680 94 36 handy

2124 3708 70 29 little
2213 3709 107 38 battery
2331 3712 57 28 will
2402 3713 44 36 lay
2458 3723 37 28 up
2513 3716 29 26 in
2565 3716 84 38 damp
2672 3718 88 38 decay

2126 3749 52 26 and
2199 3754 59 23 rust
2278 3750 42 28 for
2339 3761 75 18 some
2437 3753 68 27 time
2525 3758 28 24 to
2574 3765 85 19 come.
2697 3758 28 28 It
2737 3761 24 25 is

2125 3787 65 36 only
2211 3788 52 27 fair
2283 3793 28 24 to
2333 3789 54 28 add
2409 3791 61 28 that
2482 3801 16 18 a
2520 3792 39 29 lot
2581 3794 30 27 of
2630 3795 55 28 this
2707 3796 53 29 last

2125 3826 89 36 parcel
2235 3836 56 19 was
2312 3830 145 35 composed
2478 3830 30 29 of
2524 3833 130 34 mullock,
2668 3834 89 28 which

2124 3873 30 18 as
2166 3864 22 27 it
2201 3874 122 27 appears,
2346 3866 64 29 does
2423 3871 58 29 not,
2501 3869 55 28 like
2568 3871 62 28 that
2642 3873 28 27 in
2684 3882 75 19 some

2125 3902 77 28 other
2225 3906 87 26 mines
2329 3905 30 28 in
2379 3906 46 28 the
2444 3906 215 38 neighborhood,
2679 3920 80 27 carry

2124 3949 53 26 any
2190 3942 71 33 gold.

2157 3988 95 29 Lyell
2265 3989 97 30 Creek
2379 3991 380 36 Extended.—Contractors

2124 4027 113 34 making
2266 4030 96 36 steady
2392 4031 144 37 headway,
2566 4034 49 28 but
2642 4036 59 35 just
2731 4041 28 25 at

2123 4073 109 28 present
2250 4067 67 37 they
2334 4077 46 18 are
2393 4069 29 27 in
2441 4078 16 19 a
2470 4074 91 33 pretty
2574 4071 69 30 hard
2655 4073 83 29 forma-

2123 4103 67 29 tion.
2227 4104 37 29 As
2277 4106 47 29 the
2336 4111 85 25 strata
2433 4109 23 27 is
2473 4109 81 36 being
2572 4113 108 28 crossed
2699 4114 57 28 this

2122 4144 23 24 is
2158 4142 66 35 only
2242 4144 84 35 likely
2345 4149 27 23 to
2387 4146 31 26 be
2432 4156 16 17 a
2460 4147 56 32 bar,
2537 4149 53 26 ami
2611 4158 64 27 may
2688 4160 68 19 soon

2122 4180 60 36 give
2195 4181 76 36 place
2293 4185 28 25 to
2334 4182 83 29 softer
2429 4185 115 35 ground,
2568 4187 66 28 such
2656 4197 30 19 as
2700 4198 55 19 was

2124 4223 56 24 met
2192 4230 16 17 a
2228 4221 68 27 little
2318 4221 120 30 distance
2458 4223 106 30 further
2585 4226 76 28 back.
2698 4228 57 27 The

2122 4257 121 28 distance
2256 4260 126 34 required
2395 4264 28 24 to
2437 4262 133 35 complete
2585 4264 45 26 the
2644 4269 111 31 present

2122 4296 51 27 GOO
2197 4295 53 29 feet
2272 4302 123 24 contract
2416 4299 23 28 is
2452 4301 51 27 270
2522 4301 62 32 feet,
2608 4302 35 36 by
2662 4304 91 28 which

2121 4334 67 27 time
2207 4335 47 28 the
2275 4335 70 28 level
2360 4337 53 28 will
2425 4337 32 29 be
2470 4337 28 30 in
2519 4341 67 27 IGOO
2604 4341 63 34 feet,
2688 4342 67 29 with

2122 4373 45 28 the
2182 4374 123 36 daylight
2319 4376 104 29 outside
2439 4378 95 28 visible
2547 4380 71 28 from
2630 4382 46 27 the
2695 4382 58 28 face

2121 4412 81 27 when
2215 4412 76 28 there
2303 4413 23 27 is
2339 4423 35 19 no
2388 4416 94 27 smoke
2496 4417 91 26 about.

2157 4458 210 32 Maruia.—All
2380 4461 45 30 the
2447 4464 105 29 outside
2573 4465 97 34 works,
2686 4467 68 29 such

2122 4507 29 18 as
2182 4499 47 27 the
2261 4500 97 28 double
2388 4502 100 28 incline
2520 4508 80 27 tram,
2625 4506 55 27 and
2710 4516 30 26 ap-

2120 4536 120 35 pliances
2253 4537 40 28 for
2305 4539 106 36 getting
2424 4540 46 27 the
2490 4546 95 31 quartz
2599 4542 67 28 lowe
2682 4544 33 27 ed
2729 4549 27 23 to

2122 4574 45 29 the
2180 4584 60 19 new
2253 4576 74 33 road,
2341 4582 180 34 preparatory
2533 4584 28 25 to
2575 4582 130 37 crushing
2727 4587 29 24 at

2120 4613 47 28 the
2188 4614 108 29 Croesus
2318 4615 116 37 battery,
2453 4626 45 19 are
2519 4620 162 35 completed,
2702 4622 53 27 and

2120 4651 47 28 the
2188 4653 106 36 carting
2314 4654 80 28 down
2416 4655 30 28 of
2463 4656 46 28 the
2531 4662 95 31 quartz
2647 4659 56 28 will
2723 4660 32 28 be

2120 4692 177 25 commenced
2312 4692 102 32 to-day.

2155 4735 59 30 Tyr
2238 4737 263 33 Connell.—Work
2525 4740 57 30 still
2612 4742 83 37 going
2719 4754 36 19 on

2121 4775 125 35 steadily,
2259 4777 37 26 all
2309 4777 46 28 the
2370 4778 88 27 hands
2474 4779 81 36 being
2568 4782 145 36 employed
2725 4784 30 26 in

2121 4812 125 30 different
2265 4819 75 33 parts
2361 4815 31 28 of
2408 4816 47 29 the
2477 4819 84 34 mine,
2576 4820 86 29 either
2682 4829 54 20 com-

2121 4852 103 35 pleting
2246 4855 162 28 ventilation
2434 4864 206 28 arrangements
2666 4869 31 17 or
2726 4861 29 27 in

2120 4890 106 33 getting
2238 4894 48 23 out
2304 4896 106 30 quartz.
2447 4894 170 28 Theleader
2638 4895 49 28 has
2697 4897 58 35 just

2120 4926 67 30 been
2210 4928 94 31 struck
2323 4929 29 30 in
2373 4930 46 30 the
2443 4931 101 32 branch
2569 4933 72 31 from
2662 4935 52 29 No.
2739 4938 15 28 5

2121 4967 76 33 level,
2212 4968 71 28 close
2297 4973 28 24 to
2338 4970 48 28 the
2405 4971 91 34 break,
2511 4973 54 27 and
2578 4974 55 27 will
2646 4984 61 19 now
2721 4975 33 28 be

2121 5005 122 31 followed
2256 5007 55 31 and
2323 5008 74 30 risen
2410 5020 35 19 on
2460 5020 35 28 up
2509 5015 28 26 to
2550 5012 90 29 where
2654 5012 21 30 it
2697 5024 56 19 was

2121 5045 109 28 worked
2253 5047 42 27 for
2319 5048 47 27 the
2397 5052 125 32 previous
2552 5053 145 35 crushing;
2729 5054 22 26 it

2120 5083 90 30 shows
2223 5085 114 37 payable
2351 5087 72 35 gold.

2237 5182 193 35 REEFTON
2464 5186 167 35 LETTER.

2191 5294 84 38 (from
2288 5303 56 22 our
2356 5303 63 23 own
2431 5300 252 36 correspondent.)

2415 5357 125 34 January
2555 5359 74 32 13th,
2644 5360 75 28 1880.

2154 5402 68 29 New
2235 5403 72 29 Year
2318 5402 64 30 does
2396 5407 47 25 not
2457 5404 78 30 dawn
2555 5416 74 28 upon
2643 5417 31 18 us
2687 5407 66 30 with

2121 5450 63 26 very
2198 5440 122 28 brilliant
2339 5444 184 32 expectations
2543 5444 29 26 in
2596 5445 77 27 view.
2711 5447 43 26 On

2121 5478 45 30 the
2196 5483 137 34 contrary,
2364 5480 21 28 it
2415 5479 49 31 has
2497 5482 149 30 somewhat
2678 5483 29 30 of
2734 5494 17 21 a

2119 5521 112 35 gloomy
2252 5520 96 28 leaden
2368 5521 71 33 look,
2454 5522 66 28 with
2540 5523 47 29 the
2607 5524 97 28 clouds
2727 5526 29 28 of

2119 5558 120 28 dullness
2252 5558 123 36 hanging
2387 5559 61 27 low.
2485 5560 59 27 The
2557 5562 194 35 weatherwise,

2119 5597 134 33 however,
2279 5596 54 29 and
2358 5598 77 28 those
2459 5597 29 30 of
2509 5609 16 18 a
2556 5599 111 37 hopeful
2698 5601 39 29 dis-

2120 5637 117 35 position
2248 5636 103 35 predict
2363 5646 15 17 a
2389 5637 113 35 change,
2513 5639 54 26 and
2579 5640 60 27 that
2652 5641 41 26 for
2706 5641 46 26 the

2120 5675 93 32 better,
2227 5674 55 28 and
2295 5684 45 18 are
2354 5674 59 29 able
2427 5679 28 24 to
2468 5675 104 30 discern
2584 5677 118 37 through
2712 5679 35 28 all

2119 5723 49 18 our
2187 5715 110 33 gloomy
2318 5715 196 35 surroundings
2526 5725 16 18 a
2555 5716 155 36 brightness
2723 5719 27 26 in

2119 5752 61 29 that
2192 5757 110 31 quarter
2314 5751 70 29 from
2403 5753 110 29 whence
2535 5755 54 28 will
2609 5755 71 29 blow
2702 5756 47 29 the

2119 5792 108 26 breezes
2252 5791 30 26 of
2304 5791 151 35 prosperity
2479 5797 27 22 to
2532 5794 72 26 clear
2634 5795 39 25 off
2701 5804 50 17 our

2119 5828 98 28 doubts
2238 5828 54 28 and
2316 5828 137 28 anxieties.
2492 5829 14 27 I
2526 5832 70 26 trust
2619 5830 64 38 they
2704 5841 45 20 are

2119 5872 59 25 true
2192 5867 137 38 prophets,
2346 5867 54 29 and
2420 5867 59 30 that
2499 5868 144 39 favouring
2666 5872 83 35 gales,

2801 229 94 30 Strong
2914 226 55 27 and
2989 226 104 36 steady,
3107 237 65 25 may
3185 228 65 27 waft
3265 229 65 26 18%
3344 231 28 24 to
3386 227 46 28 the

2800 270 62 32 port
2874 265 30 28 of
2914 267 199 27 contentment.

2836 312 84 29 Work
2944 314 28 26 in
2998 312 45 29 the
3068 313 90 28 mines
3182 313 51 29 has
3262 323 68 19 once
3360 323 76 20 more

2801 351 119 37 dropped
2934 351 59 28 into
3006 351 35 28 its
3059 352 77 27 usual
3160 352 72 36 daily
3254 353 119 29 routine,
3389 354 47 27 hut

2801 391 73 29 there
2890 392 21 27 is
2925 403 29 16 as
2967 396 47 32 yet
3028 401 64 27 very
3106 391 69 30 little
3189 393 28 28 in
3231 393 46 29 the
3291 403 60 27 way
3374 393 30 28 of
3420 403 15 18 a

2800 431 105 35 change
2921 435 27 22 to
2963 431 146 27 chronicle.

2834 478 58 27 The
2916 478 199 37 Keep-it-Dark
3136 480 22 27 is
3181 478 109 36 sinking
3310 488 15 20 a
3348 480 86 28 winze

2800 516 116 26 towards
2930 516 45 27 the
2989 517 80 27 south
3083 518 52 26 end
3149 518 31 28 of
3196 518 72 28 their
3279 524 86 27 stone,
3379 518 54 28 and

2800 563 43 19 are
2857 553 79 29 down
2951 554 82 29 about
3047 557 33 27 50
3090 556 61 35 feet,
3165 557 47 28 the
3222 562 77 24 stone
3309 556 124 39 showing

2799 593 63 36 gold
2876 593 92 38 freely,
2988 595 53 27 and
3055 595 46 28 the
3120 596 59 28 reef
3196 596 94 37 (wider
3304 596 67 29 than
3386 597 45 28 the

2800 633 95 31 winze,
2921 634 40 27 for
2986 633 64 36 they
3076 635 67 28 have
3168 636 48 28 but
3241 647 51 17 0113
3317 637 63 27 wall
3403 637 26 27 in

2801 671 76 30 view)
2904 672 23 24 is
2946 673 134 33 supposed
3101 679 27 20 to
3148 674 31 26 be
3201 676 16 24 0
3236 685 30 16 or
3287 676 15 26 7
3325 676 53 25 feet
3403 676 28 25 in

2800 706 94 34 width,
2925 707 54 28 and
3010 708 66 29 with
3108 718 65 29 very
3199 710 70 31 little
3295 717 84 24 water
3404 716 27 25 to

2800 746 103 28 trouble
2928 748 85 28 them.
3050 749 58 28 The
3127 760 87 27 upper
3228 752 82 28 levels
3332 752 30 29 of
3377 752 54 29 this

2800 784 80 28 claim
2902 794 68 19 were
2993 787 174 38 exceedingly
3185 795 52 23 wet
3250 791 54 28 and
3318 799 93 20 uncom-

2799 823 112 31 fortable
2927 831 26 23 to
2967 826 83 33 work,
3069 838 30 19 as
3113 829 60 29 four
3191 829 80 30 shifts
3283 837 48 23 out
3344 831 30 29 of
3384 831 45 30 the

2799 863 39 26 six
2864 864 112 35 weekly,
3003 866 85 34 might
3113 868 32 26 be
3170 869 139 35 depended
3334 880 35 16 on
3403 880 28 17 as

2799 899 92 39 giving
2915 912 15 18 a
2954 906 53 26 wet
3032 904 77 34 shirt,
3135 905 23 31 if
3182 913 47 23 not
3253 918 15 19 a
3294 908 135 38 thorough

2798 941 121 32 soaking,
2934 943 54 26 and
3001 953 29 17 as
3044 953 16 17 a
3073 946 56 26 rule
3142 955 65 19 men
3219 948 120 33 engaged
3353 948 75 27 there

2800 979 88 28 would
2901 980 75 28 leave
2991 981 45 28 the
3059 982 79 29 claim
3153 985 22 27 if
3186 985 59 28 able
3259 989 28 25 to
3299 989 44 33 get
3357 986 73 28 work

2798 1017 28 30 in
2840 1028 55 28 any
2913 1019 79 29 other
3003 1021 83 29 mine.
3123 1023 58 29 The
3200 1030 127 32 contrary
3346 1026 23 27 is
3382 1025 46 29 the

2798 1066 61 18 ease
2878 1068 71 22 now,
2974 1059 47 28 the
3035 1065 115 31 country
3171 1064 24 25 is
3215 1064 68 26 solid
3304 1064 54 26 and
3385 1065 45 25 the

2797 1094 105 34 ground
2916 1095 58 36 dry,
2989 1096 104 38 though
3108 1104 54 22 two
3174 1108 31 19 or
3219 1100 74 28 three
3304 1100 125 27 hundred

2797 1134 53 28 feet
2874 1133 87 30 below
2986 1135 46 29 the
3057 1137 71 29 river
3151 1140 121 34 running
3295 1146 61 30 past
3382 1139 46 29 the

2798 1172 81 31 shaft,
2900 1173 53 26 and
2975 1174 47 26 the
3044 1176 118 27 workers
3181 1176 29 28 in
3231 1177 45 27 the
3296 1177 74 27 mine
3384 1186 45 17 are

2798 1210 101 30 careful
2911 1216 28 25 to
2951 1210 68 40 keep
3033 1212 70 31 their
3115 1214 97 30 billets.
3250 1216 58 29 The
3321 1215 106 38 battery

2797 1250 23 25 is
2844 1250 64 34 kept
2928 1252 115 33 steadily
3062 1255 82 32 going
3165 1255 128 33 grinding
3312 1259 48 22 out
3384 1256 47 24 the

2797 1287 79 26 usual
2890 1287 124 37 monthly
3026 1288 152 33 dividends,
3188 1291 46 26 the
3243 1297 109 30 present
3361 1291 68 27 level

2797 1324 83 37 likely
2893 1325 101 38 lasting
3005 1325 43 30 for
3058 1328 116 28 another
3187 1333 52 25 two
3252 1339 88 27 years.

2833 1373 56 27 The
2918 1373 45 29 Nil
2986 1375 209 36 Desperandum
3214 1376 50 28 has
3280 1379 59 34 just
3359 1377 37 27 let
3419 1388 12 16 a

2798 1414 123 25 contract
2940 1411 42 28 for
3003 1413 143 37 enlarging
3160 1414 45 28 the
3224 1415 139 32 chamber,
3378 1414 54 29 and

2798 1450 137 35 repairing
2953 1451 47 27 the
3013 1452 73 28 shaft
3104 1463 65 17 over
3186 1455 22 26 it
3221 1454 109 35 leading
3344 1459 26 23 to
3385 1454 45 27 the

2798 1487 113 32 surface,
2933 1487 80 28 down
3033 1489 90 28 which
3144 1491 45 27 the
3213 1492 123 35 winding
3355 1501 78 25 ropes

2798 1524 56 29 will
2866 1534 62 26 run,
2937 1525 55 31 this
3006 1527 74 30 work
3094 1528 80 39 being
3183 1539 146 29 necessary
3342 1529 91 29 before

2798 1567 155 33 operations
2983 1567 86 28 below
3097 1578 52 18 ean
3181 1570 33 28 be
3244 1570 187 28 commenced.

2799 1603 58 26 The
2877 1604 87 26 wheel
2976 1604 24 27 is
3012 1606 106 34 getting
3139 1616 16 17 a
3169 1607 135 34 thorough
3325 1608 108 31 coating

2800 1640 29 27 of
2840 1644 41 24 tar
2893 1640 36 36 by
2942 1650 35 19 an
2990 1643 177 35 experienced
3179 1645 87 33 artist,
3276 1644 56 28 and
3342 1644 91 36 things

2798 1677 148 38 generally,
2960 1689 45 19 are
3019 1681 105 36 getting
3136 1682 168 38 ship-shape.

2833 1728 37 28 At
2883 1728 45 28 the
2942 1729 53 36 Big
3008 1730 84 29 River
3106 1736 114 24 matters
3234 1743 45 18 are
3293 1733 142 34 assuming

2800 1775 16 18 a
2841 1766 111 29 definite
2976 1768 80 34 form,
3079 1770 55 28 and
3154 1771 47 28 the
3223 1773 119 27 erection
3367 1772 31 28 of
3419 1782 16 17 a

2800 1806 107 38 battery
2919 1806 23 30 is
2958 1807 36 30 all
3006 1808 50 31 but
3068 1809 113 30 decided
3194 1820 44 20 on.
3383 1821 51 20 can

2799 1844 33 28 be
2845 1847 109 26 utilised
2966 1856 30 18 as
3009 1848 47 27 the
3074 1850 101 26 motive
3194 1859 99 25 power,
3307 1851 54 26 and
3375 1860 44 25 pre-

2799 1881 115 34 ference,
2928 1883 15 27 I
2956 1883 113 34 believe,
3088 1886 23 27 is
3131 1885 81 36 given
3229 1891 30 23 to
3276 1887 47 28 the
3337 1888 97 27 Pelton

2800 1919 97 35 wheel,
2919 1921 100 33 which,
3033 1922 70 29 from
3123 1924 35 28 its
3179 1924 158 38 simplicity,
3357 1924 65 30 effec-

2801 1959 118 29 tiveness
2938 1961 56 28 and
3013 1961 148 38 durability
3182 1964 24 27 is
3218 1964 84 36 likely
3315 1969 29 23 to
3357 1973 77 19 come

2801 1997 58 29 into
2872 1999 110 35 general
2994 2009 56 20 use.
3088 2001 58 29 The
3158 2005 78 25 stone
3246 2004 28 27 in
3288 2002 55 30 this
3353 2003 81 29 claim

2800 2037 51 27 has
2864 2037 68 28 been
2945 2039 61 28 well
3016 2040 97 32 tested,
3125 2040 55 28 and
3189 2041 105 35 though
3307 2047 50 23 not
3365 2042 69 28 wide

2801 2075 55 27 and
2878 2077 152 27 somewhat
3049 2077 112 33 broken,
3175 2080 134 35 promises
3328 2084 28 23 to
3375 2080 61 35 give

2801 2113 133 29 excellent
2945 2117 117 34 returns,
3073 2116 46 29 the
3130 2118 130 37 expected
3270 2118 74 38 yield
3354 2118 82 38 being

2800 2152 77 30 three
2902 2159 27 24 to
2954 2154 61 30 four
3038 2166 101 20 ounces
3158 2164 28 23 to
3210 2157 47 30 the
3283 2163 57 24 ton.
3377 2158 59 29 The

2801 2193 106 32 ground
2929 2194 23 26 is
2973 2195 108 34 pierced
3100 2196 37 34 by
3154 2206 17 17 a
3191 2198 98 27 tunnel
3311 2197 89 28 which
3415 2200 23 25 is

2801 2229 95 29 driven
2909 2234 28 24 to
2949 2230 47 29 the
3009 2232 65 34 reef,
3088 2232 55 30 and
3165 2233 47 29 the
3230 2234 62 29 lode
3305 2234 51 29 has
3368 2234 69 29 been

2801 2267 72 29 risen
2893 2279 35 17 on
2947 2270 72 28 from
3040 2271 48 28 the
3109 2272 71 28 level
3201 2276 28 24 to
3248 2274 47 27 the
3321 2274 115 32 surface,

2801 2306 83 28 about
2898 2309 50 26 150
2959 2307 63 29 feet.
3060 2309 28 27 It
3100 2310 51 27 has
3163 2310 57 28 also
3234 2310 68 29 been
3316 2310 71 29 sunk
3401 2321 35 17 on

2801 2343 41 30 for
2865 2355 76 19 some
2961 2347 92 37 depth,
3073 2348 55 28 and
3146 2348 47 29 the
3212 2350 107 35 tracing
3339 2351 31 27 of
3391 2350 47 28 the

2801 2383 59 27 reef
2881 2385 82 27 north
2989 2386 54 27 and
3064 2387 81 27 south
3163 2388 24 26 is
3210 2388 47 27 the
3275 2389 76 26 work
3375 2398 63 18 now

2801 2421 82 38 going
2905 2432 35 19 on
2961 2423 30 29 in
3013 2423 47 30 the
3080 2425 85 29 mine.
3203 2425 26 29 It
3242 2427 24 28 is
3278 2426 118 37 possible
3409 2436 29 19 as

2801 2460 47 28 the
2862 2461 61 29 lode
2944 2462 119 37 deepens
3074 2463 23 29 it
3110 2474 65 26 may
3196 2474 110 20 assume
3325 2476 17 17 a
3362 2476 74 18 more

2801 2500 150 27 connected
2972 2501 55 27 and
3047 2502 69 27 solid
3135 2512 179 27 appearance,
3335 2504 100 33 which,

2801 2537 67 30 with
2891 2537 47 31 the
2961 2542 112 35 present
3096 2540 77 31 show
3198 2540 29 32 of
3248 2542 73 37 gold,
3346 2542 92 31 would

2801 2578 81 27 make
2904 2578 22 28 it
2947 2589 37 17 an
3003 2581 177 36 exceedingly
3204 2582 162 35 productive
3378 2592 45 26 pro-

2801 2620 87 30 perty.

2836 2663 35 28 In
2884 2674 128 19 common
3030 2667 67 28 with
3111 2667 47 28 the
3170 2671 57 25 rest
3248 2667 31 29 of
3288 2668 47 29 the
3348 2669 91 29 island

2801 2710 40 19 we
2860 2702 71 28 have
2944 2703 56 28 had
3020 2712 51 20 our
3086 2708 83 34 quota
3182 2705 30 28 of
3221 2705 71 29 bush
3305 2706 73 35 fires,
3393 2707 46 29 the

2801 2743 74 27 town
2896 2741 41 29 for
2958 2742 68 37 days
3039 2744 126 34 together
3184 2744 82 36 being
3286 2746 152 38 enveloped

2800 2780 29 26 in
2854 2789 17 17 a
2895 2780 82 27 dense
3008 2782 81 27 cloud
3116 2782 31 27 of
3173 2783 96 27 smoke
3292 2784 73 27 from
3391 2785 47 27 the

2800 2815 119 38 burning
2932 2817 65 30 hills
3006 2819 186 39 surrounding
3201 2820 30 30 it.
3269 2821 44 29 On
3323 2822 115 39 Sunday

2801 2857 46 27 the
2869 2856 160 36 fire-engine
3049 2868 57 18 was
3125 2860 88 28 called
3232 2864 49 25 out
3301 2862 55 27 and
3379 2872 44 18 suc-

2801 2893 108 34 ceeded,
2930 2894 69 29 after
3020 2904 76 20 some
3109 2896 84 29 hours
3213 2898 31 27 of
3264 2900 132 33 exertion,
3409 2901 29 26 in

2801 2931 134 39 checking
2954 2934 37 29 its
3010 2934 122 31 advance
3151 2936 120 30 towards
3287 2937 48 29 the
3353 2938 85 30 north

2801 2975 61 30 part
2874 2973 31 25 of
2914 2972 48 26 the
2974 2976 75 24 town
3061 2975 91 26 where
3164 2975 48 26 the
3224 2975 93 35 partly
3330 2977 107 26 cleared

2799 3008 66 30 land
2877 3008 23 30 is
2914 3018 103 21 overun
3035 3010 67 31 with
3116 3011 83 36 ferns,
3219 3011 49 32 but
3284 3017 49 26 not
3345 3012 91 33 before

2800 3052 54 23 two
2879 3058 32 18 or
2934 3050 77 26 three
3034 3052 84 26 small
3141 3052 92 33 places
3257 3062 72 17 were
3353 3053 85 28 burnt

2800 3084 90 32 down,
2910 3085 55 27 and
2982 3085 93 28 others
3093 3086 56 28 had
3167 3095 17 19 a
3203 3095 108 21 narrow
3330 3097 107 29 escape,

2800 3121 103 38 having
2921 3124 159 38 repeatedly
3101 3125 102 38 caught
3227 3126 49 30 fire
3299 3127 71 30 from
3390 3129 47 29 the

2799 3161 60 26 rain
2881 3161 30 27 of
2927 3162 119 35 burning
3067 3165 91 26 leaves
3179 3165 56 26 and
3255 3166 78 26 bark.
3370 3167 48 27 For-

2800 3198 125 38 tunately
2937 3199 48 30 the
3005 3199 74 30 wind
3097 3211 56 19 was
3173 3201 70 39 light
3256 3203 60 29 that
3329 3202 63 37 day,
3406 3213 32 21 or

2799 3237 135 29 immense
2947 3239 116 36 damage
3076 3241 90 28 would
3184 3241 71 30 have
3274 3243 68 28 been
3356 3243 81 29 done.

2799 3275 85 37 Light
2896 3276 119 29 showers
3028 3278 47 28 fell
3087 3279 146 38 yesterday
3253 3280 54 28 and
3321 3281 47 28 the
3382 3282 54 37 day

2799 3314 135 38 previous,
2944 3316 55 30 and
3008 3318 143 36 quenched
3159 3319 37 30 all
3206 3319 49 31 but
3264 3319 46 31 the
3318 3320 120 39 burning

2799 3358 72 24 trees
2883 3356 55 26 and
2951 3356 68 33 logs.

2834 3401 116 30 Reefton
2971 3401 50 30 has
3046 3403 104 38 always
3175 3404 83 31 taken
3284 3407 88 29 credit
3395 3407 42 30 for

2799 3440 80 36 being
2891 3441 134 34 musical;
3044 3443 47 28 the
3105 3445 168 36 strumming
3286 3447 31 27 of
3328 3457 17 17 a
3354 3447 82 36 piano

2799 3488 52 19 can
2870 3479 32 29 be
2923 3480 86 28 heard
3027 3481 30 28 in
3077 3481 38 29 all
3133 3487 125 32 quarters
3277 3485 55 29 and
3355 3489 29 25 at
3399 3487 36 27 all

2799 3518 92 28 hours.
2940 3518 146 37 Naturally
3115 3530 53 19 one
3192 3523 92 27 would
3308 3532 126 28 suppose,

2798 3556 66 26 with
2884 3555 67 29 such
2972 3565 36 19 an
3027 3562 114 24 amount
3164 3558 30 28 of
3213 3560 87 29 latent
3319 3563 116 27 musical

2799 3593 94 36 talent,
2907 3594 48 30 the
2968 3594 95 31 advert
3076 3597 31 29 of
3116 3607 17 19 a
3141 3598 153 30 celebrated
3307 3601 127 36 pianiste,

2800 3633 127 28 Madame
2951 3634 224 37 Summerhayes,
3188 3638 91 28 would
3299 3638 32 29 be
3345 3640 89 27 seized

2797 3680 37 19 on
2858 3680 29 19 as
2912 3680 36 19 an
2973 3674 178 36 opportunity
3182 3678 27 25 to
3234 3676 123 29 discover
3387 3678 46 28 the

2797 3709 174 35 possibilities
2992 3710 156 31 obtainable
3166 3713 70 28 from
3249 3714 63 30 that
3331 3716 86 28 instru-

2797 3751 86 30 ment,
2919 3748 56 29 and
3004 3749 82 30 listen
3121 3754 29 25 to
3183 3752 48 29 the
3260 3753 174 38 rhapsodical

2797 3786 160 35 renderings
2987 3788 30 27 of
3046 3798 16 19 a
3099 3789 143 30 first-class
3272 3793 160 35 performer.

2799 3824 128 30 Madame
2957 3835 57 19 was
3043 3826 57 30 also
3129 3829 63 28 well
3227 3832 148 35 supported
3404 3831 30 29 in

2797 3863 115 36 comedy
2925 3864 54 28 and
2992 3874 76 27 song,
3082 3866 49 28 but
3149 3867 48 28 the
3216 3869 146 28 attraction
3376 3880 56 17 was

2796 3904 50 25 not
2865 3902 144 33 sufficient,
3030 3904 56 28 and
3105 3904 49 29 she
3172 3906 100 36 played
3285 3910 29 25 to
3334 3908 100 29 almost

2797 3942 94 34 empty
2899 3940 109 29 houses.
3035 3941 25 29 A
3068 3946 82 33 troup
3159 3944 30 28 of
3195 3944 89 37 Negro
3293 3945 141 30 Minstrels

2797 3986 44 19 are
2862 3978 144 37 intending
3027 3982 27 26 to
3074 3989 54 28 pay
3150 3991 33 19 us
3204 3992 17 18 a
3241 3984 72 33 visit,
3336 3984 61 28 that
3409 3984 24 28 is

2797 4025 75 20 more
2885 4026 36 20 on
2933 4027 17 19 a
2962 4017 70 30 level
3050 4019 67 28 with
3137 4019 126 36 Reefton,
3284 4022 56 29 and
3354 4023 14 28 I
3381 4033 51 19 can

2797 4056 117 33 promise
2945 4056 47 27 the
3021 4055 83 29 burnt
3128 4059 116 28 corkists
3272 4069 16 18 a
3319 4061 115 37 bumper

2797 4092 94 30 house.
3289 4099 108 28 Thady.

2900 4185 121 30 NOTES
3041 4187 107 30 FROM
3167 4189 160 32 NELSON.

2857 4278 85 34 (from
2961 4285 56 21 our
3036 4286 63 21 own
3116 4285 255 35 correspondent.)

2830 4325 57 29 The
2907 4325 142 39 discovery
3061 4328 31 28 of
3101 4328 47 29 the
3166 4335 126 25 meanest
3307 4342 68 20 man
3394 4343 36 19 on

2795 4374 77 28 earth
2893 4374 51 29 has
2956 4374 69 29 been
3038 4376 117 29 claimed
3168 4377 30 38 b}
3199 4388 6 11 r
3223 4389 87 28 many
3329 4381 101 37 places,

2794 4421 180 37 particularly
2994 4423 30 27 in
3043 4424 137 33 America,
3202 4426 49 28 but
3271 4428 43 28 for
3336 4438 16 18 a
3374 4435 57 28 real

2794 4478 82 20 mean
2889 4469 71 30 class
2973 4470 15 29 I
3002 4471 126 30 consider
3139 4472 47 30 the
3197 4474 105 30 Nelson
3314 4476 116 30 cabmeu

2794 4526 15 18 a
2821 4516 44 37 big
2879 4518 91 28 itreak
2992 4518 89 29 ahead
3099 4521 31 27 of
3140 4530 54 27 any
3209 4522 15 27 I
3237 4522 70 29 have
3326 4525 65 27 read
3404 4527 29 26 of

2793 4573 31 20 or
2844 4563 110 31 known.
2991 4565 58 30 The
3072 4566 104 31 Nelson
3199 4568 118 38 Regatta
3338 4570 24 30 is
3382 4572 48 30 the

2794 4612 109 36 cabby's
2916 4614 104 27 annual
3032 4614 121 29 harvest.
3190 4616 58 29 The
3262 4618 167 31 Committee

2794 4669 70 18 were
2887 4660 115 29 dubious
3023 4662 56 28 this
3091 4673 67 25 year
3179 4664 31 28 of
3228 4665 114 36 holding
3356 4668 73 28 their

2793 4706 129 31 carnival,
2936 4706 49 28 but
2997 4708 94 28 rather
3103 4709 69 28 than
3190 4710 40 27 let
3241 4711 23 28 it
3276 4712 74 37 lapse
3363 4714 67 37 they

2792 4757 48 33 put
2851 4753 72 29 their
2931 4755 143 29 shoulders
3084 4760 28 25 to
3120 4757 47 29 the
3177 4758 86 30 wheel
3273 4760 55 28 and
3337 4761 90 30 issued

2793 4801 15 18 a
2821 4800 174 27 programme
3018 4794 90 28 which
3131 4798 160 27 committed
3308 4799 77 29 them
3399 4805 28 24 to

2792 4830 47 29 the
2853 4830 176 38 expenditure
3043 4833 29 29 of
3091 4834 96 38 nearly
3208 4835 81 35 £2OO,
3304 4838 54 29 and
3371 4838 55 30 this

2792 4870 29 26 in
2846 4870 47 26 the
2917 4870 57 27 face
2996 4871 30 26 of
3049 4871 53 27 bad
3126 4873 90 31 times,
3245 4875 180 36 subscription

2793 4905 59 29 lists
2865 4905 82 39 being
2968 4906 81 30 taken
3063 4909 87 28 round
3165 4909 42 28 for
3225 4911 109 29 various
3347 4913 79 30 other

2793 4955 148 28 purposes;
2961 4946 114 30 bazaars
3093 4948 55 29 and
3169 4955 89 31 spirts
3281 4951 29 29 in
3331 4953 78 34 neigh-

2792 4984 97 36 boring
2907 4986 99 36 places.
3043 4986 57 29 The
3114 4988 165 30 Committee
3302 4978 90 43 reliecf
3397 4997 28 24 to

2793 5034 14 18 a
2821 5028 76 31 great
2917 5030 94 24 extent
3032 5036 35 19 on
3093 5026 46 30 the
3161 5033 113 32 support
3296 5031 30 28 of
3347 5032 78 30 those

2792 5063 62 27 who
2868 5064 91 28 would
2980 5064 32 28 be
3025 5064 46 28 the
3093 5070 120 31 greatest
3234 5068 116 36 gainers,
3364 5071 61 28 viz:

2792 5101 46 30 the
2863 5102 123 30 cabmen.
3023 5103 145 36 However,
3188 5105 82 31 when
3290 5108 46 30 the
3362 5120 47 19 can-

2791 5149 107 19 vassers
2910 5141 175 29 interviewed
3099 5143 75 28 these
3183 5145 157 34 gentlemen
3349 5157 76 19 some

2792 5178 105 28 refused
2917 5179 77 37 point
3019 5179 92 35 blank,
3132 5189 76 22 some
3228 5185 196 38 prevaricated,

2791 5217 55 29 and
2870 5227 50 20 one
2941 5218 64 37 (and
3027 5229 51 20 one
3096 5220 76 37 only)
3195 5221 160 33 subscribed
3371 5226 54 30 five

2791 5256 133 33 shillings.
2961 5258 109 35 During
3089 5259 46 26 the
3154 5265 106 27 regatta
3281 5263 64 35 day,
3370 5266 55 26 and

2790 5292 47 30 the
2858 5292 69 39 days
2948 5294 146 39 preceding
3105 5296 56 29 and
3179 5297 149 41 following,
3342 5301 83 32 about

2790 5334 51 25 500
2865 5338 139 31 strangers
3027 5336 99 25 visited
3152 5338 112 31 Nelson,
3295 5341 55 26 and
3375 5343 47 27 the

2790 5369 139 29 cabmen's
2954 5370 109 37 takings
3086 5371 43 29 for
3153 5372 77 30 these
3254 5374 79 32 three
3356 5378 69 40 days

2790 5409 147 29 amounted
2953 5414 27 25 to
2992 5411 70 29 from
3077 5412 38 28 £8
3124 5417 27 23 to
3162 5414 57 28 £lO
3226 5416 76 28 each.
3340 5419 63 29 How-

2790 5455 71 23 ever,
2875 5447 47 27 the
2935 5448 117 34 Regatta
3065 5450 165 29 Committee
3251 5452 71 30 have
3335 5455 55 29 had
3409 5467 15 19 a

2790 5484 112 38 settling
2931 5486 130 40 meeting,
3097 5487 56 32 and
3185 5494 59 28 met
3279 5492 37 32 all
3352 5494 72 33 their

2789 5526 145 33 liabilities,
2957 5527 55 28 and
3032 5529 66 35 they
3119 5531 58 27 also
3197 5531 46 29 did
3267 5537 159 34 something

2790 5572 84 19 more.
2911 5564 77 37 They
3001 5567 98 35 passed
3112 5576 16 19 a
3141 5569 150 30 resolution
3305 5572 61 30 that
3377 5574 46 31 the

2789 5602 112 37 solitary
2932 5614 89 19 crown
3051 5606 75 37 piece
3157 5613 188 36 representing
3375 5615 47 29 the

2789 5642 136 33 gratitude
2945 5647 27 23 ot
2993 5644 46 27 the
3059 5646 171 29 Cabdrivers'
3253 5651 170 31 Association

2788 5679 99 29 should
2907 5680 32 29 be
2957 5683 131 29 returned
3100 5685 66 29 with
3183 5686 110 36 thanks,
3307 5691 55 28 and
3377 5693 46 29 the

2790 5719 108 28 various
2916 5723 138 27 members
3067 5722 31 29 of
3107 5724 62 29 that
3187 5725 165 34 Committee
3368 5731 56 29 will

2789 5762 46 24 not
2848 5762 65 26 next
2931 5769 68 25 year
3011 5761 63 29 take
3086 5772 16 20 a
3115 5773 66 27 very
3199 5766 89 29 active
3308 5768 115 32 interest

2788 5805 28 18 in
2829 5797 145 35 providing
2987 5806 73 29 sport
3075 5806 26 23 to
3115 5802 87 29 fatten
3209 5805 66 27 such
3291 5816 16 17 a
3321 5816 101 21 mansv

2787 5833 99 30 crowd.
3387 5825 30 19 o}

3271 5884 119 30 KORARI.

3675 230 233 29 LATEST

3509 287 244 40 CABLE
3843 290 235 43 NEWS.

3894 392 123 39 January
4033 396 40 28 12.

3508 438 55 28 The
3586 438 125 30 Colonial
3732 440 85 28 Oaice
3836 440 103 34 having
3958 442 120 29 received
4090 454 17 18 a

3471 487 233 30 communication
3728 487 71 29 from
3824 488 47 29 the
3893 489 126 29 Colonic?
4038 491 53 29 rela-

3470 535 55 27 tive
3544 541 28 22 to
3595 535 45 29 tbe
3662 535 129 38 lowering
3812 537 30 28 of
3852 537 45 28 the
3920 538 119 28 Samoan
4052 537 54 39 flag

3471 583 34 37 by
3519 593 15 18 a
3549 589 79 32 party
3647 584 30 28 of
3694 586 118 28 marines
3825 586 72 28 from
3918 586 46 28 the
3984 587 122 28 German

3471 632 177 29 man-of-war
3665 632 150 36 Albatross,
3831 635 48 28 ha«
3899 635 104 36 replied
4019 642 26 21 to
4061 637 45 28 the

3469 680 79 26 effect
3568 680 58 26 that
3646 681 76 26 there
3741 682 22 25 is
3783 691 35 16 no
3838 691 95 17 reason
3956 687 28 22 to
4002 682 103 28 believe

3471 725 59 31 that
3549 726 143 40 Germany
3710 727 111 30 intends
3836 732 28 26 to
3884 738 91 20 annex
3996 727 109 33 Samoa.

3506 775 44 28 Mr
3574 777 32 27 A.
3633 777 32 26 L.
3692 776 134 35 Packson,
3848 778 72 27 M.P.
3943 779 41 27 for
4010 779 97 32 Leeds,

3470 823 50 31 has
3544 823 68 32 been
3642 825 149 39 appointed
3825 827 145 37 Secretary
4000 833 28 26 to
4060 827 46 32 the

3471 873 142 36 Treasury.

3748 922 128 37 Madrid,
3890 923 126 39 January
4031 925 40 29 12.

3506 969 82 28 News
3606 969 22 28 is
3649 973 26 25 to
3695 970 74 28 hand
3789 971 70 28 from
3887 972 174 35 Carthagena
4081 972 31 29 of

3472 1025 34 21 an
3518 1016 122 30 abortive
3654 1021 116 35 attempt
3778 1022 52 25 ata
3844 1018 168 38 Republican
4023 1019 85 37 rising

3473 1065 89 26 which
3582 1065 53 26 had
3649 1066 81 25 taken
3749 1066 76 33 place
3845 1066 85 26 there.
3967 1068 141 33 Although

3473 1109 42 29 tht
3543 1109 175 29 disturbance
3749 1119 58 19 was
3838 1114 48 25 not
3911 1113 26 26 of
3960 1120 16 19 a
4007 1112 104 29 serious

3473 1165 94 20 nature
3593 1159 46 27 the
3666 1161 143 25 Governor
3838 1160 30 26 of
3890 1160 47 26 the
3969 1160 55 36 city
4056 1171 55 17 was

3473 1204 142 29 wounded.

3751 1245 126 32 London,
3892 1246 126 34 January
4032 1248 42 25 VI.

3505 1288 58 27 The
3578 1288 85 36 Right
3686 1289 74 27 Hon.
3776 1290 104 27 Arthur
3904 1289 131 38 Wellesly
4049 1291 64 28 Peel

3471 1335 49 29 has
3534 1335 68 29 been
3617 1336 198 38 unanimously
3828 1337 146 29 re-elected
3989 1338 119 37 Speaker

3471 1384 29 27 of
3511 1384 46 27 the
3572 1385 95 26 House
3683 1385 30 26 of
3725 1385 158 27 Commons.

3760 1432 122 35 Berlin,
3896 1433 125 37 January
4035 1435 41 27 12.

3506 1479 36 26 In
3562 1479 78 34 reply
3666 1482 29 23 to
3719 1485 230 29 representations
3969 1481 71 26 from
4066 1481 47 27 the

3473 1524 116 36 English
3603 1526 120 38 Foreign
3746 1526 85 29 Office
3844 1537 36 18 on
3906 1527 47 29 the
3967 1527 103 39 subject
4085 1529 29 29 of

3471 1580 92 22 recent
3594 1583 95 20 events
3714 1576 29 27 in
3773 1577 110 32 Samoa,
3909 1578 47 27 the
3988 1578 123 28 German

3475 1621 188 27 Government
3682 1621 69 28 have
3772 1623 106 35 replied
3899 1623 61 28 that
3982 1624 66 36 they
4068 1634 46 19 are

3475 1667 116 29 without
3605 1678 55 25 any
3681 1668 180 30 information
3874 1680 37 18 on
3931 1671 47 27 the
3998 1672 114 36 subject,

3471 1714 52 30 but
3542 1725 56 27 any
3619 1715 139 30 inteation
3780 1717 29 29 of
3826 1719 167 28 annexation
4017 1720 23 28 is
4061 1720 39 28 dis-

3475 1762 126 27 claimed.

3696 1849 203 28 LATEST

3488 1899 378 42 AUSTRALIAN
3919 1901 175 43 NEWS.

3693 2027 191 34 Melbourne,
3899 2029 126 38 January
4039 2032 40 28 12.

3509 2074 120 27 Further
3659 2081 107 30 reports
3806 2079 156 35 respecting
3992 2079 46 28 the
4075 2084 26 24 at-

3475 2122 123 38 tempted
3611 2122 117 38 robbery
3742 2128 29 25 at
3791 2123 46 32 the
3851 2124 187 38 Colliugwood
4050 2129 46 29 sub-

3474 2171 104 28 branch
3600 2173 31 28 of
3650 2173 47 28 the
3711 2174 183 29 Commercial
3916 2176 78 28 Bank
4008 2178 29 27 of
4046 2180 51 26 Aus-

3475 2219 81 26 tralia
3587 2220 117 27 confirm
3737 2221 47 27 the
3821 2225 149 25 statement
4000 2224 30 27 of
4060 2225 56 28 Mrs

3476 2265 204 30 Ravenseroft's
3707 2268 93 28 death.
3838 2270 58 27 The
3921 2270 74 28 bank
4020 2281 74 19 mana-

3475 2322 47 26 ger
3545 2313 82 28 made
3647 2324 16 18 a
3686 2319 74 23 most
3779 2315 102 38 plucky
3901 2316 111 29 defence
4034 2319 81 28 when

3476 2361 129 28 attacked
3623 2362 36 36 by
3673 2363 47 27 the
3733 2362 120 29 robbers.
3892 2366 58 27 The
3970 2368 146 27 assailants

3476 2416 46 19 are
3547 2408 138 36 larrikins,
3709 2420 52 17 one
3782 2411 31 28 of
3831 2411 94 28 whom
3947 2422 56 19 was
4022 2415 95 27 armed

3476 2456 68 28 with
3570 2467 15 18 a
3611 2459 133 32 revolver,
3766 2459 48 29 the
3839 2461 103 28 second
3972 2462 104 29 carried
4101 2476 16 15 »

3477 2503 130 31 crowbar,
3622 2505 55 27 and
3692 2505 45 28 the
3751 2506 74 27 third
3839 2516 17 19 a
3870 2509 166 27 tomahawk.
4075 2511 43 27 No

3477 2562 102 28 money
3603 2563 58 20 was
3686 2554 99 35 stolen,
3823 2556 47 30 the
3900 2558 112 29 robbers
4036 2559 82 38 being

3477 2602 166 35 completely
3666 2603 86 27 foiled
3781 2604 31 27 in
3837 2606 74 27 their
3940 2611 119 32 attempt
4089 2617 28 19 10

3477 2658 93 21 secure
3583 2649 47 31 the
3643 2652 71 29 coin.
3751 2653 75 29 Four
3838 2664 113 27 persons
3965 2656 69 30 have
4046 2657 69 30 been

3478 2698 121 28 arrested
3611 2700 29 26 in
3655 2703 162 25 connection
3831 2703 66 27 with
3911 2704 47 28 the
3971 2705 87 29 affair.

3689 2749 191 36 Melbourne,
3893 2752 129 38 January
4038 2757 41 26 13.

3513 2794 74 36 Only
3610 2804 52 19 one
3685 2796 30 27 of
3733 2797 47 28 the
3802 2797 62 28 four
3876 2808 65 19 men
3954 2801 119 29 arrested
4088 2803 30 27 in

3478 2843 162 29 connection
3667 2845 66 29 with
3759 2846 47 29 the
3832 2847 185 38 Coliingwood
4043 2851 74 28 bank

3476 2890 117 37 robbery
3618 2891 51 28 has
3693 2892 69 28 been
3793 2893 137 36 detained,
3961 2896 46 28 the
4038 2898 80 28 other

3477 2938 77 30 three
3567 2939 82 37 being
3669 2940 62 30 able
3752 2945 28 26 to
3801 2943 110 37 explain
3930 2944 72 29 their
4024 2956 72 19 move-

3477 2989 92 23 ments
3596 2989 28 24 to
3649 2986 47 27 the
3721 2987 171 29 satisfaction
3912 2989 30 28 of
3960 2990 47 28 the
4029 2992 88 35 police

3476 3042 71 20 were
3561 3034 122 29 released
3696 3035 70 28 from
3781 3037 125 36 custody.

3510 3079 60 26 The
3594 3080 143 27 Victorian
3763 3082 144 28 Seamen's
3939 3084 94 28 Union
4064 3085 51 28 has

3474 3126 125 30 received
3624 3138 17 19 a
3665 3130 77 36 reply
3766 3130 72 29 from
3860 3131 48 29 the
3933 3133 69 28 New
4028 3135 88 28 South

3477 3174 91 27 Wales
3583 3175 103 33 Union,
3708 3177 153 37 promising
3885 3182 187 34 co-operation
4086 3181 29 28 in

3474 3231 63 19 case
3562 3222 30 29 of
3615 3234 16 18 a
3652 3224 93 30 strike.
3783 3227 58 28 The
3861 3228 134 29 Brisbane
4022 3229 94 29 Union

3474 3269 51 28 has
3537 3272 145 35 requested
3695 3273 107 28 further
3820 3274 181 30 information
4025 3277 93 28 before

3474 3319 94 37 giving
3598 3330 16 19 a
3636 3320 112 31 definite
3768 3332 116 21 answer.
3921 3325 59 29 The
3999 3337 118 19 masters

3474 3367 107 27 remain
3606 3368 73 34 firm,
3701 3370 55 28 and
3769 3380 45 18 are
3835 3372 180 34 determined,
4036 3375 24 27 if
4069 3375 48 28 the

3477 3414 85 30 strike
3587 3417 124 36 extends,
3737 3422 28 26 to
3790 3420 47 37 lay
3862 3430 37 28 up
3919 3422 73 28 their
4015 3424 103 29 vessels

3473 3463 93 28 rather
3580 3465 68 28 than
3662 3465 106 31 submit
3779 3473 27 23 to
3815 3469 47 28 the
3871 3469 142 29 demands.
4052 3472 47 28 Cor-

3472 3512 186 34 respondence
3678 3513 24 28 is
3715 3524 62 18 now
3796 3516 116 36 passing
3930 3518 123 29 between
4067 3520 49 27 the

3474 3556 103 30 Teades
3608 3559 115 29 Council
3754 3562 54 28 and
3843 3563 47 28 the
3921 3565 194 35 ship-owners,

3473 3606 114 29 relative
3618 3611 30 25 to
3679 3609 47 28 the
3750 3611 128 37 proposal
3906 3614 31 27 of
3965 3615 47 28 the
4041 3616 60 28 first-

3472 3654 102 29 named
3605 3655 73 37 body
3702 3661 28 24 to
3760 3659 132 29 establish
3918 3671 15 19 a
3964 3663 92 28 Board
4088 3664 30 28 of

3472 3699 204 33 Counciliation
3688 3704 42 29 for
3749 3715 16 19 a
3782 3708 159 30 settlement
3959 3710 31 28 of
3999 3710 47 30 the
4059 3711 40 29 dis-

3472 3751 74 32 pute.

3612 3842 132 29 MAIL
3807 3845 164 30 NEWS.

3507 3945 57 29 The
3584 3947 129 30 estimate
3736 3949 31 28 of
3784 3951 47 28 the
3844 3951 68 30 final
3924 3954 86 28 result
4023 3955 31 27 of
4063 3955 48 28 the

3472 3992 133 30 elections
3618 3995 76 36 gives
3708 3996 47 29 the
3767 3999 129 29 coalition
3910 4001 30 28 of
3949 4002 94 28 Tories
4057 4003 55 28 and

3471 4041 164 29 Parnellites
3661 4053 15 18 a
3701 4046 132 36 majority
3857 4049 31 26 of
3909 4053 46 23 ten
3977 4059 64 18 over
4065 4052 47 26 the

3471 4087 132 30 Liberals.
3640 4090 88 37 Apart
3741 4092 71 29 from
3827 4093 46 30 the
3889 4095 160 32 Parnellites
4062 4097 47 29 the

3471 4135 122 28 Liberals
3608 4139 71 26 have
3693 4149 15 17 a
3722 4141 130 36 majority
3866 4143 30 26 of
3905 4146 43 24 72.

3506 4183 57 29 The
3578 4184 72 29 Irish
3663 4186 219 37 Conservatives,
3893 4190 105 29 headed
4012 4191 37 39 by
4063 4192 46 30 Mr

3470 4231 99 34 Lewis,
3583 4242 46 19 are
3650 4234 121 37 forming
3790 4247 36 17 an
3846 4239 185 35 independent
4052 4251 41 17 sec-

3471 4278 66 35 tion,
3563 4280 55 28 and
3643 4283 134 36 opposing
3802 4293 55 29 any
3882 4287 128 28 coalition
4042 4289 65 27 with

3470 4325 118 30 Pamell.

3506 4375 45 28 Mr
3572 4376 71 29 Burt
3661 4379 121 35 replaces
3802 4380 44 29 Sir
3859 4381 117 30 Willed
3989 4384 118 28 Lawson

3469 4431 30 18 as
3512 4423 47 27 the
3572 4424 92 28 leader
3676 4426 31 26 of
3716 4426 47 28 the
3777 4428 84 28 Local
3876 4430 160 35 Optiomsts.

3504 4470 45 29 Mr
3561 4470 159 39 Bradlaugh
3730 4473 51 30 has
3792 4477 112 29 entered
3913 4478 59 30 into
3986 4481 105 36 negotia-

3469 4518 71 28 tions
3552 4519 69 28 with
3635 4520 47 28 the
3695 4522 110 29 Liberal
3818 4525 114 28 leaders.

3502 4566 59 29 The
3574 4567 117 30 number
3704 4570 27 28 of
3743 4570 47 29 the
3803 4572 138 31 members
3949 4575 30 29 of
3988 4575 47 29 the
4045 4586 62 19 new

3468 4614 95 28 House
3588 4615 31 27 of
3648 4616 151 29 Commons
3820 4621 64 26 who
3909 4631 84 19 never
4016 4624 91 28 before

3466 4671 69 18 were
3549 4662 102 29 elected
3664 4669 28 23 to
3706 4665 171 31 Farliament
3896 4670 24 26 is
3942 4672 60 26 332.
4039 4672 67 27 This

3466 4707 50 27 has
3527 4708 55 27 had
3595 4718 37 18 no
3645 4711 115 35 parallel
3781 4713 74 28 since
3869 4714 46 28 the
3929 4715 59 28 first
4000 4717 88 29 Parlia-

3466 4760 76 24 ment
3554 4757 88 28 under
3655 4758 45 28 the
3714 4759 112 30 Reform
3846 4762 64 29 Bill.

3501 4803 57 28 The
3579 4804 148 29 Paruellite
3748 4811 63 24 vote
3825 4809 29 27 in
3866 4809 104 29 Dublin
3982 4821 58 19 was
4052 4813 35 28 im-

3466 4861 104 23 mense,
3590 4851 83 38 being
3692 4856 108 32 23,772,
3822 4859 109 31 against
3953 4861 70 28 4476
4047 4866 59 24 cast

3465 4897 43 27 for
3527 4898 47 26 the
3596 4899 210 30 Conservatives
3828 4903 55 28 and
3906 4906 70 28 3170
3994 4906 42 29 for
4057 4908 46 29 the

3466 4945 130 31 Liberals.

3499 4995 25 28 A
3536 4995 132 39 despatch
3680 4997 71 31 from
3766 5000 41 29 St.
3822 5001 164 38 Petersburg
3998 5005 31 29 of
4040 5006 63 29 13th

3465 5044 152 30 December
3637 5057 64 26 says
3722 5049 61 28 that
3802 5050 120 29 Ptussian
3942 5059 96 30 agents
4057 5065 47 17 are

3465 5092 119 40 actively
3598 5094 164 40 (intriguing
3785 5101 30 27 at
3839 5099 136 37 Belgrade
3999 5105 28 26 to
4057 5103 30 29 de-

3464 5141 99 29 throne
3586 5144 75 35 King
3686 5145 89 28 Milan
3796 5148 30 26 in
3843 5148 98 28 favour
3956 5150 30 27 of
4004 5151 99 27 Prince

3464 5187 261 41 Karageorgevitch.
3763 5193 171 40 Despatches
3953 5197 71 29 from
4040 5198 46 29 Bel-

3463 5240 83 33 grade
3571 5242 31 26 of
3628 5243 64 27 lGth
3717 5244 155 28 December
3898 5256 50 24 say
3971 5247 60 27 that
4055 5247 48 27 the

3463 5286 121 30 weather
3614 5296 57 21 was
3701 5291 138 38 intensely
3870 5291 71 36 cold,
3969 5293 54 29 and
4054 5292 46 30 the

3463 5335 113 27 soldiers
3589 5340 28 23 at
3631 5338 47 26 the
3690 5338 74 27 front
3774 5349 45 17 are
3830 5341 130 33 suffering
3968 5343 130 33 severely.

3497 5380 124 31 Thomas
3640 5383 33 30 B.
3688 5383 210 38 Gratz-Browu,
3919 5387 62 29 who
4000 5397 48 19 ran
4070 5392 29 25 at

3462 5429 67 28 Vice
3560 5432 145 28 President
3729 5444 35 16 on
3790 5435 46 27 the
3862 5437 110 26 Horace
4003 5437 97 35 Greely

3463 5475 92 37 ticket,
3578 5478 63 30 died
3664 5479 30 30 in
3720 5479 40 31 St.
3786 5480 85 32 Louis
3892 5493 36 19 on
3948 5482 136 31 Decembe

3464 5526 73 28 14th.

3498 5573 46 27 Six
3558 5574 124 30 children
3695 5585 71 21 were
3779 5577 88 30 bitten
3881 5579 37 39 by
3937 5588 15 20 a
3967 5580 63 29 mad
4044 5580 52 36 dog

3462 5623 122 36 running
3595 5630 29 23 at
3637 5626 72 34 large
3723 5631 28 23 at
3763 5628 128 33 Newark,
3906 5630 67 27 New
3989 5630 108 35 Jersey,

3462 5679 35 19 on
3512 5670 153 31 December
3684 5673 57 30 4th.
3778 5675 59 29 The
3857 5676 121 37 peculiar
3995 5677 102 28 feature

3463 5719 30 26 of
3513 5720 48 28 the
3586 5730 61 20 case
3669 5722 23 28 is
3710 5722 71 31 that,
3803 5728 28 24 at
3847 5724 43 28 his
3909 5733 116 29 request,
4051 5726 46 27 the

3462 5766 126 31 children
3608 5769 71 30 have
3699 5770 68 30 been
3781 5776 61 25 sent
3862 5777 28 25 to
3913 5773 39 29 M.
3975 5773 124 33 Pasteur,

3462 5816 26 24 at
3504 5815 85 29 Paris,
3603 5817 42 26 for
3655 5821 155 25 treatment.

3707 5893 30 29 of
3750 5894 87 28 News,
3853 5904 42 20 see
3916 5895 47 27 4th

1331 70 117 40 THE
1505 74 184 42 LYELL
1743 78 186 48 TIMES,
1985 82 306 48 SATURDAY,
2345 84 243 56 JANUARY
2646 89 53 50 jG,
2760 85 101 42 1886.

374 5270 134 20 JANUARY.

160 5346 6 7 •

209 5335 104 17 PHASES
325 5335 33 17 OF
371 5334 56 17 THE
441 5336 83 17 MOON.
535 5330 3 25 1

587 5348 15 12 *
649 5332 2 28 1

586 5363 16 9 05

145 5372 22 17 +3

367 5391 27 21 D.
415 5391 29 21 H.
457 5392 30 20 M.

699 5372 16 12 05

693 5386 22 12 43

699 5403 16 14 ©

150 5417 17 16 b

371 5424 14 25 5
421 5424 16 26 7
451 5424 80 33 16pm

578 5417 24 19 M
649 5417 2 19 l

691 5421 24 18 in

141 5477 26 14 *M

199 5458 99 38 Fst.Qr
326 5477 7 4 -
355 5460 31 28 13
406 5461 32 28 13
451 5461 80 36 57pm

587 5457 15 11 c
649 5457 2 14 l

586 5473 18 21 3

150 5498 16 15 0

195 5499 131 32 IFl.Moon
352 5501 35 29 20
421 5501 109 35 717pra

577 5498 27 22 02

691 5499 25 21 X

141 5565 25 29 Q

199 5540 99 34 Lst.Qr
323 5557 7 4 -
351 5542 33 26 27
421 5543 13 24 1
467 5541 63 36 4pm

561 5550 67 21 H.M.
649 5550 2 30 |

673 5552 28 18 H.
711 5551 29 20 M.

143 5628 32 24 ir>

195 5626 2 34 j
235 5626 136 34 Saturday

560 5631 16 25 4
594 5631 34 25 42
649 5619 2 37 i

659 5615 91 43 Ti?

141 5666 33 27 17

233 5664 53 28 2nd
301 5664 113 32 Sunday
426 5664 69 30 after

561 5669 15 27 4
595 5669 33 27 42
649 5660 2 40 1

672 5670 17 28 7
709 5670 32 27 18

142 5705 32 28 18

235 5703 122 36 Monday
374 5703 159 37 [Epiphany

560 5708 16 26 4
595 5709 33 25 43

673 5709 15 27 7
708 5710 32 26 17

142 5743 32 28 10

234 5742 126 36 Tuesday

561 5748 15 26 4
595 5748 32 27 44

673 5748 16 28 7
708 5748 32 28 10

141 5784 33 25 20

234 5781 173 35 Wednesday

560 5788 15 23 4
594 5786 33 26 45
648 5778 3 34 !

672 5788 16 25 7
709 5788 30 26 15

141 5819 31 29 21

233 5818 144 36 Thursday

559 5823 14 27 4
594 5823 32 26 40

672 5824 15 28 7
708 5825 29 27 14

141 5860 32 29 22

235 5858 99 34 Friday

559 5863 14 28 4
594 5863 33 29 47

671 5864 16 28 7
708 5864 30 28 13

247 209 236 33 Government
505 212 151 31 Notices.

397 296 7 6 *
433 297 90 35 3KJI

171 420 101 28 GOLD
293 421 144 29 MINING
461 422 120 28 LEASE
608 424 46 28 TO
682 424 49 28 BE

359 460 189 30 GRANTED.

233 533 140 32 PUBLIC
392 537 279 30 NOTIFICATION.

136 610 66 63 IN
216 615 165 37 conformity
393 616 67 28 with
474 616 47 29 the
540 616 63 29 37th
625 616 102 29 section
741 616 29 30 of

315 654 89 27 Mines
424 656 61 30 Act,
625 654 54 28 and
700 655 65 28 with

137 689 46 28 the
196 690 168 34 regulations
377 691 80 27 made
470 691 86 28 under
574 692 60 27 that
654 692 51 27 Act
726 692 42 28 for

137 727 47 31 the
208 729 128 37 granting
358 730 30 29 of
408 730 86 30 leases
515 730 42 30 for
578 728 63 37 gold
661 730 106 38 mining

136 776 138 28 purposes,
296 770 21 26 it
338 770 24 27 is
383 769 102 36 hereby
504 771 113 27 notified
636 771 61 27 that
708 772 23 26 it
743 780 23 18 is

136 805 129 32 intended
278 810 28 28 to
319 811 80 34 grant
411 818 16 20 a
439 808 71 31 lease
529 809 30 31 of
578 809 97 31 Crown
688 809 78 31 lands

136 847 42 27 for
190 847 63 33 gold
266 849 107 33 mining
385 857 130 27 purposes
528 854 27 23 to
569 851 46 26 the
629 851 137 34 applicant

136 883 127 38 specified
275 884 28 30 in
317 884 46 31 the
376 885 122 30 annexed
522 885 132 31 Schedule
674 887 91 29 unless

136 924 77 27 there
238 924 71 29 shall
332 925 34 29 be
390 926 72 28 valid
487 923 150 37 objections
659 928 107 35 against

134 961 67 29 such
213 960 81 31 lease.

171 1000 155 39 Objections
339 1005 28 27 to
376 1002 47 30 the
433 1004 127 38 granting
569 1003 30 30 of
608 1002 65 31 such
683 1002 81 32 lease,

135 1040 104 34 Btating
250 1041 48 29 the
311 1042 118 33 grounds
442 1044 30 26 of
488 1042 144 36 objection,
645 1047 76 23 must
734 1044 32 26 be

134 1077 82 27 made
235 1077 30 28 in
286 1079 117 33 writing,
425 1080 55 27 and
503 1080 99 34 lodged
628 1080 66 27 with
719 1080 47 26 the

134 1113 120 33 Warden
275 1118 30 28 at
325 1117 78 38 Lyell
423 1127 35 21 on
479 1127 30 21 or
528 1117 90 31 before
640 1118 46 30 the
700 1118 64 30 16th

134 1154 56 34 day
202 1155 30 27 of
245 1156 146 35 February,
406 1158 75 27 1886.

169 1192 76 39 Copy
269 1193 31 30 of
319 1192 166 40 application
509 1193 81 32 made
615 1193 55 32 and
700 1195 65 38 plan

134 1232 123 28 Rnnexed
282 1242 65 26 may
369 1233 33 30 be
427 1244 63 19 seen
512 1239 28 24 at
561 1235 47 28 the
625 1235 141 28 Warden's

134 1268 84 28 Office
230 1272 30 25 at
272 1270 87 36 Lyell.

368 1347 161 30 Schedule.

167 1383 161 38 Applicant:
347 1385 96 29 James
456 1386 81 28 Hart.

171 1421 76 39 Style
261 1423 87 29 under
359 1423 90 31 which
460 1425 22 29 it
491 1425 23 29 is
521 1423 128 31 intended
663 1428 27 26 to
703 1434 46 20 con-

204 1461 64 28 duct
291 1463 47 27 the
367 1462 140 29 business;
543 1464 59 27 The
634 1464 131 34 Empress

202 1498 101 36 Quartz
319 1496 107 38 Mining
439 1500 151 39 Company.

168 1534 103 35 Extent
283 1541 26 27 ot
322 1537 107 39 grdund
451 1538 106 40 applied
577 1539 57 31 for:
655 1539 109 31 Sixteen

204 1588 75 17 acres
291 1581 54 25 two
357 1579 89 27 roods.

169 1614 141 37 Locality:
330 1614 170 37 Eight-mile,
514 1615 88 37 Lyell.

169 1652 109 37 Mining
289 1653 131 29 District:
440 1654 102 29 Nelson
560 1654 184 29 South-West.

169 1731 87 28 Given
268 1731 89 28 under
367 1740 49 28 my
435 1732 84 34 hand,
533 1735 28 26 at
582 1733 113 34 Nelson,
708 1733 56 28 this

136 1768 63 30 12th
233 1769 54 37 day
319 1769 31 30 of
383 1771 132 38 January,
545 1780 52 20 one
627 1771 137 30 thousand

134 1807 75 39 eight
221 1808 123 31 hundred
357 1811 54 28 and
423 1811 157 36 eighty-six.

227 1847 153 28 ALFRED
400 1849 261 34 GREENFIELD,

253 1884 216 31 Commissioner
479 1886 29 29 of
515 1887 98 28 Crown
626 1886 102 36 Lands,

340 1924 135 38 (Holding
486 1924 141 38 delegated
641 1936 111 26 powers.

183 2132 160 31 MISSING
367 2133 169 31 FRIENDS
562 2134 148 31 NOTICE.

480 2239 10 8 A
572 2239 16 9 1-7

204 2248 96 29 abouts
313 2249 54 28 and
380 2250 160 36 occupation
553 2250 30 29 of
597 2250 47 28 the
664 2251 81 28 under-

127 2286 160 28 mentioned
299 2295 112 27 persons
429 2288 24 27 is
473 2288 164 28 WANTED
660 2288 36 36 by
714 2290 48 26 the

126 2323 143 39 Secretary
282 2324 30 30 of
321 2324 47 30 the
381 2324 119 30 General
512 2325 66 30 Post
590 2325 99 31 Office:

126 2370 34 28 G.
185 2371 38 27 H.
245 2371 162 33 Thompson,
428 2373 63 26 who
510 2373 49 27 left
580 2373 118 28 London
721 2374 41 28 for

195 2408 195 30 Obristchurch
400 2409 30 29 in
439 2410 47 29 the
499 2420 67 28 year
580 2411 76 30 1881.

126 2445 33 31 T.
174 2447 181 30 MJFlatson
367 2458 31 20 or
414 2450 126 33 Hatson,
553 2450 53 29 last
627 2450 85 29 heard
736 2451 28 28 of

197 2488 29 25 at
239 2486 125 33 Reefton,
378 2486 83 29 about
473 2488 77 27 three
562 2497 80 27 years
654 2498 60 24 acjo,
727 2498 31 19 as

192 2524 155 38 engineer's
359 2528 75 28 mate
447 2526 29 30 in
489 2535 16 21 a
517 2526 63 39 gold
593 2526 85 32 mine.

125 2563 185 29 Miss.i'jANET
338 2566 120 33 Michie,
482 2566 55 28 last
559 2567 86 28 heard
676 2568 31 28 of
733 2572 29 24 at

192 2601 196 36 ■Queenstown,
402 2603 186 36 Invercargill.

126 2639 109 32 Victoe
246 2641 142 34 Godfrey,
396 2641 64 31 who
468 2642 52 30 has
532 2642 68 30 been
616 2643 145 31 addressed

197 2684 27 23 to
248 2679 154 34 Auckland,
426 2681 50 29 but
494 2687 101 23 cannot
613 2682 33 29 be
667 2683 94 28 traced

169 2716 4 32 <
192 2716 89 32 ib:re.

350 2767 40 29 H.
409 2768 34 28 G.
462 2768 227 34 YOUNGMAN,

547 2806 178 30 Postmaster.

277 2894 340 34 NOTIFICATION.

386 3110 113 23 MESSRS.

129 3145 415 58 HALLENSTEIN
597 3151 163 54 BROS.

120 3217 122 31 JdDfioire
255 3221 28 27 to
295 3219 103 29 inform
410 3220 47 29 the
470 3220 135 30 residents
619 3220 30 30 of
666 3220 80 38 Lj'ell

196 3257 55 28 and
264 3258 185 37 surrounding
461 3259 119 28 districts
598 3259 61 28 that
677 3269 17 19 a

164 3304 227 31 RETAIL
484 3306 244 33 BRANCH

389 3353 34 12 f\v
440 3354 56 15 'pup

265 3381 116 39 NEW
402 3382 224 41 ZEALAND

130 3433 307 80 Clothing
466 3437 297 77 Factory

364 3532 60 22 HAS
446 3533 84 22 BEEN

130 3572 142 54 Opened
289 3573 37 42 in
351 3575 91 40 New
468 3575 192 54 Buildings
678 3591 85 26 near

193 3629 149 52 Empire
368 3631 118 47 Hotel,
513 3631 181 52 Westport.

166 3734 70 31 IS*
254 3734 45 30 All
323 3735 93 30 Goods
439 3741 29 24 at
491 3737 118 38 Factory
628 3738 98 29 Prices.

129 3829 45 30 All
188 3830 108 30 Gooods
309 3841 45 20 are
368 3831 114 30 Marked
499 3832 30 30 in
550 3833 78 29 Plain
649 3835 113 36 Figures

427 3871 43 28 for

129 3916 236 43 l@-NETT
406 3918 135 40 CASH
589 3920 171 40 ONLY!

128 4022 62 37 Any
203 4024 93 28 article
315 4024 164 37 purchased,
493 4026 54 28 and
559 4031 50 25 not
621 4030 138 35 approved

127 4061 36 32 of,
188 4061 55 28 will
266 4061 33 29 be
325 4062 158 37 exchanged
506 4064 68 30 with
605 4066 47 28 the
684 4076 75 19 same

127 4104 129 33 coartesy
268 4101 66 29 with
348 4101 89 29 which
450 4106 21 25 it
483 4113 56 19 was
558 4104 67 34 sold,
640 4115 30 19 or
681 4105 23 29 if
714 4106 30 29 de-

187 4139 70 28 sired
270 4140 47 27 the
329 4149 102 26 money
443 4142 56 27 will
512 4142 32 27 be
557 4143 137 27 returned.

128 4174 59 29 The
200 4185 108 21 success
320 4177 90 30 which
424 4178 51 30 has
489 4180 128 29 attended
630 4181 47 29 the
692 4182 68 29 New

162 4215 120 30 Zealand
307 4217 130 35 Clothing
461 4219 141 37 Factory's
633 4221 92 28 Retail

195 4254 142 29 Branches
360 4257 29 26 in
419 4256 139 34 Dunedin,
586 4258 89 29 Christ-

230 4292 113 34 church,
368 4294 178 37 Wellington,
565 4296 72 29 Auck-

263 4331 75 33 land,
352 4332 54 28 and
424 4334 79 28 other
523 4337 96 33 towns,

292 4371 75 29 leads
374 4371 46 29 the
427 4374 164 35 proprietors

333 4414 29 23 to
374 4410 103 28 believe
490 4411 61 29 that

360 4447 77 31 there
444 4449 81 29 exists

435 4497 17 19 a

123 4534 252 40 Praiseworthy
386 4534 110 33 desire
508 4544 46 23 on
564 4536 59 32 the
635 4539 78 38 part
724 4538 38 32 of

172 4579 60 32 the
243 4579 117 40 public
372 4581 37 30 to
421 4586 190 35 encourage
623 4584 87 32 New

254 4624 153 35 Zealand
429 4626 201 35 Industries.

126 4674 156 35 Especially
294 4676 90 27 where
398 4677 123 35 superior
534 4678 165 33 advantages
712 4689 45 17 are

160 4711 110 34 offered,
284 4712 54 29 and
357 4722 69 28 your
438 4717 112 34 support
562 4715 23 28 is
598 4715 124 31 solicited

229 4761 35 19 on
277 4751 54 29 this
349 4753 217 35 understanding
577 4755 75 36 only.

216 4804 36 31 T.
270 4804 438 45 BLENNERHASSETT,

324 4852 132 34 Manager
467 4852 140 36 Westport
619 4854 119 28 Branch.

125 4924 155 31 Wholesale
295 4925 96 31 Stocks
404 4930 27 27 to
445 4927 81 30 select
540 4930 69 27 irom
621 4929 26 29 in
663 4929 36 30 all
707 4939 50 21 our

125 4965 149 29 Branches.
312 4967 85 27 NOW
417 4968 108 32 OPEN,
551 4969 53 27 and
624 4969 46 28 the
691 4971 64 36 only

270 5004 111 30 address
393 5005 29 30 in
435 5005 139 39 Westport
586 5007 23 29 is

126 5056 86 40 New
221 5058 179 48 Buildings
411 5069 83 29 near
504 5059 138 47 Empire.
652 5061 105 39 Hotel

974 204 117 32 Public
1115 205 150 32 Notices.

1012 284 214 32 LUCAS'S

876 358 142 32 ELSON
1038 360 88 30 AND
1154 362 119 30 WEST
1299 362 134 29 COAST

887 558 129 40 YEAR
1037 560 123 40 BOOK
1181 562 52 39 for
1253 563 95 37 1886.

804 668 165 35 Containing
990 671 124 27 valuable
1137 673 186 26 information.
1372 673 58 27 The

854 705 66 31 Best
934 707 108 30 Garden
1057 708 134 30 Calendar
1204 719 63 20 ever
1279 710 100 30 issued.

805 756 50 38 On
884 757 78 40 Sale
989 761 37 37 at
1051 759 98 49 Lyell
1177 761 114 39 Times
1321 764 110 38 Office.
