4231 6030
1298 82 117 42 THE
1469 79 188 42 LYELL
1708 79 187 45 TIMES,
1951 76 311 47 SATURDAY,
2316 77 250 53 JANUARY
2622 81 54 43 16,
2735 81 102 35 1886.

282 226 137 41 Milling
446 226 152 33 Notices.

125 306 73 32 TYIt
229 308 178 31 CONNELL
434 303 147 43 QtJAETZ
613 305 145 32 MIKING

246 363 187 32 COMPANY,
463 362 173 27 LIMITED.

152 466 10 8 *
189 466 21 27 T
224 475 15 19 a
250 465 120 36 Meeting
379 465 30 28 of
419 465 146 29 Directors,
574 463 63 28 held
646 472 34 18 on
693 461 63 28 11th

223 517 131 36 January,
370 517 75 32 1886,
460 526 15 17 a
489 515 94 28 CALL
605 513 54 35 (the
682 513 73 35 lGth)

125 568 30 29 of
174 569 75 27 ONE
276 566 128 29 PENNY
431 566 101 27 HALF
561 564 128 28 PENNY
710 573 47 28 per

125 621 78 28 share
229 630 56 17 was
311 619 89 31 made,
423 618 114 36 payable
560 621 28 25 at
610 618 46 28 the
677 618 60 27 Com-

123 673 99 35 pany's
252 670 86 33 office,
370 669 65 29 Cliff
471 669 98 34 Street,
600 667 88 38 Lyell,
720 677 35 19 on

389 723 47 29 the
456 722 64 30 10th
541 721 216 33 FEBRUARY,

125 777 76 29 ISBG.

422 823 27 29 J.
470 823 31 28 F.
522 821 133 35 CLARK,

485 876 84 34 Legal
584 875 140 37 Manager.

158 928 89 36 Lyell,
264 928 63 28 12th
344 928 136 36 January,
494 929 76 26 1886.

143 1009 164 34 MANUKA
338 1009 94 30 FLAT
464 1008 101 31 GOLD
597 1007 146 31 MINING

247 1063 190 32 COMPANY,
464 1062 175 27 LIMITED.

144 1168 23 27 A
189 1168 47 27 LL
256 1168 158 32 SHARES,
435 1166 163 38 numbering
619 1166 71 28 from
706 1166 13 26 1
734 1168 28 26 to

222 1222 105 32 32,000,
337 1220 217 29 FORFEITED
564 1219 120 36 through
694 1228 50 18 non-

125 1277 134 31 payment
272 1273 31 27 of
312 1282 55 26 any
381 1272 95 28 CALL
492 1272 57 28 will
566 1272 33 28 be
618 1271 94 29 SOLD
725 1270 37 36 by

127 1325 139 29 PUBLIC
280 1324 165 30 AUCTION
456 1328 29 26 at
494 1324 43 29 Mr
546 1324 74 30 John
631 1323 131 29 Munro's

128 1378 118 28 Auction
269 1379 82 31 Mart,
374 1378 148 37 Westport,
548 1387 36 18 on
608 1376 153 32 FRIDAY,

126 1429 46 29 the
195 1429 65 29 29th
283 1429 53 38 day
358 1429 30 29 of
403 1429 187 33 JANUARY,
604 1430 76 33 1886,
694 1431 29 25 at
744 1428 16 28 3

122 1483 106 29 o'clock
239 1492 77 28 p.m.,
331 1483 94 28 unless
438 1482 158 37 previously
608 1481 152 29 redeemed.

411 1545 123 28 JAMES
553 1544 141 32 INGLIS,

587 1583 140 36 Manager.

159 1621 90 37 Lyell,
264 1622 64 29 16th
342 1622 134 37 January,
489 1623 74 28 1886.

193 1707 254 29 APPLICATION
468 1707 73 29 FOR
560 1706 133 29 LEASE.

445 1785 86 28 Owen
544 1784 124 34 District,

390 1825 158 28 November
561 1823 74 35 16th,
651 1824 76 29 1885.

159 1865 41 28 To
219 1873 56 20 the
442 1872 34 19 at
496 1863 207 28 Murchison—

125 1903 37 60 I
182 1903 159 27 HEREBY
368 1902 82 35 apply
470 1902 41 26 for
530 1910 16 17 a
570 1900 193 35 Gold-Mining

199 1940 86 30 Lease
308 1939 29 31 of
355 1939 47 30 the
424 1938 80 30 lands
525 1937 167 30 hereinafter
704 1937 42 29 des-

125 1979 101 34 cribed,
240 1980 29 27 in
282 1979 165 28 accordance
459 1977 67 28 with
544 1977 47 27 the
605 1976 139 28 Gold-Min-

124 2016 48 40 ing
185 2017 100 31 Leases
306 2016 179 38 Regulations
505 2015 30 31 of
545 2015 68 30 New
632 2014 130 36 Zealand,

124 2058 55 28 and
202 2060 15 26 I
238 2069 88 24 agree,
342 2068 75 27 upon
440 2058 46 28 the
507 2056 130 37 approval
659 2056 30 27 of
707 2055 55 29 this

125 2097 177 38 application,
325 2100 29 26 to
374 2100 113 25 execute
510 2105 15 19 a
537 2095 73 28 lease
628 2103 75 28 upon
716 2094 46 29 the

123 2135 74 29 basis
210 2137 108 27 therein
332 2136 99 34 stated,
445 2135 23 28 if
478 2135 46 28 the
538 2135 142 28 Governor
693 2133 69 28 shall

123 2175 83 28 think
218 2175 32 28 fit
263 2178 28 25 to
304 2178 82 33 grant
398 2174 47 27 the
459 2182 84 18 same.

358 2211 173 30 MATHEW
553 2209 139 35 BYRNE,

569 2251 157 34 Applicant.

159 2329 90 29 Name
262 2329 55 29 and
331 2328 111 30 address
464 2328 29 28 in
512 2326 49 30 full
574 2326 30 30 of
613 2326 149 38 Applicant

193 2369 160 27 —Mathew
366 2368 103 35 Byrne,
483 2367 93 27 Owen.

160 2407 77 38 Style
260 2407 88 29 under
371 2405 92 31 which
489 2406 21 27 it
534 2404 24 29 is
578 2403 131 30 intended
733 2406 28 26 to

194 2447 118 28 conduct
324 2446 47 28 the
383 2444 269 28 business—Golden
663 2444 98 27 Crown

195 2485 71 29 Gold
281 2485 109 34 Mining
399 2483 153 37 Company.

159 2524 105 27 Extent
282 2524 31 27 of
322 2522 106 34 ground
444 2520 110 36 applied
571 2521 42 26 for
613 2519 148 28 —Sixteen

194 2559 54 29 and
261 2559 91 29 a-half
356 2568 84 19 acres.

160 2599 152 29 Minimum
331 2598 118 29 number
462 2596 31 30 of
501 2606 66 18 men
585 2594 136 39 proposed
734 2597 28 27 to

195 2638 33 29 be
242 2638 146 38 employed
400 2637 37 37 by
449 2636 47 29 the
514 2634 189 30 Lessee—For
715 2634 47 28 the

194 2678 62 28 first
286 2678 96 28 twelve
406 2675 114 29 months
545 2676 17 26 2
585 2683 66 19 men
665 2682 7 25 ;
701 2672 45 28 sub-

195 2716 155 37 sequently,
380 2714 82 28 when
486 2713 29 27 in
540 2712 50 27 full
618 2711 86 32 work,
729 2712 33 26 16

194 2764 76 20 men.

160 2794 125 28 Amount
303 2793 31 29 of
349 2791 102 36 capital
472 2789 134 38 proposed
623 2792 29 27 to
669 2789 34 28 be
721 2789 27 28 in-

195 2831 258 30 vested—£ls,ooo.

161 2867 138 39 Proposed
318 2867 81 30 mode
412 2866 30 30 of
454 2864 124 36 working
595 2863 47 30 the
661 2862 101 30 land-

195 2907 158 33 Tunneling
365 2907 55 28 and
432 2906 111 32 sinking
555 2905 42 27 for
609 2907 105 32 quartz.

162 2946 107 29 Precise
281 2944 276 38 locality.—Byrne's
569 2942 98 36 Camp,
677 2941 85 28 Owen

195 2986 93 28 River.

159 3024 83 30 Term
260 3024 43 29 for
319 3022 92 30 which
429 3022 73 29 lease
523 3021 24 29 is
564 3019 197 36 required—ls

195 3069 89 26 years.

160 3097 79 29 Time
258 3097 30 29 of
303 3095 192 34 commencing
513 3092 230 38 operations—lm-

194 3135 151 39 mediately
358 3144 36 20 on
407 3134 127 38 granting
545 3132 30 30 of
583 3132 81 29 lease.

161 3214 59 27 The
239 3213 85 28 above
343 3212 165 36 application
527 3209 54 29 and
601 3219 55 24 any
675 3208 72 36 objec-

126 3254 59 27 tion
199 3252 106 29 thereto
317 3252 56 28 will
385 3250 33 29 be
428 3248 85 31 heard
524 3251 28 27 at
562 3248 47 28 the
620 3247 144 29 Warden's

127 3292 86 28 Office
226 3295 28 24 at
268 3290 169 31 Murchison,
453 3298 34 19 on
498 3287 186 31 TUESDAY,
699 3287 63 27 19th

127 3328 186 34 JANUARY,
329 3328 45 29 188
374 3328 31 29 G.
418 3366 5 8 _

163 3371 63 37 Any
247 3379 98 28 person
367 3367 120 35 desiring
510 3368 30 28 to
559 3365 87 36 object
667 3367 28 28 to
717 3363 47 31 the

127 3410 73 26 issue
220 3409 30 27 of
265 3419 16 16 a
301 3408 109 32 Mining
423 3407 85 26 Lease
521 3414 74 26 upon
614 3405 46 26 the
680 3404 84 26 above

128 3446 166 38 application
318 3447 84 30 must,
423 3442 99 29 within
547 3443 34 26 30
601 3441 71 28 clear
698 3440 68 36 days

129 3486 70 27 from
220 3484 46 28 the
286 3484 63 27 date
368 3483 31 28 of
408 3481 65 29 such
493 3480 177 36 application,
689 3483 78 23 enter

129 3523 44 27 his
192 3522 135 36 objection
347 3523 28 26 at
394 3520 46 28 the
459 3518 145 30 Warden's
623 3517 92 33 Office,
739 3519 28 25 at

129 3561 89 37 Lyell.

269 3597 154 30 ALFRED
442 3596 33 28 A.
495 3594 202 32 CORFIELD,

536 3635 53 27 Pro
602 3633 131 29 Warden.

269 3675 145 29 Warden's
431 3673 95 33 Office,

166 3715 88 35 Lyell,
268 3714 65 28 25th
348 3712 166 32 November,
530 3711 76 26 18S5.

199 3804 251 29 APPLICATION
471 3802 75 27 FOR
564 3801 132 27 LEASE.

270 3881 105 29 Nelson
389 3880 169 28 South-west
572 3876 159 30 Goldfields.

339 3919 65 27 23rd
417 3916 162 32 December,
595 3917 74 26 1885.

168 3960 41 28 To
228 3967 55 19 the
301 3956 130 30 Warden
450 3963 33 21 at
503 3955 129 28 Lyell—

137 3996 212 61 IHEPiEBY
374 3994 82 35 apply
478 3993 42 27 for
536 4002 15 18 a
574 3991 195 35 Gold-Mining

208 4035 86 28 Lease
315 4033 29 29 of
363 4032 46 29 the
431 4031 80 29 lands
530 4029 166 30 hereinafter
710 4028 45 29 des-

135 4074 100 33 cribed,
248 4074 29 27 in
292 4071 164 30 accordance
468 4069 66 30 with
553 4069 46 28 the
612 4067 138 30 Gold-Min-

136 4151 55 30 and
214 4151 14 30 I
250 4161 87 25 agree,
361 4159 74 28 upon
454 4148 47 29 the
522 4146 130 38 approval
675 4144 29 30 of
713 4144 56 30 this

137 4191 175 36 application,
334 4193 27 24 to
375 4193 110 23 execute
501 4196 15 18 a
530 4187 85 27 Lease
634 4194 74 27 upon
721 4184 47 28 the

136 4229 73 30 bnsis
222 4228 108 30 therein
344 4226 98 35 stated,
455 4226 23 29 if
488 4224 46 31 the
550 4224 141 30 Governor
701 4221 70 31 shall

138 4269 81 28 think
232 4268 32 28 fit
277 4271 29 24 to
318 4270 81 31 grant
412 4266 45 28 the
472 4274 84 18 same.

450 4301 120 30 JAMES
590 4300 112 33 HAET,

582 4339 155 38 Applicant.

174 4424 90 28 Name
287 4421 54 30 and
355 4421 109 29 address
477 4420 28 28 in
519 4418 48 29 full
580 4417 30 30 of
627 4416 147 38 Applicant

209 4462 130 29 —James
353 4461 80 30 Hart,
448 4458 87 37 Lyell.

177 4502 75 37 Style
276 4501 88 28 under
387 4497 91 30 which
502 4497 22 28 it
545 4496 24 29 is
592 4494 131 30 intended
747 4497 28 25 to

212 4551 48 19 eon
266 4541 63 29 duct
372 4539 44 30 the
461 4537 125 28 business
645 4535 131 37 Empress

211 4582 102 34 Quartz
328 4579 108 33 Mining
448 4577 148 35 Compaq.

177 4619 104 28 Extent
311 4617 30 29 of
367 4614 105 39 ground
502 4612 108 38 applied
641 4612 83 28 for—

212 4666 83 20 acres.

179 4696 148 29 Minimum
349 4692 117 30 number
478 4691 30 29 of
517 4700 65 18 men
600 4689 133 37 proposed
748 4691 26 25 to

213 4735 33 29 be
260 4732 141 39 employed
414 4731 36 38 by
463 4730 46 30 the
530 4728 188 30 Lessee—For
731 4727 45 29 the

212 4776 61 27 first
304 4773 76 29 three
410 4770 123 32 months,
565 4770 16 26 2
606 4776 79 24 men;
715 4767 45 28 sub-

214 4812 154 38 sequently,
398 4810 82 28 when
509 4809 29 27 in
569 4806 50 29 full
649 4805 83 34 work,
761 4806 16 27 6

212 4862 73 18 men.

177 4891 125 27 Amount
322 4888 31 28 of
370 4886 100 36 capital
488 4883 133 38 proposed
642 4886 28 24 to
688 4882 33 27 be
734 4881 27 27 in-

212 4924 257 34 vested—£l2,ooo.

180 4966 136 37 Proposed
337 4964 80 30 mode
438 4963 28 28 of
477 4961 124 37 working
619 4958 46 31 the
678 4957 101 30 land-

215 5005 137 33 Ordinary
365 5002 81 28 mode
460 5001 30 28 of
499 5003 94 32 quartz
607 4998 115 31 mining.

180 5043 107 30 Precise
318 5040 125 37 Locality
497 5035 172 38 Eight-mile,
701 5033 78 38 Lyell

217 5083 129 32 District;
365 5078 127 30 bounded
510 5087 36 18 on
565 5077 47 27 the
633 5073 90 32 south,
742 5073 37 35 by

215 5122 47 28 the
277 5119 102 31 United
392 5118 72 37 Italy
477 5117 71 28 lease
560 5124 6 27 ;
586 5124 35 19 on
632 5113 46 28 the
687 5111 76 29 north-

216 5164 58 25 east
287 5159 55 29 and
354 5161 67 25 west
432 5157 37 36 by
482 5157 98 27 Crown
593 5151 88 31 Land.

181 5200 79 26 Time
279 5198 42 27 for
341 5196 92 28 which
452 5195 71 28 lease
542 5194 25 27 is
584 5190 195 38 required—ls

214 5246 88 26 years.
691 5237 4 35 !

182 5277 79 26 Time
301 5275 31 27 of
363 5272 190 32 commencing
591 5268 155 37 operations
748 5282 34 4 —

216 5312 91 31 When
319 5312 72 29 lease
403 5312 23 28 is
440 5308 123 40 granted.

183 5391 58 28 The
264 5390 83 28 above
361 5389 163 37 application
540 5386 53 28 and
616 5394 55 26 any
694 5383 71 37 objec-

149 5432 58 27 tion
221 5430 105 29 thereto
340 5429 55 28 will
405 5428 31 29 be
447 5427 83 28 heard
539 5430 28 25 at
577 5426 47 28 the
637 5423 144 29 Warden's

150 5469 82 28 Office
246 5472 28 23 at
287 5468 86 31 Lyell,
388 5477 33 17 on
443 5463 254 31 WEDNESDAY,
717 5461 63 28 17th

149 5505 214 34 FEBRUARY,
378 5506 74 26 1886.

184 5545 63 36 Any
267 5553 96 28 person
387 5543 119 33 desiring
527 5544 28 27 to
577 5540 87 38 object
685 5542 28 25 to
735 5537 47 30 the

150 5584 71 27 issu'j
241 5584 29 27 of
281 5593 15 18 a
311 5583 106 33 Mining
436 5583 85 26 Lease
535 5590 73 28 upon
630 5580 47 28 the
697 5578 85 29 above

153 5621 162 37 application
341 5624 83 29 must,
445 5619 96 29 within
564 5621 34 26 30
622 5619 71 28 clear
716 5617 67 35 days

153 5659 69 28 from
242 5659 45 28 the
308 5659 60 28 date
382 5659 30 28 of
422 5658 65 29 such
510 5658 175 37 application,
706 5659 78 25 enter

153 5697 43 28 his
215 5697 134 37 objection
371 5701 28 25 at
421 5698 45 29 the
488 5697 143 29 Warden's
652 5695 83 30 Office
756 5698 28 25 at

153 5737 87 36 Lyell.

292 5775 150 26 ALFRED
461 5775 32 27 A.
513 5774 202 31 CORFIELB,

554 5821 48 28 pro
619 5811 129 31 Warden.

257 5849 143 28 Warden's
419 5851 91 27 Office.

190 5887 87 37 Lyell,
292 5886 45 29 sth
354 5887 133 37 January,
502 5889 74 28 1886.

952 221 135 42 Mining
1104 221 151 33 Notices.

852 302 249 32 APPLICATION
1122 301 75 33 FOR
1214 296 132 37 LEASE.

1113 383 82 27 Owen
1209 381 122 28 District.

1049 420 154 29 November
1215 419 75 35 23rd,
1305 420 75 27 1885.

818 467 39 27 To
876 475 55 19 the
951 467 128 27 Warden
1097 475 34 18 at
1152 466 205 28 Murchison—

786 514 35 57 I
840 514 159 28 HEREBY
1021 514 83 37 apply
1124 514 43 28 for
1186 524 16 17 a
1225 512 193 37 Gold-Mining

858 552 85 28 Lease
965 553 30 27 of
1013 553 47 27 the
1080 552 79 28 lands
1177 551 165 29 hereinafter
1360 551 42 27 des-

785 590 99 34 cribed,
898 590 28 29 in
940 595 165 25 accordance
1119 590 66 30 with
1199 590 47 29 the
1260 589 139 31 Gold-Min-

785 629 47 32 ing
854 630 100 27 Leases
976 630 164 34 Regulation
1162 630 30 28 of
1201 630 67 27 New
1289 628 129 33 Zealand,

786 666 54 29 and
854 667 14 28 I
890 677 88 25 agree,
997 677 75 24 upon
1098 667 47 29 the
1165 667 131 37 approval
1316 666 31 29 of
1363 665 55 29 this

786 706 171 37 application,
979 710 28 26 to
1028 710 111 26 execute
1152 717 16 18 a
1182 707 72 28 lease
1275 715 75 27 upon
1370 704 47 29 the

785 744 73 29 basis
870 745 107 29 therein
990 746 97 34 stated,
1101 745 24 29 if
1134 745 47 29 the
1193 745 141 29 Governor
1348 743 71 29 shall

786 783 79 28 think
878 784 32 29 fit
922 788 28 24 to
964 788 79 32 grant
1056 785 46 26 the
1115 794 85 17 same.

943 830 201 31 RHEPPARD
1162 830 27 30 J.
1209 829 162 34 REEVES,

903 871 144 38 Applicant
1066 871 41 28 for
1120 870 131 28 Bonanza
1264 869 154 36 Company.

821 947 89 28 Name
924 947 55 28 and
997 947 110 28 address
1119 945 29 28 in
1164 945 51 29 full
1230 944 31 29 of
1273 943 147 38 Applicant

855 986 178 38 —Sheppard
1046 985 26 29 J.
1086 985 113 33 Reeves,
1213 983 112 29 Nelson.

823 1026 75 37 Style
923 1026 88 29 under
1034 1025 90 29 which
1149 1025 22 28 it
1194 1024 24 29 is
1237 1022 131 30 intended
1392 1025 28 26 to

856 1065 117 26 conduct
1009 1065 47 26 the
1099 1063 130 27 Business
1288 1062 132 27 Bonanza

857 1103 70 29 Gold
941 1103 108 35 Mining
1061 1102 153 36 Company.

823 1142 102 27 Extent
957 1142 29 27 of
1013 1140 106 36 ground
1156 1138 109 37 applied
1294 1138 93 34 for—l
1387 1138 33 34 6£

857 1189 83 19 acres.

823 1217 149 29 Minimum
990 1216 115 29 number
1126 1215 29 29 of
1164 1224 64 19 men
1244 1213 136 38 proposed
1392 1216 28 26 to

857 1256 32 27 be
902 1255 145 36 employed
1065 1255 37 35 by
1120 1254 47 27 the
1186 1253 84 28 lessee
1272 1253 90 27 —For
1374 1251 46 29 the

857 1293 60 29 first
930 1295 32 26 12
971 1293 111 28 months
1091 1294 15 25 2
1216 1290 203 37 subsequently,

857 1333 80 29 when
950 1333 27 28 in
990 1331 50 30 full
1052 1330 75 31 work
1141 1331 31 28 15
1185 1339 75 20 men.

823 1372 123 29 Amount
966 1372 29 28 of
1013 1371 100 37 capital
1135 1368 134 38 proposed
1286 1372 27 25 to
1334 1368 34 29 be
1380 1368 26 28 in-

857 1410 257 33 vested—£l2,ooo.

825 1449 137 37 Proposed
980 1448 81 29 mode
1075 1448 29 28 of
1119 1446 121 34 working
1261 1445 46 30 the
1320 1444 65 30 land
1387 1462 33 3 —

858 1488 136 36 Ordinary
1024 1486 128 30 methods
1171 1485 29 29 of
1222 1488 96 33 quartz
1349 1484 69 28 min-

824 1564 105 28 Precise
953 1561 315 38 locality—South-west
1296 1561 55 27 and
1374 1561 30 28 ad-

854 1602 108 37 joining
974 1602 47 29 the
1034 1602 72 29 lease
1119 1599 66 31 held
1195 1599 37 37 by
1246 1598 47 30 the
1302 1598 118 31 Wakatu

859 1642 152 35 Company.

824 1678 81 29 Term
926 1679 42 28 for
987 1677 90 30 which
1098 1677 72 28 lease
1183 1676 24 29 is
1226 1674 194 38 required—ls

858 1726 88 28 years.

824 1756 77 28 Time
915 1756 30 28 of
959 1754 192 37 commencing
1173 1752 230 39 operations—lm-

858 1794 149 38 mediately
1019 1794 72 29 lease
1105 1794 23 28 is
1140 1792 123 39 granted.

823 1873 58 28 The
901 1873 85 28 above
1007 1872 165 35 application
1190 1871 54 28 and
1266 1880 56 25 any
1334 1870 72 35 objec-

790 1909 56 28 tion
862 1910 104 28 thereto
978 1910 57 27 will
1047 1909 32 28 be
1092 1908 85 28 heard
1185 1911 29 24 at
1224 1907 46 28 the
1278 1907 143 28 Warden's

789 1947 84 30 Office
886 1951 28 26 at
927 1947 169 35 Murchison,
1115 1956 37 20 on
1164 1945 176 30 TUESDAY
1353 1945 65 30 19th

788 1986 184 34 JANUARY,
988 1988 74 27 1886.

823 2025 63 39 Any
910 2036 97 28 person
1027 2024 120 39 desiring
1166 2026 29 29 to
1214 2022 87 40 object
1322 2025 28 28 to
1374 2022 47 31 the

788 2065 71 28 issue
872 2065 33 29 of
914 2076 15 18 a
945 2066 107 36 Mining
1065 2065 86 28 Lease
1170 2073 75 28 upon
1266 2064 47 28 the
1333 2064 85 28 above

789 2104 165 37 application
975 2107 84 31 must,
1079 2103 97 29 within
1200 2103 35 29 30
1256 2102 73 29 clear
1353 2102 67 36 days

788 2142 71 29 from
880 2144 47 28 the
948 2143 61 29 date
1029 2144 30 28 of
1070 2142 65 29 such
1157 2140 175 38 application,
1345 2144 78 25 enter

789 2180 43 28 his
856 2181 136 37 objection
1014 2184 29 26 at
1063 2180 47 29 the
1127 2180 143 28 Warden's
1289 2179 84 28 Office
1394 2181 28 25 at

789 2219 88 39 Lyell.

929 2259 152 27 ALFRED
1099 2259 33 26 A.
1152 2257 201 31 CORFIELD,

1197 2304 49 29 pro
1258 2293 129 30 Warden.

891 2335 144 30 Warden's
1052 2335 94 33 Office,

824 2373 88 37 Lyell,
925 2373 48 28 7th
987 2373 159 33 December,
1161 2373 76 27 1885.

957 2451 119 32 Public
1094 2451 152 32 Notices.

887 2532 269 27 PRELIMINARY
1174 2531 149 27 NOTICE.

1040 2673 18 20 A
1076 2672 93 21 GRAND

855 2729 186 30 MATEUR
1070 2726 351 31 ENTERTAINMENT

990 2806 67 29 Will
1075 2806 33 28 be
1126 2806 65 28 held
1202 2806 31 27 in

852 2884 78 28 THE
950 2882 124 30 LYELL
1094 2879 265 36 SCHOOLROOM,

788 3037 207 28 THURSDAY
1023 3037 187 31 EVENING,
1241 3035 79 28 JAN.
1347 3035 75 32 28th,

823 3112 56 28 For
891 3111 47 29 the
950 3119 117 29 purpose
1089 3109 30 30 of
1137 3109 103 36 raising
1253 3109 81 29 funds
1347 3107 42 31 for

902 3151 47 29 the
962 3150 80 38 Lyell
1054 3149 115 29 District
1181 3148 130 39 Hospital

825 3302 179 30 Programme
1017 3301 29 27 in
1059 3303 66 25 next
1137 3300 81 28 issue.

971 3378 121 30 JAMES
1112 3377 107 33 PECK,
1239 3377 75 29 Hon.
1330 3376 59 30 Sec.

820 3462 243 30 ACCEPTANCE
1084 3461 47 29 OF
1153 3459 243 31 CHALLENGE.

826 3561 4 40 '
867 3566 78 28 THE
959 3564 191 36 undersigned,
1163 3563 102 38 hereby
1282 3561 144 31 ACCEPT

826 3616 19 24 •>
885 3619 47 29 the
946 3617 232 30 CHALLENGE
1190 3617 31 29 of
1230 3617 38 28 H.
1282 3615 148 31 PEABCE

795 3674 28 25 to
835 3681 53 18 run
901 3681 55 26 any
969 3671 161 35 competitor
1150 3668 122 37 engaged
1284 3669 30 27 in
1327 3668 47 28 the
1386 3677 27 18 re-

796 3725 62 26 cent
877 3721 79 39 Lyell
977 3721 147 37 Handicap
1147 3721 59 32 100,
1227 3720 52 28 200
1298 3719 55 28 and
1378 3720 51 27 300

795 3776 91 37 yards,
900 3775 41 29 for
955 3776 55 29 £lO
1023 3774 94 30 a-side.
1154 3773 58 30 The
1223 3783 61 20 race
1294 3776 28 26 to
1333 3772 33 30 be
1376 3782 52 19 run

797 3836 35 19 on
846 3827 38 28 St.
899 3826 131 29 Patrick's
1044 3826 61 36 Day
1117 3827 75 26 next.

964 3879 155 30 GEORGE
1139 3880 33 27 A.
1190 3877 207 30 HARRISON.

832 3932 80 35 Lyell
930 3932 95 34 Creek,
1039 3930 129 38 Januaoy
1182 3930 74 33 15th,
1270 3930 77 28 1886.

876 4014 185 38 GBORGE
1094 4014 41 36 E.
1160 4012 193 47 LEVIEN,

799 4078 123 28 Member
933 4078 28 27 of
968 4078 45 26 the
1021 4076 236 28 Pharmaceutical
1265 4076 106 35 Society
1379 4074 55 28 and

886 4114 237 30 Pharmaceutical
1142 4114 165 29 Conference
1321 4113 29 30 of

1006 4156 84 28 Great
1108 4155 117 33 Britain,

803 4212 203 32 OURGEON
1043 4210 174 33 DENTIST,
1249 4210 183 35 CHEMIST,

841 4247 5 23 ►
961 4252 79 28 AND
1060 4250 205 33 DRUGGIST,

1015 4305 205 36 (EEGISTERED.)

801 4423 53 28 For
867 4424 34 27 20
913 4432 77 27 years
1009 4421 148 38 practising
1180 4422 29 28 in
1229 4421 205 34 Marlborough,

802 4462 53 28 and
868 4462 54 28 late
935 4461 31 28 of
985 4461 103 27 Nelson
1107 4461 128 33 districts,
1249 4461 23 27 is
1293 4470 62 18 now
1375 4470 45 27 pre-

898 4500 82 38 pared
994 4504 27 25 to
1036 4500 93 29 attend
1143 4501 128 36 patients,
1285 4500 55 29 and

837 4559 71 29 CAN
940 4559 50 27 BE
1021 4558 226 28 CONSULTED
1282 4558 119 28 DAILY

804 4675 97 27 Rooms
926 4682 29 19 in
980 4673 184 29 Commercial
1195 4672 111 34 Hotel,
1331 4672 103 27 Lyell.

838 4769 100 28 Advice
959 4769 91 27 Gratis
1068 4768 71 28 from
1159 4770 16 26 9
1194 4771 28 25 to
1242 4769 31 26 11
1292 4777 76 25 a.m.,
1382 4767 54 29 and

804 4809 69 27 from
888 4809 15 26 3
915 4810 28 25 to
957 4809 14 26 5
991 4816 66 28 p.m.

1018 4859 33 28 G.
1070 4859 35 27 E.
1124 4857 156 35 LEVIEN,
1300 4857 102 30 M.P.S.

865 4937 217 40 FORSYTH
1103 4938 28 38 &
1154 4936 231 47 MASTERS,

804 4996 293 61 WHOLESALE
1124 4996 21 27 &
1173 4996 141 27 RETAIL
1333 4995 84 28 IRON-

1027 5033 192 33 MONGERS,

956 5087 168 28 Broadway,
1143 5084 144 34 Eeefton,

807 5140 80 29 Have
901 5148 35 19 on
949 5137 74 28 hand
1043 5136 135 37 imported
1199 5136 85 29 direct
1301 5136 70 29 from
1394 5136 46 29 the

859 5178 91 27 Home
964 5176 129 31 markets,
1108 5184 14 18 a
1135 5176 88 31 Large
1237 5175 54 27 and
1305 5175 66 28 Well-

993 5213 121 28 assorted
1133 5212 83 28 Stock
1230 5213 29 27 of

807 5268 168 38 Builders'
990 5266 218 45 Furnishing,
1223 5264 137 47 Mining
1373 5265 69 36 and

914 5318 146 41 General
1082 5318 256 47 Ironmongery,

808 5379 100 30 Which
931 5378 66 34 they
1016 5386 45 19 are
1082 5376 133 36 prepared
1238 5379 28 24 to
1288 5375 50 28 sell
1359 5377 28 25 to
1399 5384 27 18 re-

821 5419 103 29 sidents
937 5418 29 28 of
976 5415 77 39 Lyell
1067 5420 29 24 at
1106 5414 150 38 extremely
1269 5414 52 29 low
1334 5414 96 38 prices.

810 5493 153 31 Bickford's
976 5494 81 30 Fuse,
1071 5492 91 26 Hall's
1179 5491 126 32 Blasting
1317 5489 124 33 Powder,

811 5536 121 33 Octagon
947 5531 81 34 Steel,
1041 5531 92 28 Ames'
1155 5529 125 33 Shovels,
1301 5527 67 29 Pick
1387 5528 54 27 and

811 5576 137 27 Hammer
961 5570 134 31 Handles,
1108 5569 56 33 &c,
1175 5572 95 31 agents
1283 5567 41 29 for
1335 5567 109 28 Nobel's

1048 5607 160 36 Dynamite.

811 5652 158 30 Furniture,
1002 5646 133 33 Bedding.
1168 5645 113 32 Lamps,
1324 5643 120 36 Cutlery,

812 5690 171 39 Carpenters'
998 5685 90 32 Tools,
1107 5685 104 32 Paints,
1234 5684 66 33 Oils,
1323 5682 122 33 Colours,

950 5728 93 35 Fancy
1056 5724 90 34 Ware,
1160 5724 62 31 &c.;
1242 5723 66 32 also,

816 5771 21 26 A
851 5770 87 32 Large
952 5767 175 27 Assortment
1144 5763 29 26 of
1192 5760 165 29 Galvanised
1370 5759 75 33 Iron,

916 5807 144 28 Bessemer
1073 5800 54 30 and
1147 5799 102 34 Plough
1271 5798 74 29 Steel

1002 5840 103 30 WIRE
1127 5838 127 28 ROPES.

917 5881 59 30 SSS
1009 5877 174 32 OCTAGON
1211 5875 130 30 STEEL.

1620 214 118 34 Public
1762 211 152 35 Notices.

1530 299 46 30 TO
1596 297 121 32 STAND
1737 294 91 33 THIS
1849 291 153 34 SEASON.

1510 404 23 29 T
1548 403 176 29 M'Ginley's
1745 401 95 33 Farm,
1861 397 55 31 and
1940 395 146 38 travelling

1546 447 28 23 to
1600 442 101 28 Totara
1726 440 72 33 Flat,
1816 438 121 31 Ahaura,
1964 436 120 28 Twelve-

1589 480 76 35 Mile,
1679 478 55 30 and
1756 477 192 38 Up-Country,

1503 543 57 28 The
1574 541 148 29 Pure-bred
1735 538 160 39 Clydesdale
1908 536 126 34 Stallion,

1489 1001 136 30 Glennar
1646 1001 24 29 is
1691 1011 16 19 a
1731 1000 93 39 bright
1842 999 64 40 bay,
1918 998 67 31 with
2011 996 78 32 black

1456 1042 99 35 points,
1569 1043 16 25 3
1598 1050 79 26 years
1695 1041 55 27 old.
1788 1041 100 27 Stands
1911 1040 32 27 16
1966 1038 87 28 bands
2074 1040 15 25 3

1454 1079 101 34 inches,
1581 1077 126 39 splendid
1731 1077 69 30 bone
1825 1077 54 30 and
1899 1077 113 34 muscle,
2034 1075 52 29 and

1454 1118 86 35 grand
1553 1119 100 30 action,
1672 1120 46 30 got
1731 1117 37 36 by
1790 1117 98 28 Scotch
1910 1116 71 28 Jock
1994 1115 37 36 by
2046 1115 42 27 Sir

1455 1155 78 28 Colin
1547 1154 142 38 Campbell
1700 1155 37 36 by
1748 1154 74 38 King
1832 1155 113 36 Fergus.
1981 1153 74 27 Dam
2056 1167 33 4 —

1456 1194 70 37 Gyp,
1547 1193 37 38 by
1602 1194 88 37 Royal
1714 1194 168 36 Conqueror,
1902 1191 136 38 imported
2062 1194 27 26 to

1455 1233 67 27 New
1535 1232 120 28 Zealand
1668 1232 36 36 by
1717 1233 47 27 the
1777 1232 75 28 Hon.
1873 1232 45 27 Mr
1936 1231 148 27 Robinson.

1455 1270 74 28 Took
1541 1270 60 28 first
1613 1270 69 28 class
1696 1270 73 36 prize
1783 1272 29 25 at
1820 1278 51 19 one
1882 1268 54 29 and
1949 1272 54 24 two
2012 1276 77 28 years

1456 1312 27 25 at
1496 1308 89 37 Royal
1597 1307 184 37 Agricultural
1803 1307 92 35 Show,
1915 1306 173 37 Edinburgh,

1457 1347 107 37 against
1595 1348 37 28 all
1664 1347 150 34 Scotland;
1845 1347 87 36 grand
1962 1346 65 28 dam
2057 1345 32 38 by

1457 1386 86 28 South
1559 1386 62 28 Star
1632 1385 37 37 by
1681 1385 154 36 England's
1849 1385 89 36 Hope.

1491 1425 62 36 Gyp
1578 1424 64 29 took
1667 1423 59 29 first
1751 1423 55 29 and
1828 1423 100 29 second
1949 1422 89 38 prizes
2061 1421 28 29 in

1456 1464 67 27 1872
1536 1463 54 28 and
1604 1464 66 28 1873
1689 1466 28 25 at
1730 1461 46 30 the
1797 1461 185 37 Agricultural
1997 1461 90 33 Show,

1456 1500 165 29 Richmond.

1488 1540 38 28 At
1555 1539 167 36 M'Ginley's
1751 1538 162 29 homestead
1953 1547 53 19 one
2037 1537 52 37 day

1454 1577 115 36 weekly.
1606 1577 112 29 Terms:
1720 1578 74 28 —£3
1809 1578 63 33 10s;
1891 1576 68 30 with
1977 1585 96 29 guaran-

1455 1620 52 31 tee,
1521 1618 38 27 i>s
1573 1618 38 27 ss.
1648 1617 65 28 Two
1726 1625 31 20 or
1769 1625 75 19 more
1854 1625 92 19 mares
1956 1615 38 36 by
2002 1624 73 25 agree-

1456 1658 85 24 ment.
1578 1655 68 27 Fees
1653 1654 115 37 payable
1781 1655 128 34 January
1923 1655 51 31 Ist,
1990 1654 76 27 1886.

1801 1705 36 29 D.
1860 1705 196 29 M'GINLEY.

1475 1788 129 40 POST
1646 1787 194 41 OFFICE
1883 1787 191 46 HOTEL,

1662 1849 109 28 LYE
1792 1848 24 29 L
1835 1848 23 29 L
1878 1868 8 8 .

1506 1942 226 42 PETER
1761 1942 283 41 MANGOS

1458 2006 142 72 BEGS
1620 2009 28 28 to
1660 2006 104 31 inform
1783 2005 45 32 his
1845 2005 105 31 triends
1971 2006 56 29 and
2047 2006 46 31 the

1561 2048 92 37 public
1674 2048 63 29 that
1761 2047 43 28 his
1823 2057 63 18 new
1905 2047 188 29 commodious

1628 2087 87 28 Hotel
1726 2087 24 28 is
1763 2096 63 19 now
1839 2095 81 28 open.

1456 2124 152 30 Travellers
1627 2126 55 28 and
1700 2126 110 28 visitors
1829 2128 29 26 to
1876 2125 57 29 this
1951 2125 131 29 establish

1489 2168 79 24 ment
1579 2164 57 28 will
1647 2164 59 28 find
1717 2164 73 28 their
1800 2164 118 28 comfort
1926 2164 56 27 and
1995 2174 47 18 con-

1524 2202 132 30 venience
1665 2202 169 39 thoroughly
1843 2201 131 31 attended
1986 2204 38 28 to.

1457 2242 58 29 The
1527 2242 147 28 bedrooms
1696 2253 46 18 are
1752 2244 78 33 lofty,
1844 2242 56 28 and
1912 2242 64 28 well
1989 2242 104 36 lighted

1657 2280 57 28 and
1733 2279 160 29 ventilated.

1490 2357 206 29 Comfortable
1726 2358 129 27 Parlors
1874 2359 63 26 'and
1957 2357 87 28 First-

1674 2404 82 21 class
1774 2395 105 30 Table.

1474 2435 59 29 One
1555 2435 32 28 of
1605 2435 128 29 Alcock's
1746 2435 79 28 Prize
1837 2435 118 28 Billiard
1970 2435 106 29 Tables.

1456 2512 58 28 The
1528 2512 57 27 Bar
1595 2513 25 27 is
1633 2512 114 28 stocked
1756 2512 68 28 with
1837 2512 75 32 Ales,
2041 2512 53 28 and

1509 2549 99 36 Spirits
1621 2549 30 27 of
1665 2548 170 37 guaranteed
1853 2548 103 28 brands
1968 2549 75 36 only.

1489 2587 25 29 A
1531 2587 145 29 first-class
1697 2587 184 30 sixteen-stall
1894 2587 88 29 stable
1994 2588 75 28 iscon-

1456 2626 99 29 nected
1566 2626 70 30 with
1649 2627 58 28 this
1721 2626 86 29 hotel.

1708 2665 128 28 PETER
1858 2665 168 34 MANGOS,

1893 2704 157 32 Proprieor.

1562 2785 176 33 JAMES
1778 2785 210 39 INGLIS,

1512 2858 263 30 HAREBBOKER
1805 2858 21 30 k
1856 2857 237 32 COMMISSION

1674 2922 234 48 AGENT,'

1536 3024 116 33 Cliff
1689 3023 159 34 Stkbet,
1884 3024 141 28 Lyell.

1587 3103 120 33 JOHN
1742 3102 226 41 FENNELL,

1505 3169 7 6 '
1533 3168 193 30 ENERAL
1783 3166 311 33 OTOREKEEPER,

1547 3254 85 30 Wine
1651 3262 56 21 and
1726 3253 96 30 Spirit
1844 3253 171 29 Merchant.

1498 3370 104 36 Money
1620 3368 104 38 always
1744 3369 30 29 in
1795 3367 76 30 hand
1891 3367 42 30 for
1950 3367 114 37 cashing

1718 3407 127 34 cheques.

1498 3518 110 29 Liberal
1621 3518 136 29 advances
1769 3517 81 29 made
1866 3526 36 20 on
1915 3516 107 38 parcels
2035 3516 30 30 of

1678 3556 120 30 retorted
1811 3556 73 37 gold.

1608 3671 80 37 Cliff
1705 3671 122 44 Street,
1851 3670 108 45 Lyell.

2290 205 119 33 Public
2432 206 151 32 Notices.

2121 285 208 42 BROWN'S
2350 287 118 39 BOOT
2495 285 259 40 EMPORIUM

2370 347 133 29 LYELL.

2201 451 140 28 BROWN
2354 452 30 26 in
2396 451 137 35 thanking
2545 451 43 27 his
2606 458 150 20 numerous

2133 514 12 3 -
2171 500 9 10 •
2220 493 148 25 customers
2398 490 41 28 for
2468 493 63 33 past
2559 489 119 33 favours,
2702 487 55 29 and

2122 527 105 36 hoping
2253 528 41 27 for
2315 538 16 17 a
2353 529 182 26 continuance
2556 529 29 26 of
2603 527 47 27 the
2670 536 85 22 same,

2123 565 98 30 wishes
2234 569 45 26 too
2293 565 51 30 call
2357 565 72 30 their
2448 565 135 29 attention
2597 568 28 25 to
2639 564 44 28 his
2696 573 61 20 new

2124 604 77 29 stock
2222 605 31 28 of
2274 605 109 28 Ladies'
2408 605 97 28 Maids'
2529 604 54 28 and
2602 604 155 28 Children's

2124 643 85 28 Boots
2230 644 30 26 in
2281 647 77 32 great
2378 644 114 35 variety.
2529 642 76 31 Also,
2619 642 43 27 his
2680 642 77 35 large

2124 681 56 29 and
2192 680 96 30 varied
2301 680 77 30 stock
2391 680 31 30 of

2124 733 121 41 Men.s,
2257 732 142 33 Youths'
2412 733 27 31 &
2453 732 99 40 Boys'
2569 732 107 31 Boots
2688 731 69 32 and

2382 769 118 31 Shoes.

2126 870 87 29 Fresh
2227 871 92 28 Goods
2332 872 120 35 arriving
2472 870 135 36 monthly,
2620 869 90 29 which
2724 868 34 30 he

2160 910 22 26 is
2195 909 116 36 offering
2323 912 29 25 at
2364 910 87 35 prices
2465 912 28 24 to
2503 909 54 26 suit
2571 908 47 28 the
2631 908 91 28 times.

2126 947 45 28 Ail
2195 946 138 39 imported
2366 947 84 37 goods
2480 945 117 29 marked
2625 946 30 28 in
2682 945 77 38 plain

2386 986 111 38 figures.

2162 1064 130 28 N.B.—A
2303 1064 101 37 supply
2416 1064 30 28 of
2466 1063 90 29 North
2569 1062 105 28 British
2688 1062 72 29 Gum

2128 1103 84 29 Boots
2238 1103 55 28 and
2319 1104 69 27 Own
2413 1103 83 28 Make
2515 1101 183 37 Watertights
2722 1101 25 30 al-

2127 1151 74 25 ways
2214 1150 36 19 on
2263 1141 84 28 hand.

2162 1179 117 37 Repairs
2290 1178 142 39 promptly
2442 1177 131 31 executed
2585 1176 55 31 and
2653 1176 107 30 elastics

2127 1218 131 29 inserted.

2154 1294 71 29 Note
2238 1294 48 29 the
2295 1294 121 28 Address
2425 1293 143 29 :-JOHN
2589 1292 149 34 BROWN,

2128 1342 89 32 Boot
2241 1342 27 32 &
2295 1341 210 33 Shoemaker
2526 1341 28 32 &
2583 1341 177 39 Importer,

2192 1388 141 36 (Opposite
2347 1387 81 27 Bank
2441 1387 30 27 of
2481 1387 68 27 New
2562 1386 141 34 Zealand.)

1672 3758 2 43 '
1700 3761 36 40 [A
1771 3758 98 41 Card.]

1466 3803 40 27 To
1519 3803 46 27 the
1578 3802 101 27 Ladies
1691 3802 30 26 of
1730 3801 88 34 Lyell,
1833 3799 126 32 Keefton,
1973 3799 55 27 and
2040 3808 43 17 sur-

1639 3838 138 36 rounding
1789 3836 137 30 districts:

1610 3878 113 30 ESSBS
1750 3878 35 27 E.
1811 3878 27 27 J.
1864 3876 168 28 WARNER

1644 3916 55 29 and
1724 3916 65 31 CO.,
1813 3914 31 33 pf
1871 3914 160 33 NELSON,

1536 3956 87 28 desire
1636 3958 28 26 to
1677 3954 127 30 intimate
1818 3952 61 30 that
1898 3952 66 30 with
1984 3952 47 28 the

1536 3994 124 35 splendid
1679 3992 126 28 facilities
1823 3991 68 34 they
1912 3999 116 26 possess,

1536 4032 66 37 they
1623 4040 50 20 can
1700 4032 29 27 at
1750 4039 15 20 a
1786 4029 51 29 few
1851 4027 83 30 hours
1947 4027 83 35 notic,

1536 4072 67 27 send
1616 4081 48 26 per
1677 4069 82 29 coach
1774 4071 28 26 to
1815 4078 55 26 any
1891 4067 110 28 address
2015 4078 16 17 a

1537 4110 133 36 complete
1690 4111 122 24 costnme
1833 4105 80 28 made
1935 4105 28 29 in
1984 4106 47 27 the

1536 4159 66 27 very
1614 4149 82 28 latest
1705 4147 79 37 style,
1793 4145 68 30 with
1870 4145 48 29 hat
1928 4155 29 19 or
1965 4144 49 30 bon-

1536 4180 110 35 net'and
1658 4187 93 36 gloves
1760 4189 27 24 to
1797 4184 102 33 match,
1908 4184 125 35 together

1536 4226 67 32 with
1614 4236 80 26 every
1705 4224 127 38 requisite
1845 4223 28 29 in
1887 4223 75 34 hose,
1976 4233 41 19 cor-

1538 4271 63 27 sets,
1630 4264 220 33 underclothing,
1875 4263 55 32 &c,
1961 4262 72 27 their

1537 4304 86 36 prices
1654 4302 81 34 being
1766 4304 72 25 most
1862 4299 168 31 reasonable.

1538 4343 82 27 Their
1641 4340 79 30 stock
1732 4339 150 36 comprises
1895 4349 81 26 every
1990 4348 28 18 ar-

1536 4382 62 28 ticle
1628 4381 29 28 in
1689 4379 117 29 General
1833 4378 134 37 Drapery,
1991 4377 28 28 in-

1538 4421 110 34 cluding
1660 4431 15 17 a
1689 4418 124 38 splendid
1832 4420 165 26 assortment
2008 4416 30 29 of

1539 4460 89 28 Men's
1653 4459 54 28 and
1732 4458 82 35 Boys'
1841 4455 191 38 Ready-made

1539 4499 138 36 Clothing,
1703 4506 132 24 mercery,
1861 4495 55 35 &c,
1941 4495 93 30 orders

1539 4539 41 28 for
1592 4538 91 29 which
1690 4537 55 28 will
1753 4537 103 28 receive
1872 4539 109 33 prompt
1995 4539 26 24 at-

1539 4579 115 27 tention.
1691 4576 126 27 Patterns
1826 4574 30 28 of
1865 4577 101 24 newest
1977 4583 38 18 ma-

1539 4615 93 29 terials
1646 4618 60 25 sent
1724 4617 62 33 post
1806 4613 53 27 free
1883 4612 36 36 by
1938 4616 94 24 return

1539 4654 77 33 mail,
1623 4652 54 31 and
1686 4652 87 29 ladies
1778 4651 115 33 sending
1900 4660 117 20 measure-

1539 4697 92 25 ments
1644 4692 26 28 of
1692 4692 105 27 dresses
1816 4700 49 17 can
1880 4690 106 35 depend
2000 4699 35 17 on

1541 4732 125 36 securing
1679 4741 15 19 a
1717 4730 130 38 perfectly
1866 4728 92 37 fitting
1978 4738 42 18 cos-

1541 4775 86 25 tume.

1576 4848 95 28 Please
1684 4846 66 28 send
1769 4846 82 33 along
1863 4854 70 26 your
1946 4845 91 27 orders

1542 4889 27 24 at
1579 4895 76 22 once,
1666 4888 28 24 to
1705 4883 79 28 avoid
1799 4883 88 33 delay,
1901 4883 54 26 aud
1966 4892 56 17 care-

1541 4923 70 37 fully
1623 4925 64 26 note
1702 4921 45 29 the
1761 4920 128 29 address:

1473 4973 39 30 E.
1529 4973 28 30 J.
1575 4970 199 31 WARNER
1792 4968 27 30 &
1840 4968 78 32 CO.,
1978 4967 80 31 Hall
2074 4967 36 29 of

1597 5003 226 37 Commerce/'
1844 5003 139 30 Nelson.

1592 5093 187 39 BEEVES
1806 5092 98 37 AND
1928 5092 63 37 CO.

1512 5167 3 34 ,
1545 5170 308 31 UCTTONEEItS,
1885 5168 116 27 STOCK
2033 5167 74 26 AND

1571 5208 234 30 COMMISSION
1842 5207 149 28 AGENTS
2029 5204 78 27 AND

1640 5245 314 34 SHAREBROKERS,

1514 5327 158 38 Bridge
1700 5324 166 46 Street,
1897 5321 176 40 Nelson.

1512 5473 91 27 Loans
1616 5470 172 35 Negotiated.
1809 5470 164 27 Valuations
1986 5468 90 27 made.

1478 5524 117 29 Auctiou
1621 5522 77 29 Sales
1722 5520 172 28 undertaken
1908 5520 28 27 in
1947 5519 87 27 Town
2058 5517 53 29 and

1729 5560 133 29 Country.

2246 1468 188 39 JAMES
2474 1467 172 41 RYAN,

2195 1556 181 29 ENERAL
2450 1554 313 34 STOREKEEPER,

2279 1634 86 28 Cliff
2389 1634 120 32 Street,
2528 1632 87 28 Lyel.

2130 1788 92 30 Goods
2236 1787 133 39 carefully
2381 1787 106 39 packed
2500 1789 28 27 to
2541 1785 38 31 all
2591 1787 75 37 parts
2679 1786 30 29 of
2719 1786 44 30 the

2387 1826 117 32 district.

2146 1982 105 28 BANK
2270 1982 113 28 PRICE
2403 1980 120 29 GIVEN
2544 1980 73 28 FOR
2637 1980 110 28 GOLD.

1570 5645 79 31 MR.
1666 5644 28 31 J.
1712 5642 28 33 J.
1759 5641 265 40 MOYNIHAN,

1543 5712 190 30 ARRISTER
1763 5710 78 30 AND
1881 5708 233 37 QOLICITOR.

1483 5818 213 31 Commissioner
1719 5816 30 30 of
1764 5816 46 30 the
1832 5815 132 38 Supreme
1984 5814 86 30 Court
2090 5813 28 29 of

1733 5868 132 28 Victoria.

2147 2065 339 33 CRITERION
2535 2064 198 33 HOTEL

2360 2131 175 23 HELL.

2243 2242 189 32 EDWARD
2459 2242 198 32 CARROLL

2132 2307 133 61 BEGS
2285 2312 29 27 to
2334 2308 102 30 inform
2455 2309 45 29 his
2519 2318 151 20 Humorous
2693 2310 74 27 town

2228 2349 55 27 and
2309 2352 117 32 country
2450 2348 102 28 friends
2577 2348 62 28 that
2662 2347 35 28 he
2719 2347 50 27 has

2130 2386 155 38 purchased
2297 2386 47 29 the
2357 2386 86 29 above
2455 2386 136 34 business,
2604 2385 56 30 and
2683 2385 86 37 hopes

2131 2426 37 36 by
2192 2427 78 28 strict
2294 2427 137 27 attention
2445 2429 29 26 to
2493 2426 47 28 the
2563 2429 88 25 wants
2676 2425 30 28 of
2727 2425 42 27 his

2131 2468 153 25 customers
2305 2464 56 29 and
2381 2464 142 29 travellers
2543 2467 28 26 to
2596 2464 83 29 merit
2690 2472 17 20 a
2719 2463 50 29 fair

2253 2504 79 27 share
2345 2504 30 27 of
2390 2504 91 35 public
2495 2506 158 33 patronage.

2211 2577 127 45 Liquors
2359 2577 33 34 of
2410 2577 52 34 the
2476 2577 74 34 Best
2566 2577 124 33 Brands.

2425 2662 33 31 E.
2484 2660 208 39 CARROLL,

2571 2704 164 36 Proprietor.

2289 2801 319 30 TEMPERANCE

2133 2847 338 57 BOARDING
2535 2846 233 57 HOUSE

2214 2919 79 36 (Late
2307 2918 153 28 Alhambra
2478 2918 95 34 Hotel,
2586 2918 101 36 Lyell.)

2131 3052 61 31 •£*•
2227 3062 47 28 the
2294 3061 174 27 inhabitants
2488 3061 33 27 of
2538 3061 80 35 Lyell
2636 3061 54 26 and
2710 3069 43 19 sur-

2131 3099 140 36 rounding
2296 3099 107 28 district
2426 3098 63 28 that
2512 3097 36 29 he
2573 3098 51 27 has
2645 3107 63 18 now
2727 3106 27 19 re-

2131 3138 106 38 opened
2251 3138 46 29 the
2311 3137 85 30 above
2409 3136 178 31 well-known
2596 3137 134 38 premises
2739 3146 30 19 as

2131 3188 16 17 a
2161 3178 157 27 First-class

2131 3228 176 48 Boarding
2321 3228 120 38 House
2458 3227 69 40 and
2546 3227 222 39 Restaurant.

2204 3338 89 32 Meals
2307 3340 27 30 at
2348 3338 35 31 all
2397 3338 93 31 hours.
2528 3337 78 31 Good
2618 3335 82 32 Beds.

2133 3381 151 27 Extensive
2316 3381 55 27 and
2411 3379 195 28 Commodious
2646 3377 125 36 Stabling

2324 3416 258 28 Accommodation.

2311 3468 170 29 ANTONIO
2500 3468 199 33 ACCOLINO,

2570 3506 167 34 Proprietor.

2154 3589 114 38 NEW
2309 3588 139 39 CHUM
2484 3587 271 46 BUTCHERY,

2346 3652 218 32 LYELL.

2285 3909 340 32 BUTCHER.

2135 4022 99 28 Hotels
2248 4021 56 29 and
2316 4019 132 29 Families
2468 4018 101 29 waited
2591 4027 36 20 on
2640 4019 83 37 Daily
2735 4018 40 30 for

2402 4059 111 29 Orders.

2189 4159 75 29 Meat
2278 4156 147 30 Delivered
2443 4159 28 25 to
2485 4155 37 29 all
2541 4158 76 35 parts
2629 4156 28 28 of
2679 4156 45 28 the

2396 4194 126 30 District.

2138 4302 119 33 NEW
2302 4301 155 32 CHUM
2499 4299 268 33 BUTCHERY

2206 4349 131 33 Opposite
2347 4345 153 29 Alhambra
2511 4345 94 30 Hotel,
2621 4345 87 35 Lyell.

2156 4436 360 40 WELCOME
2588 4435 167 47 INN,

2401 4495 105 28 Lyell.

2250 4602 154 32 ELLEN
2434 4600 234 34 WILLIAMS

2157 4678 5 22 I
2181 4678 18 13 ii
2228 4666 145 30 reluiuiiig
2394 4671 100 18 iiiuiiiCo
2512 4666 42 23 tor
2576 4669 62 29 par.x
2660 4670 118 22 lavours,

2141 4692 34 30 -L
2214 4702 63 34 begs
2296 4705 27 24 to
2345 4700 101 28 inform
2464 4700 50 28 her
2532 4699 104 28 friends
2656 4699 54 28 and
2733 4699 47 28 the

2140 4741 91 36 pnhlic
2251 4740 61 29 that
2334 4739 49 29 she
2407 4740 52 28 lias
2481 4740 58 36 jnst
2561 4738 154 37 completed
2736 4748 28 18 ex-

2141 4781 103 26 rensive
2264 4779 138 28 additions
2427 4779 54 27 and
2501 4777 161 28 alterations
2684 4781 28 23 to
2731 4777 50 27 her

2143 4818 141 37 premises,
2303 4816 55 30 and
2378 4817 46 28 the
2448 4816 209 29 accomodation
2675 4815 25 28 is
2718 4825 61 18 now

2361 4855 194 35 unsurpassed.

2143 4933 72 34 Ales,
2241 4932 104 33 Wines,
2368 4930 55 29 and
2446 4930 99 39 Spirits
2570 4929 30 29 of
2622 4929 159 30 First-class

2317 4971 113 35 Quality
2444 4971 64 34 only
2521 4970 75 35 kept.

2213 5047 78 30 Good
2310 5047 128 35 Stabling
2456 5045 256 30 Accommodation.

2318 5099 128 29 ELLEN
2469 5097 208 33 WILLIAMS,

2526 5139 219 26 Proprietress.

2148 5220 214 43 WOLF
2430 5219 151 40 AND
2655 5217 123 49 CO.,

2277 5285 181 29 Wholesale
2472 5291 54 19 and
2542 5283 109 27 Retail

2148 5329 632 62 BUTCHERS.

2251 5428 113 28 Dealers
2378 5426 28 28 in
2420 5426 37 28 all
2470 5425 181 36 descriptions
2664 5423 30 29 of

2165 5476 106 29 FARM
2307 5475 78 27 AND
2422 5473 119 27 DAIRY
2578 5470 189 29 PRODUCE.

2148 5554 101 29 Hotels
2258 5553 55 28 and
2325 5551 131 30 Families
2464 5549 100 30 waited
2577 5559 36 19 on
2626 5548 41 29 for
2675 5547 106 29 Orders,

2185 5631 101 30 Orders
2305 5628 138 30 delivered
2462 5631 29 25 to
2512 5626 37 29 all
2570 5629 76 34 parts
2659 5635 16 18 o
2705 5625 47 28 the

2411 5667 123 29 District.

2324 5747 73 27 Note
2411 5745 49 29 the
2474 5744 122 28 Address

2171 5786 113 32 IS-W
2303 5785 66 29 0L
2388 5785 23 26 F
2483 5781 114 29 AND
2679 5780 92 34 CO.,

2205 5826 73 28 Next
2301 5824 48 28 the
2374 5823 191 28 Government
2583 5818 155 37 Buildings,

2300 5863 86 27 Cliff
2406 5861 120 29 Street,
2547 5859 103 29 Lyell.

3289 205 119 33 Public
3437 205 151 32 Notices.

3173 285 536 72 SUMMER

3057 471 247 65 JOHN
3365 471 451 62 FENNELL

2793 570 62 29 Has
2867 569 86 30 much
2971 567 124 40 pleasure
3114 569 30 28 in
3165 567 176 37 announcing
3359 571 29 26 to
3406 566 48 29 the
3475 566 170 30 inhabitants
3666 566 30 29 of
3718 565 79 38 Lyell
3821 564 56 30 and
3902 562 172 36 surroundin;

3019 608 120 28 districts
3162 607 46 28 the
3231 607 101 28 arrival
3356 607 31 27 of
3407 606 43 27 his
3475 605 87 30 NEW
3593 605 123 28 GOODS
3748 605 42 28 for
3814 605 47 27 the

2892 684 88 45 13*
3007 679 287 45 CHRISTMAS
3332 681 102 40 AND
3477 682 115 39 NEW
3633 682 134 39 YEAR
3809 680 177 40 TRADE.

2796 827 85 42 The
2902 828 116 42 Stock
3036 828 32 40 is
3095 841 84 27 now
3196 827 190 53 complete
3405 827 37 39 in
3462 841 111 38 every
3591 825 127 49 detail,
3741 825 75 41 and
3847 825 66 40 the
3942 823 132 54 qualit'

2893 885 32 37 is
2944 884 42 40 of
3007 884 66 39 the
3099 883 85 39 best
3211 882 222 51 procurable
3457 882 94 38 from
3570 882 65 38 the
3656 882 127 37 Home
3803 880 183 38 Markets.

2965 1030 35 28 In
3012 1030 48 28 the
3074 1028 110 30 Ladles'
3198 1028 183 37 Department
3396 1028 45 28 the
3455 1028 141 35 following
3609 1028 93 28 Goods
3715 1038 45 18 are
3774 1028 111 28 shown:
3888 1044 34 4 —

2796 1085 149 39 DRESS
2960 1083 288 48 MATERIALS,
3457 1082 213 47 CORSETS,

2956 1146 285 46 MILLINERY,
3578 1142 187 47 GLOVES,

3076 1209 240 45 MANTLES,
3695 1207 159 46 LACES,

3196 1266 219 51 HOSIERY,
3776 1267 235 45 FLOWERS,
4034 1268 38 37 &<

2901 1435 36 29 In
2950 1435 48 29 the
3012 1434 188 30 Gentlemen's
3214 1434 185 38 Department
3411 1444 17 19 a
3440 1434 88 37 Large
3542 1434 82 29 Stock
3638 1434 50 29 has
3700 1434 69 29 been
3781 1434 57 29 laid
3849 1434 40 33 in,
3901 1432 91 30 which

2800 1498 134 40 WILL
2960 1497 65 39 BE
3055 1493 129 44 SOLD
3209 1494 62 42 AT
3306 1496 178 40 PRICES
3523 1496 61 39 TO
3626 1496 115 39 SUIT
3778 1495 102 39 THE
3908 1492 166 41 iTIME^

2876 1667 105 54 Boys'
3001 1668 72 39 and
3095 1668 141 39 Youths'
3258 1667 167 52 Clothing
3441 1665 41 52 of
3494 1665 53 39 the
3565 1665 84 38 Best
3666 1661 71 40 and
3757 1662 119 38 Latest
3893 1660 124 52 Styles.

2993 1842 95 29 Direct
3102 1841 199 38 Importations
3313 1840 71 28 from
3398 1839 47 29 the
3458 1834 91 35 Home'
3549 1834 148 35 Markets,
3712 1833 151 37 consisting
3876 1832 30 29 of

2804 1906 139 48 PrintSj
2966 1905 174 48 Sateens,
3158 1904 75 40 and
3248 1903 230 49 Twillettes;
3501 1902 150 40 French
3664 1901 181 46 Merinos,
3862 1899 190 39 Cretonne

2837 1961 161 39 Curtain
3020 1961 147 46 Laces;
3196 1959 133 38 White
3355 1960 152 37 Calicos
3522 1973 7 31 ;
3558 1957 127 38 Toilet
3706 1956 125 50 Quilts
3849 1954 210 50 Sheetings.

3253 2051 25 28 A
3292 2049 131 38 Splendid
3436 2049 176 27 Assortment
3625 2046 30 28 of

2806 2119 133 48 Black,
2977 2118 114 46 Ecru,
3130 2115 75 40 and
3240 2114 134 40 White
3423 2113 153 46 Laces;
3623 2109 199 48 Ribbons;
3868 2109 118 39 Black
4021 2122 47 25 an

3099 2169 190 41 Coloured
3316 2168 82 40 Silk
3428 2167 104 47 Mits,
3555 2165 74 39 and
3650 2165 152 38 Gloves.

2841 2345 246 65 JOHN
3125 2336 470 74 FENNELL,
3635 2331 153 66 Cliff
3822 2336 223 61 Street

2808 2508 141 61 The
2986 2508 366 74 Hampden
3395 2500 468 75 Co-operative
3906 2499 189 56 Store

3104 2602 361 74 Company,
3503 2593 315 64 Limited.

2809 2799 110 58 THE
2933 2798 84 27 above
3028 2798 144 31 Company
3181 2796 24 26 is
3217 2804 62 18 now
3290 2792 150 36 supplying
3452 2791 47 27 the
3512 2788 142 35 following
3670 2787 85 33 goods
3765 2791 28 22 at
3805 2796 16 17 a
3833 2784 85 36 slight
3930 2784 123 27 advance
4068 2794 14 15 u
4097 2784 4 73 i

3280 2829 149 32 NELSON
3443 2826 188 29 PRICES:—

2810 2902 598 56 Groceries
3462 2896 242 55 amcL

3011 3072 37 28 Of
3058 3071 61 28 first
3132 3071 69 27 class
3215 3069 114 36 quality.
3366 3066 24 29 A
3403 3066 89 35 Large
3506 3064 55 28 and
3574 3063 101 29 Varied
3689 3064 175 26 Assortment
3876 3062 32 27 of

2807 3130 203 54 Crockery,
3048 3127 172 41 Earthen
3249 3125 76 41 and
3358 3124 227 45 Glassware,
3623 3120 281 52 Ironmongery,
3936 3118 81 47 &c,
4040 3118 31 40 &

2810 3281 124 38 Men's
2968 3279 75 39 and
3080 3278 114 49 Boys'
3233 3272 273 53 Kaipoi-made
3556 3269 206 50 Clothing;
3810 3268 113 45 Hats,
3963 3267 105 39 Shirt

2908 3329 357 51 Under-Flannels;
3321 3328 174 41 Drawers
3531 3325 72 41 and
3640 3323 145 49 Moles;
3828 3319 177 51 Tweeds,

3006 3387 176 50 Hosiery,
3205 3386 185 37 Blankets
3407 3398 7 31 ;
3445 3383 164 42 Calicos,
3632 3381 139 43 Prints,
3795 3380 91 36 Flan-

3219 3436 92 49 nels,
3334 3437 78 47 &c,
3435 3435 64 40 &c.
3553 3433 144 40 Also—

2972 3518 156 46 Wheat,
3176 3516 109 45 Oats,
3332 3514 117 40 Bran,
3483 3509 119 41 Chaff
3624 3509 75 38 and
3732 3509 195 37 Potatoes.

2846 3671 100 28 Orders
2958 3666 196 38 accompanied
3172 3666 36 35 by
3222 3664 64 28 cash
3299 3662 175 29 remittances
3492 3659 162 38 punctually
3673 3657 132 29 attended
3817 3660 38 30 to,
3868 3655 56 29 and
3944 3655 86 37 goods
4050 3656 11 26 C-

2811 3708 118 36 patched
2944 3711 28 24 at
2984 3716 16 18 a
3012 3709 139 24 moments
3163 3703 99 27 notice.

2847 3746 84 32 Local
2947 3745 130 41 produce,
3095 3740 142 40 including
3255 3740 105 35 Hides,
3381 3738 94 35 Skins,
3501 3736 95 35 Wool,
3615 3735 127 33 Butter,
3755 3734 57 35 &c,
3826 3733 55 36 &c,
3900 3733 154 39 purchased
4071 3733 3 53 .

2813 3793 20 23 °
2836 3789 49 28 ash
2889 3808 6 7 '
3692 3813 34 27 R.
3748 3811 130 33 M'NEE,
3899 3810 141 35 Manager.

2848 3864 172 33 Murchison,
3034 3860 65 30 loth
3111 3859 85 35 June,
3212 3860 76 28 1885.

3339 3963 98 40 ASK
3479 3961 97 39 FOE

3107 4041 700 68 KIKKPATKICK'S

2940 4337 60 39 All
3019 4350 68 24 our
3107 4335 103 49 jams
3230 4346 63 25 are
3313 4329 111 41 made
3449 4328 94 39 from
3572 4325 130 42 Sound
3732 4324 108 39 Fruit
3869 4323 107 49 Only,

3433 4407 55 20 AND

3159 4457 84 39 Best
3274 4454 101 40 white
3401 4450 201 54 crystaliscd
3628 4450 132 50 Sugur.

2819 4645 33 22 ka

3272 4628 206 30 UARANTEE

3301 4668 98 28 ARAN
3405 4666 73 28 TEE

3600 4622 93 30 IHEM

3605 4663 88 28 HEM

2896 4818 62 62 S.
3014 4808 639 70 KIEKPATEICK
3708 4805 132 63 and
3890 4802 141 72 CO.,

3358 4912 212 42 NELSON.

2915 5058 45 32 j.
3013 5057 52 30 p.
3122 5052 239 39 clark,
3487 5048 318 46 BELFAST
3856 5044 183 42 HOTE

2899 5130 575 40 HAEEBEOKEE,!
3678 5117 112 31 GIBBP
3810 5115 104 31 TOWN
3915 5115 15 28 *-

3662 5174 18 6 •-.
3769 5172 9 8 n
3786 5171 9 9 T
3865 5170 20 10 T»
3896 5170 3 10 _
3913 5170 3 10 .
3925 5177 14 3 _

2913 5238 144 27 MINING
3085 5234 76 28 AND
3189 5233 181 28 GENERAL

2821 5321 391 36 COMMISSION
3262 5318 195 35 AGENT,

3020 5404 239 34 LYELL.

2903 5495 48 37 G.
3001 5493 44 37 C.
3092 5489 290 45 BOWMAN,

2885 5590 233 32 UCTIOKEER,
3137 5586 324 36 QHAREBROKER,

2981 5701 112 29 Mining
3113 5708 54 20 and
3188 5698 117 30 Genral

2845 5775 336 32 COMMISSION
3249 5774 195 26 AGENT.

3678 5118 111 30 GIBBS
3810 5116 120 30 TOWN.

3659 5171 184 29 Eight-Mile
3864 5170 87 27 Road.

3491 5252 108 40 rpHE
3607 5247 184 37 undersigned
3800 5248 104 33 having
3911 5244 129 29 removed
4050 5245 10 25 f

3581 5301 66 30 Zala
3659 5301 86 29 Town
3758 5298 56 31 and
3826 5296 107 31 erected
3951 5306 60 19 new
4031 5304 21 29 pi-

3490 5353 53 27 kes
3563 5361 30 18 as
3614 5351 94 31 above,
3727 5350 23 27 is
3774 5357 62 19 now
3855 5344 133 39 prepared
4007 5350 28 22 to
4056 5344 3 39 «

3491 5398 133 30 excellent
3666 5395 238 31 accommodation
3934 5396 29 26 to
4002 5391 59 30 vis.;

3492 5447 137 31 boarders,
3642 5446 55 27 and
3710 5445 47 28 the
3769 5443 91 37 public
3873 5441 151 36 generally.

3493 5542 74 29 Ales
3588 5540 101 29 Wines
3706 5547 55 20 and
3781 5538 111 28 Spirits
3916 5544 33 20 of
3975 5543 56 21 the
4056 5543 5 19 :

3642 5590 153 33 Qualities
3808 5593 70 20 only
3892 5592 81 19 kept.
4002 5599 6 5 •

3617 5684 153 51 Charges
3797 5680 191 40 Moderate.

3668 5802 123 30 PETER
3812 5799 243 31 ARMSTRONG.

3481 5847 2 32 |
3927 5847 138 32 Proprie:-:
