4231 6030
179 211 357 37 MISCELLANEOUS
558 211 138 35 ITEMS.

159 300 64 35 The
249 300 112 35 Mount
385 302 91 33 Owen
502 300 77 35 reefs
597 300 74 34 have
698 311 36 22 re-

120 348 99 41 cently
266 347 72 32 been
377 345 130 40 brought
552 345 196 42 prominently

123 392 99 31 before
246 390 52 33 the
324 390 97 43 public
435 400 38 23 on
496 400 80 23 more
601 390 151 32 occasions

122 436 72 33 than
219 446 65 28 one,
298 435 57 34 and
384 435 83 34 there
487 446 54 23 can
557 434 36 34 be
607 446 38 22 no
659 434 91 34 doubt

122 480 66 29 that
216 489 87 31 many
331 480 112 30 besides
470 478 204 32 shareholders
701 488 50 21 are

120 520 122 44 looking
269 521 30 33 in
329 521 66 34 that
425 520 145 34 direction
597 522 47 31 for
671 531 81 23 some

122 566 85 31 relief
222 567 75 30 from
313 566 51 31 the
379 571 122 37 present
516 567 180 38 depression,
711 576 42 24 as,

123 609 26 32 if
161 608 51 34 the
226 613 127 38 country
368 619 105 32 proves
486 619 33 22 as
533 609 165 32 auriferous
720 618 31 23 as

122 663 85 31 many
225 651 111 33 believe
350 653 24 31 it
389 658 31 26 to
436 653 44 38 be,
491 652 83 32 there
587 653 56 31 will
655 653 97 31 before

123 694 52 33 the
201 699 121 38 present
348 705 72 33 year
447 695 52 33 has
526 694 120 43 expired
675 696 36 32 be
737 706 17 22 a

123 738 203 33 considerable
340 738 173 41 population
529 739 112 32 located
657 740 92 31 there.

123 777 96 38 What
232 780 52 35 the
298 781 102 39 public
413 792 52 23 are
475 782 122 33 anxious
610 785 31 30 to
653 782 101 34 obtain

122 827 27 30 is
162 836 80 22 some
255 825 121 33 definite
386 825 193 34 information
591 825 121 34 relative
723 831 32 28 to

122 868 53 32 the
201 867 80 33 reefs
307 867 77 34 from
412 879 58 22 one
491 869 30 31 in
548 868 96 34 whose
668 869 68 43 judg-

123 915 84 30 ment
232 910 127 45 implicit
385 915 82 31 trust
495 923 55 22 can
578 912 37 34 be
642 913 103 42 placed

125 955 79 34 Such
230 964 38 23 an
296 965 58 23 one
380 955 85 34 there
494 956 25 32 is
540 966 18 21 a
579 961 121 35 present
723 956 32 33 in

124 997 116 36 Nelson
266 997 32 35 in
327 999 52 33 the
407 997 205 36 G-overnment
635 1000 120 41 service,

124 1043 59 31 and
197 1042 26 32 if
233 1041 27 33 it
272 1043 87 32 could
373 1043 38 31 be
430 1044 144 39 arranged
590 1046 46 28 for
650 1044 59 31 him
724 1049 33 26 to

124 1096 59 34 pay
209 1096 18 24 a
254 1084 68 36 visit
348 1089 32 31 to
400 1088 52 33 the
471 1095 79 26 reels
569 1086 60 35 and
655 1091 102 38 report

125 1140 82 28 upon
229 1130 91 37 them,
343 1140 18 21 a
382 1142 50 19 rea
433 1132 6 20 1
468 1132 69 29 ben*
545 1131 34 31 fit
603 1132 96 31 would
722 1133 35 30 be

125 1171 154 35 conferred
320 1182 81 32 upon
441 1171 53 35 the
541 1173 92 40 place.
695 1173 62 35 The

126 1217 169 40 gentleman
308 1229 44 21 we
366 1217 77 33 refer
463 1222 32 28 to
509 1217 26 33 is
549 1229 56 21 one
620 1217 63 34 who
697 1231 59 20 was

126 1258 141 42 regarded
277 1269 33 23 as
320 1260 53 33 the
385 1259 116 43 highest
509 1260 152 43 authority
677 1271 81 33 upon

126 1305 106 40 quartz
258 1306 79 30 reefs
362 1308 33 28 at
421 1305 52 32 the
494 1304 133 40 Thames,
653 1305 106 40 where,

126 1356 34 21 as
173 1346 66 31 well
253 1356 33 21 as
300 1346 31 31 in
350 1346 153 32 Australia
524 1347 101 31 before
642 1348 117 39 coming

126 1392 34 30 to
187 1387 76 35 New
291 1389 136 41 Zealand,
451 1389 37 35 he
512 1389 56 34 had
586 1401 73 33 very
687 1403 72 22 con*

127 1432 146 33 siderable
292 1434 183 41 experience,
498 1435 57 31 and
571 1434 45 32 his
636 1435 124 38 opinion

129 1486 59 22 was
212 1475 108 43 always
346 1476 141 42 regarded
511 1476 70 33 both
596 1477 39 43 by
651 1478 109 43 judges

128 1519 59 33 and
213 1519 134 42 litigacts
368 1530 33 22 as
425 1520 179 43 thoroughly
628 1521 129 33 reliable.

131 1562 78 35 Such
223 1573 38 23 an
277 1564 196 33 examination
487 1565 33 32 of
531 1563 52 35 the
598 1565 118 34 district
726 1577 32 22 as

129 1608 26 31 is
188 1607 118 32 wanted
334 1608 96 31 would
457 1611 55 29 not
540 1610 175 33 necessitate
743 1620 18 22 a

129 1651 104 41 longer
246 1649 125 35 absence
383 1651 75 33 from
480 1650 46 33 his
544 1652 98 34 duties
658 1653 69 33 than
742 1665 17 20 a

131 1693 82 33 week
235 1698 33 27 at
287 1693 53 32 the
360 1700 86 32 most,
465 1695 57 31 and
544 1706 43 21 we
602 1700 80 28 trust
694 1697 67 31 that

130 1737 53 34 the
208 1736 203 34 G-overnment
439 1748 65 31 may
519 1739 37 33 be
580 1740 123 33 inductd
729 1744 32 28 to

129 1784 88 38 grant
242 1779 59 33 him
322 1780 82 33 leave
424 1780 48 33 for
492 1782 66 32 that
579 1783 71 32 time
701 1784 58 31 His

131 1827 102 39 report
259 1823 98 33 would
386 1824 35 33 be
447 1824 108 45 simply
581 1826 177 38 invaluable,

129 1868 59 32 and
211 1867 95 33 would
333 1867 36 33 be
378 1867 65 44 just
456 1868 51 34 the
528 1874 63 28 sort
616 1871 34 31 of
670 1870 90 43 guide

130 1911 67 34 that
210 1920 88 34 many
311 1911 66 33 who
390 1922 50 24 are
453 1913 137 43 disposed
604 1918 31 29 to
651 1925 86 33 specu-

131 1955 61 34 late
210 1966 51 23 are
277 1956 65 43 just
362 1966 65 23 now
451 1958 83 43 sadly
548 1959 32 33 in
594 1960 73 33 need
682 1959 79 34 of.

132 1999 110 33 Nelson
254 2000 134 42 Evening
402 1999 84 41 Mail,
500 2002 131 42 January
647 2004 61 32 7th.

169 2042 63 34 The
265 2053 65 22 new
355 2049 110 37 system
493 2045 34 31 of
557 2051 140 37 payment
724 2050 33 29 to

129 2090 185 31 contractors
334 2088 95 32 under
449 2088 52 34 the
521 2090 104 32 Public
650 2090 109 33 Works

129 2132 75 32 Acts
217 2140 83 23 came
312 2130 65 33 into
395 2130 82 34 force
489 2132 77 33 after
587 2133 50 32 the
652 2133 65 33 first
731 2146 9 18 c
748 2135 16 32 f

129 2175 52 33 the
193 2173 117 43 coming
322 2184 78 33 year.
442 2177 44 31 At
500 2181 120 36 present
634 2177 85 33 there
734 2179 25 32 is

127 2228 40 22 an
179 2224 124 26 amount
317 2219 34 31 of
367 2219 242 33 circumlocution
626 2221 92 32 which
733 2221 26 32 is

127 2271 72 33 very
230 2260 159 42 vexatious,
421 2273 34 23 as
496 2267 85 39 great
616 2264 84 43 delay
734 2265 25 34 is

125 2306 111 39 always
246 2306 191 38 experienced
450 2307 29 31 in
491 2309 117 40 getting
618 2314 141 27 accounts

125 2346 107 43 passed
265 2346 130 43 through
429 2348 52 33 the
519 2349 146 44 Treasury
698 2352 59 32 and

125 2390 97 34 Audit
242 2389 196 42 department.
482 2393 105 33 Under
614 2394 51 32 the
688 2407 65 20 new

124 2440 111 33 system
269 2433 52 31 the
354 2434 129 32 District
504 2436 163 40 Engineers
696 2437 58 31 will

123 2474 86 34 audit
240 2474 59 35 and
329 2486 57 34 pay
413 2481 142 32 accounts
581 2482 33 29 at
642 2479 99 34 Christ-

124 2519 120 39 church,
284 2519 148 41 Dunedin,
470 2522 187 42 Wellington
697 2525 59 31 and

123 2561 168 34 Auckland.
332 2563 31 33 It
382 2564 27 33 is
423 2565 63 33 said
510 2566 65 32 that
591 2567 95 33 under
707 2568 50 32 the

124 2616 65 23 new
209 2614 113 34 sysiem
341 2617 19 23 a
374 2608 101 43 saving
499 2610 34 31 of
545 2610 38 33 10
603 2621 54 29 per
677 2614 79 30 cent,

126 2648 60 33 will
219 2649 36 32 be
285 2651 84 33 made
393 2651 32 34 in
456 2653 217 42 departmental
700 2666 39 21 ex-

126 2693 167 42 penditure.

167 2735 118 36 Donald
300 2737 118 44 Dinnie,
428 2739 51 35 the
493 2739 129 36 Scottish
635 2741 124 43 athlete,

129 2781 54 33 has
209 2781 91 33 taken
327 2794 18 20 a
371 2785 100 40 public
500 2786 95 32 house
623 2787 31 32 in
682 2787 57 34 Mel-

129 2824 124 33 bourne.
303 2824 118 35 Donald
454 2833 120 38 expects
604 2833 33 28 to
670 2830 38 32 do
743 2841 18 22 a

131 2868 115 42 strictly
259 2869 70 32 cash
342 2871 92 41 trade,
444 2875 57 30 and
513 2873 51 33 the
578 2875 182 42 probability

131 2911 26 32 is
183 2911 67 32 that
275 2912 51 32 the
351 2915 188 40 expectation
563 2916 57 32 will
646 2918 35 31 be
708 2929 36 20 re-

132 2953 100 34 alised.
282 2954 34 34 It
341 2956 117 35 doesn't
483 2957 38 34 do
548 2963 31 29 to
606 2960 60 33 fool
689 2961 72 33 with

122 2998 133 33 athletie
268 2998 157 37 landlords.

171 3041 62 34 The
248 3042 148 34 Waimate
409 3044 128 45 railway,
550 3047 96 33 which
657 3048 25 33 is
693 3059 66 22 now

122 3084 63 36 'the
198 3089 140 40 property
352 3087 35 33 of
396 3088 51 35 the
457 3089 114 44 colony,
581 3089 25 33 is
618 3091 141 45 probably

132 3130 53 34 the
212 3130 138 40 sleepiest
376 3132 118 43 railway
520 3134 33 32 in
580 3134 52 33 the
659 3137 99 32 world.

132 3173 119 37 During
273 3173 51 30 the
346 3176 102 40 period
470 3177 27 30 it
519 3186 59 21 was
604 3179 103 31 owned
722 3179 38 42 by

131 3216 52 35 the
197 3214 148 36 Waimate
359 3216 64 34 Kail
428 3229 61 34 way
513 3219 164 46 Company,
691 3233 67 31 says

130 3273 19 21 a
174 3264 235 41 contemporary,
435 3266 59 30 two
524 3264 95 33 trains
646 3276 19 22 a
679 3267 80 33 week

131 3304 108 36 rattled
253 3316 68 23 over
336 3305 40 35 its
389 3313 86 39 rusty
489 3309 78 42 rails,
581 3310 56 33 and
651 3311 108 43 during

131 3351 52 34 the
209 3351 57 32 last
286 3350 114 35 sixteen
422 3355 97 33 weeks
538 3356 31 32 of
590 3355 52 35 the
666 3357 72 34 Com-

130 3396 104 42 pany's
248 3395 112 42 regime
373 3396 50 35 the
436 3409 85 31 gross
531 3400 139 43 earnings
682 3413 76 22 were

129 3440 97 39 llO,
258 3440 58 32 and
349 3440 51 34 the
441 3443 135 43 working
615 3454 145 32 expenses

128 3486 97 34 126.

168 3530 38 32 In
221 3529 188 40 Queensland
424 3530 26 33 if
461 3543 16 21 a
491 3532 152 44 telegraph
655 3546 105 28 opera*

128 3575 50 30 tor
191 3573 100 31 makes
304 3582 57 32 any
382 3574 138 34 mistakes
535 3576 31 32 in
582 3576 51 33 the
653 3578 108 33 checks

127 3617 40 33 he
193 3619 120 31 returns
338 3620 31 30 to
392 3617 52 35 the
467 3619 73 34 bead
563 3619 91 44 office,
676 3622 36 34 he
735 3623 25 33 is

127 3661 80 33 fined
223 3662 36 41 by
277 3661 52 33 the
343 3664 139 38 despatch
498 3664 33 33 of
541 3675 18 22 a
573 3666 184 42 telegraphic

129 3715 141 31 message,
297 3706 84 32 made
414 3708 18 19 l;
606 3712 155 41 apprising

129 3749 61 32 him
204 3749 33 31 of
249 3748 45 32 his
311 3758 91 30 error,
424 3761 37 22 on
485 3754 109 39 receipt
615 3754 33 31 of
667 3755 92 31 which

130 3792 39 31 he
188 3795 80 28 must
283 3802 55 29 pay
359 3792 50 32 the
430 3795 79 38 price
527 3796 33 30 of
579 3797 51 30 the
645 3797 116 31 missive

129 3835 64 33 into
209 3833 42 33 his
266 3844 65 24 own
345 3840 8 26 1
359 3833 40 35 ill.

169 3880 30 31 A
213 3878 188 33 well-known
413 3882 183 34 commercial
611 3883 148 41 traveller,

128 3924 74 32 with
222 3934 18 21 a
258 3922 106 40 genius
384 3924 47 33 for
449 3927 152 40 statistics,
622 3927 52 33 has
689 3929 72 41 kept

131 3967 52 31 the
216 3965 150 40 following
406 3971 101 31 record
554 3972 34 30 of
618 3971 45 30 his
704 3972 55 30 last

129 4009 143 45 quarter's
292 4010 179 43 operations,
490 4013 58 34 and
570 4014 52 35 has
644 4013 114 35 banded

130 4056 25 30 it
178 4060 32 27 to
232 4065 35 21 us
293 4053 228 45 (Marlborough
547 4058 142 42 Express)
715 4059 46 32 for

131 4097 188 41 publicat'on.
373 4096 152 38 Travelled
552 4103 79 31 3864
666 4103 94 36 miles,

129 4140 115 32 carried
270 4141 19 30 5
316 4141 118 38 trunks,
458 4143 99 33 shown
583 4145 91 40 goods
703 4146 58 30 180

131 4185 95 38 times,
239 4182 64 34 sold
317 4183 90 39 goods
421 4186 38 32 63
475 4187 95 39 times,
582 4188 74 33 been
669 4188 90 33 asked

131 4228 52 32 the
207 4238 80 21 news
309 4228 77 31 5061
411 4233 94 37 times,
530 4233 60 30 told
607 4232 51 32 the
682 4243 78 22 news

131 4273 77 34 2243
224 4271 93 42 times,
340 4272 55 34 lied
416 4273 92 37 about
521 4277 25 33 it
565 4277 78 34 2160
665 4277 95 43 times,

130 4319 96 30 didn't
240 4318 84 30 know
339 4319 54 30 691
420 4320 94 39 limes,
529 4322 73 31 been
623 4322 89 30 asked
729 4326 32 27 to

131 4360 88 32 drink
242 4361 75 31 1884
339 4361 94 36 times,
453 4361 94 34 drank
569 4365 76 30 1884
667 4363 94 39 times,

132 4403 129 44 changed
271 4403 118 44 politics
401 4406 55 32 102
467 4407 93 41 times,
572 4408 77 43 daily
661 4408 80 33 allow-

132 4460 72 19 ance
229 4449 37 41 by
294 4448 51 32 the
372 4449 74 38 firm,
472 4452 62 37 28s,
561 4463 123 23 average
710 4463 36 21 ex

133 4493 156 41 penditure
302 4492 38 32 25
344 4503 21 29 *,
378 4493 80 34 clear
472 4494 88 43 profit
573 4496 42 33 3s.
630 4494 70 35 cash
721 4506 36 23 on

132 4537 78 32 hand
237 4538 53 31 10s
315 4536 48 39 6d,
387 4537 74 34 been
487 4543 31 28 to
543 4539 110 33 church
679 4551 81 27 once,

131 4580 166 44 quarrelled
338 4580 69 31 with
449 4581 185 34 housemaids
669 4583 90 42 daily,

132 4625 173 34 threatened
316 4623 51 35 the
381 4625 89 35 cooks
482 4638 68 33 very
562 4627 92 36 often.
691 4627 68 35 Thin

132 4672 26 31 is
171 4683 17 20 a
203 4671 102 32 record
329 4670 91 34 which
446 4672 57 32 will
553 4673 68 33 take
641 4686 17 20 a
675 4675 42 31 lot
730 4675 34 32 of

171 4756 36 32 In
228 4755 94 33 South
339 4757 150 33 Australia
511 4759 84 33 there
608 4760 24 32 is
647 4771 16 21 a
677 4764 78 29 town

130 4799 94 35 called
268 4799 127 38 Eurelia,
437 4804 189 38 pronounced
668 4804 87 42 lately

131 4843 330 46 Yooreelya,originally
473 4846 101 34 Toora
576 4847 6 21 ?
585 4847 52 35 iar.
659 4851 17 16 '
688 4848 69 34 This

130 4889 26 31 is
182 4888 139 32 Turner's
356 4889 67 31 Flat
453 4890 70 32 isn't
554 4891 25 31 it
653 4894 61 31 said
741 4905 17 21 a

130 4937 145 37 stranger,
288 4943 32 22 as
341 4931 37 33 he
391 4933 121 33 entered
529 4933 51 34 the
600 4937 155 39 township,

130 4980 32 27 to
171 4987 17 20 a
199 4986 64 21 man
278 4975 63 32 who
353 4987 57 20 was
423 4977 132 40 working
564 4990 36 20 on
614 4981 51 30 the
677 4983 78 30 road.

132 5022 18 15 M
385 5019 170 46 laconically
596 5023 109 41 replied
740 5036 16 22 a

129 5067 92 30 metal
235 5065 146 39 spreader.
594 5069 161 32 eiaculated

130 5107 53 34 the
210 5107 137 34 traveller
376 5107 127 46 sharply.
574 5110 154 36 Yooraliar

160 5153 58 37 Oh,
232 5152 15 31 I
263 5163 57 28 am,
477 5154 61 33 eaid
552 5155 50 33 the
623 5164 134 34 stranger

129 5196 202 40 dismounting
408 5195 76 34 Now
513 5199 70 32 then
611 5211 81 22 come
719 5213 36 21 on

270 5239 146 33 "What's
442 5242 52 30 the
520 5244 107 31 double
653 5244 101 31 bank's

129 5282 54 34 the
210 5286 108 29 motter
343 5282 68 33 with
561 5285 118 43 queried
707 5288 49 33 the

129 5338 105 31 navvy,
284 5326 50 33 the
354 5338 74 32 goiy
447 5329 146 41 township
614 5330 24 32 is
652 5334 102 29 named

130 5369 165 34 Yooraliar.
336 5370 17 32 I
373 5369 74 34 aiu't
458 5375 54 38 got
631 5378 30 26 tc
684 5375 73 40 fight

129 5415 92 34 about
241 5415 32 34 it.
315 5414 63 35 I've
399 5415 54 33 had
477 5420 59 29 two
550 5427 34 22 or
604 5417 83 34 three
703 5430 53 31 ups

129 5461 58 31 and
201 5461 134 30 downers
348 5470 72 21 over
427 5460 50 31 the
486 5460 177 43 sanguinary
677 5463 80 34 place

127 5503 129 44 already.
298 5503 48 33 Go
373 5504 57 33 and
464 5504 98 41 punch
590 5504 51 34 the
668 5506 87 34 Town

129 5549 124 29 Council
256 5548 153 38 they're
423 5549 129 38 meeting

167 5589 63 34 The
244 5589 131 34 smallest
390 5589 190 41 punishment
600 5591 94 34 under
708 5591 49 34 the

129 5634 55 32 law
209 5635 33 31 of
261 5634 87 32 India
360 5634 47 31 for
420 5646 17 19 a
460 5636 107 30 second
592 5637 163 31 conviction

129 5678 47 31 for
190 5677 118 44 larceny
331 5677 26 32 is
381 5677 225 40 imprisonment
629 5679 43 32 for
698 5679 50 33 life

129 5721 62 33 The
200 5722 98 39 Judge
310 5722 32 30 of
350 5720 50 34 the
413 5721 81 41 High
512 5723 101 37 Court,
626 5723 130 40 Madras,

129 5775 33 22 so
177 5764 157 35 sentenced
360 5775 17 21 a
398 5764 98 33 native
521 5766 46 31 for
588 5766 126 40 stealing
727 5772 32 28 to

129 5811 52 32 the
194 5811 85 32 value
293 5811 33 32 of
338 5809 54 34 five
402 5808 141 43 shillings.
588 5811 49 32 He
651 5812 60 32 said
722 5812 37 33 he

129 5855 55 33 had
202 5865 38 21 no
257 5865 96 29 power
368 5857 31 30 to
410 5865 66 27 pass
490 5865 16 21 a
522 5854 56 34 less
590 5860 146 29 sentence.

1296 81 118 41 THE
1468 84 187 42 LYELL
1706 86 185 47 TIMES,
1947 86 306 49 SATURDAY,
2305 88 246 53 JANUARY
2606 92 59 45 16,
2721 89 104 41 1886.

3448 5746 114 31 Printed
3574 5749 56 29 and
3642 5750 149 38 published
3808 5752 39 38 by
3860 5753 50 29 the
3922 5753 163 39 proprietor,

3480 5785 108 33 Walter
3600 5788 97 37 Atkin,
3709 5794 31 27 at
3751 5790 50 31 the
3815 5792 162 38 Registered
4000 5793 83 30 Office

3482 5833 26 23 oi
3515 5828 47 30 the
3601 5830 80 37 Lyell
3817 5832 68 31 Cliff
3889 5833 99 34 Strest,
3995 5832 90 38 Lyell,

3483 5867 112 40 County
3607 5870 31 29 of
3647 5869 105 36 Buller,
3763 5870 107 32 Colony
3885 5872 29 29 of
3923 5872 67 28 N.Z.

851 204 175 41 Westport
1042 205 304 33 Advertisements.

778 284 335 57 GILMER'S
1166 284 242 66 HOTEL,

1018 387 157 27 WESTPORT,

804 459 144 41 Corner
975 460 43 39 of
1045 461 241 37 Palmerston
1310 459 76 39 and

895 512 213 41 Wakefield
1134 512 160 48 Streets,

783 605 276 63 CONVENIENT
1082 607 28 28 to
1128 604 48 31 the
1189 603 154 40 Telegraph
1356 602 55 31 and

870 646 66 29 Post
950 645 108 34 Offices,
1071 644 56 30 and
1138 644 97 37 nearly
1247 643 124 38 opposite
1383 646 29 26 to

779 684 47 31 the
839 683 76 29 R.M.
929 684 85 29 Court
1026 683 55 30 and
1099 683 80 28 H.M.
1193 682 137 29 Customs.

783 792 179 44 Gilmer's
980 790 178 45 Masonic
1182 789 130 51 Hotel,

1297 854 114 19 NELSON.

783 886 179 42 Gilmer's
988 883 131 51 Hotel,

1232 945 181 22 OREYMOUTH.

784 979 178 42 Gilmer's
981 977 123 56 Royal
1123 976 86 43 Oak
1228 977 131 48 Hotel,

1219 1039 194 21 WELLINGTON.

818 1148 79 29 Good
917 1147 237 29 accommodation
1171 1145 43 29 for
1233 1146 181 29 Commercial

783 1186 161 35 Travellers,
956 1186 67 31 with
1036 1185 105 40 sample
1153 1193 93 22 rooms
1257 1183 141 42 provided.

817 1228 25 28 A
866 1227 89 36 Night
976 1227 97 28 Porter
1096 1224 103 37 always
1223 1234 36 19 on
1283 1225 48 28 the
1355 1234 45 28 pre-

783 1265 93 29 mises.

818 1301 128 39 Booking
964 1301 85 32 Office
1067 1300 43 31 for
1120 1300 48 31 the
1179 1300 171 35 Charleston,
1362 1300 36 31 Ad-

784 1341 114 32 dison's,
910 1341 117 28 Eeefton
1039 1340 55 27 and
1112 1340 80 34 Lyell
1204 1340 131 27 Coaches.

819 1377 79 32 Good
911 1378 126 37 stabling,
1051 1376 69 31 with
1132 1376 79 40 eight
1228 1376 81 31 horse
1329 1375 87 38 stalls,

785 1418 130 29 attached
925 1421 30 26 to
966 1418 48 29 the
1025 1417 142 37 premises.

992 1472 122 35 JOHN
1132 1472 191 41 GILMER,

1218 1517 165 36 Proprietor.

880 1650 11 14 i
976 1603 442 62 gTBUTHESS

929 1697 91 34 HAS
1034 1697 66 33 ON
1119 1697 153 34 SALE

822 2471 321 41 PALMERSTON
1188 2472 194 49 STREET,

996 2535 217 29 WESTPOBT.

820 2616 292 62 Thomas
1138 2615 246 75 James,

915 2730 266 50 SADDLER,
1211 2728 80 52 &c,

812 2816 194 30 MPOKTER
1024 2824 56 22 and
1104 2816 316 30 MANUFACTURES

1085 2878 35 21 OF

786 2925 62 40 All
878 2924 255 54 descriptions
1150 2924 43 41 of
1218 2925 199 53 Saddlery,

837 2989 184 49 Harness,
1040 2989 112 54 Long
1161 2989 77 41 and
1256 2989 117 41 Short

886 3051 204 53 Leggings,
1161 3051 159 54 Plough,

932 3116 34 41 &
983 3115 109 42 Back
1117 3114 155 52 Chains,

980 3177 159 49 Traces,
1157 3179 66 41 &c.

786 3307 115 42 Repairs
912 3307 104 42 Neatly
1028 3308 56 32 and
1103 3309 146 41 Promptly
1268 3309 152 32 Executed.

786 3425 177 39 Up-country
974 3425 94 30 orders
1084 3425 143 39 promptly
1237 3425 132 32 attended
1381 3429 39 27 to.

786 3540 51 28 ON
856 3539 207 30 SALESteel
1093 3540 137 35 Polished,
1260 3542 56 28 and
1345 3542 76 28 Solid

854 3577 91 29 Silver
972 3577 71 35 Bits,
1074 3577 132 39 Stirrups,
1237 3578 56 29 and
1323 3578 97 39 Spurs,

854 3616 105 39 Riding
981 3615 124 36 Saddles,
1126 3617 74 29 Pack
1221 3617 124 36 Saddles,
1366 3618 55 31 and

854 3655 101 38 Whips
966 3655 32 30 of
1010 3656 38 29 all
1060 3655 189 38 descriptions.

819 3874 92 54 J.
974 3874 414 70 CORK,

1000 3983 209 36 IMPORTER,

1130 4078 129 40 WINE,
1285 4078 136 34 SPIBIT

886 4237 198 42 Provision
1103 4237 217 43 Merchant.

826 4441 319 39 PALMERSTON
1188 4441 193 48 STREET,

997 4538 216 27 WESTPORT.

1518 209 146 33 Reefton
1691 211 294 34 Advertisements

1556 291 55 39 W.
1652 293 305 50 HINDMARSH,

1443 410 322 42 QHAREBROKER,
1790 416 181 38 MINING,
1994 417 77 32 AND

1530 491 168 40 General
1723 494 261 41 Commission

1691 584 138 54 Agent,

1474 712 290 52 BROADWAY,
1792 716 245 51 REEFTON,

1563 823 141 39 (Opposite
1723 824 138 32 Southern
1874 826 82 31 Cross

1706 880 104 37 Hotel.)

1443 964 341 64 Dawsons
1848 967 224 76 Hotel,

1538 1068 226 37 BBOADWAY,
1790 1070 188 33 BEEFTON.

1534 1224 86 28 house
1634 1228 103 24 cannot
1748 1225 32 27 be
1793 1226 147 34 surpassed
1960 1226 30 29 in
2009 1227 67 29 New

1444 1260 130 30 Zealand.

1446 1362 175 55 Booking
1655 1365 122 42 Office
1811 1365 58 42 for
1903 1365 174 44 Mitchell

1494 1419 77 40 and
1615 1421 233 52 Campbell's
1905 1423 122 52 Royal

1545 1472 96 42 Mail
1670 1475 98 40 Line
1789 1475 42 40 of
1858 1475 96 54 Grey-

1597 1530 134 41 mouth
1747 1530 188 41 Coaches.

1480 1662 68 30 This
1560 1661 87 31 Hotel
1659 1661 25 30 is
1704 1661 63 30 well
1787 1660 103 31 known
1911 1661 168 38 throughout

1448 1701 68 29 New
1529 1701 120 28 Zealand
1661 1701 43 28 for
1721 1699 37 30 its
1777 1700 235 29 accommodation
2024 1701 56 28 and

1446 1739 183 30 convenience
1640 1738 43 30 for
1699 1739 113 29 tourists
1831 1738 56 29 and
1905 1738 175 31 commercial

1447 1778 149 29 travellers.

1644 1823 126 40 JOHN
1789 1823 213 49 DAWSON,

1880 1879 165 36 Proprietor.

1607 1963 312 36 STEVENSON'S

1451 2027 367 63 M'G-affin's
1854 2025 226 78 Hotel,

1551 2131 225 35 BROADWAY,
1794 2131 188 30 REEFTON.

1450 2263 122 63 THIS
1586 2262 181 40 Magnificent
1778 2263 87 32 Hotel
1875 2263 58 32 will
1953 2264 34 31 be
1997 2264 85 32 found

1538 2303 103 37 replete
1653 2303 69 30 with

1543 2374 93 24 EVERT
1653 2374 128 24 COMFORT
1797 2375 57 23 AND
1872 2375 118 24 MODERN

1662 2415 207 21 CONVENIENCE.

1481 2520 133 34 Tourists,
1639 2521 177 28 commercial
1845 2520 152 34 travellers,
2027 2521 55 28 and

1447 2558 94 30 others
1549 2559 57 29 will
1618 2558 66 29 here
1695 2559 60 28 find
1768 2568 83 28 every
1863 2559 138 30 attention
2009 2568 55 21 com-

1447 2596 83 31 bined
1541 2597 69 30 with
1623 2596 85 30 home
1719 2597 139 30 comforts.

1447 2709 159 40 Booking
1623 2709 108 33 Office
1741 2709 54 33 for
1805 2709 172 33 Newman
1987 2710 88 33 Bros
2076 2710 6 16 1

1473 2756 111 42 Royal
1595 2755 89 34 Mail
1695 2755 87 34 Line
1795 2754 40 34 of
1842 2756 133 32 Nelson
1987 2755 71 34 and

1590 2802 175 39 Westport
1777 2801 164 33 Coaches.

1507 2893 163 40 JAMES
1713 2871 306 70 SraVENSbN,

1672 2954 183 23 PROPRIETOR.
1941 2933 9 44 1

1479 3109 290 52 BEOADWAY,
1800 3110 248 44 REEFTON.

1496 3240 238 31 lOMMERCIAL
1753 3240 164 35 Travellers,
1942 3240 140 36 Families,

1496 3274 3 44 '
1538 3280 55 29 and
1612 3280 49 30 the
1679 3280 94 38 public
1790 3279 143 39 generally
1950 3280 58 31 will
2025 3280 57 29 find

1447 3318 57 31 this
1515 3319 177 31 well-known
1710 3320 87 30 Hotel
1814 3319 79 31 fitted
1912 3319 69 31 with
2001 3329 81 31 every

1447 3360 115 30 modern
1574 3360 185 30 convenience
1769 3359 56 31 and
1836 3360 194 38 requirement.

1496 3474 88 44 The
1616 3474 258 56 Proprietress
1902 3474 34 43 is
1959 3474 103 44 deter-

1449 3532 129 39 mined
1603 3538 41 32 to
1662 3545 112 37 spare
1792 3544 50 26 no
1860 3545 165 37 expense
2043 3532 39 40 in

1448 3584 156 54 making
1621 3584 78 41 this
1719 3584 118 41 Hotel
1856 3584 226 56 thoroughly

1448 3640 113 53 equal
1579 3647 41 34 to
1637 3640 50 40 all
1705 3640 289 53 requirements.

1449 3769 92 35 Local,
1560 3770 126 30 Colonial
1709 3771 57 29 and
1790 3770 92 31 Home
1904 3779 100 29 papers
2027 3771 55 30 and

1569 3808 164 36 periodicals
1744 3809 138 36 regularly
1894 3809 74 27 filed.

1615 3863 154 43 ALICE
1794 3864 238 50 NEVILLE,

1889 3928 193 36 Proprietress.

904 4772 157 39 PETER
1088 4772 213 47 MULVAY,

838 4862 195 34 LUMBER,
1062 4861 239 37 TINSMITH,
1331 4863 87 30 AND

957 4900 223 34 GASFITTER,
1193 4901 56 28 and

863 4984 474 48 COPPERWORKRR,

816 5101 214 40 Palmerston
1057 5100 122 50 Street,
1198 5100 187 50 Westport,

899 5209 142 39 (Opposite
1054 5208 129 32 Gilmer's
1195 5208 106 38 Hotel.)

787 5359 92 35 Every
894 5359 181 37 description
1090 5359 34 32 of
1145 5359 180 33 Hollowarei
1339 5359 51 32 Tin-

822 5402 116 35 smiths'
954 5402 113 43 Good?,
1083 5402 57 35 and
1159 5402 217 45 Ironmongery

979 5449 73 40 kept
1072 5450 31 30 in
1122 5449 97 32 stock'

912 5582 24 31 A
950 5583 87 40 Large
1051 5583 200 40 Consignment
1262 5581 35 32 of

827 5649 187 42 STOVES
1039 5651 103 40 AND
1175 5650 201 41 RANGES

990 5740 62 19 NOW
1070 5740 35 19 TO
1122 5740 87 20 HAND.

968 5865 44 29 All
1032 5864 85 30 Work
1129 5864 183 30 Guaranteed.

2268 215 120 31 Public
2405 214 152 32 Notices.

2232 294 130 41 JOHN
2406 293 189 49 MUNKO,

2155 424 180 33 ENERAL
2365 425 248 33 MERCHANT
2643 425 90 31 AND

2313 501 209 37 IMPORTER,

2200 616 435 56 Palmerstonj[Street,

2311 738 218 26 WESTPORT.

2148 836 246 33 JOHNSTON
2422 837 28 30 &
2475 836 217 31 WATKINS

2319 909 108 30 CIVIL
2445 909 80 30 AND

2191 989 144 29 INING

2478 987 263 35 NGINEEiIS,

2291 1073 182 22 AUTHORISED
2494 1073 57 21 AND

2104 1121 284 39 LICENSED
2413 1118 329 41 SURVEYORS

2103 1212 134 38 Working
2261 1211 85 30 Plans
2367 1212 56 29 and
2447 1211 108 31 Details
2579 1211 32 30 of
2634 1211 110 38 Miinng

2139 1251 164 37 Machinery
2315 1251 134 37 prepared
2459 1251 55 28 and
2522 1251 47 28 the
2577 1251 133 28 Erection

2191 1290 109 39 Mining
2313 1290 162 40 Machinery
2487 1289 170 40 supervised.

2105 1367 119 38 Purveys
2235 1366 45 30 for
2290 1365 110 40 Mining
2409 1365 167 39 Companies
2585 1364 160 32 contracted

2104 1408 41 30 for
2158 1407 35 37 by
2206 1406 48 30 the
2265 1416 74 28 year.
2377 1406 121 37 Surveys
2507 1406 83 30 made
2598 1406 90 30 under
2697 1406 48 30 the

2277 1444 83 30 Land
2370 1444 131 30 Transfer
2509 1445 62 29 Act.

2354 1522 139 30 Address:

2106 1561 169 37 Broadway,
2294 1560 153 37 Beefton;
2475 1569 56 22 and
2557 1560 189 31 Commercial

2309 1601 112 35 Hotel,
2440 1602 97 28 Lyell

2140 1677 295 30 N.B.lnstructions
2446 1678 50 29 left
2508 1680 30 27 at
2550 1677 92 30 Times
2651 1676 95 36 Office,

2108 1716 88 33 iyell,
2208 1716 57 29 will
2277 1717 106 28 receive
2390 1716 161 29 immediate
2564 1716 147 29 attention.

2238 1798 384 62 Newman's

2182 1914 134 32 OYAL

2449 1915 87 30 AIL
2580 1915 42 29 T
2653 1914 91 32 INE

2309 2008 50 30 OF
2377 2008 179 30 COACHES

2143 2105 254 30 Thrice-Weekly
2422 2105 124 30 Service
2567 2105 145 30 Between

2196 2153 106 34 Lyell,
2316 2153 135 28 Reefton
2462 2160 58 22 and
2533 2153 128 30 Nelson.

2110 2247 93 30 Leave
2222 2246 85 39 Lyell
2322 2247 45 30 for
2383 2247 107 30 Nelson
2506 2257 84 30 every
2611 2248 135 40 Tuesday,

2110 2296 148 38 Thursday
2265 2296 57 31 and
2332 2296 149 38 Saturday,
2491 2301 30 27 at
2531 2299 63 29 2.30
2603 2308 78 28 p.m.,
2692 2299 54 29 and

2110 2342 82 38 Lyell
2202 2343 43 28 for
2257 2344 141 35 Westport
2409 2343 58 29 and
2479 2344 128 34 Reetton,
2626 2354 38 20 on
2676 2345 53 29 Sun-

2110 2390 65 38 day,
2187 2389 178 39 Wednesday
2377 2390 56 31 and
2446 2391 113 39 Friday,
2568 2395 29 27 at
2608 2393 64 29 9.30
2682 2403 64 19 a.m.

2110 2475 167 37 Passengers
2302 2474 104 31 booked
2436 2475 45 31 for
2509 2475 153 40 Hampden
2691 2476 55 32 and

2230 2523 82 29 other
2322 2523 195 30 intermediate
2529 2523 103 39 places.

2282 2599 132 30 Booking
2436 2600 138 31 Offices:

2110 2657 141 38 Westport
2513 2658 135 31 Gilmer's
2659 2659 87 30 Hotel

2110 2705 119 29 Reefton
2472 2705 178 31 Stevenson's
2661 2708 85 29 Hotel

2110 2753 106 31 Nelson
2523 2754 127 32 Masonic
2662 2755 84 32 Hotel

2143 2847 46 31 All
2199 2847 110 41 parcels
2321 2851 77 29 must
2408 2849 35 31 be
2457 2849 124 40 prepaid,
2599 2850 147 32 otherwise

2242 2897 70 37 they
2323 2897 57 30 will
2391 2897 35 30 be
2437 2897 51 30 left
2499 2898 115 29 behind.

2434 2952 40 31 H.
2493 2953 186 37 NEWMAN,

2544 2993 160 35 Proprietor

2172 3082 151 30 LADIES'
2342 3082 51 30 OB
2411 3082 274 31 GENTLEMEN'S

2112 3135 300 60 gADDLE
2479 3136 220 59 UACKS-

2244 3224 94 39 (Quiet
2348 3224 58 32 and
2416 3225 200 33 Well-broken)

2110 3288 74 31 FOR
2195 3288 99 31 HIRE
2307 3288 52 31 BY
2370 3288 80 31 THE
2463 3288 283 33 UNDERSIGNED

2228 3342 43 30 At
2289 3342 169 30 Inangahua
2474 3342 154 31 Junction.

2142 3446 116 29 Horse's
2270 3448 61 27 sent
2343 3448 37 34 Jto
2392 3445 81 37 Lyell
2485 3448 30 27 at
2533 3455 17 20 a
2562 3448 151 29 moment's

2375 3485 102 31 notice.

2109 3571 199 50 Courtney's
2315 3572 303 40 Accommodation
2626 3573 120 40 House

2108 3630 115 37 Haying
2246 3630 86 39 lately
2351 3630 71 31 been
2443 3632 194 37 considerably
2656 3632 90 30 added

2108 3672 29 27 to
2156 3669 57 30 and
2230 3669 155 39 improved,
2397 3670 25 29 is
2441 3679 63 21 now
2516 3679 52 21 one
2580 3671 33 29 of
2627 3671 47 30 the
2686 3671 60 31 best

2108 3708 149 39 appointed
2268 3709 56 29 and
2336 3712 74 26 most
2421 3709 179 30 comfortable
2619 3710 127 31 roadside

2218 3747 112 30 house's
2341 3757 38 20 on
2390 3747 49 29 the
2451 3748 79 29 West
2542 3749 92 29 Coast.

2124 3859 242 37 p:r!a;ncis
2416 3860 314 43 courtnjsy,

2334 3929 192 30 Proprietor.

1780 4049 119 54 THE
1989 4048 184 55 LYELL

1446 4178 328 45 PRINTING
1823 4179 127 44 AND
2000 4179 426 44 PUBLISHING
2476 4179 268 52 OFFICE,

1862 4302 147 31 CLIFF
2044 4303 72 33 ST.,
2152 4303 180 30 LYELL.

1513 4632 37 43 Is
1568 4648 73 28 one
1660 4634 42 43 of
1715 4634 65 43 the
1799 4635 85 43 best
1902 4635 97 44 local
2018 4637 190 43 mediums
2226 4637 57 43 for
2300 4638 248 58 distributing
2566 4656 117 37 news,

1689 4727 341 50 Advertisements,
2052 4729 76 40 and
2147 4729 170 52 subjects
2335 4729 43 40 of
2392 4731 97 40 local

1886 4816 169 50 interest,
2077 4816 235 55 throughout

1675 4905 66 42 the
1777 4906 132 43 Buller
1943 4909 77 41 and
2056 4908 224 55 Inangahua
2315 4910 198 41 Counties.

1938 5033 9 6 _i
2004 5029 6 10 i
2173 5029 2 10 ,

1938 5040 28 11 ;
2003 5040 5 11 :
2008 5040 30 13 :
2077 5040 35 13 .w.

1493 5120 170 56 Charges
1681 5120 56 44 for
1755 5122 180 56 standing
1952 5124 330 49 advertisements,
2302 5136 92 42 very
2407 5123 237 43 reasonable.

1495 5214 80 48 Job,
1623 5214 120 49 Plain,
1782 5216 76 40 and
1900 5217 50 40 all
1985 5217 110 41 kinds
2135 5215 41 41 of
2206 5216 179 52 printing,
2424 5214 184 42 executed
2651 5214 91 42 with

1442 5282 186 54 despatch
1648 5289 40 34 at
1706 5283 65 41 the
1790 5284 131 41 lowest
1939 5285 137 54 prices.

1491 5371 334 42 Communication
1844 5373 51 54 by
1912 5380 88 47 post
2013 5387 42 27 or
2072 5373 87 40 wire
2178 5373 193 54 promptly
2390 5371 184 40 attended
2594 5377 51 34 to.

1964 5614 229 43 ADDRESS

1981 5837 223 40 LYELL.

2936 213 122 31 Public
3075 214 154 30 Notices.

2848 291 85 31 THE
2954 290 139 32 STAMP
3114 290 90 39 ACT,
3227 291 88 30 1875.

2769 401 42 33 fl
2820 400 417 37 ATJTlON.Transferors
3249 399 60 34 and
3317 402 90 32 trans

2856 448 47 34 fer
2917 447 63 35 fees
2995 447 32 34 in
3039 447 68 44 fold
3125 446 117 43 mining
3251 446 61 33 and
3323 446 88 34 other

2761 493 172 41 companies
2959 492 61 30 and
3046 491 144 31 societies
3215 501 52 20 are
3291 490 120 31 warned

2762 537 116 41 against
2900 535 164 42 executing
3087 545 58 31 any
3178 534 188 32 instrument
3382 534 27 30 of

2762 581 61 30 sale
2837 590 35 21 or
2888 580 132 30 transfer
3035 580 103 29 unless
3150 578 54 31 the
3213 587 89 21 name
3314 579 34 29 of
3360 576 52 31 the

2764 621 162 44 purchaser
2954 632 35 22 or
3018 621 172 33 transferee
3222 620 29 33 is
3275 619 136 34 iuserted

2764 667 118 30 therein
2910 669 33 27 at
2973 677 36 19 or
3032 666 106 30 before
3165 665 55 31 the
3249 670 162 26 execution

2766 708 123 40 thereof,
2908 718 18 22 a
2942 708 163 32 maximum
3131 707 125 39 penalty
3271 708 35 32 of
3325 706 90 33 IOO

2766 753 93 30 under
2897 752 118 31 section
3049 753 69 36 103,
3153 751 91 40 being
3272 750 141 32 incurred

2766 794 135 42 thereby.
2944 794 70 43 Any
3026 794 75 33 such
3110 794 199 40 instrument,
3319 804 84 23 more

2767 851 82 26 over,
2863 851 33 19 so
2909 839 106 38 signed
3030 839 27 31 is
3083 839 173 38 absolutely
3271 839 70 31 void
3356 839 59 31 and

2769 882 195 42 inoperative,
2989 881 60 33 and
3072 881 73 32 does
3166 885 56 27 not
3238 881 102 33 divest
3364 879 52 33 the

2770 927 165 32 transferor
2950 926 33 32 of
3009 926 46 32 his
3067 926 130 32 interest
3211 924 133 40 therein,
3358 924 58 33 and

2770 971 36 31 he
2820 969 128 33 remains
2963 969 92 33 liable
3070 969 127 32 thereon
3213 979 34 22 as
3262 968 27 33 if
3309 969 37 32 he
3361 968 56 33 bad

2771 1025 89 22 never
2875 1013 142 43 disposed
3032 1014 32 32 of
3089 1013 54 33 the
3157 1024 94 22 same.
3307 1012 35 33 If
3366 1012 52 34 the

2768 1058 169 31 transferor
2963 1058 37 31 be
3016 1067 17 21 a
3059 1057 135 31 licensed
3216 1056 202 32 sharebroker

2770 1101 45 34 his
2828 1101 114 34 license
2969 1100 26 35 is
3021 1101 145 34 forfeited
3190 1112 42 23 on
3246 1100 172 35 conviction

2769 1147 58 29 and
2841 1145 163 32 thereafter
3028 1146 37 30 he
3079 1146 26 29 is
3128 1145 189 41 disqualified
3340 1146 78 29 from

2769 1189 103 43 acting
2896 1201 33 22 as
2955 1200 18 23 a
2988 1189 112 34 broker
3113 1199 34 23 or
3171 1189 77 33 from
3279 1187 106 45 having
3403 1199 15 23 a

2772 1235 80 31 fresh
2867 1234 112 32 iicense
2988 1235 101 31 issued
3104 1238 33 27 to
3149 1236 70 30 him.

3606 211 120 33 Public
3750 214 153 35 Notices.

3476 625 151 37 (Deutsche
3653 625 74 30 Med.
3995 636 77 37 1879)

3441 664 113 33 Mosler,
3568 664 89 33 M.D.,
3669 663 140 32 Professor
3821 675 29 21 at
3859 670 47 28 the
3915 672 161 39 University

3441 702 174 33 Greifswald,
3651 702 153 39 Germany,
3838 713 161 32 reports:
4017 712 58 29 The

3441 741 149 37 Eucalypti
3609 741 117 28 Extract
3749 745 104 34 proved
3869 748 208 40 magnificently

3441 779 152 28 successful
3622 779 31 28 in
3682 786 88 31 very'
3786 790 93 22 severe
3909 788 167 35 contusions,

3441 817 115 36 bruises,
3565 818 119 38 sprains,
3691 819 124 37 wounds,
3822 823 145 38 scaldings,
3973 826 103 33 broken

3443 856 64 33 ribs,
3516 858 55 26 and
3581 858 93 27 limbs.
3705 858 29 28 It
3742 859 157 38 effectually
3908 866 75 33 stays
3991 866 37 27 all
4035 867 27 27 in-

3443 893 177 31 flammation
3632 894 56 30 and
3700 895 134 39 swelling.
3869 899 76 36 Also,
3964 901 46 31 the
4024 913 40 21 ser-

3444 933 74 29 vices
3531 933 112 30 derived
3654 934 73 30 from
3735 936 23 28 it
3764 936 30 28 in
3807 937 37 29 all
3850 938 136 31 disorders
3995 942 31 28 of
4031 943 47 30 the

3444 972 166 38 respiratory
3620 982 110 27 organs,
3740 983 30 19 as
3779 984 92 29 croup,
3882 976 145 39 diptheria,
4037 981 27 29 in-

3444 1009 176 32 flammation
3644 1012 32 29 of
3692 1013 48 29 the
3763 1012 142 32 bronchial
3924 1016 78 31 tubes
4025 1020 55 29 and

3445 1049 92 37 lungs,
3550 1051 113 27 chronic
3683 1052 121 32 catarrh,
3817 1051 160 37 bronchitis,
3996 1059 84 33 colds,

3446 1087 56 36 &c,
3517 1097 46 22 are
3575 1091 50 28 not
3643 1092 29 27 to
3683 1087 35 32 be
3730 1089 128 40 equalled
3875 1091 37 40 by
3929 1102 55 31 any
4001 1095 80 32 other

3446 1127 198 30 medicament.

3447 1186 135 36 Sander
3598 1187 29 34 &
3642 1187 89 34 Sons
3744 1187 184 45 Eucalypti
3940 1190 143 38 Extract

3480 1239 100 33 Lister,
3600 1240 88 32 M.D.,
3707 1240 150 33 Professor,
3883 1242 55 32 &c,
3957 1243 124 34 London,

3446 1276 47 31 the
3506 1277 127 37 Leading
3651 1286 119 30 surgeon
3782 1278 31 29 of
3823 1278 47 30 the
3883 1284 110 33 present
4005 1282 77 35 time,

3446 1317 90 28 stated
3549 1321 29 25 at
3590 1317 47 28 the
3650 1317 55 29 last
3721 1319 124 35 meeting
3856 1320 31 27 of
3901 1319 48 29 the
3966 1321 117 28 Clinical

3447 1355 117 36 Society,
3572 1355 128 33 London,
3706 1364 31 19 as
3748 1355 145 37 published
3898 1357 30 26 in
3938 1357 145 28 Gaillard's

3448 1392 118 31 Medical
3583 1393 129 35 Journal,
3724 1393 63 31 that
3798 1394 48 31 the
3862 1395 149 39 Eucalypti
4029 1396 36 31 Ex-

3446 1437 71 24 tract
3528 1434 25 27 is
3564 1433 49 28 the
3625 1433 61 28 best
3697 1433 103 29 known
3818 1435 146 37 antiseptic
3978 1437 107 34 (means

3446 1471 30 29 of
3485 1472 165 37 preventing
3660 1473 207 36 putrefaction).

3448 1533 134 33 Sander
3599 1533 28 33 &
3643 1533 90 33 Sons
3745 1533 188 42 Eucalypti
3944 1535 145 34 Extract

3483 1584 157 37 (American
3653 1584 120 30 Medical
3782 1585 126 35 Journal,
3919 1587 165 34 November,

3448 1624 85 34 1881).
3537 1623 73 28 In
3622 1623 120 29 diseases
3754 1625 31 27 of
3800 1625 48 28 the
3865 1625 113 38 kidney,
3998 1628 89 27 either

3447 1661 89 29 active
3547 1662 162 36 congestion
3719 1672 31 19 or
3757 1665 178 35 suppression
3949 1665 135 36 (uraemia)

3446 1700 38 28 all
3496 1700 195 34 albuminuria,
3703 1701 112 37 dropsy,
3827 1702 129 33 lithiasis,
3970 1704 116 35 nothing

3447 1738 56 29 will
3516 1739 81 37 equal
3609 1740 30 28 in
3651 1740 36 28 its
3696 1740 93 28 action
3803 1740 151 38 Eucalypti
3962 1742 124 29 Extract.

3448 1777 97 33 Doses,
3570 1778 53 28 five
3647 1781 29 25 to
3700 1778 78 35 eight
3804 1779 84 36 drops
3910 1781 31 26 in
3970 1790 17 18 a
4015 1780 73 29 little

3447 1815 155 29 sweetened
3625 1819 87 26 water
3733 1818 81 28 twice
3841 1827 33 19 or
3896 1818 79 30 three
4006 1819 82 29 times

3447 1853 85 37 daily.

2851 1342 256 31 POSTAGE
3148 1342 191 33 KATES.

2965 1463 91 24 TOWN
3080 1464 149 24 LETTEBS.

2812 1510 113 34 Posted
2951 1514 33 30 at
3005 1521 59 32 any
3090 1512 73 32 Post
3190 1511 94 34 Office
3313 1512 104 33 within

2772 1563 53 35 the
2838 1564 108 44 colony
2958 1564 48 34 for
3020 1564 133 45 delivery
3165 1568 32 31 at
3210 1575 35 24 or
3253 1565 78 35 from
3342 1566 74 35 such

2774 1617 76 33 Post
2864 1618 95 33 Office
2975 1630 49 20 :

2775 1674 61 35 Not
2848 1676 164 41 exceeding
3024 1676 68 33 half
3101 1687 39 22 an
3154 1687 98 24 ounce
3304 1704 33 8 ...
3382 1679 36 32 Id

2775 1719 170 42 Exceeding
2959 1719 65 33 half
3034 1730 39 23 an
3087 1730 107 31 ounce,
3217 1722 56 33 but
3286 1725 56 30 not

2812 1764 167 39 exceeding
2990 1775 59 22 one
3062 1775 99 23 ounce

2775 1806 59 34 For
2846 1817 93 33 every
2953 1807 65 33 half
3029 1818 97 23 ounce
3139 1818 72 24 over
3224 1819 59 23 one
3306 1835 33 9 ...
3382 1812 37 31 Id

2938 1876 148 22 COUNTRY
3101 1876 151 26 LETTEBS.

2813 1923 110 35 Posted
2939 1926 33 32 at
2985 1934 60 33 any
3066 1927 71 40 post
3149 1924 85 36 office
3248 1925 105 36 within
3369 1926 51 35 the

2774 1977 107 45 colony
2907 1978 49 34 for
2984 1978 136 44 delivery
3143 1984 34 29 at
3201 1991 35 22 or
3260 1981 77 34 from
3362 1992 57 33 any

2773 2031 89 33 other
2871 2034 69 39 post
2949 2031 85 33 office
3050 2032 104 33 within
3170 2032 52 33 the
3234 2034 168 43 colony:

2775 2088 65 34 Not
2852 2090 165 41 exceeding
3031 2089 66 34 half
3107 2101 39 22 an
3160 2101 99 24 ounce
3306 2118 31 12 ...
3382 2094 37 32 2d

2775 2133 171 42 Exceeding
2960 2133 65 33 half
3035 2145 39 21 an
3088 2145 108 31 ounce,
3208 2135 57 34 but
3288 2140 56 30 not

2813 2177 164 44 exceeding
2987 2189 58 22 one
3059 2189 98 23 ounce
3306 2207 33 9 ...
3382 2182 37 32 4d

2775 2221 61 33 For
2862 2232 90 31 every
2974 2222 66 33 half
3064 2234 99 23 ounce
3184 2234 75 23 ever
3286 2236 58 23 one

2814 2276 98 24 ounce
2989 2293 33 9 ...
3148 2294 33 9 ...
3306 2295 33 10 ...
3382 2269 37 35 2d

2902 2344 201 22 AUSTRALIAN
3125 2344 168 24 COLONIES.

2775 2393 65 34 Not
2853 2396 164 41 exceeding
3030 2396 67 33 half
3113 2408 39 22 an
3166 2408 98 23 ounce
3306 2425 33 9 ...
3382 2401 39 32 2d

2775 2437 171 42 Exceeding
2958 2438 67 32 half
3044 2449 39 22 an
3097 2450 108 29 ounce,
3218 2441 58 32 but
3288 2445 57 29 not

2812 2481 165 41 exceeding
2990 2493 58 23 one
3062 2493 98 25 ounce
3306 2483 35 37 ...'
3382 2486 38 34 4d

2774 2524 61 33 For
2860 2537 91 31 every
2973 2525 66 33 half
3063 2537 98 23 ounce
3188 2538 73 23 ever
3285 2540 59 23 one

2813 2579 99 23 ounce
2988 2594 34 10 ...
3146 2596 34 9 ...
3305 2599 34 8 ...
3381 2573 39 33 2d

2792 2644 152 24 ENGLAND
2963 2645 66 24 AND
3051 2646 143 24 FOREIGN
3209 2648 191 25 COUNTRIES.

2951 2692 60 33 Per
3024 2692 82 34 Half
3128 2693 120 35 Ounce.

2775 2734 115 36 United
2908 2735 162 45 Kingdom,
3096 2737 48 35 via
3166 2739 60 34 San
3248 2739 77 34 Fran-

2812 2781 80 34 cisco
2906 2782 60 33 and
2986 2783 79 33 Suez
3306 2807 35 9 ...
3384 2787 35 32 6d

2775 2824 115 33 United
2917 2825 103 32 States
3046 2826 36 32 of
3113 2825 153 42 America,
3298 2829 48 33 via

2812 2867 60 35 San
2887 2868 167 35 Francisco
3307 2899 34 8 ...
3384 2875 36 32 6d

2773 2912 157 33 Sandwich
2942 2913 134 40 Islands,
3098 2914 48 33 via
3172 2914 63 33 San
3248 2915 77 34 Fran-

2812 2955 81 33 cisco
3380 2962 40 33 6d

2774 2998 154 35 Canadian
2962 2999 194 44 Dominions,
3189 3002 51 34 via
3284 3004 62 34 San

2815 3043 165 33 Francisco
3146 3071 7 7 .
3158 3067 22 13 #i
3305 3073 32 9 ...
3382 3050 37 31 8d

2775 3085 114 34 British
2904 3086 162 35 Columbia
3146 3114 33 10 ...
3306 3116 32 10 ...
3391 3092 29 32 h

2773 3130 91 34 West
2878 3130 106 35 Indies
3144 3160 33 8 ...
3302 3162 32 8 ...
3389 3139 31 31 l

2774 3174 132 37 Mexico,
2918 3174 48 30 via
2977 3175 61 30 San
3053 3175 167 33 Francisco
3304 3174 33 38 ...
3391 3182 10 28 ]
3410 3191 9 17 i

2774 3216 126 35 Central
2916 3216 142 36 America
3303 3248 32 9 ...
3389 3224 31 33 h

2773 3261 96 33 South
2883 3262 150 40 America,
3044 3262 48 35 via
3104 3263 59 34 San
3174 3264 165 36 Francisco
3389 3271 30 30 1*

2988 3342 220 26 NEWSPAPERS.

2775 3390 110 36 Posted
2912 3402 19 22 a
2969 3402 60 30 any
3053 3392 86 36 office
3164 3393 105 36 within
3291 3398 54 32 tne

2811 3436 108 42 colony
2933 3438 48 30 for
2994 3436 134 44 delivery
3140 3441 35 30 at
3194 3438 54 34 the
3260 3450 82 23 same

2812 3479 86 36 office
3146 3510 31 8 ...
3303 3507 35 11 ...
3380 3487 37 41 |d

2775 3525 111 33 Posted
2910 3529 34 29 at
2966 3536 61 32 any
3052 3527 85 33 office
3161 3528 107 33 within
3289 3530 55 33 the

2812 3568 107 42 colony
2933 3569 47 31 for
2995 3569 132 43 delivery
3141 3574 34 28 at
3184 3581 59 32 any
3255 3572 90 33 other

2813 3610 84 35 office
2911 3611 103 34 within
3028 3612 53 35 the
3095 3614 110 43 colony
3306 3643 33 9 ...
3382 3619 37 40 d

2773 3656 177 33 Australian
2963 3657 144 34 Colonies
3307 3686 33 10 ...
3384 3663 35 33 Id

2773 3700 117 34 United
2904 3701 160 42 Kingdom
3306 3732 31 9 ...
3382 3708 37 33 Id

2931 3767 60 34 Via
3006 3768 60 34 San
3087 3769 177 35 Francisco.

2773 3821 115 35 United
2906 3823 102 32 States
3022 3824 32 32 of
3067 3825 143 33 America
3306 3854 32 9 ...
3383 3830 36 33 Id

2773 3867 157 33 Sandwich
2944 3867 122 34 Islands
3306 3899 32 9 ...
3383 3875 36 33 id

2773 3910 153 34 Canadian
2942 3911 183 36 Dominions
3306 3944 33 7 ...
3382 3918 36 33 26

2774 3954 116 32 British
2906 3956 161 32 Columbia
3306 3985 33 9 ...
3381 3963 38 30 2d

2774 3996 90 34 West
2878 3997 106 34 Indies
3304 4029 32 10 ...
3380 4005 39 32 2d

2773 4041 125 34 Mexico
3305 4074 32 9 ...
3380 4051 39 31 2d

2774 4085 125 32 Central
2913 4085 140 34 America
3304 4117 33 8 ...
3380 4093 39 31 2d

2773 4127 98 32 South
2886 4129 158 33 Amerrica
3305 4159 32 8 ...
3380 4136 38 30 2d

2970 4196 87 25 BOOK
3078 4198 142 26 PACKETS

2776 4243 110 33 Posted
2909 4247 34 29 at
2964 4254 60 33 any
3048 4247 84 33 office
3158 4250 104 30 within
3288 4249 54 33 the

2812 4289 108 44 colony
2934 4288 48 36 for
2996 4289 131 43 delivery
3140 4296 33 29 at
3187 4291 53 35 the
3249 4304 93 32 same,

2813 4334 105 31 within
2946 4334 55 31 the
3027 4336 119 40 colony,
3173 4336 53 31 the
3260 4339 60 30 Aus-

2812 4376 109 32 tralian
3091 4388 34 23 or
3148 4377 53 34 the
3224 4378 118 36 United

2813 4420 156 42 Kingdom
3051 4447 32 9 ...
3166 4425 55 32 loz
3304 4451 31 9 ...
3380 4428 37 31 Id

2852 4465 50 32 Do
3050 4490 33 9 ...
3163 4469 57 29 2oz
3302 4494 33 9 ...
3379 4471 38 30 2d

2852 4508 50 35 Do
3051 4536 32 9 ...
3166 4510 53 41 Jib
3302 4539 33 9 ...
3379 4515 38 33 4d

2852 4553 50 33 Do
3051 4580 32 8 ...
3167 4556 53 32 lib
3302 4583 32 8 ...
3379 4560 37 30 8d

2775 4597 98 43 Every
2900 4596 165 35 additional
3086 4598 114 42 pound,
3212 4609 36 23 or
3261 4599 65 35 frac-

2811 4642 98 35 tional
2919 4646 70 41 part
3002 4644 32 33 of
3046 4655 20 26 a
3079 4644 105 43 pouud
3304 4673 33 10 ...
3380 4646 37 36 Sd

2939 4688 59 31 Via
3012 4689 61 31 San
3086 4688 176 34 Francisco.

2774 4729 115 33 United
2917 4729 112 39 States,
3052 4741 93 32 every
3172 4731 52 39 Jib
3306 4759 31 8 ...
3380 4735 38 31 4d

2773 4772 157 34 Sandwich
2944 4773 118 33 Islands
3304 4802 32 9 ...
3380 4779 37 30 4d

2774 4816 152 33 Canadian
2941 4817 180 34 Dominions
3306 4846 32 7 ...
3380 4822 38 32 6J

2774 4860 114 33 British
2904 4861 161 35 Columbia
3304 4891 31 8 ...
3380 4866 37 32 6d

2773 4903 91 34 West
2876 4904 106 33 Indies
3184 4931 18 8 ..
3303 4934 31 5 ...
3379 4911 39 28 6d

3450 1915 134 33 Sander
3600 1915 29 33 &
3643 1916 89 34 Sons
3744 1917 190 42 Eucalypti
3945 1918 147 34 Extract

3485 1966 95 37 (From
3589 1966 148 31 American
3746 1968 121 30 Medical
3874 1969 128 35 Journal,
4011 1970 78 36 Jan.,

3450 2006 228 34 1882).Pitzer,
3706 2008 88 33 M.D.,
3814 2008 141 29 Professor
3978 2010 112 37 Theory

3450 2044 56 28 and
3518 2044 126 28 Practice
3655 2045 31 28 of
3695 2046 146 33 Medicine,
3851 2047 150 28 American
4012 2048 58 28 Med-

3449 2082 54 30 ical
3515 2081 123 40 College,
3650 2084 148 37 says:lt
3810 2084 25 30 is
3843 2084 49 31 the
3904 2085 61 30 best
3974 2086 117 39 remedy

3449 2121 102 29 known
3569 2122 31 28 in
3618 2123 229 36 typhomalarial,
3865 2126 118 35 typhoid
4003 2126 87 34 fever,

3449 2159 159 38 erysipelas,
3616 2161 167 38 diphtheria,
3793 2163 99 30 scarlet
3901 2163 83 35 fever,
3994 2165 78 29 small-

3449 2208 64 28 pox,
3525 2199 57 35 &c,;
3600 2200 24 28 it
3641 2200 159 37 effectually
3811 2202 107 30 retards
3936 2203 48 29 the
4004 2204 70 29 disin-

3449 2237 137 37 tegration
3615 2238 32 29 of
3666 2239 49 29 the
3739 2241 105 29 animal
3873 2241 92 34 fluids,
3995 2242 93 30 which

3450 2275 91 39 might
3551 2277 87 30 result
3649 2277 31 30 in
3694 2288 17 20 a
3728 2279 111 37 general
3857 2279 185 41 breaking-up
4060 2282 32 30 of

3450 2316 48 28 the
3509 2316 84 29 blood
3604 2317 57 28 and
3671 2319 31 26 in
3714 2318 94 29 death.

3452 2374 133 35 Sander
3601 2375 29 34 &
3643 2376 90 34 Sons
3744 2376 188 44 Eucalypti
3944 2379 147 35 Extract

3486 2426 97 33 (From
3616 2427 42 26 St.
3695 2428 85 26 Louis
3815 2429 120 27 Electric
3972 2430 120 29 Medical

3450 2462 127 35 Journal,
3606 2462 79 35 Dec,
3716 2463 90 37 1881).
3814 2465 149 30 Cancer
3985 2467 31 29 of
4043 2467 47 31 the

3450 2502 354 38 TonguePatient,|Mrs.
3948 2528 7 12 ,
3967 2507 34 28 35
4010 2517 82 26 years

3451 2540 55 28 old.
3554 2540 143 29 Evidence
3720 2542 31 28 of
3771 2543 153 29 scrofulous
3950 2544 142 30 diathesis.

3451 2576 160 31 Prescribed
3628 2578 63 30 four
3712 2580 84 36 drops
3808 2583 29 26 to
3855 2580 34 30 be
3908 2582 84 29 taken
4014 2583 78 29 three

3450 2616 84 29 times
3555 2616 98 37 daily;
3672 2617 68 35 also,
3762 2622 103 34 tongue
3889 2621 102 28 wetted
4014 2622 78 29 three

3451 2655 83 28 times
3575 2655 69 29 with
3684 2656 49 29 the
3772 2657 153 38 Eucalypti
3965 2660 127 29 Extract.

3451 2692 118 29 Treated
3587 2703 32 19 as
3636 2693 87 30 above
3747 2695 44 29 for
3814 2696 63 29 four
3899 2697 103 36 weeks,
4024 2699 68 29 then

3451 2731 163 39 discharged
3626 2733 94 30 cured.

3487 2779 38 38 (J.
3558 2780 36 30 H.
3626 2781 125 38 Euttley,
3788 2783 88 34 M.D.,
3913 2785 85 35 Prof.,
4034 2789 58 33 &c,

3451 2817 345 39 Philadelphia).Since,
3807 2823 31 27 in
3855 2823 49 28 the
3920 2833 62 20 case
4000 2825 31 28 of
4046 2827 46 27 Mr

3452 2857 115 34 Mercer,
3580 2857 32 30 of
3623 2857 121 40 Kerang,
3756 2859 64 32 who
3832 2860 56 31 had
3895 2861 71 31 been
3978 2863 114 32 advised

3450 2896 38 35 by
3509 2897 48 28 the
3583 2897 122 29 Medical
3721 2900 107 28 officers
3848 2901 32 27 of
3893 2902 48 28 the
3966 2903 125 36 Bendigo

3451 2933 131 37 Hospital
3594 2937 30 26 to
3636 2935 73 29 have
3721 2936 45 29 his
3778 2940 102 33 tongue
3887 2940 141 35 removed,
4035 2941 57 29 like

3450 2971 129 39 splendid
3590 2973 102 30 results
3704 2974 71 31 have
3782 2977 124 29 attained
3912 2978 120 39 through
4042 2980 49 30 the

3450 3011 169 39 application
3631 3013 32 30 of
3670 3014 49 29 the
3730 3015 152 37 Eucalypti
3894 3017 127 31 Extract.

3452 3070 135 32 Sander
3603 3071 29 33 &
3645 3072 91 32 Sons
3748 3074 187 41 Eucalypti
3945 3077 147 33 Extract

3485 3119 85 31 From
3588 3120 49 31 the
3655 3121 118 32 Clinical
3790 3123 118 38 Record,
3927 3126 32 30 of
3971 3127 119 38 August,

3451 3160 90 33 1881).
3601 3161 127 35 Surgical
3756 3163 91 28 Clinic
3883 3165 32 26 of
3949 3166 143 28 Professor

3452 3195 148 38 M'Jntyre,
3631 3197 110 39 College
3770 3199 32 29 of
3833 3199 167 39 Physicians
4035 3204 57 29 and

3452 3234 146 38 Surgeons,
3610 3235 42 30 St.
3662 3236 251 33 LouisScirrhus
3920 3241 33 29 of
3956 3241 136 31 Breast-

3450 3274 132 29 Excision
3593 3283 7 21 :
3613 3276 151 38 Eucalypti
3774 3278 120 30 Extract
3904 3281 149 38 employed
4061 3291 31 20 as

3450 3323 92 29 spray,
3567 3314 56 30 and
3647 3314 134 41 dressing.
3817 3318 89 38 Eight
3927 3319 70 39 days
4021 3322 71 30 after

3449 3353 144 38 operation
3607 3356 154 30 Professors
3772 3357 95 31 Bauer
3878 3359 57 30 and
3949 3361 142 38 M'lntyre

3448 3394 85 29 noted
3568 3394 48 30 the
3651 3395 142 39 following
3828 3399 200 31 condition:
4045 3402 45 30 No

3448 3433 133 36 swelling,
3594 3434 67 28 heat
3672 3444 32 18 or
3715 3436 204 35 discoloration,
3932 3448 69 20 near
4016 3449 33 20 or
4061 3442 30 28 in

3448 3471 48 30 the
3514 3472 112 36 wound,
3644 3472 91 32 which
3753 3474 52 30 has
3817 3476 99 31 united
3933 3478 89 40 fully;
4042 3479 48 31 the

3448 3511 106 37 patient
3565 3512 116 30 allowed
3694 3517 28 26 to
3734 3516 97 29 attend
3840 3519 28 28 to
3877 3517 51 30 her
3934 3518 156 31 household

3449 3550 90 28 duties
3551 3552 92 34 again.

3450 3608 134 34 Sander
3601 3610 28 33 &
3643 3610 91 34 Sons
3744 3612 189 43 Eucalypti
3944 3615 147 35 Extract

3485 3660 128 36 (Clinical
3635 3661 118 35 Record,
3779 3664 76 38 Sept.
3881 3667 92 35 1880).
3986 3669 105 30 The

3448 3698 147 31 American
3622 3701 120 31 medical
3771 3704 156 36 profession
3956 3715 74 26 uses,
4060 3709 31 29 in

3448 3739 173 36 gonorrhoea,
3640 3749 32 19 as
3683 3749 37 19 an
3737 3741 145 37 injection,
3895 3753 38 19 an
3951 3746 140 30 emulsion

3448 3776 31 28 of
3499 3785 54 20 one
3570 3786 90 20 ounce
3676 3787 68 28 gum
3765 3780 111 34 Arabic,
3897 3782 31 28 in
3949 3785 37 27 30
4007 3794 33 18 or
4055 3786 36 27 40

3448 3821 103 20 ounces
3563 3814 31 28 of
3602 3817 95 30 water,
3709 3816 111 36 applied
3832 3817 65 28 four
3908 3820 84 28 times
4005 3821 85 38 daily.

3449 3850 86 39 Eight
3552 3852 84 38 drops
3652 3852 84 39 given
3747 3855 148 36 inwardly,
3914 3867 71 21 once
4003 3859 88 38 daily,

3448 3894 130 33 prevents
3589 3892 158 38 effectually
3758 3896 224 30 contamination
3995 3898 32 29 of
4041 3899 50 29 the

3448 3928 84 30 blood
3543 3929 30 30 in
3585 3930 59 30 foul
3656 3931 117 30 disease.

3619 4039 295 34 CAUTION.

3448 4090 134 33 Sander
3598 4091 29 32 &
3642 4092 90 33 Sons
3742 4093 188 42 Eucalypti
3942 4096 149 36 Extract

3483 4138 52 36 (St.
3553 4139 76 28 Lous
3646 4140 118 29 Clinical
3775 4141 117 34 Record,
3910 4144 67 29 Jan.
3996 4148 92 34 1882).

3446 4176 159 36 Hazard,
3624 4177 78 30 M.D.
3719 4179 74 30 Prof,
3812 4180 33 29 of
3858 4181 156 41 Pathology
4032 4186 57 29 and

3448 4216 127 30 Diseases
3594 4217 32 29 of
3638 4217 49 30 the
3707 4218 89 34 Mind,
3821 4226 103 24 states:
3944 4223 53 29 We
4016 4224 72 30 have

3448 4254 146 29 examined
3611 4255 62 30 half
3686 4265 18 20 a
3715 4257 88 30 dozen
3815 4260 157 37 specimens
3984 4262 32 29 of
4030 4263 38 30 Eu-

3447 4293 104 39 calypti
3557 4295 125 31 Extract.
3706 4296 130 33 Sander's
3844 4301 178 37 preparation
4031 4313 58 20 was

3447 4334 48 27 the
3530 4336 67 33 only
3631 4344 52 19 one
3713 4337 93 28 which
3842 4341 183 35 corresponds
4059 4345 30 25 to

3447 4370 134 29 scientific
3593 4374 78 25 tests.

3482 4409 59 31 Our
3560 4411 179 38 preparation
3761 4412 25 31 is
3810 4413 49 31 the
3882 4415 69 40 only
3970 4417 119 40 existing

3448 4449 111 29 volatile
3577 4455 116 30 extract,
3711 4452 56 29 free
3780 4454 31 27 of
3825 4454 38 28 all
3882 4457 127 28 resinous
4026 4467 46 27 par-

3448 4487 86 28 ticles.
3576 4488 48 28 All
3652 4489 82 29 other
3761 4494 192 36 preparations
3982 4495 32 29 of
4040 4495 48 30 the

3448 4525 181 40 Eucalyptus,
3650 4537 37 21 no
3706 4533 104 27 matter
3835 4535 92 28 where
3946 4535 124 30 manufac-

3447 4565 90 33 tured,
3556 4576 47 19 are
3615 4567 94 33 crude,
3721 4569 128 29 resinous
3868 4572 62 31 oils,
3949 4572 140 38 irritating

3448 4602 55 29 and
3521 4602 154 40 blistering,
3693 4605 96 30 rather
3800 4609 116 37 causing
3929 4610 141 30 inflamma-

3448 4642 59 31 tion
3524 4642 70 32 than
3613 4645 112 38 staying
3742 4646 32 35 it,
3787 4647 56 31 and
3861 4649 33 29 of
3907 4649 58 31 real
3983 4650 106 39 danger

3448 4682 23 28 if
3485 4684 163 36 errcnously
3666 4685 112 37 applied
3794 4687 32 28 in
3843 4688 94 29 throat
3956 4690 131 33 diseases,

3448 4720 46 27 &c.

3483 4757 44 29 No
3547 4757 102 30 bottles
3666 4759 121 36 genuine
3801 4765 98 35 except
3916 4763 81 30 those
4017 4765 70 30 with

3448 4795 85 28 labels
3553 4795 116 37 bearing
3690 4807 51 19 our
3761 4798 143 37 signature
3928 4803 57 28 and
4009 4805 79 28 trade

3448 4833 90 36 mark,
3560 4835 57 29 and
3635 4836 114 30 secured
3768 4838 110 31 outside
3895 4840 68 31 with
3981 4850 18 22 a
4019 4842 69 38 pink

3450 4883 122 27 wrapper
3601 4875 57 28 and
3686 4885 84 26 green
3806 4877 84 34 band,
3927 4880 48 30 the
4005 4881 84 29 latter

3448 4910 113 38 bearing
3574 4921 50 20 our
3635 4913 119 28 location
3767 4915 57 28 and
3835 4916 152 37 signature.

3481 4949 158 32 Directions
3650 4955 42 26 tor
3702 4961 49 20 use
3763 4953 69 30 with
3845 4955 67 30 each
3925 4956 96 29 bottle.

2772 5018 150 66 JOB
2944 5019 461 70 PRINTING

2819 5369 120 49 Every
2964 5369 208 56 description
3197 5371 161 40 executed

2772 5667 633 81 ffclgellfhtttsdlte,

2894 5847 149 45 CLIFF
3078 5850 205 42 STREET.

3463 5040 242 33 SANDER
3745 5042 117 33 AND
3904 5045 163 35 SONS'

3608 5082 165 33 Sandhurst,
3785 5084 134 30 Victoria.

3490 5186 243 30 DUNCAN
3789 5188 242 40 M'LEAN,

3615 5240 100 37 Agent,
3725 5242 183 37 Greymouth.

3445 5325 76 52 1
3558 5325 73 52 to
3654 5326 93 51 -P.4-
3782 5338 52 28 per
3864 5329 36 31 dft
3900 5341 20 26 y
3954 5342 49 20 ma
4004 5343 20 27 y
4052 5334 18 29 h
4071 5345 16 18 *

3445 5357 87 28 Xt
3566 5357 65 28 UU
3650 5357 97 30 3J*
3776 5369 84 27 made
3880 5369 38 36 by
3929 5379 117 28 person
4058 5373 31 27 of

3444 5399 89 31 either
3544 5410 57 26 sex,
3613 5402 31 31 in
3656 5402 74 31 their
3742 5414 62 22 own
3817 5406 143 40 localities,
3968 5413 31 28 at
4008 5411 78 31 work

3445 5441 42 29 for
3507 5451 43 19 us.
3587 5442 69 30 New
3680 5443 137 32 business.
3853 5449 46 28 All
3919 5454 75 25 meet
4017 5452 69 28 with

3445 5479 152 30 wonderful
3610 5491 118 20 suecess.
3764 5485 65 39 Any
3841 5494 53 22 one
3912 5496 53 21 can
3984 5488 36 31 do
4038 5489 48 30 the

3445 5518 84 31 work.
3575 5520 109 39 Capital
3707 5526 50 27 not
3780 5526 136 36 required.
3952 5529 53 29 We
4028 5529 58 29 will

3446 5561 68 24 start
3525 5567 66 26 you.
3628 5560 89 28 Outfit
3730 5564 90 26 worth
3840 5565 38 27 1
3897 5566 106 28 mailed
4019 5566 67 28 free.

3445 5594 59 30 The
3517 5597 193 38 employment
3727 5599 24 29 is
3769 5601 182 41 particularly
3968 5603 119 41 adapted

3446 5637 28 28 to
3486 5635 48 31 the
3551 5638 96 37 region
3665 5640 31 28 in
3716 5640 94 30 which
3834 5642 58 30 this
3915 5644 170 37 publication

3446 5674 155 31 circulates.
3654 5677 76 36 Boys
3760 5679 56 29 and
3845 5681 67 36 girls
3941 5691 52 21 can
4018 5691 67 20 earn
