2550 4020
1244 30 99 30 THE

61 87 467 134 NEW
635 87 886 134 ZEALAND
1631 89 873 140 GAZETTE

1236 252 100 33 AND

604 474 223 37 PUBLISHED
875 475 132 36 EVERY
1051 474 259 37 WEDNESDAY
1354 475 90 36 AND
1491 475 230 36 SATURDAY
1766 475 207 36 MORNING.

2311 594 100 41 [Vol.
2432 595 48 31 11.

562 588 133 32 PORT
723 589 290 39 NICHOLSON,
1035 589 262 34 SATURDAY
1317 589 243 40 MORNING,
1582 594 272 32 NOVEMBER
1877 597 32 32 6,
1935 597 88 28 1841.

77 593 72 30 No..
164 592 65 38 87.]

2032 683 58 22 New
2104 684 101 23 Zealand
2222 686 136 28 Company's
2373 688 115 28 Principal

2177 712 96 27 Agent's
2288 714 78 26 OJhce,

2086 736 146 30 Wellington,
2245 740 97 22 October
2350 742 20 25 8,
2382 742 60 20 1841.

1923 762 41 23 T>
1973 762 75 28 ILLS,
2062 766 23 19 at
2101 764 69 27 thirty
2181 766 62 26 days'
2260 766 64 27 sight,
2341 767 76 22 drawn
2433 768 31 27 by
2474 768 38 22 the

1922 789 46 20 JLJ
1999 789 112 28 Principal
2126 792 77 26 Agent
2218 799 29 15 on
2258 792 38 22 the
2307 794 116 28 Secretary
2436 796 27 20 of
2473 796 38 20 the

1922 815 55 22 New
1992 816 103 23 Zealand
2111 818 123 28 Company,
2253 820 102 27 London,
2367 828 42 15 can
2425 821 28 22 be
2467 822 45 22 had

1921 849 28 14 on
1959 843 136 27 application
2105 848 23 17 at
2136 844 38 22 the
2184 845 71 22 above
2266 846 71 23 office.

2166 872 29 21 D.
2210 872 82 27 Lewis,

1922 926 16 4 _
2119 898 66 22 Clerk
2196 902 22 19 to
2229 899 38 22 the
2278 900 110 28 Principal
2398 901 83 27 Agent.

2152 943 243 27 Surveyor-General's
2403 945 78 28 Office,

2215 971 97 21 October
2320 973 34 24 26,
2367 973 60 21 1841.

1918 994 147 48 NOTICE
2098 995 27 22 IS
2159 996 129 23 HEREBY
2321 998 107 27 GIVEN,
2462 999 49 22 that

1999 1025 96 24 country
2104 1022 54 22 land
2168 1023 44 21 will
2223 1024 27 22 be
2262 1024 83 22 offered
2354 1025 35 22 for
2403 1025 107 24 selection

1918 1054 27 15 on
1957 1048 124 28 Thursday,
2093 1049 37 21 the
2142 1051 50 20 18th
2205 1051 135 22 November.

1945 1074 68 22 Plans
2022 1083 53 19 may
2089 1076 27 21 be
2126 1083 54 15 seen
2195 1080 23 18 at
2232 1077 44 23 this
2286 1078 71 22 Office
2367 1086 29 14 on
2408 1079 102 28 Monday

1917 1105 61 23 next,
1990 1102 45 22 and
2044 1102 115 28 following
2172 1103 63 28 days.

2128 1130 35 22 W.
2174 1131 32 21 M.
2219 1131 81 27 Smith,
2313 1132 62 27 Capt.
2386 1133 67 26 R.A.,

2252 1158 228 27 Surveyor-General.

2021 1201 55 20 For
2090 1201 69 24 Sale,
2177 1208 36 14 ex

1919 1232 92 49 ONE
2025 1233 105 23 hundred
2139 1235 45 22 and
2194 1236 77 27 eighty
2279 1236 54 28 bags
2343 1244 73 21 sugar,

1995 1261 14 21 7
2017 1260 55 27 bags
2081 1261 85 28 ginger,

1944 1287 27 20 36
1982 1286 54 23 coils
2045 1295 61 20 rope,

1945 1314 26 20 12
1981 1321 62 14 cases
2053 1314 118 28 furniture,

1944 1341 27 20 13
1981 1340 53 27 bags
2044 1349 60 20 sago,

1944 1366 119 29 Nutmegs,
2075 1375 66 21 sugar
2151 1369 81 28 candy,

1945 1394 85 26 Gunny
2038 1395 60 27 bags,
2106 1396 103 28 oatmeal,

1944 1420 43 22 Tin
1996 1421 78 28 plates,
2088 1424 9 19 1
2106 1430 12 14 c
2128 1424 45 20 and
2184 1425 10 20 1
2203 1431 23 20 x,

1944 1447 89 22 Bottled
2044 1448 84 28 sherry,

1944 1474 123 23 Preserved
2076 1479 79 19 meats.

2248 1504 82 23 Waitt
2341 1505 46 22 and
2395 1505 84 23 Tyser.

2039 1547 72 21 Well
2121 1550 137 20 seasoned
2267 1550 117 21 Timber.

1917 1579 145 48 WAITT
2080 1581 68 22 AND
2171 1582 100 22 TYSER
2292 1591 36 14 are
2352 1584 109 27 prepared
2484 1587 25 18 to

2000 1607 80 27 supply
2096 1615 45 19 any
2151 1610 104 26 quantity
2265 1610 26 21 of
2301 1610 49 21 well
2368 1614 35 18 cut
2420 1611 87 27 timber,

1917 1633 94 22 suitable
2021 1635 36 20 for
2067 1642 66 20 every
2142 1643 96 19 purpose
2248 1637 26 21 of
2284 1636 108 29 building,
2403 1638 41 22 &c.

1945 1660 146 28 Wellington,
2102 1662 130 27 September
2241 1664 34 25 29,
2286 1665 61 20 1641.

2031 1707 42 19 On
2083 1707 71 25 Sale,
2163 1713 36 15 ex
2208 1709 46 21 the

1917 1739 51 48 A
1982 1739 82 22 CASK
2073 1740 25 21 of
2104 1741 100 22 assorted
2214 1741 102 23 tin-ware
2325 1742 123 28 consisting
2457 1742 23 23 of
2480 1754 29 5 —

2016 1770 105 24 tea-pots,
2146 1771 36 18 tea
2205 1768 88 28 kettles,
2318 1777 130 20 saucepans,
2473 1770 34 22 tin

1917 1792 68 23 bowls
1994 1793 44 22 and
2053 1793 81 28 basins,
2145 1797 38 20 tea
2197 1796 130 27 cannisters,
2339 1796 32 22 tin
2389 1797 44 21 and
2448 1796 59 23 horn

1915 1820 107 26 lanterns,
2046 1827 66 21 camp
2142 1821 87 28 kettles,
2253 1822 102 28 pudding
2376 1831 64 19 pans,
2464 1824 43 21 fish

1916 1846 88 28 kettles,
2015 1850 97 24 tureens,
2123 1848 33 21 tin
2175 1849 64 27 pails,
2254 1856 83 21 covers,
2349 1850 156 28 candlesticks,

1915 1873 78 28 lamps,
2004 1874 96 28 funnels,
2113 1875 40 22 &c.
2164 1876 42 21 &c.

2279 1903 112 23 William
2405 1904 74 22 Lyon.

1944 1927 97 22 October
2050 1929 34 26 29,
2096 1930 60 20 1841.

1987 1972 40 20 On
2048 1973 70 25 Sale,
2133 1980 37 14 ex
2183 1974 45 21 the

1921 2005 360 34 QUPERlOß'Campbeiltown

1919 2029 33 25 K3
1984 2032 108 27 Ayrshire
2103 2033 103 26 oatmeal,

1944 2059 132 27 Edinburgh
2086 2059 85 22 bottled
2182 2060 43 22 ale.

2278 2088 113 22 William
2404 2088 74 23 Lyon.

1944 2112 85 22 Corner
2038 2112 27 21 of
2072 2113 152 22 Willis-street
2233 2114 45 22 and
2288 2114 189 28 Lambton-quay.

2025 2140 99 21 October
2133 2142 34 25 26,
2180 2142 62 21 1841.

1980 2186 42 20 On
2036 2186 70 25 Sale,
2123 2192 35 15 ex
2173 2187 46 21 the

1921 2220 41 20 r^i
1973 2219 174 22 LENGARRY
2160 2220 105 28 bonnets,

1921 2243 52 24 \JT
2000 2246 56 21 Clan
2067 2246 84 22 Tartan
2159 2247 80 28 plaids,

1945 2273 117 27 Shepherd
2072 2274 80 26 plaids,

1945 2300 133 27 Edinburgh
2088 2300 44 22 and
2143 2300 88 28 Paisley
2241 2301 86 28 shawls,

1944 2326 90 28 Turkey
2044 2327 42 22 red
2095 2328 174 22 handkerchiefs
2281 2329 45 22 and
2335 2328 89 29 shawls,

1945 2354 36 21 De
1991 2354 76 26 Lams,
2079 2354 77 27 prints,
2168 2362 14 14 a
2191 2358 64 24 great
2264 2356 92 28 variety,

1944 2380 122 23 Aberdeen
2077 2382 96 26 hosiery.

2279 2409 112 23 William
2406 2411 73 22 Lyon.

2144 2454 53 20 For
2211 2454 70 26 Sale,

1918 2488 92 33 rjIHE
2024 2487 70 22 Hotel
2108 2487 44 22 and
2163 2487 159 23 Public-house
2331 2488 84 24 known
2432 2497 25 15 as
2472 2490 38 23 the

1924 2510 30 27 JL
1992 2515 50 21 Rob
2058 2515 56 27 Roy,
2126 2518 25 17 at
2159 2514 136 28 Wanganui,
2305 2516 39 21 the
2354 2521 90 22 present
2459 2525 50 20 pro-

1917 2543 82 26 prietor
2015 2542 67 26 being
2098 2542 68 21 about
2182 2545 22 18 to
2222 2542 124 28 relinquish
2365 2543 101 23 business
2484 2545 25 22 in

1917 2570 79 21 favour
2006 2570 25 20 of
2043 2568 143 27 agricultural
2192 2569 104 26 pursuits.
2325 2570 45 21 For
2379 2570 70 27 panic
2459 2570 53 23 ilars

1917 2596 68 28 apply
1995 2600 22 17 to
2027 2596 46 21 Mr.
2090 2596 61 21 John
2161 2596 25 21 M
2198 2596 94 26 Gregor,
2303 2596 135 29 Wanganui,
2451 2605 25 15 or
2486 2601 23 19 to

1918 2624 87 21 Waters
2013 2623 47 22 and
2069 2622 79 28 Smith,
2158 2622 147 28 Wellington.

1919 2667 163 50 BARLEY,
2098 2667 47 23 and
2156 2667 79 28 barley
2245 2668 46 22 and
2306 2668 74 22 wheat
2396 2672 66 20 straw
2474 2670 18 22 fi
2499 2677 13 15 r

1995 2695 55 21 sale.

2311 2723 76 22 James
2401 2723 81 23 Watt.

1947 2749 151 27 Berhampore
2111 2749 73 26 Farm,
2197 2749 50 21 Oct.
2258 2751 34 24 28,
2304 2751 61 20 1841.

2163 2796 106 21 Bricks.

1921 2829 141 50 BRICKS
2073 2837 28 14 on
2112 2830 46 22 sale
2168 2830 30 27 by
2208 2830 38 22 the
2256 2830 157 28 undersigned,
2429 2835 24 19 at
2466 2834 46 20 60s.

1996 2864 40 20 per
2047 2858 62 20 1000.

1946 2885 79 21 Terms
2026 2895 29 4 —
2057 2884 57 22 Cash
2124 2892 30 14 on
2164 2884 100 28 delivery
2274 2887 23 19 at
2305 2884 39 22 the
2353 2885 55 22 kiln.

2330 2913 31 21 A.
2377 2912 108 23 Ludlam.

1948 2938 158 26 Willis-street,
2117 2937 51 23 29th
2180 2938 106 22 October.

1924 2982 71 49 ON
2006 2982 85 27 SALE,
2104 2990 28 14 ex
2140 2984 59 19 Arab
2210 2984 45 21 and
2264 2984 82 20 Amelia
2358 2985 123 26 Thompson'.
2483 2996 30 5 —

1999 3010 78 26 50,000
2086 3010 80 22 bricks.

2004 3037 27 20 20
2041 3036 64 22 hhds.
2116 3036 62 23 lime.

1949 3063 22 22 A
1976 3064 104 26 quantity
2086 3063 26 22 of
2113 3063 88 22 battens
2205 3064 45 21 and
2254 3064 53 22 inch
2314 3064 71 23 board
2391 3065 122 28 (English.)

2006 3090 76 27 Apply
2091 3093 23 18 to
2292 3091 92 23 Willis'
2391 3093 44 21 and
2445 3094 40 21 Co.

2095 3137 43 19 Ex
2152 3137 46 20 the

1924 3169 108 49 POTS,
2043 3169 88 28 kettles,
2142 3177 130 21 saucepans,
2284 3171 44 22 and
2338 3179 68 21 every
2417 3172 99 29 descrip-

1996 3197 48 21 tion
2055 3196 26 21 of
2088 3196 96 28 cooking
2192 3198 102 21 utensils.

1951 3223 72 27 Guns,
2034 3223 82 22 double
2130 3224 45 21 and
2191 3224 72 28 single
2278 3225 81 28 barrel,
2370 3226 95 23 suitable
2478 3227 37 22 for

1923 3251 76 22 native
2009 3250 70 22 trade.

2056 3283 124 28 Wallace,
2195 3284 93 29 White,
2304 3286 45 22 and
2363 3287 125 22 Wallace.

2137 3330 69 20 Seed
2225 3330 77 21 Peas.

1926 3363 91 35 npHE
2034 3363 152 27 undersigned
2195 3363 41 23 has
2246 3372 14 14 a
2270 3365 103 28 quantity
2384 3366 26 22 of
2415 3367 103 26 superior

1933 3386 29 26 A
2008 3390 54 22 blue
2078 3390 52 22 seed
2147 3398 53 19 peas
2215 3391 35 22 for
2269 3391 52 28 sale,
2337 3400 78 19 grown
2434 3393 25 22 in
2478 3393 39 22 the

1925 3418 74 27 valley
2007 3418 25 20 of
2039 3417 39 21 the
2088 3417 59 21 Hutt
2156 3417 31 28 by
2195 3417 37 23 the
2243 3418 45 23 late
2298 3419 45 23 Mr.
2354 3420 81 22 Eaton.

1926 3452 13 14 a
1947 3445 104 27 quantity
2061 3443 27 23 of
2096 3444 75 22 radish
2181 3445 60 23 seed.

2302 3473 26 22 E.
2344 3473 144 22 Catchpool.

1952 3497 188 23 Dickson-street.

2067 3543 39 20 To
2121 3543 252 26 Agriculturalists.

1938 3576 78 22 li^Oß
2025 3576 87 26 SALE,
2121 3583 13 14 a
2142 3576 65 22 small
2215 3577 104 27 quantity
2325 3577 27 21 of
2357 3584 55 21 very
2419 3577 100 28 superior

1928 3598 33 26 JD
2001 3602 53 22 seed
2064 3602 80 28 wheat,
2155 3603 46 22 also
2213 3611 13 14 a
2236 3603 66 22 small
2315 3605 104 26 quantity
2429 3603 26 23 of
2465 3605 54 21 seed

1926 3629 77 27 barley
2013 3629 94 22 without
2116 3630 66 27 husk,
2193 3630 54 22 both
2258 3638 75 17 grown
2350 3630 24 22 in
2392 3630 37 22 the
2443 3631 76 27 valley

1928 3657 21 21 of
1964 3656 37 21 the
2011 3656 67 26 Hutt,
2090 3656 46 22 and
2145 3656 126 22 warranted
2281 3657 25 21 of
2317 3657 38 22 the
2365 3657 48 22 first
2424 3657 95 28 quality.

1928 3683 43 21 £ox
1980 3683 140 28 particulars,
2133 3683 66 28 apply
2210 3687 23 18 to

2092 3711 24 21 C.
2128 3711 26 21 E.
2165 3711 52 21 Yon
2228 3711 117 26 Alzdorf,
2361 3710 87 23 Petoni.

2122 3751 59 25 £20
2196 3755 125 21 Reward.

1930 3788 91 49 THE
2031 3788 151 28 undersigned
2191 3788 45 22 will
2245 3788 51 27 give
2307 3788 37 22 the
2356 3789 71 22 above
2434 3789 87 22 reward

2004 3819 22 18 to
2036 3823 47 20 any
2093 3822 82 25 person
2191 3822 26 15 or
2232 3822 93 20 persons
2340 3815 52 22 who
2408 3816 45 21 will
2469 3816 52 27 givt}

1929 3841 54 22 such
1992 3842 145 22 information
2149 3849 23 14 as
2183 3842 44 22 will
2234 3842 54 21 lead
2301 3845 22 18 to
2338 3842 39 22 the
2392 3843 127 21 conviction

1930 3869 24 21 of
1965 3876 45 20 any
2020 3876 80 20 person
2112 3876 25 14 or
2145 3875 93 21 persons
2247 3868 135 29 feloniously
2390 3869 78 28 taking
2474 3870 45 22 and

1929 3896 81 27 killing
2019 3903 46 20 any
2075 3896 36 28 pig
2121 3903 26 15 or
2156 3896 49 28 pigs
2215 3895 101 23 branded
2325 3896 23 21 G
2358 3897 29 21 D.

2294 3923 97 23 George
2401 3923 91 23 Dcppa.

674 681 162 48 MESSRS.
852 681 86 22 JOHN
958 682 45 21 and
1025 682 127 22 GEORGE
1172 682 97 21 WADE

779 708 46 21 will
843 708 41 21 sell
905 709 30 26 by
957 709 77 27 public
1059 709 97 26 auction,
1183 712 24 18 at
1231 708 38 21 the

673 734 143 28 Wellington
836 735 123 27 Exchange
978 736 80 27 Room,
1077 743 30 14 on
1126 735 143 27 Wednesday

673 764 65 24 next,
747 761 38 22 the
797 761 52 22 10th
858 762 136 27 November,
1003 764 39 20 atl
1056 762 85 22 o'clock
1151 762 116 28 precisely,

672 796 29 13 ex
719 789 100 25 Matilda,
839 789 68 27 (after
924 789 38 22 the
978 789 108 27 choosing
1103 789 37 22 the
1159 789 113 27 Townjjof

673 815 151 29 Richmond,)

754 851 27 20 16
797 849 157 23 SUPERIOR
971 849 105 22 MILCH
1093 849 91 27 COWS,

670 877 15 20 4
695 876 27 22 of
728 876 74 22 which
811 876 59 22 have
881 876 73 22 calves
964 877 31 26 by
1004 876 57 22 their
1070 877 65 26 Bides,
1147 876 82 22 calved
1237 883 29 16 on

671 902 38 22 the
721 910 92 21 voyage,
824 905 14 19 6
854 903 46 21 will
915 903 63 22 calve
991 903 79 22 within
1086 903 101 22 fourteen
1204 903 61 27 days,

671 929 47 22 and
728 929 37 23 the
776 929 127 28 remaining
912 932 13 20 6
935 937 37 15 are
982 937 55 20 very
1046 929 96 22 forward
1151 930 24 21 in
1186 930 52 22 calf.

698 956 73 22 These
783 964 58 14 cows
850 964 58 14 were
917 956 99 22 selected
1026 956 53 22 with
1086 960 63 23 great
1157 964 52 14 care
1218 956 46 22 and

668 983 122 28 judgment
799 983 24 21 in
834 983 98 27 Sydney,
945 983 120 27 especially
1072 983 35 21 for
1117 983 43 22 this
1169 983 96 23 market.

698 1010 80 22 Terms
787 1010 87 27 liberal,
885 1010 66 22 made
961 1010 83 22 known
1055 1013 23 19 at
1088 1010 52 22 sale.

681 1090 5 5 #
698 1063 64 28 Also,
774 1070 30 15 ex
811 1064 108 27 Adelaide,
929 1064 59 22 from
1006 1064 90 22 Hobart
1109 1064 76 27 Town,
1202 1064 63 28 posi-

670 1090 71 34 tively
756 1091 96 21 without
867 1098 96 20 reserve,
983 1091 78 27 50,000
1079 1091 50 22 Van
1147 1091 118 22 Diaman's

671 1117 67 21 Land
747 1117 106 28 shingles,
863 1118 44 22 and
917 1125 13 14 a
941 1119 103 27 quantity
1054 1119 26 21 of
1086 1118 51 22 Van
1147 1118 118 22 Dieman's

672 1143 66 23 Land
747 1145 89 27 timber,
846 1145 122 27 consisting
978 1145 25 22 of
1007 1145 81 22 boards
1095 1145 43 22 and
1144 1145 119 27 scantling,

670 1171 28 21 fit
705 1171 35 22 for
747 1171 79 28 plates,
834 1172 88 27 rafters,
928 1172 73 27 joists,
1012 1180 25 14 or
1046 1172 107 28 uprights.

699 1198 48 22 The
758 1198 116 22 character
884 1199 26 21 of
921 1206 47 14 van
978 1199 117 22 Dieman's
1108 1198 64 22 Land
1182 1198 83 22 timber

670 1225 20 21 is
700 1228 38 18 too
747 1225 52 22 well
808 1225 83 23 known
901 1229 23 18 to
934 1227 88 26 require
1029 1229 120 19 comment.
1178 1225 23 22 It
1211 1232 54 21 may

670 1251 30 22 be
709 1252 51 22 well
771 1255 24 19 to
811 1255 57 19 state
886 1253 49 21 that
950 1253 38 21 the
1005 1253 99 27 shingles
1121 1260 36 15 are
1174 1252 91 22 Hobart

670 1279 78 26 Town,
759 1286 47 15 not
815 1279 144 22 Launceston
971 1279 97 28 shingles
1074 1288 6 14 :
1096 1280 44 22 and
1148 1279 49 22 that
1205 1279 60 22 their

672 1305 122 28 durability
802 1306 19 22 is
831 1307 61 27 quite
902 1307 66 26 equal
978 1309 23 19 to
1011 1301 70 27 metal
1091 1314 24 14 or
1127 1307 74 26 slates,
1218 1306 47 22 and

671 1340 37 14 are
719 1333 68 21 much
804 1340 63 15 more
882 1337 54 18 neat
950 1333 25 21 in
992 1340 137 21 appearance
1138 1342 5 19 ;
1159 1333 46 22 and
1215 1333 50 21 that

670 1359 39 22 the
719 1359 82 23 boards
807 1360 46 22 and
862 1360 130 27 quartering
1001 1368 38 14 are
1046 1360 125 23 unrivalled
1179 1360 32 27 by
1218 1367 45 20 any

672 1386 64 22 other
745 1387 82 22 timber
837 1387 49 22 that
902 1394 43 15 can
954 1387 29 22 be
999 1387 88 28 bought
1096 1391 23 19 at
1129 1387 40 22 this
1185 1387 79 28 period

670 1413 25 22 in
705 1413 38 22 the
757 1413 94 28 Colony.

700 1441 108 21 Terms—
808 1441 80 22 Under
908 1441 55 28 £20,
988 1440 65 29 cash;
1078 1441 70 21 above
1170 1440 57 27 £20,
1249 1441 14 21 3

670 1467 98 26 months,
782 1475 29 15 on
821 1468 115 27 approved
954 1468 109 22 endorsed
1074 1471 152 24 acceptances.

699 1494 147 28 Wellington,
858 1495 129 22 November
998 1497 19 25 1,
1028 1497 62 19 1841.

671 1533 163 55 Messrs!
851 1539 85 22 John
955 1540 47 21 and
1021 1539 126 22 george
1167 1539 96 22 wade

763 1573 39 14 are
811 1566 125 22 instructed
946 1570 22 18 to
980 1566 42 23 sell
1035 1566 32 28 by
1077 1566 96 26 auction,
1185 1569 24 18 at
1225 1566 38 21 the

670 1593 75 21 Stores
755 1593 27 22 of
794 1593 26 22 T.
832 1594 33 21 M.
877 1593 115 27 Partridge
1006 1593 46 22 and
1062 1594 46 26 Co.,
1120 1601 29 14 on
1159 1592 102 28 Monday

669 1622 64 24 next,
743 1623 24 18 at
782 1622 12 19 1
811 1620 94 28 o'clock,
916 1628 13 14 a
939 1620 77 23 varied
1032 1620 45 22 and
1096 1620 75 22 choice
1182 1623 82 18 assort-

669 1650 65 18 ment
752 1646 27 23 of
798 1647 112 27 groceries
931 1648 47 21 and
995 1647 164 27 merchandize,
1180 1654 83 20 among

670 1673 75 23 which
754 1674 47 21 will
809 1674 29 21 be
848 1674 71 22 found
919 1686 29 4 —

700 1700 104 28 Candles,
815 1708 62 20 soap,
888 1702 92 27 pickles,

699 1728 69 27 Meal,
781 1728 114 27 crockery,
910 1736 79 19 sieves,

699 1754 98 27 Raisins,
808 1755 71 27 paint,
889 1756 111 27 paint-oil,

699 1781 80 22 Porter
787 1782 25 21 in
821 1782 78 27 bottle,
910 1783 58 21 wine
977 1783 25 21 in
1010 1782 79 27 bottle,
1100 1782 40 22 &c.
1152 1782 40 22 &c.

700 1810 10 19 1
724 1808 112 22 excellent
845 1809 83 22 Bristol
938 1809 74 22 chain.

699 1835 80 22 Terms
787 1835 86 27 liberal,
884 1836 66 21 made
959 1836 84 22 known
1053 1839 24 18 at
1086 1835 52 22 sale.

672 1879 132 49 HORT,
820 1879 160 28 MOCATTA,
995 1881 46 21 and
1055 1881 52 21 Co's
1123 1880 76 28 public
1218 1880 47 22 sale

761 1907 27 21 of
806 1907 157 22 merchandize
980 1907 45 22 will
1043 1907 37 26 be,
1091 1907 122 23 continued
1234 1914 29 16 on

672 1933 105 27 Tuesday
787 1937 57 18 next
853 1937 26 18 at
888 1934 38 22 the
936 1934 131 27 Exchange.

820 1960 81 22 Lunch
911 1961 46 21 will
966 1961 28 21 be
1004 1961 115 26 provided.
1274 1971 2 10 :

672 2004 85 48 DR.
771 2003 97 22 INNES
877 2004 85 27 having
971 2003 135 23 established
1115 2004 94 22 himself
1219 2011 24 15 as
1254 2012 13 14 a
1274 1994 1 33 1

755 2031 110 26 Surgeon,
877 2038 28 14 on
918 2030 39 22 the
968 2031 65 26 Hutt,
1044 2031 19 21 is
1073 2031 97 26 residing
1183 2031 35 21 for
1229 2031 37 21 the

671 2060 91 23 present
771 2057 25 22 in
806 2057 40 22 the
855 2058 70 21 house
942 2058 27 21 of
978 2058 30 21 D.
1026 2057 124 28 Riddiford,
1165 2057 63 28 Esq.,
1243 2060 24 19 at

672 2084 125 27 Aglionby.

715 2111 31 22 At
755 2111 68 22 home
834 2118 68 21 every
911 2111 106 28 morning
1026 2110 60 23 until
1095 2112 26 20 12
1130 2110 95 23 o'clock.

672 2155 189 49 WILLIAM
875 2155 214 27 LUMSDENbegs
1098 2158 24 19 to
1129 2154 105 23 intimate
1243 2158 24 19 to

769 2182 39 23 the
816 2183 132 26 gentlemen
957 2183 26 22 of
994 2182 145 27 Wellington,
1150 2182 50 21 that
1208 2183 59 21 from

672 2216 13 15 a
693 2209 55 27 long
757 2210 109 27 practical
880 2210 132 27 experience
1025 2210 23 21 in
1065 2209 32 22 all
1112 2209 37 22 the
1164 2209 103 22 different

670 2236 113 22 branches
794 2236 26 22 of
831 2236 163 27 Horticulture,
1007 2237 24 22 in
1042 2236 38 21 the
1089 2236 110 28 principal
1209 2237 58 21 Gar-

672 2263 57 22 dens
747 2264 27 21 of
792 2263 107 27 England
913 2264 46 21 and
973 2263 114 27 Scotland,
1105 2263 26 22 he
1147 2263 76 22 would
1238 2264 29 22 be

671 2290 76 28 happy
757 2293 24 19 to
792 2290 80 23 tender
882 2290 34 22 his
925 2291 97 22 services
1028 2291 24 21 in
1062 2290 38 22 the
1109 2290 78 28 laying
1194 2293 40 19 out
1244 2291 26 22 of

670 2317 109 28 grounds,
790 2318 31 27 by
830 2320 103 20 contract
943 2325 24 15 or
976 2317 126 22 otherwise.

700 2345 43 22 For
759 2344 124 28 reference,
898 2345 76 27 please
989 2348 23 19 to
1029 2344 68 28 apply
1113 2347 23 20 to
1152 2344 28 23 R.
1198 2344 66 28 Park,

671 2372 67 21 Land
747 2372 121 27 Surveyor.

699 2399 59 21 N.B.
761 2409 26 5 —
788 2398 88 22 Flower
885 2398 44 22 and
949 2398 55 22 fruit
1011 2398 98 28 gardens
1124 2399 46 22 laid
1187 2401 40 20 out
1236 2406 29 14 on

670 2426 39 21 the
721 2429 59 19 most
790 2426 114 27 approved
911 2426 61 27 plan.

905 2471 127 25 Wanted,

671 2504 72 50 BY
757 2512 14 15 a
780 2511 78 21 young
874 2512 53 15 man
942 2504 51 22 who
1008 2511 42 16 can
1065 2504 30 23 be
1111 2504 50 23 well
1177 2512 87 15 recom-

749 2532 106 27 mended,
874 2539 13 14 a
903 2532 106 21 situation
1020 2539 23 14 as
1053 2531 142 29 storekeeper
1205 2539 26 15 or
1239 2539 25 15 as

671 2559 189 27 superintendant
874 2560 26 21 of
920 2566 14 14 a
951 2559 65 22 farm.
1055 2559 102 27 Security
1175 2567 43 14 can
1236 2560 28 21 be

670 2586 68 28 given
748 2586 21 22 if
780 2586 111 28 required.
921 2586 49 21 Has
980 2593 29 14 no
1021 2586 110 27 objection
1138 2589 22 18 to
1167 2586 98 26 proceed

672 2617 23 18 to
705 2621 45 19 any
761 2614 26 20 of
798 2614 39 20 the
848 2614 64 20 other
921 2612 130 22 setlements
1061 2613 25 21 in
1092 2612 55 23 New
1155 2613 108 22 Zealand.

672 2641 77 26 Apply
759 2644 24 18 at
793 2641 38 21 the
842 2640 64 22 office
917 2640 44 21 this
971 2647 75 20 paper.

703 2667 143 27 Wellington,
858 2667 130 22 November
997 2669 21 25 4,
1029 2667 62 22 1841.

874 2709 53 25 £10
942 2713 125 21 Reward.

671 2747 205 49 WHEREAS,
888 2754 29 14 on
933 2746 39 22 the
994 2746 36 22 ?rd
1042 2746 92 27 instant,
1145 2754 62 14 some
1216 2754 50 20 per-

763 2781 43 14 son
820 2781 26 14 or
866 2781 93 20 persons
975 2773 38 23 did
1030 2774 139 27 maliciously
1183 2774 83 22 wound

671 2800 55 22 with
734 2800 65 22 small
808 2800 52 22 shot
867 2801 38 27 (by
910 2800 73 22 which
993 2808 29 14 an
1030 2808 41 19 eye
1077 2808 45 14 was
1129 2800 136 28 destroyed,)

672 2835 14 14 a
709 2835 48 19 cow,
768 2827 135 28 -belonging
925 2829 23 19 to
971 2827 28 22 T.
1022 2827 36 22 W.
1079 2828 143 27 Tankersley,
1244 2831 24 18 at

673 2854 90 22 Petoni.

700 2881 54 22 This
763 2880 20 22 is
794 2883 22 19 to
826 2880 52 28 give
891 2880 83 28 notice,
990 2880 49 22 that
1053 2881 38 21 the
1102 2881 69 22 above
1182 2881 85 22 reward

673 2908 46 22 will
728 2908 27 21 be
764 2908 68 26 given
843 2911 23 17 to
876 2915 45 19 any
927 2915 82 20 person
1020 2915 25 14 or
1053 2916 99 19 persons,
1161 2908 50 22 who
1222 2908 45 22 will

672 2935 52 27 give
735 2934 56 22 such
806 2934 147 22 information
971 2941 24 15 as
1009 2935 46 21 will
1069 2935 53 22 lead
1136 2939 23 18 to
1175 2935 39 22 the
1225 2935 43 22 dis-

674 2968 83 20 covery
766 2962 28 20 of
804 2961 39 21 the
852 2961 89 27 parties.

957 2988 26 22 T.
999 2988 35 23 W.
1049 2989 164 27 Tankersley,

1153 3015 88 23 Petoni.

674 3042 146 27 Wellington,
831 3042 131 22 November
969 3043 21 26 4,
1002 3043 61 21 1841.

881 3088 38 20 To
936 3088 34 20 be
988 3087 76 26 Sold,

674 3121 84 50 NO.
782 3122 14 20 9
814 3120 61 28 right
893 3120 28 22 of
941 3120 77 22 choice
1037 3120 26 22 of
1084 3121 38 22 the
1141 3120 129 29 Wanganui

757 3148 94 27 district,
868 3147 46 22 and
929 3146 56 23 land
1003 3149 155 27 appertaining
1173 3149 94 25 thereto,

675 3182 25 14 as
717 3175 140 27 judiciously
874 3174 83 22 chosen
971 3174 31 27 by
1018 3182 14 14 a
1046 3175 99 22 resident
1162 3175 107 28 practical

674 3202 92 22 farmer.
795 3202 45 21 For
849 3204 68 18 terms
927 3201 68 27 apply
1002 3203 23 19 to
1034 3202 29 21 R.
1074 3202 28 22 R.
1113 3203 88 27 Strang.

703 3228 147 28 Wellington,
861 3228 130 21 November
999 3229 22 25 4,
1031 3230 62 20 1841.

715 3273 176 27 Wellington
906 3273 201 21 Horticultural
1121 3273 116 27 Society.

676 3308 53 48 A
742 3306 149 23 MEETING
900 3306 27 22 of
937 3306 38 22 the
985 3306 136 23 subscribers
1131 3307 45 22 and
1186 3306 84 23 friends

757 3334 27 21 of
795 3334 46 21 this
852 3334 96 26 Society,
960 3333 46 22 will
1021 3334 27 21 be
1059 3334 53 22 held
1128 3341 29 14 on
1168 3334 102 27 Monday

676 3363 63 25 next,
750 3360 132 23 November
891 3360 38 22 the
947 3360 45 28 Bth,
1005 3363 22 19 at
1039 3361 108 22 Barrett's
1159 3361 78 27 Hotel,
1248 3363 24 19 at

812 3386 14 23 7
836 3387 86 22 o'clock
932 3387 24 22 in
967 3387 38 22 the
1015 3388 97 27 evening
1114 3399 26 4 —

705 3421 67 22 COL.
788 3421 202 27 WAKEFIELD,
1006 3421 36 22 IN
1056 3421 65 22 THE
1135 3421 109 22 CHAIR.

677 3455 104 22 Amount
790 3454 26 22 of
827 3454 121 22 donations
957 3457 23 19 to
990 3454 43 22 this
1043 3455 52 21 date
1118 3470 5 6 .
1130 3470 6 5 .
1150 3456 48 21 £26
1226 3456 44 20 10s.

677 3482 104 22 Amount
792 3482 26 21 of
828 3481 162 28 subscriptions
1148 3482 48 22 £20
1225 3483 45 20 10s.

705 3508 167 28 Subscriptions
887 3508 103 22 received
1005 3508 30 28 by
1050 3509 42 21 Dr.
1109 3509 161 22 Featherstone

679 3536 46 22 and
735 3536 27 22 R.
775 3536 86 27 Stokes,
873 3535 53 28 Esq.

705 3562 131 22 November
847 3564 18 25 1,
877 3563 62 21 1841.

677 3610 52 46 A
757 3607 134 27 HEWITT,
903 3607 161 26 Fishmonger,
1077 3607 111 23 Lambton
1197 3608 72 25 Quay,

734 3645 9 11 •
761 3633 147 28 Wellington,
915 3637 90 19 returns
1014 3633 35 23 his
1059 3634 85 22 sincere
1155 3633 83 23 thanks
1248 3636 22 18 to

677 3661 38 22 the
734 3661 140 22 inhabitants
893 3661 26 21 of
940 3660 44 23 this
1004 3661 86 28 Colony
1106 3661 34 21 for
1159 3661 38 21 the
1215 3667 55 20 very

675 3689 81 21 liberal
775 3691 93 24 support
884 3687 28 23 he
926 3687 42 23 has
984 3687 98 23 hitherto
1097 3687 110 26 received,
1226 3686 44 22 and

677 3715 55 28 begs
741 3718 23 19 to
773 3715 85 21 inform
868 3715 61 21 them
940 3714 48 22 that
1004 3715 26 21 he
1040 3715 41 21 has
1090 3714 65 22 made
1164 3720 106 21 arrange-

676 3745 75 19 ments
766 3741 37 22 for
821 3749 14 14 a
849 3744 105 20 constant
970 3741 81 28 supply
1069 3741 27 21 of
1115 3741 37 22 the
1171 3741 100 21 choicest

676 3769 105 22 varieties
790 3768 26 22 of
827 3768 50 27 fish,
894 3768 74 22 which
985 3769 28 20 he
1030 3768 138 27 confidently
1183 3774 87 14 recom-

676 3795 81 22 mends
766 3798 23 18 to
800 3795 38 21 the
848 3795 75 24 public
932 3802 25 14 as
962 3795 70 26 being
1039 3795 26 21 of
1075 3795 39 21 the
1121 3795 48 21 best
1175 3793 94 28 quality.

705 3822 83 22 Orders
797 3822 35 21 for
842 3821 106 28 snipping
955 3821 111 28 received,
1082 3821 45 22 and
1135 3817 135 31 punctually

676 3848 109 23 attended
795 3851 30 19 to.

833 3881 100 15 OYSTERS
948 3881 72 14 FRESH
1035 3881 87 19 DAILY.,

703 3901 64 27 Also,
780 3908 14 14 a
802 3901 82 28 supply
893 3901 26 21 of
934 3900 128 28 vegetables
1079 3899 59 24 fresh
1152 3900 59 22 from
1230 3900 37 22 the

675 3928 86 27 garden
771 3927 70 28 daily.

47 686 86 23 FIRST
148 685 73 22 STEP
235 684 42 22 TO
299 682 279 23 INDEPENDENCE—
578 681 63 22 BUY

99 712 88 23 LAND
202 711 69 22 AND
290 710 99 22 BUILD
409 710 89 21 YOUR
510 709 74 22 OWN

283 737 114 22 HOUSE.

199 773 111 26 Village
321 772 31 20 of
363 771 123 25 Rhodes,

47 808 83 22 Within
140 813 44 16 one
193 806 54 22 mile
257 806 27 21 of
295 805 39 22 the
344 805 112 27 township
467 808 23 19 &t
504 804 135 28 Wanganui,

72 836 24 21 in
107 834 38 22 the
155 836 77 19 centre
250 833 27 21 of
286 832 40 22 the
341 832 51 22 best
407 832 56 22 land
478 832 25 21 in
516 831 50 22 that
581 832 60 21 cele-

72 861 78 23 brated
166 860 92 26 district,
274 859 55 22 with
346 867 13 14 a
374 859 105 27 frontage
496 862 22 17 to
532 858 38 22 the
587 858 54 28 only

70 889 123 27 important
201 886 45 22 and
254 886 138 28 practicable
402 886 56 21 road
467 889 22 18 to
500 885 38 22 the
547 886 94 21 interior

73 916 26 22 of
115 915 38 21 the
169 917 103 23 country,
288 913 47 22 and
353 912 79 23 within
448 920 15 14 a
478 915 91 25 quarter
583 913 26 21 of
627 919 14 15 a

270 940 59 22 mile,
334 940 28 21 of
371 940 40 21 the

188 973 183 23 WANGANUI
387 973 107 22 RIVER.

47 1008 158 52 MESSRS.
216 1007 86 22 JOHN
316 1007 69 22 AND
401 1006 130 23 GEORGE
545 1006 96 23 WADE

122 1036 57 22 have
197 1034 104 22 received
318 1034 146 21 instructions
479 1037 23 18 to
519 1033 83 22 submit
618 1036 22 19 to

45 1064 73 28 public
136 1062 156 27 competition,
305 1063 24 20 at
348 1060 37 22 the
404 1060 123 27 Exchange
547 1060 92 27 Rooms,

46 1093 30 21 Te
91 1091 53 25 Aro,
160 1097 29 13 on
203 1088 157 26 Wednesday,
379 1087 39 22 the
433 1087 54 22 17th
502 1087 137 27 November,

45 1123 22 18 at
77 1120 10 20 1
103 1116 86 23 o'clock
204 1115 118 28 precisely,
333 1114 38 22 the
388 1114 73 23 whole
477 1114 26 22 of
514 1114 38 22 the
569 1114 71 23 above

251 1148 174 27 PROPERTY,

45 1184 93 25 situated
148 1191 30 14 on
188 1183 38 21 the
236 1187 47 17 east
300 1182 62 22 bank
380 1182 27 22 of
418 1182 38 22 the
474 1182 65 27 river,
550 1181 46 22 and
605 1189 36 14 re-

46 1211 146 25 commended
200 1210 30 28 by
239 1210 88 21 several
336 1210 132 27 gentlemen
477 1209 56 27 long
541 1208 101 22 resident

46 1244 21 19 at
76 1239 46 23 and.
130 1237 51 24 well
191 1237 137 28 acquainted
337 1236 53 22 with
408 1236 38 22 the
464 1236 93 28 district,
568 1243 24 15 as
602 1236 38 21 the

262 1264 56 27 only
332 1264 89 27 eligible

166 1298 67 23 SITE
249 1298 64 22 FOR
327 1298 23 21 A
363 1297 153 22 VILLAGE.

45 1335 69 22 These
124 1333 129 22 allotments
265 1332 59 21 have
334 1331 59 22 been
403 1331 47 22 laid
466 1333 39 19 out
514 1330 55 22 with
577 1333 65 24 great

45 1365 54 19 taste
112 1361 31 27 by
159 1361 28 21 R.
207 1359 67 26 Park,
293 1359 62 27 Esq.,
371 1358 55 22 with
442 1366 14 14 a
471 1365 89 15 reserve
576 1358 36 22 for
628 1364 14 15 a

251 1393 177 27 TOWNSHIP,

78 1429 100 28 fronting
196 1428 38 22 the
253 1431 66 24 great
336 1427 56 28 high
409 1427 58 22 road
487 1427 60 23 from
566 1427 38 22 the

183 1462 184 22 WANGANUI
384 1462 109 27 RIVER,

44 1502 22 19 to
76 1498 37 22 the
123 1498 109 22 immense
241 1496 97 28 grazing
347 1495 98 23 districts
451 1496 25 22 in
482 1495 38 22 the
529 1495 94 22 interior
631 1503 6 20 ;

45 1534 23 15 so
77 1533 24 15 as
110 1528 22 19 to
140 1524 66 22 allow
219 1527 23 18 to
258 1523 55 22 each
324 1523 43 21 five
378 1530 63 14 acres
450 1523 25 21 in
485 1523 37 21 the
533 1523 82 26 village
625 1530 14 14 a

117 1554 89 26 quarter
215 1551 27 22 of
253 1558 29 14 an
293 1558 52 13 acre
355 1550 24 21 in
388 1550 39 21 the
437 1554 68 23 town,
515 1549 56 22 with

47 1587 108 15 RESERVES
176 1585 42 15 FOR
240 1585 15 14 A
279 1584 102 20 CHURCH,
401 1584 135 15 PARSONAGE
556 1584 82 19 HOUSE,

117 1606 94 21 MARKET
221 1612 80 19 PLACE,
314 1611 46 14 AND
371 1611 82 14 PUBLIC
465 1611 95 16 SQUARE.

44 1633 46 22 The
101 1632 65 23 order
175 1632 27 21 of
211 1632 78 21 choice
298 1631 26 21 in
341 1631 38 21 the
397 1634 62 18 town
474 1631 44 22 will
527 1631 30 20 be
567 1630 73 21 deter-

46 1660 74 23 mined
133 1660 32 26 by
178 1659 95 27 priority
290 1658 27 21 of
332 1657 110 28 purchase
457 1658 24 21 in
498 1658 36 21 the
548 1657 90 27 village,

46 1688 35 21 the
90 1688 72 26 buyer
171 1686 27 22 of
207 1686 39 21 the
256 1686 50 21 first
314 1685 83 27 village
406 1685 34 21 lot
448 1685 86 26 having
543 1685 38 21 the
592 1685 49 21 first

166 1712 76 24 choice
252 1712 25 22 in
287 1712 40 21 the
337 1714 68 19 town.
433 1712 35 21 To
477 1711 38 22 the

190 1745 159 23 WORKING
361 1745 139 27 CLASSES,

46 1782 48 23 who
111 1781 83 22 almost
213 1779 128 27 invariably
360 1779 69 22 suffer
453 1782 64 24 great
533 1779 108 22 inconve-

47 1810 89 21 niences
155 1808 58 21 from
233 1807 39 22 the
291 1806 57 28 high,
364 1806 73 28 prices
456 1806 27 22 of
499 1805 55 22 land
554 1817 27 5 —
581 1806 19 21 it
618 1809 23 18 at

47 1844 56 15 once
126 1838 101 26 presents
252 1841 30 14 an
304 1833 147 28 opportunity
477 1832 26 22 of
520 1833 121 27 becoming

291 1860 103 28 speedily

228 1893 232 23 INDEPENDENT

44 1932 25 21 of
77 1930 37 23 the
124 1930 55 28 high
187 1932 64 20 rents
259 1932 23 18 to
293 1928 73 22 which
375 1927 54 28 they
435 1928 46 21 will
487 1927 28 22 be
524 1927 117 28 subjected

44 1959 30 27 by
89 1958 59 21 their
157 1956 116 23 wealthier
286 1954 145 28 neighbours,
448 1954 22 22 if
480 1954 54 27 they
551 1955 91 26 neglect

44 1989 5 8 '
52 1986 42 19 M«-
98 1985 51 21 sale-
155 1984 43 26 o£J
202 1983 44 22 and
254 1982 122 27 p'.irpo?»»ly
392 1981 79 27 placed
488 1981 78 22 within
583 1981 58 22 their

48 2010 3 5 '
301 2007 77 22 reach.

122 2036 49 23 The
177 2035 150 23 Auctioneers
336 2033 75 22 would
420 2033 89 22 remind
520 2033 39 22 the

83 2068 186 25 CAPITALIST
293 2067 69 22 AND
388 2067 210 28 SPECULATOR,

43 2106 48 21 that
107 2104 38 22 the
161 2102 194 23 communication
375 2101 70 22 about
463 2104 23 19 to
503 2102 30 21 be
553 2101 88 27 opened

44 2132 52 22 with
111 2131 30 22 all
157 2130 39 23 the
212 2129 141 22 settlements
367 2128 28 22 of
412 2128 38 22 the
467 2128 56 23 New
540 2128 101 23 Zealand

192 2157 126 27 Company,
328 2156 31 27 by
369 2163 79 14 means
458 2155 27 22 of

255 2189 173 28 STEAMERS,

91 2226 103 28 together
202 2224 54 23 with
266 2224 38 22 the
315 2224 46 22 fact
370 2224 51 22 that
429 2223 40 23 the
479 2223 104 29 splendid

181 2259 130 24 BARQUE
324 2259 178 26 CLYDESIDE,

44 2295 25 21 of
75 2295 39 21 250
126 2296 56 24 tons,
193 2293 18 21 is
221 2293 70 21 about
301 2295 24 19 to
334 2293 28 21 be
369 2292 49 22 laid
425 2300 29 14 on
462 2293 31 27 by
500 2292 41 22 her
548 2292 92 28 spirited

44 2329 80 17 owner,
134 2321 31 21 K.
176 2320 137 27 Mathieson,
325 2320 62 27 Esq.,
394 2327 25 15 as
427 2327 14 14 a
450 2323 106 19 constant
566 2319 74 22 trader

46 2352 22 18 to
77 2349 36 21 the
124 2347 130 25 Australian
265 2346 107 27 colonies,
383 2347 36 21 for
428 2346 39 23 the
484 2353 90 20 express
587 2354 54 19 pur-

46 2382 50 20 pose
115 2369 27 28 of
160 2373 124 29 importing
308 2373 69 23 cattle
401 2377 23 18 to
447 2374 40 21 the
510 2373 130 27 Wanganui

45 2403 88 26 district,
145 2401 50 22 that
204 2401 37 22 the
252 2408 63 15 same
331 2400 135 28 gentleman
475 2400 108 28 proceeds
592 2401 24 21 in
627 2408 13 14 a

44 2429 41 22 few
95 2429 53 27 days
157 2429 24 21 in
191 2428 38 22 the
243 2435 63 15 same
323 2427 74 23 vessel
411 2431 23 18 to
451 2427 64 23 settle
531 2427 78 22 within
627 2434 14 15 a

46 2456 60 22 short
113 2456 98 22 distance
221 2455 28 22 of
258 2455 40 21 the
313 2455 43 21 site
373 2455 27 21 of
411 2455 38 21 the
465 2454 90 28 village,
566 2454 74 22 where

185 2483 30 21 he
223 2481 94 23 intends
326 2485 24 19 to
360 2489 133 15 commence

214 2516 249 23 SHIP-BUILDING

45 2560 28 14 on
83 2558 14 16 a
105 2551 59 23 icale
175 2551 99 23 hitherto
289 2550 120 23 unknown
425 2550 24 22 in
467 2549 38 23 the
519 2549 88 29 Colony
618 2550 26 22 of

213 2584 74 23 NEW
302 2584 163 26 ZEALAND,

45 2619 43 22 and
103 2619 47 22 that
167 2619 38 22 the
220 2619 95 27 general
336 2621 134 19 movement
486 2618 61 26 (now
561 2618 80 27 taking

45 2654 14 41 slace)5
59 2647 56 26 lace)
133 2647 26 21 of
177 2646 29 22 all
222 2646 39 21 the
277 2646 49 21 real
343 2645 186 27 agriculturalists
551 2648 23 19 to
592 2645 49 22 that

61 2674 74 27 istrict,
152 2676 61 19 must
225 2673 127 28 inevitably
360 2673 103 21 increase
479 2673 38 21 the
533 2673 68 22 value
618 2673 26 21 of

105 2700 62 27 land,
177 2699 98 24 situated
282 2708 27 14 as
317 2701 63 21 these
390 2699 130 23 allotments
529 2707 46 20 are,

228 2735 40 21 100
284 2734 63 22 PER
360 2734 89 22 CENT.

45 2761 33 28 By
87 2760 39 23 the
133 2761 45 22 last
192 2761 92 22 arrivals
300 2761 60 22 from
376 2761 69 22 home
460 2768 34 15 we
509 2761 65 21 learn
591 2761 51 22 that

196 2788 38 22 the
244 2791 174 24 arrangements
427 2788 36 21 for
473 2795 14 14 a

120 2822 77 22 LINE
211 2822 40 21 OF
267 2821 111 23 LARGE
392 2821 166 22 STEAMERS

44 2855 57 23 from
115 2855 106 28 England
236 2855 32 27 by
277 2855 40 22 the
328 2855 100 21 Isthmus
445 2855 27 21 of
483 2855 100 21 Panama
596 2854 46 22 and

44 2883 36 23 the
90 2883 84 23 Pacific
183 2886 23 18 to
221 2882 59 22 New
294 2881 110 27 Zealand,
416 2888 59 14 were
491 2881 80 28 nearly
581 2889 61 14 com-

230 2908 86 28 pleted,
327 2908 46 22 and
382 2915 24 15 as
417 2908 38 22 the

148 2942 183 23 WANGANUI
347 2941 189 22 COAL-FIELD

44 2977 18 23 is
71 2977 39 23 the
125 2979 60 20 most
202 2976 117 22 extensive
336 2975 25 22 in
378 2975 40 22 the
435 2975 95 27 vicinity
548 2975 26 22 of
588 2975 55 23 Port

46 3004 131 27 Nicholson,
185 3003 64 23 there
260 3010 43 16 can
312 3003 29 22 be
352 3010 29 14 no
390 3002 71 22 doubt
468 3002 49 22 that
526 3002 39 22 the
573 3003 70 21 Wan-

46 3032 67 27 ganui
127 3031 71 23 River
208 3030 47 22 will
270 3030 30 22 be
317 3029 122 28 appointed
456 3037 24 14 as
496 3036 12 15 a
525 3029 67 28 depot
606 3030 37 22 for

186 3057 48 23 fuel
244 3065 29 14 on
283 3057 60 22 their
352 3059 66 19 route
427 3059 23 19 to
461 3056 39 22 the

150 3091 207 23 AUSTRALIAN
373 3090 163 23 COLONIES.

49 3119 148 22 Information
204 3118 40 23 has
253 3118 60 23 been
321 3118 106 22 received
434 3118 33 27 by
473 3118 86 28 private
567 3118 77 23 letters

275 3144 4 4 '
291 3146 52 21 that
357 3145 39 22 the

85 3179 73 23 NEW
173 3179 153 22 ZEALAND
343 3178 88 22 LOAN
447 3178 156 24 COMPANY

47 3213 44 22 will
100 3212 270 28 commence.operations
379 3212 25 23 in
419 3212 30 23 all
460 3212 109 28 January,
582 3214 61 21 1842.

47 3247 78 22 Terms
126 3259 27 4 —
153 3249 27 20 10
190 3254 40 21 per
240 3250 60 19 cent,
309 3247 88 27 deposit
406 3254 30 14 on
446 3247 31 21 all
484 3247 120 28 purchases
614 3247 30 28 by

48 3281 14 15 a
69 3275 136 27 promissory
212 3276 55 20 note
277 3276 24 20 at
310 3281 45 15 one
371 3273 89 28 month,
468 3274 38 22 the
514 3274 90 22 residue
613 3274 31 27 by

49 3301 110 28 approved
176 3301 111 22 endorsed
304 3304 156 23 acceptances,
475 3301 96 27 varying
586 3301 58 22 from

48 3329 13 20 3
76 3329 90 22 months
183 3332 24 19 to
220 3330 15 21 2
238 3325 5 12 )
247 3336 16 19 y
265 3335 48 15 ears
315 3344 6 5 -
350 3329 45 20 For
410 3327 89 22 further
512 3328 133 28 particulars

253 3363 37 14 see
300 3355 133 22 hand-bills.

122 3388 106 23 LUNCH
242 3388 85 23 WILL
341 3389 41 21 BE
397 3388 173 22 PROVIDED.

49 3413 143 30 Wellington,
203 3416 132 22 November
343 3417 20 26 5,
375 3417 62 20 1841.

176 3461 110 27 Village
308 3461 31 21 of
352 3461 164 21 Richmond.

293 3497 24 19 at
327 3494 37 22 the
383 3494 47 22 sale
446 3494 28 22 of
490 3494 54 22 land
564 3494 25 22 of
607 3494 38 22 the

51 3519 27 22 JL
121 3520 87 28 Village
218 3522 27 21 of
256 3521 137 27 Richmond,
406 3529 29 14 on
446 3521 38 22 the
493 3522 54 22 29th
562 3521 44 27 day
621 3522 27 21 of

51 3546 101 29 October,
175 3555 37 15 are
237 3548 122 28 requested
387 3551 22 18 to
428 3551 63 19 meet
509 3552 25 18 at
553 3549 91 21 Messrs.

51 3572 87 24 Wade's
148 3576 83 24 Stores,
250 3583 30 14 on
296 3575 146 27 Wednesday
458 3578 62 24 next,
538 3576 39 21 the
594 3576 52 21 19th

49 3599 59 28 inst.,
119 3604 22 19 at
152 3603 26 20 12
189 3601 93 28 o'clock,
294 3605 24 18 to
329 3602 83 22 choose
422 3602 58 22 their
486 3607 91 23 quarter
584 3610 62 14 acres

50 3626 23 22 in
83 3627 37 22 the
130 3628 117 27 township.

169 3673 110 26 Village
301 3673 31 21 of
353 3673 166 22 Richmond.

222 3708 79 20 Notice
312 3709 22 19 to
340 3708 136 25 purchasers.

51 3737 144 49 NOTICE
215 3741 29 22 IS
266 3741 131 22 HEREBY
419 3741 108 27 GIVEN,
548 3741 50 22 that
616 3742 30 22 all

130 3768 121 27 purchases
261 3769 68 21 made
340 3771 22 18 at
374 3767 46 22 sale
430 3767 32 28 by
472 3768 92 22 auction
571 3769 26 20 of
607 3769 39 21 the

51 3791 68 23 above
129 3794 87 27 village,
227 3794 73 22 which
311 3802 39 14 are
366 3797 42 19 not
425 3794 80 22 settled
522 3795 36 21 for
574 3802 29 14 on
621 3803 25 14 or

50 3817 74 24 before
133 3822 26 20 12
169 3821 92 28 o'clock,
274 3821 152 27 Wednesday,
444 3821 54 22 10th
506 3821 137 28 November,

51 3845 43 21 will
103 3846 26 22 be
138 3847 84 23 re-sold
231 3848 32 27 by
273 3848 80 22 Public
361 3848 102 22 Auction
472 3851 22 18 at
501 3847 39 22 the
547 3848 46 21 risk
601 3849 45 21 and

52 3875 46 18 cost
107 3874 43 22 and
160 3882 29 14 on
200 3878 96 19 account
312 3875 27 21 of
355 3875 84 21 former
450 3874 139 28 purchasers,
608 3882 37 15 ac-

52 3899 89 29 cording
152 3904 22 20 to
183 3902 129 22 conditions
323 3901 27 22 of
360 3901 55 22 sale.

335 3928 63 22 John
409 3927 46 23 and
466 3927 58 23 Geo.
534 3928 82 23 Wade.

1298 682 37 47 J
1368 679 121 26 HARRIS
1509 683 67 22 AND
1596 684 54 26 CO.,
1669 682 111 27 Builders,
1799 683 45 26 beg
1867 686 23 18 to

1338 720 11 10 •
1380 710 74 27 notify
1463 714 23 18 to
1495 710 39 22 the
1544 710 110 22 Colonists
1663 711 27 21 of
1695 710 55 21 Port
1757 709 131 27 Nicholson,

1299 735 48 22 that
1356 736 54 28 they
1419 744 39 14 are
1466 737 70 26 ready
1543 740 22 18 to
1575 736 124 23 undertake
1710 736 37 22 the
1758 736 99 22 erection
1867 737 27 21 of

1299 769 44 21 any
1353 763 136 27 description
1505 764 26 22 of
1542 764 113 26 Building.
1683 764 63 26 They
1757 771 37 14 are
1810 767 80 18 exten-

1298 789 70 28 sively
1385 791 101 27 engaged
1502 791 24 21 in
1542 790 38 22 the
1596 790 157 23 manufacture
1770 790 26 22 of
1805 790 83 27 bricks,

1298 816 55 28 tiles,
1365 818 48 26 &c,
1425 817 45 22 and
1480 818 52 26 they
1543 820 63 25 trust,
1617 818 30 26 by
1657 818 121 26 executing
1789 817 29 22 all
1827 818 62 21 work

1297 843 22 21 in
1331 851 12 14 a
1353 844 174 22 tradesmanlike
1543 852 101 20 manner,
1657 848 22 18 to
1695 844 89 23 receive
1799 851 14 15 a
1823 844 65 22 share

1297 870 27 21 of
1334 870 37 22 the
1382 874 94 24 support
1485 872 25 21 of
1521 871 38 22 the
1570 872 118 21 Colonists.

1324 903 189 29 Lambton-quay,
1526 905 129 27 September
1662 907 35 25 30,
1709 906 61 21 1841.

1503 950 31 20 E.
1550 950 125 26 Stafford,

1380 984 80 24 Tailor,
1474 984 174 26 Lambton-quay,
1666 985 135 25 Wellington,

1296 1016 51 48 IN
1360 1018 119 26 returning
1488 1018 81 21 thanks
1579 1020 23 19 to
1612 1018 63 22 those
1690 1018 130 27 gentlemen
1836 1018 50 22 who

1350 1043 59 23 have
1418 1044 93 22 favored
1521 1044 47 22 him
1578 1045 54 22 with
1642 1045 58 22 their
1708 1045 82 27 orders,
1799 1053 87 14 assures

1295 1070 60 22 them
1364 1071 50 21 that
1423 1072 59 21 from
1491 1072 35 21 his
1536 1072 63 21 stock
1610 1079 29 14 on
1648 1072 68 26 hand,
1728 1072 46 22 and
1783 1072 58 22 from
1851 1080 34 14 re-

1295 1100 50 19 cent
1355 1098 93 22 arrivals
1457 1098 57 22 from
1524 1098 112 27 England,
1646 1098 29 23 he
1686 1099 45 22 will
1744 1099 29 22 be
1790 1100 96 21 enabled

1295 1126 22 19 to
1326 1124 66 22 make
1403 1132 30 20 up
1443 1125 88 22 articles
1541 1126 23 21 in
1572 1125 38 22 the
1620 1126 48 21 first
1677 1126 57 27 style
1745 1126 26 21 of
1782 1126 87 22 fashion
1877 1135 7 19 ;

1295 1150 70 23 which
1376 1152 44 21 will
1430 1152 82 22 render
1521 1152 17 21 it
1547 1152 194 28 unnecessary.for
1756 1152 37 22 the
1809 1153 77 27 public

1294 1180 22 19 to
1327 1178 55 22 send
1396 1182 22 18 to
1436 1178 38 23 the
1490 1179 165 27 neighbouring
1664 1180 105 21 Colonies
1778 1180 35 21 for
1827 1180 60 22 their

1293 1205 99 27 wearing
1403 1206 97 27 apparel.

1320 1241 58 23 N.B.
1379 1253 30 4 —
1409 1242 75 27 Every
1498 1242 77 22 article
1590 1242 126 22 warranted
1734 1243 27 22 of
1780 1243 39 22 the
1836 1244 50 21 best

1294 1269 91 27 quality,
1398 1272 45 25 cut,
1454 1269 44 22 and
1509 1269 171 28 workmanship,
1691 1270 46 21 and
1752 1277 30 14 on
1794 1277 92 16 reason-

1294 1295 48 22 able
1352 1299 77 18 terms.

1485 1342 98 21 JABEZ
1597 1342 96 27 DEAN,

1289 1375 6 26 .'
1352 1375 139 26 Plumber,
1507 1376 118 25 Glazier,
1641 1377 54 20 and
1710 1376 119 27 Painter,

1319 1410 176 26 Lambton-quay,
1511 1417 52 14 near
1580 1411 36 20 the
1630 1411 69 25 Royal
1716 1410 78 26 George
1808 1411 49 25 Inn,

1293 1443 175 48 EETURNS
1483 1444 34 21 his
1527 1444 87 21 sincere
1623 1444 82 22 thanks
1714 1444 35 21 for
1758 1444 38 21 the
1806 1444 80 22 liberal

1378 1474 94 24 support
1489 1471 29 22 he
1538 1471 40 21 has
1596 1471 109 27 received,
1725 1471 46 22 and
1789 1471 55 27 begs
1863 1474 22 19 to

1293 1504 75 15 assure
1383 1498 65 21 those
1463 1498 130 26 gentlemen
1608 1498 50 21 who
1674 1505 53 20 may
1743 1498 80 21 favour
1838 1498 47 21 him

1289 1524 56 21 rwith
1363 1524 59 22 their
1438 1525 83 26 orders,
1539 1525 48 21 that
1604 1524 54 28 they
1676 1532 54 20 may
1748 1524 89 28 depend
1856 1532 29 14 on

1292 1551 113 22 materials
1414 1552 27 21 of
1451 1552 38 21 the
1497 1552 51 21 best
1555 1551 133 28 description
1696 1552 45 21 and
1747 1552 60 26 good
1814 1552 72 21 work-

1292 1578 111 28 manship,
1411 1578 120 23 combined
1538 1578 53 23 with
1597 1578 131 23 reasonable
1738 1579 93 27 charges
1841 1579 45 22 and

1291 1605 148 27 punctuality.

1293 1653 36 48 J
1364 1652 155 27 CANNING,
1545 1653 100 26 Cabinet,
1670 1653 74 27 Chair,
1769 1653 45 22 and
1833 1653 53 23 Sofa

1332 1690 10 11 •
1375 1679 177 28 Manufacturer,
1567 1679 191 28 Lambton-quay,
1769 1680 117 28 adjoining

1293 1707 69 21 Durie
1373 1706 45 22 and
1429 1707 59 21 Co.'s
1501 1707 84 21 Stores.

1451 1747 132 15 FURNITURE
1602 1747 122 16 REPAIRED.

1482 1784 138 28 HARVEY,
1630 1785 90 22 Tailor
1731 1786 21 22 &
1763 1786 121 22 Breeches

1290 1812 46 21 A_y
1366 1812 97 27 Maker,
1474 1819 56 15 near
1539 1812 90 22 Messrs.
1639 1812 88 22 Waters
1737 1813 47 21 and
1793 1813 91 21 Smith's

1295 1839 68 26 Store,
1381 1839 147 26 Wellington,
1543 1839 55 26 begs
1613 1842 23 18 to
1652 1839 83 22 inform
1750 1839 39 22 the
1801 1843 83 24 gentry

1295 1866 43 22 and
1347 1866 140 22 inhabitants
1497 1865 26 22 of
1536 1865 138 27 Wellington
1684 1866 47 22 and
1744 1866 29 22 its
1782 1867 101 26 vicinity,

1296 1893 46 21 that
1350 1893 30 21 he
1390 1893 42 21 has
1443 1893 144 21 commenced
1597 1893 100 22 business
1708 1900 23 14 as
1745 1893 78 28 above,
1839 1893 46 22 and

1296 1923 65 19 trusts
1371 1919 49 22 that
1430 1919 80 23 twelve
1528 1919 71 28 years'
1610 1920 133 27 experience
1753 1920 24 22 in
1788 1920 96 22 London

1278 1951 41 24 |as
1342 1954 14 14 a
1376 1946 108 28 practical
1509 1949 78 24 cutter,
1610 1947 120 21 combined
1747 1947 54 21 with
1825 1947 59 27 good

1278 1970 130 34 j/viatonals
1431 1973 46 21 and
1499 1973 175 27 workmanship,
1696 1973 46 22 and
1769 1973 116 23 moderate

1297 1998 105 28 charges^
1406 1999 45 21 will
1462 1999 79 21 enable
1552 1999 45 21 him
1608 2003 22 17 to
1647 2001 51 25 give
1708 1999 138 22 satisfaction
1863 2005 23 16 to

1297 2026 29 22 all
1335 2026 50 22 who
1394 2033 54 20 may
1457 2026 80 22 favour
1545 2026 48 21 him
1601 2026 52 22 with
1663 2026 58 22 their
1730 2029 131 24 patronage.

1479 2059 84 27 Terms,
1575 2060 53 21 cash
1639 2060 61 26 only.

1298 2105 38 20 To
1357 2105 47 21 the
1424 2106 169 23 merchants,
1616 2104 195 26 Ship-owners,
1830 2106 55 24 &c,

1450 2132 31 20 of
1491 2132 68 21 Port
1572 2132 161 21 Nicholson.

1296 2162 106 48 TD.
1427 2164 103 22 PRATT
1552 2164 54 27 begs
1622 2166 59 20 most
1697 2163 148 28 respectfully
1864 2167 22 19 to

1344 2199 12 11 •
1385 2194 78 19 return
1479 2191 35 22 his
1525 2191 82 22 thanks
1623 2191 34 21 for
1675 2191 39 22 the
1726 2191 91 22 favours
1833 2198 54 15 con-

1359 2217 73 23 ferred
1449 2225 30 15 on
1493 2218 56 26 him,
1560 2218 65 22 while
1641 2218 23 22 in
1682 2218 141 27 partnership
1833 2219 54 21 with

1297 2243 42 23 Mr.
1350 2244 27 22 T.
1388 2245 85 26 Bevan,
1484 2245 47 22 and
1539 2245 55 27 begs
1603 2248 22 18 to
1635 2245 82 21 inform
1728 2245 62 21 them
1799 2245 51 21 that
1858 2245 28 22 he

1296 2271 18 21 is
1324 2278 52 15 now
1385 2272 181 27 manufacturing
1575 2279 73 20 ropes,
1657 2272 64 27 lines,
1733 2272 73 26 twine,
1818 2272 28 21 of
1858 2273 29 21 all

1297 2298 147 28 descriptions
1452 2307 5 19 ;
1474 2302 57 18 mats
1545 2299 26 22 of
1585 2299 30 21 all
1630 2299 63 27 sizes,
1715 2299 41 22 &c.
1793 2299 95 27 Fishing

1296 2328 49 19 nets
1364 2325 67 22 made
1448 2326 44 21 and
1511 2326 109 27 repaired,
1639 2325 45 22 and
1703 2333 68 20 every
1790 2325 56 22 kind
1865 2327 26 20 of

1296 2352 78 21 article
1388 2353 24 20 in
1429 2353 38 21 the
1483 2353 71 22 above
1569 2353 54 27 line,
1641 2353 29 21 all
1686 2353 58 21 from
1761 2353 56 21 New
1830 2353 58 22 Zea-

1295 2379 55 22 land
1365 2379 53 28 flax,
1430 2380 46 21 and
1490 2387 30 14 on
1530 2380 38 21 the
1578 2382 59 19 most
1644 2379 133 22 reasonable
1786 2379 101 28 charges.

1296 2413 43 22 No.
1357 2415 20 25 1,
1403 2413 231 27 Molesworth-street,
1661 2413 147 28 Wellington,
1833 2414 55 22 Port

1526 2441 131 21 Nicholson.

1295 2485 235 48 JM'GREGOR
1542 2486 54 27 begs
1611 2485 145 28 respectfully
1769 2488 23 19 to
1803 2485 83 22 inform

1335 2523 10 11 •
1363 2513 40 21 the
1411 2516 81 24 gentry
1502 2513 47 21 and
1556 2513 137 21 inhabitants
1700 2512 25 21 of
1733 2513 54 21 Port
1794 2512 93 23 Nichol-

1294 2546 41 14 son
1344 2539 50 22 that
1404 2539 28 22 he
1443 2539 40 22 has
1493 2547 29 14 on
1533 2539 53 27 sale,
1601 2543 24 18 at
1640 2539 34 21 his
1691 2542 127 24 temporary
1832 2540 55 21 resi-

1295 2566 78 27 dence,
1392 2567 24 20 in
1436 2567 38 20 the
1491 2574 51 14 rear
1560 2567 26 20 of
1603 2567 40 20 Dr.
1660 2565 96 28 Knox's,
1776 2573 56 14 near
1849 2567 37 21 the

1294 2593 72 27 Bank,
1390 2600 30 15 an
1441 2596 134 19 assortment
1594 2593 26 21 of
1639 2593 49 21 best
1712 2593 174 22 London-made

1293 2620 106 27 watches,
1410 2620 78 22 Dutch
1497 2620 83 27 clocks,
1590 2621 41 20 &c.

1321 2654 179 27 Chronometers,
1513 2654 81 27 clocks,
1611 2653 104 27 watches,
1731 2653 46 21 and
1792 2654 95 22 musical

1293 2680 70 22 boxes
1375 2681 108 27 carefully
1493 2681 96 21 cleaned
1597 2680 46 22 and
1651 2680 110 28 repaired.

1441 2725 175 28 Wellington
1630 2727 114 19 Tavern.

1297 2760 170 33 Tj^DWARD
1494 2760 98 21 DAVIS
1620 2760 54 26 begs
1697 2761 24 20 to
1744 2759 85 22 inform
1853 2759 35 22 his

1306 2781 37 27 Pi
1374 2787 86 21 friends
1470 2787 44 21 and
1525 2786 38 22 the
1572 2786 74 28 public
1655 2787 22 21 in
1689 2786 100 27 general,
1801 2786 49 21 that
1860 2786 28 21 he

1296 2814 40 21 has
1352 2814 88 27 opened
1457 2814 37 21 the
1505 2814 139 26 Wellington
1656 2814 96 26 Tavern,
1765 2813 123 22 Lambton-

1297 2848 66 20 quay,
1375 2841 74 21 where
1460 2840 53 28 they
1523 2840 44 22 will
1581 2840 48 21 find
1637 2848 14 14 a
1660 2840 77 22 choice
1747 2840 108 22 selection
1867 2840 26 21 of

1296 2868 86 21 bottled
1396 2868 35 21 ale
1441 2868 45 20 and
1495 2871 81 24 porter,
1589 2868 72 27 spirits
1672 2867 45 21 and
1724 2868 70 21 wines
1808 2867 27 21 of
1841 2867 49 21 first

1297 2898 46 18 rate
1354 2894 97 27 quality.

1324 2928 58 21 N.B.
1383 2939 29 4 —
1414 2927 67 22 Good
1490 2928 86 21 Burton
1588 2927 41 28 ale,
1641 2928 40 21 &c.
1693 2927 41 22 &c.

1325 2962 21 21 A
1354 2962 104 27 quantity
1465 2962 26 21 of
1495 2962 86 27 garden
1589 2962 69 27 seeds,
1667 2961 37 21 the
1713 2961 98 28 produce
1819 2962 26 21 of
1853 2961 37 22 the

1299 2989 94 27 Colony,
1405 2989 36 21 for
1451 2988 52 22 sale.

1300 3034 89 48 OIL.
1390 3045 29 4 —
1419 3034 49 21 The
1487 3033 126 22 subscriber
1627 3033 20 22 is
1663 3033 111 27 prepared
1790 3036 23 18 to
1837 3040 53 21 pur-

1378 3061 67 21 chase
1465 3068 25 14 or
1507 3061 67 21 make
1593 3060 78 22 liberal
1693 3059 111 23 advances
1828 3067 62 20 upon

1300 3087 36 22 Oil
1345 3087 125 28 consigned
1480 3090 22 19 to
1512 3087 35 22 his
1557 3087 96 22 London
1668 3087 194 26 correspondents.

1667 3121 29 21 A.
1712 3120 78 28 Hort,
1806 3120 57 22 Jun.

1324 3149 146 26 Wellington,
1483 3148 55 27 July
1547 3149 19 25 2,
1579 3149 61 21 1841.

1490 3195 34 19 A.
1540 3193 78 25 Hort,
1634 3193 69 26 jun.,

1375 3226 282 24 CUSTOM-HOUSE
1684 3226 132 22 AGENT.
1902 3224 2 35 |

1327 3262 90 27 August
1426 3262 34 27 27,
1475 3262 61 21 1841.

1495 3308 26 19 J.
1536 3308 38 19 M.
1590 3306 110 26 Taylor,

1377 3339 282 24 CUSTOM-HOUSE
1688 3339 132 23 AGENT.

1302 3375 113 27 Courtney
1427 3375 73 27 Place,
1512 3374 32 22 Te
1554 3374 55 22 Aro.

1356 3428 40 20 To
1408 3427 85 20 Stand
1509 3427 29 20 to
1552 3426 86 21 Cover
1646 3426 62 20 -this
1724 3426 114 24 Season,

1465 3461 31 19 At
1505 3461 142 24 Berhampore
1655 3460 73 25 Farm,

1302 3494 59 22 That
1369 3494 52 23 well
1430 3494 83 22 known
1523 3494 65 21 horse
1599 3494 87 27 Figaro,
1702 3493 38 22 the
1756 3496 106 25 property
1872 3493 27 22 of

1487 3522 77 20 James
1573 3520 69 28 Watt,
1653 3520 53 28 Esq.

1303 3555 147 49 FIGARO
1462 3562 43 15 was
1514 3555 76 21 foaled
1599 3555 24 21 in
1634 3554 125 22 December
1777 3553 61 28 1837,
1857 3556 40 24 got

1375 3583 31 26 by
1416 3583 117 26 Operator,
1545 3581 52 22 dam
1606 3581 118 27 Adelaide,
1735 3582 31 26 by
1773 3581 121 21 Theoruin.

1329 3609 110 28 Operator
1449 3616 43 15 was
1502 3608 74 22 foaled
1587 3609 23 21 in
1621 3610 60 25 1832,
1692 3610 40 25 got
1745 3608 31 27 by
1792 3607 102 27 Emilius,

1302 3635 51 22 dam
1363 3635 125 22 Worthless
1495 3636 32 27 by
1536 3635 99 28 Walton,
1646 3638 40 19 out
1695 3635 26 21 of
1735 3634 122 22 Altisidora
1865 3634 30 27 by

1300 3663 61 21 Dick
1369 3663 119 21 Andrews.

1328 3689 75 28 Every
1412 3689 111 22 attention
1533 3688 45 22 will
1589 3689 27 21 be
1625 3688 52 28 paid
1687 3691 23 19 to
1723 3695 74 14 mares
1811 3690 53 19 sent
1872 3690 23 19 to

1300 3716 54 21 him.

1328 3743 99 27 Charges
1444 3742 37 22 for
1498 3741 57 23 each
1571 3748 69 20 mare,
1659 3741 55 22 with
1732 3748 13 14 a
1764 3744 133 24 guarantee!

1300 3777 69 14 seven
1378 3770 94 27 guineas
1479 3777 5 18 ;
1499 3769 94 21 without
1601 3772 130 23 guarantee,
1742 3768 43 22 five
1792 3769 94 26 guineas

1302 3797 127 26 Groomage
1438 3795 113 22 included.

1481 3841 92 25 Sperm
1589 3840 126 21 Candles.

1303 3875 72 49 ON
1394 3874 87 25 SALE,
1496 3881 15 13 a
1526 3873 102 28 quantity
1644 3873 25 22 of
1689 3880 53 21 very
1759 3873 45 22 fine
1821 3881 74 20 sperm

1366 3901 46 23 and
1420 3901 147 27 composition
1580 3900 100 23 candles.

1639 3927 29 23 D.
1677 3927 22 22 S.
1711 3927 79 23 Durie
1799 3927 46 23 and
1855 3928 39 22 Co.
