2550 4020
1892 118 39 23 the
1942 118 73 31 prices
2028 116 107 24 obtained
2153 121 23 18 at
2196 116 106 30 ordinary
2312 114 101 32 periods*
2450 116 37 24 To

1893 151 80 23 enable
1982 158 27 15 us
2020 156 24 17 to
2057 149 28 24 do
2098 158 33 20 so,
2144 156 34 16 we
2187 153 62 19 must
2259 148 58 24 have
2332 156 14 15 a
2359 147 130 25 considera-

1892 184 37 23 ble
1942 185 102 22 increase
2062 184 26 22 in
2106 190 42 16 our
2166 182 101 31 supplies
2287 180 60 24 from
2370 180 117 32 England.

1893 217 45 23 We
1950 217 72 30 ought
2033 220 41 20 not
2086 219 22 19 to
2121 215 110 23 calculate
2243 222 30 16 on
2284 213 103 32 supplies
2399 215 92 30 coming

1895 252 60 22 from
1969 250 94 30 Sydney
2074 253 57 18 next
2149 255 53 23 year
2212 257 6 19 ;
2239 248 57 23 such
2308 247 102 31 supplies
2429 253 63 18 must

1893 288 30 23 be
1936 282 94 24 derived
2042 282 72 22 direct
2125 281 60 23 from
2197 280 117 31 England,
2337 288 26 15 or
2378 288 40 15 our
2429 288 62 16 mar-

1894 320 53 21 kets
1959 316 50 23 will
2026 315 30 23 be
2069 319 37 18 too
2124 314 58 30 high
2192 314 36 23 for
2243 313 39 24 the
2293 314 108 22 interests
2412 313 26 23 of
2453 314 39 23 the

1894 349 68 31 place
1975 358 5 20 ;
2003 348 46 24 and
2057 355 34 16 we
2110 347 72 31 ought
2201 346 48 24 also
2262 351 23 19 to
2303 346 58 23 have
2373 354 14 14 a
2403 346 90 24 further

1895 383 103 22 increase
2016 386 23 19 to
2062 380 80 24 enable
2154 387 28 16 us
2201 384 23 19 to
2243 379 84 31 supply
2338 379 39 22 the
2397 380 96 23 stations

1895 415 77 24 which
1985 415 60 23 have
2067 413 129 25 heretofore
2207 412 105 24 received
2324 412 101 31 supplies
2435 412 60 24 from

1897 449 102 31 Sydney.
2037 448 52 23 Our
2102 454 52 17 own
2170 446 134 31 population
2321 445 48 23 will
2388 445 28 24 be
2436 453 58 23 aug-

1896 482 99 28 mented,
2020 481 48 23 and
2090 488 34 16 we
2147 487 53 23 may
2220 479 57 23 have
2302 483 22 19 to
2346 478 82 31 supply
2452 486 42 16 our

1897 515 139 31 neighbours
2056 514 25 23 in
2093 514 38 23 the
2144 513 68 24 north
2227 517 23 18 to
2262 520 14 15 a
2288 511 155 24 considerable
2453 520 42 15 ex-

1898 553 56 19 tent.
1990 547 44 24 We
2056 555 39 15 are
2116 546 110 32 prepared
2246 550 24 18 to
2282 546 93 22 witness
2392 553 13 15 a
2421 544 73 31 large,

1897 581 128 31 profitable,
2047 580 44 23 and
2102 580 66 24 brisk
2185 579 65 24 trade
2268 582 57 20 next
2342 586 61 23 year,
2425 578 21 23 if
2461 586 34 16 we

1898 622 37 15 are
1947 614 109 31 properly
2066 612 125 32 supported
2201 612 31 31 by
2240 620 42 15 our
2292 611 88 24 friends
2390 612 24 22 in
2426 611 69 31 Eng-

1897 647 62 23 land.
1997 647 30 23 In
2048 646 103 23 addition
2166 650 24 18 to
2211 653 41 15 our
2265 645 107 31 ordinary
2384 645 111 31 supplies,

1898 688 33 15 we
1944 678 81 32 oughf
2027 684 24 18 to
2062 679 59 23 have
2132 678 100 31 whaling
2248 686 63 22 gear,
2324 678 52 31 ship
2387 678 106 31 building

1898 713 124 29 materials,
2048 712 45 23 and
2121 712 100 30 rigging,
2241 711 47 23 and
2316 711 104 30 anchors,
2449 711 46 24 and

1900 747 76 23 cables
1987 746 36 23 for
2043 745 89 24 vessels
2152 744 71 31 likely
2241 749 22 19 to
2284 744 28 23 be
2329 744 60 23 built
2406 752 31 15 on
2456 744 41 24 the

1900 784 59 28 spot,
1980 779 45 24 and
2043 779 36 23 for
2096 779 67 22 those
2182 777 75 24 which
2274 786 54 22 may
2338 777 49 24 find
2403 777 19 24 it
2441 784 56 17 con-

1901 814 92 22 venient
2004 817 23 19 to
2037 812 72 23 make
2121 812 59 31 good
2192 811 59 24 their
2265 810 83 30 losses,
2361 819 29 15 on
2401 810 97 32 hearing

1900 847 50 23 that
1962 845 91 24 articles
2063 845 26 24 of
2098 845 40 24 the
2150 845 56 23 kind
2218 844 46 24 will
2276 845 28 23 be
2316 848 47 20 met
2375 844 55 24 with
2440 844 57 24 here

1903 881 25 23 in
1942 879 143 24 abundance.

1934 920 152 31 Agriculture
2107 920 21 22 is
2148 920 71 30 being
2237 918 136 32 prosecuted
2394 926 106 16 success-

1903 953 65 31 fully,
1981 953 44 24 and
2037 953 57 23 each
2111 953 45 31 day
2175 953 121 22 convinces
2314 960 28 15 us
2362 952 18 22 it
2396 951 47 24 will
2462 960 39 15 ere

1903 988 53 30 long
1968 988 27 22 be
2006 995 13 15 a
2030 986 122 32 profitable
2163 986 45 23 and
2219 986 96 23 favorite
2326 985 98 31 pursuit.
2455 982 47 27 We

1903 1021 56 23 have
1970 1021 79 23 before
2060 1028 29 15 us
2101 1028 15 15 a
2127 1020 87 23 certain
2225 1018 90 24 market
2326 1019 26 23 in
2358 1018 57 24 New
2424 1019 77 23 South

1903 1054 79 24 Wales
1992 1054 35 23 for
2039 1053 31 23 all
2081 1061 35 15 we
2127 1061 42 15 can
2181 1052 99 31 produce
2299 1052 36 23 for
2352 1059 69 23 many
2432 1059 68 24 years

1903 1092 23 19 to
1945 1095 71 16 come.
2055 1087 24 23 It
2100 1087 44 22 has
2164 1087 59 22 been
2241 1085 98 31 thought
2357 1085 49 24 that
2425 1085 76 24 South

1903 1121 108 23 America
2023 1120 47 24 will
2082 1120 107 23 interfere
2201 1119 55 23 with
2268 1127 42 15 our
2329 1118 90 24 market
2427 1128 7 19 ;
2459 1119 43 23 but

1904 1155 38 22 the
1954 1155 102 22 distance
2068 1153 121 31 precludes
2207 1153 55 23 this.
2296 1151 80 25 When
2394 1160 33 16 we
2442 1152 60 24 have

1904 1188 115 22 sufficient
2030 1188 101 30 produce
2142 1187 34 23 for
2189 1189 88 28 export,
2297 1193 33 16 we
2348 1193 53 23 may
2419 1186 83 31 satisfy

1905 1221 38 23 the
1962 1221 99 23 demand
2079 1228 38 15 ere
2135 1221 19 22 it
2171 1221 19 22 is
2212 1227 57 16 even
2285 1218 86 24 known
2387 1219 23 23 in
2426 1219 77 24 South

1905 1254 116 24 America.
2042 1253 49 23 But
2099 1257 23 19 to
2131 1257 120 27 prosecute
2260 1252 139 31 agriculture
2404 1253 96 30 vigour-

1906 1288 74 30 ously,
1996 1287 46 24 and
2054 1295 30 15 en
2095 1294 14 16 a
2119 1294 83 24 proper
2221 1286 68 29 scale,
2308 1293 34 16 we
2360 1290 60 19 want
2438 1294 65 15 more

1907 1321 83 31 capital
2001 1321 45 23 and
2063 1328 63 15 more
2145 1320 136 31 employers.
2326 1319 139 24 Thousands
2478 1320 26 23 of

1906 1362 96 24 persons
2020 1362 39 15 are
2070 1354 98 29 wasting
2184 1353 59 23 their
2255 1353 116 23 existence
2383 1353 23 23 in
2417 1353 86 23 retired

1906 1388 77 31 places
1994 1388 24 23 in
2030 1387 112 31 England
2154 1386 43 24 and
2209 1395 29 15 on
2251 1386 38 24 the
2305 1386 133 28 Continent,
2451 1386 53 24 who

1907 1421 75 29 could,
2001 1421 57 24 with
2074 1421 60 23 their
2152 1420 66 23 small
2229 1420 92 31 capital,
2335 1427 58 16 were
2412 1419 56 31 they
2479 1424 26 19 to

1904 1455 51 31 join
1962 1463 36 20 us,
2008 1454 45 24 and
2063 1458 55 20 turn
2129 1454 60 23 their
2198 1454 112 23 attention
2322 1457 23 20 to
2356 1453 147 30 agriculture,

1908 1488 44 23 add
1965 1488 90 32 greatly
2067 1492 22 19 to
2098 1487 59 24 their
2165 1494 51 16 own
2227 1487 103 28 comfort,
2340 1487 44 23 and
2394 1494 78 16 secure
2481 1491 25 19 to

1908 1522 60 23 their
1978 1522 98 23 families
2089 1521 39 23 the
2140 1521 87 23 certain
2237 1524 108 27 prospect
2356 1520 25 23 of
2390 1520 113 24 advance-

1908 1560 64 19 ment
1990 1556 23 22 in
2025 1555 49 23 life.
2119 1554 77 23 There
2208 1562 37 15 are
2258 1553 77 24 others
2347 1554 122 30 possessed
2481 1554 26 23 of

1908 1589 115 23 moderate
2036 1588 91 31 capital,
2142 1588 98 29 striving
2251 1587 35 23 for
2295 1595 14 15 a
2321 1595 54 22 very
2387 1588 118 22 existence

1909 1626 24 19 at
1940 1622 77 29 home,
2028 1621 60 29 who,
2096 1621 56 23 with
2160 1621 39 23 the
2206 1628 63 16 same
2276 1628 80 16 means
2364 1620 61 29 here,
2437 1620 68 24 could

1908 1656 29 23 be
1945 1656 86 23 certain
2037 1656 26 22 of
2066 1656 107 29 securing
2178 1654 87 31 rapidly
2271 1654 130 31 improving
2406 1655 98 23 circum-

1910 1693 99 20 stances.
2039 1688 78 24 These
2129 1689 85 22 clasess
2222 1687 24 24 of
2256 1687 133 31 capitalists,
2397 1689 25 22 in
2429 1692 76 19 trans-

1909 1724 94 30 porting
2031 1722 139 23 themselves
2199 1725 23 19 to
2253 1729 42 15 our
2318 1720 87 30 shores,
2430 1721 76 23 would

1910 1756 92 31 equally
2010 1756 86 23 benefit
2103 1754 138 25 themselves
2249 1754 46 23 and
2305 1754 66 23 those
2383 1754 49 23 who
2444 1762 61 16 were

1910 1789 56 24 here
1976 1790 79 22 before
2074 1788 71 24 them.
2180 1788 49 23 But
2239 1788 21 23 if
2275 1787 54 32 they
2341 1788 58 23 have
2412 1791 43 20 not
2465 1788 40 23 the

1912 1831 97 23 courage
2021 1827 24 19 to
2058 1830 71 21 come,
2151 1821 38 24 the
2202 1822 119 30 Company
2333 1821 54 30 will,
2406 1822 20 23 it
2443 1822 20 23 is
2481 1825 24 20 to

1911 1857 28 23 be
1948 1856 86 31 hoped,
2048 1856 107 31 organize
2164 1864 14 14 a
2189 1854 67 24 Loan
2266 1855 121 31 Company
2394 1855 35 23 for
2440 1854 66 24 these

1912 1890 143 23 settlements
2065 1898 6 20 ;
2093 1889 47 23 and
2156 1888 55 23 lend
2230 1896 82 23 money
2324 1889 37 22 for
2382 1896 14 15 a
2411 1892 60 20 term
2483 1889 27 22 of

1911 1931 68 23 years
1991 1927 22 19 at
2025 1923 117 23 moderate
2151 1922 103 23 interest.
2291 1920 66 25 With
2369 1922 82 31 capital
2462 1921 45 25 and

1912 1957 45 22 fine
1976 1957 54 22 land
2050 1960 24 18 at
2093 1955 128 28 command,
2237 1962 32 16 we
2287 1954 59 24 have
2359 1963 35 18 jio
2412 1955 71 24 doubt
2494 1963 15 15 a

1913 1988 76 24 useful
2001 1988 59 23 class
2072 1988 26 23 of
2116 1987 127 31 employers
2261 1986 47 25 will
2328 1995 57 16 soon
2396 1988 27 23 be
2436 1988 74 23 called

1913 2023 48 22 into
1975 2022 124 23 existence.
2136 2021 26 23 It
2171 2021 29 28 is,
2213 2020 111 29 however,
2338 2021 109 23 essential
2458 2021 51 24 that

1913 2055 68 23 roads
2000 2054 84 24 should
2102 2054 30 24 be
2150 2054 139 30 guaranteed
2307 2058 23 19 to
2349 2062 67 23 every
2435 2055 74 23 man's

1914 2092 73 20 estate
1996 2098 6 19 ;
2027 2088 46 24 and
2090 2095 34 16 we
2147 2087 58 24 have
2224 2087 92 31 already
2330 2087 121 24 furnished
2469 2096 41 16 out

1914 2130 95 16 reasons
2018 2122 37 23 for
2067 2121 38 24 the
2119 2121 118 31 Company
2249 2121 131 31 increasing
2396 2121 39 24 the
2446 2122 62 30 price

1915 2156 26 23 of
1949 2155 55 24 land
2014 2160 23 18 to
2056 2163 30 15 an
2098 2158 79 20 extent
2189 2155 106 23 sufficent
2311 2158 24 20 to
2348 2155 79 24 enable
2444 2155 64 24 them

1915 2193 23 19 to
1950 2186 66 26 make
2027 2189 68 23 roads
2107 2188 141 30 throughout
2259 2188 39 23 the
2310 2188 139 24 settlement.

1948 2229 46 24 We
2004 2230 59 23 have
2074 2229 78 23 before
2164 2237 27 15 us
2203 2228 38 24 the
2253 2233 108 27 prospect
2371 2233 24 19 at
2405 2237 30 15 an
2446 2229 63 31 early

1914 2263 81 32 period
2007 2263 25 23 of
2048 2263 134 31 possessing
2197 2262 39 23 the
2248 2262 70 23 latest
2329 2270 63 16 news
2406 2263 61 24 from
2479 2263 30 23 all

1914 2301 65 28 parts
1989 2297 25 23 of
2022 2297 40 23 the
2070 2296 72 24 world
2176 2301 72 18 steam
2256 2297 192 23 communication
2456 2296 54 24 with

1915 2331 170 31 neighbouring
2100 2329 143 24 settlements
2278 2338 14 15 a
2307 2329 66 32 large
2385 2334 92 19 amount
2488 2330 26 23 of

1917 2364 133 31 exportable
2059 2363 157 24 commodities
2226 2363 45 23 and
2279 2363 102 32 whaling
2390 2364 121 23 establish-

1916 2402 86 19 ments.
2038 2397 25 23 It
2075 2398 19 22 is
2106 2397 133 31 impossible
2251 2400 23 20 to
2286 2397 151 31 contemplate
2449 2397 65 23 these

1916 2431 46 23 and
1983 2439 71 22 many
2078 2430 65 24 other
2166 2430 146 31 advantages,
2335 2431 46 23 and
2400 2435 23 19 to
2447 2430 65 24 avoid

1917 2465 92 30 coming
2027 2468 24 19 to
2063 2464 39 23 the
2110 2464 133 23 conclusion
2255 2464 49 23 that
2317 2463 59 24 Port
2387 2464 127 23 Nicholson

1916 2503 64 19 must
2002 2498 28 23 be
2052 2506 14 14 a
2088 2498 81 31 highly
2185 2497 99 31 wealthy
2307 2498 45 23 and
2375 2505 137 24 prosperous

1918 2532 135 23 settlement
2060 2532 24 23 in
2095 2539 14 15 a
2120 2539 55 21 very
2187 2531 43 23 few
2241 2538 76 22 years.

1953 2602 81 24 Prices
2048 2602 25 23 of
2088 2602 38 29 oil,
2139 2602 59 23 from
2210 2602 38 23 the
2265 2602 95 23 London
2371 2602 141 24 Mercantile

1920 2635 104 26 Journal,
2038 2636 26 22 of
2080 2635 38 24 the
2133 2635 57 25 15th
2205 2636 73 24 June:

1954 2795 76 21 There
2042 2795 87 28 having
2136 2795 60 20 been
2201 2795 88 20 several
2298 2795 95 20 arrivals
2403 2795 25 20 of
2437 2795 78 21 south-

1922 2834 40 15 ern
1973 2825 73 24 whale
2059 2825 37 29 oil,
2110 2825 105 31 together
2226 2825 55 24 with
2293 2834 63 15 some
2368 2825 76 32 public
2458 2825 57 24 sales

1922 2860 69 30 being
2009 2858 113 30 declared,
2143 2859 39 23 the
2201 2859 83 31 buyers
2304 2859 25 23 of
2351 2867 105 16 common
2472 2858 43 24 fish

1922 2893 42 23 oil-s
1976 2893 58 23 have
2046 2897 42 18 not
2097 2893 60 23 been
2168 2901 26 15 so
2206 2893 97 23 anxious
2323 2896 23 19 to
2362 2893 112 31 purchase
2491 2900 24 15 as

1922 2926 84 31 during
2015 2926 39 24 the
2065 2927 108 30 previous
2184 2926 72 29 week,
2268 2926 45 23 and
2323 2926 39 24 the
2373 2926 91 24 market
2475 2926 40 23 has

1922 2961 92 22 become
2027 2960 64 31 quiet
2102 2959 55 24 with
2169 2959 124 24 somewhat
2305 2961 74 22 easier
2395 2961 75 30 prices
2480 2960 35 22 for

1922 2994 42 23 cod
1975 2993 47 24 and
2033 2992 111 24 southern
2155 3002 6 20 ;
2175 2993 38 23 the
2225 2993 84 24 former
2320 2994 20 22 is
2354 2994 127 23 obtainable
2493 2996 22 20 at

1922 3028 54 23 29
1989 3029 62 27 10s.,
2064 3027 45 23 and
2121 3026 38 24 the
2170 3027 69 23 latter
2249 3031 25 19 at
2285 3027 70 23 about
2371 3027 63 24 28.
2470 3027 45 23 For

1922 3061 46 23 fine
1991 3060 87 32 quality
2101 3060 26 24 of
2153 3068 77 24 sperm
2252 3068 14 16 a
2287 3060 79 31 public
2395 3061 47 23 sale
2470 3067 45 17 was

1922 3094 100 31 brought
2032 3094 99 23 forward
2143 3101 29 16 on
2190 3093 87 32 Friday
2286 3094 54 29 last,
2353 3094 126 31 consisting
2495 3093 20 22 of

1923 3128 69 23 about
2004 3130 32 22 52
2058 3132 54 18 tuns
2133 3126 125 25 American
2276 3127 39 29 oil,
2328 3127 75 24 which
2422 3128 50 23 sold
2492 3130 22 20 at

1922 3162 54 24 91
1994 3163 52 22 10s.
2060 3164 24 21 to
2095 3161 55 24 92
2164 3163 53 22 10s.
2229 3168 41 20 per
2281 3164 51 21 tun.

701 1887 51 23 The
763 1886 83 31 Bailey
859 1887 20 23 is
892 1886 68 24 about
973 1890 23 18 to
1009 1885 43 23 sail
1063 1884 155 31 immediately
1227 1884 34 24 for

669 1920 105 23 London.
810 1920 44 23 We
867 1919 69 24 think
947 1920 18 22 it
973 1918 59 29 well,
1045 1918 121 28 therefore,
1176 1922 22 19 to
1209 1917 51 24 take

669 1962 13 14 a
692 1954 61 22 brief
762 1954 56 22 view
829 1953 25 23 of
863 1953 39 22 the
914 1953 150 30 proceedings
1073 1951 25 23 of
1105 1951 38 23 the
1157 1951 108 26 Colonial,

670 1986 34 23 Gc
712 1990 114 19 /eminent
856 1986 63 22 since
948 1985 39 22 the
1016 1984 120 31 departure
1166 1983 24 23 of
1223 1983 38 22 tho

668 2018 139 31 Brougham,
826 2019 46 23 and
888 2018 49 23 also
950 2022 22 19 to
985 2021 58 20 state
1063 2017 38 23 the
1112 2016 115 24 condition
1240 2015 23 23 of

670 2052 52 28 this,
725 2057 52 27 part
789 2052 25 23 of
829 2052 40 23 the
882 2052 97 30 Colony,
1001 2051 46 24 and
1057 2051 60 23 what
1129 2051 20 22 is
1168 2049 92 24 needful

671 2086 34 23 for
718 2093 41 16 our
770 2085 66 32 rapid
847 2092 117 25 progress.

705 2120 68 23 Since
785 2119 39 23 the
842 2119 120 31 departure
975 2118 25 23 of
1016 2117 38 24 the
1066 2116 138 32 Brougham,
1223 2115 38 24 the

672 2153 117 23 Governor
800 2153 44 23 has
852 2152 54 32 paid
917 2160 28 15 us
955 2160 13 15 a
975 2152 61 29 visit,
1046 2151 45 23 and
1102 2150 64 24 made
1174 2149 87 23 several

672 2186 23 23 of
710 2186 38 23 the
765 2186 171 31 appointments
952 2192 123 23 necessary
1086 2184 34 23 for
1137 2184 39 23 the
1186 2183 75 24 main-

671 2221 103 22 tainence
786 2220 26 23 of
819 2227 70 24 peace
902 2219 44 23 and
957 2218 67 24 order
1032 2228 5 19 ;
1058 2218 44 23 and
1111 2217 42 24 has
1160 2216 102 31 imposed

672 2259 71 23 taxes,
756 2252 44 25 and
811 2252 111 32 provided
931 2260 79 16 means
1019 2252 35 23 for
1066 2251 58 24 their
1133 2250 127 23 collection.

673 2287 92 23 Several
769 2288 124 30 important
898 2286 168 31 appointments
1072 2291 119 24 necessary
1197 2287 23 20 to
1225 2283 37 23 the

672 2320 137 29 settlement,
833 2320 45 23 and
898 2320 38 23 the
959 2322 109 28 payment
1086 2318 22 23 of
1129 2317 76 24 which
1225 2317 38 23 the

672 2353 57 24 local
741 2354 103 23 taxation
852 2360 34 16 we
898 2353 68 23 know
978 2353 20 23 is
1010 2360 64 16 more
1086 2351 54 24 than
1150 2352 114 22 sufficient

673 2392 21 18 to
718 2392 67 24 meet,
809 2387 59 23 have
891 2390 41 19 not
951 2386 60 23 been
1032 2385 73 24 made.
1142 2385 51 24 The
1206 2384 60 23 chief

673 2421 124 30 deficiency
815 2421 20 23 is
855 2428 15 16 a
886 2419 60 25 local
960 2419 72 32 judge
1041 2428 6 20 ;
1068 2418 37 24 the
1124 2422 79 20 extent
1221 2418 43 23 and

673 2455 139 31 importance
831 2454 25 23 of
873 2461 42 16 our
927 2453 159 28 transactions,
1104 2452 55 23 with
1170 2452 39 23 the
1219 2451 45 24 dis-

675 2493 63 18 tance
750 2487 59 24 from
819 2487 133 29 Auckland,
964 2486 81 24 makes
1057 2487 18 22 it
1086 2493 121 24 necessary
1216 2485 49 23 that

674 2521 45 24 this
731 2522 65 23 office
818 2520 83 24 should
917 2520 29 23 be
964 2520 99 23 created.
1098 2519 106 24 Another
1224 2527 41 23 ap-

673 2555 129 31 pointment
818 2554 25 24 of
859 2554 39 24 the
919 2553 92 32 highest
1028 2553 140 31 importance
1186 2557 24 19 to
1228 2552 37 24 the

674 2588 72 32 place,
759 2592 22 19 to
789 2588 29 23 be
825 2587 90 24 created
927 2587 42 24 and
976 2587 107 31 properly
1089 2586 68 29 filled,
1164 2586 19 23 is
1190 2586 49 23 that
1245 2586 23 23 of

675 2622 99 23 harbour
785 2626 94 19 master.
915 2621 125 23 Auckland
1058 2620 41 24 has
1112 2620 46 24 had
1169 2620 58 22 such
1239 2617 27 26 ail

677 2656 75 23 officer
762 2663 32 16 vre
811 2654 88 24 believe
918 2662 56 15 even
985 2655 62 31 prior
1066 2658 23 19 to
1100 2653 38 24 the
1150 2653 84 24 arrival
1246 2653 22 23 of

677 2697 13 15 a
708 2689 80 31 couple
800 2688 25 24 of
841 2688 88 24 vessels
950 2687 63 24 there
1023 2696 5 21 ;
1049 2687 66 23 while
1132 2695 42 20 we,
1196 2691 24 19 at
1230 2686 37 24 the

677 2722 127 31 expiration
816 2722 25 23 of
856 2729 15 16 a
881 2721 79 32 period
971 2721 85 31 during
1066 2720 72 24 which
1152 2720 115 23 hundreds

677 2755 25 24 of
713 2755 84 24 vessels
807 2755 59 23 have
875 2755 83 23 visited
968 2762 36 22 us,
1018 2762 38 16 are
1063 2753 96 25 without
1171 2753 57 24 such
1240 2762 27 15 an

678 2789 84 29 officer,
774 2797 42 15 nor
828 2789 28 23 do
868 2797 34 15 we
915 2789 54 22 hear
981 2789 25 22 of
1017 2796 42 15 one
1071 2787 70 31 likely
1150 2792 23 19 to
1185 2787 29 24 be
1227 2795 40 23 ap-

677 2822 102 32 pointed.
806 2822 39 24 No
854 2822 159 23 Government
1023 2821 115 31 buildings
1146 2821 58 23 have
1212 2821 56 23 been

678 2856 96 29 erected,
794 2863 43 16 nor
855 2856 28 23 do
896 2863 33 16 we
945 2855 55 24 hear
1011 2855 25 23 of
1053 2862 44 24 any
1106 2855 87 30 having
1211 2854 57 24 been

679 2889 102 29 ordered,
797 2889 88 31 though
897 2897 41 15 our
951 2889 164 23 contributions
1127 2893 23 19 to
1164 2888 104 23 Govern-

678 2927 63 19 ment
752 2931 38 16 are
801 2931 55 23 very
868 2922 71 31 large.
976 2922 52 23 The
1040 2922 177 23 determination
1228 2929 40 24 ap-

678 2964 67 23 pears
758 2961 21 19 to
792 2956 28 24 be
832 2961 23 19 to
868 2955 89 32 expend
969 2955 32 24 all
1011 2963 64 24 upon
1085 2955 133 23 Auckland.

712 2990 52 23 The
776 2990 92 23 settlers
879 2997 39 16 are
929 2989 102 31 sensibly
1043 2989 58 23 alive
1112 2993 24 19 to
1148 2988 38 24 the
1204 2996 64 23 grow

678 3023 106 32 injustice
798 3023 74 23 which
882 3023 43 23 has
932 3023 98 23 marked
1041 3023 98 30 Captain
1151 3022 118 32 Hqbson's

680 3057 96 24 conduct
787 3056 99 25 towards
898 3056 46 23 this
956 3056 139 29 settlement,
1112 3056 26 23 in
1156 3055 111 31 founding
1267 3063 3 5 1

678 3090 126 24 Auckland
814 3091 25 23 in
851 3091 122 30 ignorance
984 3089 25 24 of
1030 3089 40 24 the
1082 3090 78 23 merits
1173 3089 24 23 of
1214 3089 56 23 Port

679 3124 127 23 Nicholson
818 3124 45 23 and
875 3123 39 24 the
931 3123 90 24 Middle
1039 3122 81 24 Island
1128 3132 6 20 ;
1155 3123 45 23 and
1218 3122 52 32 they

679 3158 94 23 evinced
783 3157 59 24 their
854 3157 95 31 opinion
959 3161 23 19 to
991 3156 58 24 their
1058 3156 120 24 Governor
1188 3156 82 31 during

678 3190 37 24 his
727 3195 58 27 stay,
806 3192 26 22 in
851 3199 14 15 a
875 3198 95 16 manner
989 3190 75 23 which
1080 3190 123 24 convinced
1224 3190 47 23 him

680 3224 52 31 they
752 3225 45 23 had
813 3225 116 23 sufficient
948 3223 146 32 self-respect
1104 3228 22 18 to
1144 3228 79 19 resent
1242 3232 28 14 an

680 3258 83 31 injury.
811 3258 40 23 He
870 3257 109 24 returned
1000 3261 23 19 to
1041 3256 133 30 Auckland,
1192 3256 79 32 deeply

680 3291 113 23 mortified
804 3295 23 19 at
844 3291 38 23 the
900 3290 79 31 manly
997 3290 170 32 independence
1185 3291 26 23 of
1234 3290 37 24 the

680 3324 98 24 settlers.
816 3324 40 24 He
868 3324 93 23 became
973 3331 73 16 aware
1054 3324 49 23 that
1108 3324 30 23 he
1150 3324 46 23 had
1207 3324 64 23 made

681 3366 13 15 a
705 3366 78 22 wrong
792 3359 106 22 estimate
911 3358 27 23 of
951 3357 38 24 the
1002 3357 139 31 community
1152 3357 29 24 he
1193 3357 47 24 had
1250 3361 22 19 to

681 3391 50 24 deal
757 3392 62 23 with.
873 3391 46 24 We
945 3391 87 24 believe
1058 3391 30 23 he
1108 3397 52 17 now
1183 3390 89 32 equally

681 3424 84 24 detests
778 3425 45 23 and
830 3428 104 28 respects
946 3424 38 24 the
996 3424 81 32 people
1089 3424 23 24 of
1134 3424 47 23 this
1199 3425 71 30 place.

681 3458 44 23 We
738 3458 69 23 doubt
818 3458 21 23 if
854 3466 45 23 any
912 3458 120 23 Governor
1044 3458 42 23 has
1102 3465 52 16 ever
1171 3458 47 23 had
1235 3458 37 23 the

682 3491 186 31 disapprobation
879 3491 26 23 of
929 3500 14 14 a
963 3491 141 31 community
1122 3499 24 15 so
1166 3491 106 31 palpably

682 3525 131 31 expressed,
833 3525 46 23 and
890 3525 77 30 firmly
979 3524 145 30 maintained,
1137 3532 26 15 as
1176 3524 96 31 Captain

683 3558 97 24 Hobson
793 3558 152 30 experienced
955 3559 19 22 it
985 3559 24 22 in
1021 3558 59 24 Port
1091 3557 134 25 Nicholson.

715 3592 78 23 While
804 3591 62 29 here,
886 3591 30 24 he
933 3596 62 19 went
1013 3596 40 19 not
1063 3592 89 30 beyond
1165 3591 37 24 the
1214 3596 58 20 town

682 3625 45 23 and
739 3625 37 23 the
787 3625 54 23 hills
853 3625 25 23 in
889 3625 31 23 its
930 3625 131 23 immediate
1073 3625 197 30 neighbourhood;

682 3658 42 23 but
734 3658 36 23 his
782 3659 147 30 expressions
942 3658 24 23 of
981 3658 39 23 the
1037 3662 76 20 extent
1131 3658 26 23 of
1176 3658 39 23 the
1232 3659 41 23 site

683 3692 25 22 of
722 3691 38 24 the
773 3696 67 25 town,
861 3692 25 23 of
908 3691 39 24 the
965 3691 131 32 capability,
1113 3692 109 30 security,
1230 3692 43 24 and

682 3724 87 32 facility
779 3726 26 22 of
828 3726 91 30 ingress
941 3729 23 19 to
987 3724 45 24 and
1055 3732 77 23 egress
1155 3724 60 24 from
1235 3726 37 23 the

682 3757 107 30 harbour,
800 3766 59 16 were
872 3758 26 23 of
918 3766 13 15 a
943 3758 116 24 character
1072 3762 22 19 to
1105 3758 28 23 be
1145 3757 95 25 entitled
1251 3763 21 19 to

684 3791 38 23 the
734 3796 58 18 term
802 3791 157 24 enthusiastic.
1009 3792 47 23 His
1078 3792 91 31 opinion
1186 3792 26 23 of
1236 3792 36 24 the

684 3823 82 31 beauty
779 3825 26 23 of
821 3825 37 23 the
871 3824 64 31 place
947 3832 54 21 was,
1021 3824 49 23 that
1089 3825 17 23 it
1125 3832 25 15 so
1169 3824 35 24 far
1223 3833 49 15 sur-

683 3858 83 30 passed
787 3857 39 24 the
851 3862 50 19 seat
924 3858 25 23 of
980 3858 164 28 Government,
1173 3858 50 23 that
1245 3858 28 24 lie

685 3890 131 24 considered
835 3891 19 22 it
873 3891 55 23 wise
948 3895 22 19 to
990 3898 63 16 warn
1072 3899 60 15 some
1144 3885 129 40 gentlemejn.

684 3923 137 30 proceeding
832 3923 72 28 there,
922 3928 40 18 not
971 3928 24 18 to
1007 3928 82 26 expect
1100 3928 21 19 to
1131 3924 49 23 find
1190 3924 82 23 Auck-

684 3955 53 23 land
744 3956 121 30 possessed
872 3956 25 22 of
904 3956 65 29 equal
978 3956 135 30 advantages
1121 3965 6 20 ;
1135 3957 50 24 that
1192 3957 19 22 if
1222 3957 51 30 they

2011 3225 60 24 have
2083 3234 56 15 seen
2149 3226 80 23 letters
2240 3226 59 23 from
2312 3226 101 32 Sydney,
2432 3225 33 31 by
2476 3224 36 24 the

1923 3257 112 32 Matilda,
2060 3260 90 30 stating
2166 3259 52 24 that
2232 3259 129 31 .labouring
2382 3267 55 16 men
2458 3265 56 17 were

1923 3293 71 31 being
2005 3293 105 31 engaged
2122 3297 23 19 at
2165 3293 55 24 lOd.
2239 3300 15 16 a
2276 3293 52 31 day,
2352 3293 45 24 and
2417 3293 93 23 rations.

1924 3326 59 24 This
1994 3327 19 22 is
2026 3328 56 23 12
2093 3334 42 24 per
2147 3334 92 21 annum,
2252 3326 44 23 and
2308 3326 39 23 the
2363 3330 48 20 coit
2430 3326 26 23 of
2478 3324 36 24 the

1924 3361 87 22 rations
2034 3361 21 22 is
2079 3360 69 23 about
2169 3361 55 22 26
2236 3368 6 20 ;
2271 3359 105 31 together
2399 3360 54 24 38
2475 3365 39 25 per

1924 3401 93 15 annum.
2055 3393 106 23 Another
2179 3393 66 23 letter
2261 3393 75 23 stated
2352 3393 49 23 that
2411 3401 44 16 one
2467 3399 45 16 em-

1924 3427 80 31 ployer
2019 3426 47 23 had
2083 3426 104 31 engaged
2208 3428 30 22 10
2259 3434 54 16 men
2333 3427 36 23 for
2386 3427 72 25 170
2475 3432 39 24 per

1924 3468 92 21 annum,
2031 3467 26 15 or
2068 3460 54 24 17
2133 3467 13 15 a
2157 3467 54 23 year
2222 3469 6 20 ;
2254 3460 46 24 and
2319 3461 85 23 rations
2416 3464 24 19 at
2451 3460 61 26 26,

1924 3493 68 24 make
2006 3494 56 23 43
2074 3500 42 24 per
2131 3500 94 17 annum.
2281 3493 87 32 Wages
2387 3502 37 15 are
2443 3491 71 25 stated

1924 3530 23 19 to
1970 3526 29 23 be
2018 3526 81 30 nearly
2123 3534 26 16 as
2166 3527 45 23 low
2229 3528 25 22 in
2274 3528 59 23 Port
2350 3527 94 31 Phillip,
2462 3524 52 25 Van

1924 3559 122 24 Dieman's
2057 3559 76 30 Land,
2146 3560 44 23 and
2202 3560 75 24 South
2295 3561 125 23 Australia.
2462 3557 53 26 And

1925 3600 57 16 even
1994 3597 22 19 at
2029 3592 46 24 this
2088 3593 114 24 wretched
2214 3594 86 24 reward
2315 3594 36 24 for
2369 3594 110 30 industry,
2497 3592 18 22 it

1924 3626 20 23 is
1957 3626 75 23 stated
2044 3630 23 19 to
2079 3627 28 23 be
2119 3627 97 24 difficult
2228 3632 22 19 to
2262 3632 40 26 get
2321 3627 151 31 employment
2490 3625 23 23 in

1926 3660 65 22 those
2004 3660 108 24 Colonies
2125 3665 24 19 at
2161 3661 37 23 the
2210 3665 93 27 present
2320 3665 109 19 moment.
2472 3657 42 24 We

1925 3693 86 23 believe
2023 3693 66 24 these
2101 3698 61 19 rates
2174 3702 38 15 are
2224 3695 38 22 the
2273 3695 80 22 lowest
2364 3701 51 16 ever
2434 3693 79 23 known

1926 3726 23 24 in
1977 3726 50 24 that
2056 3732 53 27 part
2134 3728 26 23 of
2192 3727 38 23 the
2259 3728 78 29 world,
2365 3726 42 24 and
2436 3727 20 22 is
2478 3724 36 25 the

1927 3764 116 27 strongest
2065 3761 70 31 proof
2160 3761 25 23 of
2204 3761 39 23 the
2264 3761 119 31 unhinged
2408 3763 58 20 state
2493 3757 22 23 of

1927 3794 77 23 affairs
2015 3795 26 23 in
2053 3794 65 24 those
2131 3794 115 24 Colonies.
2295 3794 24 24 It
2337 3798 81 19 cannot
2436 3793 28 23 be
2476 3799 37 16 ex-

1927 3827 81 31 pected
2020 3828 50 23 that
2082 3827 45 24 this
2146 3827 132 32 depression
2290 3828 47 23 will
2354 3828 54 30 long
2426 3825 88 27 endure,

1928 3861 45 23 and
1984 3869 32 15 we
2029 3861 59 31 hope
2098 3861 77 23 future
2187 3866 108 18 accounts
2307 3861 47 23 will
2368 3860 99 24 describe
2479 3857 35 24 the

1928 3894 118 24 labourers
2057 3895 34 22 lot
2102 3898 22 19 to
2136 3894 28 23 be
2176 3894 89 31 rapidly
2286 3894 126 30 advancing
2429 3897 23 19 to
2470 3890 45 25 that

1928 3931 59 19 state
1999 3927 76 23 which
2087 3928 37 22 the
2136 3928 140 23 industrious
2286 3928 66 23 when
2363 3928 57 22 their
2428 3925 86 28 leaving

1928 3960 75 29 home,
2015 3960 137 30 reasonably
2164 3961 110 29 expected
2286 3965 23 20 to
2321 3961 47 24 Iml
2380 3968 28 16 on
2425 3956 86 27 arrival.

1269 122 39 24 did
1319 126 40 19 not
1376 121 88 31 greatly
1482 120 115 24 moderate
1618 120 58 22 their
1700 123 162 28 expectations,

1271 155 53 31 they
1334 154 76 24 would
1420 154 30 23 lie
1461 153 147 31 enormously
1616 152 178 31 dissappointed.

1305 187 39 24 He
1355 187 81 23 visited
1451 187 36 23 the
1501 186 89 24 Middle
1610 186 89 28 Island,
1711 185 46 23 and
1773 189 90 19 return-

1272 221 36 29 ed,
1321 220 125 24 convinced
1463 220 49 23 that
1529 219 29 24 he
1577 219 45 23 had
1637 219 60 23 been
1716 217 107 24 deceived
1840 218 23 22 in

1271 254 39 23 the
1322 258 96 19 account
1429 253 29 23 he
1466 253 46 23 had
1522 252 46 24 had
1580 253 26 23 of
1623 252 51 23 that
1685 252 72 31 place.
1795 250 70 24 Com-

1271 292 79 26 petent
1371 295 97 23 persons
1491 287 112 22 maintain
1627 285 49 23 that
1699 285 18 23 it
1745 285 21 22 i
1794 284 72 30 really

1273 321 102 31 superior
1395 324 23 19 to
1438 320 39 23 the
1494 319 120 23 Northern
1633 318 79 24 Island
1724 327 5 19 ;
1749 317 46 23 and
1812 317 55 30 they

1274 354 126 23 endeavour
1412 358 23 18 to
1444 357 97 19 account
1547 353 34 22 for
1590 352 38 23 the
1639 351 95 32 general
1744 352 122 30 ignorance

1275 387 25 23 of
1309 387 29 23 its
1350 387 87 28 merits,
1451 386 30 31 by
1493 394 14 15 a
1525 386 75 23 desire
1620 393 29 15 on
1668 385 38 23 the
1724 389 52 26 part
1788 384 25 23 of
1827 383 40 24 the

1275 419 53 24 land
1340 419 81 24 sharks
1434 424 23 19 to
1470 423 95 27 prevent
1577 426 46 23 any
1632 418 84 30 rivalry
1728 419 24 22 in
1764 417 38 23 the
1813 417 55 23 land

1275 453 123 31 purchases
1410 452 55 31 they
1474 460 57 15 were
1543 452 97 31 making
1652 459 25 15 so
1691 450 141 31 extensively
1843 451 25 22 in

1276 487 48 22 that
1346 485 88 24 Island.
1471 486 70 22 Since
1560 485 65 23 these
1637 485 79 22 claims
1728 483 47 24 will
1788 483 80 31 nearly

1276 519 31 23 all
1317 519 29 23 be
1357 518 154 31 disregarded,
1524 518 54 30 they
1590 518 47 23 find
1651 517 136 24 themselves
1799 516 68 24 with-

1277 556 38 19 out
1326 551 146 24 inducement
1484 556 22 18 to
1521 551 27 23 do
1567 551 39 23 the
1619 551 81 23 Island
1707 551 85 30 justice
1801 558 7 20 ;
1827 550 41 23 but

1276 585 46 23 had
1333 585 53 30 they
1399 593 13 15 a
1422 585 60 30 hope
1494 584 26 24 of
1534 584 62 23 their
1612 584 62 23 titles
1686 584 69 30 being
1767 582 101 29 allowed,

1276 626 32 15 we
1321 617 69 24 doubt
1408 622 42 19 not
1467 617 39 23 the
1524 617 79 31 public
1615 616 76 24 would
1706 616 29 23 be
1747 615 81 32 placed
1844 617 25 21 in

1275 652 131 30 possession
1418 651 26 23 of
1459 651 66 29 facts,
1538 650 50 23 that
1601 654 23 19 at
1642 650 61 23 least
1713 648 75 24 would
1799 656 70 24 prove

1277 684 88 24 Middle
1384 683 89 30 Island,
1490 692 27 15 as
1534 692 34 15 we
1585 683 59 24 have
1662 690 26 16 so
1707 682 62 24 often
1787 681 81 30 stated,

1277 718 53 31 only
1341 718 94 23 inferior
1449 721 21 19 to
1483 717 39 24 the
1542 716 119 25 Northern
1673 715 80 24 Island
1771 716 24 23 in
1807 723 63 16 some

1277 755 108 27 respects,
1398 751 45 23 and
1456 750 123 31 possessed
1598 750 26 23 of
1639 749 139 30 advantages
1795 748 76 24 which

1278 784 37 24 the
1340 784 118 24 Northern
1481 783 88 29 Island,
1592 783 43 24 but
1661 782 148 32 particularly
1832 782 39 23 the

1277 817 109 24 northern
1397 817 90 31 portion
1498 817 25 23 of
1531 817 27 29 it,
1566 817 56 23 does
1631 822 41 18 not
1683 820 100 27 present.
1820 815 51 24 The

1276 851 143 23 settlements
1429 850 101 30 forming
1542 850 64 23 there
1618 850 31 30 by
1661 849 89 24 British
1762 848 108 32 subjects,

1279 892 37 16 are
1329 892 14 16 a
1354 892 80 15 source
1451 884 25 23 of
1491 884 110 23 vexation
1611 888 24 19 to
1648 883 99 31 Captain
1764 882 107 29 Hobson,

1278 918 50 23 who
1346 917 37 24 did
1401 922 41 19 not
1461 917 97 24 hesitate
1576 921 23 19 to
1612 916 96 29 declare,
1721 916 50 23 that
1788 916 20 23 if
1823 915 50 24 that

1279 951 80 23 Island
1370 958 46 16 was
1430 951 118 23 colonized
1559 955 22 19 to
1601 958 15 15 a
1631 949 142 32 respectable
1785 953 87 25 extent,

1280 984 72 24 either
1361 984 50 23 that
1423 984 63 23 there
1499 988 62 19 must
1573 984 29 23 be
1614 988 44 19 two
1671 983 169 24 Governments
1849 983 25 22 in

1280 1017 58 25 New
1355 1017 109 28 Zealand,
1479 1026 24 14 or
1516 1017 49 23 that
1580 1017 40 23 the
1637 1017 157 23 Government
1811 1020 63 19 must

1280 1052 28 23 be
1326 1051 139 23 transferred
1479 1055 22 19 to
1521 1050 57 25 Port
1598 1050 136 24 Nicholson.
1769 1049 52 24 The
1834 1049 39 24 de-

1280 1085 147 23 termination
1448 1084 24 23 of
1489 1084 100 31 Captain
1606 1084 31 24 A.
1792 1087 41 19 not
1851 1087 23 19 to

1280 1118 59 23 form
1357 1118 39 23 the
1414 1117 91 24 Nelson
1521 1117 132 24 settlement
1672 1118 24 22 in
1715 1116 39 23 the
1766 1116 68 23 north
1853 1117 23 22 of

1281 1151 38 23 the
1342 1151 88 29 Island,
1456 1151 162 31 disappointed
1640 1150 99 32 Captain
1759 1149 99 24 Hobson
1867 1159 5 20 ;

1282 1184 45 24 and
1348 1184 39 24 the
1410 1184 104 23 decision
1534 1185 24 22 in
1581 1184 82 23 favour
1682 1183 25 24 of
1727 1183 39 23 the
1785 1182 90 24 Middle

1282 1217 79 24 Island
1374 1217 37 24 led
1422 1217 48 24 him
1483 1223 22 18 to
1519 1217 62 24 show
1594 1217 50 24 that
1657 1217 18 23 it
1686 1216 76 24 would
1771 1216 30 23 be
1813 1224 63 16 more

1283 1252 117 30 agreeable
1413 1256 22 19 to
1449 1251 35 23 his
1496 1251 99 31 feelings
1614 1255 22 19 to
1649 1250 58 23 have
1723 1250 18 23 it
1760 1250 117 23 colonized

1282 1285 31 30 by
1332 1285 88 23 France
1439 1284 54 24 than
1510 1285 31 30 by
1554 1284 118 32 England,
1690 1283 19 24 if
1724 1283 118 23 colonized
1859 1284 18 22 it

1283 1323 62 18 must
1362 1318 37 24 be.
1436 1318 45 23 We
1503 1318 82 31 gather
1603 1318 47 23 this
1663 1318 59 23 from
1735 1316 37 24 his
1790 1316 87 32 having

1282 1351 75 24 raised
1367 1360 32 23 up
1411 1351 39 24 the
1461 1351 80 24 claims
1555 1351 24 23 of
1589 1351 39 23 the
1640 1351 78 24 Nanto
1727 1350 150 24 Bourdelaise

1284 1384 126 32 Company,
1422 1393 25 15 as
1460 1393 13 15 a
1485 1384 129 32 stumbling
1625 1384 69 24 block
1705 1384 25 23 in
1741 1384 39 23 the
1791 1391 50 24 way
1856 1384 22 23 of

1284 1418 38 24 the
1344 1419 84 23 second
1449 1418 131 24 settlement
1597 1418 72 31 being
1686 1417 89 24 located
1794 1417 25 23 in
1839 1417 39 23 the

1284 1452 188 31 neighbourhood
1484 1452 24 23 of
1523 1452 105 23 Akaroa.
1666 1451 62 24 That
1743 1450 30 24 he
1792 1450 39 24 did
1844 1459 33 20 so,

1285 1485 45 23 will
1352 1486 29 23 be
1398 1485 67 23 made
1484 1484 118 32 generally
1614 1484 90 30 known,
1721 1485 31 30 by
1764 1484 38 23 the
1819 1485 60 31 pub-

1285 1519 94 23 lication
1402 1518 25 24 of
1447 1518 37 24 his
1507 1518 138 32 despatches
1668 1518 121 23 hereafter.
1828 1518 51 23 The

1286 1552 152 24 colonization
1461 1552 26 24 of
1507 1552 40 24 the
1575 1552 92 24 Middle
1697 1551 80 25 Island
1802 1551 77 32 places

1287 1585 100 32 Captain
1406 1586 101 23 Hobson
1526 1586 160 30 irretrievably
1696 1586 23 23 in
1738 1593 14 15 a
1764 1584 114 24 dilemma.

1287 1619 41 24 He
1361 1619 43 23 has
1431 1619 104 30 wilfully,
1566 1627 26 15 or
1622 1619 101 30 through
1755 1618 124 32 prejudice,

1287 1653 135 31 incapacity,
1456 1661 26 15 or
1510 1654 132 29 ignorance,
1674 1652 87 30 utterly
1794 1652 87 23 abused

1287 1686 39 24 the
1360 1686 131 24 confidence
1522 1685 99 32 reposed
1648 1687 24 22 in
1700 1685 48 24 him
1781 1685 31 31 by
1839 1685 43 23 her

1289 1720 109 31 Majesty,
1427 1720 45 23 and
1498 1719 38 24 the
1559 1719 92 24 British
1670 1720 72 23 Press
1763 1719 46 24 will
1842 1723 40 27 yet

1287 1753 68 24 make
1383 1753 49 23 him
1460 1753 46 23 feel
1535 1753 59 23 such
1623 1757 22 19 to
1674 1753 29 23 be
1725 1753 39 23 the
1787 1752 95 31 general

1288 1786 100 31 opinion.
1425 1786 47 24 Let
1484 1786 48 23 him
1541 1786 85 31 justify
1637 1786 96 23 himself
1747 1786 21 23 if
1783 1786 29 23 he
1830 1793 50 16 can.

1288 1819 44 24 We
1350 1820 45 24 feel
1413 1820 95 23 assured
1524 1819 30 24 he
1573 1827 44 15 can
1633 1819 30 23 do
1681 1821 19 22 it
1717 1819 54 31 only
1790 1827 30 15 on
1840 1826 42 16 one

1287 1854 96 30 ground,
1397 1854 21 23 if
1432 1853 51 24 that
1500 1853 29 24 be
1548 1853 141 24 admissible.
1740 1853 24 24 It
1780 1857 64 19 must
1855 1852 27 23 be

1289 1894 60 23 upon
1374 1887 39 23 the
1439 1887 67 23 effect
1528 1887 38 23 his
1599 1894 78 16 severe
1707 1886 88 29 illness,
1819 1887 64 23 since

1289 1920 28 23 he
1335 1920 90 23 arrived
1443 1921 25 22 in
1486 1919 60 25 New
1565 1920 111 29 Zealand,
1691 1920 42 23 has
1755 1920 47 23 had
1821 1927 63 23 upon

1289 1953 35 22 his
1336 1953 84 23 mental
1434 1954 103 29 capacity
1546 1962 6 19 ;
1572 1953 46 23 and
1628 1953 75 23 which
1715 1961 42 15 our
1768 1953 116 23 reference

1289 1990 31 24 to,
1331 1993 63 16 some
1403 1986 55 22 time
1468 1986 72 28 since,
1550 1993 24 15 so
1583 1985 139 31 shockingly
1729 1985 110 31 outraged
1846 1985 38 23 the

1288 2018 97 31 feelings
1398 2019 26 23 of
1445 2027 13 15 a
1476 2018 103 24 maudlin
1600 2018 146 24 sentimental
1765 2019 75 23 writer
1860 2019 25 22 in

1289 2051 39 24 the
1338 2052 123 23 Auckland
1471 2049 103 26 Herald.
1611 2052 45 23 We
1674 2056 120 24 re-assert,
1816 2051 66 32 Capt.

1291 2085 98 24 Hobson
1401 2085 67 23 could
1480 2090 41 18 not
1533 2085 59 23 have
1604 2085 114 32 appeared
1730 2093 24 15 so
1764 2085 121 31 powerless

1289 2118 77 24 before
1375 2118 38 24 the
1427 2118 106 25 Colonial
1545 2118 118 30 Minister,
1676 2127 25 15 as
1712 2118 30 23 he
1762 2118 36 23 did
1816 2118 69 24 when

1289 2152 29 24 he
1329 2152 122 31 presented
1461 2152 96 24 himself
1578 2157 23 18 to
1621 2152 39 24 the
1681 2152 59 24 Port
1758 2152 128 24 Nicholson

1289 2185 77 32 public
1374 2195 7 20 ;
1406 2193 26 16 as
1451 2193 33 17 we
1502 2186 47 23 feel
1559 2185 104 30 assured,
1686 2185 50 24 that
1745 2186 74 23 under
1830 2186 56 23 such

1291 2220 184 28 circumstances,
1494 2219 60 23 such
1570 2220 128 31 important
1711 2226 89 25 powers
1812 2219 76 23 would

1290 2260 69 16 never
1386 2252 60 25 have
1467 2253 59 24 been
1550 2252 82 32 placed
1654 2253 25 23 in
1701 2252 38 24 his
1766 2252 73 24 hands
1862 2257 23 20 to

1291 2286 109 24 exercise.
1446 2286 48 24 But
1505 2294 34 16 we
1552 2286 89 24 declare
1652 2287 75 30 again,
1740 2285 26 25 ill
1776 2286 80 24 health
1867 2287 20 23 is

1291 2327 29 16 no
1333 2327 84 16 excuse
1429 2320 35 23 for
1474 2320 83 31 failing
1566 2325 23 18 to
1601 2320 102 32 perform
1718 2320 40 23 the
1774 2320 75 23 duties
1865 2320 23 23 of

1292 2361 29 15 an
1336 2353 64 24 office
1410 2362 6 20 ;
1440 2353 44 24 and
1502 2361 43 22 we,
1568 2353 124 30 therefore,
1714 2354 113 23 maintain
1839 2354 49 23 that

1293 2387 97 31 Captain
1402 2386 101 25 Hobson
1521 2387 47 24 will
1586 2392 41 19 not
1641 2388 31 23 be
1694 2387 49 24 able
1766 2391 23 19 to
1805 2387 83 31 justify

1292 2420 37 24 his
1342 2420 106 24 conduct.
1485 2421 58 23 Had
1552 2421 27 23 he
1590 2421 66 23 acted
1668 2429 26 15 as
1706 2429 13 15 a
1729 2428 83 24 proper
1821 2428 67 16 sense

1293 2454 26 23 of
1345 2454 55 30 duty
1423 2454 75 23 would
1517 2454 59 23 have
1600 2454 131 32 suggested,
1758 2454 29 23 he
1814 2454 75 24 would

1293 2487 56 23 have
1359 2487 106 31 resigned
1476 2496 62 23 upon
1551 2488 38 24 the
1599 2489 51 23 first
1658 2488 77 24 attack
1745 2488 25 23 of
1775 2488 114 31 paralysis

1293 2521 29 23 he
1340 2522 149 30 expeiienced
1500 2531 5 19 ;
1530 2522 43 23 but
1595 2529 30 16 an
1648 2522 87 30 unholy
1758 2522 74 23 desire
1854 2522 35 23 for

1293 2555 61 30 gain,
1366 2555 40 23 the
1414 2555 76 31 paltry
1503 2555 111 23 ambition
1627 2555 25 23 of
1674 2555 70 31 being
1761 2555 127 29 Governor,

1294 2596 25 15 or
1343 2588 85 30 vanity,
1453 2588 41 23 has
1519 2588 81 32 placed
1620 2588 50 24 him
1692 2590 23 22 in
1738 2588 36 23 his
1797 2593 93 27 present

1294 2621 136 24 unenviable
1447 2622 108 31 position.
1593 2621 103 32 Enough
1714 2622 26 23 of
1762 2622 46 23 this
1825 2630 63 21 man,

1294 2655 58 23 from
1366 2654 76 25 whom
1461 2655 47 23 this
1529 2655 134 24 settlement
1679 2656 42 23 has
1740 2655 150 31 experienced

1294 2688 95 31 injuries
1401 2688 76 24 which
1487 2688 75 24 would
1574 2689 59 23 have
1653 2689 59 23 been
1732 2689 116 23 sufficient
1866 2693 23 19 to

1295 2722 57 23 have
1370 2722 114 23 scattered
1506 2729 46 23 any
1574 2723 141 30 community
1738 2722 95 31 lacking
1850 2722 39 24 the

1296 2755 78 31 steady
1386 2755 45 24 and
1447 2756 87 31 patient
1555 2755 131 24 endurance
1704 2755 36 24 for
1758 2755 76 25 which
1853 2755 38 25 the

1296 2788 90 25 settlers
1410 2789 26 23 of
1461 2789 60 24 Port
1553 2788 129 25 Nicholson
1703 2789 59 24 have
1783 2790 60 23 been
1865 2797 26 16 so

1296 2822 123 31 creditably
1426 2822 153 25 remarkable.
1621 2823 46 23 We
1675 2823 59 23 need
1743 2823 82 31 hardly
1837 2831 54 16 con-

1298 2856 62 23 clude
1374 2863 40 16 our
1421 2856 106 24 remarks
1540 2856 71 24 about
1623 2856 99 32 Captain
1735 2857 106 29 Hobson,
1861 2857 31 31 by

1297 2889 117 31 declaring
1432 2889 50 24 that
1509 2889 38 25 his
1564 2891 105 23 removal
1693 2891 20 23 is
1736 2898 43 16 one
1802 2890 26 24 of
1854 2890 38 24 the

1296 2923 78 31 things
1385 2931 34 16 we
1432 2923 65 24 deem
1517 2924 109 23 essential
1644 2928 24 19 to
1690 2932 41 15 our
1748 2924 143 31 well-being.

1298 2956 45 24 Let
1354 2957 48 23 him
1413 2957 29 23 be
1454 2957 106 31 replaced
1571 2957 31 31 by
1616 2965 28 15 an
1655 2957 116 31 impartial
1785 2957 46 24 and
1842 2957 50 24 able

1298 2997 60 22 man,
1372 2990 44 23 and
1428 2998 33 15 we
1474 2990 60 24 shall
1545 2991 29 23 be
1595 2991 104 23 satisfied
1716 2991 55 23 with
1791 2991 40 23 the
1852 2990 40 24 de-

1298 3024 70 23 cision
1373 3023 29 24 he
1411 3032 54 23 may
1472 3024 69 24 make
1553 3025 131 31 respecting
1693 3025 38 23 the
1737 3032 83 24 proper
1828 3025 64 31 place

1298 3057 34 24 for
1344 3057 38 23 the
1395 3062 49 19 seat
1456 3057 25 24 of
1496 3057 169 24 Government.

1332 3091 50 23 The
1390 3095 60 20 state
1460 3091 25 23 of
1492 3091 39 24 the
1540 3091 90 31 Colony
1637 3093 21 22 is
1667 3091 138 32 thoroughly
1812 3092 81 29 sound,

1299 3124 44 23 and
1361 3132 126 16 commerce
1507 3125 45 23 and
1578 3125 138 31 agriculture
1737 3133 38 15 ar
1786 3125 108 32 palpably

1300 3165 29 16 on
1342 3157 38 24 the
1399 3159 111 23 increase.
1548 3159 51 23 The
1616 3167 63 15 more
1691 3166 32 16 we
1741 3159 94 23 become
1855 3167 38 15 ac-

1300 3191 106 31 quainted
1417 3192 55 23 with
1485 3192 38 23 the
1540 3192 99 29 climate,
1661 3192 45 23 and
1717 3192 39 23 the
1775 3193 81 23 merits
1872 3192 25 24 of

1300 3232 40 16 our
1352 3225 107 30 position,
1481 3225 40 24 the
1533 3230 106 26 stronger
1651 3234 43 15 our
1705 3226 129 23 oonviction
1845 3225 50 24 that

1300 3265 40 16 our
1352 3265 93 17 success
1456 3259 59 23 from
1527 3259 65 23 these
1605 3267 93 15 sources
1710 3259 47 23 will
1771 3260 28 22 be
1818 3264 75 26 great.

1300 3291 101 31 Already
1421 3291 39 24 the
1484 3292 70 24 shore
1574 3293 87 31 parties
1684 3293 100 31 whaling
1806 3293 26 22 in
1854 3301 41 15 our

1301 3325 185 30 neighbourhood
1497 3326 57 23 look
1564 3330 24 19 to
1601 3326 47 23 this
1665 3331 52 26 port
1728 3326 36 24 for
1775 3326 102 31 supplies
1886 3335 7 20 ;

1301 3359 45 23 and
1364 3366 25 16 as
1402 3366 14 16 a
1427 3359 92 24 market
1529 3360 36 23 for
1577 3359 60 24 their
1653 3360 32 23 oil
1697 3360 44 23 and
1752 3359 141 24 whalebone.

1301 3392 50 24 The
1362 3392 51 23 first
1425 3399 83 17 season
1521 3393 24 23 of
1560 3401 42 15 our
1614 3394 84 22 arrival
1707 3393 63 29 here,
1782 3401 34 15 we
1828 3393 68 24 knew

1300 3425 58 24 little
1370 3425 26 24 of
1413 3425 40 23 the
1470 3427 152 30 proceedings
1643 3427 27 23 of
1687 3435 41 15 our
1745 3427 149 31 neighbours,

1301 3459 45 23 and
1357 3459 30 23 all
1399 3460 59 22 their
1468 3460 32 22 oil
1510 3464 61 19 went
1583 3460 71 23 direct
1662 3465 23 18 to
1699 3460 100 31 Sydney.
1837 3460 58 23 This

1301 3500 81 15 season
1394 3500 33 15 we
1439 3492 57 24 have
1508 3493 58 23 been
1583 3494 25 22 in
1620 3494 74 23 active
1705 3494 191 23 communication

1301 3525 54 24 with
1367 3526 39 23 the
1418 3526 106 29 stations,
1544 3527 46 23 and
1611 3535 14 14 a
1636 3526 156 24 considerable
1804 3527 91 30 portion

1302 3559 24 23 of
1333 3559 59 23 their
1402 3559 100 31 produce
1514 3559 42 24 has
1568 3559 85 32 passed
1660 3559 100 32 through
1771 3560 39 23 the
1821 3560 74 23 hands

1301 3592 26 24 of
1334 3600 40 16 our
1383 3592 142 24 merchants.
1555 3593 52 23 The
1616 3594 174 22 establishment
1797 3592 26 24 of
1832 3597 64 26 ports

1301 3625 26 24 of
1334 3625 75 31 Entry
1421 3625 46 24 and
1481 3627 108 22 Customs
1597 3626 75 23 duties
1683 3634 78 15 secure
1773 3627 39 22 the
1823 3626 73 23 whole

1301 3659 26 23 of
1336 3659 45 23 this
1394 3659 64 23 trade
1471 3659 171 24 henceforward
1654 3663 22 19 to
1694 3660 46 22 this
1751 3664 53 26 port
1812 3668 6 20 ;
1840 3664 56 18 next

1301 3700 54 24 year
1366 3700 33 16 we
1409 3692 47 24 feel
1467 3693 116 23 confident
1595 3693 39 23 the
1646 3693 105 31 quantity
1764 3693 24 23 of
1806 3693 30 23 oil
1853 3693 44 23 and

1301 3726 58 23 bone
1371 3725 97 32 shipped
1479 3726 59 23 from
1557 3726 47 23 this
1616 3731 60 26 port,
1689 3726 19 23 if
1725 3726 39 23 the
1776 3733 82 17 season
1868 3726 29 23 be

1301 3759 106 24 attended
1428 3759 55 23 with
1506 3767 101 21 success,
1631 3759 48 23 will
1699 3759 27 23 be
1748 3759 72 31 large.
1862 3759 35 24 To

1301 3801 79 15 secure
1392 3794 19 21 it
1421 3801 63 23 upon
1493 3792 40 24 the
1550 3793 51 23 best
1612 3797 81 25 terms,
1704 3800 33 16 we
1750 3793 73 31 ought
1835 3797 23 19 to
1869 3793 29 23 b

1301 3834 25 15 so
1343 3825 108 31 liberally
1463 3826 106 31 supplied
1580 3826 57 23 with
1655 3826 72 31 goods
1747 3827 73 23 direct
1838 3827 60 23 from

1301 3860 115 30 England,
1439 3868 24 15 as
1475 3864 23 19 to
1516 3860 28 23 be
1557 3860 96 23 enabled
1672 3864 23 19 to
1708 3860 42 23 sell
1771 3864 24 19 at
1809 3860 90 31 equally

1300 3893 132 23 favourable
1445 3898 60 18 rates
1519 3893 53 23 with
1584 3893 39 24 the
1630 3894 121 30 importers
1762 3898 22 19 to
1796 3893 102 31 Sydney.

1300 3925 43 23 We
1356 3926 27 23 do
1396 3930 39 19 not
1449 3933 66 16 mean
1527 3931 25 18 at
1565 3926 39 23 the
1620 3931 92 26 present
1725 3928 124 29 .ruinously
1860 3927 39 23 de-

1300 3957 114 30 preciated
1423 3958 75 29 prices
1506 3958 107 23 obtained
1625 3960 23 21 in
1658 3959 49 22 that
1717 3959 98 28 market,
1825 3961 42 21 but
1877 3963 23 19 at

515 47 102 30 THE
639 46 110 31 NEW
762 43 231 33 ZEALAND
1015 41 227 33 GAZETTE
1260 38 100 33 AND
1381 36 332 33 WELLINGTON
1738 34 295 33 SPECTATOR.

716 128 170 24 SHIPPING
905 125 275 26 INTELLIGENCE.

879 184 143 20 ARRIVED.

682 215 56 19 Nov.
755 215 20 21 3,
792 213 105 21 schooner
913 212 82 25 Bailey,
1012 211 94 24 Sinclair,
1125 210 49 23 163,
1190 209 55 20 from

656 242 99 20 Hawke's
764 241 46 26 Bay
818 248 6 17 ;
840 247 70 19 cargo,
929 240 36 24 oil,
981 240 63 22 bone,
1062 238 41 20 and
1118 237 127 26 provisions.

657 269 124 26 Passengers
811 268 88 20 Messrs.
908 267 22 21 F.
938 267 26 20 V.
971 266 82 20 Martin
1063 265 40 20 and
1112 264 133 26 Beauchamp

656 297 107 19 Halswell.

897 340 113 20 SAILED.

683 368 56 20 Nov.
750 368 20 25 3,
781 368 48 25 ship
842 368 101 22 Oriental,
954 368 92 22 Wilson,
1057 368 34 17 for
1099 368 112 16 Taranaki.

682 396 56 19 Nov.
753 396 21 25 4,
793 396 104 19 schooner
912 394 67 24 Ariel,
1000 392 141 23 Mulholland,
1160 391 35 20 for
1211 391 34 19 the

659 423 103 20 Southern
774 424 68 24 ports.

685 450 60 20 Same
757 450 48 26 day,
820 449 121 26 brigantine
959 449 36 20 St.
1010 448 78 24 Marie,
1101 446 97 25 Micliell,
1216 445 29 20 for

659 478 89 17 Akaroa.

885 523 32 14 IN
932 523 82 14 PORT.

713 558 108 20 Schooner
837 557 61 24 Lady
908 557 74 24 Leigh,
995 555 65 25 King.

713 586 83 25 Barque
808 583 115 26 Clydexide,
938 583 131 19 Mathieson.

715 613 51 26 Ship
776 613 66 22 Arab,
854 611 99 20 Sumner.

713 641 84 25 Barque
807 639 83 21 Amelia
902 639 123 24 Thompson,
1039 637 99 19 Dawson.

849 665 108 24 Adelaide,
968 664 125 25 Hurburgh.

714 695 83 26 Barque
811 694 111 23 Gertrude,
933 693 71 19 Stead.

807 721 101 24 Matilda,
920 720 100 20 Roberts.

714 750 51 26 Brig
777 750 102 23 Caroline,
891 747 100 21 Coombs.

715 778 108 20 Schooner
832 776 68 21 Black
909 776 59 23 Joke,
981 773 102 27 Croseby.

837 804 82 25 Bailey,
931 802 97 20 Sinclair.

686 861 45 19 The
748 860 78 20 Prince
844 859 88 25 Rupert,
953 857 55 19 from
1029 855 95 23 London,
1145 854 34 20 for
1198 853 52 20 New

660 888 99 23 Zealand,
770 894 41 13 was
821 888 23 18 at
852 886 68 20 Bahia
929 891 28 13 on
974 885 37 19 the
1028 883 51 20 18th
1096 882 57 26 July,
1174 882 77 25 having

659 916 53 19 been
722 916 58 19 there
790 915 65 19 about
865 920 12 13 a
886 913 112 24 fortnight..
1027 911 45 20 The
1081 909 95 26 Captain,
1183 909 19 20 it
1209 915 42 14 was

659 942 107 27 expected,
780 942 71 20 would
861 941 58 19 leave
928 941 46 19 her.

687 970 44 20 The
743 969 136 25 Sally-Anne,
891 968 68 20 which
968 967 39 20 left
1018 966 42 20 this
1075 967 47 24 port
1132 970 59 14 some
1202 964 50 19 time

660 998 57 20 since
731 998 33 19 for
778 996 119 23 Auckland,
913 995 42 20 had
967 996 40 25 put
1023 994 46 20 into
1084 993 98 19 Hawke's
1199 991 52 26 Bay,

660 1026 59 19 short
729 1025 25 20 of
766 1024 120 26 provisions
896 1022 43 21 and
948 1024 71 18 water.

687 1054 45 19 The
745 1052 49 20 Gem
805 1058 41 13 waa
859 1051 65 26 going
939 1050 46 19 into
1004 1049 98 20 Hawke's
1117 1047 46 26 Bay
1178 1053 24 14 as
1217 1046 35 20 the

660 1081 74 24 Bailey
743 1080 49 20 left.
892 1077 6 28 ~_

831 1130 121 18 CUSTOM
967 1130 109 18 HOUSE.

902 1165 110 9 EXPORTS.

689 1187 29 20 In
734 1193 47 13 the
1068 1182 45 23 137,
1131 1181 121 24 Michell,

662 1221 45 14 for
717 1214 109 20 A-karoa.
856 1214 89 24 Agents,
958 1212 60 20 Hort
1033 1210 44 21 and
1094 1210 33 20 Co.
1158 1209 26 20 30
1206 1209 46 25 bags

661 1243 61 23 flour,
736 1242 24 19 16
772 1242 34 19 do.
817 1242 86 22 biscuit,
920 1240 11 20 6
943 1240 60 20 casks
1014 1239 63 26 pork,
1093 1239 11 18 2
1115 1238 36 19 do.
1162 1236 90 25 vinegar,

661 1271 13 18 4
694 1276 58 13 cases
771 1269 43 25 gin,
836 1269 13 20 6
866 1268 51 26 bags
934 1273 70 19 sugar,
1023 1267 11 19 3
1058 1266 49 25 bags
1127 1264 51 24 rice,
1200 1264 52 20 9000

662 1297 99 25 shingles,
773 1297 27 19 36
810 1296 79 20 barrels
899 1295 129 27 provisions,
1043 1294 13 19 3
1066 1293 49 25 bags
1126 1292 73 21 coffee.

911 1355 110 14 IMPORTS.

690 1379 29 21 In
728 1385 47 14 the
986 1377 47 23 113,
1051 1376 120 22 Coombes,
1188 1379 65 15 from

663 1414 47 13 the
727 1407 124 21 Chatham
870 1407 110 19 Islands.
1010 1405 86 25 Agents,
1115 1403 85 20 Waters
1216 1402 40 20 and

664 1435 103 21 Smith.
769 1435 26 20 49
806 1435 62 20 casks
877 1434 63 20 black
950 1433 36 24 oil,
1006 1432 26 20 30
1043 1431 88 20 bundles
1141 1430 68 20 whale
1219 1430 35 23 oil,

663 1463 54 19 2000
731 1463 85 19 baskets
830 1463 106 25 potatoes,
952 1461 26 19 22
997 1460 54 26 pigs,
1070 1459 25 19 60
1110 1458 86 20 baskets
1212 1459 44 18 tur-

663 1490 55 26 nips,
729 1491 26 19 27
766 1490 76 20 tierces
852 1489 40 20 salt
903 1489 53 24 beef,
968 1489 27 19 24
1009 1487 65 20 boxes
1092 1492 56 19 soap,
1167 1486 13 18 4
1199 1490 57 14 cases

663 1518 43 25 gin,
719 1518 10 19 1
741 1523 47 14 case
799 1517 65 26 slops,
876 1517 13 19 6
898 1516 80 20 barrels
987 1515 72 24 bread,
1077 1515 10 18 1
1099 1520 46 14 case
1155 1512 101 24 muskets',

666 1547 10 18 1
687 1546 46 19 bale
744 1545 104 23 blankets,
860 1545 12 18 5
881 1543 128 24 hand-saws,
1023 1543 9 19 1
1044 1541 52 21 hhd.
1105 1547 55 14 rum.

692 1573 28 20 In
738 1579 47 13 the
984 1570 48 24 163,
1051 1569 123 22 Sinclair,
1194 1572 63 15 from

666 1600 115 20 Hawke's
801 1600 91 19 Bay.
892 1599 87 25 Agents,
998 1598 70 20 Willis
1090 1596 39 20 and
1155 1596 16 20 C
1171 1596 48 20 0.
1221 1595 36 20 113

665 1630 49 18 tuns
727 1628 62 19 black
806 1628 38 24 oil,
863 1628 11 19 8
891 1629 49 17 tons
957 1626 67 19 whale
1039 1625 63 24 bone,
1118 1623 27 21 26
1162 1623 54 26 pigs,
1234 1623 23 19 10

665 1656 84 19 bushels
760 1654 73 24 maize,
844 1654 47 20 half
904 1656 37 18 ton
951 1656 107 22 potatoes.

713 1781 68 21 AND
796 1779 216 23 WELLINGTON
1027 1777 187 23 SPECTATOR.

768 1835 132 24 Saturday,
917 1833 130 22 November
1061 1833 21 26 6,
1098 1833 60 21 1841.

1953 2681 72 22 sperm
2294 2691 1 4 ,

1953 2701 156 22 [lead-matter

1953 2728 65 22 Black
2029 2728 31 21 oil

2294 2674 48 22 92

2315 2703 28 20 96

2314 2729 30 20 24

2379 2677 24 19 to

2380 2704 23 19 to

2380 2731 23 19 to

2457 2674 26 22 !9J

2462 2703 21 20 9i

2463 2730 20 20 2i

268 130 241 28 Surveyor-General's
520 129 78 27 Office,

380 159 60 21 Nov.
451 159 20 25 5,
483 158 61 21 1841.

112 196 40 21 To
167 195 185 22 Landowners
367 193 56 20 and
437 192 114 26 Agents.

35 231 146 49 NOTICE
197 229 26 21 IS
241 226 124 23 HEREBY
381 225 109 26 GIVEN,
505 224 49 21 that
562 222 66 23 lands

119 258 41 20 will
173 257 24 21 be
209 254 82 22 offered
303 255 33 19 for
346 253 107 21 selection
459 255 23 18 at
492 250 134 27 Wanganui,

35 292 29 14 on
84 284 124 24 Thursday,
228 281 50 21 16'ih
296 280 127 22 December
435 282 62 18 next,
513 277 65 22 when
597 276 30 21 all

34 318 93 20 persons
145 307 126 25 concerned
284 315 37 13 are
334 306 112 26 earnestly
466 304 120 28 requested
605 307 22 17 to

36 338 84 25 attend,
143 345 24 13 or
183 335 55 21 their
249 335 88 21 choices
353 333 46 21 will
416 333 26 21 bo
458 330 132 24 considered
604 337 24 14 as

37 364 111 22 reserved.

235 386 35 23 W.
285 388 35 21 M.
336 387 82 25 Smith,
428 386 63 27 Capt.
502 385 28 21 R.
533 384 38 26 A.,

371 410 229 29 Surveyor-General.

120 462 122 23 Country
260 459 78 21 Land
357 456 187 23 Association.

37 494 146 49 NOTICE
198 493 18 21 is
229 492 84 27 hereby
323 492 75 26 given,
416 490 49 21 that
475 497 12 14 a
498 489 98 26 meeting
607 488 25 21 of

119 521 36 21 the
176 521 99 25 Country
294 516 63 24 Land
376 516 141 23 Association
538 515 45 22 will
602 515 26 21 be

34 548 54 21 held
112 553 22 16 at
150 548 90 21 Messrs.
250 546 100 21 ~\Vade's
369 546 83 24 Stores,
472 543 31 21 Te
523 542 55 27 Aro,
599 549 29 14 on

37 575 143 26 Wednesday
198 574 97 25 evening
315 575 61 23 next,
398 571 37 21 the
453 570 50 21 10th
524 570 60 25 inst.,
607 573 23 16 at

36 602 12 22 7
68 601 89 21 o'clock
176 600 115 28 precisely,
309 603 22 17 to
347 599 60 20 draw
424 598 35 21 for
475 605 14 13 a
505 596 85 21 section
607 595 26 21 of

35 629 55 21 land
100 629 25 20 of
138 630 39 19 100
188 633 67 19 acres,
266 633 50 14 now
326 632 57 20 open
397 625 32 21 for
438 624 107 21 selection
553 631 5 17 ;
571 630 23 13 so
605 629 24 14 as

36 659 22 17 to
69 655 80 21 enable
160 655 35 21 the
211 654 82 26 parties
308 657 23 16 to
348 652 74 21 whom
437 651 18 21 it
471 650 56 22 shall
543 649 47 27 fall,
607 652 23 17 to

36 682 58 21 avail
106 680 133 22 themselves
249 680 26 21 of
287 679 108 25 choosing
402 682 23 17 at
433 678 38 21 the
478 676 152 26 forthcoming

36 709 107 21 selection
154 711 23 18 at
193 706 37 22 the
248 704 242 28 Surveyor-General's
506 703 72 27 office,
600 709 29 14 on

37 736 37 21 the
86 735 51 21 18th
146 735 50 21 inst.

63 761 41 22 All
114 760 158 26 subscriptions
282 767 38 13 are
329 758 105 28 required
451 761 23 18 to
490 758 27 21 be
527 756 53 28 paid
592 763 37 19 up.

120 789 33 26 13y
165 787 64 23 order
240 787 26 21 of
277 787 37 20 the
325 786 113 26 Trustees,

219 819 103 22 Francis
336 819 25 21 T.
377 818 86 26 Yates,
480 819 123 24 Secretary.

143 866 144 21 Contracts
302 865 42 20 for
359 864 166 24 Stationery.

263 897 196 23 Sub-Trensurer's
470 896 76 26 Office,

210 925 145 26 Wellington,
367 924 131 22 November
508 925 18 24 1,
541 923 61 21 1841.

38 961 146 49 NOTICE
199 960 27 21 IS
243 959 128 22 HEREBY
387 957 107 27 GIVEN,
512 956 50 22 that
572 956 60 21 Ten-

120 988 50 21 ders
181 986 43 21 will
238 986 28 21 be
282 985 104 22 received
397 989 22 18 at
433 985 45 21 this
493 984 71 21 Office
574 983 58 22 until

37 1022 60 14 noon
118 1015 25 21 of
162 1013 146 27 Wednesday,
327 1012 37 22 the
383 1012 50 22 10th
451 1011 134 26 Nevember,
597 1011 35 21 for

37 1042 128 26 furnishing
182 1040 34 22 for
233 1040 37 21 the
289 1040 102 21 Colonial
401 1038 90 23 Service
501 1038 38 21 the
550 1037 82 22 under-

38 1069 131 21 mentioned
176 1067 104 27 supplies,
290 1067 23 21 in
321 1066 55 22 such
384 1066 120 28 quantities
513 1072 23 14 as
544 1072 52 19 may
604 1065 28 20 he

38 1096 110 27 required,
164 1095 55 22 until
242 1094 37 21 the
299 1094 44 21 end
362 1094 27 21 of
405 1094 39 20 the
461 1095 91 18 current
570 1098 61 20 year,

37 1130 61 20 upon
110 1123 37 21 the
158 1121 126 23 conditions
294 1120 136 21 hereinafter
440 1118 113 28 specified.

259 1154 151 15 STATIONERY.

66 1176 109 27 Foolscap
184 1182 75 20 paper,
271 1175 50 20 best
331 1174 92 27 quality,

123 1203 63 21 Ditto
275 1202 82 21 second
368 1201 93 27 quality,

66 1230 79 22 Letter
154 1236 74 21 paper,
239 1228 50 22 best
299 1228 93 27 quality,

66 1257 61 21 Note
139 1263 66 21 papei
204 1263 5 5 1
209 1272 6 10 ,
301 1254 37 22 do.

67 1284 103 27 Blotting
179 1289 69 21 paper
303 1282 36 21 do.

67 1311 109 26 Drawing
186 1316 74 21 paper,
270 1309 26 21 of
303 1309 62 27 sizes,

68 1338 66 26 Pens,
147 1337 72 28 quills,
230 1336 47 27 ink,
287 1343 25 14 or
321 1336 39 21 ink
371 1335 107 28 powders,

68 1365 91 26 Sealing
170 1370 47 16 wax
227 1363 46 21 and
283 1363 86 26 wafers,

68 1391 48 21 Pen
126 1392 78 20 knives
214 1390 45 21 and
270 1390 73 27 ebony
353 1390 73 21 round
436 1389 77 27 rulers,

68 1419 73 26 Paper
152 1417 79 23 knives
241 1417 45 21 and
296 1419 97 19 account
402 1416 76 27 books,

68 1445 78 22 Letter
153 1444 77 26 books,
240 1443 72 27 ruled,
324 1444 25 20 of
356 1443 30 21 all
396 1443 63 27 sizes,

68 1472 71 22 Black
148 1471 50 22 lead
207 1470 86 27 pencils
303 1470 45 22 and
358 1470 68 22 India
435 1470 88 27 rubber,

68 1499 92 22 Lucifer
170 1497 99 23 matches
279 1497 45 21 and
334 1497 68 21 wafer
413 1501 90 22 stamps,

68 1526 123 22 Inkstands
201 1525 45 21 and
254 1525 76 21 brown
341 1525 98 26 packing
448 1530 75 21 paper,

70 1553 116 26 Cartridge
195 1559 70 20 paper
275 1551 45 21 and
332 1551 40 21 red
383 1555 60 23 tape,

71 1580 48 21 Silk
129 1580 85 25 ribbon,
226 1578 47 22 and
282 1578 60 27 cord,
353 1585 76 19 green.

71 1607 38 21 All
122 1607 36 21 the
169 1606 87 22 articles
266 1605 103 28 required
386 1605 30 26 by
427 1605 43 21 this
480 1604 75 22 notice
566 1611 36 15 are
614 1607 23 18 to

42 1634 28 22 be
82 1635 25 20 of
115 1634 37 21 the
162 1634 49 21 best
220 1632 86 27 quality
317 1632 26 21 of
350 1631 57 22 their
417 1631 85 22 several
511 1631 74 21 kinds.

70 1661 34 21 As
115 1661 107 28 adequate
233 1659 97 26 security
341 1659 43 21 will
398 1660 26 20 be
433 1658 105 26 required
548 1659 35 20 for
597 1657 39 22 the

42 1687 123 22 fulfilment
175 1686 24 22 of
206 1686 38 22 the
254 1689 106 24 contract,
373 1693 30 14 no
413 1685 90 22 Tender
512 1692 43 14 can
566 1685 27 21 be
605 1689 32 17 at-

43 1714 84 22 tended
143 1718 22 18 to
181 1713 75 21 unless
444 1713 29 26 by
487 1720 14 13 a
515 1712 122 21 certificate

42 1741 59 21 from
111 1741 38 21 the
159 1741 82 28 parties
257 1739 111 28 proposed
381 1747 24 14 as
421 1739 120 26 securities,
555 1739 83 26 stating

43 1768 49 21 that
103 1769 53 26 they
166 1774 36 16 are
213 1767 84 26 willing
315 1770 22 18 to
353 1767 94 21 become
463 1766 77 22 bound
551 1766 34 21 for
600 1765 37 22 the

44 1798 128 19 contractor
184 1793 152 28 accordingly,
347 1794 46 21 and
403 1794 37 21 the
449 1793 73 22 bonds
536 1796 61 18 must
611 1793 27 21 be

45 1822 110 22 executed
165 1821 76 22 within
252 1824 39 18 ten
307 1821 55 26 days
378 1821 57 21 from
452 1821 39 20 the
501 1820 52 21 date
564 1821 25 19 of
600 1819 38 22 the

45 1849 139 22 notification
204 1847 22 22 of
238 1847 37 22 the
292 1851 135 24 acceptance
444 1848 26 20 of
482 1847 36 21 the
533 1846 92 22 Tender
633 1854 4 14 :

43 1876 81 27 failing
134 1876 26 22 of
164 1875 78 26 which,
254 1875 38 21 the
303 1875 118 21 Contracts
431 1874 44 22 will
485 1874 26 21 be
522 1874 67 27 again
600 1873 39 22 ad-

45 1903 103 26 vertised,
160 1910 25 14 or
193 1901 96 23 another
298 1902 90 21 Tender
398 1901 113 28 accepted.

71 1936 49 22 The
130 1935 100 23 Tenders
243 1939 23 18 to
277 1936 90 21 contain
378 1935 38 22 the
426 1943 67 14 name
503 1934 26 22 of
538 1935 37 21 the
591 1937 49 20 ten-

46 1963 75 21 derers
129 1963 45 21 and
179 1962 57 22 their
244 1963 100 25 sureties,
351 1962 46 22 and
404 1963 75 26 places
486 1962 24 21 of
514 1962 124 26 residence.,

47 1993 23 18 at
79 1989 86 27 length.

73 2015 49 22 The
131 2016 64 21 value
206 2014 27 22 of
245 2014 30 22 all
290 2015 111 27 packages
411 2018 22 19 to
450 2015 28 22 be
494 2014 108 23 included
616 2014 24 22 in

47 2042 38 23 the
95 2043 72 27 prices
177 2042 134 22 demanded.

73 2070 101 21 Tenders
184 2072 21 18 to
219 2070 28 20 be
257 2069 107 22 enclosed
379 2069 24 22 in
421 2077 29 14 an
468 2069 115 28 envelope,
595 2068 47 23 and

47 2099 23 19 to
80 2097 28 21 be
117 2096 92 23 marked
339 2096 35 22 for

244 2130 25 22 P.
285 2131 30 21 D.
332 2131 76 27 Hoog,
426 2131 185 21 Sub-Treasurer.

96 2184 58 27 #-g.
345 2176 136 27 SUMNER,
499 2176 25 21 of
535 2176 39 21 the
592 2175 50 27 ship

61 2198 96 38 WS&iQ^
164 2208 39 18 V>
219 2204 66 26 Arab,
301 2204 45 21 will
355 2207 42 18 not
411 2204 27 21 be
454 2202 138 28 responsible
608 2202 34 22 for

176 2239 43 19 any
230 2232 64 20 debts
304 2233 102 19 contract
413 2230 23 22 id
445 2231 30 26 by
485 2231 35 20 his
531 2237 64 14 crew.

82 2286 73 25 **?-
165 2277 164 28 /CAPTAIN
337 2277 143 26 DAWSON,
488 2277 25 21 of
516 2276 39 22 the
560 2276 84 21 Amelia

78 2298 80 38 yy^
165 2309 39 17 V^
223 2306 122 25 Thompson,
356 2304 45 21 will
411 2307 41 18 not
467 2304 28 21 be
505 2303 138 22 answerable

177 2332 33 23 for
220 2339 45 20 any
275 2332 64 21 debts
346 2331 106 22 incurred
461 2331 30 26 by
500 2331 35 21 his
546 2337 65 15 crew.

167 2377 163 24 /CAPTAIN
345 2376 190 23 MATHIESON
549 2375 45 22 will
604 2379 41 18 not

75 2405 83 32 tgjSejV
166 2407 40 21 V^
231 2405 28 21 be
270 2404 137 22 answerable
417 2404 35 21 for
462 2411 43 19 any
517 2402 62 22 debts
591 2409 53 15 con-

50 2425 113 36 jj^fpjpgp
179 2432 85 23 tracted
273 2432 30 26 by
314 2431 37 21 the
362 2438 59 14 crew
430 2430 27 22 of
467 2431 36 21 the
515 2430 115 26 Clydeside.

200 2479 54 20 For
269 2477 117 21 London
397 2477 95 24 direct,

201 2515 30 19 To
240 2512 42 20 sail
292 2518 26 14 on
329 2511 94 26 Monday
431 2513 60 22 next,

226 2548 94 33 rpiHE
334 2548 45 22 fine
390 2548 44 22 fast
444 2548 80 27 sailing
534 2548 112 22 schooner

84 2570 118 38 j2JKJFKS^y
234 2570 30 28 JL
303 2577 81 25 Bailey,
411 2578 39 19 163
480 2579 56 23 tons,
569 2576 77 21 James

80 2597 136 40 JjjnSp^jg'
240 2602 103 28 Sinclair,
354 2606 84 19 master
467 2602 85 27 having
566 2603 29 22 all
606 2603 41 21 her

58 2625 161 38 jgM^^
241 2631 30 21 oil
280 2638 29 15 on
322 2630 76 27 board,
409 2630 40 21 has
463 2637 62 15 room
536 2630 35 21 for
581 2638 14 13 a
604 2630 42 21 few

57 2651 163 38 jgS^^ggp^
240 2661 51 18 tons
322 2657 26 22 of
378 2660 168 19 measurement
576 2657 71 27 goods

52 2691 61 23 only.
143 2691 13 19 i<
162 2695 25 14 or
195 2685 85 27 ireight
290 2692 25 14 or
324 2692 100 20 passage,
436 2684 67 28 apply
513 2687 24 18 to

189 2720 23 21 F.
224 2719 29 22 V.
265 2719 97 21 Martin
373 2718 46 22 and
428 2719 48 26 Co.,
489 2726 23 14 or
523 2721 22 19 to

189 2747 21 21 J.
222 2747 33 21 M.
266 2747 103 26 Taylor,
381 2746 54 27 Ship
446 2746 91 27 Broker,
548 2746 32 21 Te
592 2746 55 25 Aro.

78 2781 147 28 Wellington,
237 2780 129 22 November
374 2781 21 25 4,
408 2781 61 20 1841.

179 2827 54 22 For
248 2826 158 26 Wanganui
424 2826 94 24 direct,

55 2864 29 19 To
92 2863 42 20 sail
143 2863 22 20 in
174 2867 13 15 a
191 2860 46 26 few
248 2860 56 26 days,
317 2860 74 20 should
405 2860 103 26 sufficient
518 2860 132 20 inducement

331 2887 59 25 offer,

93 2920 81 39 v|3L
221 2924 93 30 npHE
337 2924 45 23 fine
405 2925 46 22 fast
473 2924 81 28 sailing
577 2925 72 22 NEW

84 2947 113 40 jplalj^N
228 2947 30 26 X
296 2952 84 27 barque
414 2953 113 25 Clydeside,
555 2952 94 28 Captain

81 2974 133 39 XjrjSF\j|g^
235 2979 136 27 Mathieson,
381 2979 42 22 has
436 2980 101 27 superior
547 2987 104 14 accomo-

58 3002 161 39 J&fzJraSjrz
236 3006 88 22 Nations
341 3006 35 22 for
397 3014 131 20 passengers
559 3007 46 21 and
626 3014 24 14 as

57 3028 162 33 SjjsSfcZjSiS&jP
236 3033 44 21 this
296 3034 70 20 vessel
386 3034 19 21 is
424 3034 25 20 of
465 3034 60 26 large
543 3037 105 23 tonnage,

54 3063 45 21 and
110 3063 35 21 six
155 3064 45 20 feet
216 3060 78 27 height
308 3061 102 21 between
428 3061 75 25 decka,
515 3060 39 22 she
571 3061 18 21 is
599 3061 51 22 well

54 3089 99 27 adapted
171 3089 33 21 for
223 3088 106 26 carrying
348 3088 75 21 cattle.
463 3088 43 22 For
525 3088 84 27 freight
626 3096 25 14 or

55 3124 96 20 passage
162 3114 66 29 apply
238 3117 23 18 to
272 3114 37 22 the
321 3114 94 27 Captain
426 3122 28 14 on
463 3114 76 28 board,
548 3122 26 14 or
584 3119 23 18 to

407 3148 84 22 Waitt
505 3148 45 23 and
565 3149 84 22 Tyser.

151 3195 52 21 For
218 3194 46 19 the
280 3194 134 19 Chatham
428 3194 119 21 Islands.

218 3225 45 23 HP
267 3224 43 22 HE
321 3223 44 23 fine
376 3224 136 28 fast-sailing
520 3225 52 28 brig
587 3227 53 21 Caro

92 3247 98 37 igjefaw
225 3247 30 25 JL
289 3252 48 24 line,
358 3251 28 22 R.
412 3251 102 28 Coombs,
540 3257 112 18 master

61 3275 151 37 /fsfg^lgfik,
231 3278 86 27 having
326 3281 50 24 part
386 3278 26 22 of
418 3278 41 22 her
465 3286 65 20 cargo
541 3281 108 27 engaged,

57 3301 157 39 BpSjSsp&l
234 3305 42 21 will
288 3305 40 22 sail
344 3305 23 22 in
383 3306 70 21 about
465 3306 34 22 six
515 3307 63 27 days.
607 3308 45 22 For

49 3334 162 27 'SEBBaaag
233 3332 82 27 freight
332 3340 25 14 or
374 3339 95 20 passage
486 3334 67 27 apply
573 3338 22 18 to
614 3335 37 22 the

219 3359 94 28 Captain
324 3367 28 14 on
362 3359 78 28 board,
452 3368 25 13 or
487 3364 21 18 to

372 3393 103 23 Waters
486 3394 44 22 and
541 3395 83 23 Smith.

86 3427 147 26 Wellington,
245 3427 130 21 November
384 3427 21 28 5,
417 3429 61 20 1841.

206 3472 53 20 For
280 3472 108 21 Hobart
408 3473 97 26 Town,

230 3507 29 19 To
270 3506 41 19 sail
319 3506 22 19 in
350 3512 11 14 a
365 3507 47 24 few
423 3507 57 26 days,

70 3546 111 32 '*gifo&i
320 3542 42 20 fast
372 3543 87 28 sailing,
471 3545 21 21 A
503 3546 19 25 1,
534 3545 117 28 schooner,

224 3571 30 19 JL
291 3570 108 24 Adelaide,
416 3571 92 26 Captain
520 3572 132 28 Ilurburgn.

66 3594 150 36 <T&fOsa&
232 3597 31 21 F
265 3604 10 14 r
294 3596 84 26 height
398 3604 25 14 or
446 3606 99 20 passage,
571 3599 83 28 having

64 3622 153 35 ajggagSa
232 3623 112 22 excellent
366 3625 201 28 accommodation,
585 3627 68 28 apply

233 3650 37 22 the
280 3651 151 21 Commander
441 3658 27 14 on
480 3652 77 27 board,
570 3661 24 13 or
605 3657 22 18 to

447 3684 88 24 Willis
553 3688 21 21 8c
588 3688 39 22 Co.

89 3719 147 26 Wellington,
249 3718 129 22 November
386 3718 20 27 5,
409 3719 72 22 .1841.

212 3764 54 20 For
281 3763 110 26 Sydney
407 3763 96 26 direct,

74 3794 107 40 **'3ySjhj
219 3799 94 35 npHE
345 3799 46 22 fine
415 3799 44 21 fast
478 3800 88 27 sailing,
594 3803 22 20 A
642 3804 8 20 1

89 3821 118 38 J^hjjSP^
226 3836 31 12 --
294 3827 85 25 barque
402 3827 108 26 Winwici,
528 3827 36 22 W.
580 3829 74 27 Ware,

235 3852 151 27 commander,
395 3853 43 22 will
449 3854 40 21 sail
497 3854 33 21 for
538 3854 37 22 the
585 3856 71 21 above

65 3876 154 38 Ki|l|si
235 3879 55 21 Port
297 3880 24 20 in
339 3879 103 23 fourteen
459 3881 61 27 days.
549 3881 45 22 For
607 3890 49 19 pas-

47 3924 2 4 .
65 3903 151 36 *%sEarjgay
235 3913 52 18 suge
295 3905 60 28 only,
365 3907 84 26 having
459 3908 100 27 superior
569 3916 86 15 accom-

64 3935 125 26 modation,
199 3933 65 27 apply
278 3935 23 19 to

328 3958 36 22 W.
379 3959 27 21 B.
420 3959 95 23 Rhodes
531 3961 45 21 and
591 3962 38 21 Co.
