2550 4020
1699 701 45 22 IX.
1764 701 302 22 MISCELLANEOUS.

1318 1245 144 31 Amounting
1481 1249 22 20 to
1515 1245 51 31 fifty
1578 1245 111 24 thousand
1700 1245 54 23 nine
1773 1245 108 23 hundred
1900 1245 45 22 and
1962 1247 142 28 twenty-two
2121 1245 98 30 pounds,
2237 1245 64 23 three
2314 1245 113 31 shillings,
2444 1246 42 23 and

1285 1280 130 31 fourpence.

1822 1310 181 25 WiLLouaiißY
2022 1311 169 29 Shorxland,
2205 1310 105 24 Colonial
2319 1309 131 33 Secretary.

1317 1346 106 24 Colonial
1434 1344 142 31 Secretary's
1588 1344 80 29 Office,
1681 1344 133 30 Auckland,

1385 1379 57 24 New
1455 1378 112 27 Zealand,
1580 1377 52 28 July
1644 1380 24 25 2,
1684 1379 76 22 1841.

1318 1441 114 24 UNION
1449 1440 98 24 BANK
1565 1440 41 24 OF
1623 1439 214 25 AUSTRALIA.

1900 1440 26 22 of
1940 1447 14 15 a
1965 1443 96 19 steamer
2061 1440 64 23 —he
2142 1440 103 22 believed
2263 1440 19 22 it
2297 1447 46 15 was
2362 1440 71 23 called
2451 1441 40 23 the

1902 1471 114 29 Clonmel;
2029 1480 46 15 was
2088 1472 38 23 the
2135 1476 78 28 report
2223 1476 51 19 true
2294 1470 51 26 that
2362 1480 46 24 any
2424 1478 67 20 notes

1900 1505 45 24 had
1956 1506 59 22 been
2027 1505 44 23 lost
2080 1506 10 23 ?

1935 1538 52 23 The
1999 1537 124 25 Chairman
2135 1538 50 24 said
2197 1538 49 23 that
2257 1546 30 16 no
2298 1543 67 19 notes
2376 1547 58 16 were
2445 1539 48 26 lost

1902 1579 29 15 on
1942 1570 50 25 that
2006 1573 112 23 occasion.

1935 1604 25 24 A
1971 1603 132 33 Proprietor
2112 1605 85 24 wished
2209 1609 23 19 to
2244 1605 68 24 know
2320 1605 101 24 whether
2427 1605 65 25 th*>re

1902 1638 74 23 would
1987 1637 29 25 be
2028 1647 44 23 any
2083 1638 107 24 dividend
2201 1646 29 16 on
2242 1639 38 23 the
2289 1647 51 15 new
2351 1638 79 28 shares
2437 1640 11 23 1

1936 1671 51 24 The
1999 1672 124 23 Chairman
2123 1671 87 24 —The
2220 1670 111 25 directors
2343 1672 150 31 contemplate

1902 1705 95 30 making
2009 1713 61 15 some
2081 1703 107 25 dividend
2198 1709 24 19 at
2230 1705 129 23 Christmas
2368 1710 63 19 next.
2459 1706 34 23 At

1902 1742 101 27 present,
2017 1738 112 29 however,
2141 1739 54 29 they
2206 1738 46 23 had
2263 1743 41 18 not
2315 1737 66 25 made
2392 1746 31 24 up
2434 1739 59 24 their

1903 1772 75 22 minds
1990 1779 26 16 as
2029 1775 22 20 to
2063 1772 39 23 the
2114 1775 101 20 amount.

1936 1805 53 23 The
2009 1805 125 24 resolution
2144 1812 47 16 was
2210 1805 55 23 then
2282 1809 43 27 put
2343 1805 46 24 and
2407 1805 87 24 carried

1903 1838 169 31 unanimously.

1937 1871 24 24 A
1968 1871 132 32 Proprietor
2112 1879 47 16 was
2166 1871 103 24 desirous
2277 1871 26 24 of
2312 1871 113 31 knowing
2433 1872 62 23 what

1904 1905 67 31 profit
1980 1905 73 23 would
2065 1906 88 22 remain
2170 1905 58 23 after
2245 1904 39 24 the
2295 1910 109 25 payment
2415 1905 26 24 of
2455 1905 40 23 the

1904 1942 92 27 present
2006 1938 121 29 dividend;

1939 1971 51 23 The
1999 1971 125 24 Chairman
2135 1970 51 24 said
2197 1970 39 23 the
2246 1974 95 20 amount
2348 1970 25 24 of
2382 1971 38 23 the
2427 1971 69 24 undi-

1907 2003 65 24 vided
1983 2004 79 31 profits
2077 2012 46 16 was
2141 2004 116 29 £46,220
2269 2005 36 22 Bs.
2319 2003 40 25 6d.
2396 2003 35 24 To
2449 2004 46 24 thii

1906 2044 47 16 was
1970 2041 23 19 to
2006 2037 28 23 be
2053 2037 73 24 added
2137 2038 115 27 £11,468
2267 2038 62 27 18s.,
2347 2036 40 24 the
2406 2044 91 17 reserve

1905 2069 64 30 fund,
1982 2070 45 24 and
2037 2071 70 23 about
2116 2070 97 29 £5,000
2223 2075 44 26 put
2276 2070 33 31 by
2319 2069 35 24 for
2365 2070 45 24 bad
2422 2069 74 25 debts.

1906 2103 30 24 In
1948 2104 38 23 the
2004 2108 136 26 aggregrate
2157 2104 64 23 there
2232 2111 47 16 was
2297 2111 14 16 »
2325 2111 52 15 sum
2389 2104 25 23 of
2429 2104 69 24 about

1906 2138 123 28 £62,000,
2041 2142 39 19 out
2088 2137 24 23 of
2123 2137 74 23 which
2210 2136 38 24 the
2258 2139 54 22 255.
2322 2144 41 24 per
2375 2136 66 24 shore
2452 2137 46 23 had

1907 2175 22 19 to
1941 2170 27 23 be
1978 2170 77 24 taken.

1940 2203 49 25 Mr.
2001 2203 99 31 Whaley
2110 2203 82 24 moved
2209 2203 49 24 that
2272 2203 39 24 the
2325 2203 83 32 capital
2419 2203 25 24 of
2460 2203 38 25 the

1907 2236 61 25 bank
1980 2237 28 24 be
2020 2237 118 24 increased
2150 2242 23 19 to
2185 2237 165 29 £1,000,000.

1940 2270 52 24 The
2003 2271 124 24 resolution
2145 2270 85 31 having
2244 2270 60 24 been
2320 2270 120 29 seconded,
2453 2277 45 17 was

1907 2304 87 23 carried
2005 2304 169 31 unanimously.

1942 2337 47 25 Mr.
2005 2337 82 32 Angas
2103 2337 82 23 moved
2205 2337 50 23 that
2267 2336 38 25 the
2324 2334 85 26 thanks
2420 2337 26 23 of
2460 2336 38 24 the

1907 2371 101 31 meeting
2025 2370 28 25 be
2072 2371 67 31 given
2159 2375 24 19 to
2194 2370 39 23 the
2249 2370 123 32 inspector,
2391 2370 38 23 the
2441 2370 57 24 local

1908 2404 117 29 directors,
2035 2404 38 24 the
2084 2412 122 23 managers
2218 2403 25 24 of
2253 2403 38 24 the
2303 2403 112 24 branches
2425 2403 23 24 in
2461 2403 37 24 the

1908 2438 106 29 colonies,
2034 2437 34 24 for
2080 2437 39 24 the
2138 2437 49 24 zeal
2198 2437 45 23 and
2262 2437 80 31 ability
2353 2437 55 23 with
2425 2436 73 24 which

1907 2471 54 30 they
1971 2471 45 23 had
2030 2469 124 25 conducted
2166 2470 38 24 the
2216 2470 77 24 affairs
2306 2471 27 23 of
2339 2470 39 24 the
2388 2470 72 24 bank.

1942 2505 24 24 A
1972 2504 133 32 Proprietor
2112 2504 112 23 seconded
2234 2503 38 24 the
2281 2503 134 30 resolution,
2425 2503 73 25 which

1907 2546 47 15 was
1966 2538 47 23 also
2027 2537 86 24 carried
2125 2537 169 31 unanimously.

1940 2571 26 24 A
1975 2576 53 19 vote
2046 2571 26 23 of
2088 2570 85 24 thanks
2192 2577 47 17 was
2257 2570 56 24 then
2331 2570 67 30 given
2417 2574 23 19 to
2461 2570 37 24 the

1907 2604 118 29 directors,
2043 2602 45 26 and
2099 2612 43 16 one
2154 2603 48 24 also
2219 2608 24 20 to
2255 2602 38 25 the
2311 2603 125 30 chairman,
2455 2603 43 25 and

1907 2638 39 24 the
1955 2638 100 29 meeting
2067 2637 127 30 separated.

1942 2688 52 23 The
2015 2687 60 24 New
2096 2687 104 24 Zealand
2220 2686 108 30 Journal,
2353 2687 25 24 of
2399 2687 38 24 the
2459 2688 43 24 sth

1909 2722 67 29 June,
1995 2722 103 23 contains
2119 2730 14 14 a
2150 2722 56 29 long
2222 2721 41 23 list
2272 2721 26 23 of
2316 2721 120 24 Latitudes
2458 2722 45 23 and

1910 2755 142 30 Longitudes
2065 2755 26 23 of
2104 2755 78 31 places
2193 2755 23 23 in
2228 2755 59 23 New
2298 2755 110 28 Zealand,
2426 2755 76 24 deter-

1909 2788 78 24 mined
2001 2789 32 30 by
2046 2788 67 31 Capt.
2134 2788 76 29 Herd,
2227 2788 27 24 of
2270 2788 40 23 the
2321 2787 116 30 Rosanna,
2458 2788 45 24 and

1910 2821 133 32 apparently
2053 2821 57 24 with
2121 2821 69 24 much
2201 2830 61 15 care.
2298 2821 36 24 To
2349 2821 39 24 the
2399 2821 47 30 list,
2465 2830 37 15 re-

1910 2855 79 23 marks
2001 2863 31 15 on
2042 2855 38 24 the
2098 2855 112 23 harbours
2229 2863 38 15 are
2279 2854 88 29 added;
2387 2854 65 24 there
2464 2863 39 15 are

1911 2896 62 17 some
1985 2889 68 23 about
2069 2889 47 23 this
2127 2889 73 31 place,
2218 2888 75 24 which
2305 2896 34 15 we
2349 2889 55 29 give
2422 2888 80 29 below,

1911 2930 25 15 as
1949 2930 33 16 we
1992 2921 66 25 think
2070 2922 54 31 they
2137 2931 38 15 are
2187 2931 14 15 s
2212 2922 60 31 good
2283 2922 174 30 description'of
2465 2922 39 23 the

1911 2963 140 24 appearanci
2062 2955 27 24 of
2098 2955 38 24 the
2148 2960 96 26 country
2255 2963 31 16 on
2293 2955 40 23 the
2346 2955 123 31 approach.

1938 2995 82 27 Wangi
2026 2995 46 22 Nui
2079 2995 78 26 Atara,
2169 3002 26 14 or
2201 2995 54 21 Port
2265 2994 124 23 Nicholson
2399 2995 104 26 harbour,

1910 3023 65 21 bears
1990 3022 58 22 from
2063 3022 60 27 Cape
2140 3021 111 27 Pallisuer,
2267 3021 30 23 N.
2309 3021 28 23 74
2352 3021 52 27 deg.
2422 3021 84 28 W.'by

1911 3056 109 21 compass,
2032 3049 84 22 distant
2124 3049 70 22 about
2203 3051 13 19 8
2225 3049 100 26 leagues,
2341 3048 46 22 and
2397 3048 58 22 from
2466 3048 39 22 the

1910 3076 54 27 high
1980 3083 77 26 snowy
2067 3075 130 23 mountains
2211 3075 30 22 N.
2255 3077 29 20 40
2303 3075 28 22 E.
2358 3074 50 23 The
2425 3082 79 15 course

1910 3111 31 20 up
1951 3103 43 22 this
2005 3103 97 22 harbour
2119 3103 19 21 is
2154 3102 31 22 N.
2195 3103 13 21 6
2225 3102 50 27 deg.
2294 3104 30 20 30
2342 3102 55 22 mm.
2417 3102 36 22 W.
2471 3102 34 22 for

1911 3130 79 27 nearly
1997 3130 54 21 nine
2059 3129 72 22 miles.
2146 3129 63 22 Here
2215 3129 31 22 all
2253 3129 38 21 the
2297 3129 78 22 navies
2384 3129 26 21 of
2415 3129 91 28 Europe

1910 3157 73 27 might
1992 3157 48 22 ride
2049 3157 25 21 in
2088 3156 87 27 perfect
2184 3156 107 27 security;
2311 3159 24 18 at
2350 3155 39 23 the
2399 3159 107 19 entrance

1911 3184 63 22 there
1983 3185 20 20 is
2013 3185 23 21 11
2049 3183 46 22 and
2104 3183 81 22 twelve
2192 3182 98 22 fathoms
2299 3185 76 20 water.
2401 3182 104 28 Viewing

1912 3211 37 22 the
1962 3214 63 19 coast
2039 3218 30 14 on
2079 3210 39 22 the
2136 3212 88 20 eastern
2243 3209 47 23 side
2300 3210 27 22 of
2340 3209 91 24 Cook's.
2438 3211 68 21 Strait

1912 3238 76 26 (when
1998 3237 34 22 off
2041 3237 46 22 and
2096 3237 78 22 within
2189 3244 13 14 a
2211 3237 44 21 few
2265 3236 65 23 miles
2340 3237 27 21 of
2378 3237 126 28 Campbell)

1911 3265 57 21 from
1980 3265 59 27 Cape
2049 3264 106 22 Pallisser
2162 3266 23 19 to
2196 3264 59 27 Cape
2264 3263 137 28 Tieravritte,
2411 3264 18 21 it
2436 3264 70 22 forms

1910 3292 25 21 in
1945 3292 63 21 three
2025 3291 58 22 table
2100 3291 72 26 lands.
2190 3290 61 28 Cape
2265 3290 107 23 Pallisser
2384 3291 74 27 being,
2469 3290 37 23 the

1912 3319 61 27 first;
1994 3318 38 21 the
2042 3318 60 21 table
2117 3313 56 26 land
2181 3317 74 22 which
2264 3318 72 22 forms
2352 3317 38 22 the
2405 3321 48 18 east
2467 3325 39 14 en-

1912 3349 77 18 trance
2001 3345 27 22 of
2041 3345 82 26 Wangi
2138 3344 48 22 Nui
2204 3345 71 21 Atara
2291 3345 40 21 the
2346 3345 97 27 second;
2461 3344 45 22 and

1912 3373 59 27 Cape
1982 3372 135 26 Tierawitte,
2128 3371 38 22 the
2176 3371 72 28 third;
2260 3372 103 21 between
2373 3371 62 22 these
2446 3371 60 22 table

1911 3399 67 22 lands
1992 3402 23 18 at
2033 3399 44 22 this
2087 3398 100 22 distance
2202 3398 65 22 there
2283 3405 94 21 appears
2387 3401 23 19 to
2418 3398 29 22 be
2464 3402 42 18 two

1912 3426 56 28 deep
1978 3424 81 29 bights,
2070 3425 74 22 which
2154 3425 19 22 is
2183 3428 40 19 not
2233 3425 37 22 the
2278 3432 59 20 case,
2347 3425 42 22 but
2402 3425 42 22 low
2453 3424 53 25 lajid

1912 3452 79 28 nearly
1999 3451 59 24 level
2069 3452 53 22 with
2132 3452 38 22 the
2178 3456 77 19 water.
2284 3452 35 28 By
2329 3451 37 23 the
2377 3452 69 21 above
2457 3451 49 22 des-

1912 3480 103 27 cription,
2044 3479 45 22 this
2115 3479 98 22 harbour
2230 3486 54 20 may
2310 3479 71 27 easily
2408 3479 28 21 be
2462 3478 44 21 dis-

1912 3506 103 27 covered,
2032 3513 23 15 as
2069 3506 19 21 it
2096 3505 20 22 is
2130 3506 60 22 close
2200 3506 72 23 under
2282 3505 39 22 the
2337 3505 67 22 north
2413 3507 61 25 parts
2483 3505 23 21 of

1912 3534 38 22 the
1961 3532 83 24 middle
2053 3532 61 23 table
2122 3533 63 22 land.

1947 3580 210 31 Married.—By
2170 3580 38 24 the
2220 3580 61 23 Rev.
2295 3579 49 23 Mr.
2360 3578 145 29 M'Farlane,

1912 3622 31 16 on
1954 3613 39 25 the
2006 3613 57 26 16th
2075 3613 52 30 ult.,
2138 3613 50 24 Mr.
2201 3613 74 24 Johan
2288 3612 102 23 Martien
2407 3611 97 29 Levien,

1913 3647 191 30 cabin«t-maker,
2117 3647 107 30 formerly
2236 3646 26 24 of
2276 3646 127 29 Germany,
2413 3648 23 20 to
2445 3644 60 24 Miss

1912 3681 58 24 Jane
1996 3680 140 30 Whittaker,
2166 3679 108 31 formerly
2305 3678 26 23 of
2357 3677 148 31 Kinnersley,

1912 3713 279 25 Worcestershire.—On
2203 3712 39 24 the
2253 3711 61 25 25th
2324 3711 53 29 ult.,
2390 3710 49 24 Mr.
2457 3711 48 24 Jas.

1913 3748 83 31 Inglis,
2009 3752 24 20 to
2049 3748 95 30 Betsey,
2163 3745 111 32 daughter
2293 3745 27 24 of
2342 3744 48 24 Mr.
2411 3744 94 24 Charles

1914 3782 92 29 Souter,
2019 3781 46 25 late
2077 3778 209 32 of-Birmiflgham.

1942 3838 45 20 The
1996 3843 76 15 census
2088 3836 26 20 of
2124 3835 37 21 the
2178 3834 82 21 United
2276 3834 71 20 States
2366 3833 19 21 is
2396 3835 22 19 at
2433 3833 75 26 length

1915 3864 98 27 officially
2023 3863 133 22 announced.
2185 3863 45 20 The
2240 3861 90 21 number
2340 3861 24 21 of
2379 3861 129 21 inhabitants

1914 3894 19 19 is
1952 3893 135 24 17,100,572,
2105 3890 101 21 included
2221 3890 25 20 in
2263 3889 70 21 which
2343 3896 35 14 are
2395 3889 113 25 2,369,551

1916 3920 74 24 slaves,
2008 3919 41 21 and
2066 3919 92 23 371,606
2173 3918 46 21 free
2236 3917 101 21 coloured
2354 3917 82 28 people.
2465 3916 43 21 Tho

1916 3948 125 28 population
2049 3948 24 21 in
2084 3947 54 21 1830
2149 3953 43 15 was
2206 3945 139 26 12,856,407.

43 135 182 24 ESTIMATE
248 135 46 23 OF
318 132 74 25 THE
418 131 186 25 PROBABLE
631 131 182 25 EXPENSES
836 131 46 25 OF
906 131 74 24 THE
1006 129 248 27 GOVERNMENT

332 165 46 25 OF
395 164 82 25 NEW
494 164 165 24 ZEALAND
679 164 70 24 FOR
767 164 72 25 ONE
857 164 107 25 YEAR.

495 208 128 22 [Concluded
625 208 63 21 from
698 208 42 17 No.
752 208 34 16 85.
789 208 10 22 J
1266 208 2 16 I

313 1250 30 23 V.
363 1247 300 26 ECCLESIASTICAL
682 1246 310 25 ESTABLISHMENT.

389 1481 47 23 VI.
456 1481 139 23 SCHOOL
612 1480 310 24 ESTABLISHMENT.

151 1751 61 24 VII.
237 1748 248 26 DEPARTMENT
503 1749 45 24 OF
565 1748 132 26 PUBLIC
714 1748 126 24 WORKS
860 1747 73 25 AND
950 1747 207 25 BUILDINGS.

396 2851 77 23 VIIL
492 2851 166 23 JUDICIAL
675 2849 252 25 DEPARTMENT.

1317 1502 45 25 We
1374 1506 86 20 extract
1479 1501 38 24 the
1538 1500 113 32 following
1670 1500 61 24 from
1746 1500 40 23 the
1797 1504 77 27 report

1285 1537 26 23 of
1324 1536 40 24 the
1383 1535 79 25 Union
1481 1534 69 24 Bank
1569 1534 25 23 of
1604 1534 129 29 Australia,
1745 1534 55 23 read
1820 1537 23 19 at
1860 1541 15 16 a

1284 1570 102 30 meeting
1397 1569 24 23 of
1435 1568 39 24 the
1493 1568 120 23 Directors
1633 1575 30 15 on
1674 1567 40 23 the
1726 1567 60 24 25th
1806 1567 67 28 June,

1286 1608 24 19 at
1329 1603 59 23 their
1406 1602 80 29 house,
1505 1602 24 23 in
1550 1600 47 24 Old
1620 1600 169 29 Broad-street,
1809 1600 65 24 Lon-

1286 1636 46 24 don
1343 1644 6 16 :—:
1350 1648 35 6 —

1313 1674 49 23 The
1371 1674 106 22 directors
1486 1680 52 15 now
1547 1670 93 30 proceed
1655 1674 22 20 to
1693 1671 83 23 submit
1786 1678 14 15 a
1809 1673 68 20 state-

1286 1704 65 20 ment
1365 1702 26 21 of
1402 1701 35 22 the
1456 1703 69 19 assets
1540 1699 46 22 and
1597 1698 113 23 liabilities
1724 1699 26 21 of
1761 1698 39 22 the
1816 1698 61 22 bank

1287 1729 35 22 for
1332 1728 37 23 the
1378 1735 53 21 year
1439 1727 84 26 ending
1531 1727 25 21 in
1567 1726 34 22 the
1611 1725 106 27 colonies,
1723 1727 50 20 31st
1780 1725 97 22 Decem-

1287 1756 41 22 ber
1342 1755 50 27 last,
1408 1753 43 23 and
1468 1757 23 19 at
1506 1754 68 21 home
1590 1760 27 20 up
1634 1756 22 18 to
1672 1752 39 22 the
1726 1752 54 22 20th
1799 1750 25 24 of
1839 1752 38 22 the

1287 1785 91 25 preient
1387 1781 85 22 month.
1493 1780 56 21 Also
1559 1780 26 21 of
1595 1779 37 22 the
1641 1778 78 29 profits
1730 1779 25 22 of
1768 1779 38 21 the
1816 1779 61 21 bank

1287 1810 35 21 for
1333 1809 37 22 the
1380 1815 59 15 same
1450 1807 78 28 period
1536 1814 4 15 :
1541 1818 30 4 —

1287 1836 48 22 Net
1344 1838 68 20 assets
1421 1838 22 19 to
1453 1834 54 22 20th
1517 1834 67 27 June,
1595 1834 49 21 1841
1651 1848 5 6 .
1664 1847 5 7 .
1680 1833 114 27 £608,530
1810 1833 24 21 10
1863 1834 14 20 0

1289 1863 56 22 Paid
1354 1870 30 20 up
1394 1862 80 28 capital
1483 1861 24 22 in

1317 1890 94 22 London
1493 1887 109 28 £431,350
1630 1888 12 19 0
1671 1888 13 19 0

1289 1917 65 22 Ditto
1367 1917 24 21 in
1406 1916 36 21 the
1462 1916 43 21 Co-

1280 1939 31 43 [.-::
1316 1943 73 22 lonies
1515 1941 86 26 111,437
1616 1941 26 21 10
1672 1942 12 19 0

1496 1993 108 28 £542,787
1620 1995 24 20 10
1674 1996 14 19 0

1289 2022 47 21 Net
1344 2022 67 27 profit
1420 2021 34 22 for
1463 2028 55 20 year

1317 2049 85 27 ending
1461 2047 54 22 20th

1317 2076 68 27 June,
1396 2076 50 21 1841
1530 2074 73 27 65,743
1633 2075 12 19 0
1675 2075 12 19 0

1685 2101 113 26 £608,530
1814 2102 25 20 10
1867 2102 12 19 0

1317 2137 132 15 STATEMENT
1465 2136 26 15 OF
1506 2136 45 15 THE
1567 2135 91 15 PROFITS
1673 2135 27 15 OF
1714 2135 46 14 THE
1776 2135 68 14 BANK.

1289 2157 106 22 Amount
1410 2156 25 22 of
1445 2156 124 21 undivided
1585 2155 65 27 piofit
1665 2158 23 19 to

1316 2184 52 21 20th
1379 2183 65 27 June,
1457 2184 53 21 1840
1698 2182 97 27 £30,051
1813 2182 24 21 13
1853 2182 26 21 10

1288 2210 34 23 To
1333 2210 73 22 which
1422 2217 38 14 are
1475 2217 50 14 now
1536 2212 23 19 to
1573 2209 26 22 be
1615 2209 75 22 added

1317 2237 39 22 the
1374 2237 65 27 profit
1458 2236 26 22 of
1503 2236 38 22 the
1561 2239 45 24 past
1625 2243 62 20 year,

1318 2264 84 26 ending
1420 2267 22 19 at
1461 2263 38 22 the
1517 2262 107 23 brandies
1640 2264 49 20 31st

1317 2290 132 27 December,
1461 2291 61 25 1840,
1535 2290 46 22 and
1595 2290 92 21 London

1319 2318 71 22 Office
1405 2318 51 21 20th
1475 2318 68 24 June,
1555 2318 56 25 1841,
1633 2316 57 22 after

1318 2344 121 28 deducting
1457 2344 31 22 all
1505 2347 90 19 current
1610 2344 47 21 and
1675 2351 14 14 a

1317 2372 129 28 proportion
1456 2371 27 22 of
1494 2370 37 23 the
1547 2370 143 28 preliminary

1317 2406 115 20 expenses,
1448 2398 45 22 and
1509 2398 90 26 making
1613 2397 77 22 allow-

1318 2433 56 15 ance
1399 2425 33 22 for
1454 2425 44 22 bad
1521 2425 46 22 and
1590 2424 101 22 doubtful

1319 2453 63 22 debts
1514 2452 93 27 £65,743
1635 2453 13 19 0
1676 2452 13 19 0

1291 2479 127 23 One-tenth
1432 2480 36 21 for
1477 2487 35 14 re-

1319 2514 63 15 serve
1392 2506 55 23 fund
1460 2520 45 7 ....
1547 2505 59 28 6,574
1634 2506 13 21 5
1674 2505 125 27 4—59,168
1815 2505 26 20 14
1869 2506 13 20 8

1701 2560 97 26 £80,220
1827 2560 13 21 8
1868 2560 14 21 6

1291 2588 92 22 Deduct
1402 2586 105 24 dividend
1524 2586 54 28 paid
1594 2590 20 19 at
1630 2586 60 22 Mid-

1319 2622 104 20 summer,
1434 2616 55 20 1840
1512 2614 92 27 £18,000
1634 2616 14 19 0
1674 2614 14 20 0

1291 2642 73 26 Ditto,
1385 2642 128 26 Christmas,

1320 2670 54 20 1840
1531 2669 74 26 25,010
1634 2670 14 19 0
1674 2668 125 26 0—43,000
1826 2667 13 19 0
1869 2667 12 20 0

1292 2722 100 23 Balance
1403 2723 24 21 of
1437 2721 124 23 undivided
1571 2722 71 28 profit.
1650 2736 6 6 .
1665 2735 5 7 .
1677 2736 7 6 .
1703 2721 98 27 £46,220
1828 2722 13 20 8
1870 2722 13 19 6

1320 2750 48 21 The
1378 2749 69 22 result
1456 2749 26 21 of
1489 2748 37 22 the
1536 2749 67 21 above
1613 2751 122 19 statement
1743 2748 92 22 enables
1845 2746 38 23 the

1294 2776 108 22 directors
1411 2779 22 18 to
1444 2776 87 21 declare
1542 2783 14 14 a
1565 2775 104 22 dividend
1679 2776 26 21 of
1712 2776 45 21 255.
1769 2782 41 20 per
1819 2774 64 22 share

1292 2803 96 28 payable
1397 2803 23 21 in
1431 2802 95 22 London
1536 2810 30 14 on
1576 2803 33 21 the
1620 2802 39 22 Bth
1667 2802 54 27 July
1731 2805 63 23 next,
1806 2801 45 22 and
1859 2800 25 22 in

1293 2830 40 22 the
1343 2830 97 22 colonies
1449 2837 25 15 as
1485 2837 54 14 soon
1550 2837 25 14 as
1588 2829 35 23 the
1639 2830 115 27 inspector
1771 2828 58 23 shall
1844 2828 39 27 fix,

1293 2857 59 23 after
1360 2857 83 27 receipt
1453 2857 27 21 of
1491 2856 96 22 advices.

1377 2891 133 15 STATEMENT
1525 2891 27 14 OF
1567 2891 99 14 RESERVE
1680 2889 115 15 ACCOUNT.

1296 2911 32 21 At
1336 2911 68 27 June,
1414 2912 60 25 1840,
1486 2917 24 15 as
1519 2917 40 20 per
1574 2913 127 19 statement.
1708 2910 96 26 .£4,894
1818 2910 26 21 12
1872 2910 13 21 8

1294 2937 56 23 Add
1372 2941 23 19 to
1413 2937 68 28 June,
1501 2938 61 27 1841,
1581 2944 21 15 as
1620 2937 95 22 above..
1739 2936 65 27 6,574
1829 2936 13 21 5
1871 2937 15 20 4

1706 2990 98 27 £11,468
1818 2991 26 20 18
1872 2991 12 19 0

1294 3022 42 18 not
1345 3018 104 23 includtd
1458 3018 25 22 in
1493 3017 38 23 the
1541 3018 68 22 above
1618 3018 96 22 balance
1725 3017 27 21 of
1761 3016 125 23 undivided

1294 3045 75 28 profit,
1380 3045 44 23 and
1431 3045 55 23 held
1493 3045 24 22 in
1527 3045 98 22 addition
1635 3044 94 22 thereto.

1330 3081 51 24 The
1400 3081 124 24 Chairman
1545 3080 71 23 vrould
1638 3087 51 16 now
1712 3080 28 22 be
1761 3078 77 32 happy
1859 3082 23 20 to

1295 3122 90 17 answer
1396 3122 43 24 any
1450 3115 118 30 questions
1582 3113 46 24 that
1648 3113 142 31 proprietors
1810 3111 75 32 might

1296 3148 66 24 deem
1372 3149 19 23 it
1401 3155 121 23 necessary
1533 3151 23 20 to
1568 3151 38 27 put
1619 3151 22 19 to
1654 3146 58 23 him.

1331 3182 49 23 Mr.
1393 3181 58 24 Levi
1459 3180 86 24 wished
1557 3185 24 19 to
1597 3179 68 24 know
1682 3178 62 24 what
1761 3179 123 31 provisons

1295 3214 48 24 had
1354 3215 57 23 been
1421 3214 66 24 made
1498 3214 35 23 for
1543 3213 45 24 bad
1599 3212 42 25 and
1654 3211 105 25 doubtful
1771 3212 64 23 debts
1845 3212 10 24 ?

1331 3248 51 24 The
1396 3248 123 24 Chairman
1529 3246 51 24 said
1590 3246 47 24 that
1648 3245 39 25 the
1698 3245 45 24 bad
1755 3245 66 23 debts
1839 3244 47 24 had

1295 3282 60 23 been
1366 3281 107 32 provided
1484 3281 35 24 for
1529 3288 32 24 up
1573 3284 22 19 to
1604 3280 39 23 the
1655 3282 92 29 present
1759 3279 63 28 time,
1841 3278 45 23 and

1296 3315 65 24 there
1372 3322 57 16 were
1443 3314 48 24 still
1510 3313 80 32 nearly
1602 3313 100 29 £5,000
1722 3312 110 23 available
1855 3319 31 16 on

1296 3348 52 24 that
1357 3352 93 20 account
1450 3360 34 4 —
1486 3346 111 32 (cheers.)

1331 3381 25 24 It
1366 3389 46 16 was
1421 3381 54 24 then
1486 3380 112 32 proposed
1607 3379 51 24 that
1668 3378 40 24 the
1726 3382 86 28 report,
1831 3378 55 24 with

1296 3415 40 24 the
1347 3418 121 21 statement
1479 3414 25 23 of
1528 3418 105 19 accounts
1651 3412 120 32 appended
1789 3412 96 28 thereto,

1295 3448 30 24 be
1336 3447 103 25 received
1459 3447 44 24 and
1522 3446 87 32 printed
1627 3446 36 23 for
1679 3445 40 24 the
1738 3452 43 17 use
1801 3445 25 23 of
1848 3445 39 23 the

1296 3482 146 31 proprietors.
1496 3480 51 24 The
1567 3479 84 24 motion
1668 3479 86 31 having
1771 3479 59 24 been
1849 3486 37 15 se-

1297 3515 96 24 conded.

1332 3548 48 24 Mr.
1394 3547 56 24 Levi
1463 3546 49 25 said
1529 3546 30 24 he
1582 3553 43 17 was
1649 3546 97 24 anxious
1771 3549 23 19 to
1817 3545 69 23 know

1296 3581 62 24 what
1368 3581 46 24 had
1430 3581 58 23 been
1508 3579 39 25 the
1566 3579 44 25 loss
1635 3579 25 24 of
1685 3579 39 23 the
1745 3578 141 32 proprietors

1297 3615 85 31 during
1392 3614 36 24 the
1439 3613 144 25 commercial
1595 3613 93 24 distress
1706 3613 23 22 in
1747 3611 121 24 Australia
1876 3611 8 24 ?

1333 3648 50 24 The
1403 3647 121 25 Chairman
1548 3646 49 24 said
1617 3646 40 24 the
1677 3649 95 20 amount
1790 3645 26 23 of
1841 3644 45 24 bad

1298 3681 65 24 debts
1374 3686 24 19 to
1410 3681 37 24 the
1458 3684 94 28 present
1570 3680 51 23 time
1639 3686 47 17 was
1705 3679 72 24 £350
1799 3677 53 31 only
1852 3689 35 6 —

1298 3713 113 33 (cheers,)
1423 3714 44 24 and
1479 3714 38 23 the
1535 3717 91 19 amount
1644 3712 26 24 of
1694 3711 106 25 doubtful
1820 3711 66 24 debts

1298 3748 71 24 about
1380 3748 69 25 £700
1453 3760 31 4 —
1486 3745 111 33 (cheers.)

1332 3781 48 30 Mr,
1393 3781 57 24 Levi
1461 3788 47 16 was
1520 3779 136 31 extreemely
1667 3778 54 32 glad
1733 3778 50 24 that
1794 3778 29 23 he
1841 3778 46 23 had

1297 3819 43 28 put
1359 3814 62 24 these
1437 3813 128 33 questions.
1609 3813 40 24 He
1672 3812 85 31 always
1780 3811 64 24 liked
1863 3816 23 19 to

1296 3849 68 23 know
1375 3847 38 24 the
1424 3851 69 20 worst
1505 3846 24 24 of
1545 3854 14 16 a
1569 3846 65 31 thing
1634 3858 33 5 —
1668 3844 141 33 (laughter.)

1332 3881 48 24 Mr.
1392 3880 29 25 T.
1434 3880 32 24 A.
1481 3879 102 32 Hanlcey
1594 3879 43 24 had
1649 3887 56 16 seen
1715 3880 20 22 it
1745 3878 105 32 reported
1862 3879 25 22 in

1298 3915 39 23 the
1349 3922 144 25 newspapers
1505 3913 49 24 that
1566 3913 34 23 the
1611 3913 63 23 bank
1686 3912 46 24 had
1738 3912 59 24 been
1809 3920 13 15 a
1832 3920 54 16 con-

1281 3940 5 42 ]
1298 3948 111 25 siderable
1421 3948 94 25 sufferer
1527 3948 24 23 in
1558 3954 157 25 .consequence
1733 3946 25 24 of
1783 3945 38 25 the
1839 3945 48 24 loss

525 46 102 32 THE
648 47 111 31 NEW
778 44 230 34 ZEALAND
1029 45 229 33 GAZETTE
1279 44 101 32 AND
1399 43 323 33 WELLINGTON
1744 44 290 32 SPECTATOR.

1828 141 101 20 Salaries.
2057 141 162 27 Contingencies.

1678 182 101 23 Amount
1797 182 95 31 brought
1902 182 112 30 forward

1777 214 51 31 Bay
1841 214 30 30 of
1879 214 100 24 Itlands.

1283 248 101 23 Coroner
1396 245 40 34 (by
1443 246 72 33 Fees)
1993 263 6 7 .
2010 262 6 9 .
2073 250 33 22 30
2141 251 16 21 0
2192 251 15 20 0

1282 281 102 24 Medical
1395 280 142 24 Attendance
1549 284 25 19 at
1584 279 107 31 Inquests
1722 296 8 7 .
1739 296 7 7 .
1981 295 37 10 ...
2075 283 195 22 1500..

2316 128 62 20 Total
2383 128 27 25 of
2413 128 50 20 each

2316 156 146 25 Department.

2287 184 89 25 £2676
2411 185 15 21 0
2462 185 16 21 0

1771 312 62 24 Port
1844 312 136 24 Nicholson.

1283 347 102 23 Coroner
1396 344 41 33 (by
1445 344 73 32 Fees)
1994 361 23 8 ..
2074 348 33 22 30
2141 349 16 21 0
2193 349 16 20 0
2247 363 8 7 .
2265 363 6 7 .

1282 380 102 23 Medical
1395 378 142 24 Attendance
1549 382 25 19 at
1584 377 107 32 Inquests
1722 394 23 8 ..
1992 395 24 7 ..
2075 381 29 21 15
2140 382 16 20 0
2191 382 16 20 0
2245 396 24 7 ..

2344 382 32 22 90
2412 383 16 21 0
2463 383 16 22 0

1709 411 133 24 sheriff's
1859 418 186 18 department.

1282 445 90 24 Sheriff
1996 459 23 9 ..

1284 478 96 32 Deputy
1388 477 92 29 Sheriff,
1492 477 59 24 Port
1562 476 137 25 Nicholson.
1709 493 40 8 ...
1823 479 33 22 50
1891 480 15 20 0
1942 480 15 21 0
1997 494 7 7 .
2014 493 6 7 .

1351 511 66 24 Ditto
1492 509 96 24 Russell
1824 512 32 21 50
1892 513 16 21 0
1943 513 16 20 0
1998 526 7 8 .
2015 525 8 9 .

1283 544 53 24 One
1349 543 78 30 Clerk,
1437 543 44 24 3rd
1492 543 60 23 class
1808 545 46 21 125
1891 545 16 21 0
1942 545 16 22 0

1282 577 111 24 Sheriff's
1405 576 85 29 Bailiff,
1503 580 23 19 at
1538 577 37 22 4s.
1588 576 36 24 3d.
1637 583 41 23 per
1692 576 62 24 diem
1822 576 32 25 77
1876 576 28 23 11
1942 578 15 22 3
1996 593 8 7 .
2013 592 7 8 .

2330 580 49 22 302
2398 580 29 23 11
2465 581 15 22 3

1282 643 71 24 Total
1363 642 98 24 Judicial
1471 641 150 32 Department

2314 646 65 23 3068
2400 646 28 22 11
2466 647 15 22 3

1283 736 131 30 Stationery

1284 769 108 31 Printing
1404 769 97 23 Gazettt

1402 802 80 23 Forms

1402 835 143 23 Ordinances
1556 833 26 24 of
1592 834 102 28 Council,
1708 834 44 23 &c.

1283 868 60 24 Fuel
1355 868 45 23 and
1411 867 83 31 Lights

1284 901 125 24 Furniture
1421 901 35 23 for
1468 900 82 24 Public
1563 900 85 24 Office*
1677 916 7 6 .
1694 916 7 6 .

1284 934 47 24 For
1343 934 122 32 purchases
1477 933 26 24 of
1512 933 68 24 Land
1591 933 57 23 from
1659 933 98 24 Natives

1283 967 110 25 Towards
1405 967 100 30 erecting
1515 966 117 24 Churches
1640 966 44 23 and
1692 966 66 24 other

1316 1001 77 31 places
1405 1000 25 23 of
1438 1000 84 23 Public
1675 1016 7 6 .
1692 1016 7 7 .

1283 1034 48 24 For
1343 1034 78 23 Roads
1431 1034 44 22 and
1489 1032 98 31 Bridges

1283 1067 36 24 To
1331 1071 60 20 meet
1402 1067 121 23 unforseen
1535 1066 121 31 Expanses
1672 1082 7 7 .
1689 1081 7 8 .
1725 1082 7 7 .
1742 1081 8 8 .

1282 1100 71 25 Total
1364 1100 178 24 Miscellaneous
1642 1115 8 9 .
1659 1114 8 9 .
1745 1115 8 8 .
1762 1115 8 8 .

1848 1115 6 7 •
1864 1114 8 8 «

1997 750 25 8 ..
2060 736 50 23 219
2131 736 29 23 13
2196 736 16 23 6

2000 784 23 7 ..
2062 769 49 23 208
2146 771 16 21 0
2197 771 17 21 0

1999 818 24 6 ..
2062 802 50 23 650
2146 804 16 21 0
2198 804 15 21 0

1997 850 24 7 ..
2061 836 49 22 200
2146 837 16 21 0
2197 837 16 21 0

2000 883 25 8 ..
2065 869 48 21 100
2148 870 16 21 0
2199 870 15 21 0

1999 916 24 8 ..
2062 902 51 22 400
2147 903 17 21 0
2198 903 16 21 0

2000 949 24 8 ..
2046 934 67 23 4000
2147 936 16 21 0
2199 936 15 21 0

2000 1015 25 8 ..
2047 1001 66 22 1000
2148 1002 16 21 0
2199 1002 15 21 0

2000 1048 23 8 ..
2047 1035 66 21 2000
2148 1035 16 22 0
2199 1036 16 21 0

2000 1081 25 8 ..
2063 1068 50 21 200
2148 1069 16 21 0
2200 1068 16 21 0

2254 1116 23 8 ..
2319 1101 66 26 8977
2405 1103 29 23 13

2470 1103 17 23 6

1952 1164 88 25 Total

2269 1168 116 28 £50,922
2420 1169 14 23 3

2470 1170 17 22 4

597 266 103 20 Salaria.
826 265 162 25 Contin^ciu.
1082 252 158 46 ™t£T,?

445 307 101 24 Amount
563 306 98 32 brought
672 306 111 31 forward
1061 306 91 24 £5600
1187 309 15 20 0
1238 307 16 21 6

171 342 48 24 IV.
237 339 248 27 DEPARTMENT
503 340 45 24 OF
566 339 130 24 POLICE
713 338 75 25 AMD
807 338 160 25 GAOLS.—
969 338 160 30 (Continued.)

574 371 24 18 £.
655 375 16 12 i.
703 370 17 17 d.
839 370 24 17 £.
914 375 15 12 t.
962 370 18 16 d.
1109 370 23 17 £.
1183 375 15 12 s.
1236 369 18 17 d.

592 400 115 17 AKAROA.

65 430 57 23 olice
133 429 141 31 Magistrate
658 429 17 21 0
710 429 80 21 0..

60 465 35 21 >ne
105 463 114 31 Sergeant
226 467 24 18 at
259 464 37 22 4s.
308 462 49 29 3d.,
364 466 44 18 two
418 460 106 24 Privates

75 500 24 19 at
116 498 36 22 3*.
168 496 50 28 6d.,
231 495 46 23 and
298 495 52 23 four
369 494 113 24 Boatmen
501 497 25 19 at

74 530 56 24 £60
143 529 57 23 each
573 527 50 22 445
660 527 16 22 6
711 528 79 21 3..
1103 526 48 23 695
1188 526 16 22 6
1238 526 16 22 3

60 585 5 9 r
66 585 80 31 isiting
187 584 139 32 Magistrate
359 584 37 23 for
439 582 87 24 Cook's

76 619 86 23 Straits
573 617 49 22 250
658 617 16 22 0
709 618 80 21 0..

60 651 114 32 'ravelling
174 651 135 32 [Expenses
315 648 143 34 (Boat-kire,
466 648 57 33 &c.)
766 664 24 8 ..
830 651 51 21 500
915 651 16 21 0
967 651 16 21 0
1022 665 24 7 ..

571 717 50 22 250
656 718 17 20 0
708 718 16 21 0
764 731 24 8 ..
828 717 51 22 500
913 718 16 21 0
965 718 16 21 0
1020 732 24 6 ..
1102 715 50 25 750
1187 716 16 22 0
1238 716 17 21 0

601 756 89 17 GAOLS.

60 789 35 20 »ne
108 784 87 25 Gaoler
207 788 23 20 at
247 801 7 7 .
264 801 7 7 .
287 782 126 26 Auckland
499 798 13 8 ..

244 834 24 7 ..
286 816 96 25 Rusiell
502 808 18 41 (
576 832 49 21 07,
712 834 15 19 o

246 867 24 7 ..
287 851 58 23 Port
362 848 128 26 Nicholson
502 847 18 25 f
576 836 49 22 273
646 836 30 20 15
712 836 15 19 0
767 847 25 8 ..

60 889 17 19 it
88 887 37 22 ss.
139 885 58 23 each
207 892 41 23 per
258 885 60 22 diem

60 920 36 21 )ne
106 918 122 24 Assistant
237 921 26 19 at
274 918 65 29 ditto,
350 917 64 27 ditto,
426 915 65 29 ditto,
500 919 25 20 at

76 952 37 23 4s.
127 951 58 23 each
195 958 40 24 per
248 950 62 24 diem
575 949 49 23 219
660 951 16 21 0
711 951 16 20 0
767 964 7 6 .
784 964 7 7 .

60 985 83 23 Lations
154 984 36 24 for
203 986 31 22 30
247 984 124 23 Prisoners
378 987 24 18 at
414 982 40 26 7d.
467 981 57 24 each

75 1026 43 23 per
129 1017 62 24 diem
765 1030 7 7 .
782 1030 8 7 •
830 1015 49 23 310
914 1013 16 26 7
966 1014 15 23 6

60 1050 87 25 ledical
157 1049 148 25 Attendance
765 1063 7 8 .
782 1063 8 8 .
831 1048 49 23 100
914 1049 15 21 0
965 1049 16 21 0

572 1115 50 23 492
642 1116 31 22 15
709 1116 16 21 0
764 1130 25 7 ..
829 1114 50 23 419
913 1114 15 25 7
964 1115 17 23 6
1021 1129 24 9 ..
1103 1114 50 23 912
1188 1115 16 21 2
1239 1113 16 23 6

60 1184 51 24 'otal
124 1183 80 25 Polict
216 1183 45 24 and
273 1182 73 24 Gaols
1084 1180 68 26 7957
1188 1181 16 22 9
1239 1181 16 22 3

65 1290 33 18 >n«
106 1284 111 24 Minister
224 1288 25 19 at
261 1301 5 6 .
277 1300 7 7 .
297 1282 125 25 Auckland
500 1298 14 8 -.

263 1315 133 25 ..Ruwell
505 1307 10 33 I
577 1333 49 22 450
662 1334 16 21 0
713 1333 16 22 0

262 1367 6 7 .
278 1367 7 6 .
301 1350 57 23 Port
364 1347 128 26 -Nicholson

65 1389 15 19 .t
90 1385 74 23 £150
176 1384 55 24 each
244 1391 43 24 per
297 1390 86 16 annum
499 1374 16 21 *

65 1418 51 23 'otal
127 1417 175 24 Ecclesiastical
314 1415 186 26 Establishment

1105 1415 50 23 450

1190 1415 16 22 0

1240 1415 16 21 0

66 1522 34 19 me
119 1517 173 24 Schoolmaster
303 1520 24 19 at
344 1514 64 30 £40,
421 1515 45 23 and
484 1523 42 15 one

80 1551 192 24 Schoolmistress
281 1554 23 19 at
315 1550 55 24 £20
381 1556 42 24 per
432 1556 94 21 annum,

81 1589 24 18 at
116 1584 127 24 Auckland
259 1600 57 7 ....
596 1583 33 22 60
664 1584 16 21 0
714 1584 17 20 0

66 1621 34 21 •ne
112 1617 86 24 Native
211 1616 170 24 Schoolmaster
595 1617 33 21 40
663 1617 16 21 0
714 1617 16 21 0
770 1630 6 7 .
787 1629 7 8 .

66 1654 34 20 •ne
114 1651 172 23 Schoolmaster
295 1654 23 19 at
328 1650 59 23 Port
398 1648 130 24 Nicholson
596 1651 32 21 40
664 1651 16 20 0
714 1651 17 20 0
770 1663 7 8 .
788 1663 6 8 .

66 1684 51 24 'otal
125 1684 85 24 School
222 1683 186 24 Establishment

1109 1681 49 23 140

1193 1682 15 21 0

1243 1681 16 22 0

48 1788 196 29 Superintendent
582 1788 48 18 150
665 1788 17 18 0
717 1788 16 18 O
773 1798 24 7 ..

49 1819 80 28 Clerk,
142 1822 24 20 at
178 1820 36 22 ss.
227 1826 43 23 per
280 1817 61 24 diem
597 1817 84 23 915
717 1817 79 22 0..

48 1852 116 24 Foreman
581 1851 48 23 156
649 1850 32 23 10
716 1851 16 22 0
772 1864 24 8 ..

49 1885 196 32 Superintendent
260 1885 25 22 of
301 1884 81 28 Stock,
397 1887 23 19 at
439 1885 37 22 ss.
488 1890 42 24 per

81 1920 100 22 diem..
596 1917 32 23 91
665 1917 15 22 5
716 1918 16 21 0
773 1932 6 6 .
790 1932 7 6 .

48 1953 93 30 Forage
152 1952 36 23 for
199 1954 14 22 8
226 1951 99 29 Horses,
338 1955 24 19 at
374 1952 37 21 2s.
420 1949 39 25 6d.
474 1950 57 23 each

80 1993 42 22 per
132 1986 61 21 diem
397 1996 7 9 »
771 1995 8 9 »
789 1996 7 8 .
836 1980 50 23 305
922 1982 15 21 0
973 1982 16 20 0

49 2019 77 28 Carts,
135 2017 115 29 Harnesi,
260 2016 78 29 Tools,
347 2014 45 25 and
400 2014 131 24 Incidtntal

81 2051 125 32 Expenses
414 2065 17 21 %
772 2063 25 8 ..
837 2048 51 22 350
922 2048 15 21 0
973 2048 16 21 0
1029 2062 24 7 ..

1274 1926 1 12 i

1270 2006 5 16 i!

1274 2071 1 16 i

578 2116 50 23 519
663 2117 16 21 0
714 2116 17 21 0
770 2129 24 8 ..
835 2114 49 25 715
919 2115 16 22 0
971 2115 16 21 0
1027 2129 24 8 ..

1093 2114 67 23 1234
1196 2114 15 22 0
1246 2114 16 21 0

550 2155 92 17 PUBLIC
660 2154 99 17 WORKS.

49 2185 103 30 Fencing
170 2184 46 24 and
235 2184 110 31 Clearing
364 2182 38 25 the
422 2182 107 24 Govern-

80 2222 66 20 ment
156 2218 104 24 Domain
769 2230 26 8 ..
835 2215 51 23 350
920 2215 16 22 0
972 2215 16 22 0
1027 2229 25 8 ..

1110 2214 51 23 350
1196 2215 15 21 0
1246 2214 17 22 0

527 2255 91 18 PUBLIC
636 2254 150 19 BUILDINGS.

49 2285 109 24 Towards
167 2285 158 31 constructing
333 2292 14 16 a
359 2282 171 26 Court-House

82 2317 106 33 (already
199 2317 108 32 ordered)
773 2331 7 7 .
790 2331 7 7 .
837 2316 52 22 390
923 2316 15 21 0
974 2316 16 21 0
1030 2330 7 7 .
1046 2330 7 7 .

50 2353 46 23 For
108 2352 140 32 completing
260 2352 39 23 the
311 2359 63 16 same
773 2365 6 7 .
790 2364 7 8 .
837 2349 51 23 600
922 2349 16 21 0
974 2349 16 22 0

50 2386 46 24 For
117 2386 159 30 constructing
298 2385 83 23 Public
401 2383 87 24 Offices
507 2388 25 19 at

82 2419 127 24 Auckland
775 2431 6 7 .
792 2431 6 7 .
839 2416 51 22 500
924 2417 16 21 0
975 2416 16 22 0

82 2453 49 24 Do.
202 2452 172 24 aPostOffici
457 2449 13 25 d
470 2449 56 25 0...
775 2464 25 8 ..
841 2450 49 22 100
924 2450 16 21 0
976 2450 15 21 0
1031 2464 24 7 ..

84 2487 48 24 Do.
203 2494 13 15 a
229 2486 97 23 Custom
340 2485 83 24 House
458 2483 13 25 d
471 2483 55 25 0...
775 2499 7 7 .
793 2498 6 7 .
840 2483 50 23 280
924 2484 16 20 0
975 2483 16 21 0
1030 2498 7 8 .
1048 2497 7 7 .

84 2520 49 25 Do.
204 2528 14 15 a
239 2519 81 25 Police
350 2518 113 31 Lock-up
486 2517 46 24 and

86 2553 144 33 Temporary
242 2553 63 24 Cells
316 2553 36 24 for
368 2551 60 24 Gaol
775 2565 7 7 .
792 2565 7 7 .
840 2550 51 22 500
924 2551 17 21 0
976 2551 16 21 0
1032 2564 7 8 .
1048 2563 8 8 .

53 2586 45 25 For
108 2587 39 23 the
159 2587 156 23 construction
333 2586 26 24 of
375 2584 100 30 Stables,
488 2584 45 24 and

86 2621 139 31 completing
236 2620 112 30 Kitchen,
362 2620 111 24 Servants
481 2618 52 24 Bed

86 2654 98 29 Rooms,
192 2654 154 29 Out-houses,
354 2652 44 25 and
406 2652 127 25 Verandah
543 2671 4 2 .

86 2688 26 23 of
121 2687 159 24 Government
294 2687 84 24 House
775 2699 25 8 ••
825 2685 66 23 1100
924 2685 18 21 0
976 2685 16 22 0
1034 2699 23 7 ..

53 2720 129 24 Incidental
194 2721 124 32 Expenses
776 2734 7 7 •
793 2733 7 8 •
840 2719 51 22 300
925 2719 16 21 0
976 2718 17 22 0

1096 2715 68 26 3770
1199 2717 16 22 0
1250 2716 15 21 0

53 2786 70 26 Total
134 2788 85 24 Public
230 2787 88 25 Works
329 2787 46 24 and
388 2785 126 32 Buildings

1097 2783 69 24 5354
1199 2784 16 21 0
1250 2783 16 22 0

544 2891 119 18 SUPREME
684 2891 91 17 COURT.

53 2921 124 31 Registrar
187 2920 45 25 and
244 2920 72 25 Clerk
328 2920 26 23 of
361 2918 40 25 the
414 2918 73 24 Court
587 2920 49 23 300
672 2920 15 21 0
723 2920 15 21 0
778 2934 6 7 .
795 2933 7 7 .

55 2955 66 23 Crier
133 2955 26 23 of
165 2954 39 24 the
217 2954 74 24 Court
300 2953 44 25 and
357 2952 105 32 Tipstaff
603 2953 32 23 20
671 2953 15 21 0
722 2953 15 21 0
777 2967 7 7 .
794 2966 7 8 .

55 2988 135 31 Travelling
209 2988 125 32 Expenses
354 2986 25 25 of
396 2985 40 24 the
458 2985 77 31 Judge

88 3021 47 25 and
144 3021 100 25 Officers
778 3033 25 8 ..
844 3018 50 24 150
928 3020 16 21 0
979 3020 16 21 0
1034 3033 24 8 ..

55 3054 123 32 Expenses
200 3055 26 24 of
246 3055 81 24 Jurors
347 3053 45 25 and
404 3053 131 24 Witnesses

88 3088 121 32 attending
221 3087 114 25 Criminal
345 3086 79 26 Trials
778 3100 8 8 .
796 3100 6 7 .
845 3085 49 23 150
928 3087 16 21 0
979 3086 17 22 0
1034 3100 7 7 .
1051 3100 8 7 .

603 3154 50 23 320
688 3155 15 21 0
738 3154 16 22 0
841 3152 52 23 300
927 3153 16 21 0
978 3154 16 20 0
1034 3166 24 8 ..
1116 3152 50 23 620

1201 3152 16 22 0

1252 3152 16 21 0

444 3194 58 17 LAW
519 3193 123 18 OFFICERS
660 3193 31 16 O»
710 3192 51 17 THE
780 3191 103 18 CROWN.

56 3221 123 33 Attorney-
185 3222 103 25 General
587 3221 50 23 400
674 3222 14 22 0
723 3221 81 21 0..

58 3256 71 24 Clerk
141 3261 23 19 to
176 3256 65 30 ditto,
255 3256 44 24 3rd
311 3256 60 23 class
589 3255 48 22 125
674 3255 14 22 0
724 3254 16 22 0
780 3268 7 7 .
797 3268 7 7 .
1036 3267 7 8 .
1053 3267 7 7 .
1117 3253 49 22 525

135 3298 96 16 COURTS
250 3298 31 16 OF
300 3295 134 21 GENERAL,
452 3294 131 23 QUARTER,
602 3294 55 17 AND
676 3293 83 17 PETTY
777 3291 126 24 SESSIONS,
921 3292 56 17 AND
995 3292 31 16 OF
1046 3291 140 19 REQUESTS.

59 3322 124 25 Chairman
201 3324 25 23 of
243 3323 102 26 Quarter
364 3321 110 26 Sessions
490 3321 46 24 and

91 3356 181 25 Commissioner
279 3357 26 24 of
309 3356 72 25 Court
387 3355 26 24 of
417 3354 118 32 Requests

91 3394 24 19 at
124 3390 126 24 Auckland
263 3390 45 24 and
319 3388 97 26 Russell
587 3390 50 22 300
674 3390 14 21 0
724 3388 16 22 0
780 3402 7 8 .
797 3402 7 7 .

58 3422 66 24 Ditto
136 3423 57 25 ditto
205 3424 136 31 Travelling
352 3423 125 32 Expenses
509 3439 6 7 .
525 3439 7 6 .
781 3420 23 23 .'.
863 3421 32 21 50
930 3421 15 21 0
981 3421 16 21 0
1037 3435 7 7 .
1054 3434 7 7 .

58 3455 66 25 Ditto
136 3457 58 24 ditto
205 3463 24 19 at
239 3458 60 24 Port
310 3456 129 26 Nicholson
473 3472 58 8 ....
588 3457 49 23 300
674 3456 129 22 00..

60 3489 71 24 Clerk
143 3491 25 23 of
182 3491 38 24 the
241 3491 76 24 Peace
335 3490 45 25 and
396 3489 71 32 Petty
479 3489 57 23 Ses-

91 3524 71 29 sions,
175 3525 45 24 and
239 3524 125 32 Registrar
376 3524 25 23 of
410 3523 39 24 the
462 3523 74 24 Court

93 3557 25 23 of
127 3557 117 32 Requests
256 3563 25 19 at
291 3557 123 25 Auckland
586 3558 50 22 200
672 3558 16 21 0
723 3557 80 21 0..

60 3588 65 25 Ditto
137 3595 23 19 at
168 3591 97 24 Russell
588 3592 50 22 200
674 3591 15 22 0
725 3590 79 22 0..

60 3622 65 24 Ditto
137 3628 23 20 at
171 3624 61 24 Port
243 3624 130 24 Nicholson
587 3625 50 23 200
673 3625 15 21 0
723 3624 80 21 0-..

61 3655 75 25 Three
149 3658 77 23 Criers
237 3662 25 19 at
273 3658 55 24 £12
343 3656 70 25 each.
606 3658 33 23 36
674 3658 16 22 0
725 3658 15 21 0
780 3672 7 6 .
797 3672 7 5 .

62 3688 120 33 Expenses
203 3691 26 24 of
244 3691 131 24 Witnesses
392 3689 45 25 and
456 3689 81 25 Jurors
780 3705 7 7 .
797 3705 7 7 .
845 3689 50 23 200
930 3690 15 21 0
981 3690 16 21 0

1202 3253 15 21 0

1253 3252 16 21 0

571 3758 66 22 123G
673 3759 15 21 0
723 3758 15 21 0
779 3771 24 8 ..
843 3757 50 21 250
929 3757 15 21 0
980 3757 16 21 0
1036 3769 24 8 ..
1102 3753 66 23 1486

1203 3753 15 21 0

1254 3752 16 22 0

591 3797 143 16 CORONERS.

596 3822 129 24 Auckland.

62 3854 99 27 Coroner
173 3856 42 33 (by
225 3856 72 34 Fees)
781 3870 23 8 ..
863 3856 32 22 30
930 3856 15 21 0
981 3856 16 21 0
1037 3869 6 7 .
1053 3868 7 8 .

62 3887 97 27 Mtdical
170 3891 147 25 Attendance
329 3895 23 20 at
365 3889 111 32 Inquests
507 3905 7 7 .
524 3905 7 7 .
864 3889 29 22 15
929 3889 15 21 0
980 3889 16 21 0
1036 3902 7 7 .
1052 3902 7 7 .
1133 3886 33 21 45

1203 3886 15 21 0

1255 3886 15 21 0

477 3956 101 24 Amount
596 3954 91 25 carried
695 3954 113 33 forward
913 3971 6 7 ,
1076 3951 92 26 £2676

1203 3954 15 21 0

1255 3954 16 22 0
