2550 4039
1951 934 23 23 A
1992 934 96 24 Jewish
2107 936 157 24 Barrister.
2267 950 31 4 —
2300 937 24 24 A
2336 936 41 25 few
2390 937 54 33 days
2457 947 43 24 ago

1917 974 14 16 a
1952 967 128 30 gentleman
2100 969 26 22 of
2145 969 39 23 the
2201 969 89 24 Jewish'
2303 972 132 29 persuasion
2454 980 46 17 was

1917 1000 71 23 called
2001 1005 22 18 to
2037 1001 36 23 the
2091 1001 42 24 bar
2144 1002 30 30 by
2186 1002 38 23 the
2245 1002 149 25 Honourable
2408 1005 93 32 Society

1917 1034 26 22 of
1963 1033 37 23 the
2024 1033 86 24 Middle
2139 1034 104 32 Temple.
2290 1036 50 23 The
2368 1038 132 30 gentleman

1916 1066 88 24 alluded
2018 1070 23 19 to
2053 1067 19 23 is
2084 1067 47 25 Mr.
2144 1068 89 30 Simon,
2244 1068 94 25 L.L.B.
2373 1070 52 24 The
2432 1072 68 24 usual

1916 1099 70 24 forms
1999 1107 56 16 were
2067 1108 57 23 gone
2136 1101 96 32 through
2245 1103 23 22 in
2281 1102 36 23 the
2329 1109 110 25 presence
2450 1106 26 23 of
2483 1113 14 16 a

1916 1139 122 18 numerous
2047 1132 56 32 body
2113 1134 25 23 of
2146 1134 39 23 the
2194 1135 108 23 benchers
2312 1136 45 23 and
2367 1137 129 30 barristers,

1916 1165 53 24 with
1982 1167 37 23 the
2030 1168 117 29 exception
2155 1168 49 23 that
2216 1169 38 22 the
2261 1176 48 16 new
2317 1169 64 24 made
2389 1170 108 25 barrister

1915 1198 45 24 had
1979 1204 23 19 to
2022 1200 29 23 be
2062 1207 72 17 sworn
2152 1208 29 16 on
2193 1201 39 24 the
2244 1200 37 25 did
2292 1201 142 31 Testament,
2453 1204 45 24 and

1914 1231 73 24 which
1999 1233 78 23 sacred
2087 1233 98 30 volume,
2197 1235 88 23 written
2302 1235 24 23 in
2338 1235 39 24 the
2395 1236 102 25 Hebrew

1915 1269 90 27 tongue,
2014 1265 44 23 had
2068 1270 20 19 to
2096 1266 29 24 be
2132 1271 51 19 sent
2193 1267 42 24 for.
2270 1268 105 23 Another
2385 1268 112 33 difficulty

1914 1305 64 16 arose
1990 1298 71 24 under
2072 1298 37 24 the
2120 1299 116 32 following
2248 1301 174 24 circumstances
2430 1311 5 15 :
2437 1314 33 6 —
2471 1303 25 24 It

1913 1331 21 22 is
1953 1331 37 23 the
2009 1332 64 23 usual
2084 1333 96 29 practice
2192 1334 24 22 in
2234 1334 38 23 the
2284 1338 75 19 courts
2371 1335 25 23 of
2405 1336 42 23 law
2458 1336 37 24 for

1913 1364 129 30 gentlemen
2063 1365 23 23 of
2101 1365 39 24 the
2159 1365 86 25 Jewish
2263 1368 132 29 persuasion
2408 1374 22 19 to
2442 1369 54 24 take

1914 1397 39 23 the
1962 1397 66 24 oaths
2041 1397 51 25 with
2112 1398 57 24 their
2186 1399 52 24 hats
2257 1407 29 16 on
2296 1409 7 21 ;
2322 1400 41 25 but
2374 1409 62 23 upon
2447 1402 46 24 this

1913 1432 112 27 occasion,
2039 1433 71 30 owing
2131 1437 22 19 to
2173 1432 40 24 the
2223 1433 48 23 size
2282 1434 25 23 of
2324 1433 40 25 the
2383 1436 46 30 wig
2441 1436 55 23 with

1913 1463 74 24 which
1998 1465 18 22 it
2027 1472 46 16 was
2089 1472 122 25 necessary
2222 1466 50 24 that
2292 1466 37 25 the
2346 1467 58 24 head
2415 1469 26 23 of
2456 1468 39 25 the

1912 1496 139 25 honourable
2067 1498 128 31 gentleman
2207 1498 82 26 should
2298 1501 29 23 be
2342 1502 103 30 covered,
2458 1501 38 25 the

1912 1530 40 23 hat
1970 1531 66 23 could
2058 1536 37 19 not
2114 1532 27 24 be
2159 1538 42 25 put
2213 1541 36 16 on.
2286 1533 29 24 In
2331 1541 164 24 consequence,

1913 1563 39 24 the
1963 1571 119 25 ceremony
2091 1572 46 16 was
2148 1573 59 23 gone
2221 1566 98 31 through
2336 1567 96 24 without
2446 1568 50 24 that

1912 1602 131 26 customary
2054 1599 143 24 observance.
2234 1599 25 24 It
2270 1600 19 22 is
2300 1600 73 23 stated
2383 1601 51 24 that
2444 1601 49 25 Mr.

1913 1630 79 24 Simon
2005 1632 19 22 is
2036 1631 38 24 the
2085 1632 49 23 first
2154 1632 87 24 Jewish
2252 1633 107 24 barrister
2369 1635 126 24 connected

1912 1664 52 23 with
1979 1665 37 22 the
2030 1665 86 23 Middle
2128 1665 107 32 Temple.

1946 1698 143 24 Ingenious
2107 1698 157 25 Invention.
2267 1711 33 6 —
2300 1699 23 24 A
2334 1700 159 26 mechanician

1912 1731 26 22 of
1953 1739 13 15 a
1976 1731 58 24 little
2047 1736 58 19 town
2116 1733 25 22 in
2152 1731 113 26 Bohemia
2275 1733 41 23 has
2326 1736 132 23 contructed
2467 1744 29 15 an

1912 1768 130 20 automaton
2054 1765 70 23 which
2134 1766 99 24 imitates
2244 1766 109 32 perfectly
2364 1767 38 24 the
2409 1768 87 25 human

1912 1798 71 28 voice,
2006 1798 144 32 particularly
2167 1799 40 24 the
2229 1807 97 24 soprano
2347 1805 73 20 notes.
2468 1802 27 24 It

1912 1831 64 30 sings
1986 1831 86 24 several
2084 1831 94 25 difficult
2198 1833 46 23 airs
2265 1833 53 23 with
2338 1833 38 25 the
2397 1839 99 26 greatest

1912 1872 117 24 accuracy.
2082 1865 96 30 Shakes,
2209 1874 63 21 runs,
2301 1866 45 24 and
2369 1867 126 26 chromatic

1912 1897 73 23 scales
1996 1906 39 15 are
2047 1898 30 24 all
2094 1899 95 23 excuted
2202 1900 54 24 with
2274 1901 130 32 surprising
2421 1903 75 30 preci-

1912 1931 57 22 sion.
2017 1931 58 24 This
2096 1937 138 24 automaton,
2255 1934 24 22 in
2308 1934 101 32 singing,
2439 1943 57 17 even

1910 1971 146 22 pronounces
2176 1964 81 31 words,
2275 1974 26 16 so
2312 1962 26 28 ait
2350 1971 23 19 to
2384 1967 30 23 be
2424 1969 71 31 easily

1910 1996 148 25 understood.
2096 1997 51 27 The
2167 1999 106 24 inventor
2291 2000 70 30 hopes
2377 2004 24 19 to
2421 2002 75 23 arrive

1911 2034 23 18 at
1943 2030 56 23 such
2011 2039 14 15 a
2035 2031 62 30 point
2107 2032 25 22 of
2145 2033 127 30 perfection
2282 2042 27 15 as
2325 2037 24 19 to
2369 2034 70 31 bring
2457 2035 37 24 his

1910 2063 104 24 machine
2030 2068 24 19 to
2072 2072 127 24 pronounce
2216 2066 30 23 all
2265 2067 38 24 the
2321 2067 73 24 words
2415 2068 26 23 of
2454 2068 40 25 the

1910 2096 52 23 best
1976 2105 89 22 operas.

1943 2130 23 24 A
1985 2131 132 24 Singular
2134 2131 115 26 Legacy.
2251 2145 31 7 —
2287 2133 41 25 We
2349 2134 64 24 learn
2434 2135 59 25 from

1910 2162 38 24 the
1957 2162 57 25 New
2026 2163 140 32 Hampshire
2173 2165 102 30 Patriot,
2286 2167 47 25 that
2341 2176 14 15 a
2366 2169 126 31 merchant,

1909 2195 102 33 residing
2021 2199 135 23 somewhere
2167 2199 25 24 in
2205 2200 38 23 the
2254 2200 88 25 United
2354 2202 86 30 States,
2450 2202 43 28 has,

1901 2229 38 31 .by
1959 2230 34 23 his
2013 2231 46 23 will
2080 2231 98 25 directed
2201 2234 93 29 80,000
2314 2234 85 25 dollars
2422 2241 23 19 to
2465 2236 30 25 be

1908 2263 80 30 placed
1998 2265 24 22 in
2034 2264 46 26 fhe.
2085 2265 71 24 hands
2167 2266 27 23 of
2200 2266 65 25 three
2284 2272 104 25 trustees,
2401 2269 46 24 and
2463 2270 32 31 by

1909 2296 60 24 them
1983 2298 71 30 safely
2067 2298 107 25 invested.
2212 2300 35 24 Of
2257 2301 38 24 the
2302 2302 95 24 interest
2406 2303 88 31 arising

1908 2329 58 25 from
1978 2331 46 23 this
2036 2331 62 30 fund,
2110 2334 49 22 500
2172 2333 83 24 dollars
2267 2343 39 16 are
2350 2340 21 18 to
2383 2336 30 23 be
2424 2338 69 30 given

1907 2364 108 31 annually
2027 2369 22 19 to
2062 2365 36 23 the
2107 2373 85 23 person
2202 2366 50 25 who
2267 2368 55 24 shall
2336 2376 106 24 compose
2454 2370 40 24 the

1906 2396 52 25 best
1978 2406 66 22 essay
2063 2398 134 33 advocating
2214 2400 39 25 the
2272 2402 54 23 total
2344 2402 109 25 abolition
2471 2404 26 24 of

1906 2437 70 24 paper
1983 2439 90 24 money,
2080 2432 42 24 and
2133 2432 38 24 the
2180 2433 108 32 adoption
2296 2436 25 23 of
2329 2443 56 24 pure
2394 2436 100 25 metallic

1906 2471 109 25 currency
2069 2465 42 24 and
2123 2468 49 22 300
2185 2467 83 25 dollars
2276 2477 38 16 are
2352 2474 22 19 to
2385 2469 28 24 be
2423 2470 70 31 given

1906 2498 108 31 annually
2027 2503 22 19 to
2061 2498 37 24 the
2109 2507 83 23 person
2204 2500 50 25 who
2267 2502 58 24 shall
2336 2510 107 25 compose
2452 2504 39 24 the

1906 2529 50 25 best
1976 2539 65 23 essay
2054 2532 132 32 advocating
2207 2533 47 25 free
2275 2535 61 24 trade
2353 2536 45 24 and
2418 2537 73 25 direct

2054 2566 37 23 the
2112 2567 55 23 total
2188 2567 110 25 abolition
2315 2569 25 24 of
2357 2570 31 24 all
2406 2571 85 31 impost

1905 2597 74 24 duties
2002 2599 43 23 and
2070 2600 61 23 tariff
2151 2600 48 29 law,
2224 2601 45 24 and
2290 2602 37 24 the
2349 2609 97 26 support
2465 2604 26 24 of

1904 2637 149 25 government
2065 2633 29 30 by
2103 2633 71 24 direct
2188 2636 109 29 taxation,
2307 2636 46 24 laid
2363 2637 87 31 mainly
2458 2646 30 15 on

1904 2670 116 26 property.
2057 2667 69 31 Upon
2147 2667 36 24 the
2203 2667 86 26 demise
2308 2670 24 23 of
2353 2670 37 24 the
2402 2672 52 23 wife
2467 2672 25 23 of

1905 2698 38 23 the
1957 2698 96 30 devisor,
2067 2700 36 24 the
2115 2705 71 19 estate
2204 2701 141 32 bequeathed
2357 2709 23 18 to
2390 2703 43 25 her
2444 2705 47 24 will

1903 2740 30 22 go
1955 2733 46 23 into
2016 2732 45 24 this
2079 2733 62 29 fund,
2155 2735 43 22 and
2211 2742 25 16 so
2249 2736 45 24 will
2310 2736 38 24 the
2364 2738 127 31 respective

1904 2766 102 29 portions
2019 2766 25 23 of
2053 2766 35 24 his
2100 2771 41 20 two
2154 2768 111 30 children,
2278 2770 23 24 in
2317 2777 52 17 case
2381 2771 72 24 either
2465 2780 26 15 or

1903 2798 56 24 both
1981 2807 53 23 may
2058 2800 35 24 die
2114 2801 76 25 before
2214 2802 107 33 reaching
2349 2808 142 28 twenty-one

1903 2839 67 23 years
1995 2834 25 22 of
2039 2841 50 23 age.
2124 2834 57 24 This
2200 2837 115 23 accession
2337 2841 23 20 to
2378 2837 39 25 the
2433 2839 57 23 fund

1904 2865 73 24 would
1995 2867 101 24 increase
2111 2868 18 23 it
2148 2872 23 19 to
2194 2868 69 25 about
2286 2872 92 27 50,000
2396 2871 93 25 dollars.

1903 2898 23 23 It
1938 2899 21 23 is
1971 2898 54 25 then
2037 2900 106 31 provided
2156 2902 50 23 that
2226 2902 38 24 the
2277 2903 70 24 whole
2360 2909 94 19 amount
2465 2905 28 24 of

1902 2931 39 24 the
1952 2933 97 30 bequest
2060 2933 57 24 shall
2128 2935 27 22 be
2167 2935 70 30 given
2256 2940 22 19 to
2291 2936 36 24 the
2341 2937 79 24 school
2430 2938 58 24 fund

1901 2965 25 23 of
1937 2965 49 24 that
2005 2966 66 24 State
2090 2967 25 23 of
2133 2967 37 23 the
2183 2968 81 24 Union
2277 2969 73 24 which
2361 2970 60 24 shall
2438 2971 51 24 first

1901 2999 158 31 permanently
2066 3000 84 24 abolish
2160 3002 46 23 and
2214 3002 94 24 exclude
2315 3011 70 23 paper
2394 3006 92 29 money',

1901 3032 44 23 and
1957 3032 68 31 adopt
2063 3042 14 14 a
2087 3041 55 23 pure
2154 3034 99 24 metallic

1937 3065 28 24 In
1978 3065 38 25 the
2028 3065 80 31 Times,
2122 3067 25 24 of
2163 3067 37 24 the
2215 3070 38 23 Ist
2265 3065 90 34 March,
2366 3070 64 25 there
2449 3079 39 17 are

1901 3100 49 23 212
1973 3105 104 26 separate
2100 3100 187 26 advertisements
2307 3103 59 25 from
2383 3109 103 20 servants

1927 3137 40 19 out
1978 3133 26 24 of
2118 3135 27 23 of
2159 3135 73 24 which
2244 3136 38 24 the
2293 3141 91 27 greater
2394 3139 91 31 portion

1901 3173 39 16 are
1952 3166 104 25 females.

1933 3199 43 28 As
1985 3200 151 25 Ornament
2147 3210 30 15 to
2188 3209 55 18 her
2253 3203 62 25 Sex.
2318 3217 34 5 —
2354 3204 29 25 In

1899 3233 30 30 by
1944 3242 13 15 a
1969 3234 78 23 reader
2060 3235 25 23 of
2100 3235 97 32 History
2241 3237 24 23 in
2276 3236 108 26 Fraser's
2400 3238 87 32 Maga-

1900 3265 57 30 zine,
1971 3272 33 18 we
2014 3267 49 24 find
2084 3268 43 24 this
2148 3270 92 23 curious
2262 3278 96 24 passage
2367 3280 42 16 :—
2437 3272 51 24 The

1899 3299 118 33 following
2028 3301 20 23 is
2059 3309 14 15 a
2084 3309 113 24 summary
2219 3302 25 24 of
2318 3305 99 32 exploits
2434 3305 26 24 of
2474 3314 14 16 a

1899 3333 84 25 Queen
2001 3335 26 23 of
2047 3335 73 31 Syria,
2145 3335 122 33 Cleopatra
2285 3337 29 31 by
2325 3345 68 18 name
2402 3348 6 15 :
2411 3352 33 5 —
2444 3335 51 28 shY

1899 3366 46 24 had
1957 3367 57 24 been
2027 3367 40 25 the
2078 3368 48 24 wife
2145 3369 25 24 of
2185 3370 65 24 three
2270 3370 70 33 kings
2360 3373 26 23 of
2408 3373 76 31 Syria,

1888 3400 2 30 i
1898 3400 46 24 and
1954 3401 39 23 the
2005 3401 88 24 mother
2110 3402 25 24 of
2150 3403 61 25 four.
2254 3404 56 25 Two
2331 3406 25 23 of
2371 3406 41 23 her
2427 3406 57 23 hus-

1898 3434 73 24 bands
1983 3434 42 24 she
2036 3434 45 24 had
2092 3435 56 25 been
2160 3437 38 24 the
2211 3437 68 25 death
2289 3439 29 28 of,
2338 3439 44 23 and
2400 3438 27 24 of
2443 3438 42 25 her
2497 3457 5 4 .

1896 3474 65 21 «ons,
1981 3476 43 15 one
2047 3469 40 23 she
2104 3469 44 24 had
2168 3471 120 24 murdered
2307 3472 52 23 with
2376 3472 42 23 her
2433 3476 51 19 own
2503 3475 4 5 '

1898 3500 81 30 hands,
1990 3501 44 24 and
2046 3502 72 24 would
2140 3504 55 24 have
2214 3504 79 24 served
2312 3505 93 23 another
2426 3504 58 29 aftqr

1899 3533 38 24 the
1957 3542 62 17 same
2042 3535 96 30 fashion,
2167 3537 54 31 only
2244 3537 28 24 he
2302 3537 108 32 poisoned
2441 3538 59 24 her

1932 3601 153 25 Rumoured
2097 3603 143 24 Marriage
2252 3611 30 17 in
2293 3611 65 17 high
2370 3604 76 25 Life.
2448 3617 34 5 —

1896 3635 25 24 A
1943 3640 77 27 report
2041 3643 20 16 is
2080 3644 53 24 vary
2154 3641 92 20 current
2266 3638 25 22 in
2314 3637 169 32 distinguished

1898 3668 81 25 circles
1990 3669 50 24 that
2053 3669 59 24 Miss
2124 3671 81 23 Coutts
2224 3670 97 24 Burdett
2333 3671 20 22 is
2368 3676 23 19 at
2400 3671 82 32 length

1897 3702 70 24 about
1985 3707 24 19 to
2027 3702 85 24 bestow
2128 3703 41 24 her
2185 3702 64 24 hand
2268 3704 25 22 in
2305 3705 119 31 marriage,
2437 3704 45 25 and

1897 3735 49 24 that
1964 3735 64 25 Lord
2046 3736 125 29 Wiltshire,
2194 3737 39 22 the
2251 3737 72 24 eldest
2341 3745 43 17 son
2401 3738 26 24 of
2442 3738 39 25 the
2503 3758 3 5 ,

1898 3769 106 32 Marqius
2025 3768 24 26 of
2072 3769 142 25 Winchester
2230 3770 44 24 and
2299 3771 99 28 Colonel,
2416 3771 26 25 of
2467 3780 16 16 a

1896 3802 101 32 dragoon
2026 3803 117 31 regiment,
2173 3803 19 24 is
2221 3804 130 24 mentioned
2388 3813 25 16 as
2442 3805 39 25 the

1894 3836 111 24 favoured
2016 3836 80 24 suitor.

1930 3869 51 24 The
1990 3870 88 23 marine
2089 3869 56 31 good
2157 3871 87 23 service
2255 3872 95 31 pension
2367 3872 26 25 of
2406 3874 74 24 £300

1896 3911 13 15 a
1930 3910 55 23 year
2007 3903 42 23 has
2072 3903 55 24 been
2149 3904 68 30 given
2242 3908 23 20 to
2289 3900 192 38 Major-General

1895 3936 176 29 Tremenheere,
2084 3935 80 31 R.M.,
2175 3938 79 25 whose
2272 3943 58 20 term
2350 3940 26 24 of
2394 3935 87 32 service

1894 3970 94 24 reaches
2000 3972 32 21 64
2044 3977 73 22 years,

1321 139 60 24 with.
1418 141 50 24 The
1480 144 110 30 engineer-
1595 143 40 24 has
1643 145 91 23 worked
1745 146 47 23 like
1801 155 14 14 a
1824 146 72 30 horse,

1320 172 44 23 and
1380 173 41 23 has
1434 176 99 30 scarcely
1545 184 52 15 ever
1614 177 56 23 been
1680 182 41 18 out
1733 178 23 23 of
1773 179 37 23 the
1828 179 68 24 shaft.

1315 203 54 25 .The
1392 207 96 30 original
1510 209 161 29 shareholders,
1696 210 74 24 whose
1793 212 103 30 pockets,

1319 243 59 18 were
1390 240 52 22 well
1452 240 93 24 drained
1562 242 24 22 in
1600 242 96 23 fruitless
1708 243 77 23 efforts
1798 249 23 18 to
1833 244 63 24 drain

1318 268 37 25 the
1367 272 85 29 tunnel,
1465 273 57 24 have
1539 281 51 16 now
1602 274 35 23 the
1647 275 141 24 satisfaction
1800 276 25 23 of
1840 285 56 16 once

1316 309 62 17 more
1396 306 100 30 running
1512 306 99 31 through
1628 307 56 23 their
1699 313 115 26 property.
1850 309 46 25 For

1317 342 60 17 some
1398 338 54 23 time
1472 339 38 23 the
1523 339 81 23 ardour
1616 339 23 23 of
1656 339 38 23 the
1714 341 124 30 projectors
1850 349 45 16 was

1317 367 94 33 damped
1429 370 30 31 by
1478 371 38 23 the
1534 372 75 23 works
1627 372 67 31 going
1711 381 30 14 on
1761 379 38 17 too
1819 376 76 22 swim-

1315 402 93 31 mingly.
1456 403 75 24 When
1551 404 110 24 accidents
1684 412 58 16 were
1761 413 67 24 every
1851 407 43 31 day

1316 440 152 24 occurrences,
1482 436 38 24 the
1538 436 79 25 tunnel
1634 445 43 16 was
1699 446 13 15 a
1724 443 82 19 matter
1817 439 25 24 of
1858 441 36 22 in-

1314 469 69 21 terest
1390 476 8 20 ;
1419 468 49 29 but,
1480 469 63 24 since
1559 469 40 25 the
1618 475 64 19 water
1694 471 42 23 has
1755 471 58 24 been
1825 472 68 24 effec-

1314 498 73 32 tually
1397 499 54 33 kept
1462 506 48 24 out,
1522 503 18 25 it
1559 502 41 24 has
1611 503 90 24 become
1717 511 15 16 a
1742 504 42 32 dry
1795 505 97 31 subject.

1313 529 39 26 On
1373 539 64 18 more
1456 534 56 24 than
1532 543 43 16 one
1595 537 110 28 occasion,
1727 536 37 24 the
1783 544 109 25 company

1313 564 72 25 would
1405 567 57 23 have
1484 567 56 24 been
1560 569 126 31 swamped,-
1696 570 23 23 in
1738 571 59 29 spite
1816 571 27 23 of
1862 571 30 24 all

1312 595 71 26 hands
1393 599 70 31 being
1473 605 42 26 put
1525 605 24 19 to
1561 600 39 25 the
1610 609 87 24 pumps,
1708 602 20 23 if
1737 602 155 26 Government

1311 628 46 26 had
1367 637 39 19 not
1423 632 49 24 lent
1481 635 4 3 '
1491 633 59 24 their
1569 635 89 24 sucker.
1701 635 52 24 The
1769 635 77 30 funds,
1868 638 24 23 in

1310 662 54 30 fact,
1375 672 59 17 were
1445 671 23 18 at
1483 664 126 26 lowrwater
1625 667 62 24 mark
1698 668 56 31 long
1764 668 77 24 before
1854 670 38 23 the

1310 696 74 24 works
1396 697 97 25 reached
1505 699 38 23 the
1552 707 65 16 same
1629 700 108 23 desirable
1748 701 65 31 point
1823 711 7 19 ;
1842 703 46 23 and

1311 728 37 24 the
1359 737 62 17 more
1439 731 38 23 the
1489 732 79 23 tunnel
1581 739 44 16 was
1636 737 32 19 set
1686 733 74 29 afloat,
1773 734 40 23 the
1828 743 63 15 more

1310 768 57 18 were
1379 763 39 24 the
1428 763 158 25 shareholders
1593 765 99 30 aground
1704 767 24 21 in
1740 766 59 24 their
1806 767 83 24 under-

1309 795 100 31 takings.
1411 809 34 4 —
1445 796 70 24 From
1537 797 88 31 George
1643 797 159 25 Cruiks/iank's
1815 799 76 25 Comic

1308 827 111 26 Almanac
1423 830 47 29 for
1482 835 12 22 1
1498 832 57 23 843.

1343 861 198 26 Unfortunate
1554 863 125 25 Apropos.
1681 877 34 4 —
1715 864 34 25 At
1760 865 38 24 the
1810 866 78 24 dinner

1307 894 67 30 given
1385 896 31 30 by
1427 896 38 23 the
1475 896 84 31 judges
1570 902 23 19 to
1605 897 37 23 the
1652 899 144 30 magistrates
1809 908 28 15 on
1851 900 37 23 the

1307 927 51 24 first
1367 927 43 32 day
1422 929 25 22 of
1454 929 38 23 the
1499 929 46 24 late
1551 929 61 24 Lent
1619 930 94 24 Assizes
1720 936 23 18 at
1750 932 137 29 Maidstone,

1307 960 57 24 after
1375 961 38 23 the
1425 962 60 23 cloth
1506 962 43 24 had
1560 963 59 24 been
1632 964 109 29 removed,
1755 965 38 23 the
1811 965 76 25 health

1307 993 24 23 of
1341 993 37 23 the
1386 994 84 30 judges
1480 1003 45 15 was
1535 995 84 25 drunk.
1652 996 63 24 Lord
1726 998 107 24 Denman
1842 1006 45 16 was

1306 1028 119 30 returning
1445 1028 91 29 thanks,
1550 1030 44 22 and
1613 1031 78 29 saying
1711 1031 48 23 how
1772 1031 75 32 happy
1859 1031 28 25 he

1306 1059 45 23 and
1367 1059 35 23 his
1422 1060 92 24 brother
1531 1062 109 23 Patteson
1651 1070 57 16 were
1722 1069 22 17 to
1756 1071 64 16 come
1837 1065 50 23 into

1306 1092 38 23 the
1356 1098 82 26 county
1451 1094 24 23 of
1494 1094 70 29 Kent,
1578 1094 70 30 when,
1660 1096 176 32 unfortunately,
1850 1098 37 23 the

1306 1125 86 32 worthy
1404 1125 116 25 chairman
1532 1128 25 22 of
1567 1127 37 24 the
1617 1129 97 24 Quarter
1724 1129 107 24 Sessions
1842 1131 45 24 and

1306 1158 93 24 another
1408 1160 86 30 worthy
1501 1161 132 30 magistrate
1642 1161 48 29 had,
1699 1167 24 18 at
1734 1162 35 24 the
1777 1168 108 25 moment,

1305 1190 99 32 brought
1410 1200 29 16 an
1447 1193 115 24 animated
1570 1194 125 24 discussion
1705 1203 29 16 on
1744 1198 142 23 mesmerism

1306 1228 21 19 to
1338 1232 13 15 a
1361 1225 90 29 climax,
1461 1226 45 24 and
1516 1227 37 23 the
1564 1227 89 29 former,
1664 1228 100 31 striking
1771 1228 38 24 the
1818 1230 66 28 table,

1305 1257 142 32 vehemently
1458 1259 134 30 exclaimed,
1630 1259 57 32 They
1699 1268 41 16 are
1750 1260 38 25 the
1799 1261 88 32 biggest

1305 1289 106 33 humbugs
1421 1293 29 21 oh
1459 1291 66 24 earth
1594 1292 51 25 The
1658 1301 64 16 room
1734 1302 44 15 was
1792 1296 92 22 convul-

1305 1324 38 23 sed
1355 1324 55 23 with
1421 1324 113 31 laughter,
1547 1325 45 24 and
1604 1333 55 16 none
1672 1327 95 31 enjoyed
1779 1327 39 24 the
1826 1328 57 31 joke

1303 1364 62 17 more
1378 1357 55 23 than
1445 1358 39 23 the
1496 1357 163 32 distinguished
1668 1358 92 32 judges.

1337 1390 56 24 The
1412 1390 86 24 Navy.
1499 1402 35 6 —
1534 1391 24 24 A
1580 1391 146 25 Portsmouth
1750 1401 134 24 correspon-

1303 1422 54 25 dent
1369 1432 52 23 says
1423 1436 34 5 —
1484 1423 29 24 In
1526 1424 38 23 the
1585 1425 163 32 contemplated
1767 1426 119 25 reduction

1303 1456 22 23 in
1347 1457 38 23 the
1408 1465 60 24 navy
1491 1465 33 15 we
1546 1466 39 16 are
1608 1458 92 24 enabled
1722 1464 22 20 to
1755 1464 59 20 state
1825 1465 61 20 most

1303 1491 131 31 possitively
1447 1491 49 23 that
1508 1491 37 24 the
1558 1491 76 24 Lords
1651 1492 23 23 of
1695 1492 40 24 the
1753 1493 131 32 Admiralty

1303 1522 55 25 have
1376 1528 41 19 not
1440 1524 38 24 the
1495 1529 60 19 most
1572 1529 83 20 remote
1672 1526 112 24 intention
1807 1527 26 23 of
1846 1535 38 16 re-

1302 1555 83 33 ducing
1396 1557 39 24 the
1448 1565 70 16 crews
1529 1558 26 23 of
1569 1558 40 24 the
1620 1559 62 31 ships
1701 1560 25 22 in
1738 1560 146 24 commission

1303 1594 21 18 to
1338 1590 57 24 what
1406 1591 21 23 is
1439 1590 86 24 termed
1545 1591 38 24 the
1602 1592 80 31 'peace
1694 1593 189 25 establishment.'

1303 1622 50 25 The
1372 1624 119 23 reduction
1510 1624 46 23 will
1572 1625 30 24 be
1621 1625 63 24 made
1701 1626 32 31 by
1751 1628 86 30 paying
1854 1628 33 23 off

1301 1657 56 23 such
1369 1657 63 31 ships
1444 1665 24 15 as
1481 1665 53 24 may
1545 1658 28 23 be
1585 1658 91 24 ordered
1694 1659 66 24 home
1779 1660 35 23 for
1834 1660 49 24 that

1301 1694 104 27 purpose,
1425 1690 41 23 but
1487 1690 63 24 those
1573 1692 99 23 retained
1694 1693 25 22 in
1738 1694 145 25 commission

1301 1723 45 23 .will
1357 1728 39 19 not
1407 1723 57 24 have
1476 1732 15 15 a
1502 1724 73 31 single
1586 1733 89 15 seaman
1688 1733 25 15 or
1730 1727 86 23 marine
1837 1727 46 24 less

1302 1755 53 24 than
1367 1757 58 23 their
1437 1762 94 26 present

1334 1789 51 24 The
1405 1791 52 22 first
1473 1790 86 24 launch
1574 1792 73 24 which
1664 1792 42 23 has
1727 1793 69 23 taken
1809 1794 24 22 in
1845 1793 38 24 the

1298 1821 52 33 lsay
1363 1823 25 23 of
1402 1823 89 24 Dublin
1507 1825 35 22 for
1553 1832 69 24 many
1633 1833 63 23 years
1718 1833 46 16 was
1786 1826 95 25 effected

1291 1859 32 26 flat
1338 1854 149 33 Kingstown.
1534 1857 51 24 The
1604 1859 71 23 vessel
1687 1866 45 16 was
1744 1860 58 23 built
1811 1860 73 24 under

1291 1888 47 36 '£be
1360 1889 109 24 direction
1493 1891 26 22 of
1526 1896 6 11 '
1541 1891 129 24 Councillor
1689 1893 86 29 Fagan,
1795 1894 45 23 and
1861 1894 21 23 is

1298 1922 74 31 jcalled
1392 1923 39 23 the
1448 1923 105 23 Duchess
1572 1925 30 29 of
1615 1924 111 30 Leinster,
1746 1926 45 23 and
1811 1927 19 23 is
1860 1927 24 23 of

1291 1954 196 34 Ms^registered.,
1493 1961 98 26 tonnage
1608 1958 25 22 of
1654 1959 47 24 272
1726 1963 59 20 tons.
1797 1974 9 9 r
1824 1960 59 23 .The

1292 1983 77 29 Duke
1437 1988 108 24 Duchess
1560 1990 28 23 of
1603 1990 110 30 Leinster,
1733 1992 44 23 and
1797 2000 13 15 a
1828 1992 55 31 long

1296 2021 40 24 iis>t
1348 2021 26 24 of
1388 2023 27 22 of
1428 2022 163 29 fashionables,
1604 2031 55 16 were
1672 2030 100 24 present.

1318 2071 4 3 •
1330 2054 24 25 A
1366 2054 53 25 Son
1432 2063 86 16 older
1529 2063 72 17 than
1616 2065 40 15 his
1672 2057 179 25 FATHER.^-It
1861 2060 19 22 is

1298 2087 73 25 stated
1382 2088 49 24 that
1442 2097 14 15 a
1467 2089 52 31 lady
1531 2089 72 32 living
1614 2098 51 16 near
1678 2091 87 29 Berlin,
1774 2092 105 25 Piussia.

1300 2120 48 25 who
1360 2122 40 23 has
1414 2122 53 31 only
1479 2123 100 24 attained
1590 2124 39 23 the
1640 2132 39 23 age
1698 2126 26 22 of
1741 2127 45 23 103
1806 2134 73 23 years,

1296 2154 41 24 has
1345 2155 50 31 just
1407 2156 131 23 contracted
1548 2164 14 15 a
1573 2157 76 23 fourth
1663 2159 122 30 marriage'
1792 2160 55 23 with
1868 2169 12 14 a

1292 2188 74 30 youth
1378 2189 25 23 of
1412 2190 41 25 70.
1501 2189 47 24 But
1560 2190 39 23 the
1611 2198 71 16 cream
1694 2193 25 21 of
1735 2192 38 23 the
1781 2192 58 32 joke
1850 2194 27 28 is,

1297 2221 48 23 that
1367 2230 85 23 among
1473 2222 39 24 the
1536 2222 101 25 children
1659 2224 71 25 which
1754 2226 39 23 the
1816 2226 64 24 bride

1296 2254 97 33 brought
1405 2260 23 19 to
1440 2256 40 23 her
1492 2263 51 16 new
1554 2255 104 27 husband
1668 2265 45 17 was
1724 2267 13 14 a
1746 2259 42 31 boy
1800 2260 25 22 of
1833 2262 32 22 83
1872 2261 6 23 !

1328 2288 58 24 The
1406 2289 99 24 Comet.
1508 2303 34 3 —
1542 2290 40 24 All
1602 2291 40 23 the
1659 2296 150 20 astronomers
1822 2293 58 24 have

1296 2321 55 24 been
1372 2322 101 32 engaged
1493 2324 24 23 in
1538 2324 113 31 watching
1659 2325 37 23 the
1707 2333 107 24 progress
1826 2327 25 23 of
1866 2336 14 14 a

1295 2360 72 20 comet
1387 2356 72 23 which
1482 2355 43 25 has
1546 2356 59 24 been
1621 2359 163 31 unexpectedly
1804 2360 75 23 disco-

1294 2389 74 24 vered.
1414 2390 151 31 Star-gazing
1583 2391 42 23 has
1649 2392 89 24 become
1758 2394 61 30 quite
1839 2394 38 23 the

1294 2429 60 24 rage.
1391 2423 51 23 The
1461 2423 60 31 daily
1532 2424 99 24 London
1646 2434 78 22 papers
1746 2426 56 23 have
1820 2427 57 24 been

1294 2455 61 24 filled
1363 2456 55 24 wi.h
1430 2457 112 24 scientific
1551 2458 103 24 remarks
1665 2467 29 15 on
1706 2460 39 23 the
1757 2460 96 31 subject.

1325 2489 51 24 The
1388 2490 110 31 shipping
1509 2493 130 29 companies
1651 2493 42 23 and
1705 2494 86 30 private
1813 2495 63 30 ship-

1292 2530 90 17 owners
1393 2524 26 23 of
1435 2524 113 24 Stor.kton
1559 2525 59 23 have
1629 2526 100 24 resolved
1747 2533 21 17 to
1789 2527 39 31 lay
1847 2536 30 23 up

1292 2555 58 24 their
1361 2557 85 24 vessels
1460 2557 75 24 rather
1548 2558 54 24 than
1616 2559 86 32 employ
1715 2560 60 23 them
1793 2561 24 23 in
1839 2561 37 23 the

1292 2590 47 23 coal
1352 2590 62 24 trade
1426 2595 25 18 at
1469 2590 38 24 the
1529 2597 92 25 present
1640 2601 51 22 very
1706 2594 44 22 low
1768 2594 106 31 freights.

1291 2623 22 24 A
1324 2628 64 26 great
1399 2624 97 24 number
1505 2624 27 24 of
1546 2625 64 31 ships
1622 2634 37 15 are
1670 2626 91 32 already
1774 2627 49 24 laid
1842 2636 30 23 up

1291 2656 21 23 in
1333 2657 39 24 the
1393 2657 73 24 River
1484 2657 69 30 Tees,
1574 2667 62 16 more
1655 2660 51 23 than
1735 2660 57 26 have
1816 2661 58 24 been

1290 2690 122 24 witnessed
1424 2691 35 23 for
1468 2700 69 22 many
1548 2700 76 22 years.
1722 2713 9 9 fc

1323 2723 23 24 A
1357 2729 64 18 court
1433 2725 91 24 martial
1536 2733 45 16 was
1593 2726 70 31 lately
1678 2727 52 24 held
1748 2733 23 17 at
1790 2728 84 29 Malta,

1289 2756 71 25 which
1374 2757 150 25 admonished
1537 2759 96 31 Captain
1654 2761 36 22 Sir
1710 2761 28 24 C.
1762 2762 111 28 Sullivan,

1289 2789 26 24 of
1329 2790 37 24 the
1389 2790 146 25 Formidable
1557 2793 73 23 which
1654 2802 36 16 ran
1713 2794 81 24 ashore
1819 2804 56 15 near

1290 2823 132 30 Barcelona,
1462 2830 21 18 to
1496 2825 28 24 be
1537 2834 62 16 more
1612 2827 81 24 careful
1712 2829 25 22 in
1756 2829 76 23 future
1851 2829 24 24 in

1289 2857 112 24 reference
1425 2863 22 18 to
1468 2858 37 24 the
1526 2867 41 16 use
1586 2860 26 24 of
1628 2860 36 24 the
1683 2861 50 23 lead
1745 2862 43 22 and

1287 2890 44 24 and
1343 2891 158 31 reprimanded
1513 2893 39 23 the
1563 2898 92 24 master,
1668 2894 45 23 Mr.
1728 2895 23 23 J.
1770 2895 102 29 Tonkin,

1287 2931 30 16 on
1327 2924 39 24 the
1379 2933 63 16 same
1453 2926 109 29 grounds.

1322 2957 94 25 China.
1419 2971 35 4 —
1455 2958 24 24 It
1501 2966 47 16 was
1576 2960 73 23 stated
1668 2965 23 18 at
1720 2961 39 24 the
1788 2961 83 24 March

1287 2991 102 31 mquthly
1398 2992 101 30 meeting
1510 2992 26 23 of
1552 2992 37 24 the
1602 2993 90 31 Society
1705 2994 34 23 for
1760 2995 111 24 Promot-

1286 3025 40 30 ing
1338 3025 116 24 Christian
1468 3025 150 32 Knowledge,
1639 3027 45 24 that
1697 3032 64 27 types
1774 3036 60 16 were
1848 3030 23 22 in

1287 3057 115 25 readiness
1415 3058 34 24 for
1461 3060 102 30 printing
1579 3068 45 23 any
1644 3061 94 23 number
1757 3062 25 23 of
1797 3062 74 24 books

1286 3092 23 23 in
1332 3091 39 24 the
1394 3091 100 25 Chinese
1516 3093 114 32 language
1652 3094 71 23 which
1745 3095 76 31 might
1843 3096 28 23 be

1285 3125 112 31 required,
1419 3133 26 16 so
1468 3133 57 17 soon
1542 3135 25 15 as
1586 3135 30 16 an
1635 3128 96 32 opeuing
1749 3136 45 16 was
1806 3129 65 24 made

1285 3158 36 24 for
1331 3158 59 24 their
1400 3166 42 17 use
1454 3159 25 24 in
1491 3159 50 24 that
1552 3160 111 25 immense
1673 3162 96 31 empire.

1319 3191 109 25 Heroes
1439 3200 31 17 of
1479 3200 52 17 the
1539 3193 140 26 American
1689 3195 181 25 Revolution.

1284 3237 33 5 —
1318 3225 76 25 There
1405 3234 39 16 are
1456 3227 24 23 in
1494 3226 38 25 the
1552 3227 89 25 United
1661 3229 75 24 States
1757 3229 51 31 just
1828 3237 43 16 one

1284 3258 103 27 hundred
1406 3259 97 25 soldiers
1522 3261 27 23 of
1563 3261 39 24 the
1625 3261 137 25 Revolution
1785 3270 29 16 on
1833 3263 38 24 the

1282 3293 96 31 pensiou
1390 3292 40 24 list
1448 3301 55 16 over
1519 3302 43 16 one
1581 3295 100 24 hundred
1703 3303 66 23 years
1781 3296 26 23 of
1819 3304 49 24 age.

1284 3325 50 24 The
1343 3325 73 25 oldest
1429 3334 53 16 man
1495 3335 30 15 on
1538 3328 38 23 the
1588 3328 40 24 list
1638 3329 21 23 is
1675 3328 104 25 Michael
1798 3329 70 30 Hale,

1284 3359 25 24 of
1324 3359 79 25 Union
1416 3360 100 32 County,
1539 3361 175 31 Pennsylvania,
1734 3362 50 24 who
1804 3363 22 24 is
1846 3364 24 23 in

1282 3392 37 24 his
1334 3392 43 25 115
1377 3392 30 25 th
1419 3401 63 24 year.

1317 3424 115 27 Spanish
1461 3427 194 26 Physicians.—
1655 3428 38 25 !-In
1713 3429 40 24 the
1776 3436 94 26 present

1283 3457 51 33 day,
1346 3460 40 24 the
1397 3460 36 24 fee
1442 3461 30 23 vt
1485 3469 15 16 a
1520 3462 120 31 physician
1659 3462 22 24 in
1701 3462 73 33 Spain
1786 3464 21 24 is
1819 3464 49 24 said

1282 3498 23 19 to
1317 3493 27 24 be
1357 3497 128 29 two-pence
1496 3494 59 25 from
1568 3502 15 17 a
1592 3495 134 29 tradesman,
1741 3501 125 27 ten-pence

1282 3526 58 24 from
1352 3535 14 15 a
1378 3535 53 16 man
1442 3528 26 23 of
1482 3528 99 29 fashion,
1593 3528 46 24 and
1649 3529 96 32 nothing
1755 3531 61 24 from
1830 3531 38 23 the

1281 3567 63 25 poor.
1393 3561 70 24 Some
1482 3561 66 24 noble
1567 3561 99 25 families
1683 3571 68 23 agree
1763 3563 56 24 with
1832 3564 36 24 the

1281 3593 119 32 physician
1409 3594 31 32 by
1452 3594 38 24 the
1508 3602 60 23 year,
1591 3596 84 31 paying
1692 3596 48 24 him
1760 3598 109 31 annually

1281 3627 51 23 four
1343 3634 65 17 score
1419 3627 68 31 reals,
1502 3627 49 25 that
1562 3628 20 24 is
1595 3629 86 24 sixteen
1700 3630 114 32 shillings,
1833 3632 35 23 for

1281 3660 36 23 his
1327 3660 134 25 attendance
1474 3669 29 16 on
1515 3661 63 25 them
1588 3662 44 24 and
1644 3662 57 27 their
1711 3664 107 24 families.

1288 3705 3 12 ;
1313 3693 35 24 At
1360 3701 44 17 one
1415 3695 27 24 of
1456 3694 38 25 the
1506 3694 47 26 late
1564 3696 94 32 appeals
1675 3697 24 22 in
1717 3697 47 24 this
1784 3703 86 26 county,

1280 3727 91 30 against
1381 3727 40 24 the
1426 3733 109 27 property
1545 3730 43 23 and
1595 3730 149 29 income-tax,
1757 3739 14 15 a
1781 3731 87 25 farmer

1281 3759 68 32 being
1371 3760 73 25 asked
1467 3770 29 16 on
1520 3763 60 23 what
1599 3763 88 31 ground
1705 3763 29 24 he
1746 3765 121 32 appealed,

1280 3789 87 36 replied
1379 3794 55 24 with
1444 3799 67 26 great
1522 3796 132 31 simplicity,
1692 3796 39 24 On
1744 3803 122 20 seventeen

1370 3839 33 5 —
1403 3827 117 31 Brighton
1531 3828 104 25 Gazette.

1292 3880 5 4 .
1313 3858 78 26 While
1412 3868 35 16 we
1470 3869 40 17 are.
1531 3861 119 32 claiming'
1663 3861 35 25 the
1726 3863 140 32 Marquesas

1281 3888 97 37 Islands-
1385 3890 3 13 ;
1404 3899 52 19 now
1609 3895 31 31 by
1663 3895 35 24 the
1842 3906 24 17 as

1280 3925 99 33 English
1392 3927 113 31 territory,
1519 3935 30 16 on
1561 3927 38 24 the
1618 3929 88 32 ground
1724 3930 27 23 of
1773 3939 12 16 a
1803 3932 63 31 prior

1280 3965 104 27 compact
1402 3959 53 26 with
1475 3961 38 23 the
1534 3962 96 30 natives,
1651 3963 35 24 the
1698 3963 80 25 Dutch
1799 3965 67 24 insist

606 40 102 46 ggftir
728 38 118 45 Kite
872 44 208 44 Zealanft
1104 49 190 48 (&mtt*
1317 53 92 39 wto
1434 55 298 48 fcffittllmgton
1757 54 253 51 &pittetov.

747 128 117 28 Errata.
866 145 35 4 —
902 133 27 23 In
939 141 40 17 our
989 142 68 25 paper
1066 137 28 22 of
1101 137 135 31 September
1245 137 48 26 6th,

711 162 25 23 in
760 163 37 24 the
821 166 75 23 notice
915 167 26 22 of
960 168 38 23 the
1019 170 112 30 marriage
1148 171 25 22 of
1194 170 99 24 Thomas

712 195 141 31 Brightwell,
866 198 36 23 for
910 198 70 32 Mary
988 202 56 22 Ann
1058 201 92 32 Wright
1162 203 53 23 read
1225 203 69 30 Mary

711 227 56 25 Ann
777 228 99 33 Knight.

919 287 169 26 NELSON.

744 341 77 26 More
840 344 94 25 Fruits
953 354 31 16 of
1005 354 50 17 the
1076 349 212 26 Proclamation.

710 386 33 5 —
743 374 43 24 We
797 383 77 24 regret
885 383 23 19 to
919 387 118 16 announce
1048 381 48 23 that
1107 389 41 16 our
1165 382 124 31 prediction

709 407 26 22 of
748 407 38 24 the
797 410 151 25 mischievous
960 413 78 23 effects
1050 414 23 22 of
1085 414 47 24 Mr.
1146 415 143 23 Shortland's

709 438 168 28 Proclamation
894 444 21 22 is
932 445 69 31 being
1021 446 87 32 rapidly
1125 448 104 24 realized.
1265 447 24 25 A

706 472 131 31 gentleman
852 475 60 24 from
932 476 56 25 New
1005 477 125 32 Plymouth
1150 480 94 24 informs
1261 488 28 16 us

706 505 50 25 that
774 506 38 24 the
830 508 101 24 Maories
951 510 25 23 in
996 509 49 25 that
1061 511 87 25 district
1169 520 39 17 are
1224 514 63 31 quite

705 544 72 18 aware
788 540 27 23 of
823 540 38 24 the
873 541 138 32 advantages
1021 543 73 24 which
1106 544 52 25 that
1165 546 123 24 document

704 571 65 30 gives
786 573 71 29 them,
870 574 45 24 and
934 582 38 16 are
984 577 76 30 acting
1075 578 153 32 accordingly.
1263 579 24 24 A

704 605 91 28 general
806 611 65 19 route
882 607 21 23 is
913 607 139 26 threatened.
1087 610 94 25 Several
1192 619 94 24 persons

704 636 50 25 who
777 638 44 25 had
841 638 41 25 but
901 640 100 31 recently
1021 644 143 23 commenced
1187 645 99 31 clearing

703 668 58 27 have
777 670 58 25 been
846 672 79 24 driven
936 673 38 29 off,
988 674 43 23 and
1050 683 63 16 some
1125 676 26 23 of
1167 677 38 24 the
1223 678 62 25 older

703 703 110 29 settelers,
821 704 50 24 who
881 705 56 24 have
944 706 65 24 made
1017 708 154 25 considerable
1179 718 105 24 progress

702 736 25 23 in
743 737 146 30 agriculture,
909 738 56 24 have
986 739 56 24 been
1065 741 93 24 ordered
1181 748 23 19 to
1226 744 56 31 quit,

702 767 51 25 The
764 770 95 23 number
866 771 27 23 of
902 771 100 25 Maories
1013 773 24 23 in
1049 773 36 24 the
1098 775 186 31 neighbourhood

701 801 41 24 has
755 803 24 23 of
787 802 46 24 late
844 803 57 25 been
913 805 155 32 considerably
1078 810 159 28 augumented.

733 835 44 24 We
799 836 57 24 have
880 837 47 24 also
947 838 57 24 been
1026 840 110 24 informed
1153 842 50 24 that
1221 850 61 16 some

700 869 87 23 natives
807 874 23 18 at
849 870 38 24 the
900 870 114 26 Motuaka
1031 872 56 24 have
1098 873 79 25 driven
1197 875 85 24 several

699 902 120 31 labouring
829 911 53 16 men
894 903 58 24 from
964 913 12 15 a
990 907 85 23 section
1087 907 72 24 which
1172 908 53 31 they
1237 908 45 24 had

699 934 70 25 taken
780 936 43 23 and
838 944 56 16 were
905 939 122 30 preparing
1036 944 23 19 to
1071 940 115 25 cultivate.

732 968 51 24 The
807 969 96 29 Gannet,
927 971 58 24 from
1014 972 102 25 Twofold
1146 974 58 31 Bay,
1228 974 52 24 with

699 1002 66 23 cattle
787 1002 44 23 and
852 1002 78 24 horses
952 1005 105 23 intended
1076 1005 35 24 for
1134 1007 144 31 Wellington,

698 1042 39 16 ran
750 1035 23 23 in
784 1035 54 23 here
850 1044 32 14 on
901 1037 129 31 Thursday,
1043 1038 68 32 being
1121 1040 80 31 totally
1212 1041 67 23 with-

697 1072 40 20 out
755 1073 69 18 water
847 1069 43 23 and
913 1070 85 25 fodder.
1044 1071 48 24 The
1113 1073 56 29 loss,
1190 1081 32 15 we
1242 1081 38 15 are

697 1108 64 23 sorry
773 1106 22 18 to
807 1109 47 23 say,
865 1102 43 23 has
919 1103 57 23 been
988 1111 54 23 very
1050 1110 71 25 great,
1137 1108 47 22 120
1197 1106 83 31 having

696 1134 57 23 been
766 1134 104 31 shipped,
878 1135 26 23 of
913 1136 73 23 which
993 1143 39 17 not
1042 1145 61 16 more
1115 1138 55 24 than
1181 1141 31 24 70
1223 1140 55 23 have

696 1167 55 23 been
775 1167 89 24 landed.
900 1168 51 23 The
975 1177 101 23 passage,
1098 1172 179 31 unfortunately,
1286 1184 3 4 ■

697 1207 44 16 was
751 1209 15 15 a
776 1200 54 31 long
842 1208 41 15 one
892 1198 91 35 (nearly
995 1211 13 15 a
1020 1203 84 30 month,
1118 1212 33 16 we
1162 1198 86 31 believe
1259 1205 19 32 ;)

695 1233 48 28 but,
755 1233 22 24 if
792 1240 96 24 persons
900 1234 49 24 who
961 1235 51 32 ship
1025 1236 66 25 cattle
1103 1237 45 24 will
1160 1231 83 38 persist
1255 1240 23 22 in

695 1266 82 31 taking
796 1266 53 31 only
861 1266 114 25 sufficient
991 1269 53 23 food
1061 1270 33 23 for
1105 1278 15 15 a
1138 1271 69 30 quick
1226 1280 51 20 run,

696 1299 51 31 they
759 1299 91 24 deserve
868 1299 38 24 the
925 1301 46 24 loss
983 1302 54 31 they
1047 1310 25 15 so
1083 1303 129 33 frequently
1223 1313 53 15 sus-

695 1333 54 23 tain.
792 1332 52 24 The
862 1334 68 23 cattle
948 1342 38 16 are
1005 1339 23 19 to
1047 1336 26 23 be
1096 1336 83 24 landed
1197 1343 23 18 at
1238 1338 39 24 the

693 1365 112 24 Waimea.

727 1398 50 25 The
790 1398 100 25 Maories
903 1405 24 19 at
938 1400 89 32 Cloudy
1038 1402 49 31 Bay
1098 1403 19 23 it
1129 1411 95 24 appears
1235 1412 41 16 are

693 1432 137 24 determined
850 1437 21 19 to
884 1439 94 25 prevent
998 1435 39 23 the
1049 1437 137 30 completion
1198 1438 25 23 ef
1238 1438 38 23 the

694 1473 82 25 survey
795 1466 25 23 of
841 1465 37 24 the
899 1466 102 26 Wairau.
1037 1468 78 25 About
1135 1478 15 15 a
1165 1471 112 31 fortnight

694 1500 61 22 since
768 1499 47 24 Mr.
830 1499 130 25 Parkinson
971 1501 40 23 left
1023 1501 87 24 Nelson
1120 1503 32 31 by
1161 1503 38 24 the
1210 1512 65 15 over-

692 1532 53 24 land
765 1538 73 23 route,
850 1533 35 23 for
904 1534 37 24 the
960 1542 99 24 purpose
1110 1536 111 31 finishing
1238 1538 37 23 his

692 1570 101 20 contract
803 1567 25 23 in
840 1566 49 24 that
901 1567 89 24 district
998 1578 6 19 ;
1024 1569 44 23 and
1079 1577 13 15 a
1108 1569 54 24 boat
1172 1578 45 16 was
1228 1571 47 23 dis-

690 1599 97 31 patched
798 1599 54 24 with
871 1601 136 30 provisions.
1044 1602 29 23 In
1093 1602 38 24 the
1152 1603 62 31 early
1225 1609 50 26 part

692 1632 24 24 of
734 1632 38 24 the
790 1632 64 24 week
871 1633 39 23 the
929 1634 52 24 boat
1001 1635 114 30 returned,
1128 1636 37 23 the
1187 1638 87 22 natives

691 1665 84 32 having
785 1666 91 23 refused
890 1671 23 19 to
925 1667 32 24 let
966 1668 19 23 it
998 1673 63 19 enter
1080 1668 38 24 the
1131 1670 67 24 river.
1233 1670 38 24 No

690 1699 100 23 violence
813 1706 46 16 was
880 1699 84 25 offered
972 1710 6 19 ;
1003 1701 41 24 but
1062 1701 37 24 the
1119 1704 88 22 natives
1226 1703 47 24 said

690 1732 56 28 that,
758 1739 25 16 as
802 1733 38 23 the
852 1733 120 24 Governor
983 1734 45 24 had
1051 1735 103 24 declared
1174 1736 49 26 that
1234 1736 38 24 the
1281 1730 2 41 j

689 1766 53 22 land
753 1773 45 16 was
811 1766 79 29 theirs,
902 1767 37 23 the
951 1774 84 25 survey
1042 1769 80 23 should
1134 1775 40 18 not
1186 1770 27 23 be
1219 1778 54 23 pro-

689 1799 82 24 ceeded
783 1800 61 23 with.
882 1799 121 31 However,
1016 1809 42 16 one
1070 1802 24 23 of
1108 1802 40 23 the
1160 1811 52 15 men
1224 1803 49 23 who

689 1832 42 23 had
745 1832 83 31 charge
838 1833 29 23 of
882 1833 39 23 the
932 1835 126 29 provisions
1077 1836 110 30 managed
1201 1841 22 19 to
1234 1841 39 27 get

689 1873 14 15 a
713 1865 71 24 whale
794 1865 62 29 boat,
868 1866 52 29 and,
933 1867 72 24 under
1016 1867 38 24 the
1066 1873 104 25 pretence
1182 1870 26 23 of
1216 1869 44 24 fish
1261 1884 11 14 T

688 1900 45 28 ing,
748 1904 57 18 went
816 1907 63 16 some
890 1907 50 24 way
950 1908 29 23 up
992 1901 38 23 the
1040 1902 66 28 river,
1119 1903 25 22 in
1162 1903 38 23 the
1212 1903 70 31 hope^

688 1932 23 22 of
727 1932 192 31 communicating
930 1933 54 23 with
997 1933 37 24 the
1052 1935 124 31 surveying
1186 1941 67 26 party
1263 1945 7 20 ;

688 1964 39 23 but
738 1965 24 22 in
774 1964 45 23 this
837 1964 30 24 ha
877 1972 48 16 was
934 1966 165 31 disappointed,
1110 1967 113 32 although
1239 1969 40 23 he

686 2004 62 16 came
768 2004 29 16 on
808 2006 15 15 a
833 1997 41 24 fire
887 1997 73 25 which
979 1999 47 24 had
1037 1999 55 24 been
1109 2000 43 23 but
1169 2002 101 31 recently

685 2029 99 31 lighted.
1240 2039 4 3 ■
1267 2039 4 3 -

113 134 21 19 to
146 128 82 29 having
238 124 68 24 taken
316 124 40 24 the
367 132 82 24 money
460 126 58 25 from
536 127 38 24 the
586 128 43 29 till,
642 128 45 23 and

112 160 85 31 begged
209 160 12 22 I
243 156 72 24 would
334 156 33 24 let
384 157 47 24 him
450 159 37 29 off,
499 160 44 24 and
563 160 29 24 he
612 161 74 23 would

110 195 50 29 give
169 199 38 16 me
217 198 14 16 a
240 189 34 24 lot
283 189 26 23 of
322 194 104 26 potatoes
434 200 7 20 ;
460 192 66 24 while
544 193 14 23 I
569 201 46 16 was
625 202 61 23 gone

108 228 34 24 for
153 233 13 15 a
177 222 112 26 comteble
301 221 29 24 he
337 222 58 26 tried
403 228 24 19 to
432 232 44 17 run
481 233 62 23 away
548 226 44 23 and
597 226 88 31 pushed

108 259 37 24 the
155 258 44 29 boy
209 257 57 23 from
278 254 38 24 the
329 255 60 30 door,
402 257 45 24 and
462 258 24 23 in
496 266 26 16 so
534 259 69 30 doing
612 259 72 24 broke

109 301 12 15 a
131 290 91 24 window
231 297 7 21 ;
251 288 39 23 the
301 290 103 29 prisoner
416 290 128 24 afterwards
560 292 56 23 took
627 297 56 18 two-

93 324 4 5 '
107 330 66 27 pence
184 322 57 24 from
252 329 14 15 a
277 329 80 17 corner
374 330 58 17 were
443 323 29 23 he
483 323 44 24 had
544 325 101 23 secreted
656 326 26 30 it,

107 356 41 25 and
162 363 55 23 gave
235 354 18 23 it
273 359 22 18 to
315 363 37 16 me
361 365 7 18 ;
388 356 13 23 I
422 356 93 24 marked
534 356 37 25 the
591 365 90 24 money,

107 388 67 26 which
186 388 14 24 I
210 395 57 24 gave
278 395 30 24 up
320 393 23 18 to
356 388 38 24 the
405 389 115 24 constable
527 390 65 24 when
603 392 28 24 he
643 400 38 16 ar-

106 422 63 25 rived.

135 455 35 30 By
182 454 37 23 the
231 452 80 24 Bench
311 466 33 5 —
346 452 14 25 I
372 462 42 16 can
419 463 71 17 swear
497 456 64 24 there
569 464 59 17 were
636 463 44 20 two

104 487 141 25 half-crowns
255 486 25 23 in
292 485 38 24 the
341 487 45 29 till,
397 488 21 23 if
432 492 41 20 not
483 489 63 23 thiee
554 497 7 21 ;
581 490 39 24 the
630 492 50 31 pri-

104 527 63 18 soner
183 518 118 25 confessed
318 518 85 33 having
422 521 74 24 stolen
516 521 38 24 the
573 529 87 26 money
670 534 7 19 ;

104 554 34 23 the
148 553 43 31 boy
202 549 47 27 told
258 559 37 15 me
307 551 39 25 the
356 552 85 26 Native
452 561 46 16 was
510 554 38 24 the
560 555 54 31 only
624 564 54 24 per-

102 594 37 17 son
151 584 91 33 (except
252 592 15 15 a
278 584 68 25 white
356 586 51 24 who
419 595 63 15 came
494 595 28 16 on
535 595 27 16 an
575 589 102 32 errand,)

102 619 46 24 who
158 618 44 24 had
212 618 57 24 been
280 619 24 23 in
316 618 39 24 the
371 619 65 32 shop,
448 619 44 24 and
500 622 39 21 -he
555 621 46 24 had
619 623 57 25 been

101 653 59 23 there
169 650 78 32 nearly
257 650 31 24 all
308 650 43 32 day
361 661 7 19 ;
388 652 14 24 I
420 661 37 16 am
476 654 24 23 in
516 652 38 25 the
574 654 63 26 habit
652 658 28 24 of

101 684 123 32 employing
235 683 38 25 the
283 685 112 30 prisoner.

130 717 45 25 Mr.
190 716 84 25 Clarke
285 717 139 31 interpreted
435 719 60 24 what
500 720 46 24 had
556 720 59 26 been
625 723 50 24 said

98 758 20 18 to
129 751 36 25 the
175 751 112 31 prisoner,

128 784 99 25 Thomas
240 783 112 32 Clapham
363 786 127 24 examined.
492 799 33 4 —
527 786 15 27 X
551 796 38 16 am
600 790 24 22 in
635 790 39 24 the

98 817 83 33 employ
193 817 26 23 of
231 816 49 25 Mr.
292 816 86 32 Joseph
389 827 7 20 ;
416 818 13 24 I
442 818 67 26 know
520 819 39 26 the
569 823 104 30 prisoner

96 851 48 25 who
156 849 146 31 occasionally
313 850 77 25 works
407 851 36 24 for
454 860 38 23 my
503 859 84 19 master
596 863 6 21 ;
623 856 44 24 Mr,

97 883 80 33 Joseph
188 888 57 19 went
256 887 41 20 out
318 884 71 24 about
407 887 17 21 4
443 885 87 26 o'clock
543 889 124 31 yesterday,

95 918 40 24 and
146 924 28 17 on
183 917 37 23 his
231 920 78 21 return
320 917 86 25 missed
417 918 39 25 the
472 927 79 24 money
563 922 58 23 from
633 922 34 24 the

94 951 31 23 till
133 960 6 19 ;
157 957 55 16 soon
223 949 64 30 after,
300 950 39 24 the
350 952 104 30 prisoner
463 953 48 24 who
523 954 45 24 had
579 954 42 25 left
631 955 36 24 the

94 984 52 30 shop
157 991 13 16 a
180 983 44 24 few
235 984 99 23 minutes
345 985 116 30 previous,
471 988 105 23 returned
587 988 36 23 for
634 988 33 24 his

94 1017 45 32 pipe
149 1024 7 20 ;
169 1016 29 24 he
209 1016 45 24 had
264 1017 58 23 been
334 1018 24 22 in
370 1017 38 24 the
420 1019 57 32 shop
485 1020 77 31 nearly
569 1021 31 23 all
609 1021 43 31 day
661 1031 6 20 ;

94 1051 10 23 I
116 1048 63 25 beard
193 1050 47 23 Mr.
254 1049 85 31 Joseph
351 1051 44 23 ask
405 1051 49 24 him
471 1052 19 23 if
504 1054 29 23 he
544 1054 44 23 had
600 1054 67 24 taken

93 1090 39 23 any
142 1091 89 23 money,
243 1082 39 24 the
297 1084 105 29 prisoner
422 1084 79 25 denied
514 1087 17 22 it
541 1095 5 20 ;
567 1087 48 23 Mr.
627 1088 40 22 Jo-

92 1115 50 32 seph
154 1115 71 25 asked
244 1115 46 24 him
313 1116 35 23 for
366 1116 36 24 his
422 1117 68 30 hand,
502 1119 42 23 but
558 1119 28 24 he
598 1125 41 26 put
650 1122 17 22 it

91 1148 135 26 underneath
238 1149 37 23 his
285 1148 96 24 blanket
389 1158 6 21 ;
415 1150 28 24 he
465 1151 53 24 then
530 1151 91 25 showed
631 1154 36 24 his

89 1187 72 25 empty
172 1182 73 25 hands
255 1191 6 20 ;
283 1182 46 24 Mr.
342 1182 86 32 Joseph
441 1184 46 23 told
505 1193 37 16 me
553 1190 23 19 to
588 1186 79 24 search

89 1216 34 23 the
135 1216 84 29 Maori,
233 1216 49 24 who
294 1216 90 24 refused
396 1221 23 19 to
440 1217 53 24 take
504 1218 35 23 off
551 1218 36 24 his
600 1219 64 24 blan-

88 1249 37 23 ket
134 1258 6 19 ;
161 1249 13 23 I
186 1249 54 24 then
250 1253 42 27 put
302 1257 40 23 my
353 1249 59 24 hand
433 1250 71 24 under
516 1252 35 23 his
572 1252 95 25 blanket

88 1281 41 24 and
139 1282 42 23 felt
193 1291 62 16 some
266 1290 82 23 money
359 1292 6 19 ;
386 1283 38 24 the
443 1285 103 30 prisoner
557 1285 74 31 began
643 1290 23 20 to

88 1322 61 16 move
160 1316 46 23 and
224 1316 63 23 three
305 1315 149 25 half-crowns
473 1318 44 23 and
539 1322 127 28 two-pence

86 1348 38 24 fell
146 1356 29 16 on
198 1350 38 22 the
257 1350 89 29 ground
357 1358 6 20 ;
391 1350 38 24 the
450 1350 75 25 Maori
548 1353 118 23 confessed

86 1382 82 30 having
181 1383 71 23 taken
271 1383 19 22 it
307 1383 59 23 from
385 1383 39 23 the
442 1383 35 24 till
494 1385 65 23 when
578 1385 30 24 he
619 1394 47 16 was

87 1415 68 23 round
167 1415 41 24 the
220 1419 93 20 counter
323 1425 7 19 ;
349 1416 14 22 I
384 1416 41 24 left
443 1416 39 24 the
503 1418 75 24 Maori
592 1419 23 23 in
628 1419 37 24 the

88 1449 53 30 shop
151 1448 30 31 by
191 1449 96 24 himself
295 1449 76 23 whilst
384 1449 12 23 I
409 1458 45 15 was
465 1452 89 30 getting
562 1460 40 22 my
614 1452 50 24 din-

87 1489 50 21 ner;
156 1482 39 24 the
212 1489 82 24 money
314 1490 46 15 was
381 1484 47 22 safe
446 1484 63 24 when
532 1485 14 23 I
565 1491 59 18 went
641 1491 23 19 to

87 1515 76 24 dinner
172 1524 6 21 ;
198 1516 48 23 Mr.
259 1515 85 31 Joseph
362 1515 85 24 missed
468 1517 17 23 it
504 1517 63 24 when
579 1519 29 23 he
627 1527 37 16 re-

83 1549 90 24 turned.

116 1581 35 32 By
164 1583 48 24 Mr.
230 1581 84 25 Clarke
315 1595 34 4 —
350 1582 13 24 I
384 1590 68 16 never
471 1592 57 23 gave
548 1593 82 24 money
640 1591 23 19 to

83 1615 93 24 Natives
187 1616 37 24 for
235 1615 95 32 nothing
340 1624 6 15 :
366 1616 13 23 I
391 1616 28 23 do
432 1622 40 19 not
482 1618 67 24 know
560 1627 14 15 a
586 1619 77 25 Maori

86 1649 76 23 named
173 1649 69 24 Tatu.

115 1682 49 24 The
175 1684 104 29 prisoner
296 1689 45 17 was
364 1684 130 24 committed
514 1690 22 18 to
555 1686 53 24 take
626 1686 36 24 his

85 1715 46 23 trial
141 1715 37 24 for
195 1716 99 31 larceny,
306 1720 24 19 at
350 1712 39 28 the
400 1722 56 19 next
474 1719 89 30 sittings
584 1720 26 22 of
625 1720 37 25 the

85 1748 85 31 County
182 1750 80 28 Court,
275 1748 45 25 and
332 1750 38 23 the
382 1752 117 22 witnesses
519 1752 77 24 bound
609 1761 53 16 over

83 1787 21 18 to
115 1787 125 25 prosecute.

113 1814 96 25 Thomas
219 1815 92 24 Rhodes
322 1816 43 23 and
387 1821 42 20 two
451 1817 63 24 other
535 1826 91 17 seamen
638 1819 26 24 of

82 1847 34 24 the
127 1848 75 29 Ariel,
214 1856 55 17 vete
281 1849 100 31 brought
393 1858 29 23 up
437 1852 66 29 again
515 1852 87 32 to-day,
616 1853 45 23 and

82 1883 116 23 sentenced
217 1887 22 19 to
258 1889 44 23 pay
320 1884 45 28 £2,
386 1884 38 23 the
443 1888 49 20 cost
511 1886 105 23 incurred
636 1887 24 22 in

78 1915 113 31 repairing
208 1917 38 22 the
265 1915 53 23 boat
330 1915 73 25 which
426 1917 44 23 had
491 1917 58 24 been
570 1919 89 30 injured

80 1947 94 32 through
191 1948 59 24 their
262 1948 159 24 carelessness.

120 2011 155 25 MEETING
293 2012 22 23 OF
315 2012 13 23 THE
328 2012 280 23 CONCIL.

109 2066 174 25 Wednesday,
302 2066 159 22 September
479 2067 32 22 20
511 2084 8 10 #
540 2068 72 23 1843.

268 2108 111 18 council
398 2110 62 16 met.

109 2149 94 24 Present
212 2159 5 15 :
219 2163 33 4 —
253 2150 38 24 W.
306 2150 102 32 Guyton,
422 2152 132 30 Chairman,
570 2154 84 24 Alder-

79 2190 47 16 men
146 2183 74 31 Lyon,
244 2183 79 30 Wade,
354 2184 94 30 Dorset,
478 2186 105 30 Jenkins,
610 2189 44 23 and

78 2216 104 25 Wallace.

109 2249 120 25 Alderman
241 2251 67 30 Lyon
325 2252 120 30 proposed,
465 2253 44 23 and
528 2253 125 26 Alderman

77 2282 66 24 Wade
154 2283 118 25 seconded.

130 2316 66 31 That,
217 2318 25 23 in
253 2324 128 25 pursuance
399 2319 25 23 of
438 2319 84 25 former
534 2329 13 14 a
558 2322 92 29 motion,

76 2349 33 24 the
120 2349 114 34 following
244 2350 126 25 Aldermen
381 2352 29 24 he
421 2354 121 29 appointed
555 2359 21 19 to
593 2355 58 24 form

75 2383 33 23 the
129 2385 126 23 committee
257 2397 33 4 —
290 2384 126 25 Aldermen
440 2386 101 31 Guyton,
570 2388 80 30 Wade,

76 2416 144 31 Fitzherbert,
233 2417 109 30 Johnson,
356 2419 45 23 and

104 2449 44 25 For
158 2451 39 23 the
217 2451 93 29 motion,
331 2451 125 26 Aldermen
476 2453 74 32 Lyon,
569 2455 80 29 Wade,

75 2483 38 23 and
120 2483 110 26 Wallace.

102 2516 97 32 Against
210 2518 38 23 the
257 2518 93 30 motion,
358 2519 126 25 Aldermen
494 2521 153 31 Moleswortb,

75 2548 77 27 Dorset
162 2551 45 24 and
223 2550 107 25 Jenkins.

199 2585 65 31 Ayes
499 2590 16 22 3

196 2618 65 24 Noes
500 2623 15 23 3

75 2649 133 26 Chairman's
220 2651 88 31 casting
318 2658 52 18 vote
388 2655 90 30 against
496 2655 38 24 the
553 2656 92 25 motion.

99 2682 122 27 Alderman
243 2684 72 25 Wade
337 2695 59 23 gave
416 2688 76 24 notice
537 2688 61 24 That
610 2698 37 16 ar-

75 2722 133 25 rangements
219 2719 28 23 be
258 2718 73 30 made,
342 2720 74 24 either
434 2721 30 32 by
483 2722 133 32 appointing
635 2732 13 15 a
661 2723 1 26 !

75 2751 116 24 committee
202 2760 26 16 or
245 2752 129 30 otherwise,
386 2754 35 23 for
431 2754 83 32 letting
525 2755 38 24 the
575 2756 72 25 Town

73 2781 45 25 Belt
135 2785 43 23 and
196 2785 80 24 Water
295 2785 129 33 Frontages
445 2788 38 23 the
501 2794 106 26 property
624 2791 26 23 of

73 2814 31 25 the

100 2849 120 27 Alderman
232 2852 102 24 Wallace
345 2862 58 22 gave
417 2856 76 24 notice
504 2856 25 23 of
536 2865 13 14 a
562 2858 83 23 motion

130 2884 82 33 letting
223 2885 38 24 the
273 2885 79 25 Water
363 2887 129 33 Frontages

100 2916 46 25 The
158 2918 72 25 Town
240 2918 70 25 Clerk
323 2928 45 16 was
380 2921 126 25 instructed
518 2928 22 19 to
553 2924 62 24 write
633 2933 12 15 a

73 2946 55 27 letter
139 2955 21 20 to
170 2952 31 24 R.
215 2952 33 24 D.
270 2952 107 31 Hanson,
396 2955 66 32 Fsq.,
476 2957 86 31 stating
584 2957 58 30 that,

73 2980 17 24 in
97 2990 149 26 consequence
255 2986 25 24 of
289 2986 128 26 Alderman
424 2989 64 24 Hort
494 2990 83 32 having
587 2992 58 23 been

73 3014 68 27 absent
156 3019 37 24 for
209 3027 63 16 more
290 3019 56 25 than
358 3021 64 25 three
433 3023 99 30 months,
547 3023 48 25 that
615 3025 29 24 he

73 3054 34 18 was
130 3051 95 25 entitled
247 3058 22 18 to
292 3053 28 23 be
344 3054 87 24 elected
450 3055 134 31 Alderman,
607 3058 36 24 his

73 3087 52 20 name
137 3084 69 32 being
226 3089 54 20 next
299 3086 23 23 in
334 3088 98 23 rotation
449 3096 29 16 on
490 3089 37 25 the
540 3092 104 24 reserved

73 3112 36 27 list.

274 3173 144 27 BIRTHS.

94 3225 35 22 On
141 3225 39 23 the
195 3225 56 25 14th
266 3227 144 30 September,
422 3228 38 24 the
478 3230 51 23 wife
549 3231 25 24 of
593 3232 49 25 Mr.

73 3252 82 35 Turner,
165 3258 45 25 late
220 3260 26 24 of
254 3260 106 30 London,
374 3260 54 25 boot
442 3262 45 24 and
499 3263 143 33 shoemaker,

73 3287 16 23 °f
97 3297 12 15 a
122 3298 48 18 son.

95 3322 35 25 On
141 3324 38 25 the
200 3326 57 25 19th
267 3326 95 31 instant,
382 3328 62 26 Mrs.
457 3329 34 25 K.
505 3330 100 32 Samuel,
619 3333 26 24 of

73 3359 7 16 »
90 3354 111 35 daughter.

259 3422 174 32 MARRIED,

154 3473 93 31 instant,
257 3478 24 20 at
292 3474 39 24 the
342 3475 86 25 Native
440 3477 94 27 Church
547 3479 91 31 Petoni,

71 3500 21 47 Jy
117 3504 84 27 Robert
228 3508 63 29 Cole,
322 3508 80 31 Clerk,
432 3511 80 30 M.A.,
536 3512 103 26 Richard

71 3536 78 44 {Jttton,
160 3539 69 34 Esq.,
243 3542 25 23 of
282 3542 128 33 Aglionby,
429 3552 30 16 on
472 3545 37 25 the
525 3546 70 29 Hult,
614 3552 24 19 to

71 3570 84 45 jiannah
164 3574 53 31 only
228 3574 112 32 daughter
350 3575 27 26 of
392 3577 37 24 the
440 3578 47 25 late
499 3579 59 25 Rev.
577 3580 62 25 John

71 3602 72 31 sutler,
163 3607 50 24 first
236 3608 101 24 resident
365 3609 131 34 clergyman
527 3614 24 24 in
580 3614 60 25 New

71 3634 89 34 Zealand,
172 3639 85 34 having
269 3643 147 24 commenced
426 3646 117 26 residence
555 3648 24 23 in
599 3648 39 24 the

70 3671 18 17 ca
89 3674 120 28 «ypartof
227 3676 73 24 1819.
661 3690 2 13 ,

92 3700 31 33 By
132 3705 36 24 the
181 3706 60 27 Rev.
253 3709 23 24 J.
289 3708 154 34 Macfarlane,
456 3712 26 24 of
500 3713 38 25 the
551 3715 87 24 Scotch
661 3723 2 14 i

69 3735 83 32 Umrch,
174 3747 28 17 on
225 3742 39 24 the
288 3742 58 24 13th
369 3744 64 29 inst.,
457 3745 49 26 Mr.
532 3747 104 26 Thomas

68 3771 87 30 sweeny,
167 3773 24 23 of
205 3774 104 31 Akaroa,
322 3777 192 33 cabinet-maker,
526 3781 111 29 formerly
661 3782 2 9 '

68 3800 70 25 «Nw
146 3804 71 32 York,
226 3808 70 30 U.S.,
304 3813 23 20 to
334 3810 71 33 Mary
412 3811 68 25 Anne
489 3813 146 35 Furnringer,
661 3823 2 25 ]

67 3828 88 40 formerly
167 3839 24 24 of
200 3840 60 32 Rye,
271 3842 101 26 Sussex.
409 3845 64 31 And,
585 3828 17 20 *
661 3830 2 34 1

90 3869 33 23 Un
134 3870 36 25 the
182 3874 55 24 21st
253 3876 94 30 instant,
362 3877 49 26 Mr.
423 3878 78 26 David
513 3881 122 31 Johnston,
661 3890 2 15 i

67 3902 55 45 ft
141 3911 14 25 y
151 3936 7 11 ,
166 3905 25 23 of
207 3907 106 25 Edmbur
313 3917 39 23 ga,
365 3916 24 19 to
406 3911 117 28 Charlotte
536 3916 100 31 Ogilvey
661 3899 2 40 1

67 3932 61 33 °'uk,
138 3936 48 26 ftlso
199 3939 23 25 of
233 3940 146 35 Edinburgh.
509 3953 6 6 '
661 3949 1 24 i

742 2087 196 25 ENGLISH
969 2089 246 26 EXTRACTS.

717 2141 24 24 A
762 2145 123 21 statement
904 2143 40 24 has
969 2143 57 24 been
1044 2145 119 29 published
1187 2147 27 22 of
1231 2147 37 24 the

685 2182 98 24 voyages
796 2176 130 30 performed
944 2177 28 30 by
993 2178 39 22 the
1052 2178 64 24 West
1134 2178 69 25 India
1214 2181 54 23 mail

683 2208 151 32 steam-ships
859 2209 82 32 during
964 2210 38 24 the
1024 2219 53 22 year
1101 2214 73 28 1842,
1195 2214 73 24 which

682 2241 82 24 affoxds
777 2250 13 15 a
801 2244 102 29 singular
915 2244 67 30 proof
992 2244 25 24 of
1025 2245 37 23 the
1074 2245 125 33 regularity
1211 2248 55 23 with

681 2274 73 24 which
766 2276 158 24 transatlantic
936 2279 189 23 communication
1138 2279 20 23 is
1171 2281 95 24 effected

681 2308 32 32 by
723 2316 79 17 means
814 2309 25 24 of
849 2311 224 31 steam-navigation.
1109 2312 52 24 The
1171 2322 95 16 average

680 2341 82 31 length
781 2342 22 24 of
826 2342 37 24 the
881 2343 67 25 West
967 2344 68 24 India
1051 2353 93 24 voyage,
1157 2347 54 24 both
1228 2354 39 17 out

683 2375 44 24 and
738 2376 74 29 home,
826 2383 96 25 appears
934 2382 22 19 to
967 2378 29 23 be
1010 2377 47 33 18|
1070 2378 70 32 days;
1155 2380 37 24 the
1200 2381 65 32 long-

680 2413 36 19 est
737 2409 211 33 outward-passage
976 2419 45 16 was
1049 2412 64 24 made
1136 2414 25 23 in
1182 2420 84 26 twenty

677 2441 57 32 days
757 2448 120 19 seventeen
900 2444 77 30 hours,
1002 2446 45 22 and
1065 2446 37 23 the
1124 2448 105 30 quickest
1240 2449 24 23 in

678 2476 89 23 sixteen
790 2477 55 31 days
869 2478 105 23 nineteen
997 2479 69 24 hours
1075 2488 6 20 ;
1107 2480 39 23 the
1164 2481 100 24 distance

677 2516 44 16 run
733 2517 53 16 over
797 2510 68 31 being
877 2511 59 24 little
955 2511 64 24 short
1038 2514 25 22 of
1086 2513 177 26 four-thousand

678 2541 74 25 miles.

711 2575 95 26 Welsh
824 2576 158 26 Courtship.
984 2592 33 4 —
1017 2580 35 23 At
1070 2580 37 24 the
1127 2582 135 24 Beaumaris

676 2609 105 30 Assizes,
794 2618 29 16 on
843 2611 39 24 the
903 2613 55 28 23d,
971 2613 92 29 March,
1075 2622 28 15 an
1122 2616 76 23 action
1217 2623 44 16 was

677 2642 99 32 brought
788 2643 29 31 by
829 2652 13 16 a
854 2644 83 24 Welch
947 2646 85 23 farmer
1048 2648 81 24 named
1141 2648 121 25 Pritchard

676 2677 89 30 against
777 2677 94 24 another
884 2678 55 31 taffy
957 2679 84 24 farmer
1052 2682 82 23 named
1154 2682 107 30 Roberts,

661 2723 2 26 j
676 2710 35 23 for
731 2710 38 23 the
781 2710 118 25 seduction
911 2712 26 23 of
955 2712 35 24 his
1003 2712 117 32 daughter,
1134 2724 14 15 a
1166 2716 45 31 girl
1232 2719 29 21 18

675 2750 66 24 years
753 2743 23 25 of
794 2752 49 23 age,
856 2745 31 30 by
898 2745 74 24 whom
991 2746 28 24 he
1032 2747 45 24 had
1096 2756 14 15 a
1122 2750 69 29 child,
1205 2750 56 24 after

675 2776 86 32 having
779 2778 92 23 courted
891 2778 41 24 her
950 2780 123 33 according
1089 2787 22 19 to
1131 2782 40 25 the
1179 2783 82 25 Welsh

674 2809 98 30 fashion,
786 2810 28 32 by
824 2812 70 31 going
902 2816 23 19 to
937 2812 44 25 bed
992 2818 23 19 to
1026 2814 50 30 her,
1084 2816 57 23 after
1151 2817 74 24 which
1232 2818 29 23 he

674 2843 104 25 deserted
799 2845 46 24 her.
884 2845 52 24 The
952 2846 92 26 learned
1059 2849 79 31 judge,
1152 2851 22 23 in
1196 2859 63 16 sum-

673 2878 66 31 ming
756 2885 39 24 up,
807 2879 50 23 said
874 2879 39 24 the
932 2881 110 31 principle
1059 2884 105 30 question
1181 2885 24 24 in
1224 2885 36 24 the

673 2918 52 17 case
733 2919 54 21 was,
796 2911 100 25 whether
909 2912 37 24 the
958 2913 75 25 father
1040 2916 44 23 had
1093 2916 58 25 been
1158 2918 101 31 guarded
1287 2909 2 34 !

673 2952 26 15 or
717 2945 126 24 otherwise.
880 2945 24 25 It
922 2948 112 30 appeared
1052 2949 48 24 that
1113 2959 29 15 on
1162 2951 37 25 the
1211 2952 49 23 first

672 2977 67 32 night
757 2978 38 25 the
805 2980 86 30 parties
913 2985 35 19 sat
960 2989 30 24 up
1002 2982 30 31 by
1045 2982 38 25 the
1094 2983 94 26 kitchen
1199 2985 41 24 fire
1251 2995 6 20 ;

674 3011 49 24 that
739 3020 30 16 on
781 3011 37 25 the
840 3018 56 19 next
906 3014 67 31 night
994 3015 53 32 they
1059 3023 59 18 went
1131 3022 22 19 to
1166 3018 43 25 bed
1230 3019 29 32 by
1286 3032 3 4 ■

672 3044 135 25 themselves
816 3055 7 20 ;
845 3047 47 23 and
911 3047 49 24 that
978 3048 46 24 this
1044 3055 47 19 sort
1102 3052 25 23 of
1143 3053 115 31 courtship

671 3085 47 17 was
739 3079 86 24 carried
846 3088 31 15 on
895 3088 63 22 once,
983 3083 64 24 twice
1066 3084 49 24 and'
1128 3087 130 23 sometimes
1286 3092 3 22 j

670 3110 65 25 three
755 3113 67 23 times
834 3121 14 15 a
865 3114 73 29 week,
950 3116 59 24 until
1027 3117 39 24 the
1085 3118 97 25 disaster
1201 3119 57 32 hap-
1285 3133 4 14 ,

670 3144 82 32 pened.
790 3145 24 24 If
823 3145 39 25 the
870 3147 56 31 jury
933 3156 58 16 were
1001 3149 25 24 of
1036 3152 91 30 opinion
1134 3152 50 25 that
1194 3153 63 24 there
1285 3165 4 16 i

671 3185 46 16 was
728 3185 30 17 no
770 3178 86 32 danger
866 3180 24 24 in
901 3181 55 29 this,
969 3182 50 24 that
1030 3183 63 25 there
1101 3193 47 17 was
1159 3187 97 31 nothing

670 3210 24 24 in
717 3211 56 24 such
791 3213 146 31 propinquity
949 3215 125 26 calculated
1092 3222 21 19 to
1130 3219 72 25 incite'
1220 3220 37 24 the
1284 3238 5 4 -

670 3245 105 29 passions
787 3250 22 19 to
819 3246 73 24 break
902 3247 99 32 through
1013 3250 39 23 all.
1056 3250 95 32 bounds,
1163 3253 55 24 then
1228 3254 29 24 he
1284 3258 5 23 ]

670 3283 62 19 must
750 3286 41 23 say
803 3279 47 24 that
863 3279 79 26 Wales
953 3289 46 16 was
1011 3291 14 15 a
1043 3290 60 19 most
1118 3293 138 19 uncommon
1282 3300 7 12 i

670 3316 97 27 country
777 3321 7 20 ;
798 3312 41 25 but
849 3313 21 24 if
878 3321 30 16 on
920 3314 38 24 the
970 3321 113 28 contrary,
1096 3318 53 33 they
1160 3321 98 31 thought
1284 3326 5 10 '

669 3344 50 25 that
729 3352 60 23 care,
801 3346 119 32 vigilance,
932 3349 46 24 and
995 3351 97 30 caution,
1104 3360 60 17 were
1175 3362 79 16 neces-
1284 3367 5 15 (

670 3386 53 24 sary
734 3383 23 20 to
774 3384 89 27 protect
873 3381 39 24 the
924 3383 73 23 virtue
1009 3384 26 24 of
1044 3385 38 25 the
1094 3394 95 23 woman,
1201 3388 55 24 then
1282 3392 7 24 ]

668 3412 155 33 undoubtedly
846 3414 39 24 the
907 3415 103 32 plaintiff
1028 3418 47 25 had
1094 3420 101 33 brought
1217 3422 38 24 the

668 3446 46 24 evil
731 3453 30 17 on
781 3446 96 26 himself
894 3456 26 16 as
932 3458 14 16 a
956 3458 122 26 necessary
1089 3461 163 27 consequence.
1283 3467 6 15 <

654 3486 2 24 |
668 3478 33 30 If,
714 3479 23 24 in
755 3479 85 31 Wales,
853 3481 64 24 there
937 3491 44 16 was
998 3493 14 16 a
1030 3486 113 26 confident
1161 3493 61 20 trust
1231 3490 23 23 in
1282 3498 7 19 i

668 3512 39 25 the
718 3513 97 25 absence
826 3514 26 24 of
868 3517 91 29 passion
979 3518 49 25 that
1040 3521 115 30 promised
1172 3522 82 32 safety,
1282 3526 7 24 f

667 3547 112 31 certainly
797 3555 28 16 no
847 3549 57 26 such
925 3551 99 25 reliance
1041 3561 46 17 was
1106 3554 47 25 had
1174 3556 24 24 in
1209 3563 43 24 any
1282 3568 7 12 i

666 3580 66 24 other
743 3585 52 27 part
807 3582 26 23 of
845 3581 39 25 the
902 3584 94 32 empire,
1016 3587 52 29 and;
1080 3591 24 20 to
1121 3588 39 24 bis
1183 3589 69 29 mind,
1281 3601 8 23 j

666 3614 75 24 where
762 3613 39 25 the
819 3615 141 27 intercourse
981 3619 27 24 of
1025 3620 38 24 the
1080 3629 68 17 sexes
1165 3631 47 16 was
1228 3630 25 16 so
1281 3627 8 23 f

665 3648 75 29 facile,
752 3648 19 24 it
781 3650 113 29 appeared
904 3658 129 26 necessary,
1047 3661 14 16 a
1070 3654 83 31 priori,
1167 3660 22 20 to
1203 3655 51 25 lead
1281 3660 8 23 1

665 3685 24 20 to
696 3681 44 24 evil
751 3682 93 24 results.
875 3683 50 24 The
934 3685 56 32 jury
998 3686 72 25 found
1080 3688 36 24 for
1127 3688 40 25 the
1178 3689 75 30 plain-

664 3714 195 33 tiff—Damages,
873 3718 38 23 £2
923 3720 37 24 2s.
1238 3723 2 5 '
1280 3734 9 16 ,

699 3748 58 25 The
777 3748 172 28 Completion
965 3759 33 18 oe
1021 3761 52 17 the
1096 3754 122 26 Tunnel.
1219 3768 35 5 —
1281 3759 8 23 t

664 3782 59 24 This
741 3783 139 30 stupendous
892 3785 65 25 work
974 3787 21 24 is
1006 3787 104 30 finished,
1122 3789 47 24 and
1182 3789 70 31 Wap-
1280 3800 9 18 i

663 3816 57 32 ping
730 3815 42 24 has
790 3823 81 18 reason
888 3823 23 19 to
923 3818 29 25 be
969 3821 75 30 proud
1054 3821 26 24 of
1096 3822 58 24 such
1165 3831 16 15 a
1190 3822 62 31 truly
1280 3834 9 16 s

664 3849 126 32 whopping
809 3850 163 35 undertaking.
1008 3853 104 32 Perhaps
1124 3863 30 15 no
1176 3860 77 19 enter-

662 3883 63 31 prise
741 3890 54 17 ever
811 3883 46 24 had
874 3892 26 16 so
920 3886 71 24 much
1009 3886 52 24 cold
1078 3891 68 20 water
1164 3888 89 24 thrown
1281 3892 8 24 j

663 3923 62 24 upon
736 3916 26 30 it,
829 3924 70 18 never
910 3925 48 18 was
964 3926 3 9 •
976 3919 70 24 there-
1053 3927 14 17 a
1073 3918 94 34 'project
1179 3914 79 31 which*
1280 3925 9 24 ]

661 3949 19 24 it
690 3949 92 25 seemed
794 3954 23 20 at
827 3956 45 18 one
879 3952 58 23 time
946 3959 25 16 so
982 3952 96 26 difficult
1084 3959 22 19 to
1113 3961 31 24 go
1154 3954 99 32 through
1280 3966 9 16 <

1927 146 49 24 that
1988 147 37 23 the
2039 147 73 24 Bonin
2124 149 102 32 Islands,'
2242 153 24 22 in
2283 151 38 24 the
2333 160 39 15 sea
2385 153 24 23 of
2423 154 80 32 Japan,

1926 180 26 22 of
1967 179 73 24 which
2051 188 29 15 we
2092 181 53 23 took
2157 190 129 22 possession
2301 186 25 22 in
2344 186 72 28 1827,
2434 188 71 29 really

1927 212 110 31 belonged
2049 217 22 19 to
2083 213 109 30 Holland,
2204 215 83 33 having
2298 218 57 23 been
2374 218 130 25 discovered

1925 245 44 23 and
1980 245 70 24 taken
2060 248 128 29 possession
2200 248 24 22 of
2233 250 24 21 in
2271 252 70 27 1639,
2353 251 32 31 by
2397 251 107 25 Commo-

1925 276 53 25 dore
1990 278 82 30 Quast,
2082 280 45 22 and
2138 280 62 23 Abel
2212 281 84 25 Jansan
2308 283 109 25 Tasman.
2445 284 59 24 This

1925 309 144 25 reclamation
2098 313 108 30 proceeds
2239 314 57 24 from
2324 316 44 23 Dr.
2399 317 105 29 Stubold,

1925 342 81 24 author
2028 344 26 23 of
2077 346 87 23 several
2188 346 75 23 works
2284 355 28 15 on
2331 348 72 30 Japan
2420 349 46 25 and
2474 351 29 23 its

1923 376 153 29 productions.
2078 389 33 4 —
2112 377 86 24 Scotch
2208 377 134 32 Reformers
2354 381 103 24 Gazette.

1959 407 102 26 Houses
2089 417 31 16 of
2150 410 184 26 Parliament.
2341 414 64 22 —A
2426 419 78 20 return

1923 440 64 23 made
1999 446 23 18 to
2043 442 36 24 the
2093 443 81 23 House
2186 443 28 24 of
2232 445 122 23 Commons
2372 450 70 19 states
2454 447 51 24 that

1922 472 39 24 the
1973 473 55 24 total
2040 480 91 19 amount
2147 475 92 33 already
2249 477 117 32 expended
2376 478 36 23 for
2428 479 76 25 build-

1921 505 41 31 ing
1966 506 38 24 the
2011 514 48 16 new
2065 507 90 25 Houses
2162 509 26 23 of
2195 509 139 25 Parliament
2340 512 24 22 in
2371 511 132 30 £380,483

1924 540 52 22 lOt.
1985 548 7 19 ;
2012 539 38 24 the
2060 546 92 19 amount
2161 543 68 22 voted
2239 543 42 23 has
2294 543 58 25 been
2362 544 141 30 £438,500,

1920 570 45 24 and
1985 574 158 31 consequently
2155 575 115 28 £58,016
2292 579 50 27 10s,
2355 578 20 24 is
2395 578 24 23 in
2438 577 64 25 hand

1921 605 156 30 unexpended,
2089 605 73 25 whioh
2174 607 46 24 will
2228 607 30 24 be
2268 610 102 30 required
2378 610 36 23 for
2426 611 75 24 works

1920 643 51 17 now
1978 638 23 22 in
2011 645 104 24 progress
2124 640 26 23 of
2156 640 142 30 completion.
2323 642 24 23 It
2356 643 20 23 is
2383 644 120 24 estimated

1920 669 49 24 that
1980 677 13 15 a
2004 670 87 24 further
2103 680 49 15 sum
2161 673 26 23 of
2196 673 130 29 £578,424
2340 676 52 22 12s.
2405 668 97 33 9d!.will

1919 701 28 24 be
1959 703 104 31 required
2079 709 22 18 to
2114 705 109 30 complete
2235 706 39 23 the
2290 706 123 31 buildings.
2449 708 52 25 The

1920 735 55 23 total
1995 741 91 19 amount
2106 737 25 24 of
2147 737 49 25 Mr.
2218 738 94 31 Barry's
2332 741 103 23 estimate
2456 742 47 23 will

1919 767 111 25 therefore
2052 769 27 24 be
2094 770 158 30 £1,016,942
2275 774 51 22 12s.
2345 772 50 30 9d.,
2413 774 90 24 besides

1919 800 60 24 what
1988 802 45 23 will
2047 802 26 24 be
2083 805 104 29 required
2197 804 36 24 for
2244 805 136 32 completing
2387 805 38 25 the
2435 807 66 24 land-

1918 835 139 31 ing-places,
2070 837 92 31 making
2180 837 59 31 good
2256 837 37 24 the
2311 840 104 30 pavings,
2428 840 74 24 furni-

1919 871 50 19 ture
1980 868 43 24 and
2037 869 92 31 fittings,
2142 871 45 23 and
2197 871 34 23 for
2239 871 139 25 decorations
2387 873 29 31 by
2426 873 75 24 works

1918 900 27 24 of
1957 906 43 18 art.
