2520 4010
1306 1092 100 24 Indian
1432 1092 80 24 Corn.
1515 1105 35 4 —
1551 1093 23 23 It
1597 1101 102 22 appears,
1723 1093 30 30 by
1776 1101 14 15 a
1812 1093 45 23 late

1273 1125 92 30 Sydney
1376 1125 75 31 prices
1471 1130 98 24 current,
1586 1125 50 23 that
1656 1125 84 23 Indian
1758 1126 60 23 Corn
1835 1127 21 21 is

1273 1158 80 31 quoted
1366 1163 24 18 at
1401 1158 58 23 from
1473 1160 33 22 Is.
1520 1158 40 24 9d.
1574 1163 22 18 to
1609 1160 36 21 2s.
1659 1158 39 23 6d.
1712 1166 40 22 per
1767 1159 88 22 bushel.

1275 1191 69 29 Here,
1359 1199 31 15 we
1404 1191 92 28 believe,
1509 1193 17 22 it
1545 1193 19 21 is
1577 1196 38 18 not
1628 1196 23 18 to
1670 1191 28 23 be
1710 1191 104 23 obtained
1833 1195 26 19 at

1273 1226 34 24 7s.
1329 1232 25 15 or
1372 1226 37 22 Bs.
1426 1232 42 23 per
1484 1224 89 23 bushel.
1608 1224 53 23 Tie
1683 1228 62 19 want
1767 1224 25 23 of
1813 1224 46 23 this

1272 1257 86 28 article,
1382 1257 73 23 which
1473 1257 81 24 should
1573 1257 28 24 be
1619 1257 109 31 supplied-
1745 1257 57 23 from
1820 1257 38 23 the

1272 1296 63 18 coast
1346 1295 23 18 at
1387 1299 15 14 a
1414 1290 66 24 small
1498 1292 69 29 price,
1579 1292 20 22 is
1619 1298 51 16 now
1688 1289 68 24 much
1771 1290 40 23 felt
1827 1291 31 30 by

1272 1331 94 24 persons
1385 1323 100 32 keeping
1503 1324 78 24 horses
1600 1324 44 23 and
1665 1323 101 32 poultry,
1785 1324 43 22 and
1846 1332 11 14 a

1272 1357 114 23 moderate
1399 1358 105 30 quantity
1515 1357 25 24 of
1555 1358 19 23 it
1585 1356 74 25 would
1670 1357 29 23 be
1710 1356 87 31 readily
1809 1356 49 24 sold

1269 1390 49 31 just
1330 1398 58 16 now.

1305 1440 44 23 We
1362 1440 53 24 take
1437 1441 36 23 the
1486 1441 114 31 following
1616 1441 59 23 from
1693 1441 38 23 the
1751 1440 107 29 Colonist,

1272 1482 24 15 as
1315 1473 69 31 being
1404 1482 64 15 more
1484 1478 84 24 recent,
1588 1475 20 22 is
1628 1479 60 18 most
1705 1473 70 31 likely
1795 1482 63 15 more

1273 1511 86 19 correct
1373 1507 59 23 than
1444 1515 40 15 our
1505 1511 101 19 account.
1645 1507 51 23 Our
1707 1508 45 27 list,
1773 1515 32 15 we
1818 1508 40 22 be-

1273 1541 56 22 lieve
1343 1542 102 21 contains
1457 1540 30 23 all
1500 1540 37 23 the
1545 1540 91 23 wooden
1648 1540 83 23 houses
1745 1541 48 22 that
1802 1548 57 15 were

1272 1574 74 28 burnt,
1366 1574 45 23 and
1423 1574 38 22 the
1473 1574 115 22 increased
1607 1574 95 22 number
1719 1573 104 31 reported
1835 1574 23 22 in

1273 1607 37 22 the
1322 1607 117 29 following
1456 1612 96 17 account
1570 1615 56 14 were
1643 1608 71 21 maori
1734 1606 57 23 built
1811 1612 48 17 cot-

1273 1646 63 24 tages
1345 1649 5 14 :—:
1353 1652 33 4 —

1300 1671 47 21 Our
1357 1678 68 20 paper
1434 1670 76 29 co-day
1517 1671 106 25 contains,
1630 1671 24 22 in
1662 1671 92 21 another
1760 1671 96 26 column,

1273 1705 27 14 an
1311 1702 94 17 account
1414 1698 26 21 of
1451 1698 37 21 the
1499 1699 38 21 fire
1548 1697 71 22 which
1634 1698 107 22 occurred
1752 1705 28 14 on
1793 1697 67 23 Wed-

1273 1724 84 27 nesday
1367 1725 71 26 night.
1465 1725 48 21 The
1523 1725 42 21 low
1576 1725 50 21 thus
1635 1725 132 21 occasioned
1779 1725 42 21 will
1832 1725 28 21 be

1273 1751 39 22 felt
1318 1751 22 21 in
1352 1758 13 14 a
1370 1752 65 21 small
1440 1751 136 28 community
1581 1751 44 22 like
1632 1751 50 26 this,
1691 1751 46 21 and
1743 1751 117 27 especially

1273 1784 23 15 as
1306 1778 105 27 occuring
1427 1782 24 18 at
1461 1786 13 14 a
1490 1779 76 26 period
1576 1778 24 21 of
1613 1777 142 23 commercial
1771 1777 89 28 depres-

1273 1805 56 25 sion,
1355 1804 37 22 the
1415 1805 70 21 result
1503 1805 34 21 of
1550 1805 36 21 the
1605 1809 77 17 recent
1699 1805 161 21 unfavourable

1273 1832 96 26 whaling
1378 1839 86 14 season.

1299 1858 33 22 At
1342 1858 36 22 the
1389 1866 61 14 same
1462 1858 60 27 tithe,
1538 1858 108 26 however,
1655 1866 57 16 .now
1723 1858 48 22 that
1781 1865 32 15 we
1823 1866 37 14 are

1273 1884 48 22 able
1341 1889 23 17 to
1379 1885 53 21 look
1451 1885 83 22 around
1553 1885 45 21 and
1613 1886 102 21 estimate
1731 1885 36 21 the
1786 1885 74 22 actual

1273 1916 92 17 amount
1375 1912 25 21 of
1412 1911 37 22 the
1459 1912 45 22 loss
1519 1913 118 26 tustained,
1649 1919 31 15 we
1691 1911 49 22 find
1749 1912 17 22 it
1776 1913 33 21 far
1819 1912 42 21 less

1272 1938 53 22 than
1337 1946 31 14 we
1378 1939 45 21 had
1433 1942 23 18 at
1465 1939 48 21 first
1527 1939 113 27 expected.
1668 1939 49 21 The
1734 1939 94 21 number
1838 1939 26 21 Of

1272 1965 81 22 houses
1373 1965 121 22 consumed
1513 1966 18 21 is
1551 1965 116 22 estimated
1686 1969 23 18 at
1726 1965 133 28 fifty-seven,

1263 2013 2 3 .
1273 1991 44 21 end
1328 1992 36 20 the
1373 1995 76 17 extent
1454 1992 27 20 of
1484 1996 101 21 property
1592 1992 123 25 destroyed,
1726 1988 132 29 atj£lo,ooo,

1273 2024 25 14 or
1306 2017 104 25 £12,000.
1439 2017 60 26 This,
1510 2017 105 26 although
1626 2024 13 14 a
1644 2017 85 21 serious
1740 2017 41 21 loss
1788 2021 22 17 to
1820 2017 38 21 the

1273 2045 36 20 the
1318 2044 143 25 individuals,
1472 2044 19 20 is
1500 2042 38 23 riot
1548 2043 28 27 by
1583 2051 45 19 any
1635 2050 77 15 means
1722 2043 54 21 su:h
1785 2050 12 14 a
1804 2044 56 20 blow

1274 2075 22 17 to
1305 2070 38 22 the
1359 2071 62 31 place
1432 2078 23 14 as
1472 2078 65 25 many
1552 2070 134 27 anticipated
1705 2070 63 21 when
1784 2070 22 21 in
1824 2070 36 21 the

1273 2097 129 22 immediate
1412 2097 60 27 sight
1482 2097 25 21 of
1515 2097 37 21 the
1561 2096 166 28 conflagration,
1739 2096 42 22 and
1792 2097 21 21 in
1825 2097 35 21 the

1272 2127 139 24 momentary
1423 2124 167 27 apprehension*
1600 2124 49 21 that
1663 2124 17 20 it
1694 2124 72 26 might
1780 2124 81 21 extend

1273 2152 29 21 its
1313 2158 81 19 ravage
1410 2154 22 18 to
1444 2151 36 21 the
1490 2151 138 21 warehouses
1637 2154 24 18 at
1673 2146 37 26 the
1719 2150 59 22 head
1788 2150 25 21 of
1825 2150 36 22 the

1273 2179 50 25 b/iy.
1353 2178 23 21 It
1389 2179 18 20 is
1423 2185 12 13 a
1451 2178 64 26 blow,
1535 2177 119 27 doubtless,
1675 2177 40 21 but
1731 2184 42 14 one
1792 2177 70 21 under

1274 2205 72 21 which
1364 2212 32 14 we
1415 2204 57 22 shall
1491 2205 27 21 be
1533 2204 50 22 well
1596 2204 50 22 able
1666 2208 21 17 to
1705 2208 91 23 support
1811 2212 51 14 our-

1273 2231 79 22 selves.

1303 2257 123 27 Yesterday
1442 2257 61 22 there
1517 2264 45 15 was
1572 2265 13 14 a
1599 2257 100 27 meeting
1715 2257 54 22 held
1785 2261 23 17 at
1825 2257 37 21 the

1275 2285 120 26 Exchange
1405 2285 36 21 for
1451 2285 37 21 the
1498 2292 93 20 purpose
1602 2287 21 19 of
1635 2284 107 27 adopting
1751 2291 112 15 measures

1275 2311 26 22 of
1320 2311 128 22 immediate
1468 2311 67 22 relief
1552 2315 22 17 to
1593 2311 38 21 the
1649 2311 81 28 parties
1751 2311 48 21 who
1818 2311 45 22 had

1263 2339 2 23 i
1274 2339 80 26 chiefly
1369 2338 103 22 suffered.
1512 2339 22 21 It
1550 2346 43 14 was
1609 2337 143 28 numerously
1767 2338 45 22 and
1829 2344 34 16 re-

1273 2365 112 28 spectably
1402 2365 113 26 attended,
1522 2365 55 24 .'and
1592 2365 100 27 upwards
1703 2365 26 21 of
1740 2365 61 23 £400
1820 2372 43 15 was

1275 2392 127 22 subscribed
1410 2392 74 22 in'the
1494 2399 72 15 room.-
1580 2398 3 4 '

1503 2447 141 23 BIRTHS.

1309 2489 39 21 On
1360 2489 119 29 Tuesday,'
1485 2489 40 22 9th
1536 2489 136 26 November,
1680 2491 25 19 at
1712 2489 147 29 Wellington,

1275 2520 59 24 Mrs.
1350 2520 31 24 K.
1395 2520 95 24 Samuel
1502 2520 24 23 of
1535 2529 14 15 a
1560 2520 120 31 daughter.

1307 2554 34 23 At
1361 2553 147 32 Wellington,
1521 2561 29 15 on
1571 2554 36 22 the
1626 2553 57 24 11th
1694 2553 89 29 ultimo,
1800 2553 59 24 Mrs.

1275 2587 75 31 Jnglis
1363 2587 24 23 of
1397 2595 14 15 a
1423 2586 118 32 daughter.

1515 2622 73 11 —♦-

1368 2645 270 23 CALAMITOUS
1665 2647 108 21 FIRE.

1310 2704 109 23 Towards
1432 2711 43 16 one
1483 2703 86 23 o'clock
1582 2710 28 16 on
1620 2703 122 29 Thursday
1751 2703 110 30 morniug,

1277 2737 59 23 afire
1346 2737 73 23 broke
1432 2742 38 18 out
1479 2745 27 15 on
1519 2737 38 23 the
1567 2738 109 29 premises
1686 2737 25 22 of
1719 2736 47 23 Mr,
1780 2736 81 30 Lloyd,

1277 2779 14 14 a
1303 2770 85 29 Baker,
1401 2778 30 15 on
1452 2770 194 30 Lambton-quay.
1684 2769 59 24 This
1760 2769 72 24 house
1843 2770 20 22 is

1277 2804 98 23 situated
1397 2804 70 23 about
1479 2826 3 4 ,
1493 2804 50 22 four
1561 2803 104 23 hundred
1689 2802 68 31 yards
1766 2811 40 15 .on
1826 2803 38 23 the

1278 2837 34 24 Te
1333 2837 48 23 Aro
1400 2837 54 24 Flat
1474 2836 48 23 side
1546 2836 26 23 of
1583 2836 104 24 .Colonel
1712 2836 129 23 Wakefield
1844 2837 26 22 V

1277 2870 123 24 residence.
1437 2868 50 33 £To
1508 2870 64 23 those
1579 2870 64 23 -who'
1659 2870 58 23 have
1736 2878 15 15 a
1767 2869 55 32 plan
1840 2877 25 15 or

1278 2905 61 31 print
1351 2904 25 23 of
1386 2904 37 23 the
1436 2904 76 23 Town'
1518 2903 50 24 and'
1574 2903 110 24 Harbour
1696 2903 46 24 this
1754 2903 46 23 will
1812 2903 28 24 be
1852 2911 13 15 a

1277 2938 68 31 guide
1352 2946 5 20 ;
1378 2936 44 24 and
1432 2936 95 30 further,
1536 2945 33 15 we
1579 2945 53 23 may
1640 2937 51 29 add,
1701 2937 39 23 the
1752 2937 41 23 fire
1803 2945 62 15 com-

1279 2970 93 25 menced
1378 2968 39 27 .on'
1424 2978 52 16 acre
1488 2973 56 26 488,
1558 2971 44 23 and
1620 2971 73 22 ended
1703 2974 24 19 at
1740 2970 37 23 the
1788 2970 77 31 public

1278 3012 89 16 reserve
1383 3004 120 32 adjoining
1517 3002 73 34 483.]
1632 3004 71 24 From
1790 3004 19 22 it
1825 3011 40 15 ex-

1278 3038 82 23 tended
1371 3046 31 23 up
1414 3042 23 19 to
1449 3037 35 24 Te
1496 3037 49 24 Aro
1557 3037 62 29 Flat,
1630 3037 135 31 destroying
1778 3044 14 16 a
1803 3036 62 32 large

1279 3072 95 22 number
1385 3072 26 22 of
1420 3070 39 24 the
1479 3070 85 24 houses
1581 3079 29 15 on
1627 3072 46 22 -the
1686 3070 81 24 beach.
1815 3070 51 24 The

1268 3110 1 4 1
1278 3105 44 23 last
1341 3105 70 23 house
1421 3104 97 23 towards
1530 3103 38 24 the
1579 3103 54 25 Flat
1644 3104 50 23 that
1704 3104 21 23 is
1745 3103 120 31 destroyed

1279 3145 38 16 are
1325 3138 46 24 the,
1377 3138 111 31 premises
1499 3138 27 22 of
1541 3137 98 23 Messrs.
1651 3136 76 24 Willis
1740 3138 43 22 and
1797 3136 42 24 Co.

1313 3171 52 23 The
1372 3171 60 22 wind
1441 3178 46 15 was
1496 3170 98 31 blowing
1605 3169 56 24 hard
1670 3170 59 24 from
1738 3171 39 22 the
1785 3170 81 23 north-

1279 3209 55 19 west
1355 3204 30 24 all
1404 3204 38 23 the
1461 3204 63 28 time,
1536 3203 73 24 which
1621 3204 21 23 is
1654 3202 39 25 the
1712 3211 68 16 cause
1800 3204 26 23 of
1833 3211 32 22 ,so

1279 3245 67 23 many
1356 3237 84 24 houses
1451 3237 71 31 being
1532 3236 131 32 destroyed.
1778 3240 3 11 '
1830 3231 9 27 )
1851 3248 7 6 -

1313 3270 51 24 The
1380 3270 123 31 following,
1507 3271 20 22 is
1539 3278 14 15 a
1565 3275 86 19 correct
1661 3270 40 24 list
1718 3270 25 24 of
1752 3270 115 31 buildings

1281 3304 121 30 destroyed
1414 3312 5 15 :
1421 3316 35 4 —
1578 3325 4 2 .
1813 3314 5 3 -
1821 3310 4 7 1
1825 3305 4 10 -'
1840 3303 6 12 "'
1858 3309 12 7 '-

1313 3343 83 30 Lloyd,
1411 3341 86 30 Baker,
1510 3341 170 25 Maori-house.

1313 3375 72 29 Ross,
1397 3375 117 29 Solicitor,
1555 3376 65 23 ditto.
1677 3376 3 7 '
1713 3393 12 16 #

1314 3409 102 29 Hewett,
1429 3408 161 32 Fishmonger,
1603 3409 170 25 Maori-house.

1313 3442 96 29 Adams;
1435 3456 3 5 •
1462 3457 3 4 •
1512 3457 3 3 •
1529 3454 3 5 ■
1637 3443 65 24 ditto.

1314 3475 91 30 Brown,
1420 3475 177 30 Public-house,
1637 3475 65 25 ditto.

1315 3509 78 29 Brass,
1406 3508 165 30 Shoe-maker,
1618 3524 5 7 /
1637 3509 64 24 ditto.

1315 3542 115 31 Gooding,
1443 3541 109 30 Butcher,
1637 3542 65 24 ditto.

1315 3576 85 28 Castle,
1414 3574 126 30 Labourer,
1637 3574 65 26 Aittol

1291 3621 5 3 -
1314 3609 88 30 Millar,
1414 3608 199 31 Lodging-house,
1638 3609 65 25 ditto.

1314 3642 93 32 Taylor,
1422 3642 133 31 Carpenter,
1566 3641 197 31 Wooden-house,
1773 3643 45 24 and
1825 3648 43 19 two

1280 3677 85 23 houses
1376 3675 78 32 partly
1465 3675 71 24 wood.

1315 3710 95 28 Graces,
1423 3708 45 24 Dr.
1482 3707 80 24 Evans
1571 3708 85 30 offices,
1670 3708 197 26 Wooden-house.

1317 3743 101 30 Harvey,
1424 3765 2 4 .
1438 3741 87 29 Tailor,
1735 3742 65 25 ditto.

1315 3776 141 25 Kumu-toto
1471 3775 54 31 pah,
1537 3774 31 24 all
1579 3774 79 25 Maori
1669 3775 131 32 Buildings.

1315 3809 119 25 Jenkins's
1446 3809 38 23 old
1496 3808 78 29 house,
1665 3808 168 24 Maori-house.

1316 3842 146 29 Crowther's,
1475 3841 89 29 Tailor,
1701 3842 66 25 ditto.

1315 3876 105 31 Young's
1423 3876 7 29 ',
1444 3874 175 29 Public-house,
1637 3874 105 25 Wooden
1744 3875 90 29 -house,
1847 3875 22 23 &

1280 3910 95 24 wooden
1388 3909 81 24 skittle
1480 3908 97 32 ground.

1277 3962 3 4 .
1315 3943 74 25 Durit
1401 3939 24 28 &
1437 3942 54 29 Co.,
1505 3942 74 29 Store,
1592 3941 195 27 Wooden-hous*.

694 232 10 28 }
749 236 131 26 Saturday,
896 235 131 22 November
1042 237 32 25 12,
1091 236 61 22 1842.

692 288 39 23 On
744 288 122 30 Thursday
877 295 33 15 we
927 286 78 24 issued
1022 295 15 15 a
1053 286 44 32 slip
1115 286 130 31 containing

657 328 30 16 an
699 325 96 19 account
807 320 24 24 of
840 321 38 23 the
891 320 40 23 fire
944 319 72 24 which
1029 319 71 24 broke
1113 325 38 17 out
1164 326 29 16 on
1205 320 47 25 the,

657 354 72 23 beach
741 358 23 19 at
785 361 42 16 one
847 352 87 25 o'clock
995 353 38 23 the
1052 353 113 29 morning.
1201 352 44 23 We

657 392 79 25 repeat
746 386 18 23 it
776 387 23 22 in
811 386 100 30 to-day's
923 393 78 24 paper.
1037 385 44 23 We
1094 384 86 24 dicTnot
1190 386 55 22 hear

658 419 25 23 of
692 419 40 24 the
743 419 118 24 calmitous
871 423 73 23 event,
955 419 58 22 until
1024 419 56 29 long
1092 418 56 23 after
1159 418 37 23 the
1203 419 42 22 fire

658 460 46 16 was
717 452 168 31 extinguished.
922 451 94 23 Several
1033 455 92 27 present
1139 451 42 23 had
1195 452 50 22 wit-

657 485 83 24 nessed
751 492 68 22 many
831 485 26 22 of
866 484 38 23 the
917 489 59 18 most
987 483 141 24 remarkable
1140 483 44 24 and
1197 484 47 23 dis-

658 519 97 23 tructive
762 518 57 23 -fires
837 518 24 22 in
873 517 106 29 London,
999 516 43 24 and
1063 517 54 30 they
1126 521 57 19 state
1197 517 48 23 that

659 552 58 22 their
728 551 119 23 memories
861 551 27 23 do
900 555 41 18 not
953 550 71 23 retain
1037 557 44 23 any
1093 558 67 15 scene
1172 551 25 22 of
1207 550 38 23 the

658 584 56 23 kind
727 589 23 18 to
769 585 28 22 be
809 583 120 31 compared
941 582 52 24 with
1007 583 38 23 the
1066 583 80 30 raging
1158 582 51 31 fury
1222 584 25 22 of

659 617 45 23 this
713 618 49 28 fire,
772 617 70 30 urged
853 624 29 16 on
889 615 55 24 with
951 617 128 29 impetuous
1088 615 100 24 violence
1195 617 28 29 by
1232 624 19 15 a'

657 650 51 31 gale
729 650 26 23 of
780 650 59 23 wind
861 650 59 22 from
941 649 38 23 the
1002 648 144 24 north-west.
1194 649 50 23 The

657 683 115 23 materials
789 683 68 30 being
870 681 63 24 wood
950 681 45 24 and
1007 681 85 30 thatch,
1111 689 58 16 were
1186 682 66 31 ligh^

658 716 45 23 and
732 715 148 31 exceedingly
889 718 4 3 '
904 715 157 29 combustible,
1094 715 44 23 and
1166 714 78 25 driven
1247 729 3 6 •

657 749 110 30 furiously
779 749 30 31 by
821 749 38 23 the
871 746 74 31 wind,'
958 748 113 23 countless
1082 747 73 24 flakes
1169 748 24 23 of
1202 748 42 23 fire

658 782 112 23 streamed
783 789 52 16 over
847 780 38 25 the
904 780 69 25 beach
986 780 96 24 towards
1105 780 36 24 the
1153 780 56 24 head
1221 782 26 22 of

659 816 38 22 the
710 815 58 30 Bay.
805 815 108 30 Feelings
928 814 25 23 of
969 813 120 32 sympathy
1101 813 33 23 for
1146 815 39 22 the
1196 814 48 23 suf-

657 848 72 23 ferers
747 848 44 23 and
799 859 3 4 ■
810 856 14 14 a
839 855 66 16 sense
917 847 26 23 of
959 847 37 23 the
1017 847 91 23 terrible
1125 847 46 23 loss
1192 847 52 31 they

658 889 57 15 were
728 881 161 32 experiencing
901 888 57 15 were
970 881 34 22 for
1018 880 38 23 the
1067 885 101 18 moment
1180 888 64 16 over-

658 922 63 16 come
739 915 23 22 in
781 913 179 32 contemplating
979 913 38 23 the
1030 914 83 22 terrific
1131 914 113 30 grandeur

658 947 25 24 of
694 947 38 24 the
744 955 75 15 scene.

691 981 52 23 The
753 981 42 22 fire
805 981 42 22 has
865 984 39 19 not
915 984 72 26 swept
1005 987 67 23 every
1084 980 66 30 thing
1167 979 76 24 before

657 1014 25 27 it,
694 1014 36 22 for
741 1021 61 15 more
815 1014 55 22 than
881 1012 51 23 half
947 1012 38 24 the
996 1012 83 24 houses
1094 1013 99 23 between
1206 1014 38 22 the

657 1051 112 18 extremes
781 1047 65 22 acted
863 1054 61 22 upon
941 1045 30 31 by
982 1046 18 22 it
1017 1054 39 15 are
1066 1045 49 24 still
1130 1046 113 30 standing,

657 1080 44 22 and
714 1087 84 23 among
809 1080 61 22 them
883 1080 29 29 by
925 1079 33 22 far
971 1078 37 23 the
1019 1079 75 30 larger
1106 1081 88 28 portion
1206 1087 38 15 are

657 1113 138 22 substantial
813 1111 93 24 wooden
924 1111 123 31 buildings.
1084 1112 49 23 Nor
1151 1112 39 23 did
1206 1113 38 22 the

657 1146 41 22 fire
729 1153 55 16 even
808 1146 91 29 destroy
918 1145 32 23 all
972 1144 38 24 the
1033 1144 106 24 thatched
1162 1145 82 23 houses

658 1179 79 22 within
750 1179 37 22 the
800 1186 61 15 same
879 1186 74 22 space,
972 1179 35 22 for
1018 1178 125 31 singularly
1155 1179 89 30 enough

657 1220 68 23 many
736 1211 57 24 have
812 1212 115 23 remained
944 1211 133 24 unscathed.
1093 1210 5 5 '
1115 1212 50 24 The
1177 1219 67 16 rause

659 1253 31 15 we
710 1253 114 23 presume,
837 1245 26 23 of
878 1245 44 23 this
941 1245 21 23 is
980 1244 48 24 that
1041 1245 37 23 the
1091 1245 57 23 wind
1161 1245 83 31 always

658 1286 75 15 comes
746 1278 22 23 in
780 1278 62 24 flaws
854 1279 25 22 in
891 1277 45 24 this
949 1277 98 24 harbour
1059 1278 66 23 when
1135 1278 58 24 from
1205 1278 38 23 the

657 1311 61 29 land,
732 1312 74 30 owing
816 1316 22 18 to
852 1311 37 23 the
901 1311 56 29 hilly
969 1316 79 18 nature
1066 1311 26 23 of
1101 1311 37 23 the
1150 1317 94 25 country

659 1353 27 15 on
699 1345 50 23 that
760 1345 47 23 side
820 1345 25 22 of
855 1344 37 23 the
902 1344 106 23 harbour.

692 1377 51 24 The
755 1378 40 23 fire
808 1377 71 24 broke
896 1382 38 18 out
946 1378 23 22 in
982 1385 13 15 a
1015 1377 130 25 bakehouse
1158 1377 53 24 with
1231 1386 14 15 a

659 1411 105 23 thatched
776 1411 57 28 roof,
846 1411 37 22 the
895 1410 71 23 house
978 1410 106 31 formerly
1097 1411 107 31 occupied
1214 1412 30 30 by

659 1445 47 23 Mr.
721 1444 140 23 Goodfellow
873 1444 49 22 who
936 1443 101 23 followed
1050 1443 37 23 the
1099 1452 61 16 same
1172 1445 70 28 trade,

659 1477 43 23 and
715 1477 82 31 during
814 1477 36 23 his
863 1478 132 30 occupation
1008 1476 24 23 of
1049 1477 37 23 the
1098 1478 102 30 building
1212 1485 32 16 we

659 1511 128 23 remember
805 1511 86 30 seeing,
911 1518 28 15 on
951 1518 14 14 a
984 1509 100 32 Sunday,
1105 1518 14 15 a
1138 1511 106 23 thatched

658 1544 52 23 roof
730 1544 89 26 oiisfire
840 1548 50 19 torn
912 1544 59 22 from
994 1543 37 23 the
1051 1551 62 16 same
1132 1544 110 31 buildiug.

659 1576 99 32 Though
776 1578 19 22 it
806 1577 73 23 would
898 1577 28 23 be
939 1576 125 23 hazardous
1084 1581 24 19 to
1121 1582 57 18 state
1196 1578 48 22 that

658 1610 43 23 had
715 1610 94 30 Lloyd's
828 1610 71 23 house
917 1614 41 19 not
976 1609 43 23 had
1031 1617 14 15 a
1063 1610 106 24 thatched
1188 1611 54 28 roof,

658 1643 37 23 the
707 1644 42 22 fire
762 1643 73 23 would
852 1648 40 18 not
910 1643 57 23 have
980 1643 125 30 happened,
1117 1651 32 16 we
1169 1643 73 29 think,

659 1685 31 14 we
702 1685 39 15 are
757 1676 102 31 justified
877 1677 22 22 in
920 1676 85 30 stating
1024 1676 49 23 that
1091 1676 43 24 had
1151 1678 18 22 it
1188 1677 55 24 been

657 1710 76 23 roofed
752 1710 53 23 with
824 1709 109 32 shingles,
957 1708 41 24 But
1018 1717 61 15 more
1099 1710 144 31 particularly

658 1744 48 22 that
720 1743 42 24 had
774 1744 19 22 it
802 1744 54 23 been
866 1743 93 23 covered
971 1743 22 22 in
1002 1743 53 22 with
1068 1743 69 23 slates
1149 1751 26 16 or
1185 1744 58 28 tiles,

657 1776 43 23 and
709 1777 42 23 fire
763 1777 92 28 ensued,
866 1784 63 15 more
941 1776 53 23 time
1004 1776 74 23 would
1088 1777 55 23 have
1153 1777 91 30 elapsed

658 1809 74 24 before
744 1810 39 23 the
790 1809 117 32 adjoining
914 1809 114 31 buildings
1037 1810 73 23 would
1123 1810 56 23 have
1186 1811 58 22 been

657 1843 151 32 endangered.
854 1843 57 23 And
940 1842 48 23 that
1016 1842 45 23 had
1089 1843 38 23 the
1153 1844 91 22 various

657 1876 107 24 thatched
780 1876 83 23 houses
875 1875 74 24 which
962 1883 56 16 were
1037 1880 35 19 set
1084 1884 29 15 on
1125 1876 40 23 fire
1178 1876 65 30 by.it,

656 1910 45 22 had
721 1910 96 31 shingle,
831 1910 65 28 slate,
910 1917 25 15 or
951 1909 39 23 tile
1002 1909 68 28 roofs,
1086 1910 24 22 in
1124 1910 29 22 all
1160 1910 81 31 proba-

656 1943 66 31 bility
734 1943 37 23 the
784 1943 132 22 distructive
924 1943 97 22 element
1034 1943 72 22 would
1118 1943 56 23 have
1186 1943 58 23 been

657 1976 103 24 confined
781 1977 23 22 in
823 1977 30 22 its
871 1976 153 22 mischievous
1042 1983 167 26 consequences
1214 1981 31 17 >to

656 2009 38 22 the
705 2009 105 29 building
821 2009 23 21 in
855 2008 70 22 which
937 2009 17 21 it
965 2009 152 22 commenced.
1153 2010 38 21 All
1204 2017 40 21 eye

658 2042 91 22 witness
767 2046 71 18 states
859 2040 49 23 that
930 2048 25 15 so
974 2040 95 30 rapidly'
1082 2049 45 15 was
1145 2041 39 23 the
1204 2042 40 22 fire

656 2074 179 24 communicated
853 2074 60 23 from
924 2081 43 15 one
1027 2075 95 22 another
1139 2075 105 22 thatched

656 2108 56 28 roof,
726 2108 48 22 that
787 2108 17 22 it
814 2115 45 15 was
871 2107 83 23 almost
972 2108 131 29 impossible
1116 2112 22 18 to
1149 2108 95 31 proceed

656 2141 68 31 along
743 2141 37 23 the
791 2140 73 24 beach
923 2148 29 16 an
965 2140 66 30 equal
1043 2145 56 24 rate,
1122 2141 73 23 which
1207 2149 38 15 ac-

657 2179 80 18 counts
749 2174 35 23 for
803 2174 38 23 the
859 2174 79 30 nearly
957 2173 55 24 total
1024 2173 138 25 destruction
1174 2175 25 23 of
1214 2174 30 23 all

657 2208 91 23 articles
767 2208 24 22 in
803 2207 38 23 the
857 2207 86 23 houses
955 2207 73 23 which
1045 2207 58 24 have
1115 2207 57 24 been
1191 2216 54 15 con-

657 2241 87 23 sumed.

691 2274 52 23 The
767 2273 96 24 Council
885 2273 83 31 passed
991 2281 14 15 a
1026 2273 42 24 bill
1087 2273 47 24 last
1157 2275 87 22 session

657 2307 94 24 entitled
764 2307 38 23 the
814 2306 83 31 Raupo
910 2306 54 29 Act,
979 2306 73 24 which
1063 2308 101 30 imposes
1178 2316 13 15 a
1206 2312 39 19 tax

658 2341 24 23 of
697 2341 55 24 £20
764 2348 40 23 per
816 2348 83 16 annum
913 2348 61 23 upon
986 2348 67 23 every
1072 2340 71 24 house
1163 2341 84 30 haviug

658 2383 13 14 a
683 2374 105 23 thatched
798 2374 52 23 roof
860 2373 78 24 within
954 2374 37 23 the
1009 2374 137 23 boundaries
1165 2374 26 23 of
1207 2374 37 23 the

659 2413 66 24 town,
738 2408 36 23 six
793 2407 98 23 months'
911 2407 58 23 after
987 2407 38 23 the
1044 2407 47 23 Act
1110 2407 58 23 shall
1188 2408 57 23 have

658 2442 57 22 been
727 2440 103 24 declared
844 2446 22 18 to
877 2440 57 23 have
948 2441 56 22 been
1014 2441 23 22 in
1051 2442 124 29 operation.
1189 2449 7 3 '
1221 2440 24 24 It

659 2480 58 18 rests
727 2474 53 23 with
793 2474 38 23 the
845 2474 119 23 Governor
972 2478 23 19 to
1008 2473 88 24 declare
1112 2474 30 31 by
1157 2474 88 31 procla-

659 2508 86 23 mation
758 2508 37 23 the
807 2511 73 19 towns
892 2506 117 32 subjected
1022 2511 22 19 to
1061 2507 46 23 this
1127 2508 41 23 bill
1169 2520 33 4 —
1202 2508 44 23 and

660 2541 53 23 with
725 2541 37 23 the
774 2540 90 24 settlers
877 2541 26 23 of
918 2540 54 23 each
984 2545 58 19 town
1054 2545 23 18 to
1095 2541 95 31 petition
1211 2541 33 23 for

660 2575 38 23 the
717 2574 137 31 application
872 2574 25 23 of
920 2573 38 24 the
975 2573 51 29 bill,'
1043 2574 77 23 before
1132 2575 18 22 it
1160 2574 45 23 will
1219 2575 28 23 be

661 2607 113 25 enforced.

694 2641 51 24 The
753 2641 84 31 Raupo
845 2641 53 29 Act,
909 2648 32 15 we
948 2640 95 29 believe,
1055 2640 52 32 only
1118 2640 129 25 denounces

660 2675 108 23 thatched
779 2675 61 23 roofs
849 2684 5 19 ;
877 2682 56 21 now,
947 2682 32 15 we
998 2674 93 29 believe,
1116 2675 18 23 it
1145 2675 19 23 is
1174 2682 14 16 a
1197 2674 50 24 well

661 2708 138 24 established
810 2708 53 28 fact,
877 2707 50 24 that
939 2707 37 23 the
988 2707 52 23 fires
1059 2707 57 24 have
1133 2708 115 31 generally

661 2742 56 23 been
729 2741 132 24 occasioned
873 2740 62 29 here,
950 2741 28 30 by
997 2740 38 24 the
1056 2741 109 23 chimnies
1186 2749 60 15 com-

662 2775 69 31 posed
743 2775 26 24 of
783 2775 54 22 mud
850 2774 44 24 and
910 2774 71 28 wood,
1036 2774 51 23 The
1106 2774 40 23 fire
1164 2774 85 31 having

663 2809 55 23 been
732 2816 56 16 once
802 2807 91 25 created
892 2816 5 5 1
904 2809 20 22 is
937 2807 88 32 greatly
1045 2807 100 25 fostered
1160 2808 31 31 by
1210 2808 39 23 the

663 2841 106 24 thatched
779 2842 72 23 roofs.
878 2847 2 4 '
903 2842 48 23 But
971 2849 33 15 we
1024 2841 81 24 should
1122 2840 49 25 like
1185 2849 12 15 a
1208 2841 39 24 bill

663 2880 22 18 to
708 2875 28 23 be
762 2875 98 30 brought
880 2875 99 23 forward
999 2873 129 32 forbidding
1151 2875 100 31 forming

663 2908 110 23 chimnies
784 2909 24 22 in
821 2913 59 18 town
894 2909 25 22 of
929 2908 64 23 other
1005 2908 103 23 material
1120 2908 54 23 than
1183 2914 64 17 stone

663 2950 24 15 or
699 2941 87 24 bricks.
832 2941 45 23 We
896 2941 28 23 do
943 2946 40 18 not
993 2948 56 16 even
1062 2946 81 26 except
1153 2943 61 27 iron,'
1225 2950 24 15 as

662 2976 18 22 it
691 2976 20 22 is
724 2974 128 32 frequently
864 2973 39 24 the
922 2982 67 16 cause
1007 2973 26 24 of
1047 2974 42 23 fire
1109 2982 24 16 in
1155 2976 93 23 wooden

663 3009 91 29 houses,
775 3007 44 25 and
838 3007 77 24 bricks
932 3008 46 23 and
990 3012 64 19 stone
1066 3016 37 15 are
1114 3009 71 31 easily
1196 3016 53 24 pro-

663 3042 76 23 cured.

696 3075 101 24 Further
819 3075 19 23 it
857 3075 74 23 would
948 3075 30 23 be
998 3074 51 24 well
1068 3079 23 19 to
1111 3076 90 30 require
1221 3075 29 23 all

663 3108 115 32 buildings
790 3108 99 23 wherein
901 3108 40 23 fire
959 3109 19 22 is
996 3116 62 15 more
1077 3108 62 23 used'
1151 3108 54 24 than
1226 3110 24 22 in

664 3150 28 16 an
709 3143 107 30 ordinary
837 3141 107 32 dwelling
964 3146 21 19 to
1005 3141 66 23 have'
1080 3141 62 24 roofs
1153 3141 25 24 of
1195 3142 55 23 slate

664 3184 24 15 or
700 3176 61 23 tiles.
783 3183 3 3 '
809 3175 50 24 The
878 3175 83 23 former
974 3182 37 17 are
1022 3182 51 16 now
1084 3174 112 32 imported
1208 3173 43 26 and

664 3217 37 15 are
712 3214 41 19 not
764 3217 55 23 very
831 3208 80 31 costly,
930 3208 66 24 while
1007 3216 33 15 we
1052 3216 37 15 are
1097 3209 93 23 assured
1204 3209 47 23 that

663 3242 38 23 the
713 3242 68 24 latter
792 3251 38 15 are
843 3247 23 18 to
877 3242 29 23 be
917 3242 45 23 had
972 3242 25 23 of
1007 3249 28 16 an
1044 3242 111 23 excellent
1164 3242 87 30 quality

664 3275 171 25 manufactured
848 3280 22 19 at
879 3283 14 15 a
910 3274 66 24 small
989 3275 60 32 price
1062 3275 23 23 in
1104 3274 39 24 the
1161 3274 87 32 colony.

664 3309 24 24 It
699 3310 75 30 might
784 3309 28 24 be
825 3309 51 23 well
887 3313 23 18 to
922 3309 94 30 require'
1021 3308 37 24 the
1066 3315 63 16 same
1135 3308 116 32 buildings

663 3343 20 23 if
697 3348 40 18 not
750 3347 22 19 to
783 3343 36 23 be.
824 3342 58 24 built
891 3342 26 23 of
932 3347 72 23 stone,
1014 3341 74 29 brick,
1102 3349 33 20 ,or
1147 3341 60 30 mud,
1228 3347 22 18 to

664 3376 56 23 have
733 3376 38 23 the
783 3375 93 24 wooden
887 3374 84 24 frames
983 3374 62 24 filled
1057 3374 58 24 solid
1127 3374 53 24 with
1193 3375 56 31 clay;

665 3409 72 23 which
750 3416 41 16 can
801 3409 29 23 be
842 3408 57 24 done
911 3413 23 19 at
946 3416 14 15 a
971 3416 55 23 very
1033 3407 66 24 small

697 3442 36 24 To
746 3442 64 23 these
822 3442 147 30 protections,
982 3441 51 31 only
1044 3447 22 17 to
1079 3441 27 23 be
1117 3442 94 23 secured
1222 3442 29 30 by

665 3484 29 15 an
706 3476 47 23 Act
766 3475 133 23 sanctioned
909 3475 30 30 by
952 3475 39 23 the
1004 3474 104 29 Council,
1117 3474 38 24 the
1163 3475 88 31 Corpo-

664 3510 73 23 ration
760 3508 75 32 might
858 3508 44 23 add
925 3515 78 16 means
1018 3508 34 23 'of
1078 3509 121 30 arresting,
1214 3509 37 22 the

663 3550 107 23 progress
793 3542 25 24 of
845 3542 40 23 fire
897 3541 67 24 when
981 3542 21 22 it
1019 3541 126 31 unhappily
1162 3549 88 16 occurs.

664 3576 66 30 They
743 3576 74 31 might
828 3575 77 24 obtain
917 3583 14 16 a
953 3574 67 24 small
1032 3574 105 30 building
1155 3574 97 25 situated

664 3610 24 22 in
699 3618 14 14 a
725 3609 86 23 central
823 3609 99 31 position
939 3616 62 23 upon
1022 3608 74 23 which
1108 3616 14 15 a
1132 3608 63 31 large
1207 3608 44 24 bell

664 3642 74 31 might
761 3642 27 23 be
812 3642 98 28 erected,
934 3646 23 19 to
979 3641 42 24 call
1044 3641 111 31 together-,
1181 3649 26 16 or
1229 3647 22 18 to

664 3683 80 16 arouse
757 3675 38 23 the
808 3676 95 23 citizens
914 3675 59 23 from
986 3674 58 24 their
1056 3674 112 24 slumbers
1178 3675 23 23 in
1214 3675 37 23 the

663 3708 57 23 hour
744 3709 26 23 of
791 3709 58 24 need
850 3721 33 4 —
884 3708 46 24 and
950 3708 85 24 within'
1049 3708 18 23 it
1085 3715 13 16 a
1113 3708 42 23 fire
1171 3709 80 31 engine

664 3741 44 23 and
719 3749 30 15 an
754 3767 2 10 |
761 3741 74 33 ample
843 3742 99 24 number
955 3742 26 23 of
990 3746 68 19 water
1068 3741 99 27 buckets
1179 3742 73 31 might

663 3775 29 23 be
701 3774 64 32 kept.
813 3775 51 24 The
878 3775 115 31 buildings
1005 3774 82 24 should
1096 3775 57 22 have
1164 3775 87 23 several

664 3807 65 30 keys,
742 3808 74 23 which
828 3808 82 23 should
920 3808 29 24 be
966 3808 118 23 entrusted
1101 3812 24 19 to
1146 3815 28 16 an
1186 3808 66 31 equal

663 3841 102 23 number'
780 3841 25 22 of
821 3842 96 22 citizens
934 3841 71 31 living
1023 3842 25 23 in
1065 3841 106 24 different
1190 3846 62 26 parts

664 3874 26 23 of
704 3874 39 22 the
763 3878 68 19 town.
879 3874 46 26 We
945 3874 59 24 have
1026 3879 42 26 put
1085 3874 62 24 forth
1165 3873 32 25 all
1215 3874 37 24 the

663 3907 135 31 suggestion
810 3907 75 24 which
900 3907 60 24 have
978 3908 59 23 been
1053 3907 67 24 made
1134 3912 23 19 to
1176 3915 35 21 us,
1228 3916 25 16 or

663 3940 75 24 which
751 3940 58 24 have
821 3940 57 24 been
889 3941 85 24 offered
984 3945 23 19 to
1018 3948 28 16 us
1058 3940 35 25 for
1113 3940 38 26 the
1171 3948 41 17 use
1230 3941 26 24 of

548 41 99 46 et}s
670 39 120 43 Wteto
816 40 210 41 »talanti
1050 41 192 47 titfytttt
1266 41 92 40 attb
1383 41 303 47 tSßtllington
1710 38 259 50 tkptttatQt.

652 128 94 41 New
777 128 219 41 Zealand
1027 128 218 41 Gazette

697 183 68 23 AND
779 182 218 23 WELLINGTON
1015 182 187 23 SPECTATOR.

99 1064 170 24 SHIPPING
289 1064 276 24 INTELLIGENCE.

261 1120 143 20 ARRIVED.

67 1147 65 20 Novr.
145 1148 33 22 11,
186 1148 78 26 barque
275 1148 94 24 Magnet,
381 1148 38 19 148
431 1149 56 23 tons,
499 1148 128 24 M'Farlane,

38 1175 54 20 from
104 1175 92 26 Sydney.

280 1220 115 20 SAILED.

69 1255 117 20 November
195 1255 34 24 11,
238 1255 120 25 brigantine
369 1255 104 26 Cheerful,
486 1256 49 24 120,
546 1255 82 24 Foster,

41 1284 33 19 for
85 1283 89 25 Sydney.

68 1309 59 21 Same
144 1311 47 25 day,
209 1310 80 26 barque
304 1310 94 26 Amwell,
417 1311 40 19 300
473 1313 56 24 torn,
551 1310 77 25 Hesie,

38 1339 33 19 for
81 1338 89 25 Sydney.

266 1382 33 20 IN
315 1382 87 21 PORT.

66 1419 82 24 Barque
165 1417 117 26 Clydeside,
292 1417 41 19 256
349 1419 57 22 torn,
425 1416 133 26 Mathieion,
570 1418 59 19 refit-

36 1449 54 22 ting.
120 1445 68 19 Waitt
195 1445 42 19 and
247 1445 75 24 Tyser,
330 1444 89 25 Agents.

64 1475 82 24 Barque
155 1473 127 24 Indemnity,
292 1473 42 19 450
351 1476 59 21 tons,
425 1472 44 20 Adi
473 1479 39 18 mi,
526 1473 102 25 refitting.

36 1504 89 25 Agents,
137 1501 67 19 Waitt
214 1501 42 19 and
266 1500 76 25 Tyser.

66 1529 107 20 Schooner
197 1529 57 24 Ann,
280 1529 27 19 22
332 1530 57 22 tons,
416 1527 85 26 Brown,
524 1527 44 21 laid
591 1534 37 19 up.

38 1558 76 25 Agent,
127 1556 66 19 Waitt
203 1556 40 19 and
255 1556 74 25 Tyser.

68 1584 80 25 Barque
170 1584 80 24 Bright
268 1584 85 23 Planet,
375 1584 39 19 187
435 1585 55 24 tons,
511 1583 117 24 Morrison,

40 1614 76 24 Agent,
129 1610 24 20 C.
165 1610 32 20 M.
210 1610 79 20 Evans.

66 1638 123 26 Brigantine
208 1638 101 24 Hannah,
329 1639 25 18 90
376 1640 55 22 tons,
450 1638 54 20 Bell.
540 1638 88 25 Agents,

38 1666 71 21 Willis
119 1666 43 19 and
171 1665 39 20 Co.

68 1694 107 19 Schooner
185 1693 83 25 Henry,
282 1694 25 20 17
318 1695 56 22 tons,
390 1693 119 26 Daymond.
539 1694 87 24 Agents,

38 1722 92 20 Wallace
141 1721 42 19 and
198 1720 40 21 Co.

66 1749 83 25 Barque
160 1748 83 24 Bolina,
255 1748 41 21 245
308 1751 55 21 tons,
375 1748 97 20 Twohev.
503 1748 20 20 J.
534 1748 92 24 Salmon,

37 1777 77 25 Agent.

67 1803 50 26 Brig
127 1803 116 24 Elizabeth,
261 1803 41 20 230
313 1805 56 24 tons,
386 1803 123 26 Guthridge.
539 1803 87 25 Agents,

41 1830 111 26 Ridgwayi
162 1830 41 20 and
214 1830 39 20 Co.

68 1859 107 19 Schooner
186 1858 78 23 Maori,
278 1859 25 19 15
315 1861 56 17 tons.

68 1885 74 21 Cutter
165 1886 110 19 Catherine
290 1886 110 24 Johnston,
421 1886 26 20 10
465 1887 56 23 tons,
542 1885 84 26 Taylor.

38 1914 88 25 Agents,
138 1913 95 19 Wallace
243 1913 42 19 and
296 1913 38 19 Co.

68 1941 82 26 Barque
161 1941 115 22 Blenheim,
288 1941 40 20 375
341 1943 55 22 tons,
409 1940 63 25 Grey.

67 1968 68 21 Three
158 1969 83 19 masted
264 1968 105 20 schooner
394 1969 88 24 Ospray,
504 1968 39 20 140
569 1970 57 18 tons.

38 1997 87 24 Agents,
139 1995 110 26 Ridgways
257 1995 42 19 and
311 1995 38 20 Co.

67 2023 110 20 American
188 2023 48 24 ship
245 2023 75 24 Henry
334 2023 59 22 Tyke,
405 2023 42 19 366
462 2024 56 21 tons,
529 2022 97 20 Watson.

37 2050 76 25 Agent,
125 2049 105 25 Mayhew.

66 2077 74 20 Cutter
150 2077 114 23 Pickwick,
275 2077 26 19 38
314 2078 55 21 tons,
381 2076 79 20 Alton.
490 2076 85 20 Rhodes
586 2076 42 20 and

40 2105 47 22 Co.,
97 2104 89 26 Agents.

66 2132 123 26 Brigantine
202 2131 120 25 Vanguard,
332 2131 25 20 61
369 2134 56 21 tons,
434 2131 98 20 Newton.
560 2130 68 21 Waitt

39 2161 39 20 aad
88 2160 73 25 Tyser,
172 2159 89 25 Agents.

68 2188 106 20 Schooner
187 2187 72 22 Ganet,
262 2187 27 18 4o
300 2189 56 18 tons.

68 2215 82 26 Barque
162 2215 78 23 George
247 2214 62 25 Fyfe,
318 2214 41 19 460
370 2216 56 22 tons,
438 2213 65 26 Pylce.

67 2243 107 20 Schooner
192 2242 74 24 Ocean,
277 2242 26 19 30
322 2244 55 24 tons,
389 2241 113 26 Ferguson.
539 2241 87 26 Agents,

39 2270 93 21 Wallace
141 2270 42 19 and
194 2269 39 20 Co.

65 2298 143 20 Gorernment
222 2297 47 25 brig
281 2297 102 23 Victoria,
394 2297 40 19 200
445 2299 55 21 tons,
512 2296 74 26 Nagle.

68 2325 106 20 Schooner
183 2325 124 24 Richmond,
318 2324 26 20 30
355 2327 55 24 tons,
423 2324 96 21 Sinclair.
550 2325 76 24 Agent,

41 2352 136 21 Fitiherbert.

69 2381 83 25 Barque
165 2381 93 25 Magnet,
272 2380 39 20 148
322 2381 55 24 tons,
389 2379 129 20 M'Farlane.
548 2379 78 25 Agent,

42 2407 24 22 C.
78 2408 23 19 M
121 2408 77 20 Evans.

66 2458 43 20 The
129 2452 100 35 Orient^,
244 2458 55 19 from
315 2457 50 20 New
382 2457 99 24 Zealand,
501 2458 48 19 21st
564 2456 62 26 Dec,

38 2486 81 20 arrived
137 2488 21 17 at
178 2485 114 26 Singapore
310 2491 27 14 on
355 2485 35 19 the
407 2485 43 20 2nd
471 2485 83 20 March.
585 2484 45 19 She

38 2513 64 19 sailed
122 2519 28 13 on
170 2513 36 19 the
226 2513 50 19 14th
299 2518 57 14 same
377 2513 82 19 month.
499 2512 29 19 H.
551 2511 30 20 ML
604 2511 25 20 S.

43 2541 105 24 Wellesley
163 2540 65 20 sailed
238 2540 33 20 for
287 2540 89 20 London
387 2540 55 20 from
459 2539 121 26 Singapore,
602 2545 28 13 on

40 2568 36 20 the
87 2568 36 20 sth
134 2568 83 20 March.

127 2626 296 31 METEOROLOGICAL
436 2633 112 22 TABLE.

62 2669 42 20 For
115 2668 35 19 the
160 2667 55 20 week
226 2666 75 23 ending
315 2666 116 23 Thursday,
442 2665 57 21 Nov.
510 2666 22 23 3,
545 2666 62 20 1842.

255 3790 168 22 FREIGHTS.

45 3839 96 23 London
171 3847 46 13 ...;
539 3840 14 20 6
579 3839 14 20 0
622 3840 11 20 0

45 3865 57 23 New
116 3867 77 21 Sootb
210 3866 86 22 Wales
310 3873 46 15 and
367 3866 28 21 V.
407 3865 29 23 D.
448 3866 25 22 L.
502 3880 18 6 ..
538 3867 15 20 2
579 3867 14 19 0
621 3867 12 21 0

45 3892 94 22 Niison
240 3907 115 12 ..........
537 3894 14 20 2
570 3893 23 24 .0
622 3895 11 19 0

45 3919 122 23 Takanaki
178 3919 128 26 andCqast
538 3921 14 20 2
579 3921 54 21 0-0

45 3946 129 22 Avtxnm
200 3948 170 20 ..1.....'.....
567 3947 38 20 nit.

1272 129 38 23 the
1331 129 86 30 public,
1437 129 42 23 but
1501 129 80 23 should
1598 137 72 21 more,
1686 142 3 10 i
1693 129 71 30 likely
1785 134 22 18 to
1826 130 30 23 be

1272 161 82 29 useful,
1378 162 28 23 be
1428 161 105 24 obtained
1552 170 33 15 we
1607 161 47 24 will
1673 167 78 18 return
1773 166 22 19 to
1818 162 38 24 the

1273 194 96 31 subject.
1489 209 3 3 -
1560 194 4 30 I

1305 243 44 22 We
1366 250 63 16 some
1446 244 54 22 time
1512 244 62 22 since
1585 243 101 23 inserted
1698 251 14 16 a
1729 243 127 32 paragraph

1273 275 68 24 about
1352 276 38 23 the
1401 275 78 31 Royal
1489 275 63 24 Mail
1562 276 69 31 being
1648 277 101 29 engaged
1767 277 24 22 in
1799 276 57 24 -col-

1272 309 84 30 lecting
1367 305 185 36 greenJs&neTat
1564 309 95 23 Milford
1677 309 92 24 Haven.
1806 309 50 23 The

1272 342 148 31 proceedings
1433 342 25 23 of
1468 341 43 24 this
1523 342 80 28 vessel,
1625 341 51 24 and.
1681 343 25 22 of
1722 342 38 23 the
1776 342 80 29 Anita,

1273 375 56 23 have
1352 374 89 24 created
1463 382 63 16 some
1554 376 95 22 interest
1670 375 63 28 here,
1757 375 99 23 and~^We

1274 407 83 23 believe
1376 415 33 16 we
1421 415 41 16 can
1468 427 3 5 ,
1480 415 51 16 now
1548 412 58 19 state
1625 408 90 30 exactly
1727 408 59 23 what
1804 408 54 30 they

1273 440 56 23 have
1347 440 57 24 been
1425 441 43 22 and
1489 448 37 15 are
1544 441 75 23 about.
1656 441 52 23 The
1726 440 71 24 Anita
1815 441 42 23 has

1273 473 54 30 long
1338 474 62 22 since
1411 481 59 23 gone
1482 477 23 18 to
1517 473 82 29 China,
1613 473 43 24 and
1668 473 95 24 without
1777 473 81 31 taking

1273 513 66 24 cargo
1352 506 57 24 from
1422 506 57 24 New
1497 506 105 24 Zealand;
1640 506 51 24 The
1705 506 76 31 Royal
1793 504 65 25 Mail

1273 538 44 23 left'
1331 539 44 23 this
1388 547 28 15 on
1435 547 13 16 a
1465 539 88 31 sealing
1571 540 137 30 expedition,
1721 540 53 23 with
1793 540 63 22 three

1273 572 63 22 boats
1346 579 68 16 crews
1423 580 29 16 on
1463 572 77 23 board.
1577 572 46 24 She
1632 572 71 24 called
1713 577 23 19 at
1748 573 109 23 Stewarts

1274 604 79 23 Island
1356 610 3 5 1
1364 605 45 24 and
1416 605 39 23 the
1465 605 74 23 Bluffs
1546 609 22 19 to
1580 605 78 23 obtain
1666 605 82 24 Native
1762 613 93 21 women,

1273 638 44 22 and
1334 638 125 30 proceeded
1472 643 21 18 to
1512 638 95 24 Milford
1632 638 89 29 Haven,
1736 638 72 24 where
1826 638 31 23 all

1272 670 71 23 hands
1353 670 56 24 have
1421 672 63 22 since
1496 671 55 23 been
1564 671 102 31 engaged
1677 671 96 31 sealing.
1810 671 47 23 She

1273 704 129 23 afterwards
1412 704 123 30 proceeded
1543 708 23 19 to
1578 704 137 30 Sydneyfor
1722 705 134 27 provisions,

1272 737 44 22 and
1338 744 27 16 on
1387 737 92 30 leaving
1496 738 17 22 it
1532 737 54 23 took
1604 746 14 14 a
1634 737 56 23 mail
1706 737 35 23 for
1760 737 95 24 Nelson.

1272 768 67 25 After
1358 770 90 30 leaving
1457 774 2 6 '
1468 770 100 31 Sydney,
1581 770 40 23 she
1644 777 45 16 was
1701 770 71 23 found
1790 775 21 18 to
1829 770 28 23 be

1273 803 186 30 unmanageable,
1473 803 23 23 in
1508 811 153 23 consequence
1673 804 26 22 of
1711 803 94 31 damage
1816 803 42 23 she

1273 836 150 30 experienced
1430 836 58 23 from
1501 837 88 30 getting
1599 844 27 15 on
1639 845 14 14 a
1663 836 57 23 rock
1730 837 22 22 in
1766 836 92 30 Sydney

1273 868 68 24 Cove.
1378 869 59 24 This
1448 874 51 26 part
1510 869 24 23 of
1548 869 38 23 the
1599 874 95 18 account
1706 877 95 23 appears
1814 870 43 22 im-

1272 902 114 30 probable.
1423 902 48 24 She
1482 902 49 29 has,
1541 902 110 29 however,
1664 902 58 24 been
1736 907 21 18 to
1770 902 88 23 Nelson

1274 947 32 4 —
1306 935 43 23 has
1367 935 45 24 had
1433 936 37 23 the
1489 935 125 24 iron-work
1627 936 26 23 of
1667 935 41 24 her
1725 935 82 23 rudder
1821 943 37 15 re-

1272 968 78 30 paired
1353 981 30 4 —
1385 969 105 23 obtained
1508 969 38 23 the
1565 968 126 24 iron-work
1709 968 36 23 for
1763 977 13 15 a
1792 968 66 23 small

1273 1000 63 24 sized
1348 1001 73 24 vessel
1434 1007 22 18 to
1475 1002 28 23 be
1513 1001 59 25 built
1582 1003 24 22 in
1619 1002 38 23 the
1669 1002 81 29 South,
1764 1002 44 24 and
1816 1002 41 23 has

1273 1035 65 29 again
1351 1035 70 22 sailed
1433 1035 35 23 for
1481 1034 95 24 Milford
1588 1034 94 25 Haven.

1898 145 7 7 .
1919 130 151 30 Patterson's,
2084 131 170 30 Coffee-house,
2267 132 168 26 Maori-house.
2450 133 9 5 '

1919 163 160 24 Maori-house
2103 165 70 22 above
2200 164 140 30 Paterson's,
2364 167 104 31 occupier
2489 184 3 3 .

1884 195 125 25 unknown.

1919 229 75 31 Lyall,
2016 229 108 29 Butcher,
2239 230 193 25 Wooden-house.
2484 241 4 11 •

1920 260 89 30 Fraser,
2020 261 171 30 Hair-dresser,
2304 263 64 25 ditto.

1920 293 92 32 T«ylor,
2027 295 84 28 Baker,
2124 294 188 25 Wooden-house
2325 297 45 22 and
2381 297 88 23 Maori-

1886 326 79 25 house.

1920 359 94 29 Skelt's,
2033 359 180 30 Pork-butcher,
2239 361 196 25 Wooden-house.

1920 392 103 29 Robson,
2049 394 74 28 Store,
2304 395 65 24 ditto.

1919 425 85 28 White,
2035 426 158 30 Stay-maker,
2304 427 64 25 ditto.

1920 458 90 23 Jones's
2023 459 37 22 old
2072 459 78 28 house,
2305 460 64 24 ditto.

1920 492 72 30 Pope,
2012 492 133 31 Carpenter,
2164 492 44 23 five
2220 492 68 23 small
2305 493 131 32 Buildings.

1921 524 79 29 Clark,
2020 524 178 31 Green-grocer,
2268 525 168 26 Maori-home.

1919 556 95 30 Dean's,
2036 558 101 28 Painter,
2241 558 194 26 Wooden-house.

1920 590 71 29 Rout,
2006 590 128 29 Merchant,
2170 595 44 18 two
2228 590 207 27 Wooden-houses.

1919 623 75 29 Mills,
2007 623 75 29 Store,
2098 623 104 23 Wooden
2211 624 44 22 and
2270 624 166 25 Maori-house.

1920 656 67 28 Seed,
2009 656 160 27 Boot-nfaker,
2192 660 43 20 two
2251 657 184 24 'Maori-houses.

1920 688 94 25 Hunter
2026 690 22 23 &
2067 689 51 29 Co.,
2132 689 88 29 Stores,
2234 694 43 19 two
2289 690 179 25 Maori-houses.

1920 721 75 24 Willis
2008 722 22 23 &
2044 722 51 29 Co.,
2108 723 87 28 Stores,
2233 727 42 19 two
2288 723 180 24 Maori-houses.

1910 759 105 24 -'Besides
2028 760 39 24 the
2079 761 70 23 above
2166 760 118 31 destroyed
2297 761 29 32 by
2337 762 50 28 fire,
2408 763 62 23 three

1886 792 174 24 Maori-houses
2076 801 57 16 were
2145 793 79 31 pulled
2239 794 64 23 down
2314 800 22 17 to
2348 800 73 19 arrest
2432 795 38 23 the

1887 825 51 24 fire.

1920 858 51 23 The
1992 859 56 23 total
2067 858 140 25 destruction
2226 860 25 23 of
2266 865 106 27 property
2383 861 22 23 is
2416 861 55 23 esti-

1886 892 76 23 mated
1973 897 24 17 at
2014 892 123 28 £15,970.

1920 925 51 23 The
1994 925 66 23 value
2080 925 25 23 of
2124 926 59 30 good
2205 925 84 24 houses
2307 927 120 31 destroyed
2448 927 20 23 is

1887 958 119 23 estimated
2017 962 23 19 at
2051 958 59 23 from
2122 959 98 28 £2,000
2223 964 54 18 —to
2289 960 108 28 £2,500.

1922 991 35 24 Of
1972 991 37 23 the
2029 990 71 31 goods
2122 991 120 31 destroyed
2267 1000 16 15 a-
2297 993 62 30 large
2381 994 89 30 portion

1887 1024 110 31 belonged
2009 1029 23 18 to
2040 1025 84 30 parties
2136 1025 25 22 in
2178 1025 108 31 England
2304 1026 44 23 and
2366 1026 102 31 Sydney.

1886 1057 44 23 We
1941 1066 106 22 presume
2067 1057 37 24 the
2123 1058 88 32 largis-t
2229 1060 103 30 quantity
2351 1060 27 23 of
2400 1059 71 31 goods

1886 1090 119 31 destroyed
2028 1099 59 15 were
2106 1092 24 22 in
2168 1092 29 23 1-3
2225 1092 78 23 Stores
2322 1093 26 22 of
2370 1092 100 24 Messrs.

1887 1123 76 24 Willis
1980 1123 45 24 and
2045 1124 51 28 Co.,
2117 1125 44 23 an.l
2180 1125 55 31 they
2255 1133 33 15 we
2308 1125 86 24 believe
2413 1133 57 15 were

1887 1157 77 31 nearly
1974 1157 83 31 wholly
2069 1157 71 31 goods
2151 1165 22 16 c
2181 1158 96 30 nsigned
2296 1158 58 23 fiom
2375 1158 97 23 London

1887 1189 44 23 and
1941 1189 102 30 Sydney.
2076 1212 3 3 .
2114 1198 3 2 ■
2380 1193 3 13 '

1922 1222 50 23 The
1984 1222 46 23 loss
2051 1223 21 22 is
2091 1229 78 16 severe
2188 1228 23 18 ie
2232 1223 40 23 the
2290 1222 125 30 Colonists,
2427 1224 44 23 and

1887 1255 46 23 will
1945 1255 28 23 be
1983 1255 103 31 severely
2098 1255 41 23 felt
2155 1255 35 23 fo/
2208 1264 63 16 .-orae
2289 1257 54 23 time
2362 1257 28 30 by
2404 1264 68 23 many

1888 1288 24 23 of
1934 1296 40 15 our
1994 1288 187 29 fellow-settlers,
2200 1289 54 24 with
2274 1290 72 23 whom
2415 1290 57 23 need

1889 1326 40 18 not
1940 1326 59 18 state
2011 1329 33 16 we
2057 1321 79 32 deeply
2148 1323 149 31 sympathise.

1922 1354 51 23 Our
1995 1355 39 22 list
2057 1355 74 23 shows
2154 1355 50 24 that
2227 1356 37 23 the
2286 1356 54 30 only
2362 1356 108 25 sufferers

1888 1395 84 23 among
1990 1388 38 23 the
2046 1388 119 24 wholesale
2184 1389 84 23 houses
2287 1397 38 16 are
2345 1389 48 23 Mr.
2408 1389 64 23 Rout

1888 1421 45 23 and
1949 1421 98 24 Messrs.
2060 1421 76 24 Willis
2149 1422 45 23 and
2207 1422 41 24 Co.
2285 1422 23 24 It
2320 1430 51 22 may
2382 1422 28 23 be
2423 1421 49 24 well

1889 1459 22 18 to
1940 1454 99 29 remark,
2070 1454 49 24 that
2154 1455 99 24 Messrs.
2284 1455 97 23 Willis's
2408 1455 63 30 large

1889 1487 91 23 w.oden
1997 1493 69 23 store,
2084 1488 68 30 being
2163 1494 24 17 at
2199 1489 38 22 the
2249 1489 64 23 other
2324 1489 49 23 side
2394 1489 25 22 of
2434 1489 38 23 the

1891 1520 115 30 Harbour,
2016 1522 20 22 is
2049 1521 130 31 uninjured.

1994 1584 153 25 PUBLIC
2166 1585 196 24 MEETING.

1916 1634 35 22 On
1962 1633 123 28 Thursday,
2097 1637 22 19 at
2129 1636 12 20 2
2157 1635 93 26 o'clock,
2261 1642 14 14 a
2286 1635 75 22 Public
2374 1635 98 27 Meeting

1887 1666 60 16 most
1955 1660 145 28 numerously
2110 1661 44 21 and
2164 1661 139 27 respectably
2314 1661 104 22 attended
2429 1669 43 14 was

1888 1687 52 22 held
1951 1691 22 18 at
1983 1687 37 22 the
2030 1687 68 22 Town
2110 1688 54 21 Hall
2174 1689 22 20 in
2207 1688 38 21 the
2256 1688 126 27 Exchange,
2391 1689 33 20 for
2434 1688 38 22 the

1889 1721 94 20 purpose
2000 1715 25 21 of
2042 1715 140 26 considering
2198 1715 45 21 and
2253 1715 103 28 adopting
2371 1715 37 22 the
2425 1715 49 21 best

1889 1748 75 14 means
1974 1741 26 21 of
2011 1741 108 28 relieving
2129 1741 37 22 the
2181 1742 127 21 immediate
2321 1743 42 20 and
2374 1743 100 27 pressing

1887 1771 70 18 wants
1968 1768 26 21 of
2005 1767 62 22 those
2077 1775 90 20 persons
2181 1768 50 22 who
2248 1776 50 20 may
2307 1769 55 21 have
2379 1769 95 21 suffered

1887 1795 30 26 by
1929 1795 36 21 the
1975 1795 130 21 calamitous
2115 1792 39 25 ifire
2163 1795 27 22 of
2201 1795 36 22 the
2247 1795 121 28 preceding
2378 1795 71 27 night.

1917 1821 42 22 His
1976 1821 103 28 Worship
2101 1822 36 21 the
2156 1823 81 26 Mayor
2253 1829 42 15 was
2311 1822 72 22 called
2399 1825 23 18 to
2437 1821 37 22 the

1889 1847 70 23 chair.

1917 1877 38 19 Ist.
1973 1875 22 21 It
2009 1882 44 14 was
2068 1875 81 22 moved
2164 1876 31 27 by
2211 1875 44 22 Mr.
2273 1875 149 27 Molesworth,
2440 1882 34 14 se-

1890 1901 87 22 conded
1985 1902 31 27 by
2028 1902 43 21 Mr.
2082 1902 72 21 Smith
2164 1903 38 20 the
2213 1903 89 26 banker,
2314 1902 43 21 and

1917 1928 207 22 Resolved—That
2142 1930 18 20 it
2179 1930 18 21 is
2216 1929 37 22 the
2277 1929 87 27 opinion
2387 1929 24 21 of
2432 1929 43 21 this

1890 1956 103 26 meeting,
2005 1956 48 21 that
2063 1963 13 14 a
2085 1956 147 26 subscription
2250 1956 28 21 be
2292 1955 86 28 opened
2394 1955 34 21 for
2437 1955 37 22 the

1889 1989 94 20 purpose
1999 1982 26 21 of
2041 1982 108 25 affording
2167 1983 127 19 immediate
2315 1982 65 20 relief
2397 1986 21 15 to
2437 1981 37 21 the

1888 2007 86 21 several
1982 2007 95 21 families
2089 2007 47 21 who
2153 2007 56 21 have
2227 2007 95 21 suffered
2337 2007 28 26 by
2382 2007 38 21 the
2428 2006 46 22 late

1890 2033 46 21 fire.

1916 2060 50 21 2nd.
1983 2059 83 22 Moved
2077 2061 30 25 by,
2122 2060 45 22 Mr.
2179 2060 25 21 E.
2216 2059 22 22 J.
2256 2059 129 27 Wakefield,
2397 2067 77 15 secon-

1890 2086 44 22 ded
1943 2087 30 26 by
1984 2087 43 21 Mr.
2039 2086 69 27 Watt,
2119 2087 46 21 and

1917 2113 208 23 Resolved—That
2139 2121 13 13 a
2169 2113 130 22 Committee
2314 2113 27 22 be
2357 2113 117 28 appointed

1890 2139 27 23 of
1927 2140 37 22 the
1974 2140 113 27 following
2097 2140 126 27 gentlemen
2235 2144 23 18 to
2272 2141 85 21 receive
2366 2141 109 26 subscrip-

1891 2166 66 27 tions,
1969 2167 43 21 and
2022 2170 22 18 to
2060 2168 66 27 apply
2136 2167 61 21 them
2214 2167 23 21 in
2253 2167 138 21 furtherance
2401 2167 26 21 of
2438 2167 36 22 the

1891 2193 116 28 foregoing
2017 2194 79 27 object,
2108 2193 43 22 and
2168 2194 48 21 that
2232 2193 53 27 tb-Jy
2294 2193 56 22 have
2365 2201 72 20 power
2452 2198 22 17 to

1891 2220 45 22 add
1947 2225 21 17 to
1980 2221 56 21 their
2046 2221 178 21 number—Rev.
2241 2221 88 21 Messrs.
2340 2221 60 26 Cole,
2413 2221 62 21 Mac-

1891 2247 92 27 farlane,
1996 2247 98 26 Aldred,.
2103 2248 87 21 Messrs.
2203 2247 94 26 Hunter,
2315 2248 69 26 Lyon,
2399 2247 73 27 Wade,

1892 2273 107 26 Johnson,
2012 2275 87 26 Dorset,
2110 2274 146 26 Fitzherbert,
2267 2274 42 22 and
2319 2275 40 21 Dr.
2371 2275 80 21 Evans.

1918 2301 48 21 3rd.
1983 2301 82 21 Moved
2082 2301 29 27 by
2121 2301 45 22 Mr.
2178 2301 78 27 Wade,
2267 2301 113 22 seoonded
2390 2301 30 27 by
2430 2301 43 22 Mr.

1893 2328 31 22 St.
1937 2327 54 26 Hill,
2004 2327 46 23 and

1920 2354 209 23 Resolved—That
2144 2355 45 22 Mr.
2211 2354 70 23 Smith
2300 2355 26 21 of
2346 2355 37 22 the
2402 2355 72 21 Union

1893 2381 72 27 Bank,
1981 2381 28 23 be
2027 2382 117 27 appointed
2160 2386 23 18 to
2198 2386 36 18 act
2251 2389 23 14 as
2289 2382 126 26 Treasurer,
2433 2381 43 21 and

1892 2407 49 23 that
1959 2408 37 22 the
2013 2409 55 21 Rev.
2086 2409 88 22 Messrs.
2190 2409 61 26 Cole,
2268 2409 145 26 Maefarlane,
2434 2408 42 22 and

1893 2435 92 26 Aldred,
1997 2435 27 22 be
2034 2436 118 27 requested
2161 2439 22 18 to
2194 2435 86 22 receive
2290 2435 170 27 subscriptions..

1919 2462 71 22 These
2000 2462 132 22 resolutions
2143 2470 56 14 were
2214 2462 86 22 carried
2314 2462 161 27 unanimously,

1892 2496 24 14 as
1927 2488 49 22 well
1986 2496 25 14 as
2021 2496 13 14 a
2044 2494 51 17 vote
2105 2490 25 21 of
2138 2489 81 22 thanks
2228 2492 23 18 to
2263 2489 36 22 the
2310 2489 80 27 Mayor
2398 2489 36 21 for
2443 2489 33 21 his

1891 2516 149 27 promptitude
2051 2517 23 21 in
2082 2516 82 27 calling
2176 2516 35 22 the
2221 2516 101 27 meeting,
2332 2516 43 21 and
2385 2515 33 22 his
2426 2523 51 14 con-

1893 2542 54 22 duct
1963 2543 24 21 in
2004 2543 36 22 the
2057 2543 74 22 Chair.
2160 2543 160 32 Subscriptions
2335 2546 22 18 to
2373 2550 14 14 a
2401 2543 76 21 liberal

1893 2572 94 19 amount
1995 2577 58 15 were
2060 2569 151 28 immediately
2221 2569 51 28 paid
2282 2577 29 20 up
2317 2569 42 22 and
2366 2569 112 28 deposited

1892 2596 22 21 in
1927 2596 37 22 the
1974 2596 72 27 Bank,
2058 2597 45 21 and
2113 2604 13 14 a
2135 2596 154 22 considerable
2299 2596 98 22 addition
2408 2600 22 18 to
2440 2596 36 21 the

1891 2629 50 15 sum
1950 2630 51 19 may
2012 2623 27 21 be
2049 2623 64 26 daily-
2119 2623 109 27 expected
2238 2623 56 22 from
2305 2630 67 21 many
2382 2623 95 21 influen-

1893 2649 38 21 tial
1940 2656 92 20 persons
2040 2649 24 22 in
2073 2649 37 22 the
2120 2649 133 27 settlement,
2266 2649 48 21 who
2321 2650 54 21 have
2385 2649 95 28 escaped

1893 2675 43 21 this
1955 2676 66 21 awful
2042 2676 107 22 infliction
2164 2675 45 23 'and
2225 2676 134 27 sympathise
2373 2676 54 22 with
2441 2676 37 22 the

1892 2701 103 23 destitute
2013 2702 108 22 sufferers.
2150 2703 77 21 About
2241 2703 48 23 £40
2305 2703 120 21 additional
2440 2703 40 21 has

1892 2729 57 21 been
1965 2729 137 27 subscribed,
2119 2729 45 22 and
2180 2729 37 22 the
2232 2737 77 15 names
2321 2729 43 22 will
2378 2730 28 22 be
2423 2729 56 28 pub-

1891 2755 73 23 lished
1974 2763 23 15 as
2007 2756 53 27 paid
2069 2763 36 20 up.

1920 2783 48 21 The
1978 2783 145 28 subscription
2140 2783 38 21 list
2192 2783 42 21 lies
2244 2786 23 18 at
2281 2783 36 21 the
2334 2783 63 22 Bank
2407 2783 73 22 where

1893 2809 38 21 the
1950 2809 120 23 Treasurer
2087 2809 44 23 will
2149 2809 128 28 thankfully
2293 2810 84 22 receive
2395 2810 85 22 further

1894 2835 124 28 donations,
2031 2844 25 14 or
2067 2837 52 26 they
2129 2844 52 19 may
2190 2837 28 21 be
2228 2835 90 24 handed
2328 2840 21 18 to
2359 2844 45 21 any
2409 2837 27 22 of
2442 2836 37 23 the

1895 2863 115 22 Members
2021 2864 25 21 of
2054 2864 37 21 the
2102 2862 142 24 Committee.

1922 2891 45 21 Mr.
1980 2891 92 27 Guyton
2082 2890 78 28 placed
2167 2894 36 18 ten
2212 2890 87 27 pounds
2305 2891 22 21 in
2338 2891 36 21 the
2381 2890 99 27 Mayor's

1894 2917 71 22 bands
1974 2920 22 18 to
2006 2917 71 22 afford
2087 2924 60 15 some
2156 2917 72 27 relief,
2239 2918 24 21 in
2272 2917 82 28 special
2364 2925 68 14 cases.

1922 2950 163 28 Subscriptions
2098 2951 52 27 paid
2160 2951 34 21 for
2201 2950 38 22 the
2249 2951 66 22 relief
2322 2951 25 22 of
2358 2952 37 21 the
2406 2951 73 22 suffer-

1894 2985 34 14 ers
1940 2978 32 27 by'
1980 2978 37 21 the
2027 2978 39 21 fire
2077 2985 29 14 on
2117 2978 37 21 the
2164 2978 39 21 9th
2214 2978 136 27 November,
2366 2979 60 21 1842.

448 2723 35 19 £.C
494 2727 11 8 I*

450 2760 55 28 s-gjs

447 2789 36 25 5*5
489 2793 16 21 2;

522 2718 3 19 I

58 2759 46 16 1542.

129 2746 3 2 ■
140 2737 55 17 Time
202 2734 24 19 of'

139 2758 86 16 Observa-

160 2779 43 17 tion.

256 2746 56 16 Baro-

252 2768 65 15 meter.

333 2746 86 16 Thermo-

344 2769 65 14 meter.

548 2756 61 16 Wad.

39 2838 83 20 Friday...

37 2901 31 17 Sat

162 2838 10 16 9

161 2860 54 19 lp.m.

161 2881 11 15 4

162 2902 22 21 9.

161 2923 48 19 lp.m

161 2944 11 15 4

162 2965 9 15 9

161 2986 55 19 lp.m.

162 3007 11 15 4

162 3028 10 15 9

163 3049 54 19 lp.m.

162 3069 11 16 4

163 3090 9 16 9

142 3122 3 7 ,
162 3112 55 19 lp.m.

163 3132 11 16 4

163 3153 10 15 9

163 3174 21 20 lp
191 3178 26 12 m.

164 3216 10 15 9

164 3236 53 20 lp.m.

164 3257 11 16 4

256 2838 59 16 29.925

256 2859 60 16 29.910

256 2880 59 16 29.800

256 2901 60 16 29.020

256 2922 59 15 29.525

257 2944 59 15 29.520

360 2838 27 16 55.

360 2858 37 16 57.8

360 2879 38 16 57.8

361 2901 27 15 56.

360 2922 38 15 57.5

360 2942 27 16 57.

457 2861 38 15 0.04

457 2923 39 16 0.53

525 2838 45 17 N.E.

526 2861 15 14 N
550 2861 45 16 N.E.

526 2881 64 16 North.

526 2902 65 17 N.N.E

527 2923 16 16 N
557 2924 22 19 by
587 2924 29 17 W.

527 2944 64 17 North.

527 2966 41 16 S.E.

528 2987 39 16 S.E.

523 3008 46 19 iS.E.

523 3028 65 17 iS.S.E.

528 3050 62 17 S.S.E.

529 3071 39 16 S.E.

528 3092 40 16 S.E.

528 3113 58 17 S.S.E.
592 3119 5 6 '

528 3134 63 16 South.

529 3155 62 16 North.

522 3175 69 18 Worth.

528 3196 63 18 North.

527 3217 57 18 North

526 3238 76 18 N.N.W.

521 3256 58 24 |N.W.

38 2964 84 20 Sunday..

448 2986 57 16 None.

38 3026 84 21 Monday.

125 3063 2 13 I

40 3083 87 26 Tuesday]

40 3151 45 17 \Ted

256 3028 21 16 29
285 3028 32 16 980

257 3049 60 16 29.990

257 3070 60 17 29.975

258 3092 59 16 30.105

257 3113 61 16 30.127

258 3134 58 15 30.100

258 3155 20 15 30
287 3155 30 15 130

258 3176 58 15 30.130

258 3196 59 16 30.128

258 3217 20 16 30
286 3217 31 16 080

259 3237 57 17 30.070

257 3259 59 16 30.025

362 3028 26 16 52.

361 3049 27 17 56.
403 3050 4 3 ■

362 3071 26 15 55.

361 3092 28 16 57.

361 3113 27 16 64.

361 3134 27 16 58.

360 3155 28 16 60.

360 3197 28 16 63.

360 3218 27 16 61.

360 3239 38 16 68.5

360 3260 21 16 67
388 3260 10 15 5

449 3049 57 17 None.

449 3113 57 16 None.

447 3175 58 18 None.

40 3214 82 16 Thuri...

447 3238 57 18 None.

42 3313 83 21 Friday...

42 3377 32 16 Sat

40 3440 85 20 Sunday..

41 3502 84 21 Monday.

167 3315 9 15 9

165 3336 54 19 Ip.m.

166 3357 11 16 4

167 3379 10 16 9

166 3400 54 19 Ip.m.

165 3421 11 16 4

167 3442 9 16 2

167 3464 64 19 Ip.m.-

165 3484 12 16 4

167 3506 10 15 9

167 3527 55 19 lp.ro.

166 3548 12 16 4

167 3569 10 15 9

167 3590 55 19 Ip.m.

167 3631 10 16 9

167 3652 55 20 Ip.m.

167 3673 12 16 4

167 3695 10 15 9

377 3296 125 17 REMARKS.
536 3304 4 6 >

249 3315 91 17 Moderate
348 3317 62 17 breeze
418 3318 36 16 and
463 3322 42 16 very
511 3318 43 16 fin».

249 3337 64 20 Strong
322 3338 61 16 breeze
391 3339 35 16 and
434 3340 87 15 overcast.

249 3357 92 17 Moderate
365 3359 33 16 Do.
442 3359 33 17 Do.
488 3365 5 2 -

249 3378 91 17 Moderate
347 3379 62 17 breeze
416 3380 36 17 and
462 3381 57 21 heavy
525 3381 46 17 rain.

249 3399 55 17 Fresh
320 3401 63 15 breeze
389 3402 36 15 and
433 3404 85 15 overcast.

249 3421 65 20 Strong
320 3421 63 16 breeze
390 3422 86 17 and'fine.
483 3419 4 8 '

291 3441 34 17 Do.
369 3442 33 15 Do.
443 3443 35 16 Do.

292 3462 34 17 Do.
370 3463 34 16 Do,
447 3463 33 17 Do.

292 3483 35 16 Do.
369 3483 34 16 Do.
445 3484 35 17 Do.

250 3504 92 18 Moderate
349 3504 62 16 breeze
419 3504 36 17 and
462 3505 42 17 fine.

249 3525 55 17 Fresh
367 3525 34 16 So.
444 3525 34 18 Do.

292 3546 34 16 Do.
369 3546 37 16 Do.
447 3546 34 17 Do.

249 3567 54 21 Light
311 3567 63 16 breeze
381 3567 35 19 and
425 3571 42 16 very
474 3568 42 16 fine.

250 3588 55 17 Fresh
313 3588 63 17 breeze
383 3588 35 16 and
427 3591 42 17 very
476 3588 42 17 tint.

250 3609 93 17 Moderate
372 3609 33 16 Do.
449 3608 33 18 Do.

292 3630 34 17 Do.
370 3630 33 17 Do.
447 3629 33 17 Do.

275 3661 3 3 •
288 3651 37 17 -Do.
369 3651 34 16 Do.
447 3650 34 16 Do.

255 3677 6 4 -
291 3671 34 18 Do.
336 3687 3 3 .
369 3672 34 17 Do.
446 3671 43 17 Do..
516 3684 3 3 .
539 3673 4 4 '

249 3692 54 21 Light
311 3694 63 16 breeze
382 3692 35 18 and
424 3692 42 19 fine,
476 3692 33 17 but
515 3694 88 15 ovtrcatt.
615 3708 3 3 .

249 3713 92 18 Moderate
348 3714 63 17 breeze
419 3713 37 16 and
462 3717 44 16 very
512 3713 43 17 fine.

245 3737 4 16 1
292 3734 36 18 Do.
370 3735 36 16 Do.
449 3732 33 18 Do!
570 3739 5 7 '

42 3565 83 20 Ttttsday

43 3628 77 17 Wed:....

43 3691 51 17 ThKT
108 3702 17 6 ...

1895 3032 45 22 Mr.
1952 3031 91 23 Hunter
2054 3032 100 27 (Mayor)
2388 3034 13 20 5
2429 3035 13 19 0
2467 3035 13 19 0

1895 3059 121 21 Reverend
2027 3059 47 22 Mr.-
2084 3059 55 23 Cole
2245 3075 5 5 .
2376 3061 27 20 10
2417 3061 25 20 10
2467 3061 13 19 0

1895 3086 91 22 Messrs.
1997 3085 100 23 Johnson
2108 3086 46 22 and
2165 3086 80 22 Moore
2374 3087 28 21 10
2417 3088 25 20 10
2467 3088 13 19 0

1895 3113 96 26 Messrs.,
1999 3113 67 26 Hort,
2081 3113 118 26 Moccatta,
2212 3113 45 21 and
2267 3113 47 27 Co.,
2339 3120 5 14 :
2352 3128 5 6 .
2375 3115 28 20 10
2429 3115 14 19 0
2467 3115 14 19 0

1895 3139 48 22 Mr.
1953 3139 99 23 Richard
2064 3141 87 24 Brown,
2163 3139 110 23 Publican
2391 3140 11 22 I
2430 3142 13 20 0
2468 3141 13 20 0

1896 3166 46 22 Mr.
1952 3167 27 21 E.
1996 3167 23 21 J.
2036 3166 126 23 Wakefield
2174 3181 6 6 .
2187 3181 6 6 .
2389 3167 13 21 5
2430 3169 13 19 0
2468 3168 13 20 0

1897 3193 44 22 Mr.
1953 3193 82 23 Dorset
2045 3193 120 28 (Surgeon)
2389 3194 14 20 5
2431 3195 13 21 0
2469 3196 13 20 0

1896 3220 44 22 Mr.
1952 3221 109 21 Rowland
2074 3221 80 22 Davis.
2389 3221 92 22 110

1897 3247 94 28 Captain
2000 3247 73 23 Hesse
2084 3247 25 23 of
2126 3248 37 22 the
2178 3249 91 19 Amwell
2285 3262 71 6 ......
2388 3247 13 22 I
2429 3249 13 19 0
2469 3250 13 20 0

1897 3274 55 22 Mrs.
1963 3273 72 23 Hesse
2108 3271 59 24 .'...'.
2259 3277 19 17 '.'.
2286 3270 17 24 .1
2389 3275 54 21 10
2469 3277 13 19 0

1895 3301 50 22 The
1956 3308 56 15 crew
2022 3301 25 22 of
2059 3301 37 23 the
2103 3303 93 21 Amwell
2388 3302 13 20 1
2430 3303 13 19 0
2469 3303 13 20 0

1897 3327 93 28 Captain
1997 3328 35 22 W.
2044 3329 27 21 B.
2083 3329 90 22 Rhodes
2179 3344 5 6 .
2193 3344 4 5 .
2206 3327 32 22 .'.-'.
2246 3324 46 24 ••/.-.
2389 3329 14 20 2
2430 3329 14 20 2
2469 3330 12 20 0

1897 3355 45 22 Mr.
1956 3355 96 22 William
2064 3356 64 27 Lyon
2203 3357 9 19 ':
2389 3355 15 21 2
2431 3356 14 20 2
2469 3356 13 20 0

1897 3382 75 27 Major
1982 3382 73 22 Baker
2178 3388 59 15 ..;..
2391 3382 53 20 10
2469 3383 12 20 0

1898 3409 169 22 Mr.Kelham'
2389 3409 13 19 5
2430 3410 13 19 0
2469 3410 12 20 0

1897 3436 46 22 Mr.
1956 3436 134 27 Macgregor
2391 3436 11 20 1
2430 3437 13 19 0
2468 3436 13 20 0

1897 3459 238 32 Mr.'H.S^Knowles
2388 3462 14 20 3
2430 3463 13 19 0
2467 3463 13 20 0

1898 3490 38 21 Mr
1957 3489 100 22 Alzdorff
2069 3504 5 6 .
2081 3504 6 6 .
2096 3504 4 5 .
2108 3492 6 17 :
2189 3494 5 14 :
2387 3489 56 21 50
2467 3490 14 19 0

1898 3517 44 21 Mr.
1954 3516 61 22 John
2025 3517 86 21 Sutton-
2115 3518 5 6 1
2389 3517 14 19 3
2429 3517 12 19 3
2467 3517 13 19 0

1898 3543 46 22 Mr.
1958 3543 83 26 Harris,
2054 3542 143 27 (bricklayer)
2203 3546 48 16 ...;
2389 3543 12 21 1
2429 3543 14 20 0
2467 3543 13 19 0

1898 3570 45 21 Mr.
1955 3569 22 22 J.
1987 3568 138 27 Woodward,
2137 3569 23 26 (a
2169 3567 70 23 thank
2251 3568 110 29 offering,)
2390 3570 52 21 10
2467 3570 13 20 0

1898 3597 44 21 Mr.
1954 3597 68 21 Brees
2039 3593 53 23 .'.'.."
2389 3596 12 21 5
2429 3597 13 19 0
2466 3597 14 19 0

1899 3623 90 22 Messrs.
2000 3622 71 22 Levin
2081 3621 47 23 and
2137 3623 38 21 Co.
2204 3628 5 14 :
2389 3623 13 21 5
2429 3623 14 21 0
2467 3623 13 20 0

1898 3649 92 28 Captain
2001 3649 68 29 Grey,
2080 3649 26 21 of
2112 3649 37 21 the
2157 3650 111 20 Blenheim
2387 3651 14 20 3
2428 3651 13 19 0
2466 3649 13 20 0

1898 3677 45 22 Mr.
1955 3671 140 31 O'Loughlin
2387 3677 18 21 2-
2428 3676 14 20 2
2466 3676 14 20 0

1898 3703 44 22 Mr.
1954 3703 78 26 Penny
2190 3704 6 20 ;
2391 3703 10 21 1
2429 3704 14 20 0
2467 3703 13 19 0

1898 3730 41 22 Dr.
1950 3729 77 23 Stokes
2391 3731 52 20 10
2467 3729 13 19 0

1899 3757 38 21 Mr
1954 3755 104 23 Boulcott
2388 3757 14 21 2
2429 3758 14 19 0
2466 3755 13 20 0

1900 3783 117 22 Reverend
2027 3783 45 22 Mr.
2083 3783 88 22 Aldied
2387 3784 15 20 2
2427 3784 14 20 0
2466 3782 12 19 0

1898 3809 119 23 Reverend
2027 3809 44 23 Mr.
2083 3811 75 22 Buttle
2387 3811 15 21 2
2427 3811 15 19 0
2465 3808 13 20 0

1900 3837 42 21 Mr.
1954 3836 59 22 John
2025 3835 58 23 Yule
2390 3837 14 21 1'
2427 3837 14 20 0
2465 3835 14 19 0

1898 3863 91 24 Measrs.
2000 3863 101 24 Wallace
2111 3865 46 22 and
2166 3865 33 22 Co
2389 3865 16 20 2
2428 3863 14 20 2
2466 3861 13 20 0

1898 3890 56 23 Mrs.
1966 3889 100 24 Wallace
2390 3891 11 20 \
2430 3889 10 21 1
2465 3887 14 20 0

1899 3917 56 22 Mrs.
1966 3916 75 23 White
2391 3917 10 21 1
2431 3915 9 21 1
2466 3913 14 21 0

1899 3944 45 23 Mr.
1954 3944 77 23 James
2041 3944 112 25 Johnston
2179 3960 45 8 ....
2234 3957 44 12 t...
2391 3944 9 22 1
2427 3943 16 19 0
2465 3939 14 21 °

47 132 66 47 TO
134 130 38 22 BE
188 130 86 26 SOLD,
296 130 36 21 ihe
351 128 101 23 valuable
476 130 70 21 Lease
571 128 27 22 of
617 136 14 14 a

120 157 65 21 Brick
196 158 63 20 Store
271 156 42 22 and
326 155 111 27 Dwelling
452 155 85 27 House,
549 156 81 21 situate

44 184 23 22 in
78 184 155 26 Willis-street,
247 183 48 21 well
315 182 94 27 adapted
419 181 35 22 for
468 189 44 19 any
523 182 105 21 business.

45 211 66 21 Term
122 211 26 20 14
162 217 70 20 years,
243 209 53 22 held
306 212 23 17 at
339 215 12 14 a
360 208 86 27 ground
454 212 51 18 rent
515 208 24 21 of
546 208 55 22 £14.
635 216 2 13 i

73 236 74 29 Apply
154 241 23 16 to
185 236 35 21 W.
231 235 92 27 Waring
332 234 89 28 Taylor,
429 241 28 14 on
468 234 37 22 the
516 235 112 27 premises.

46 257 143 33 Wellington,
201 262 58 22 Nov.
271 263 32 25 10,
316 262 59 21 1842.

99 306 123 27 Elegible
232 306 171 20 Investment
414 304 31 22 of
453 304 117 26 Capital.

46 339 90 48 MR.
148 337 219 22 FITZHERBERT
381 337 44 21 will
436 336 54 22 offer
503 336 36 23 for
553 335 77 28 public

141 364 150 26 competition,
307 363 81 26 during
398 363 37 22 the
450 363 93 25 ensuing
558 363 70 26 week,

44 392 37 21 the
91 391 70 22 whole
172 391 25 21 of
208 388 67 24 those'
280 397 48 14 new
339 390 42 21 and
397 389 107 26 complete
516 390 112 25 pramises,

44 418 99 27 together
162 417 52 22 with
234 417 37 21 the
289 417 57 21 lease
363 416 89 22 thereof
463 416 34 22 for
513 417 25 20 14
550 415 79 32 'years,

43 446 79 21 situate
133 450 28 14 on
176 443 187 28 Lambton-quay,
377 443 46 21 and
431 450 49 14 now
489 442 106 27 occupied
605 449 25 14 as

44 479 13 13 a
68 470 142 27 Cegar-shop.

70 497 47 21 The
127 497 91 21 fixtures
228 496 46 22 and
284 496 62 22 stock
355 496 22 21 in
389 495 61 23 trade
459 503 52 20 may
520 495 28 22 be
558 495 45 22 had
612 495 21 21 if

43 523 108 28 required,
163 523 44 21 and
216 523 123 27 possession
349 523 65 26 given
426 523 21 21 in
457 530 14 14 a
480 523 84 21 month.

80 551 86 20 Ground
175 553 46 17 rent
230 551 111 24 moderate,
354 550 41 20 and
404 552 64 18 terms
476 550 124 20 reasonable.

69 577 48 22 The
137 578 44 20 sale
200 577 41 21 will
261 577 50 21 take
330 577 62 26 place
412 584 27 14 on
459 577 37 21 the
513 577 114 26 premises,

43 604 73 22 unless
130 603 125 28 previously
273 603 100 26 disposed
390 603 26 21 of
432 604 27 26 by
475 603 84 28 private
576 610 53 14 con-

43 634 61 18 tract.
115 631 7 10 '
134 632 47 19 Due
190 632 67 19 notice
266 631 45 19 will
320 631 23 19 be
351 631 66 25 given.

70 664 127 22 November
207 666 19 24 8,
238 666 61 20 1842.
591 657 3 3 '

43 708 134 49 DAVID
193 708 191 26 WILKINSON,
401 709 53 25 begs
465 711 22 17 to
497 707 82 21 inform
591 707 37 21 the

125 735 82 27 public,
229 735 47 22 that
295 736 27 21 he
339 735 39 21 has
395 742 48 14 now
460 734 68 27 ready
537 734 36 21 for
583 734 45 21 sale

43 762 70 25 plants
130 762 26 20 of
165 762 50 21 that
230 762 105 22 beautiful
353 768 49 14 new
417 761 99 26 seedling
532 761 98 20 mimulus

45 789 137 24 Wilkinsonii,
195 789 36 21 the
242 789 102 21 varieties
353 789 84 25 youngii
445 788 44 21 and
498 789 83 19 smithis
591 795 37 14 are

43 820 39 16 not
97 820 23 17 to
139 817 25 20 be
181 815 118 28 compared
315 819 21 17 to
356 815 28 26 it;
409 815 38 21 the
468 815 106 21 blossoms
591 822 37 14 are

43 845 51 18 neat
104 842 43 21 and
157 842 88 26 regular
260 841 23 21 in
300 841 62 27 form,
380 841 44 21 and
442 846 57 17 most
515 841 113 27 distinctly

43 868 89 22 marked
150 869 54 21 wi:h
221 869 95 21 crimson
336 876 29 14 on
384 868 77 27 yellow
479 867 94 28 ground,
592 868 36 21 the

43 894 83 22 flowers
137 902 37 14 are
185 894 142 28 producedin
339 895 132 21 abundance
482 895 45 21 and
535 895 93 21 renders

43 921 35 22 the
86 921 63 28 plant
159 928 53 20 very
222 921 81 27 showy,
316 921 43 21 and
376 921 107 28 produces
499 930 14 13 a
528 921 101 23 brilliant

43 954 144 22 appearance;
200 947 36 22 the
247 947 64 28 plant
321 949 17 20 is
349 956 51 19 easy
409 952 23 18 to
442 948 106 22 increase.

68 975 48 21 P.S.
135 975 123 27 Flowering
268 975 73 27 plants
350 981 41 16 two
401 975 100 28 shillings
511 975 61 22 each.

69 1001 50 21 Oct.
131 1003 34 24 21,
177 1003 59 20 1842.
