2550 4069
1924 3137 37 24 As
1983 3142 37 26 yet
2041 3146 33 17 we
2094 3138 57 25 have
2169 3144 40 19 not
2229 3149 57 15 even
2303 3140 69 25 heard
2390 3143 26 21 of
2433 3142 38 24 the

1891 3170 83 24 arrival
1985 3171 26 23 of
2020 3171 102 26 H.M.S.
2135 3171 77 25 North
2222 3173 65 29 Star,
2300 3174 44 24 and
2357 3174 38 24 the
2406 3174 64 24 Ban-

1889 3203 91 30 galore.
2015 3204 43 25 We
2068 3205 59 30 fully
2138 3206 106 31 expected
2256 3207 49 23 that
2315 3207 39 23 the
2366 3206 104 25 Govern-

1890 3241 62 19 ment
1962 3236 52 32 brig
2028 3237 103 25 Victoria
2142 3238 72 24 would
2225 3239 57 23 have
2294 3239 105 24 returned
2411 3240 57 25 from

1889 3267 124 26 Auckland
2023 3271 44 22 last
2079 3271 71 22 week.

1922 3319 44 25 We
1983 3328 38 16 are
2033 3320 122 32 compelled
2174 3325 23 19 to
2208 3321 63 24 defer
2288 3321 133 34 publishing
2437 3332 29 16 an

1888 3358 95 19 account
1995 3353 26 23 of
2028 3354 37 23 the
2076 3354 145 31 anniversary
2234 3359 76 27 sports
2329 3356 23 24 in
2368 3364 97 18 comme-

1887 3385 110 24 moration
2015 3387 26 23 of
2055 3387 38 23 the
2113 3387 82 23 arrival
2205 3388 27 23 of
2241 3388 38 24 the
2291 3388 63 25 First
2370 3390 96 25 Settlers

1886 3418 57 23 until
1955 3418 121 31 Saturday.

1919 3468 134 27 Baptized
2053 3483 34 6 —
2087 3471 40 24 On
2139 3472 101 32 Sunday,
2255 3475 54 23 21st
2320 3474 109 33 January,
2441 3476 22 24 in

1884 3500 36 25 St.
1934 3502 91 31 Mary's
2037 3504 104 24 Catholic
2152 3505 93 33 Chapel,
2256 3506 166 32 Willis-street,
2434 3509 29 31 by

1884 3533 38 25 the
1944 3535 103 26 Catholic
2067 3539 90 28 Pastor,
2171 3539 67 24 Eliza
2259 3540 77 32 Mary,
2355 3542 108 31 daughter

1883 3568 25 23 of
1917 3568 63 24 John
1990 3570 44 24 and
2046 3572 118 29 Margaret
2176 3573 85 24 Smith.

2068 3632 202 26 WANGANUI.

103 3222 28 25 In
141 3232 41 16 our
194 3224 44 24 last
247 3225 94 23 number
351 3234 32 15 we
393 3227 154 24 endeavoured
557 3233 22 20 to
589 3229 59 24 shew

67 3255 50 25 how
139 3265 41 16 our
198 3257 74 24 fellow
292 3258 108 24 colonists
420 3260 72 31 might
511 3262 81 24 render
612 3263 36 24 the

68 3290 144 30 agricultural
233 3291 133 24 association
379 3293 73 24 useful
473 3298 24 20 to
509 3294 60 25 them
581 3304 26 15 as
618 3305 29 16 an

68 3322 125 25 accredited
209 3331 69 23 organ
296 3325 99 32 through
414 3326 71 25 which
504 3328 143 26 information

68 3363 51 24 may
130 3356 28 23 be
170 3357 102 30 supplied
287 3365 28 16 on
336 3359 99 32 subjects
452 3363 122 22 connected
594 3363 53 24 with

67 3388 38 25 the
116 3388 169 32 developement
299 3391 25 23 of
342 3392 37 23 the
398 3394 87 24 natural
507 3396 140 30 capabilities

67 3422 25 23 of
101 3422 45 24 this
158 3427 104 26 country.
297 3423 43 23 We
360 3425 45 24 will
423 3434 48 16 now
490 3427 81 33 briefly
587 3430 59 23 refer

67 3460 22 18 to
108 3463 13 16 a
141 3455 44 24 few
204 3457 113 22 instances
337 3458 23 22 in
384 3458 71 25 which
478 3460 39 25 the
539 3462 106 25 absentee

64 3488 127 32 proprietor
201 3496 52 24 may
264 3489 63 24 unite
337 3490 54 24 with
402 3492 37 24 the
450 3493 96 26 colonist
563 3496 23 23 in
599 3497 45 23 this

66 3521 111 24 desirable
188 3521 82 32 object,
282 3522 45 23 and
339 3530 31 17 we
381 3525 65 25 mark
463 3526 38 25 the
512 3527 130 26 distinction

66 3555 24 23 in
110 3563 29 16 no
158 3554 112 32 unkiudly
287 3555 91 32 feeling,
399 3558 33 24 for
449 3560 22 23 if
487 3560 56 25 both
560 3563 83 30 parties

62 3588 97 32 heartily
168 3592 130 28 co-operate
304 3589 26 23 in
339 3591 127 32 promoting
473 3593 58 24 their
540 3602 102 19 common

63 3622 121 29 interests,.
188 3622 40 24 the
247 3621 130 25 distinction
388 3623 45 23 will
443 3630 40 18 not
494 3626 28 24 be
532 3627 49 30 felt,
591 3630 19 23 it
621 3631 20 22 is

62 3654 53 32 only
126 3655 31 31 by
167 3655 146 24 indifference
323 3655 46 24 and
379 3656 82 32 apathy
470 3666 29 15 on
511 3660 39 23 the
560 3667 49 25 part
618 3664 26 23 of

62 3687 39 25 the
109 3688 142 26 absentee—
252 3697 14 15 a
284 3688 74 24 desire
368 3693 24 19 to
411 3697 53 24 reap
476 3691 74 25 where
560 3694 28 24 he

61 3725 40 19 not
122 3721 76 25 sowed
198 3735 33 4 —
231 3722 49 24 that
302 3721 37 25 the
361 3722 96 25 colonist
476 3725 46 23 will
539 3725 28 24 be
584 3735 54 16 con-

60 3754 100 25 strained
172 3759 23 20 to
206 3755 125 25 remember
343 3754 63 26 there
416 3763 39 17 are
464 3758 46 22 two
520 3757 84 26 classes
616 3763 25 22 of

58 3788 146 31 proprietors,
223 3789 44 24 and
284 3789 30 23 be
330 3789 37 25 led
386 3794 21 19 to
425 3794 93 26 suspect
536 3790 57 27 that,
602 3793 36 24 his

58 3820 71 25 house
148 3822 21 23 is
185 3821 89 25 divided
290 3824 91 29 against
397 3822 69 24 itself.
501 3824 26 23 A
537 3827 100 23 material

57 3859 96 26 support
163 3862 53 23 may
233 3855 29 24 be
278 3857 68 29 given
363 3857 24 23 in
406 3856 37 24 the
456 3856 72 32 shape
539 3858 25 23 of
581 3859 55 24 sub-

57 3888 128 30 scriptions,
198 3889 129 31 increasing
343 3889 95 31 thereby
449 3888 39 25 the
498 3890 137 26 usefulness

55 3920 28 24 of
89 3918 39 26 the
138 3921 144 30 association,
292 3921 46 25 and
354 3922 93 32 placing
464 3923 19 24 it
493 3930 32 17 on
539 3931 14 16 a
563 3924 72 25 stable

55 3953 166 26 foundation—
221 3953 38 26 the
281 3961 63 19 same
365 3955 151 32 subscription
537 3956 39 24 the
594 3958 39 24 ab-

713 3227 50 24 The
774 3227 81 32 lugger
866 3226 98 34 Hydrus
975 3233 88 24 arrived
1070 3236 120 31 yesterday
1199 3238 57 25 from

679 3260 95 30 Nelson,
785 3260 85 33 having
878 3263 57 24 been
946 3264 133 33 dispatched
1092 3268 32 31 by
1135 3269 39 24 the
1186 3271 70 26 Com-

677 3293 80 32 pany's
776 3295 80 31 Agent
874 3296 70 30 there,
967 3300 55 23 with
1045 3300 38 25 the
1103 3302 55 26 mail
1178 3304 26 23 of
1218 3305 38 24 the

677 3325 130 33 Himalaya,
823 3328 72 24 which
907 3330 17 24 it
932 3331 20 23 is
964 3333 105 30 reported
1087 3334 44 25 will
1145 3335 64 25 leave
1221 3338 35 27 for

677 3359 45 23 this
739 3364 50 27 port
807 3361 24 23 in
851 3361 67 24 about
937 3363 105 26 fourteen
1062 3366 56 32 days
1140 3369 58 25 from
1210 3370 44 26 this

675 3390 86 32 period.

708 3431 36 31 By
750 3431 40 24 her
797 3438 33 17 we
835 3431 57 26 have
899 3435 101 23 received
1012 3435 88 27 Nelson
1107 3438 147 29 Examiner's

675 3469 22 19 to
709 3464 37 24 the
760 3464 56 24 13th
828 3464 107 33 January,
948 3469 52 28 and,
1013 3478 25 15 as
1050 3470 37 25 the
1098 3471 100 32 Hydrus
1215 3474 37 26 did

673 3503 40 19 not
723 3498 63 23 leave
797 3497 90 25 Nelson
896 3500 57 24 until
960 3500 39 25 the
1009 3503 65 29 20th,
1084 3512 34 16 we
1125 3505 46 25 had
1178 3506 73 33 hoped

673 3535 23 20 to
707 3532 56 23 have
776 3532 101 23 received
887 3540 82 24 papers
987 3535 26 23 of
1029 3535 49 25 that
1097 3538 61 24 date.
1200 3541 50 26 The

671 3563 126 25 Examiner
807 3564 28 24 of
849 3564 38 24 the
899 3566 40 23 6th
950 3566 101 33 January
1059 3570 21 23 is
1091 3560 159 43 accompanied

670 3598 31 31 by
711 3606 15 16 a
737 3597 157 32 Supplement,
909 3598 61 26 filled
983 3601 52 23 with
1054 3602 41 25 the.
1108 3610 62 19 most
1188 3601 66 31 com/

670 3632 59 30 plete
749 3636 96 19 account
864 3632 27 23 of
904 3631 37 24 the
962 3632 92 28 Wairau
1063 3636 129 27 .Massacre
1211 3646 37 25 ye,t

668 3664 125 29 furnished,
806 3664 103 32 together
918 3666 53 24 with
994 3674 14 16 a
1030 3668 106 25 coloured
1151 3671 54 33 plan
1226 3675 25 25 of

668 3697 39 24 the
715 3705 67 17 scene
793 3698 28 23 of
830 3698 38 24 the
880 3698 103 25 disaster.
1028 3700 84 33 Copies
1120 3703 61 25 have
1189 3706 56 25 been

668 3736 50 18 sent
728 3730 53 24 here
790 3731 37 23 for
842 3731 54 30 sale,
915 3732 44 24 and
976 3740 50 24 may
1051 3735 27 23 he
1088 3729 3 6 '
1098 3735 47 27 had
1167 3743 25 19 at
1207 3739 38 26 the

667 3763 97 24 Gazette
774 3764 74 24 office.

698 3801 44 25 We
753 3801 58 25 have
828 3802 87 24 neither
932 3804 56 23 time
1005 3812 42 17 nor
1062 3813 69 25 space
1147 3812 23 20 to
1192 3810 51 31 give

666 3833 98 33 English
776 3842 72 23 news,
860 3836 44 24 and
915 3836 111 26 therefore
1037 3845 62 18 must
1108 3839 66 34 delay
1185 3844 62 24 until

664 3874 42 16 our
722 3873 54 19 next
795 3869 149 31 publication,
965 3870 53 24 with
1038 3871 38 26 the
1085 3876 123 30 exception
1219 3876 27 26 o£

663 3907 14 15 a
687 3900 42 23 few
740 3901 67 24 items
819 3909 33 16 we
863 3902 56 24 have
931 3903 115 26 collected.
1186 3920 4 4 -
1235 3925 11 10 4i

696 3930 50 27 The
769 3934 85 24 Scotch
884 3935 79 32 colony
987 3944 46 17 was
1061 3939 69 33 being
1152 3943 88 31 rapidly

661 3966 127 32 organized.
826 3967 47 26 Mr.
891 3967 90 28 Rennie
993 3977 45 19 was
1049 3973 63 24 to-be
1120 3973 38 26 the
1169 3976 76 25 Com-i

1338 1286 43 24 We
1393 1287 89 32 publish
1493 1289 24 23 in
1529 1292 23 19 to
1563 1288 62 31 day's
1642 1298 70 24 paper
1725 1291 46 25 Mr.
1786 1293 98 24 Tiffen's

1303 1324 85 26 report,
1399 1321 71 24 which
1481 1328 32 17 we
1525 1320 66 25 think
1603 1330 40 16 our
1654 1324 91 24 readers
1754 1325 46 24 will
1817 1334 67 23 agree

1305 1352 53 24 with
1369 1360 27 17 us
1414 1355 20 23 is
1451 1353 78 32 highly
1541 1355 148 31 satisfactory.
1726 1357 50 24 The
1794 1364 89 27 reports

1304 1386 64 23 made
1389 1387 30 31 by
1432 1386 95 25 Messrs.
1547 1388 92 28 Stokes,
1661 1389 87 31 Kettle,
1767 1391 59 30 Fox,
1839 1393 45 23 and

1305 1418 78 30 Brees,
1395 1420 43 24 had
1449 1420 30 24 all
1497 1420 38 24 led
1553 1425 23 19 to
1589 1421 36 24 the
1637 1423 125 24 conviction
1784 1425 49 24 that
1844 1426 38 24 the

1303 1451 132 34 Wairarapa
1446 1461 44 16 was
1507 1461 14 15 a
1532 1454 45 23 fine
1594 1454 88 25 district
1697 1457 45 23 and
1760 1457 37 24 the
1810 1459 72 23 outlet

1303 1485 24 23 of
1336 1493 30 16 an
1386 1487 108 23 immense
1506 1491 78 19 extent
1595 1487 25 24 of
1637 1494 104 26 country.
1776 1491 49 24 But
1842 1492 39 24 the

1302 1518 70 24 whole
1384 1519 65 24 value
1458 1520 25 23 of
1491 1519 38 25 the
1538 1520 132 33 Wairarapa
1682 1527 23 19 to
1717 1523 45 24 this
1773 1530 52 25 port
1836 1533 45 16 was

1301 1556 39 18 not
1348 1552 95 31 thereby
1454 1552 143 25 established.
1633 1555 47 24 Mr.
1694 1555 96 25 Tiffen's
1802 1564 78 25 report

1300 1584 45 23 fills
1364 1593 30 24 up
1412 1586 38 23 the
1468 1585 78 25 blank.
1583 1587 42 24 We
1642 1593 40 18 not
1693 1589 53 31 only
1758 1597 37 17 are
1815 1592 65 23 made

1301 1619 132 30 acquainted
1444 1620 52 22 with
1510 1618 36 24 the
1558 1620 89 30 portion
1658 1622 27 22 of
1699 1622 39 24 the
1757 1623 89 25 district
1858 1625 26 23 of

1300 1651 73 24 which
1391 1652 57 23 until
1459 1660 49 15 now
1520 1660 31 15 we
1563 1660 57 17 were
1640 1654 106 31 ignorant
1754 1665 6 20 ;
1780 1656 49 30 but,
1842 1658 38 23 the

1299 1689 77 26 report
1385 1685 132 25 establishes
1536 1685 37 23 the
1584 1686 46 24 fact
1649 1687 49 25 that
1709 1688 38 24 the
1759 1689 89 25 district
1860 1692 20 22 is

1299 1718 120 30 unusually
1428 1718 49 24 well
1486 1719 104 31 supplied
1600 1720 51 23 with
1661 1722 117 30 navigable
1788 1728 89 25 waters;

1298 1750 43 24 and
1355 1751 37 23 the
1400 1751 85 24 district
1495 1752 21 22 is
1526 1752 97 31 brought
1632 1754 77 24 within
1722 1760 82 27 twenty
1813 1757 66 24 miles

1298 1783 24 24 of
1331 1784 58 24 Port
1400 1783 131 30 Nicholson,
1542 1785 65 24 while
1620 1787 37 24 the
1674 1787 55 24 road
1740 1789 45 24 will
1798 1789 27 24 be
1837 1798 41 16 ex-

1297 1816 82 25 cellent
1390 1818 44 24 and
1452 1819 117 23 terminate
1586 1818 77 26 within
1675 1820 45 25 this
1731 1827 59 26 port.
1827 1823 50 25 The

1295 1854 77 27 report
1383 1851 50 24 also
1442 1858 91 17 assures
1541 1859 28 16 us
1579 1852 49 24 that
1635 1861 14 15 a
1657 1854 60 30 good
1729 1855 53 24 road
1793 1857 27 24 of
1825 1857 53 31 only

1297 1883 63 31 eight
1379 1884 65 23 miles
1463 1887 23 21 in
1503 1884 80 31 length
1595 1886 55 24 from
1672 1887 38 23 the
1731 1890 111 24 terminus
1854 1891 25 24 of

1296 1915 65 25 Lake
1372 1917 139 33 Wairarapa,
1521 1925 42 16 can
1574 1919 26 23 be
1613 1919 64 24 made
1688 1926 24 17 to
1724 1921 45 24 Mr.
1781 1922 95 26 Wade's

1295 1950 99 31 whaling
1404 1952 90 28 station,
1507 1951 72 23 where
1591 1952 97 30 produce
1700 1961 41 17 can
1753 1955 28 23 be
1792 1955 83 26 landed

1291 1983 48 23 •and
1350 1984 122 24 embarked
1484 1984 53 23 with
1547 1985 95 29 facility.
1883 1988 2 26 j

1328 2016 57 23 Had
1394 2018 26 29 jit
1430 2022 39 18 not
1486 2017 57 22 been
1560 2018 82 30 proved
1660 2019 50 23 that
1720 2027 13 15 a
1744 2021 58 29 good
1820 2023 55 23 road

1295 2047 67 24 could
1382 2048 28 24 be
1432 2049 64 24 made
1509 2050 24 22 of
1549 2049 51 31 only
1612 2055 82 27 twenty
1707 2053 64 23 miles
1787 2053 87 32 length,

1294 2082 92 30 coming
1402 2088 39 17 out
1452 2088 23 19 at
1493 2082 38 23 the
1550 2082 69 29 Hutt,
1633 2084 53 24 then
1706 2085 37 23 the
1755 2086 85 32 facility
1853 2089 22 23 of

1294 2115 90 30 getting
1394 2115 56 23 from
1468 2115 38 24 the
1518 2115 44 24 end
1574 2116 25 23 of
1615 2117 38 24 the
1670 2119 137 30 navigation,
1820 2121 31 30 by
1861 2130 14 15 a

1293 2147 64 23 short
1367 2148 56 23 road
1432 2152 22 19 to
1466 2147 85 25 Wades
1568 2150 84 23 station
1663 2151 24 24 in
1705 2152 99 24 Palliser
1815 2154 59 31 Bay,

1294 2180 71 24 would
1386 2181 56 23 have
1454 2182 55 23 been
1523 2182 25 23 of
1564 2183 69 23 much
1645 2184 146 31 importance.
1828 2187 46 24 For

1293 2212 58 25 from
1362 2214 49 24 that
1422 2221 50 25 spot
1479 2214 38 24 the
1524 2215 97 31 produce
1630 2217 26 23 of
1665 2218 38 23 the
1713 2218 89 24 district
1813 2226 61 18 must

1292 2246 58 24 have
1361 2247 57 24 been
1425 2248 102 32 shipped.
1559 2248 47 24 But
1613 2250 24 23 of
1646 2258 88 23 course,
1743 2251 38 24 the
1790 2253 84 25 farmer

1291 2280 47 23 will
1349 2281 74 28 prefer
1434 2282 88 30 carting
1538 2281 36 24 his
1585 2283 97 31 produce
1694 2284 29 31 by
1734 2285 37 24 the
1784 2286 55 24 road
1850 2292 23 19 to

1292 2312 39 24 the
1343 2313 69 30 Hutt,
1425 2319 22 19 to
1459 2314 96 32 sending
1566 2316 18 23 it
1593 2315 64 25 down
1668 2321 23 20 to
1704 2317 98 26 Palliser
1813 2320 59 31 Bay,

1292 2345 63 24 there
1374 2349 86 29 carting
1479 2348 19 22 it
1516 2349 62 30 eight
1595 2350 65 24 miles
1680 2355 22 18 to
1722 2359 14 16 a
1746 2357 51 26 spot
1814 2354 58 24 from

1291 2379 73 24 which
1376 2384 22 20 to
1417 2381 49 32 ship
1478 2381 25 28 it,
1514 2382 44 23 and
1575 2382 62 24 there
1656 2383 83 32 having
1751 2390 23 18 to
1792 2386 51 32 ship
1854 2388 19 23 it

1291 2413 88 24 outside
1397 2414 38 23 the
1454 2414 97 24 harbour
1569 2420 22 20 to
1603 2416 57 23 have
1677 2418 19 22 it
1715 2420 115 29 conveyed
1843 2421 30 31 by

1291 2451 77 24 water,
1381 2455 13 15 a
1405 2447 99 24 distance
1514 2448 25 23 of
1548 2448 57 25 from
1616 2449 70 32 thirty
1700 2455 22 19 to
1734 2451 59 32 forty
1805 2454 67 23 miles

1291 2478 76 25 before
1383 2481 19 22 it
1413 2488 41 16 can
1463 2481 30 24 be
1504 2480 81 25 landed
1600 2486 23 19 at
1633 2482 150 32 Wellington.
1820 2486 51 24 The

1289 2512 122 25 difference
1419 2514 24 23 of
1452 2514 100 24 distance
1564 2515 98 24 between
1673 2518 88 30 carting
1773 2520 99 29 produce

1291 2549 22 19 to
1325 2545 92 24 Wade's
1428 2547 83 24 station
1521 2549 45 22 and
1577 2549 88 30 carting
1677 2550 19 23 it
1706 2554 23 20 to
1741 2551 39 24 the
1792 2555 78 22 mouth

1290 2578 25 23 of
1324 2578 38 25 the
1375 2579 62 25 Hutt
1447 2580 46 24 will
1504 2580 28 24 be
1545 2581 52 32 only
1607 2582 80 24 twelve
1705 2583 64 25 miles
1781 2586 90 30 against

1290 2611 39 24 the
1339 2612 67 25 latter
1412 2622 7 20 ;
1437 2613 66 24 while
1520 2613 39 24 the
1569 2615 120 24 difference
1701 2617 25 23 of
1739 2622 70 20 water
1820 2627 50 16 car-

1288 2645 64 31 riage
1371 2647 24 23 in
1406 2646 78 25 favour
1495 2646 26 24 of
1539 2648 107 31 adopting
1662 2649 39 25 the
1719 2650 67 25 latter
1806 2658 64 19 route

1289 2679 73 24 would
1379 2679 28 24 be
1423 2688 61 16 some
1496 2680 50 32 fifty
1557 2681 72 29 miles,
1642 2683 103 30 together
1763 2685 53 25 with
1830 2686 39 24 the

1289 2711 123 34 advantage
1430 2714 25 23 of
1471 2712 86 33 wholly
1564 2715 103 32 avoiding
1687 2716 37 24 the
1740 2725 40 17 sea
1797 2725 70 18 coast.

1289 2744 76 26 There
1376 2754 42 17 can
1426 2747 27 24 be
1465 2754 29 16 no
1506 2746 68 25 doubt
1583 2747 49 24 that
1644 2749 48 23 Mr.
1705 2749 96 26 Tiffen's
1814 2754 55 23 road

1289 2778 45 24 will
1345 2780 27 24 be
1383 2780 38 24 the
1432 2780 109 24 favourite
1553 2789 76 16 means
1641 2782 25 23 of
1675 2785 192 32 communicating

1289 2812 57 24 with
1366 2813 56 24 Port
1440 2813 124 24 Nicholson
1574 2823 7 20 ;
1609 2815 38 23 the
1675 2816 42 31 bay
1740 2823 64 19 coast
1823 2820 45 24 will

1289 2846 75 32 rarely
1372 2846 28 24 be
1411 2846 64 24 used.
1503 2847 47 24 Mr.
1564 2848 78 24 Bree's
1653 2850 55 23 road
1717 2858 31 23 up
1757 2851 38 24 the
1804 2852 62 25 Hutt

1288 2878 20 23 is
1319 2886 54 25 very
1383 2879 112 25 valuable.
1530 2881 42 23 We
1590 2881 56 24 have
1667 2890 29 16 no
1708 2883 70 25 doubt
1788 2885 51 25 that
1849 2888 19 22 it

1287 2911 46 25 will
1352 2913 29 24 be
1392 2922 14 15 a
1422 2917 59 21 most
1492 2914 72 24 useful
1584 2923 77 15 means
1673 2916 27 24 of
1712 2917 91 32 getting
1819 2919 48 25 into

1287 2945 38 24 the
1338 2954 70 24 upper
1417 2950 51 28 part
1474 2947 27 24 of
1507 2947 39 24 the
1557 2947 139 33 Wairarapa,
1708 2950 44 24 and
1765 2952 102 25 districts

1286 2977 89 33 beyond
1386 2980 25 24 it.
1446 2980 47 24 But
1504 2980 38 24 the
1563 2980 62 25 Hutt
1642 2982 54 24 road
1713 2989 70 25 must,
1794 2986 73 24 under

1287 3019 44 25 any
1342 3014 182 29 circumstances,
1536 3014 56 23 have
1609 3015 57 24 been
1683 3017 71 25 made.
1791 3018 47 25 For
1849 3021 18 23 it

1287 3053 70 23 opens
1367 3055 29 16 an
1406 3048 109 24 immense
1526 3049 102 30 quantity
1637 3050 26 22 of
1670 3050 45 24 fine
1726 3050 76 26 fertile
1813 3052 53 25 land

1286 3078 24 23 in
1329 3079 37 25 the
1378 3081 72 31 valley
1461 3081 26 23 of
1502 3081 39 24 the
1552 3089 61 16 same
1633 3090 74 22 name,
1719 3084 44 24 and
1775 3085 46 25 will
1833 3094 32 17 we

1286 3111 56 24 have
1361 3121 66 24 every
1439 3121 80 17 reason
1537 3119 22 19 to
1579 3115 94 30 believe,
1685 3117 57 24 from
1760 3118 62 25 what
1832 3128 33 16 we

1285 3144 64 31 hear,
1360 3146 28 24 be
1400 3147 37 24 the
1447 3154 80 17 means
1545 3147 95 33 through
1654 3150 73 23 which
1738 3154 126 23 communi-

1285 3179 74 24 cation
1370 3180 45 24 will
1427 3181 27 23 be
1466 3180 135 25 maintained
1609 3183 56 23 with
1676 3183 53 24 both
1741 3184 59 25 New
1807 3186 56 32 Ply.

1284 3213 80 23 mouth
1380 3213 43 25 and
1433 3213 131 25 Auckland.
1600 3215 24 24 It
1634 3216 20 24 is
1666 3224 49 16 now
1726 3218 137 33 confidently

1284 3246 74 24 stated
1368 3246 48 25 that
1426 3247 38 24 the
1475 3247 99 24 shortest
1582 3248 44 24 and
1636 3249 51 24 best
1698 3251 54 23 road
1764 3256 23 19 to
1799 3251 63 25 Wai-

1284 3276 76 32 kanai,
1372 3288 30 16 on
1421 3280 38 24 the
1476 3285 63 19 coast
1550 3281 24 23 of
1590 3281 87 25 Cook's
1694 3283 84 24 Straits
1788 3286 26 23 in
1824 3286 38 24 the

1282 3318 52 17 rear
1345 3312 26 24 of
1383 3313 87 32 Kapiti,
1483 3314 44 24 and
1545 3314 72 24 which
1628 3321 62 18 must
1706 3316 29 24 be
1745 3318 83 31 passed
1839 3323 23 20 to

1282 3346 96 29 proceed
1395 3351 23 19 to
1437 3345 123 31 Taranaki,
1572 3347 47 25 will
1637 3348 30 24 be
1677 3349 70 24 found
1768 3354 23 20 to
1808 3359 53 23 pass

1281 3377 98 33 through
1396 3387 14 16 a
1419 3379 74 31 valley
1503 3380 73 24 which
1586 3389 72 24 opens
1677 3382 47 24 into
1736 3382 39 24 the
1788 3383 70 26 Hutt.

1281 3409 78 35 Every
1368 3413 161 23 circumstance
1539 3412 41 24 has
1592 3414 82 24 tended
1686 3420 22 18 to
1715 3416 95 24 confirm
1821 3417 39 24 the

1279 3443 138 33 importance
1428 3445 26 24 of
1470 3445 38 24 the
1520 3445 69 25 Hutt.
1626 3446 74 25 When
1711 3455 33 16 we
1755 3449 51 23 first
1817 3457 41 16 ar-

1279 3477 63 25 rived
1353 3478 53 25 here
1412 3479 91 31 opinion
1512 3485 45 17 was
1568 3479 24 23 in
1601 3479 80 24 favour
1688 3480 25 24 of
1722 3481 30 23 its
1762 3483 97 31 proving

1279 3509 39 25 the
1327 3511 56 31 high
1393 3511 54 25 road
1455 3511 26 23 of
1489 3511 46 24 this
1546 3511 86 30 Island,
1645 3512 42 24 and
1700 3521 41 16 our
1752 3513 62 32 daily
1820 3516 37 23 in-

1279 3545 104 32 creasing
1394 3545 132 32 experience
1542 3545 20 23 is
1573 3545 88 31 rapidly
1673 3546 134 32 confirming
1819 3548 37 25 the

1277 3577 90 30 opinion
1379 3577 96 33 adopted
1486 3584 62 17 some
1557 3577 50 24 four
1619 3585 65 23 years
1696 3579 72 25 since.

1308 3610 26 24 A
1343 3616 54 27 very
1407 3612 43 23 few
1460 3617 66 24 years
1538 3610 45 24 will
1598 3610 49 24 find
1664 3611 135 34 Wairarapa
1814 3622 40 16 ex-

1275 3644 109 32 tensively
1395 3643 88 29 settled,
1501 3642 44 25 and
1563 3648 23 19 at
1606 3643 39 24 the
1665 3652 61 17 same
1744 3646 55 24 time
1816 3648 38 24 the

1275 3674 63 26 Hutt
1348 3677 46 24 will
1412 3677 105 24 continue
1529 3681 21 18 to
1568 3677 102 23 increase
1680 3678 89 32 rapidly
1780 3681 24 23 in
1816 3681 38 25 the

1273 3711 105 31 quantity
1388 3711 26 23 of
1430 3709 98 32 produce
1545 3710 19 23 it
1581 3709 45 24 will
1644 3710 57 24 have
1720 3716 23 19 to
1762 3713 66 29 send,
1831 3718 22 21 to

1271 3742 98 26 market.
1404 3742 64 25 With
1485 3742 38 24 the
1543 3742 96 24 demand
1656 3744 35 23 for
1709 3752 144 25 conveyance

1272 3773 72 27 which
1356 3777 44 24 will
1412 3777 65 28 arise,
1490 3783 32 16 we
1533 3775 58 25 have
1602 3784 30 15 no
1643 3775 71 26 doubt
1730 3786 13 16 a
1755 3780 98 26 suitable

1270 3812 73 21 steam
1354 3809 53 25 boat
1417 3808 46 25 will
1473 3809 29 23 be
1512 3808 55 32 kept
1579 3810 25 23 in
1614 3810 74 24 active
1698 3812 155 33 employment

1270 3840 24 24 in
1319 3844 98 32 running
1439 3842 100 24 between
1560 3841 140 34 Wellington
1722 3845 45 24 and
1790 3854 62 18 some

1269 3872 82 29 village
1370 3873 72 27 which
1459 3874 46 24 will
1521 3875 114 32 evidently
1646 3878 80 31 spring
1736 3886 31 25 up
1780 3885 23 19 at
1814 3881 38 24 the

1266 3907 79 25 oiouth
1358 3909 25 24 of
1392 3909 37 24 the
1441 3907 70 30 Hutt,
1536 3916 25 16 as
1572 3917 13 16 a
1602 3909 64 32 place
1683 3912 25 23 of
1717 3911 89 33 deposit
1816 3914 35 25 for

1267 3939 39 25 the
1316 3942 98 30 produce
1426 3940 49 25 that
1482 3941 45 25 will
1538 3949 64 17 come
1611 3943 66 25 down
1684 3944 37 25 the
1735 3946 62 25 Hutt
1807 3948 44 24 and

1265 3973 24 23 in
1301 3973 31 31 by
1343 3973 38 25 the
1392 3975 134 29 Wairarapa
1539 3976 61 24 road.

1914 3681 98 26 Extract
2021 3684 26 23 of
2061 3693 14 15 a
2082 3683 67 26 letter
2159 3686 59 24 from
2230 3686 70 24 Petre
2309 3695 6 15 :
2317 3700 34 5 —

1940 3715 50 25 Our
2001 3725 48 16 new
2062 3717 93 25 Church
2168 3726 45 17 was
2224 3721 88 30 opened
2324 3728 30 17 on
2365 3721 93 32 Sunday

1880 3747 39 25 the
1928 3748 42 27 7th
1975 3750 99 30 4nstant,
2086 3751 45 24 and
2142 3759 13 16 a
2163 3760 90 17 sermon
2272 3755 142 31 appropriate
2434 3759 22 19 to

1879 3780 55 29 the.
1941 3784 103 23 occasion
2066 3785 110 30 preached
2199 3786 31 31 by
2253 3787 38 23 the
2314 3787 59 25 Rev.
2409 3788 45 25 Mr.

1879 3813 94 33 Taylor.
2018 3817 119 32 Although
2164 3824 40 19 not
2231 3820 117 32 generally
2375 3820 81 25 known

1879 3848 48 24 that
1939 3848 38 25 the
1988 3849 70 25 house
2071 3851 74 24 would
2156 3852 27 24 be
2195 3860 26 16 so
2232 3853 35 25 far
2277 3854 76 31 ready,
2372 3862 13 16 a
2403 3861 52 17 con-

1878 3883 117 30 gregation
2007 3884 27 23 of
2042 3885 105 31 upwards
2159 3886 25 23 of
2198 3886 79 32 eighty
2288 3887 134 24 assembled.

1911 3914 14 25 I
1938 3915 56 25 have
2002 3916 51 32 just
2063 3918 79 30 signed
2155 3918 119 26 addresses
2284 3925 24 19 to
2321 3920 34 24 his
2371 3920 84 24 Excel-

1877 3948 65 31 lency
1967 3949 96 33 Captain
2086 3950 101 30 Fitzroy.
2234 3953 61 29 One,
2320 3953 37 24 the

1878 3981 61 26 milli
2090 3982 99 31 (anglice
2216 3985 103 27 hundred
2348 3985 108 26 thousand

604 71 95 47 &i)t
723 73 118 42 weto
867 73 209 42 &*aiart>
1102 76 189 48 <Sa?ttt*
1318 79 87 41 attS
1435 80 298 47 muiluwon
1757 80 254 49 &pmatot\

158 576 169 24 SHIPPING
344 576 273 26 INTELLIGENCE.

318 630 141 20 ARRIVED.

66 665 14 22 #
116 662 101 27 .January
235 663 34 22 20,
287 662 109 22 American
416 663 88 26 whaling
523 664 47 26 ship
591 664 84 25 Roman,

66 684 14 34 I
87 687 35 21 -of
142 688 51 22 New
213 689 98 24 Bedford,
329 691 39 19 500
384 693 58 21 tons,
460 690 86 24 Barker,
567 691 56 20 from
643 692 32 19 the

94 715 92 26 whaling
193 716 99 25 grounds,
303 720 38 17 out
351 718 25 20 18
386 718 94 20 months.

76 737 2 20 !
123 742 61 22 Same
198 743 47 26 day,
256 743 109 22 American
381 744 90 26 whaling
489 745 45 26 ship
545 746 93 26 Draper,
655 746 20 20 of

76 780 1 20 I
96 769 53 21 New
179 769 99 26 Bedford,
304 771 40 20 400
366 772 58 23 tons,
449 772 55 20 from
527 772 37 21 the
590 772 85 27 whaling

75 802 1 19 I
84 807 4 7 •
94 797 99 26 grounds,
202 800 40 18 out
250 798 33 20 20.
289 798 91 21 months.

122 823 92 27 January
224 825 36 24 23,
276 825 72 26 lugger
365 825 95 27 Hydrus,
478 826 35 24 20,
530 826 145 28 Claringbold,

73 861 2 9 1
94 851 56 21 from
158 851 89 24 Nelson,
256 852 51 21 with
316 859 27 14 an
353 852 90 27 English
452 854 58 20 mail.

73 880 2 16 1
123 877 60 21 Same
192 878 49 27 day,
257 878 118 27 brigantine
386 881 78 24 Scotia,
478 881 40 24 .68;
534 881 71 25 Ward,
624 882 51 21 from

83 904 101 26 .Sydney.

335 957 112 18 SAILED.

354 993 65 14 None.

1317 169 80 29 pany's
1417 169 86 31 Agent,
1525 169 44 24 and
1590 169 39 24 the
1648 170 50 24 first
1717 171 63 31 ships
1801 179 59 17 were
1871 178 25 18 to

1317 200 62 24 leave
1392 201 66 24 home
1468 207 54 18 next
1534 202 77 31 April.
1654 202 58 24 This
1724 203 66 31 delay
1801 205 23 23 in
1836 205 60 24 their

1317 233 119 30 departure
1448 235 20 22 is
1479 235 124 24 fortunate.
1639 235 24 24 It
1673 237 21 22 is
1700 237 136 25 understood
1846 238 49 24 that

1317 264 37 25 the
1378 266 83 24 Scotch
1484 267 85 30 Colony
1590 266 46 24 will
1651 276 29 22 go
1703 273 24 19 to
1749 269 38 23 the
1807 270 87 25 Middle

1317 297 91 24 Island.

1349 330 51 25 The
1423 332 89 25 Church
1533 331 24 25 of
1582 332 107 32 England
1713 334 94 31 Colony,
1829 337 19 22 it
1870 337 21 23 is

1315 364 82 29 stated,
1407 365 46 23 will
1466 365 26 23 be
1506 372 54 23 very
1579 366 114 30 powerful,
1710 366 45 24 and
1774 367 44 25 will
1829 369 64 24 leave

1315 395 109 32 England
1436 398 23 23 in
1471 397 133 31 September
1615 400 71 28 1844,
1696 407 26 16 or
1735 402 72 23 1845.
1844 401 45 24 We

1314 428 66 24 think
1393 430 40 23 the
1443 430 90 29 former,
1545 430 41 24 but
1597 438 33 16 we
1641 431 57 24 have
1710 432 56 24 been
1785 433 46 24 told
1851 434 42 23 the

1313 461 75 30 latter,
1400 463 44 24 and
1454 463 111 24 therefore
1576 464 50 30 give
1638 464 53 24 both
1703 465 99 30 periods.
1833 466 59 25 This

1314 494 81 31 colony
1407 496 45 24 will
1463 496 28 23 be
1501 496 91 31 planted
1601 497 25 23 ia
1637 496 43 24 this
1692 497 87 30 Island,
1800 498 46 25 and
1859 507 33 16 we

1312 526 57 24 have
1381 535 66 25 every
1455 529 65 31 hope,
1531 528 58 23 from
1598 529 58 24 what
1672 537 34 16 we
1724 530 63 30 hear,
1807 532 19 23 it
1844 531 47 24 will

1312 559 28 24 be
1350 561 24 22 in
1386 562 124 23 connexion
1521 560 55 24 with
1587 562 45 23 this
1642 562 146 24 settlement.

1343 1052 57 24 Port
1411 1052 125 25 Nicholson
1546 1061 81 24 papers
1639 1059 22 19 to
1676 1054 39 25 the
1729 1057 37 22 Ist
1776 1056 26 23 of
1809 1056 77 32 April,

1308 1092 37 17 are
1356 1085 174 32 acknowledged
1541 1086 29 31 by
1581 1085 39 26 the
1631 1084 141 35 Hymalaya.

1341 1118 51 24 The
1416 1119 80 27 Queen
1515 1119 44 24 and
1578 1119 82 24 Prince
1670 1121 83 24 Albert
1771 1122 45 24 had
1833 1131 53 23 pro-

1303 1150 73 24 dded
1387 1157 24 18 to
1422 1152 88 24 France
1527 1160 61 23 upon
1599 1161 14 15 a
1623 1154 53 23 visit
1697 1159 23 19 to
1731 1155 38 23 tbe
1787 1155 66 32 King
1864 1157 25 23 of

1308 1183 37 24 the
1357 1185 99 23 French.

1345 592 44 24 We
1399 593 64 25 learn
1482 594 31 31 by
1534 593 39 25 the
1590 594 86 24 Nelson
1694 595 133 30 Examiner,
1846 597 45 24 and

1312 624 57 25 ftom
1379 628 87 28 private
1480 628 198 24 communications
1689 628 49 24 that
1750 629 37 23 the
1802 630 88 23 follow-

1312 658 40 31 ing
1364 659 64 32 ships
1439 668 37 16 are
1487 660 125 24 advertised
1624 661 34 23 for
1667 660 56 24 New
1740 661 100 24 Zealand
1850 671 6 15 :—:
1857 675 34 5 —

1345 691 52 25 The
1409 690 97 34 Sydney,
1518 694 50 23 500
1579 696 58 26 tons,
1651 698 22 19 to
1686 693 43 24 sail
1752 695 55 23 15th
1828 696 60 31 Sep-

1312 724 94 24 tember.
1440 725 51 25 The
1508 725 123 30 Governor,
1646 728 48 22 200
1706 731 60 25 tons,
1779 727 34 24 for
1824 728 65 24 Wel-

1312 757 95 31 lington,
1419 758 44 24 and
1486 757 95 25 Nelson.
1628 758 49 25 The
1698 760 85 32 barque
1800 760 90 25 Tuscan

1312 791 48 23 250
1371 796 58 24 tons,
1439 791 35 24 for
1483 791 37 24 the
1532 798 61 17 same
1609 797 70 26 ports,
1700 797 22 19 to
1734 793 43 26 sail
1793 794 24 24 in
1829 794 60 32 Sep-

1311 823 95 25 tember.
1425 824 50 25 The
1486 825 137 24 last-named
1626 826 20 23 is
1653 826 92 31 loading
1749 827 29 31 by
1787 827 98 24 Messrs.

1311 856 138 25 Haviside's.
1485 858 49 23 The
1555 856 148 33 Bucephalus,
1717 861 49 24 557
1778 865 58 24 tons,
1854 861 35 23 for

1310 889 99 33 Sydney,
1421 890 130 29 Auckland,
1564 891 43 24 and
1620 891 146 33 Wellington.

1342 922 51 24 The
1411 922 116 31 Clydexide
1538 924 87 24 arrived
1644 925 24 23 in
1687 925 96 26 London
1801 934 29 16 on
1849 927 39 23 the

1310 955 40 24 sth
1362 955 140 31 September,
1510 954 62 26 from
1583 956 45 23 this
1639 962 59 25 port.

1342 987 51 24 The
1403 987 58 24 New
1479 986 100 25 Zealand
1598 989 116 32 Company
1724 998 61 16 were
1804 999 29 15 on
1850 992 38 23 the

1308 1027 53 22 very
1372 1020 51 25 best
1432 1024 69 21 terms
1512 1019 54 24 with
1578 1021 38 23 the
1627 1021 103 25 Colonial
1742 1023 83 24 Office.

1486 1238 217 26 WAIRARAPA.

315 1040 33 19 IN
363 1040 78 19 PORT

108 1072 94 26 •Barque
220 1072 133 26 Indemnity,
372 1073 40 20 312
439 1077 57 19 tons,
516 1074 27 20 R.
565 1074 108 27 Sedgwick

83 1099 98 27 'Agents,
191 1099 113 27 Ridgways
315 1100 41 20 and
368 1100 40 21 Co.
436 1100 96 26 Loading
541 1102 35 20 for
583 1101 89 21 London

50 1140 4 9 1
116 1127 112 21 Schooner
249 1129 60 24 Ann,
334 1129 27 19 22
381 1131 61 17 tons.
471 1129 52 21 Laid
548 1136 39 20 up.

115 1155 111 21 Sohooner
251 1156 64 25 Erin,
341 1157 27 19 25
394 1160 59 18 tons.
481 1157 53 21 Laid
543 1165 40 20 up.

115 1183 109 21 Schooner
230 1183 74 21 Maori
310 1184 74 27 Davis,
394 1185 24 20 15
426 1188 61 17 tons.
514 1185 124 28 Repairing.

49 1219 3 15 1
115 1209 51 28 Brig
184 1211 100 24 Gannett,
294 1212 41 20 322
349 1214 58 23 tons,
422 1212 94 21 Nicholl.
545 1214 69 21 Waiti
631 1216 42 19 and

48 1249 2 10 1
59 1251 3 7 ,
76 1242 4 4 '
87 1238 75 26 Tyser,
172 1238 89 25 Agents.

115 1266 106 20 Schooner
240 1266 61 26 Lady
322 1266 74 27 Leigh,
419 1268 39 20 109
478 1271 57 22 tons,
559 1269 112 22 Cuthbert.

46 1291 14 25 i'l
86 1292 69 21 Waitt
163 1293 41 20 and
214 1293 75 27 Tyser,
300 1294 90 25 Agents.

45 1317 3 30 j
53 1323 8 22 /
114 1321 107 20 Schooner
228 1321 77 20 Nelson
314 1322 86 25 Packet,
407 1323 27 20 20
441 1325 60 22 tons,-
506 1323 59 21 Cole.
595 1325 75 26 Agent,

44 1348 15 18 ,\
76 1347 110 27 -Captain.

42 1392 2 3 .
115 1376 107 20 Schooner
233 1376 110 21 Susannah
353 1377 56 24 Ann,
421 1378 35 23 79,
471 1378 82 21 Brown.
582 1380 88 25 Agents,

42 1403 2 14 '
55 1404 2 7 '
84 1402 87 21 Samuel
179 1404 43 19 and
231 1403 89 26 Joseph.

114 1430 63 27 Sloop
184 1431 68 25 Royal
261 1432 99 24 William,
369 1432 27 20 43
405 1432 146 24 tons.Lovstt.
582 1434 87 24 Agents.

78 1456 99 22 ■Wallace
187 1458 43 20 and
246 1458 39 21 Co.

40 1487 2 23 j
113 1485 108 21 Schooner
235 1486 39 20 Sir
282 1486 56 21 John
355 1487 109 25 Franklin,
475 1489 27 19 52
517 1491 57 22 tons,
593 1489 77 27 Camp-

82 1512 52 20 bell.
163 1512 58 21 Hort
229 1513 47 20 and'
282 1513 47 24 Co.,
339 1514 89 26 Agents.

40 1547 2 7 '
112 1539 74 21 Cutter
195 1541 76 23 Leven,
283 1541 25 20 24
327 1544 57 20 tons,
400 1541 99 28 Hensley.
530 1543 84 21 Samuel
628 1546 40 20 and

83 1566 89 27 Joseph,
185 1568 90 25 Agents.

111 1594 107 21 Schooner
237 1595 67 21 Three
319 1597 108 24 Brothers,
445 1597 27 20 32
490 1599 56 23 tons,
565 1599 102 21 Jackson.

76 1621 105 26 .Captain,
193 1622 77 27 Agent.

111 1648 82 27 Barque
211 1651 86 24 Tyrian,
315 1651 39 20 225
365 1653 57 22 tons,
442 1651 109 22 Clarkson.
583 1653 84 22 Samuel

75 1694 3 3 .
83 1675 44 21 and
135 1675 88 28 Joseph,
235 1680 87 23 Agents.

111 1703 112 21 American
236 1705 89 26 whaling
341 1705 47 27 ship
404 1707 86 24 •Roman,
513 1707 41 20 500
571 1711 55 22 tons,
644 1709 24 20 of

86 1730 52 21 New
148 1731 98 25 Bedford,
257 1732 86 21 Barker.
373 1733 97 27 Captain,
479 1734 79 27 Agenfc.

113 1758 110 22 American
240 1759 90 27 whaling
347 1761 48 25 ship
410 1761 89 25 Draper,
518 1762 42 20 400
575 1764 56 22 tons,
643 1764 25 20 of

86 1783 52 23 New
150 1785 98 24 Bedford.

111 1812 81 27 Lugger
200 1813 96 27 Hydrus,
308 1814 25 21 20
343 1817 56 22 tons,
415 1815 143 27 Claringbold.
588 1818 75 26 Agent,

75 1838 106 28 ■Captain.

42 1881 1 6 1
111 1867 123 27 Brigantine
246 1869 77 26 Scotia,
336 1870 26 20 68
377 1873 55 22 tons,
441 1870 74 22 Ward.
544 1872 26 21 R.
589 1872 74 27 Eager,

83 1894 79 26 Agent.

216 1950 97 24 Spirits
325 1952 54 20 and
391 1952 134 22 Tobacco.

106 2149 99 20 Received
212 2149 77 27 during
297 2152 34 19 the
339 2152 80 20 month.
449 2152 90 27 Brandy,
550 2155 54 20 2061
613 2155 45 26 gal-

80 2176 60 25 Ions;
169 2176 62 25 Rnm,
249 2178 41 20 435
311 2178 95 26 gallons;
436 2180 47 24 Gin,
504 2181 42 21 303
565 2182 92 26 gallons;

77 2204 89 24 Arrack,
185 2205 39 20 123
233 2205 82 25 gallons
323 2214 6 16 ;
354 2212 48 15 case
416 2207 90 27 Brandy,
521 2209 27 20 40
563 2210 81 25 gallons
652 2218 5 17 ;

78 2237 48 14 case
136 2231 48 24 Gin,
195 2232 41 21 296
245 2233 82 26 gallons
334 2241 6 15 ;
364 2234 101 25 Cordials,
477 2236 26 20 10
517 2236 82 26 gallons
606 2245 5 17 ;
631 2238 28 25 fig

78 2258 103 24 Tobacco,
192 2260 53 21 6394
252 2262 21 21 ft
282 2269 6 15 ;
313 2261 40 20 roll
363 2261 102 26 Tobacco,
477 2264 40 20 474
523 2265 22 21 ft
553 2271 7 17 ;
585 2271 73 15 caven-

78 2286 54 23 dish,
146 2287 53 20 1586
203 2289 30 20 ft.

111 1981 63 21 Stock
182 1987 28 14 on
226 1982 57 20 hand
292 1983 35 19 the
344 1983 37 21 Ist
388 1984 82 21 ultimo.
470 1995 29 5 —
502 1986 89 27 Brandy,
609 1988 52 21 2390

78 2008 83 26 gallons
167 2016 6 16 ;
189 2008 64 24 Rum,
264 2010 54 20 2966
327 2009 82 26 gallons
417 2019 7 15 ;
442 2011 49 24 Gin,
503 2013 54 20 1424
566 2014 81 25 gallons
655 2022 6 16 ;

79 2035 88 23 Arrack,
177 2035 28 21 57
214 2035 82 26 gallons
304 2044 6 17 ;
332 2036 110 28 Whiskey,
454 2038 37 21 121
502 2039 82 26 gallons
593 2048 6 16 ;
615 2047 46 14 case

82 2060 91 28 Brandy,
184 2063 25 19 21
220 2063 82 25 gallons
308 2071 6 17 ;
326 2068 51 16 <case
386 2065 50 23 Gin,
447 2065 40 21 330
497 2067 80 24 gallons
584 2075 6 17 ;
608 2068 52 21 Cor.

79 2088 61 25 dials,
150 2089 26 21 31
185 2090 82 25 gallons
275 2098 6 16 ;
305 2091 29 26 flg
342 2091 104 25 Tobacco,
464 2093 51 24 2200
515 2093 26 24 ft
550 2102 7 17 ;
579 2095 82 24 Cigars,

80 2116 54 21 2044
139 2117 33 24 ft;
185 2117 78 24 Snuffs,
269 2118 41 21 322
314 2120 30 21 ft.

106 2322 111 21 Delivered
218 2322 42 25 for
269 2323 58 21 home
336 2326 148 24 consumption.
485 2336 28 4 —
514 2325 91 28 Brandy,
617 2328 40 21 687

76 2349 80 25 gallons
163 2357 6 16 ;
196 2350 52 21 B.P.
259 2350 62 25 Rum,
337 2352 40 20 147
387 2352 81 25 gallons
475 2360 6 16 ;
506 2352 42 22 Gin
559 2355 40 20 238
613 2355 44 26 gal-

76 2375 61 25 lons;
161 2383 48 15 case
223 2378 91 26 Brandy,
332 2380 27 19 12
373 2380 92 24 gallons;
489 2387 48 14 case
551 2382 49 23 Gin,
619 2383 38 21 176

77 2403 93 28 gallons;
201 2404 103 25 Cordials,
326 2406 25 21 11
376 2407 92 25 gallons;
498 2408 29 26 fig
552 2409 104 26 Tobacco,

76 2430 55 21 3125
137 2432 37 24 ft;
205 2431 80 26 Cigars,
306 2433 68 24 96ft;
403 2434 39 20 roll
464 2434 104 28 Tobacco,
589 2437 67 25 77ft;

76 2458 120 23 cavendish,
209 2460 38 20 125
252 2460 32 21 ft.

103 2486 111 21 Delivered
221 2488 43 24 for
280 2489 139 24 exportation.
421 2500 26 4 —
449 2489 91 28 Brandy,
555 2491 41 21 363
612 2493 43 25 gal-

75 2512 61 25 lons;
165 2514 51 20 B.P.
228 2514 62 25 Rum,
312 2516 148 26 123gollons;
485 2524 47 14 case
549 2518 49 25 Gin,
617 2520 38 20 132

76 2540 80 26 gallons
165 2549 5 16 ;
182 2542 103 24 Cordials,
296 2543 12 20 8
318 2543 80 26 gallons
406 2551 6 17 ;
428 2544 27 27 fig
462 2544 103 27 Tobacco,
577 2547 77 24 28716;

75 2569 118 25 cavendish,
282 2578 5 16 ;
303 2569 79 27 Cigars,
395 2572 38 20 125
438 2573 30 23 ft.

104 2595 64 21 Stock
176 2603 27 14 on
215 2597 56 20 hand
280 2598 35 20 the
331 2598 37 20 6th
378 2600 86 20 instant.
466 2610 27 5 —
495 2601 91 27 Brandy,
600 2603 54 20 3401

75 2622 79 26 gallons
162 2631 7 17 ;
198 2623 52 21 B.P.
261 2624 61 25 Rum,
341 2626 53 20 3131
412 2627 79 26 gallons
499 2636 7 16 ;
536 2629 49 25 Gin,
602 2630 53 21 1489

73 2650 95 26 gallons;
193 2652 87 24 Arrack,
306 2653 40 21 180
365 2654 96 25 gallons;
485 2656 110 28 Whiskey,
616 2658 38 20 121

72 2677 82 26 gallons
163 2686 6 17 ;
184 2685 47 15 case
242 2679 91 28 Brandy,
343 2681 27 21 49
380 2682 81 25 gallons
470 2690 5 17 ;
497 2690 47 15 case
555 2684 48 25 Gin,
614 2686 40 19 318

73 2705 94 25 gallons;
198 2706 102 26 Cordials,
325 2709 26 19 22
376 2710 95 24 gallons;
499 2712 28 25 fig
550 2712 104 25 Tobacco,

186 2734 40 20 roll
236 2734 103 26 Tobacco,
350 2737 41 24 397
391 2737 41 24 ft;
450 2738 112 21 cavendish
573 2740 39 20 750
617 2741 22 22 ft
648 2747 6 17 ;

73 2759 81 26 Cigars,
165 2762 96 23 18231b;
276 2763 77 25 Snuffs,
365 2764 37 23 322
402 2764 37 23 ft.

100 2793 138 27 Wellington,
249 2795 36 20 6th
294 2795 102 26 January,
409 2797 59 21 1844.

286 2855 153 20 FREIGHTS.

1956 176 73 32 Many
2047 185 94 23 persons
2158 179 46 24 will
2224 179 114 26 doubtless
2358 188 76 25 regret
2453 186 47 24 that

1922 209 53 30 they
1987 208 55 25 have
2054 210 68 25 taken
2138 212 54 23 land
2202 217 24 19 at
2244 213 131 25 Manawatu
2386 216 45 23 and
2441 217 58 25 else-

1922 241 80 29 where,
2014 250 51 16 now
2077 243 47 24 that
2143 244 37 24 the
2192 244 132 33 Wairarapa
2343 255 81 24 proves
2436 254 23 19 to
2472 252 30 25 be

1922 282 25 15 so
1958 282 54 16 near
2023 280 24 19 at
2060 276 67 24 hand.
2161 277 43 24 We
2216 278 54 23 wish
2283 280 48 23 that
2342 280 48 24 real
2401 283 97 31 settlers,

1922 306 48 24 who
1982 315 51 24 may
2044 308 56 24 have
2112 310 64 24 made
2188 310 56 24 from
2256 313 112 31 necessity
2375 314 42 24 bad
2427 315 70 26 selec-

1921 341 66 28 tions,
2006 341 45 23 had
2074 341 38 24 the
2131 342 109 32 privilege
2262 344 25 23 of
2306 346 119 33 resigning
2442 351 58 25 such

1911 380 3 5 '
1920 372 65 25 lands
1995 374 46 23 and
2052 375 108 32 selecting
2169 377 24 23 in
2204 377 51 22 that
2265 377 45 24 fine
2319 378 96 27 district.
2443 382 47 25 But

1922 413 31 16 we
1963 414 112 23 presume,
2087 408 19 23 it
2124 407 73 25 would
2208 408 28 24 be
2248 410 131 26 considered
2395 414 75 26 unfair
2481 417 21 24 if

1920 438 39 25 the
1970 439 118 25 absentees
2100 441 43 23 had
2154 445 41 19 not
2212 441 38 23 the
2261 450 62 17 same
2333 444 60 25 boon
2404 450 95 28 granted

1919 477 24 18 to
1955 471 68 31 them,
2036 473 45 23 and
2093 474 109 24 therefore
2214 482 33 16 we
2258 475 47 24 fear
2316 477 19 23 it
2345 485 52 24 may
2409 485 40 19 not
2460 482 38 26 be.

1920 504 97 32 Though
2028 513 33 16 we
2073 505 79 26 should
2165 508 127 31 personally
2300 509 48 24 like
2361 515 22 20 to
2394 512 103 27 abandon

1919 545 67 23 many
1997 540 107 28 sections,
2117 548 32 15 we
2161 540 57 24 have
2228 541 58 23 been
2297 543 90 31 obliged
2402 549 23 20 to
2436 547 52 25 take

1919 571 34 22 for
1964 571 64 23 lands
2048 572 24 23 in
2090 572 38 24 the
2146 573 138 32 Wairarapa,
2308 581 46 25 yet,
2366 577 21 23 if
2402 579 96 33 making

1918 611 14 15 a
1954 604 86 24 similar
2061 605 115 32 exchange
2199 614 56 16 were
2283 607 94 26 allowed
2402 612 49 23 also
2474 620 24 18 to

1919 636 125 29 absentees,
2056 645 33 16 we
2108 638 64 25 think
2185 647 24 15 so
2228 640 65 23 much
2307 642 110 26 mischief
2424 647 72 25 would

1918 669 27 23 be
1957 670 37 23 the
2006 678 160 24 consequence,
2179 680 25 15 or
2215 680 26 16 so
2258 675 67 23 much
2343 677 59 29 good
2420 683 22 19 to
2458 680 39 25 the

1918 703 128 23 settlement
2057 704 71 24 would
2140 706 28 23 be
2179 708 127 28 prevented,
2319 708 49 24 that
2380 717 32 17 we
2423 714 73 24 would

1918 740 39 19 not
1976 741 78 27 accept
2065 738 38 23 the
2122 739 133 31 permission
2276 741 159 34 conditionally
2447 746 49 25 that

1917 768 31 23 all
1959 769 48 24 who
2020 769 44 24 had
2074 771 125 31 purchased
2211 772 23 23 in
2245 772 37 24 the
2293 774 51 23 first
2355 776 44 24 and
2410 779 85 29 princi-

1917 802 37 30 pal
1965 802 128 26 settlement
2103 805 72 31 might
2184 805 58 23 avail
2254 805 134 28 themselves
2399 811 26 24 of
2433 813 26 24 it.

1950 835 35 23 To
1997 835 38 24 tbe
2046 838 77 24 settler
2134 840 18 23 it
2164 846 50 24 may
2227 839 27 24 be
2266 848 13 15 a
2289 840 90 32 subject
2385 844 26 23 of
2419 851 76 26 regret

1916 868 49 24 that
1985 869 39 24 the
2046 870 132 34 Wairarapa
2197 879 45 16 was
2261 878 39 18 not
2317 882 59 24 open
2396 882 23 19 to
2437 887 57 23 pur-

1916 901 90 24 chasers
2017 903 58 24 from
2096 905 36 24 the
2152 905 130 24 foundation
2300 908 26 22 of
2345 908 38 24 the
2395 910 96 33 Colony.

1917 934 46 24 But
1973 939 24 19 to
2007 936 38 24 the
2057 938 128 24 settlement
2192 938 19 23 it
2218 939 22 22 is
2246 947 14 15 a
2267 945 83 19 matter
2365 943 25 24 of
2399 952 96 24 congra-

1916 967 102 25 tulation.
2046 969 49 24 The
2103 971 106 24 mischief
2213 971 25 23 of
2245 972 145 33 purchasing,
2399 978 94 24 without

1915 1000 117 32 intending
2042 1006 24 20 to
2076 1011 85 23 occupy
2173 1011 26 15 or
2216 1004 129 32 furnishing
2363 1008 38 24 the
2412 1011 83 31 capital

1915 1033 34 24 for
1960 1033 75 25 others
2047 1039 22 19 to
2081 1043 83 25 occupy
2174 1036 56 23 such
2238 1037 72 29 lands,
2320 1038 42 25 has
2371 1040 56 26 been
2436 1044 57 32 fully

1915 1065 143 26 established.
2093 1068 63 24 Such
2166 1068 65 24 lands
2242 1078 37 15 are
2295 1073 113 28 profitless
2420 1081 22 18 to
2454 1078 38 24 the

1915 1099 127 32 purchaser,
2057 1102 44 23 and
2110 1110 14 16 a
2135 1103 118 24 drawback
2265 1108 22 19 to
2303 1104 39 24 the
2353 1108 136 27 settlement.

1915 1133 49 24 The
1982 1133 118 26 absentees
2119 1143 38 16 are
2174 1135 62 31 large
2255 1139 137 30 proprietors
2411 1142 24 24 in
2453 1144 40 24 the

1914 1167 49 23 first
1974 1167 44 23 and
2029 1169 109 31 principal
2157 1169 134 30 settlement,
2304 1171 42 24 but
2357 1173 135 36 fortunately

1915 1200 51 30 they
1976 1200 54 24 hold
2041 1209 14 15 a
2065 1200 62 33 large
2145 1203 89 32 portion
2247 1204 24 22 of
2279 1204 59 24 their
2348 1206 65 25 lands
2425 1210 65 23 miles

1913 1233 57 24 from
1995 1234 39 24 the
2067 1239 64 26 town,
2159 1235 43 24 and
2227 1244 14 15 a
2264 1236 63 32 large
2354 1242 90 28 portion
2468 1244 27 24 of

1913 1267 62 24 those
1994 1268 73 24 which
2086 1268 52 31 they
2149 1268 52 25 hold
2221 1277 51 16 nea:
2284 1277 23 17 at
2328 1272 59 24 hand
2402 1282 37 16 are
2450 1282 41 19 not

1912 1300 55 24 such
1987 1308 25 16 as
2034 1301 38 25 the
2091 1302 74 24 actual
2185 1303 76 23 settler
2282 1305 73 24 would
2376 1306 73 26 desire
2468 1314 23 20 to

1912 1341 92 24 occupy.
2041 1334 49 25 The
2102 1335 132 32 Wairarapa
2245 1343 60 18 must
2315 1338 30 24 be
2356 1341 86 30 opened
2455 1343 35 24 for

1911 1367 135 30 settlement,
2058 1369 44 23 and
2119 1376 33 17 we
2172 1369 72 23 would
2264 1370 97 32 impress
2380 1381 59 23 upon
2451 1376 38 24 the

1912 1400 123 32 Company,
2044 1401 48 24 that
2100 1402 20 23 if
2126 1403 54 29 they
2187 1402 66 31 study
2261 1403 59 24 their
2331 1413 49 16 own
2387 1407 101 31 interest,

1910 1433 52 30 they
1973 1433 46 24 will
2030 1434 71 25 either
2112 1436 42 23 sell
2173 1435 48 23 that
2241 1436 44 24 fine
2303 1437 89 25 district
2408 1440 24 23 in
2442 1442 46 24 this

1910 1466 70 31 place,
1992 1475 26 15 or
2028 1467 21 24 if
2058 1467 52 32 they
2121 1468 43 24 sell
2175 1468 18 23 it
2204 1476 25 15 or
2241 1477 43 23 any
2295 1472 90 29 portion
2397 1473 26 23 of
2432 1475 18 23 it
2464 1476 24 24 in

1909 1499 114 32 EngUnd,
2036 1502 18 22 it
2071 1501 81 24 should
2170 1501 51 30 only
2233 1502 28 23 be
2272 1507 24 19 to
2308 1511 94 23 persons
2413 1507 75 26 bound

1909 1536 22 19 to
1949 1534 97 30 proceed
2065 1538 22 19 to
2108 1533 138 31 Wellington
2268 1536 79 24 within
2368 1547 14 14 a
2402 1542 85 23 certain

1909 1566 52 23 time
1973 1567 57 23 after
2047 1567 94 32 making
2159 1567 57 23 their
2234 1569 130 30 purchases.
2400 1573 34 23 To
2449 1574 39 24 the

1910 1599 130 33 Wairarapa
2056 1608 33 16 we
2100 1600 52 24 look
2171 1600 35 24 for
2217 1600 38 24 the
2265 1609 80 18 means
2356 1605 24 23 of
2391 1613 94 18 concen-

1908 1633 89 28 tration,
2009 1634 44 23 and
2065 1634 24 23 of
2098 1634 127 31 increasing
2235 1635 89 32 rapidly
2335 1637 37 24 the
2392 1641 92 29 popula-

1908 1666 46 23 tion
1966 1666 23 23 in
2002 1667 37 24 the
2051 1667 183 31 neighbourhood
2244 1669 26 22 of
2279 1668 57 25 Port
2351 1671 132 27 Nicholson.

1908 1698 35 31 By
1970 1700 18 22 it
2026 1700 38 24 the
2096 1701 152 30 immigration
2289 1703 56 24 fund
2379 1713 51 23 may
2458 1708 29 23 be

1907 1732 153 30 resuscitated,
2079 1734 43 23 and
2147 1733 20 24 if
2184 1734 48 23 that
2249 1735 56 24 fund
2323 1736 27 25 be
2369 1740 116 29 expended

1907 1765 71 24 under
2001 1766 38 24 the
2055 1767 110 31 guidance
2188 1767 25 23 of
2235 1768 141 33 knowledge,
2397 1773 87 24 instead

1907 1798 24 23 of
1946 1799 121 30 ignorance
2084 1808 25 16 or
2128 1800 123 32 obstinacy,
2272 1810 33 15 we
2323 1804 80 24 should
2427 1806 56 25 have

1906 1839 13 16 a
1947 1838 121 25 guarantee
2097 1834 35 24 for
2162 1834 39 23 the
2223 1835 77 32 steady
2328 1845 104 23 progress
2461 1841 26 23 of

1906 1864 37 24 the
1980 1866 136 25 settlement.
2173 1867 50 24 The
2264 1868 118 34 Company
2423 1879 61 18 must

1904 1898 103 24 abandon
2020 1900 57 23 their
2088 1908 48 16 new
2145 1901 128 24 settlement
2285 1910 92 23 system,
2387 1913 24 15 or
2429 1907 52 31 they

1905 1931 44 24 will
1966 1932 126 25 embarrass
2108 1934 134 23 themselves
2259 1935 45 23 and
2322 1936 38 25 the
2381 1938 102 26 Colonial

1904 1964 161 26 Government.
2100 1966 43 24 We
2155 1966 41 24 ask
2216 1968 58 23 them
2296 1973 22 19 to
2333 1971 80 23 review
2424 1973 58 23 their

1902 1998 105 30 position,
2034 2000 43 23 and
2100 2000 92 23 observe
2214 2000 37 23 the
2275 2009 166 25 consequences
2460 2006 26 24 of

1903 2030 98 30 forming
2009 2032 138 23 settlements
2154 2032 46 23 like
2208 2033 116 25 Taranaki
2331 2037 44 23 and
2385 2037 94 24 Nelson.

1903 2062 25 23 If
1936 2061 54 32 they
2001 2065 102 30 required
2115 2064 30 24 all
2165 2065 36 23 the
2212 2065 52 24 land
2276 2072 23 18 to
2315 2068 28 23 be
2354 2070 127 30 pur^hasad

1902 2093 76 26 before
1988 2097 77 31 fitting
2075 2103 40 18 out
2134 2105 28 16 an
2183 2100 135 29 expedition,
2332 2109 25 15 as
2377 2103 52 31 they
2442 2105 38 23 did

1901 2129 25 23 in
1936 2129 38 23 the
1986 2137 51 17 case
2055 2131 26 23 of
2100 2131 57 24 Port
2174 2131 133 30 Nicholson,
2319 2135 19 22 it
2357 2136 73 30 might
2442 2142 39 19 not

1901 2161 29 24 be
1947 2170 26 15 so
1993 2162 169 33 objectionable.
2197 2164 47 24 But
2255 2174 13 15 a
2283 2171 65 26 great
2359 2169 90 25 scheme
2460 2171 21 23 is

1901 2195 93 29 started,
2006 2204 14 16 a
2030 2197 65 24 small
2114 2198 88 31 portion
2214 2199 25 23 of
2255 2200 18 23 it
2288 2201 20 22 is
2321 2201 102 32 adopted,
2437 2204 43 23 and

1901 2228 38 23 the
1959 2237 153 23 consequence
2131 2238 29 16 an
2180 2232 65 23 outfit
2268 2234 45 23 and
2335 2235 147 31 expenditure

1901 2262 65 31 equal
1988 2267 23 19 to
2032 2263 36 24 the
2090 2264 53 31 plan
2166 2265 75 24 rather
2258 2266 55 24 than
2334 2268 37 23 the
2388 2275 93 18 amount

1900 2295 95 30 yielded.
2032 2296 108 25 Hitherto
2158 2296 38 25 the
2218 2298 117 34 Company
2355 2309 83 24 appear
2457 2308 22 19 to

1900 2328 55 24 have
1967 2328 144 32 disregarded
2122 2331 140 30 expeiience,
2275 2334 46 23 and
2341 2342 32 16 we
2384 2335 48 24 fear
2443 2336 38 24 the

1900 2369 49 16 new
1970 2362 139 25 settlements
2133 2363 52 24 with
2208 2365 71 24 which
2305 2375 32 15 we
2365 2376 38 16 are
2430 2377 49 17 now

1902 2394 137 30 threatened,
2051 2397 44 23 will
2117 2397 28 23 be
2162 2397 87 25 further
2265 2401 68 29 proof
2345 2401 24 24 of
2385 2402 45 23 this
2443 2411 36 16 as-

1900 2429 90 24 sertion.
2027 2429 43 24 We
2082 2430 73 24 would
2166 2437 93 25 suggest
2277 2433 39 23 the
2330 2437 114 30 propriety
2458 2437 24 23 of

1900 2461 82 32 calling
1993 2470 13 15 a
2016 2462 58 24 little
2085 2470 62 17 more
2159 2463 90 25 wisdom
2261 2470 23 19 to
2296 2467 58 24 their
2365 2470 112 23 counsels.

1933 2495 34 23 Of
1976 2495 147 33 Wellington,
2135 2504 33 16 we
2187 2498 66 24 could
2272 2500 85 31 always
2377 2509 39 24 say
2430 2503 19 23 it
2459 2503 20 23 is

1899 2527 37 24 the
1947 2528 68 24 finest
2026 2530 41 23 site
2079 2530 34 24 for
2125 2537 13 16 a
2146 2535 58 19 town
2211 2540 6 19 ;
2230 2532 45 24 and
2284 2533 26 23 of
2317 2533 58 24 Port
2383 2535 95 24 Nichol-

1898 2568 49 22 son,
1960 2562 49 24 that
2025 2563 19 24 it
2061 2564 20 23 is
2102 2563 38 24 the
2159 2564 67 23 finest
2246 2566 45 23 and
2311 2566 51 24 best
2381 2569 98 24 situated

1898 2594 97 24 harbour
2006 2596 24 23 in
2048 2596 56 25 New
2125 2596 106 26 Zealand.
2268 2599 36 23 Of
2317 2600 38 25 the
2368 2607 78 18 extent
2456 2603 25 24 of

1898 2628 109 25 available
2023 2629 64 24 lands
2106 2630 30 30 by
2147 2630 71 24 which
2232 2639 33 16 we
2284 2641 38 15 are
2338 2636 141 24 surrounded

1898 2669 33 15 we
1951 2669 58 17 were
2025 2663 36 23 for
2080 2672 14 14 a
2110 2662 55 33 long
2181 2664 54 24 time
2253 2665 111 31 doubtful,
2376 2668 42 24 but
2437 2677 40 16 ex-

1896 2695 105 30 perience
2020 2703 50 18 now
2089 2702 109 19 warrants
2216 2705 27 16 us
2263 2700 25 23 in
2308 2702 113 30 asserting
2440 2702 38 24 the

1896 2731 78 21 extent
1984 2730 44 23 and
2040 2730 93 29 fertility
2145 2730 26 22 of
2188 2731 37 23 the
2237 2731 101 25 districts
2350 2734 127 31 dependent

1896 2768 58 24 upon
1967 2762 38 24 the
2016 2763 49 24 first
2084 2763 44 24 and
2144 2764 107 32 principal
2263 2766 138 30 settlement,
2415 2773 22 18 to
2449 2768 28 24 be

1896 2795 89 31 equally
2004 2803 24 16 as
2046 2796 101 33 superior
2169 2802 24 18 to
2213 2798 64 24 other
2296 2805 63 25 parts
2376 2801 26 23 of
2421 2801 55 24 New

1896 2827 99 26 Zealand
2013 2837 25 16 as
2056 2830 38 24 the
2113 2829 107 26 admitted
2237 2833 136 32 superiority
2394 2835 25 23 of
2437 2843 41 16 our

1896 2865 65 25 town,
1982 2862 105 30 harbour,
2112 2862 45 24 and
2180 2865 160 32 geographical
2369 2869 105 30 position.

1896 2894 61 24 That
1968 2895 39 24 the
2018 2897 106 24 selection
2138 2897 25 23 of
2176 2897 57 24 Port
2254 2898 126 26 Nicholson
2392 2903 35 22 ibr
2438 2902 37 24 the

1895 2926 137 34 Company's
2044 2930 50 24 first
2105 2930 44 23 and
2168 2931 110 32 principal
2289 2934 130 24 settlement
2429 2943 46 16 was

1894 2962 122 30 peculiarly
2028 2963 119 29 fortunate,
2158 2964 62 23 there
2232 2973 43 16 can
2288 2974 48 16 now
2348 2970 86 22 remain
2446 2977 31 15 no.

1893 2994 78 24 doubt.

1927 3052 60 25 HIS
2023 3053 231 27 EXCELLENCY
2289 3057 151 26 CAPTAIN

2060 3087 158 30 FITZROY,
2237 3090 68 24 R.N.

57 3044 95 71 New
183 3044 220 71 Zealand
434 3044 220 71 Gazette

108 3115 68 24 AND
189 3116 217 26 WELLINGTON
424 3119 187 26 SPECTATOR.

149 3172 155 24 Wednesday,
320 3172 111 24 January
443 3175 34 26 24,
494 3177 61 21 1844.

710 165 76 19 sentee
805 163 72 23 would
896 163 126 25 contribute
1040 165 20 23 if
1073 165 32 24 i'fe
1122 174 59 16 were
1191 167 99 24 resident

710 193 24 23 in
744 194 39 23 the
799 195 94 31 Colony.
928 195 56 24 And
1004 205 32 16 we
1056 198 68 25 think
1143 200 18 23 it
1178 199 113 25 desirable

710 227 148 31 occasionally
867 232 22 18 to
900 229 90 23 remind
1000 229 38 24 the
1045 231 107 24 absentee
1163 233 127 30 proprietor

710 259 24 22 of
744 259 37 23 his
793 259 122 31 obligation
927 266 23 18 to
961 263 126 24 contribute
1099 268 24 19 to
1132 271 42 16 our
1185 266 104 23 societies

710 291 44 24 and
765 292 146 30 institutions,
923 294 35 23 for
969 302 26 16 as
1004 294 52 32 they
1064 297 138 30 necessarily
1210 299 79 31 spring

710 329 39 19 out
760 325 26 22 of
794 332 28 16 an
840 326 116 31 improved
966 327 102 25 civilized
1087 334 58 18 state
1155 330 26 23 of
1193 332 94 30 society,

710 364 25 15 so
746 357 23 23 in
781 359 129 29 proportion
923 364 22 19 to
957 360 59 23 their
1024 360 114 32 efficiency
1147 362 53 31 they
1207 363 81 25 render

710 389 36 23 the
755 389 87 32 Colony
851 399 14 15 a
872 398 62 17 more
942 392 110 25 desirable
1061 394 64 31 place
1134 395 25 23 of
1162 395 124 31 residence,

709 422 44 24 and
773 424 161 32 consequently
944 426 52 30 give
1014 433 28 17 an
1054 427 122 24 additional
1188 428 64 24 value
1264 435 23 19 to

709 454 37 24 the
764 456 60 23 land.
861 456 42 24 We
913 465 52 24 may
978 458 64 24 make
1061 466 13 16 a
1085 461 94 30 passing
1190 461 96 26 allusion

708 493 23 18 to
751 487 122 32 Monday's
891 496 159 24 amusements,
1062 493 44 23 and
1124 498 72 19 assert
1215 496 70 24 confi-

708 519 78 32 dently
797 520 55 30 that,
864 522 20 24 if
892 522 65 25 there
976 524 43 24 had
1036 525 58 23 been
1110 533 28 17 an
1149 525 136 28 Absentees'

708 553 75 28 Plate,
795 562 14 14 a
819 555 152 24 contribution
982 557 25 22 of
1016 564 61 17 some
1085 557 56 25 kind
1152 564 24 19 to
1184 566 101 25 promote

708 585 37 24 the
765 586 118 25 festivities
903 588 54 24 with
978 589 71 24 which
1068 598 34 17 we
1120 591 111 26 celebrate
1247 595 38 24 the

706 619 148 32 anniversary
873 621 25 23 of
918 619 37 26 the
974 619 108 36 founding
1102 624 23 23 of
1148 623 39 26 the
1207 628 77 23 settle-

707 656 63 19 ment
780 652 25 23 in
815 652 72 25 which
906 654 53 31 they
971 662 90 23 possess
1071 664 27 16 so
1112 658 62 30 large
1185 667 14 15 a
1210 660 73 30 stake,

706 684 19 24 it
736 685 73 24 would
821 685 56 25 have
897 686 57 24 been
974 690 104 29 accepted
1090 698 25 15 as
1126 698 14 15 a
1150 692 135 33 convincing

706 717 67 31 proof
783 717 25 24 of
816 718 38 25 the
864 718 94 25 interest
966 720 52 31 they
1025 722 54 24 take
1088 724 24 22 in
1122 731 40 16 our
1169 732 113 25 progress.

706 750 49 24 But
765 754 23 20 to
800 756 75 20 return
887 757 24 19 to
923 760 41 16 our
973 753 93 32 subject.
1103 755 50 25 The
1160 758 123 26 assistance

706 783 39 24 the
764 783 105 26 absentee
886 793 43 16 can
947 786 50 25 best
1009 788 88 25 render,
1100 790 38 23 the
1148 790 103 31 colonist,
1263 793 20 24 is

706 816 25 24 in
751 818 112 32 creating.
868 819 44 23 and
933 819 109 33 fostering
1061 830 14 15 a
1092 822 96 26 demand
1198 825 36 24 for
1245 826 38 24 the

705 850 90 24 natural
811 851 145 31 productions
968 853 25 24 of
1007 853 45 25 this
1063 860 102 28 country,
1177 858 44 24 and
1237 859 45 24 this

706 882 51 24 falls
779 883 122 33 peculiarly
924 885 77 25 within
1026 887 38 24 his
1092 890 122 30 province;
1217 903 32 6 —
1251 899 31 18 we

704 915 90 24 furnish
812 916 37 24 the
868 925 47 16 raw
931 920 116 29 .material,
1059 922 18 23 it
1097 922 105 25 devolves
1221 932 60 25 upon

704 947 47 25 him
763 953 23 19 to
797 950 90 30 provide
899 950 39 24 the
949 952 96 24 market.
1081 954 47 24 Not
1139 960 23 19 to
1173 956 74 25 allude
1258 962 23 20 to

702 980 55 29 flax,
770 989 28 15 on
818 981 78 26 which,
901 991 26 16 so
945 984 66 24 much
1030 986 43 23 has
1089 987 56 24 been
1165 989 57 29 said,
1238 992 42 22 and

703 1012 38 24 the
753 1014 136 31 importance
901 1016 27 23 of
936 1016 72 24 which
1019 1022 23 19 to
1053 1018 46 25 this
1105 1026 99 26 .country
1218 1030 24 16 as
1252 1032 29 15 an

702 1051 81 26 export
798 1052 82 20 cannot
892 1048 27 23 be
939 1051 122 29 overrated,
1082 1059 31 16 we
1132 1054 46 23 will
1193 1056 87 24 confine

702 1086 42 16 our
763 1081 107 23 attention
884 1082 95 31 -strictly
993 1087 22 19 to
1033 1085 146 30 agricultural
1200 1089 79 30 topics,

701 1112 44 24 and
767 1112 70 25 select
858 1121 42 17 our
922 1114 148 27 illustrations
1094 1118 57 25 from
1180 1121 100 32 subjects

700 1146 122 24 connected
831 1146 53 25 with
898 1147 69 25 them.
1002 1149 50 24 The
1059 1153 138 23 ornamental
1207 1156 73 23 woods

699 1179 27 23 of
735 1178 57 24 New
802 1179 100 25 Zealand
1012 1183 54 31 only
1078 1189 21 18 to
1112 1185 27 24 be
1153 1185 87 26 Jcnown
1256 1193 23 19 to

699 1211 28 24 be
739 1212 78 31 highly
828 1214 85 30 prized,
925 1215 44 24 and
975 1219 27 20 .to
1013 1216 92 25 become
1124 1226 29 16 an
1165 1220 78 24 article
1256 1222 25 23 of

699 1250 65 25 great
783 1246 94 24 demand
896 1247 23 23 in
939 1247 39 25 the
997 1249 93 24 Mother
1106 1251 113 33 Country.
1255 1254 26 25 If

699 1278 56 23 each
766 1279 103 24 absentee
889 1280 73 25 would
980 1283 92 30 provide
1083 1283 93 26 himself
1192 1287 54 24 with
1265 1296 13 16 a

699 1310 117 25 collection
838 1312 25 24 of
884 1315 61 28 good
965 1317 125 29 specimens
1108 1318 30 23 of
1152 1319 42 24 .the
1218 1326 59 18 most

699 1345 138 24 ornamental
858 1346 81 29 woods,
951 1346 49 25 how
1011 1350 67 23 much
1094 1351 73 30 might
1179 1352 28 24 be
1219 1353 57 25 done

699 1381 21 19 to
739 1378 66 24 make
825 1378 60 24 them
907 1382 137 30 extensively
1064 1383 91 26 known.
1190 1386 85 32 Again,

698 1411 125 31 specimens
835 1412 25 23 of
873 1413 38 23 the
928 1413 56 25 bark
995 1415 26 23 of
1034 1415 104 26 different
1148 1422 59 20 trees
1219 1420 56 23 have

698 1444 57 23 been
772 1449 49 19 sent
839 1449 22 19 to
883 1446 117 31 JEnglaud,
1026 1456 44 17 one
1089 1450 56 24 kind
1164 1450 62 31 (that
1252 1454 25 23 of

698 1476 38 24 the
756 1477 79 32 Tawa)
847 1479 19 22 is
887 1480 111 25 excellent
1016 1482 35 23 for
1071 1483 36 24 the
1125 1492 110 23 purposes
1252 1487 25 23 of

697 1512 102 29 tanning,
812 1512 93 23 another
917 1511 60 32 (that
988 1515 24 23 of
1022 1515 37 24 the
1073 1516 91 33 Hinau)
1175 1518 36 23 for
1222 1527 51 23 pro-

697 1543 84 31 ducing
790 1552 14 15 a
811 1551 132 25 permanent
954 1547 65 24 black
1030 1548 51 31 dye.
1117 1550 61 24 How
1187 1552 86 24 desira-

696 1576 36 24 ble
751 1578 18 22 it
780 1578 72 23 would
870 1578 29 24 be
910 1583 23 19 to
952 1581 102 24 institute
1074 1584 152 30 experiments
1243 1587 30 30 by

695 1611 107 29 practical
813 1618 52 17 men
877 1612 26 23 of
917 1612 54 32 high
983 1617 127 29 reputation
1127 1621 23 19 to
1162 1620 110 23 ascertain

696 1642 59 24 their
765 1644 73 28 value,
847 1644 118 34 relatively
972 1652 21 19 to
1005 1647 65 25 those
1078 1649 133 25 substances
1224 1660 48 15 now

695 1676 55 23 used
759 1677 34 23 for
811 1677 37 23 the
859 1685 110 25 purposes
988 1686 24 18 to
1025 1681 73 25 which
1115 1682 54 32 they
1179 1691 53 24 may
1242 1686 29 23 be

694 1709 96 31 applied,
811 1710 43 24 and
875 1716 23 18 to
917 1712 80 26 inform
1016 1722 28 16 us
1056 1715 26 23 of
1099 1715 38 25 the
1153 1717 85 24 results
1249 1719 24 23 of

694 1742 63 24 these
768 1745 159 29 experiments.
963 1745 26 25 If
1002 1754 14 16 a
1027 1748 78 32 steady
1116 1749 44 24 and
1171 1750 99 25 increas-

693 1775 40 31 ing
739 1775 89 24 market
836 1783 58 18 were
902 1780 86 22 created
997 1780 35 23 for
1045 1781 62 25 these
1117 1783 151 30 productions,

692 1816 33 15 we
740 1809 79 24 should
828 1811 78 30 regard
917 1811 37 24 the
965 1813 100 33 clearing
1076 1816 25 23 of
1117 1823 40 16 our
1179 1817 90 32 heavily

692 1842 109 24 timbered
812 1843 66 24 lands
887 1852 28 15 on
934 1845 70 24 whicli
1017 1846 62 25 these
1091 1849 74 24 woods
1176 1858 40 16 are
1230 1859 38 16 us-

692 1875 60 31 ually
765 1875 75 30 found,
842 1888 34 5 —
877 1882 39 18 not
934 1886 25 15 as
970 1888 13 14 a
995 1880 89 32 subject
1092 1882 26 23 of
1127 1883 86 24 careful
1223 1885 44 24 cal-

691 1908 107 30 culation,
809 1909 40 24 but
864 1918 27 15 as
911 1919 14 15 a
936 1920 77 16 source
1025 1914 26 23 of
1066 1917 85 22 certain
1162 1924 103 21 revenue.

690 1941 63 24 That
770 1942 72 24 which
853 1950 34 16 we
906 1952 50 16 now
967 1945 56 24 burn
1044 1955 24 16 as
1086 1948 134 35 cumbering
1228 1952 39 26 the

689 1976 88 29 ground
789 1975 72 24 would
880 1978 69 23 assist
959 1986 26 15 us
997 1980 24 23 in
1032 1981 84 32 paying
1126 1982 35 24 for
1178 1983 88 25 the'de-

689 2009 109 21 cessaries
810 2009 44 23 and
864 2009 102 25 luxuries
976 2019 31 15 we
1017 2020 114 22 consume,
1142 2016 44 22 and
1195 2017 73 24 would

689 2040 52 31 give
759 2048 27 15 us
807 2041 122 25 additional
946 2051 78 17 means
1036 2046 34 23 for
1089 2049 124 30 extending
1230 2049 37 25 the

689 2073 54 23 field
753 2074 25 23 of
793 2081 40 17 our
844 2077 136 29 operations.
1017 2078 47 24 But
1078 2080 46 23 this
1141 2081 21 23 is
1180 2089 14 16 a
1206 2083 59 24 work

689 2107 26 22 of
733 2107 52 23 time
801 2107 43 24 and
854 2111 68 27 great
932 2117 163 23 perseverance
1104 2121 6 21 ;
1125 2121 41 17 our
1183 2115 92 26 friends'

688 2145 62 18 must
760 2145 38 18 not
814 2140 28 24 be
854 2142 145 32 discouraged
1018 2144 30 31 by
1059 2145 37 24 the
1108 2147 71 24 result
1190 2148 26 24 of
1225 2157 41 17 one

688 2181 25 15 or
724 2178 43 18 two
779 2175 155 24 unsuccessful
941 2178 158 30 experiments,
1109 2180 40 24 but
1160 2182 105 24 continue

687 2205 59 24 their
765 2206 75 24 efforts
861 2209 57 23 until
939 2209 61 25 these
1021 2218 92 24 exports
1133 2213 57 25 have
1209 2215 55 26 be.en

687 2239 66 31 fairly
764 2240 78 29 tested,
856 2241 44 24 and
911 2250 14 15 a
936 2243 77 32 steady
1025 2246 44 23 and
1086 2246 128 33 increasing
1225 2249 40 24 de-

686 2272 69 24 mand
766 2272 34 25 for
811 2274 61 24 them
883 2275 41 23 has
936 2275 54 25 been
1002 2279 97 24 created.
1135 2279 77 33 Every
1223 2289 42 17 one

687 2306 49 23 who
748 2307 139 24 endeavours
903 2313 22 20 to
938 2309 114 26 introduce
1070 2314 130 30 something
1216 2322 49 17 new

685 2339 43 24 has
741 2339 65 24 much
819 2345 23 19 to
854 2342 94 24 contend
966 2344 90 30 against
1075 2345 23 24 in
1111 2346 39 24 the
1161 2348 104 24 mistrust

686 2372 55 24 with
760 2373 70 24 which
851 2375 109 24 novelties
977 2384 39 16 are
1033 2378 117 31 regarded,
1164 2382 43 22 and
1227 2382 37 24 the

685 2405 126 32 prejudices
821 2406 49 24 that
877 2407 62 32 cling
949 2414 22 18 to
981 2409 38 25 the
1026 2410 80 25 beaten
1116 2413 73 24 track.
1214 2415 50 24 The

685 2439 88 31 history
784 2439 25 24 of
817 2447 67 23 every
897 2441 122 31 important
1028 2444 115 26 invention
1157 2447 45 24 will
1214 2449 49 23 fur-

684 2472 52 23 nish
749 2472 114 25 abundant
873 2474 77 31 proofs
962 2476 24 23 of
996 2476 53 24 this.
1085 2477 28 25 If
1121 2487 31 15 we
1165 2481 52 29 only
1228 2489 35 16 re-

684 2505 35 24 fer
737 2511 22 18 to
778 2505 37 24 the
832 2506 89 32 history
931 2508 25 24 of
970 2509 39 24 the
1027 2516 64 25 great
1109 2512 117 26 invention
1242 2516 24 23 of

684 2539 92 24 modern
788 2540 75 28 times,
876 2540 38 24 the
925 2546 70 20 steam
1007 2544 89 30 engine,
1108 2552 33 17 we
1150 2547 59 24 shall
1218 2548 45 24 find

684 2572 50 24 that
755 2572 86 32 though
859 2573 39 24 the
920 2578 166 23 remuneration
1106 2580 106 30 required
1234 2582 29 30 by

684 2605 64 24 Watt
765 2606 56 23 from
843 2606 65 25 those
924 2608 48 24 who
992 2610 57 24 used
1060 2611 36 24 his
1113 2613 90 31 engine,
1216 2622 46 17 was

684 2639 52 31 only
748 2639 37 24 the
795 2639 66 24 value
873 2640 25 23 of
907 2648 41 17 one
958 2641 61 26 third
1028 2643 38 24 the
1077 2646 81 31 saving
1167 2647 26 23 of
1202 2648 60 24 coals

684 2672 93 24 effected
795 2672 29 39 by
836 2672 36 24 bis
891 2675 100 30 engines,
1013 2679 118 30 compared
1150 2679 54 24 with
1225 2681 37 24 the

684 2705 148 32 atmospheric
842 2707 93 31 engines
944 2707 97 26 hitherto
1050 2711 62 29 used,
1125 2712 91 32 leaving
1225 2715 36 23 the

682 2738 85 25 benefit
778 2738 24 24 of
817 2739 40 24 the
869 2739 64 25 other
944 2745 42 19 two
998 2742 72 25 thirds
1082 2749 23 19 to
1117 2745 37 24 the
1166 2747 75 30 public
1252 2757 7 20 ;

683 2777 39 26 yet
732 2772 56 24 such
800 2780 45 16 was
864 2773 38 24 the
918 2774 112 25 influence
1041 2777 25 23 of
1081 2778 125 32 prejudice,
1219 2782 43 23 and

684 2805 38 24 the
734 2804 82 25 dislike
826 2806 26 23 of
868 2806 59 24 what
938 2808 19 22 is
976 2816 57 21 new,
1051 2810 49 24 that
1115 2812 62 24 Watt
1185 2835 7 9 4
1192 2813 69 25 found

683 2845 64 24 great
758 2838 110 31 difficulty
877 2839 24 24 in
911 2841 87 31 getting
1008 2842 60 25 them
1080 2844 47 24 into
1138 2835 54 35 use.'
1210 2847 51 24 The

684 2872 74 23 writer
769 2871 48 24 who
837 2872 79 24 makes
935 2872 44 25 this
991 2880 121 20 statement
1131 2879 63 29 adds,
1238 2881 24 24 It

684 2904 73 24 would
767 2904 28 24 be
813 2913 15 15 a
838 2905 101 31 problem
950 2907 26 24 of
991 2909 89 24 curious
1092 2911 135 26 calculation
1238 2919 22 19 to

684 2937 121 24 determine
817 2938 61 24 what
889 2940 71 23 would
979 2940 58 25 have
1049 2942 55 25 been
1122 2945 46 24 lost
1188 2950 23 20 to
1223 2947 37 25 the

683 2978 115 16 resources
809 2971 26 23 of
852 2971 46 25 this
908 2978 102 28 country,
1023 2975 20 24 if
1059 2977 84 24 chance
1164 2978 45 26 had
1220 2986 40 19 not

683 3004 77 24 united
771 3004 36 24 the
817 3005 83 30 genius
908 3006 26 23 of
941 3008 56 23 such
1008 3016 15 15 a
1033 3017 52 17 man
1098 3018 24 16 as
1131 3011 64 25 Watt
1207 3015 51 23 with

682 3036 38 24 the
740 3037 72 32 spirit,
831 3039 131 32 enterprise,
980 3042 45 23 and
1043 3043 81 32 capital
1136 3045 26 24 of
1179 3047 56 24 such
1246 3057 13 14 a

682 3077 52 17 man
745 3078 25 16 as
931 3072 57 25 This
999 3076 103 33 example
1120 3077 82 26 should
1220 3086 39 19 not

681 3102 29 24 be
720 3103 44 25 lost
775 3111 61 24 upon
847 3112 35 21 us,
895 3106 18 23 it
931 3106 85 32 clearly
1026 3108 124 27 illustrates
1167 3112 51 25 how
1230 3114 29 31 by

681 3144 11 15 a
706 3135 65 25 union
793 3137 26 24 of
843 3145 41 16 our
901 3138 77 26 efforts
993 3149 34 16 we
1043 3150 52 24 may
1110 3146 149 32 successfully

680 3170 70 24 attain
761 3170 37 24 the
809 3170 56 24 ends
877 3179 32 17 we
921 3172 56 26 have
990 3175 24 24 in
1023 3176 64 24 view.

74 2881 97 22 London
563 2888 13 19 5
602 2889 14 19 0
642 2889 14 20 0

72 2907 57 22 New
144 2907 79 22 South
238 2907 85 23 Wales
337 2917 46 14 and
394 2910 28 21 V.
434 2910 27 22 D.
474 2911 26 22 L.
527 2914 50 21 ..2
602 2915 14 20 0
642 2921 14 19 0

72 2933 96 22 Nelson
562 2941 14 21 2
602 2943 14 19 0
642 2944 15 20 0

70 2960 125 23 Taranari
206 2968 46 15 and
258 2960 74 24 Coast
562 2968 14 20 2
602 2969 14 20 0
642 2971 14 19 0

70 2987 132 22 Auckland
590 3001 22 14 m
608 2995 21 20 7.

86 156 11 22 I
254 157 111 22 Wairau
387 158 146 21 Massacre.

84 183 12 29 I
109 191 42 24 T>
160 190 135 23 ECEIVED
309 191 44 21 this
367 191 43 26 day
418 191 57 21 from
491 190 90 26 Nelson,
591 191 47 22 and
653 198 25 14 on

83 212 13 26 I
107 212 52 27 iJLV
186 216 49 22 Sale
254 220 24 18 at
296 217 43 22 this
356 216 78 27 Office,
444 224 15 14 a
475 216 140 28 supplement
631 224 47 15 con-

84 244 10 20 I
104 242 87 28 taining
198 250 14 14 a
222 247 60 17 most
290 242 100 23 valuable
400 246 96 20 account
510 243 24 22 of
543 242 38 23 the
591 243 87 23 Wairau

84 274 10 18 I
105 268 119 23 Massacre.

84 296 8 41 I
155 301 92 22 Gazette
282 301 76 27 Office,
369 301 100 29 January
478 304 34 26 23,
524 304 59 21 1844.

84 336 7 38 I
256 345 186 28 Anniversary
454 347 73 22 Fete.

119 378 19 22 A
169 377 145 24 MEETING
326 378 50 24 .will
390 379 52 24 take
458 380 72 27 place.
536 384 22 18 at
577 380 101 23 Barrett's

103 402 51 24 il
181 404 70 22 Hotel
260 412 29 15 on
299 405 108 28 Saturday
409 406 108 28 evening,
527 410 24 18 at
565 408 18 21 8.
588 406 90 28 o'clock,

102 433 24 19 to
136 430 64 23 settle
209 431 30 21 all
254 431 75 23 stakes
343 432 124 22 connected
484 432 52 23 with
551 433 38 22 tbe
607 433 71 28 racing

84 454 3 24 !
102 456 45 23 and
157 460 70 25 sports
236 458 27 21 of
269 457 39 22 the
316 457 50 28 day.

84 487 2 19 i
407 485 23 21 J.
445 485 99 28 Dorset,

465 518 57 21 Hon.
533 519 119 23 Secretary.
