3290 4340
1090 418 124 18 VISITORS'
1228 420 63 17 LIST.

1102 468 83 18 Geyser
1201 470 78 18 Hotel.

996 498 105 19 Mesdames
1110 500 82 21 Hewett,
1201 501 117 23 Wellington
1325 498 3 26 ;
1340 503 66 21 Baber,

972 522 106 23 Tauranga.
1104 523 66 18 Misses
1179 524 71 18 Gibson
1260 524 33 24 (2),
1307 526 99 23 Glasgow;

972 545 71 20 Dodds,
1052 545 119 24 Edinburgh,
1191 547 70 19 Messrs
1267 548 82 21 Walker,
1354 550 40 18 Lon-

972 569 48 20 dan;
1034 569 104 21 Anderson,
1149 570 88 24 Sydney;
1253 572 66 18 Green.
1334 573 61 18 Johan-

971 592 83 23 nesburg
1061 592 4 26 ;
1080 592 67 21 Baber,
1157 592 111 26 Tauranga;
1291 595 64 20 Elliot.,
1371 597 24 17 As-

971 621 45 13 sam,
1025 616 62 18 India:
1099 616 102 21 Robinson,
1208 617 130 22 Manchester;
1348 620 57 22 Gray,

971 638 97 21 Dunedin;
1082 639 87 21 Dowries,
1178 641 126 22 Wellington;
1315 642 90 21 McLean,

970 661 80 18 London
1058 661 3 25 ;
1076 662 84 21 Gamier,
1171 663 53 18 Paris
1232 661 3 25 ;
1257 665 83 21 Corbett,
1357 667 37 17 Mel-

970 684 72 18 bourne
1054 684 4 26 ;
1080 685 84 23 Cassidy,
1194 687 77 23 Sydney
1283 684 4 26 ;
1316 689 89 21 Grobion,

970 708 100 23 Germany.

1504 178 82 18 Ancient
1594 179 63 18 Maori
1665 179 55 19 Land
1727 178 4 26 :
1762 181 29 23 By
1799 181 70 19 Elsdon

1434 201 51 17 Best.
1495 201 106 23 Intending
1611 202 111 18 advertisers
1735 210 32 12 are
1774 205 96 22 requested

1434 227 20 14 to
1471 224 45 17 send
1523 225 19 16 in
1560 226 50 16 their
1618 226 63 17 favors
1690 227 81 18 without
1779 228 54 23 delay
1850 231 20 15 to

1436 247 32 17 the
1477 246 119 19 CintONJCLE
1606 248 75 19 Office.*

1456 279 39 16 The
1503 279 47 17 level
1560 280 21 17 of
1589 280 32 17 the
1630 281 73 17 Kuirau
1710 281 34 18 has
1753 283 57 22 again
1822 283 36 17 low-

1433 302 43 16 ered
1492 302 38 17 and
1546 303 33 17 the
1594 304 127 22 temperature
1734 306 21 16 of
1770 306 32 17 the
1819 307 50 16 main

1432 325 44 22 pool
1495 325 16 17 is
1528 327 168 23 correspondingly
1716 328 86 18 reduced.
1840 330 29 17 On

1433 348 76 22 Sunday
1518 349 38 16 last
1565 355 10 11 a
1585 350 80 17 number
1673 351 20 16 of
1701 352 73 16 natives
1788 358 47 12 were
1850 354 19 16 to

1432 371 23 17 be
1461 377 41 11 seen
1510 372 109 23 disporting
1624 373 111 18 themselves
1741 375 19 16 in
1765 375 33 17 the
1803 377 64 16 water.

1455 403 38 17 The
1504 403 48 17 local
1560 405 110 17 footballers
1678 407 50 16 meet
1738 407 30 17 the
1781 407 87 19 Waikato

1431 426 50 22 Bops
1491 433 24 10 on
1525 427 32 18 the
1567 427 164 20 Pulcoroareserve
1741 436 23 11 on
1774 429 94 25 Saturday

1431 450 105 17 afternoon.
1571 451 38 16 The
1624 451 69 23 charge
1702 453 19 16 of
1730 453 101 18 admission
1848 455 20 17 to

1431 473 32 17 the
1472 473 74 22 ground
1556 474 30 16 for
1594 474 64 18 adults
1666 475 15 17 is
1692 476 24 19 Is,
1732 476 83 18 children
1822 478 44 17 free.

1431 497 16 16 A
1457 495 77 23 spirited
1549 502 56 17 game
1619 497 15 17 is
1657 499 121 22 anticipated.

1453 527 39 17 The
1508 527 102 24 Tauranga
1626 529 67 22 people
1708 536 31 11 are
1748 530 70 24 urging
1835 532 32 17 the

1430 549 128 19 Government
1576 553 20 15 to
1621 552 90 19 establish
1728 560 11 10 a
1763 554 104 23 bi-weekly

1429 574 44 16 mail
1482 574 69 18 service
1560 577 20 14 to
1589 574 84 19 Rotorua
1682 576 26 22 by
1716 577 63 18 coach,
1796 578 32 16 via
1835 579 32 17 the

1429 597 59 22 Oropi
1497 598 54 19 bush,
1568 598 19 16 in
1601 599 54 22 place
1664 600 20 17 of
1692 600 33 17 the
1732 600 71 22 weekly
1812 601 54 18 horse

1429 626 21 12 or
1454 620 68 23 buggy
1539 621 69 18 service
1627 622 30 17 for
1669 622 63 18 which
1746 624 75 17 tenders
1835 631 31 10 are

1428 649 43 11 now
1479 643 59 23 being
1544 643 78 19 invited.

1452 675 16 16 A
1481 675 82 17 football
1580 676 62 17 match
1660 677 39 18 will
1715 678 44 17 take
1775 678 54 23 place
1845 681 21 15 at

1508 705 24 11 on
1542 699 94 22 Saturday
1645 700 85 18 between
1742 701 32 17 the
1790 702 75 22 players

1428 721 20 17 of
1457 721 42 18 that
1516 722 157 22 neighbourhood
1681 724 38 17 and
1732 730 11 11 a
1756 726 49 16 team
1815 726 49 17 from

1428 744 89 14 'M'-inoirii
1555 746 40 14 Anv
1604 746 75 17 visitors
1688 748 60 17 G-oinc-
1760 748 48 17 from
1821 749 43 17 here

1916 179 83 19 Tenders
2008 187 31 11 are
2048 181 71 17 invited
2128 181 19 17 in
2156 182 80 17 another
2254 182 75 17 column

1894 201 29 18 for
1932 203 33 16 the
1974 205 81 15 erection
2064 205 21 17 of
2093 210 11 10 a
2112 204 88 22 building
2209 206 20 16 to
2237 205 45 17 take
2298 205 31 17 the

1892 226 54 20 place
1967 226 19 17 of
2007 227 31 16 Mr
2058 227 20 18 C.
2097 227 113 18 Crowther's
2235 227 94 18 Atiamuri

1893 248 65 21 Hotel,
1968 249 100 22 destroyed
2077 250 25 22 by
2108 250 33 17 fire
2147 257 51 11 some
2205 252 75 17 months
2285 257 44 17 ago,

1892 271 31 17 Mr
1932 271 73 18 Corlett
2011 273 16 17 is
2035 273 31 17 the
2073 274 96 19 architect.,
2178 274 37 17 and
2221 274 61 22 plans,
2289 274 39 21 &0.,

1892 300 44 16 may
1944 295 23 17 be
1976 301 43 12 seen
2028 299 20 14 at
2056 297 29 16 his
2094 297 58 17 office.

2032 335 156 19 HYPNOTISM

1890 387 47 22 May
1945 387 48 18 have
2009 387 25 19 its
2050 389 71 17 virtues
2137 394 21 13 as
2172 395 12 12 a
2200 390 92 22 producer
2309 391 18 17 of

1890 416 80 11 nervous
1979 411 56 22 sleep,
2045 412 35 17 but
2089 412 78 17 Wolfe's
2176 412 97 24 Schnapps
2285 414 16 17 is
2316 420 11 11 a

1890 439 45 16 very
1957 434 92 18 desirable
2068 441 56 11 nerve
2146 436 106 18 stimulant.
2284 437 43 22 Buy

1890 456 70 18 bottles
1970 457 66 17 intact.

1969 523 141 19 DAMAGING
2120 525 115 19 GEYSERS.

1913 570 25 17 At
1946 570 42 17 first
1996 571 89 22 thought,
2094 577 11 12 a
2113 572 35 22 big
2156 578 72 17 geyser,
2243 574 19 16 in
2275 574 49 22 good

1888 593 87 24 working
1992 594 60 20 order,
2070 594 63 18 would
2148 601 49 12 seem
2211 601 36 12 one
2256 597 20 17 of
2293 597 31 17 the

1888 618 49 15 most
1946 617 82 17 difficult
2036 617 66 23 tilings
2111 618 19 16 in
2139 621 68 15 nature
2216 621 20 15 to
2245 620 79 23 damage

1887 640 39 17 But
1934 640 45 17 then
1988 641 33 16 the
2029 647 51 10 same
2089 641 63 17 would
2161 641 57 24 apply
2228 644 19 16 to
2257 649 53 12 moun-

1887 663 40 17 tain
1946 663 63 22 peaks,
2028 664 36 16 and
2073 666 33 20 yet
2123 670 28 11 we
2159 666 48 16 have
2221 666 17 17 it
2246 672 24 11 on
2292 666 32 18 the

1887 687 97 21 authority
2002 687 19 17 of
2029 693 35 11 one
2070 688 20 16 of
2098 687 32 18 the
2139 688 115 18 individuals
2262 689 49 18 them-

1887 709 59 18 selves
1967 710 43 17 that
2025 716 11 11 a
2058 712 64 16 recent
2146 711 68 23 Alpine
2233 713 90 22 climbing

1886 732 66 17 visitor
1965 733 38 16 and
2019 734 29 16 his
2064 734 61 17 friend
2142 734 86 18 knocked
2245 736 27 17 off
2286 737 37 16 and

1886 756 91 16 noeketed
1988 756 32 18 the
2038 758 43 17 tops
2090 757 20 17 of
2123 758 33 17 the
2165 760 37 15 two
2219 759 57 20 peaks
2285 760 20 16 of
2313 766 10 10 a

2375 187 31 18 Mr
2414 189 23 17 It.
2459 187 76 19 Rhodes
2549 188 16 18 is
2582 190 99 21 president.,
2700 189 38 18 and
2754 190 30 17 Mr

2353 209 83 20 Griffiths
2445 212 99 20 secretary,
2554 211 21 17 of
2587 211 31 19 the
2634 214 62 22 newly
2712 213 72 17 formed

2352 233 85 19 Brokers'
2447 232 118 21 Association
2574 237 20 15 at
2603 235 105 25 Tauranga.

2375 257 19 17 It
2399 258 14 17 is
2423 256 96 23 currently
2528 258 87 22 reported
2630 260 42 17 that
2689 261 32 16 the
2737 260 47 17 Nov,'

2352 279 80 19 Zealand
2441 281 127 22 Exploration
2577 281 97 24 Company
2683 284 47 16 have
2738 288 35 17 pur-

2351 301 67 20 chased
2427 304 31 17 the
2467 303 61 18 whole
2537 304 21 17 of
2566 304 102 24 Fleming's
2685 306 98 21 Freehold,

2351 326 36 17 and
2398 326 81 21 30,000
2488 326 14 17 is
2512 327 108 18 mentioned
2629 334 20 12 as
2658 329 31 18 the
2697 330 56 21 price.

2373 349 20 17 It
2401 350 15 17 is
2425 349 101 23 computed
2535 350 42 17 that
2586 350 20 17 in
2614 351 98 18 Auckland
2718 359 24 10 no
2748 353 36 16 less

2350 372 46 17 than
2405 374 53 19 2,000
2469 378 77 17 persons
2563 379 32 11 are
2611 374 87 18 included
2714 376 21 17 in
2751 376 33 17 the

2349 401 54 16 army
2419 397 20 16 of
2455 396 138 20 sharebrokers,
2610 397 51 23 legal
2678 404 104 17 managers,

2349 418 73 23 mining
2431 421 57 18 touts,
2498 419 67 21 clerks,
2575 420 40 20 &c,
2625 421 59 17 which
2694 422 33 17 has
2738 422 33 17 sud-

2349 441 56 21 denly
2415 448 72 17 sprung
2495 448 25 16 up
2527 442 19 18 in
2556 449 88 16 response
2652 445 20 16 to
2688 445 31 16 the
2733 446 37 16 min-

2348 464 35 21 ing
2391 465 60 19 boom,
2462 466 38 17 and
2509 465 86 23 thriving
2603 472 24 11 on
2636 467 16 17 it
2664 468 19 16 to
2700 468 32 17 the
2749 474 22 12 ex-

2349 489 40 15 tent
2398 488 20 17 of
2427 489 68 19 O,OOO
2504 495 34 15 per
2547 489 58 17 week.

2371 510 74 18 Sever;:!
2455 512 81 22 samples
2545 512 21 17 of
2574 514 53 15 stone
2637 513 86 18 obtained
2733 515 47 17 from

2347 533 25 17 Te
2389 534 76 21 Whoiti,
2484 535 65 20 Otara,
2568 535 90 19 Waioeka
2674 537 37 17 and
2727 538 54 17 other

2347 557 47 17 reefs
2404 557 107 18 discovered
2519 564 66 12 nearer
2594 559 77 22 Opotiki
2679 560 47 17 have
2735 561 46 17 been

2347 581 42 16 sent
2396 581 48 16 from
2454 582 53 16 there
2515 583 20 16 to
2544 582 101 17 Auckland
2652 585 20 15 to
2685 583 23 17 be
2721 584 61 17 tested

2347 603 30 17 for
2385 604 51 21 gold.

2370 626 26 17 At
2404 626 33 18 the
2442 627 37 17 last
2484 628 84 23 meeting
2574 628 20 17 of
2601 628 32 18 the
2638 628 35 18 Wa
2681 629 44 17 kato
2734 630 35 17 Far-

2346 650 53 17 mers'
2410 649 48 18 Club
2468 651 32 16 Mr
2507 649 19 19 J.
2536 651 77 17 Forrest
2621 651 40 17 said
2669 652 24 17 ho
2700 653 54 17 stood
2761 655 19 15 to

2346 672 36 17 win
2392 679 12 10 a
2412 673 38 17 suit
2458 674 20 17 of
2486 674 72 17 clothes
2566 675 16 16 if
2591 675 113 23 Cambridge
2720 675 61 18 didn't

2345 700 46 13 soon
2400 695 56 19 boom
2467 696 48 18 from
2528 697 33 17 the
2577 698 130 21 development
2721 699 20 17 of
2757 705 24 12 an

2345 719 87 23 industry
2441 720 43 17 that
2493 719 64 19 would
2565 722 36 21 put
2610 721 51 21 milk,
2669 727 58 17 sugar
2730 721 49 21 beet,

2345 742 37 17 and
2392 742 113 22 everything
2521 743 38 18 else
2575 744 21 17 in
2613 745 32 16 the
2662 745 63 21 shade,
2744 746 37 16 and

2344 765 63 17 would
2417 766 55 21 equal
2484 762 132 23 Coromandel.

2831 190 18 17 It
2857 190 15 17 is
2882 192 97 22 currently
2987 189 92 25 reported,
3089 193 74 21 though
3173 192 11 19 I
3194 195 45 17 have

2806 214 33 16 not
2848 213 47 17 been
2904 216 34 15 out
2947 214 68 23 myself
3023 217 19 15 to
3050 221 30 12 see
3089 221 20 12 as
3116 219 37 20 yet,
3162 217 42 17 that
3210 218 29 18 the

2806 236 70 18 Crow's
2886 237 47 17 Nest
2940 238 71 22 Geyser
3019 239 33 17 lias
3060 240 120 18 commenced
3186 246 42 16 oper-

2806 260 61 17 ations
2876 261 63 21 again.
2965 261 19 17 It
2992 261 34 18 has
3034 263 47 16 been
3093 263 81 18 inactive
3187 265 30 17 for
3229 274 10 10 a

2806 282 66 22 longer
2892 284 66 21 period
2978 284 45 17 than
3045 286 53 17 usual
3118 293 20 10 so
3158 287 42 18 that
3216 289 23 18 its

2825 307 46 21 play
2885 307 4 23 '
2900 313 39 11 was
2948 310 32 14 not
2989 308 96 22 expected.

2829 329 54 18 Since
2892 331 78 21 writing
2975 331 32 17 the
3014 332 100 23 foregoing
3120 333 32 18 the
3159 334 79 19 Domain

2805 350 33 19 has
2847 353 48 16 been
2904 359 11 11 a
2923 359 54 12 scene
2986 354 20 17 of
3013 355 85 22 activity.
3123 356 39 17 The
3178 357 60 19 Board

2806 377 37 15 met
2852 376 32 17 the
2893 376 55 18 other
2956 378 80 22 evening
3045 378 36 17 and
3092 385 24 11 on
3125 380 15 16 it
3147 380 58 22 being
3211 387 18 12 re-

2805 399 67 20 ported
2880 399 43 18 that
2932 400 33 17 the
2973 402 84 21 treasury
3067 402 52 18 chest
3128 408 37 11 was
3175 407 50 19 empt

2805 421 31 17 the
2851 423 93 17 members
2958 423 76 18 decided
3048 424 44 18 that
3107 426 16 16 it
3139 427 61 17 would
3217 427 22 19 be

2804 449 98 18 necessary
2917 446 59 18 either
2990 448 19 17 to
3024 448 47 17 raise
3088 449 56 17 funds
3161 449 30 19 for
3207 451 30 19 the

2804 467 58 19 shrub
2877 468 94 23 planting,
2985 476 20 11 or
3019 471 22 17 do
3060 471 32 18 the
3108 472 52 17 work
3175 474 49 17 them-

2804 491 64 17 selves.
2893 492 40 18 The
2939 493 57 17 latter
3004 499 65 13 course
3076 500 40 13 was
3123 496 75 21 chosen,
3211 499 18 16 al-

2803 514 74 22 though
2886 517 34 15 not
2929 515 45 18 with
2984 517 111 23 unanimity.
3121 519 19 17 It
3148 519 22 19 is,
3186 520 36 18 hew-

2803 542 49 14 over,
2862 538 61 22 hoped
2933 540 42 15 that
2985 540 31 17 the
3025 541 73 21 growth
3109 542 19 17 of
3132 542 34 18 the
3171 542 63 20 shrubs

2803 566 43 15 may
2855 561 24 17 bo
2888 562 45 17 such
2942 562 43 18 that
3001 569 11 11 a
3027 564 92 17 beautiful
3137 571 97 17 evergreen

2803 583 61 23 hedge
2874 585 38 16 will
2921 585 23 17 be
2954 585 32 19 the
2994 587 63 17 result.

2826 607 17 16 A
2864 607 52 23 large
2937 606 49 20 flock
3006 610 20 17 of
3046 610 56 23 sheep
3119 611 33 17 lias
3171 614 63 20 passet'

2803 629 84 24 through
2905 631 43 17 here
2965 632 48 17 from
3029 631 52 20 Loch
3097 634 57 17 Invor
3169 637 20 16 to
3205 637 28 18 the

2803 652 93 19 Waikato.
2931 653 148 26 Unfortunately
3096 663 58 16 many
3170 659 20 16 of
3202 660 31 17 the

2803 682 47 11 ewes
2859 677 75 18 lambed
2944 677 54 19 while
3008 685 23 11 on
3041 680 32 16 the
3081 680 85 23 journey,
3177 682 56 18 which

2803 698 38 18 will
2850 700 59 17 result
2918 702 18 15 in
2946 708 9 10 a
2965 702 43 20 loss,
3019 709 20 10 as
3048 702 32 18 the
3088 703 49 18 little
3145 706 89 17 creatures

2803 724 69 16 cannot
2881 724 59 17 travel
2950 724 37 18 and
2996 731 57 16 many
3066 726 47 17 have
3128 729 20 15 to
3164 728 23 17 be
3202 728 34 19 left

2802 745 70 17 behind
2882 753 21 10 or
2911 748 64 21 expire
2983 754 24 11 on
3016 749 32 17 the
3057 749 51 17 road.

2825 769 72 22 Taupo,
2908 771 44 17 24th
2961 772 81 19 August,
3055 773 49 17 1896.

2890 822 81 24 What
2984 822 95 31 People
3099 824 55 30 Say.

2829 873 34 17 CSS
2871 874 158 22 EVABROWX,
3039 876 112 21 ALBUItY,
3160 878 76 18 X.S.W.

2828 919 57 18 rites:
2981 922 100 23 following
3094 924 110 21 particulars
3212 926 20 16 of

2827 949 58 11 /case
2898 950 31 11 are
2943 945 96 17 furnished
3055 952 23 10 on
3099 946 64 17 behalf
3170 948 19 16 of
3204 949 31 17 the

2828 966 62 20 licted,
2898 968 84 22 trusting
2991 968 44 23 they
3045 975 43 16 may
3097 969 23 17 bo
3128 969 32 18 the
3175 976 61 13 means

2831 990 95 23 restoring
2935 992 63 16 others
3006 994 20 15 to
3036 987 64 22 health
3107 987 4 29 :
3121 992 37 17 For
3174 994 51 22 eight
3227 1004 7 4 -

2826 1018 10 11 n
2846 1014 77 16 months
2931 1015 9 15 I
2949 1020 38 12 was
3001 1016 103 21 extremely
3118 1016 115 21 debilitated,

2825 1042 10 10 e
2848 1036 75 18 doctors
2932 1037 57 23 being
2998 1039 20 16 of
3033 1038 83 23 opinions
3131 1039 41 18 that
3181 1041 10 16 I
3200 1041 35 17 had

2829 1060 75 22 tgrown
2912 1067 32 15 my
2961 1062 94 25 strength.
3088 1062 34 22 My
3137 1062 69 19 disease
3222 1064 15 17 is

2824 1088 48 11 iown
2882 1083 19 17 in
2909 1084 78 17 medical
3005 1085 62 17 circles
3085 1091 21 11 as
3122 1087 79 16 anaemia
3218 1092 20 13 or

2824 1107 59 21 iverty
2899 1107 19 16 of
2932 1107 62 20 blood,
3029 1109 56 16 Fains
3109 1109 80 17 invaded
3212 1109 25 19 all

2824 1131 31 15 .rts
2867 1130 19 16 of
2900 1136 32 16 my
2940 1130 49 23 body
2998 1130 3 23 ;
3019 1131 10 17 I
3038 1131 80 18 suffered
3127 1132 48 17 from
3193 1139 33 13 gen-

2823 1152 18 17 al
2857 1152 87 23 languor,
2952 1156 82 15 extreme
3050 1155 99 19 weakness,
3160 1156 66 17 listless-

2823 1181 28 15 iss,
2876 1176 94 22 dejection
2987 1178 20 16 of
3023 1176 69 24 spirits,
3117 1178 118 24 indigestion,

2823 1197 34 19 side
2866 1200 88 21 appetite,
2965 1201 36 16 and
3017 1201 97 17 disturbed
3123 1202 55 22 sleep.
3203 1203 35 22 My

2823 1222 31 22 nly
2868 1223 98 21 presented
2980 1230 11 11 a
3005 1224 94 18 bloodless
3112 1230 123 17 appearance;

2824 1251 12 16 y
2844 1245 36 22 lips
2891 1252 47 11 were
2946 1248 42 21 pale
2997 1247 38 17 and
3044 1248 32 16 the
3093 1247 41 18 skin
3143 1248 37 18 like
3188 1255 49 12 wax.

2828 1274 37 12 was
2880 1269 60 17 under
2957 1270 70 17 several
3045 1270 74 18 doctors
3137 1272 42 18 who
3194 1278 32 16 pre-

2820 1291 56 18 iribed
2887 1293 29 16 for
2924 1299 28 11 me
2963 1291 3 22 ;
2981 1294 35 16 but
3025 1293 48 17 their
3090 1295 102 17 treatment
3206 1295 32 18 did

2821 1317 16 15 it
2853 1315 86 18 alleviate
2956 1323 31 15 my
3003 1317 87 17 sickness.
3121 1318 9 16 I
3144 1318 94 22 imagined

2820 1338 26 18 lat
2862 1345 30 16 my
2911 1340 122 17 constitution
3051 1346 37 11 was
3106 1340 92 23 breaking
3207 1348 29 16 up,

2820 1362 21 16 id
2850 1368 19 11 as
2886 1362 32 17 the
2935 1363 71 17 disease
3022 1364 111 21 progressed
3142 1365 9 16 I
3164 1365 74 18 became

2818 1390 37 13 iore
2865 1389 82 15 nervous
2962 1387 37 16 and
3015 1387 107 21 hysterical.
3156 1388 34 22 My
3200 1389 28 17 suf-

2819 1408 57 23 irings
2886 1415 47 11 were
2949 1410 39 17 also
2998 1410 73 22 greatly
3089 1410 94 18 increased
3195 1411 25 22 by
3229 1417 9 12 a

2819 1432 43 17 lock
2878 1432 19 18 to
2915 1433 32 17 the
2964 1439 80 11 nervous
3069 1436 70 19 system
3156 1434 82 18 received

2817 1457 23 15 tst
2857 1461 50 16 year,
2929 1456 53 16 when
2999 1463 9 10 a
3032 1457 77 22 railway
3127 1458 83 21 carriage
3219 1458 19 17 in

2817 1478 48 17 diich
2876 1479 9 16 I
2900 1484 38 13 was
2947 1479 63 18 seated
3028 1481 71 21 caught
3114 1480 40 17 fire.

2817 1507 18 12 iv
2844 1507 41 12 case
2899 1508 38 11 was
2951 1504 49 15 most
3008 1503 71 17 critical
3086 1503 38 17 and
3133 1510 47 15 gave
3194 1505 35 16 seri-

2817 1531 19 11 ns
2846 1524 145 23 apprehensions
3004 1527 20 16 to
3032 1532 31 16 my
3072 1526 70 18 friends
3151 1528 38 16 and
3198 1533 30 18 uiy-

2817 1549 27 19 ;lf,
2862 1547 10 18 I
2881 1549 71 17 started
2969 1554 24 12 on
3002 1554 11 12 a
3027 1556 65 10 course
3108 1551 22 16 of
3146 1551 92 17 Clements

2815 1571 52 20 'onic,
2878 1571 61 19 which
2949 1571 9 18 I
2968 1572 51 20 took,
3028 1572 20 18 in
3061 1573 123 23 conjunction
3193 1575 45 17 with

2815 1596 16 15 )r
2849 1595 102 18 Fletcher's
2959 1596 50 22 pills.
3044 1596 39 17 The
3099 1596 41 17 first
3149 1599 38 15 two
3195 1597 31 18 bot-

2814 1618 24 17 les
2855 1618 77 18 effected
2947 1625 11 11 a
2974 1620 54 21 great
3043 1619 143 23 improvement,
3201 1621 37 17 and

2828 1641 55 17 could
2898 1642 55 16 relish
2969 1648 32 16 my
3019 1643 43 16 food
3079 1643 63 21 again,
3158 1644 38 16 and
3206 1650 31 17 my

2813 1665 66 16 eneral
2893 1665 95 18 weakness
3003 1666 37 17 and
3056 1671 123 14 nervousness
3193 1672 33 12 van-

2813 1688 42 17 died
2872 1688 112 23 altogether.
3011 1689 9 16 I
3034 1689 45 18 took
3093 1690 60 17 about
3171 1692 66 16 twerro

2812 1711 60 17 ottlos
2888 1712 19 16 of
2919 1712 94 17 Clements
3031 1712 57 18 Tonic
3104 1712 37 18 and
3151 1719 32 18 my
3196 1714 42 22 pale

2812 1740 31 11 ace
2862 1735 14 17 is
2894 1740 43 11 now
2949 1735 87 23 replaced
3052 1736 46 17 with
3116 1737 32 15 the
3165 1737 36 17 hue
3218 1738 18 16 of

2811 1758 61 18 toalth,
2884 1758 37 17 and
2930 1765 31 15 my
2970 1765 88 16 recovery
3076 1758 16 19 is
3109 1766 19 11 as
3147 1760 91 23 complete

2812 1787 10 11 s
2832 1781 14 17 it
2858 1787 36 11 was

2825 1805 45 17 This
2888 1810 36 12 was
2946 1810 10 12 a
2973 1811 41 11 case
3027 1806 20 16 of
3060 1806 77 21 general
3154 1806 82 22 debility,

2810 1827 28 18 iuo
2856 1830 19 15 to
2892 1829 85 16 aineinia.
3002 1829 46 17 Miss
3059 1829 68 17 Brown
3135 1830 51 21 gives
3200 1831 29 16 evi-

2810 1850 50 19 lenco
2885 1851 42 18 that
2944 1853 50 16 must
3019 1857 57 18 prove
3097 1853 75 21 beyond
3205 1853 31 18 the

2809 1874 53 17 loubt
2878 1875 19 16 of
2914 1874 32 18 the
2962 1876 50 16 most
3027 1876 87 22 sceptical
3131 1877 43 16 that
3194 1876 44 22 only

2811 1897 86 18 Elements
2906 1898 57 17 Tonic
2977 1904 33 11 can
3021 1898 51 18 work
3081 1900 45 16 sueli
3141 1905 52 11 cures
3202 1898 36 20 and

2808 1921 37 17 bat
2853 1921 32 17 the
2895 1922 80 20 genuine
2984 1922 65 17 article
3066 1924 51 16 must
3125 1921 22 19 be
3161 1923 77 17 insisted

2808 1950 18 11 m
2835 1944 54 17 when
2898 1945 121 21 purchasing.

2805 2005 48 48 In
2877 2005 72 48 the
2973 2005 96 48 Land
3093 2005 48 48 of
3165 2005 71 48 the

2822 2064 197 54 Ancient
3047 2065 169 53 People.

2949 2163 36 17 BY
2999 2163 96 17 TUIIOE.

2833 2194 121 25 I'angitaiki,
2971 2194 125 24 Whirinaki,
3113 2196 40 18 and
3170 2196 52 19 AVha-

2802 2219 137 20 katanetho
2953 2227 9 12 e
2973 2220 74 19 aretho
3056 2221 69 24 rivers;
3135 2221 87 23 Maunga-

2803 2245 77 25 pohatu
2890 2246 40 19 and
2950 2246 100 24 Huiarau,
3071 2246 162 26 Tarapounamu,

2802 2272 117 22 Tawhimiu,
2937 2272 40 19 and
2996 2272 137 21 Tuwatawata
3151 2279 33 14 are
3201 2275 35 18 the

2803 2299 120 18 mountains.
2953 2299 89 24 Age-old
3054 2300 120 23 mountains,
3191 2301 45 18 that

2801 2324 53 19 liavo
2869 2325 71 18 looked
2957 2325 58 19 clown
3031 2332 54 18 upon
3101 2326 34 18 tlie
3151 2326 47 20 land
3214 2327 21 19 of

2801 2351 34 18 the
2846 2350 86 20 Ancient
2944 2351 73 25 People
3029 2352 30 18 for
3070 2353 102 18 countless
3181 2358 54 14 teons

2801 2377 21 19 of
2832 2377 54 18 time.
2916 2377 2 21 .
2919 2381 8 9 v
2930 2377 44 19 wift
2984 2380 71 16 waters
3058 2378 76 19 dark
3145 2379 39 18 and
3193 2382 31 16 tur-

2801 2403 77 23 bulent,
2890 2404 78 23 issuing
2979 2403 51 19 from
3040 2404 34 18 tlie
3089 2407 57 22 great
3162 2412 73 18 ranges

2801 2429 22 19 of
2829 2429 36 19 the
2871 2429 96 26 interior;
2981 2429 69 19 sacred
3061 2431 160 24 watersguard-

2801 2455 25 19 ed
2846 2455 26 25 by
2897 2459 82 19 strange
2998 2456 111 22 talismans,
3131 2458 38 17 ami
3189 2464 46 12 ever

2803 2481 98 25 hurrying
2914 2481 82 19 onward
3007 2485 19 15 to
3044 2483 35 17 the
3095 2483 39 18 Sea
3153 2484 19 17 of
3191 2483 42 19 Toi.

2801 2507 43 19 The
2854 2508 107 19 fore.-tit
2977 2509 17 17 is
3012 2508 33 18 the
3064 2511 57 22 great
3137 2509 61 19 forest
3214 2510 21 19 of

2801 2533 60 24 Tane,
2873 2534 45 19 lone
2928 2534 39 19 and
2986 2534 86 23 sombre,
3092 2535 40 19 and
3151 2536 84 18 extends

2801 2560 32 19 fur
2842 2567 47 12 over
2899 2560 34 19 the
2948 2560 54 19 land.
3031 2561 47 18 And

2827 2601 41 12 TKE
2884 2600 88 14 ANCIENT
2989 2600 77 14 PEOPLE
3067 2600 73 14 WHO
3151 2601 58 14 WERE

2985 2621 68 19 THEY?

2827 2655 40 19 We
2878 2655 40 19 will
2929 2655 36 19 ask
2975 2655 21 19 of
3007 2655 34 19 the
3051 2655 101 26 hurrying
3162 2659 72 17 waters

2802 2682 21 18 of
2833 2681 125 24 Whirinaki,
2969 2681 35 19 the
3010 2683 129 24 murmuring
3144 2683 90 19 children

2802 2708 21 19 of
2843 2709 61 22 Tane,
2925 2708 45 18 who
2989 2714 55 19 sway
3065 2708 38 19 and
3123 2709 54 19 bend
3195 2710 40 18 and

2803 2735 86 23 whisper
2906 2736 20 17 to
2937 2739 48 14 eacti
2998 2735 58 18 other
3072 2735 57 19 when
3146 2735 34 19 the
3195 2735 40 25 god

2801 2760 155 19 Tawhiriuiatea
2972 2760 16 19 is
3006 2760 82 20 abroad.
3117 2761 42 19 The
3177 2765 58 21 great

2801 2786 173 19 mountainswe
2984 2786 40 19 will
3035 2787 73 19 ascend
3121 2787 61 22 them,
3194 2787 40 19 and

2801 2812 47 19 look
2859 2819 53 18 upon
2923 2812 34 19 the
2972 2812 48 19 land
3035 2814 22 17 of
3072 2813 35 18 the
3125 2813 38 19 lost
3181 2821 51 12 race.

2801 2839 46 18 And
2858 2839 34 18 the
2902 2838 51 19 dark
2965 2841 73 16 waters
3048 2839 53 18 shall
3116 2840 48 18 bear
3170 2842 20 16 to
3198 2847 36 11 our

2802 2865 41 18 feet
2853 2867 82 22 strange
2946 2864 57 19 relics
3014 2866 20 17 of
3045 2865 33 19 the
3087 2866 92 18 old-time
3187 2873 36 17 peo-

2801 2891 33 21 ple
2845 2891 40 18 and
2896 2892 21 17 of
2927 2891 34 18 the
2971 2891 32 18 far
3014 2891 51 18 back
3076 2892 47 18 timo
3135 2892 55 19 when
3200 2892 35 18 the

2801 2923 49 19 very
2867 2918 88 17 heavens
2971 2917 71 19 rained
3061 2918 36 17 fire
3116 2918 39 18 and
3174 2918 61 19 death

2802 2949 53 18 upon
2867 2943 26 18 all
2904 2943 64 25 living
2978 2943 77 25 things.
3084 2944 41 18 The
3144 2951 91 17 progeny

2801 2970 21 18 of
2833 2969 48 19 Him
2892 2969 45 19 who
2947 2969 30 19 rai
2991 2969 24 19 ed
3025 2976 26 12 on
3067 2970 49 24 high
3135 2970 33 19 the
3186 2970 37 19 hea-

2802 3001 48 13 vens
2860 2994 52 20 shall
2921 2995 35 19 tell
2967 3001 24 13 us
3008 2996 21 18 of
3044 2996 57 19 those
3118 2996 44 19 who
3179 3002 55 13 came

2803 3022 74 22 before,
2889 3022 22 18 of
2920 3021 34 19 the
2972 3021 122 19 multitudes
3112 3022 44 18 who
3177 3029 46 12 occu-

2802 3047 45 25 pied
2858 3048 56 18 these
2925 3047 58 19 lands
2996 3048 20 18 iu
3032 3048 35 19 the
3083 3048 41 19 dim
3142 3051 51 22 past,
3214 3049 20 19 of

2801 3073 122 19 Tini-o-Toi.

2827 3100 19 18 A
2856 3102 82 21 strange
2949 3099 47 19 land
3011 3099 37 19 lies
3066 3100 68 18 before
3150 3107 29 13 us.
3215 3101 18 19 A

2801 3125 49 19 land
2860 3132 25 12 ou
2896 3126 65 18 which
2977 3128 82 23 strange
3069 3130 100 15 creatures
3179 3133 54 14 ro.im

2801 3155 21 15 to
2832 3152 39 18 f>nd
2881 3152 39 18 fro.
2949 3151 61 19 Giant
3020 3152 56 18 birds
3093 3158 33 13 are
3142 3159 46 13 seen
3207 3154 26 23 by

2802 3178 55 25 plain
2867 3180 40 16 and
2917 3177 72 25 valley,
3003 3179 33 17 the
3047 3179 72 18 forests
3128 3185 34 12 are
3181 3179 52 19 alive

2802 3204 48 18 with
2860 3203 105 19 feathered
2978 3203 119 25 occupants;
3112 3205 34 17 the
3163 3205 69 23 rivers,

2801 3231 35 17 the
2846 3236 49 16 seas,
2907 3235 72 13 swarm
2990 3230 49 18 with
3055 3230 42 18 life.
3135 3231 45 18 And
3199 3235 34 20 yet

2803 3255 68 20 withal
2882 3262 12 12 a
2904 3255 45 19 lone
2965 3255 55 23 land,
3037 3262 12 13 a
3067 3256 47 19 land
3135 3257 64 19 which
3217 3264 18 12 19

2802 3283 37 18 but
2850 3283 19 18 in
2879 3282 34 19 the
2928 3282 112 24 niid-stago
3055 3283 21 18 of
3092 3283 80 19 natural
3189 3290 34 18 pro-

2802 3315 62 19 gress.
2894 3308 33 19 No
2937 3308 64 19 sound
3012 3308 16 19 is
3040 3308 62 19 heard
3120 3309 21 18 in
3158 3309 27 19 all
3200 3310 36 18 the

2802 3337 45 16 vast
2857 3340 88 19 expanse
2954 3340 48 12 save
3010 3335 35 18 the
3052 3335 50 18 cries
3111 3335 19 18 of
3138 3336 34 17 tho
3179 3336 45 18 deni-

2802 3367 47 12 zens
2865 3361 21 18 of
2904 3359 35 20 tho
2957 3361 64 17 forest
3040 3361 40 18 and
3100 3361 34 18 tho
3147 3362 49 18 rush
3214 3362 21 18 of

2805 3393 57 18 many
2882 3389 78 16 waters.
3001 3386 33 18 No
3054 3386 92 25 uprising
3165 3388 71 18 smoke

2803 3413 67 18 marks
2881 3413 34 18 the
2924 3414 170 17 commencement
3109 3414 20 17 of
3144 3414 35 18 the
3194 3420 40 12 war

2804 3439 48 18 with
2861 3438 85 19 Nature.
2976 3438 39 18 Far
3025 3438 39 19 and
3076 3439 49 18 wide
3136 3446 47 12 over
3193 3440 40 18 this

2803 3464 38 20 fair
2851 3464 48 19 land
2910 3464 33 18 tho
2954 3464 37 18 soil
3012 3464 36 18 has
3061 3464 70 25 slowly
3141 3465 87 25 ripened,

2803 3494 57 22 great
2871 3491 72 18 forests
2954 3490 51 18 have
3019 3490 52 19 risen
3089 3491 39 18 and
3146 3491 87 25 decayed

2803 3518 31 18 for
2852 3516 101 19 countless
2972 3516 210 26 centurieswaiting
3202 3518 8 18 f
3224 3524 9 12 r

2803 3543 34 19 the
2847 3544 58 23 great
2915 3546 59 14 event
2981 3549 6 16 ;
3000 3548 46 12 man
3059 3544 36 18 has
3104 3546 35 16 not
3153 3546 33 21 yet
3203 3550 21 12 ar-

2803 3569 56 19 rived
2869 3575 54 18 upon
2934 3568 34 18 the
2979 3574 63 13 scene.

2829 3595 19 19 A
2857 3594 78 24 chainge
2946 3600 66 12 comes
3020 3602 6 15 ;.
3038 3595 31 18 for
3085 3595 77 19 mother
3178 3596 57 18 earth

2804 3622 16 18 is
2831 3620 107 20 convulsed
2949 3619 47 20 with
3008 3621 87 18 internal
3107 3621 51 18 fires.
3193 3621 42 19 The

2804 3647 88 19 heavens
2902 3652 33 12 are
2946 3646 53 18 lurid
3011 3647 48 18 with
3067 3647 35 17 lire
3111 3647 39 18 and
3160 3648 75 22 smoke;

2804 3675 58 23 great
2872 3671 114 19 mountains
2997 3672 58 18 belch
3065 3672 54 19 forth
3135 3673 44 19 lava
3196 3673 41 19 and

2804 3703 63 15 steam
2886 3697 39 19 and
2947 3697 61 19 dense
3026 3698 69 19 clouds
3114 3699 20 17 of
3149 3700 86 23 pumice.

2805 3725 55 19 Hills
2871 3730 33 13 are
2915 3726 45 16 torn
2969 3724 88 19 asunder
3067 3730 22 13 or
3095 3727 42 16 cast
3144 3725 94 25 upwards

2805 3751 27 24 by
2842 3751 35 18 the
2887 3750 113 19 wonderful
3010 3751 144 18 subterranean
3165 3751 70 19 forces.

2805 3776 34 19 All
2849 3776 36 19 life
2896 3776 36 18 has
2953 3783 45 12 now
3017 3776 138 25 dbappeared,
3175 3777 63 19 burnt

2806 3805 34 16 out
2851 3802 27 24 by
2894 3802 34 19 the
2946 3802 60 19 fierce
3024 3802 53 19 he.it.
3114 3803 32 18 No
3165 3803 73 19 foreats

2807 3828 61 19 adorn
2880 3828 33 18 the
2923 3828 48 19 land
2981 3828 4 25 ;
3000 3828 48 25 they
3058 3835 34 12 are
3099 3828 72 19 beaten
3180 3829 58 18 down

2807 3854 40 19 and
2858 3854 106 24 dostroyed
2975 3854 27 24 by
3012 3854 36 19 the
3057 3854 62 19 awful
3138 3855 65 18 forces
3218 3856 20 17 of

2807 3879 115 20 Ruaitnoko
2941 3880 39 18 and
2998 3880 21 18 of
3034 3880 72 19 Tuoro.
3142 3880 33 19 No
3193 3880 46 19 bird

2808 3906 90 19 enlivens
2921 3906 35 18 the
2981 3905 59 20 drear
3059 3913 101 17 expanse;
3182 3910 57 21 great

2808 3938 75 13 masses
2902 3931 20 19 of
2944 3932 77 24 pumice
3039 3932 39 19 and
3097 3932 45 19 lava
3160 3932 29 19 till
3205 3933 34 18 the

2808 3957 82 25 valleys,
2911 3958 40 18 and
2968 3958 33 18 far
3021 3964 65 13 across
3105 3959 35 18 tho
3163 3958 77 19 lifeless

2808 3983 48 19 land
2867 3984 33 18 the
2909 3990 49 18 grey
2974 3983 89 20 volcanic
3078 3984 37 19 ash
3130 3990 68 13 covers
3214 3985 26 19 all

2809 4009 60 19 alike.
2898 4010 18 18 A
2927 4009 61 19 weird
2998 4010 40 19 and
3048 4010 92 19 dreadful
3151 4010 52 19 land.

2835 4035 41 19 Yet
2897 4035 86 19 another
3001 4036 113 25 chargea
3134 4036 47 19 slow
3200 4037 40 19 and

2810 4061 86 25 gradual
2909 4068 44 12 one.
2990 4061 104 20 Centuries
3113 4068 46 19 pass
3177 4070 63 17 away.

2810 4087 73 24 Slowly
2894 4087 34 19 the
2939 4087 52 19 doad
3001 4087 62 19 world
3072 4088 101 24 struggles
3189 4089 51 19 back

2810 4115 21 17 to
2841 4113 41 23 life,
2894 4112 70 27 slowly
2975 4120 11 12 a
2998 4113 42 19 film
3054 4114 20 18 of
3084 4113 36 19 soil
3130 4120 68 13 covers
3209 4115 32 18 the

2811 4139 68 19 sterile
2891 4141 65 21 waste,
2968 4139 76 25 slowly,
3056 4146 47 18 very
3113 4139 75 26 slowly,
3209 4141 32 18 the

2811 4165 63 19 forest
2885 4171 113 19 reappears.

2839 4191 17 18 A
2866 4191 103 19 thousand
2984 4198 58 17 3'oars
3060 4191 101 20 lateror
3177 4192 64 19 five

2812 4217 15 19 it
2837 4217 17 18 is
2864 4218 38 17 but
2913 4223 10 12 a
2932 4218 56 18 short
2999 4224 49 17 span
3065 4217 20 19 in
3101 4218 34 19 the
3149 4218 35 19 lifo
3203 4219 38 18 his-

1280 111 60 20 THE
1368 109 57 23 fiOT
1452 106 93 26 LaK'ES
1574 112 172 27 CHRONICLE,
1774 115 189 24 WEDNESDAY,
1993 116 115 22 AUGUST
2136 121 31 19 26,
2186 122 48 18 1896

2775 3492 6 27 i

2774 3554 7 11 3

2775 3571 8 16 t

2776 3595 5 16 t

2770 3759 13 16 it

2771 3787 11 11 11

2769 3810 15 12 ie

2772 3828 13 16 if

2768 3851 16 16 ul

2769 3880 15 14 r,

2767 3896 18 18 b

2769 3920 16 17 1-

2765 3944 21 16 ho

2768 3966 17 16 i<l

2765 3989 14 18 it-

2765 4012 22 17 ed

2766 4058 14 17 fa-

2766 4087 21 11 n-

2769 4110 19 11 so

2764 4132 25 13 eir

2769 4152 20 15 to

2770 4174 20 16 of

2762 4203 27 11 m-

61 261 103 18 TTNION
177 263 140 17 STEAMSHIP
332 263 115 18 COMPANY
466 264 30 16 OF

68 281 26 18 J
146 284 56 16 NEW
215 284 116 17 ZEALAND
339 285 82 17 Limited.

54 652 162 44 nUDDART,
242 654 112 19 PARKER,
376 654 53 17 AND
451 653 30 18 CO
499 646 3 50 I

217 676 108 25 (limited),

77 722 17 23 S]
99 722 72 21 ilendid,
182 723 163 23 Well-appointed
351 723 93 18 Steamers
450 722 37 19 will
499 722 2 24 i

51 745 24 19 be
84 746 111 23 despatched
207 746 47 18 from
264 748 119 19 Auckland,
395 752 19 12 as
429 746 60 18 under

50 768 91 24 (werither
157 769 37 18 and
214 770 54 18 other
285 770 143 18 cireumstanees
444 775 33 17 per-

51 792 121 24 mitting):

51 815 41 18 Fob
99 815 135 20 GISBOENE,
242 813 104 24 NAPIEE,
355 816 116 18 WELLING-

73 838 56 22 TON,
141 839 158 20 LYTTELTON,
310 840 14 17 &
334 839 128 21 DUNEDLN,

50 861 101 22 Anglian,
158 863 118 19 Thursday,
284 864 50 21 Aug.
340 864 57 17 27.12
405 868 55 12 noon.

50 885 115 18 Tasmania.
174 886 124 22 ...Tuesday,
314 886 76 23 Sept.B,
402 887 20 16 12
429 892 56 11 noon.

177 931 51 19 FOE
243 932 113 22 SYDNEY,

95 954 115 24 (Eeturning
222 957 20 16 to
251 955 100 19 Auckland
360 955 78 23 Direct.)

49 978 93 23 Carrying
162 978 113 24 Passengers
297 979 30 17 for
349 979 135 21 Melbourne,

61 1001 54 18 other
120 1002 131 18 Australian
259 1002 71 21 Ports,
337 1002 38 17 and
381 1002 91 21 Hobart,

48 1029 92 19 Anglian
198 1029 98 22 Monday,
317 1030 50 22 Sept.
388 1031 15 19 7,
417 1032 10 14 4
437 1035 46 17 p.m.

46 1053 107 15 Tasmania
201 1053 98 21 MONDAY,
310 1053 52 23 Sept.
377 1054 27 19 21,
414 1055 11 15 -1
436 1059 46 16 p.m.

75 1080 27 16 .Ml
113 1079 73 19 Tickets
193 1086 31 12 ure
233 1080 93 18 available
334 1081 40 17 ulso
388 1080 30 18 for
426 1080 45 23 Stop-

48 1103 153 17 overorEeturn
216 1103 26 23 by
254 1104 54 17 ANY
326 1103 84 18 UNION
424 1103 58 18 CO.'S

50 1125 138 22 STEAMEES,
200 1127 37 17 trad
244 1127 76 18 holders
328 1126 94 19 ofU.S.S.
440 1127 42 17 Co's

49 1148 73 18 Tickets
143 1155 43 17 may
204 1150 59 17 travel
280 1150 25 20 by
327 1150 117 17 ANGLIAN
461 1155 21 13 or

48 1171 138 19 TASMANIA.

144 1201 21 18 L.
180 1202 24 17 D.
214 1202 109 18 NATHAN
337 1202 14 18 &
365 1202 44 18 CO.,

377 1227 79 20 Agents.

182 1272 96 21 rpHOS.
301 1273 70 18 COOK
391 1274 15 17 &
431 1273 72 18 SONI-

77 1379 50 13 Jiook
137 1379 92 19 i-'assagcs
238 1374 37 18 and
285 1381 62 11 secure
356 1374 53 18 berth
422 1374 24 23 by

45 1406 39 18 All
91 1406 75 19 Lines.
181 1406 139 19 AllEcutes.
336 1406 38 18 All
378 1406 98 19 Classes.

113 1438 39 18 AT
166 1438 123 18 LOWEST
301 1437 104 20 RATES.

42 1484 89 19 Through
142 1484 70 18 Tickets

232 1484 54 19 ssued
300 1486 20 16 to
334 1484 64 19 South
414 1486 61 16 Afri-

232 1512 13 17 S,
257 1508 152 23 Johannesburg,
416 1510 35 15 etc.

64 1555 38 17 For
111 1555 23 16 ;i]l
144 1554 122 18 information
275 1555 57 23 apply
342 1556 19 15 to

87 1582 90 18 COOK'S
188 1583 127 17 SHIPPING
327 1583 98 20 OFFICE,

85 1611 28 21 SO,
127 1611 165 22 Queen-street,
307 1612 118 18 Auckland.

57 1640 25 11 '*'
86 1644 37 12 nia
132 1639 78 19 Agency
218 1639 3 19 :

183 1746 143 21 BEEAYEES,

118 1776 107 20 ALBERT
242 1777 148 24 BREWERY,

60 1808 218 26 QUEEN.STBEET,
292 1809 157 20 AUCKLAND

58 1861 67 17 WIRE
139 1862 49 15 AND
201 1861 81 17 SPIRIT
289 1861 156 21 MERCHANTS,

77 1888 122 17 BOTTLERS
212 1889 51 16 AND
280 1889 143 21 IMPORTERS,

120 1912 26 18 13,
162 1915 134 13 QUEEN-fcTEEILT
311 1916 68 11 IVIIAI.F.

37 1984 19 16 A.t
66 1984 28 17 the
109 1985 89 16 following
216 1984 112 17 Exhibitions
343 1984 26 17 for
379 1990 30 11 our
419 1985 36 17 well-

127 2006 61 16 known
204 2006 45 16 Bulk
258 2006 33 16 and
301 2006 67 16 Bottled

144 2028 47 15 ALIO
204 2028 50 15 AND
266 2027 86 16 STOUT:

37 2054 64 21 Sydney
110 2054 125 17 International
244 2055 107 18 Exhibition,
363 2056 47 16 1579.

37 2075 95 17 Melbourne
142 2075 126 18 International
276 2077 107 16 Exhibition,
393 2078 68 15 ISSO-S1

37 2096 36 17 New
82 2097 73 22 Zealand
164 2097 289 22 Indu&uialExhibition,Welling-

74 2123 10 11 i.
92 2124 16 12 11,
122 2119 46 16 1805.

37 2140 37 16 (sew
94 2139 73 17 Zealand
182 2139 34 16 find
230 2139 54 15 South
297 2138 41 15 Seas
354 2136 109 16 Exhibition.

73 2161 87 17 Dnnedin.
172 2161 79 15 ISsn-90.

37 2182 15 17 [n
61 2182 77 17 addition
146 2183 18 15 to
174 2182 54 16 above
235 2182 44 15 have
297 2181 41 15 been
353 2179 80 15 awntrled
446 2180 18 14 at

73 2204 104 16 Tafroanian
211 2202 108 19 Exhibition,
346 2200 117 20 Launceston,

75 2226 78 16 1891-92.

116 2256 58 16 FIVE
186 2256 70 16 FIRST
274 2254 103 17 AWARDS

230 2282 33 11 fob

42 2299 66 18 LITE
120 2298 110 18 BOTTLED
244 2298 60 16 ALES
320 2296 51 18 AND
389 2296 75 16 STOUT

117 2340 251 35 CHAMPIONSHIP

61 2385 64 23 Gold
137 2384 87 23 Medal
235 2383 28 23 of
273 2382 165 23 Australasia

37 2456 87 23 BULK
137 2455 70 24 AND
226 2453 145 25 BOTTLED
386 2453 65 23 ALE

143 2539 48 16 ALE
204 2538 52 16 AND
268 2538 82 19 STOUT,

39 2573 65 17 Bottled
113 2573 15 16 in
138 2575 51 19 quart
198 2573 34 16 mid
248 2573 35 21 pint

42 2601 17 10 re
64 2595 35 15 wed
109 2595 27 15 fur
144 2595 29 15 the
181 2599 75 11 summer
264 2597 20 13 In

42 2616 96 21 horoughly
147 2615 84 18 matured,
244 2620 31 11 can

39 2639 45 14 Inice
96 2637 106 16 recommend
219 2641 45 11 same
281 2637 3 16 I

41 2658 52 18 rcorjd
102 2660 17 15 to
127 2664 45 10 none
182 2658 16 16 in
209 2658 28 15 the
247 2658 35 15 Coli

35 2956 432 47 HANCOCKS'

160 3029 183 21 CELEBRATED

147 3139 211 52 ALES,

167 3213 58 12 3IAD>'
233 3211 55 14 FROM
298 3211 41 14 THE

42 3251 115 32 FINEST
183 3251 88 31 MALT
292 3250 63 31 AND
373 3249 97 37 HOPS,

77 3340 53 13 FREE
142 3339 55 15 FBOM
211 3339 38 13 AT.L
262 3338 128 14 AKTISEI'TICS
402 3338 26 13 OK

144 3364 139 15 DELETERIOUS
302 3364 64 14 ACIDS.

42 3431 139 31 CAPTAIN
204 3429 81 32 COOK
304 3429 167 36 BREWERY,

144 3472 192 21 NEWMARKET.

44 3525 231 47 Blocker's
323 3524 150 53 Dutch?

178 3582 159 46 Coeoa.

43 3679 139 32 Highest
191 3678 125 26 awards
329 3678 34 26 at
376 3683 100 27 every

167 3719 194 26 Exhibition.

80 3761 64 26 The
157 3761 97 26 latest
266 3760 27 26 is
307 3760 54 26 the
381 3760 97 26 Cross

47 3794 34 26 of
88 3794 110 26 Honor
212 3795 32 24 at
259 3794 55 25 the
335 3793 124 26 Amster-

47 3828 73 25 dam
129 3826 187 26 Exhibition
325 3826 91 29 1895,
424 3826 54 25 the

44 3860 131 32 highest
182 3859 137 33 possible
329 3859 117 25 award.

155 3918 221 19 MASSAGE.

48 3965 95 44 MISS
162 3964 114 20 ERASER
289 3963 95 27 qualified
401 3965 66 19 Ameri-

95 3991 4 24 -
128 3998 39 12 can
183 3991 113 24 Masseuse,
315 3991 16 19 is
341 3991 140 24 permanently

48 4017 79 21 located
144 4017 21 19 in
180 4016 98 21 Eotorua.
315 4017 40 19 She
380 4016 38 19 has
441 4017 40 19 hod

48 4043 140 21 considerable
202 4042 116 25 experience
328 4043 20 18 in
365 4042 35 19 the
419 4045 53 17 treat-

50 4072 56 16 ment
125 4069 21 20 of
163 4069 63 19 ladies
236 4068 38 19 and
287 4069 113 24 gentlemen
411 4069 61 18 suffer-

50 4097 36 23 ing
95 4096 52 18 from
167 4094 89 24 Sciatica;
275 4094 148 24 .ulieumati-m,
436 4093 47 21 Stiff

49 4122 73 22 Joints,
145 4120 114 27 Dyspepsia
278 4120 40 19 and
336 4121 27 18 all
381 4121 64 19 forma
463 4120 21 20 of

49 4147 93 20 Nervous
160 4146 111 20 Disorders.

99 4181 110 19 Address:
224 4179 97 21 GRAND
337 4180 98 20 HOTEL.

562 169 116 33 MISS
708 171 211 38 FRENCH,

534 230 268 28 ANGLO-PARISIAN
833 232 90 27 DRESS-

679 279 114 27 MAKER.

619 336 66 23 (Late
696 338 26 17 of
727 338 124 22 Dunedin.)

517 383 91 43 I)EGS
622 388 21 16 to
654 385 92 19 intimate
758 388 21 17 to
799 386 34 19 the
848 386 64 19 ladies
931 388 21 18 of

539 411 15 15 J
583 410 93 20 Eoloraa
701 411 45 20 that
765 412 35 18 she
819 412 37 19 has
875 413 77 19 started

517 435 92 20 business
632 437 20 19 in
678 437 156 24 Fenton-street,
860 439 91 24 opposite

517 462 32 18 the
560 462 69 19 Grand
644 463 69 18 Hotel.

611 600 99 20 iSSION
716 602 103 19 AGENT
825 602 65 19 AND
900 602 32 20 AC-

643 633 171 20 COUNTANT.

600 3299 217 21 TENDERS.

647 3353 31 10 am
687 3347 70 18 invited
768 3348 30 17 for
806 3349 32 16 the
848 3349 81 17 erection

506 3365 21 23 _L
560 3370 19 16 of
588 3375 11 12 a
608 3370 119 17 ten-roomed
736 3370 88 25 building
841 3372 19 17 at
876 3373 44 16 Atia-

496 3392 54 17 muri.

520 3415 57 17 Plans
585 3415 37 19 and
632 3417 135 21 specifications
777 3424 34 10 can
820 3418 23 17 he
852 3424 43 11 seen
910 3420 20 16 at

497 3444 32 16 my
541 3438 58 17 office.
633 3439 75 18 Lowest
723 3447 21 10 or
760 3447 38 16 any
816 3441 66 17 tender
897 3443 33 16 not

496 3462 113 22 necessarily
622 3463 95 22 accepted.
750 3464 81 17 Tenders
845 3465 49 17 close
907 3471 23 10 on

499 3485 42 16 19th
551 3485 113 22 Septemhor.

591 3508 62 24 (Sgd.)
670 3509 22 18 B.
710 3509 19 18 S.
739 3509 121 21 CORLETT,

704 3533 103 20 Architect,
817 3534 90 17 Rotorna.

523 3591 161 26 SCHOOL
703 3593 200 28 CONCERT.

502 3649 150 35 pONOERT
666 3651 28 25 by
704 3652 72 19 School
787 3652 95 21 Children
893 3661 24 12 an

502 3671 34 22 Vy
565 3676 92 23 Friends,
669 3678 21 18 in
701 3678 33 18 aid
744 3678 22 19 of
776 3678 72 20 School
856 3680 59 19 Fund

501 3702 40 18 will
552 3702 46 19 tako
607 3702 56 25 plaeo
673 3704 21 18 in
713 3704 35 19 the
765 3704 128 21 Schoolroom
908 3713 8 12 c

501 3728 81 25 Friday,
593 3728 35 19 4th
639 3728 119 26 September
768 3733 55 18 next.

631 3760 121 24 Admission,
774 3763 26 18 Is.

503 3818 36 43 I)
543 3819 36 17 AY
603 3819 32 17 OF
660 3819 105 19 PLENTY
794 3821 121 19 LICENBIN

530 3840 11 20 )
567 3842 245 21 DISTRICT.NOTICE
838 3845 32 17 OF
892 3847 11 16 A-

503 3864 140 19 PLICATION
667 3866 49 17 FOR
744 3868 134 18 TRANSFER
904 3869 9 18 C

503 3888 158 20 LICENSE.I.
672 3889 115 19 RUSSELL
793 3891 21 17 B.
824 3891 87 18 GRATIA

503 3911 20 17 of
532 3911 89 21 Rotorua,
631 3911 58 25 being
703 3913 32 17 the
751 3912 66 20 holder
834 3915 20 17 of
864 3921 11 11 a
884 3916 27 16 Pu

503 3934 65 17 lican's
576 3934 78 17 License
670 3936 18 16 in
706 3939 73 19 respect
795 3937 20 18 of
831 3937 32 18 the
879 3938 31 18 hoi

503 3957 38 17 and
556 3958 89 21 premises
670 3958 69 18 situate
756 3961 20 16 at
791 3960 91 21 Rotorua,
900 3968 10 11 a

503 3980 69 17 known
581 3981 26 22 by
616 3981 32 17 the
665 3981 41 23 sign
725 3983 21 16 of
756 3982 32 18 the
805 3983 51 18 Lake
873 3984 37 18 Hoi

503 4003 65 20 Hotel,
578 4003 24 18 do
610 4004 70 22 hereby
697 4005 43 22 give
757 4006 60 18 notice
835 4007 42 17 that
886 4008 10 16 T
904 4003 4 24 <

504 4026 35 17 sire
548 4028 19 15 to
576 4027 71 20 obtain,
663 4028 36 17 and
716 4028 45 21 will,
776 4030 20 16 at
812 4030 32 17 the
860 4031 46 17 next

504 4049 77 22 censing
598 4050 84 22 meeting
706 4052 19 16 to
743 4052 22 17 ho
782 4052 68 18 holdcn
872 4056 20 15 ~+
906 4049 4 23 1

505 4073 123 21 Courthouse,
639 4074 106 22 Tuuninga,
769 4081 23 11 on
802 4075 32 19 the
848 4077 37 17 2nd
902 4082 6 12 c

506 4096 19 16 of
534 4094 114 24 September,
662 4096 48 22 1896,
721 4098 58 22 apply
795 4099 28 17 for
831 4106 11 10 a
859 4101 50 15 trans

506 4119 19 16 of
535 4119 32 17 the
576 4119 38 17 said
625 4120 67 17 license
703 4121 47 16 from
766 4122 68 20 myself
842 4125 19 14 to
877 4123 31 17 Tl]

507 4141 51 18 MAS
574 4143 21 17 C.
612 4143 150 22 URQUIIART,
785 4151 31 16 my
833 4145 75 24 appoint

507 4164 61 17 Dated
586 4165 31 18 the
636 4166 27 17 Ist
680 4165 37 23 dp.y
734 4167 20 17 of
767 4167 82 21 August,
866 4169 42 18 1896

508 4187 113 18 RUSSELL
634 4188 22 18 B.
669 4189 117 17 GRAHAM.

978 173 90 43 JOHN
1091 176 17 17 I.
1139 176 106 18 PHILIPS
1278 178 54 17 AND
1366 178 44 20 CO.,

1046 202 130 14 AUTHORISED
1185 204 76 14 METING
1270 204 42 14 AND
1321 205 55 13 LAND

1093 226 105 13 TRANSFER
1212 227 124 14 SURVEYORS.

976 267 56 17 Head
1042 267 68 25 Office:
1133 268 107 23 Halyday's
1256 270 108 22 Buildings,
1383 272 27 19 2C,

1046 291 177 21 Shortland-streot,
1234 293 106 17 Auckland.

976 313 74 18 Branch
1068 314 66 18 Offices
1143 313 4 25 :
1164 315 143 22 Wharf-street,
1328 317 71 17 Paeroa
1406 313 3 25 ;

987 336 111 21 Brown-st.,
1105 338 88 21 Thames;
1253 336 3 23 ,
1268 339 131 19 Coromandel.

976 359 45 17 P.O.
1032 360 41 18 Box
1083 362 39 16 332.
1253 362 107 22 Telephone
1369 364 40 16 980.

952 3258 102 24 LOCAL
1068 3260 97 23 NEWS
1188 3261 71 22 AND
1273 3261 111 24 NOTES.

974 3334 38 17 The
1020 3336 46 16 lioxt
1075 3336 83 23 mooting
1168 3337 19 17 of
1203 3337 32 17 the
1252 3338 57 17 Town
1324 3337 59 18 Board

953 3356 50 19 takes
1012 3358 53 22 place
1074 3360 112 17 to-morrow
1195 3361 104 17 afternoon.

975 3389 16 17 A
1001 3391 75 16 concert
1085 3390 19 17 in
1113 3391 31 17 aid
1153 3391 20 18 of
1181 3392 33 17 the
1222 3392 67 17 School
1299 3392 56 17 funds
1372 3393 9 16 i:

953 3413 110 17 announced
1071 3415 20 16 to
1101 3414 43 17 take
1156 3414 53 22 place
1218 3421 24 11 on
1252 3415 108 22 September
1369 3417 10 15 4

976 3443 16 17 A
1009 3444 63 18 choice
1089 3445 88 17 selection
1192 3447 20 16 of
1228 3452 41 11 new
1281 3447 100 22 pianoforte

953 3466 59 19 music
1028 3468 34 17 has
1076 3468 40 22 just
1132 3469 47 17 been
1203 3470 84 17 received
1311 3472 21 15 at
1356 3471 24 16 tb

953 3487 120 21 CIIBoifICKE
1083 3491 74 18 Office.*

976 3522 39 17 The
1024 3524 52 17 usual
1096 3524 76 22 sittings
1189 3525 20 17 of
1220 3525 31 17 the
1266 3525 113 23 Magistrate

953 3545 59 17 Court
1021 3546 53 18 takes
1083 3546 53 24 place
1145 3554 24 11 on
1179 3548 68 22 Friday
1256 3548 63 19 before
1327 3549 51 18 Lieui
