4240 5790
1860 1464 151 22 Mount
2041 1464 181 22 Benger
2252 1464 151 22 Mail.

1955 1464 94 22 JUST
2073 1464 70 22 AND
2167 1464 94 22 FEAR

1860 1464 146 22 FRIDAY,
2027 1464 167 22 NOVEMBER
2215 1464 63 22 13,
2299 1464 104 22 1896.

1979 1542 140 42 Current
2150 1540 137 51 Topics.

1856 1630 58 28 The
1928 1637 113 20 Tumour
2054 1628 28 28 of
2094 1628 45 28 the
2160 1626 157 28 retirement
2336 1625 71 27 from

2113 1667 93 39 public
2232 1666 46 28 life
2311 1665 29 28 of
2366 1665 44 28 Sir

1962 1717 54 19 the
2117 1706 121 29 Maurice
2274 1705 135 35 O'Korke,

1898 1757 180 21 sprakkj.'Slllp
2114 1746 89 28 which
2222 1745 49 28 lias
2295 1748 48 24 not
2364 1748 46 33 yet

2117 1788 69 27 been
2223 1784 186 30 contradicted

1860 1841 34 17 on
1916 1829 149 35 authorih*,
2088 1828 45 28 lias
2154 1827 82 36 given
2262 1825 53 28 rise
2341 1828 29 24 to
2396 1835 12 16 a

1860 1870 104 35 feeling
1987 1870 28 26 of
2037 1869 106 27 intense
2164 1869 91 34 regret
2275 1865 70 28 from
2360 1875 51 17 one

1860 1910 50 28 end
1925 1911 29 25 of
1968 1913 6 24 I
1980 1910 33 26 lie
2028 1910 95 35 colony
2144 1912 26 23 to
2184 1907 47 28 the
2245 1906 87 28 other.
2373 1905 38 28 At

1861 1950 45 27 the
1921 1952 111 33 present
2054 1948 100 28 critical
2180 1945 105 38 period,
2307 1955 35 18 on
2364 1945 47 27 the

1860 1998 49 17 eve
1924 1987 28 27 of
1966 1987 46 27 the
2025 1992 92 23 return
2138 1986 28 27 rf
2187 1996 16 16 a
2227 1994 60 19 new
2309 1984 102 30 House,

1862 2027 86 28 which
1964 2027 22 27 is
2001 2039 61 17 sure
2074 2031 27 24 to
2112 2026 132 37 comprise
2256 2034 82 27 many
2348 2034 48 17 con-

1862 2068 107 37 flicting
1978 2068 139 34 elements,
2131 2068 42 26 Sir
2188 2064 144 29 Maurice's
2345 2065 67 36 long

1861 2108 162 37 experience
2045 2108 25 26 in
2092 2107 99 36 ruling,
2214 2105 42 27 his,
2277 2105 135 34 firmness,

1861 2148 115 27 fairness
1998 2148 53 26 and
2074 2152 54 23 tact
2142 2145 88 28 would
2252 2145 34 27 be
2305 2144 91 28 invalu-

1860 2187 71 29 able,
1945 2187 52 27 and
2014 2187 15 27 it
2046 2187 52 27 will
2113 2188 32 25 he
2158 2196 12 16 a
2182 2183 135 30 thousand
2331 2184 82 37 pities

1858 2227 23 27 if
1894 2227 46 27 the
1962 2228 93 26 House
2077 2227 52 27 and
2156 2225 46 28 the
2227 2227 117 35 country
2366 2233 45 19 are

1859 2267 130 37 dej>rived
2005 2268 28 26 of
2046 2268 41 28 his
2096 2267 126 28 .services.
2262 2264 149 29 Doubtless

1859 2319 12 15 a
1887 2311 78 34 great
1980 2308 115 28 number
2108 2308 28 27 of
2150 2317 57 17 new
2223 2315 60 18 men
2303 2305 53 28 will
2377 2305 34 28 be

1859 2348 138 34 returned,
2024 2352 27 22 to
2082 2349 84 25 whom
2195 2345 216 36 Parliamentary

1859 2397 126 28 usuages,
2000 2387 51 28 and
2067 2397 67 19 even
2147 2387 47 27 the
2216 2385 73 28 rules
2312 2384 30 29 of
2362 2385 32 27 de-

1858 2428 72 32 bate,
1945 2438 44 16 are
2001 2439 33 15 an
2046 2428 137 28 unknown
2195 2425 136 38 quantity.
2371 2424 39 29 To

1859 2466 86 29 break
1959 2467 66 28 such
2040 2477 62 18 men
2117 2468 26 27 in
2156 2475 116 29 appears
2285 2468 29 25 to
2327 2465 35 28 be
2376 2474 33 18 an

1858 2507 148 27 inevitable
2029 2508 54 27 and
2109 2511 46 25 not
2176 2518 16 15 a
2206 2516 65 26 very
2285 2505 125 38 pleasant

1858 2547 63 27 task
1938 2547 133 34 (incident
2094 2551 27 23 to
2145 2547 45 27 the
2204 2549 104 33 system
2323 2545 88 28 under

1860 2587 87 27 which
1974 2597 40 18 we
2039 2597 45 19 are
2110 2585 148 40 governed)
2288 2585 43 28 for
2363 2585 47 28 the

1859 2627 124 36 Speaker
1995 2628 102 37 during
2110 2628 44 27 the
2176 2628 58 26 first
2256 2626 105 28 session
2382 2625 30 28 of

1858 2677 12 16 a
1888 2676 58 19 new
1960 2666 174 30 Parliament.
2173 2666 57 29 The
2249 2665 119 38 position
2388 2664 23 29 is

1858 2717 14 16 a
1888 2707 94 37 trying
1996 2717 60 24 one,
2071 2708 52 26 and
2141 2707 122 37 requires
2276 2706 135 36 patience,

1858 2746 125 28 firmness
1992 2747 52 27 and
2055 2747 153 37 judgment.
2233 2745 44 28 Sir
2291 2745 120 27 Maurice

1859 2785 48 28 has
1921 2785 101 38 always
2035 2787 69 28 been
2119 2797 64 27 very
2203 2786 93 36 happy
2317 2784 27 27 in
2366 2783 47 28 the

1860 2826 144 36 discharge
2027 2827 29 28 of
2080 2828 55 27 this
2157 2837 28 17 as
2212 2826 29 27 of
2267 2825 42 28 his
2335 2824 79 28 other

1860 2866 98 27 duties,
1973 2867 52 25 and
2042 2867 129 26 oertainfv
2187 2866 42 24 his
2242 2865 54 24 loss
2311 2864 53 24 will
2382 2864 31 24 be

1861 2913 73 18 more
1965 2903 50 28 felt
2046 2907 68 25 next
2145 2903 101 28 session
2286 2902 67 27 than
2385 2903 29 24 at

1860 2943 115 28 another
1999 2944 75 34 time,
2100 2943 106 36 though
2234 2942 40 27 his
2296 2942 118 27 absence

1860 2983 69 27 from
2021 2984 94 28 Tbuse
2140 2984 26 27 in
2193 2993 54 25 any
2272 2991 62 18 case
2360 2980 54 28 will

1860 3033 80 17 cause
1954 3034 12 15 a
1984 3024 83 27 break
2080 3025 121 26 between
2213 3023 46 26 the
2269 3022 44 27 old
2325 3020 88 35 order,

1862 3063 75 28 when
1959 3062 3 39 I
1972 3065 171 26 'arbameni's
2152 3062 183 39 proceedings
2345 3070 69 18 were

1862 3103 110 28 marked
1989 3104 36 36 by
2040 3104 98 28 statclv
2159 3103 109 35 dignity
2291 3101 54 28 and
2368 3100 31 28 de-

1859 3153 104 24 corum,
1978 3145 51 26 and
2049 3145 46 27 the
2115 3154 58 18 now
2196 3143 81 27 order
2299 3141 65 27 with
2380 3140 33 28 nil

1861 3183 34 26 its
1909 3183 185 36 possibilities.
2138 3185 27 25 In
2181 3183 68 27 view
2261 3182 29 26 of
2302 3181 45 27 the
2356 3181 57 27 fact

1855 3222 64 28 that
1935 3223 41 28 his
1991 3223 117 28 decision
2125 3234 61 20 may
2200 3231 84 28 prove
2298 3220 102 28 irrevoc-

1860 3263 61 28 able
1924 3263 89 28 and
2035 3274 39 18 we
2095 3263 130 35 sincerely
2241 3263 72 36 hope
2325 3261 22 27 it
2361 3260 53 27 will

1860 3307 47 24 not
1909 3314 150 17 rumour
2075 3305 47 26 has
2137 3303 109 35 already
2261 3302 70 28 been
2345 3301 69 36 busy

1861 3343 64 27 with
1940 3343 45 28 the
1999 3354 79 17 name
2093 3344 28 27 of
2133 3344 42 27 his
2197 3341 133 39 probable
2352 3350 46 18 suc-

1860 3393 99 18 cessor.
2000 3386 20 25 A
2051 3387 148 25 statement
2225 3383 50 28 has
2291 3382 68 27 been
2375 3385 39 23 set

1860 3422 78 29 afloat
1955 3423 60 28 that
2030 3423 44 28 Sir
2094 3423 122 29 Maurice
2241 3422 22 28 is
2289 3420 83 38 likely
2387 3423 27 27 to

1860 3463 33 27 be
1908 3463 85 27 called
2008 3469 28 22 to
2051 3465 45 26 the
2114 3464 94 38 Upper
2222 3462 145 33 Chamber,
2382 3472 29 16 as

1860 3503 44 29 the
1921 3502 186 42 Speakership
2120 3504 23 29 is
2157 3514 59 19 now
2237 3502 114 30 elective
2371 3501 43 29 for

1858 3556 12 14 a
1886 3545 92 35 period
1994 3545 29 26 of
2037 3547 51 26 five
2102 3556 87 26 years,
2203 3545 54 26 and
2269 3547 66 23 next
2349 3552 65 26 year

1859 3583 44 27 the
1919 3587 110 32 present
2044 3592 7 18 f
2067 3584 125 37 peaker's
2211 3582 66 28 time
2298 3582 54 27 will
2379 3581 33 27 be

1858 3633 44 28 up.
1943 3623 32 28 In
1991 3624 60 29 that
2065 3629 90 28 event,
2171 3623 116 38 Captain
2303 3620 106 30 Kussell

1857 3664 49 27 has
1920 3665 67 26 been
2004 3665 157 28 nominated
2183 3665 38 33 by
2247 3664 46 26 the
2307 3665 104 33 tongue

1858 3703 28 27 of
1907 3714 112 17 rumour
2042 3705 43 27 for
2110 3705 46 27 the
2184 3701 186 39 Speakership
2383 3700 30 28 of

1858 3742 47 29 the
1917 3742 97 30 Lower
2028 3744 103 28 House.
2170 3744 73 27 That
2265 3742 34 28 he
2321 3740 90 29 would

1857 3793 83 25 prove
1954 3794 15 17 a
1981 3785 106 37 worthy
2101 3794 140 18 successor
2255 3787 28 23 to
2298 3782 45 28 the
2357 3781 54 27 late

1858 3823 124 38 Speaker
2007 3826 22 27 is
2056 3823 239 40 unquestionable,
2322 3832 29 17 as
2378 3822 33 26 he

1857 3874 138 27 possesses
2010 3865 34 28 all
2060 3866 47 27 the
2121 3864 126 39 qualities
2258 3871 154 25 necessary,

1856 3903 54 28 and
1924 3904 26 27 in
1966 3905 122 28 addition
2103 3905 34 28 he
2158 3905 50 27 has
2227 3903 101 35 always
2349 3900 61 29 held

1857 3943 90 37 firmly
1973 3945 46 28 the
2042 3948 107 34 respect
2174 3943 54 28 and
2256 3945 100 25 esteem
2384 3941 29 27 of

1856 3994 62 18 men
1934 3984 29 28 of
1976 3985 33 28 all
2032 3985 97 28 shades
2152 3984 27 28 of
2200 3982 109 38 opinion
2325 3982 27 27 in
2367 3981 46 28 the

1856 4024 105 35 House,
1975 4025 127 28 however
2117 4024 79 28 much
2211 4023 65 35 they
2298 4020 114 28 differed

1854 4064 71 28 from
1955 4065 55 27 him
2039 4064 157 38 politically.
2239 4063 27 26 It
2292 4062 32 33 is,
2339 4062 55 26 how-

1856 4112 72 25 ever,
1957 4105 76 36 quite
2058 4103 123 35 unlikely
2208 4102 61 26 that
2295 4100 115 37 Captain

1856 4142 107 30 I'ussell
1978 4144 89 29 would
2083 4145 95 35 accept
2205 4142 48 28 the
2281 4141 77 29 office
2383 4140 30 28 of

1856 4183 124 36 Speaker
1992 4188 29 22 at
2030 4185 47 26 the
2088 4185 109 35 present
2206 4182 139 36 juncture,
2357 4181 53 26 and

1856 4222 25 25 in
1898 4221 45 28 the
1957 4222 129 28 interests
2107 4222 28 26 of
2159 4221 45 27 the
2224 4223 116 33 country
2354 4220 21 27 it
2389 4220 22 27 is

1855 4264 28 24 to
1894 4260 34 28 be
1935 4261 89 38 hoped
2036 4262 46 28 the
2092 4271 110 17 rumour
2210 4260 22 28 is
2239 4259 170 29 unfounded.

1855 4300 57 28 The
1933 4302 93 28 leader
2048 4301 29 29 of
2098 4301 46 27 the
2173 4300 160 39 Opposition
2361 4300 48 29 has

1855 4351 74 17 more
1949 4342 150 37 important
2121 4341 76 27 work
2218 4346 28 22 to
2270 4343 40 26 his
2335 4342 73 26 hand

1854 4378 56 36 just
1924 4389 59 18 now
1999 4392 5 20 ;
2030 4380 52 28 and
2107 4382 26 24 to
2147 4384 94 24 accent
2260 4381 72 27 what
2346 4390 63 29 may

1857 4418 32 28 be
1905 4421 103 27 termed
2024 4421 46 27 the
2095 4419 128 38 dignified
2249 4422 159 28 retirement

1855 4458 27 25 of
1895 4459 45 26 the
1952 4459 184 38 Speakership
2147 4460 89 28 would
2248 4462 31 26 bo
2289 4462 119 35 nothing

1855 4495 52 30 less
1921 4498 64 27 than
2001 4498 137 28 desertion
2152 4500 28 27 of
2193 4500 41 28 his
2248 4504 80 35 party
2342 4506 28 23 at
2389 4513 15 16 a

1854 4546 65 27 very
1935 4537 102 27 critical
2055 4538 71 27 time.

1855 4602 26 27 A
1895 4602 215 36 correspondent
2128 4603 92 28 writes
2243 4607 27 25 to
2291 4616 33 17 ns
2347 4606 60 28 that

2110 4645 9 23 t
2124 4642 33 27 be
2167 4643 135 37 aspirants
2312 4645 44 28 for
2361 4646 46 28 the

1955 4688 54 20 our
2112 4681 87 28 honor
2208 4683 29 28 of
2251 4693 140 29 represent-

1866 4728 222 20 pat.'Ltamlntary
2110 4721 49 36 ing
2172 4722 129 33 Tuapeka
2314 4725 28 26 in
2356 4726 48 27 the

1909 4766 152 20 aspirants,
2112 4769 60 19 new
2218 4760 95 30 House
2359 4774 47 17 are

2112 4798 122 36 treating
2271 4810 31 17 us
2342 4803 65 27 with

1855 4838 77 25 scant
1946 4839 125 34 courtesy
2086 4836 25 28 in
2126 4836 111 39 leaving
2250 4838 71 28 their
2340 4850 48 18 con-

1856 4875 130 28 stituents
2001 4876 38 27 till
2054 4876 55 28 this
2121 4877 54 28 late
2187 4876 71 28 hour
2272 4877 26 27 in
2312 4879 79 37 ignor-

1856 4925 66 18 ance
1943 4915 30 28 of
1997 4916 72 28 their
2093 4917 92 29 views.
2226 4916 58 29 The
2309 4918 97 38 sitting

1856 4955 123 28 member
1991 4955 98 37 might,
2109 4957 35 27 he
2157 4967 72 26 says,
2243 4956 69 29 have
2334 4958 68 28 been

1857 4994 132 38 expected
2003 4994 73 29 since
2091 4995 166 29 Parliament
2274 4996 91 28 closed
2379 5001 27 25 to

1856 5035 64 28 visit
1934 5035 42 28 his
1990 5035 199 36 constituency,
2211 5037 54 27 and
2287 5039 28 25 to
2336 5037 69 29 have

1856 5075 81 35 given
1953 5085 31 18 us
1998 5075 46 28 the
2057 5076 102 28 benefit
2173 5077 27 28 of
2213 5077 43 27 his
2276 5077 75 28 ideas
2372 5087 32 18 on

1857 5115 46 28 the
1929 5124 68 27 very
2028 5115 150 38 important
2206 5116 54 28 and
2293 5117 115 38 Stirling

1859 5155 140 36 questions
2013 5156 56 27 that
2086 5157 69 27 have
2168 5157 68 27 been
2248 5157 113 27 decided
2372 5158 37 36 by

1862 5193 45 27 the
1932 5193 55 27 late
2013 5194 174 29 Parliament.
2228 5195 58 28 Our
2307 5205 89 18 corres-

1861 5231 125 40 pondent
2008 5233 109 32 bewails
2140 5235 46 30 the
2213 5235 58 30 fact
2291 5235 61 30 that
2378 5236 33 29 he

1862 5284 24 26 ;:]
1898 5283 47 28 pea
1951 5284 26 17 is
1989 5278 26 23 to
2025 5275 68 29 have
2103 5277 37 27 foi
2149 5280 95 33 gotten
2255 5287 31 17 us
2298 5277 112 38 utterly,

1863 5323 28 17 as
1907 5324 38 17 ve
1959 5314 7 27 l
1979 5325 50 18 ave
2041 5326 7 17 i
2062 5327 62 18 (vcr
2134 5317 83 28 heard
2229 5328 12 16 a
2253 5317 73 28 were!
2340 5318 35 28 fie
2384 5328 26 18 m

1855 5352 1 47 I
1863 5352 66 29 him.
1969 5353 13 28 'j
1992 5354 33 28 he
2041 5357 78 28 ether
2138 5357 146 27 candidate
2306 5357 62 29 who
2390 5358 23 28 is

1855 5395 1 38 |
1863 5403 65 18 aire
1937 5395 86 28 ur.eed
2041 5395 54 32 (Mr
2106 5396 143 37 Rawlins),
2262 5397 47 28 the
2320 5398 94 28 writer

1865 5433 21 27 is
1909 5433 56 28 also
1989 5435 161 29 dissatisfied
2173 5437 76 35 with,
2272 5438 54 28 and
2350 5448 63 28 rays

1855 5473 1 42 j
1864 5473 33 27 he
1911 5473 23 27 is
1947 5484 66 27 very
2027 5475 54 29 late
2093 5477 28 27 in
2135 5477 47 28 the
2192 5477 51 38 day
2257 5478 26 27 in
2299 5478 114 37 putting

1855 5512 1 44 i
1864 5512 40 29 his
1928 5513 60 30 viev
1999 5525 11 18 s
2042 5515 13 29 1
2063 5516 73 30 tfcre
2167 5517 46 30 the
2236 5528 7 28 ]
2255 5517 83 30 blic.
2378 5517 33 29 In

1863 5554 79 28 oll.er
1955 5555 32 28 elt
1998 5559 126 32 cteiates,
2138 5558 35 27 l.e
2194 5560 100 32 writes,
2316 5568 40 17 cai
2369 5557 41 27 di-

1963 5593 69 29 have
2054 5596 81 27 taken
2166 5597 45 28 the
2237 5596 93 38 public
2352 5596 59 26 into

1860 5633 73 28 their
1947 5634 156 29 cenfidei.ee
2122 5635 124 38 lergcie
2269 5635 64 33 tin's,
2355 5633 54 27 and

1860 5684 47 18 are
1929 5677 92 37 pretty
2036 5675 59 29 well
2116 5675 118 40 threugh
2255 5673 71 30 their
2344 5682 47 29 pre-

2432 189 116 29 election
2569 186 139 39 speeches;
2732 186 51 28 but
2804 185 66 28 liere
2890 193 40 19 we
2943 192 46 19 are

2431 230 51 28 left
2495 233 29 24 to
2546 229 48 27 the
2607 227 53 27 last
2681 226 114 33 minute,
2810 224 55 28 and
2886 223 55 28 will
2954 223 34 28 be

2433 267 101 29 rushed
2546 267 59 27 into
2619 276 16 17 a
2654 265 86 36 hasty
2754 263 130 34 decision,
2899 262 90 27 which

2433 319 50 18 our
2516 305 216 38 correspondent
2765 311 133 29 supposes
2929 301 22 28 is
2974 311 16 18 a

2434 347 94 29 stroke
2549 346 28 27 of
2599 345 156 37 diplomacy
2781 343 119 36 (though
2922 342 22 26 it
2967 342 22 26 is

2434 385 115 29 difficult
2562 387 32 25 to
2607 382 172 29 understand
2792 383 62 26 how
2868 382 21 26 it
2910 380 80 28 could

2434 427 34 26 be
2480 425 40 35 so)
2535 434 35 18 on
2581 423 46 28 the
2638 425 61 35 part
2711 422 28 28 of
2748 432 50 17 our
2810 420 164 28 Parliament-

2434 474 49 28 ary
2504 463 146 38 aspirants.
2692 462 57 27 Our
2774 460 217 36 correspondent

2436 502 142 38 evidently
2586 500 146 31 overlooks
2742 500 47 29 the
2805 500 55 28 fact
2870 499 61 28 that
2945 498 46 29 Mr

2436 543 120 29 Rawlins
2589 542 51 28 has
2666 540 164 28 announced
2861 539 47 27 the
2928 549 48 24 pro-

2436 592 124 29 gramme
2574 582 28 28 of
2612 580 43 28 his
2669 580 146 36 meeting's,
2824 578 54 28 and
2892 578 23 27 is
2929 588 61 16 now

2436 624 28 27 in
2499 622 47 28 the
2581 623 45 25 act
2651 620 29 28 of
2704 619 116 36 visiting
2846 618 46 27 the
2919 616 72 29 chief

2437 666 108 26 centres
2570 661 30 29 of
2625 660 47 29 the
2697 659 157 34 electorate,
2874 669 29 17 so
2929 657 61 29 that

2436 713 40 18 we
2490 712 45 19 are
2548 704 47 26 not
2620 710 30 20 so
2671 699 104 38 utterly
2791 698 148 37 neglected
2963 707 28 18 as

2437 744 34 29 he
2490 751 115 30 appears
2619 743 28 26 to
2661 738 91 30 think.

2461 834 47 20 The
2526 831 70 22 fourth
2614 830 69 27 report
2707 829 22 21 of
2754 829 37 21 the
2806 828 138 27 Department
2969 827 22 21 cf

2436 868 132 28 Agriculture
2585 867 17 21 is
2624 868 22 18 to
2664 865 63 21 hand.
2756 864 37 21 We
2819 864 42 21 will
2890 864 48 20 take
2965 870 25 14 an

2436 903 136 27 opportunity
2579 901 21 20 of
2609 900 108 24 reviewing
2727 900 16 19 it
2755 900 20 19 in
2784 899 64 20 detail
2858 900 21 19 in
2895 905 12 13 a
2916 898 72 21 future

2436 940 60 19 issue.

2462 976 49 20 The
2520 975 80 24 sittings
2610 974 21 20 of
2641 973 34 20 the
2687 973 136 26 Magistrate's
2833 972 40 20 and
2883 971 109 21 Warden's

2438 1011 65 21 Court
2510 1011 21 20 at
2541 1008 188 26 Roxburgh,which
2739 1008 40 20 had
2788 1008 49 19 been
2846 1006 53 21 fixed
2906 1006 32 20 for
2945 1006 48 19 18th

2437 1044 119 25 December,
2577 1043 52 20 have
2650 1042 50 20 been
2725 1041 78 20 aUered
2816 1044 20 16 to
2850 1040 35 19 the
2904 1039 49 19 lltli
2970 1039 21 19 of

2437 1080 46 20 that
2492 1078 79 21 month.

2462 1125 37 20 Mr
2520 1124 118 20 Morrison
2660 1121 37 21 has
2716 1121 51 21 been
2788 1119 42 22 m:'-
2838 1119 12 21 ii
2859 1126 12 19 g
2888 1118 39 21 but
2944 1118 49 21 slow

2436 1166 91 20 progress
2537 1159 52 20 from
2600 1158 36 20 the
2647 1157 71 20 effects
2728 1156 21 21 of
2763 1156 30 20 his
2809 1155 69 21 r.ent
2892 1154 98 22 accident,

2436 1195 40 20 and
2485 1201 26 12 on
2521 1193 92 25 Tuesday
2623 1192 26 20 he
2659 1193 54 18 went
2725 1198 20 12 to
2756 1190 96 21 Dunedin
2863 1190 20 19 in
2894 1189 35 20 the
2937 1189 54 24 hope

2436 1227 21 21 of
2468 1226 121 25 facilitating
2598 1225 32 20 his
2640 1230 104 20 recovery.

2462 1265 47 19 The
2528 1264 94 19 Pleasant
2643 1262 77 25 Valley
2743 1261 91 24 Sluicing
2852 1260 36 19 C>.
2908 1258 42 21 had
2965 1265 24 13 an

2437 1295 101 23 excellent
2560 1294 56 21 wash
2636 1300 28 21 up
2685 1293 38 21 last
2741 1293 109 25 Saturday,
2871 1292 35 20 the
2922 1292 72 19 return

2437 1332 59 25 being
2502 1332 56 21 70oz.
2585 1330 56 26 This,
2653 1329 50 21 with
2725 1328 36 21 the
2778 1331 71 18 return
2865 1328 22 20 of
2908 1327 48 20 2ooz
2972 1326 22 21 at

2437 1366 35 20 the
2482 1366 95 26 previous
2593 1365 55 20 wash
2666 1371 33 18 up,
2722 1363 69 21 makes
2809 1370 12 13 a
2838 1362 51 21 total
2909 1361 21 21 of
2946 1362 48 20 930z

2437 1399 107 21 recovered
2556 1399 19 20 in
2586 1399 39 20 five
2633 1398 75 21 weeks.

2462 1437 20 21 A
2495 1437 105 20 PEOPLE'S
2609 1436 85 21 Federal
2705 1434 130 22 Convention
2845 1434 17 21 is
2875 1435 22 19 to
2907 1434 25 20 be
2946 1432 48 23 held

2437 1471 20 21 in
2475 1470 99 20 Bathurst
2593 1469 42 21 this
2650 1476 55 19 year,
2724 1468 36 20 the
2777 1468 76 20 session
2870 1467 87 26 opening
2970 1474 23 13 on

2438 1504 35 20 the
2481 1503 48 20 16th
2539 1502 21 21 of
2572 1502 42 20 this
2622 1502 80 20 month.
2733 1503 16 18 A
2763 1503 51 18 most
2831 1500 163 25 comprehensive

2437 1537 78 26 agenda
2524 1536 58 21 sheet
2591 1535 37 21 has
2637 1535 50 21 been
2699 1535 109 27 prepared,
2817 1535 40 20 and
2873 1535 35 20 the
2920 1541 62 14 accom-

2438 1573 104 19 modation
2563 1571 21 20 of
2608 1571 103 25 delegates
2736 1577 34 14 are
2792 1571 43 20 also
2852 1572 31 18 set
2903 1570 56 20 forth
2976 1570 18 19 in

2438 1606 101 26 complete
2549 1606 63 20 detail
2620 1605 20 21 in
2652 1612 12 14 a
2673 1605 86 21 circular
2772 1605 53 21 from
2841 1605 34 20 the
2893 1605 101 26 president

2438 1642 21 20 of
2469 1642 35 20 the
2522 1641 102 21 Bathurst
2635 1640 120 22 Federation
2771 1640 88 26 League,
2878 1640 66 21 which
2959 1639 35 21 has

2438 1676 86 22 reached
2534 1683 30 15 us.

2465 1722 26 20 In*
2502 1721 87 20 another
2599 1720 82 21 column
2692 1720 39 20 will
2744 1720 24 20 be
2775 1720 63 20 found
2846 1727 26 12 an
2883 1726 103 13 announce-

2439 1759 58 19 ment
2512 1757 21 20 of
2549 1757 33 19 Mr
2592 1756 97 20 Rawlins'
2706 1761 128 20 programme
2851 1754 21 20 of
2891 1753 98 26 meeting-,

2441 1792 31 20 He
2488 1792 17 20 is
2528 1798 46 13 cow
2600 1791 88 25 actively
2715 1790 88 25 engaged
2823 1790 18 19 in
2858 1797 11 12 a
2886 1795 71 14 course
2978 1788 20 20 of

2439 1826 103 21 addresses
2551 1827 22 19 at
2584 1826 35 20 the
2637 1826 80 20 various
2738 1827 80 19 centres
2833 1824 40 21 and
2889 1825 16 19 is
2925 1824 39 20 due
2978 1830 11 14 a
2992 1825 6 10 l
2997 1824 1 23 ,

2439 1859 36 20 the
2485 1859 49 20 Co.il
2544 1859 64 20 Creek
2622 1858 141 26 schoolhome,
2778 1858 66 21 where
2860 1858 26 19 he
2901 1858 17 19 is
2934 1857 64 25 likely

2439 1894 21 19 to
2469 1892 52 21 have
2531 1899 12 13 a
2556 1892 55 26 large
2620 1891 96 27 meeting,
2728 1891 89 25 to-nigh*
2817 1890 3 28 -
2823 1890 4 28 .
2856 1891 32 20 Op.
2899 1891 36 20 the
2954 1890 44 21 21st

2439 1928 49 21 inst.
2500 1927 26 21 he
2537 1927 41 21 will
2587 1929 54 19 meet
2651 1927 36 20 the
2695 1926 112 26 Roxburgh
2824 1926 88 20 electors
2928 1926 19 19 in
2964 1926 34 19 the

2441 1963 123 19 Athenajnm
2585 1962 57 22 Hall,
2656 1962 39 19 and
2709 1962 19 19 in
2754 1961 36 20 the
2813 1960 89 20 interval
2918 1960 26 20 he
2959 1960 39 20 will

2440 1997 48 20 visit
2497 1997 35 19 the
2542 2002 66 20 upper
2622 1996 38 20 end
2672 1996 21 19 of
2705 1996 35 19 the
2751 1995 117 20 electorate.

2465 2042 47 20 The
2520 2041 142 21 friendsand
2677 2042 51 25 they
2742 2047 33 14 are
2787 2047 50 19 very
2850 2040 109 26 manyof
2970 2040 31 20 Mr

2441 2077 62 21 Elder
2512 2076 40 20 and
2564 2076 32 20 his
2606 2075 71 26 family
2692 2076 41 19 will
2751 2076 49 19 hear
2810 2075 33 19 wit
2848 2076 12 18 h
2872 2077 56 23 great
2934 2077 67 21 regret

2439 2111 23 20 of
2472 2111 35 20 the
2516 2110 77 21 serious
2608 2110 69 20 illness
2691 2109 65 21 which
2773 2110 36 19 Ims
2826 2108 116 21 overtaken
2960 2108 41 20 Mrs

2440 2145 69 20 Elder.
2537 2145 40 20 She
2587 2145 36 19 has
2634 2144 50 20 been
2697 2145 19 18 in
2728 2144 20 19 ill
2761 2143 70 21 health
2844 2143 32 19 for
2886 2149 56 13 some
2952 2143 49 19 time

2441 2178 53 25 past,
2501 2177 39 20 and
2547 2183 24 13 an
2579 2176 106 26 operation
2692 2176 60 24 being
2759 2176 119 19 considered
2886 2181 114 19 necessary,

2441 2212 35 20 she
2491 2218 40 14 was
2549 2212 62 20 taken
2627 2213 21 18 to
2667 2211 94 20 Dunedin
2777 2211 34 19 last
2827 2210 63 21 week.
2921 2209 38 19 We
2970 2216 31 13 are

2440 2246 81 26 pleased
2531 2246 22 20 to
2564 2246 48 20 hear
2622 2245 46 20 thit
2678 2251 55 14 news
2745 2244 36 21 h*s
2798 2244 48 21 boen
2867 2244 92 20 received
2976 2243 25 27 by

2440 2280 36 20 the
2491 2279 73 26 family
2584 2279 41 20 this
2642 2279 55 19 week
2717 2279 46 19 that
2779 2279 35 19 the
2833 2277 107 24 operation
2962 2277 39 20 had

2440 2315 51 21 been
2500 2314 117 27 performed
2627 2314 132 25 successfully
2770 2320 25 13 an
2803 2314 7 19 1
2827 2313 42 20 j'is
2890 2312 61 21 Elder
2962 2319 39 14 wis

2439 2348 84 25 making
2531 2347 131 26 satisfactory
2672 2354 99 18 progress.

2465 2386 40 21 We
2528 2386 52 20 have
2603 2387 21 19 to
2644 2385 143 26 acknowledge
2817 2385 76 26 receipt
2918 2384 21 20 of
2965 2384 36 20 the

2715 2420 32 21 for
2768 2420 56 27 1833,
2848 2420 65 21 which
2929 2420 25 26 is,
2978 2427 23 13 as

2438 2458 65 24 usual,
2514 2463 27 14 an
2547 2456 117 26 up-to-date
2669 2455 144 26 compendium
2822 2455 21 19 of
2853 2455 148 24 information,

2437 2491 122 26 interesting
2567 2493 20 19 to
2594 2490 28 21 all
2629 2490 66 21 lovers
2703 2489 21 21 of
2731 2491 35 19 the
2776 2496 64 19 game.
2869 2489 26 21 In
2902 2489 97 21 addition

2439 2528 21 19 to
2470 2526 80 21 records
2565 2526 21 20 of
2600 2526 28 20 all
2644 2526 35 20 the
2699 2525 99 26 principal
2813 2525 92 20 matches
2923 2524 76 26 played

2439 2562 73 25 during
2520 2561 36 20 the
2571 2567 55 20 year,
2644 2561 36 20 the
2695 2560 54 20 rules
2767 2560 21 20 of
2803 2560 36 20 the
2853 2566 58 19 game
2932 2559 67 21 under

2440 2597 36 21 the
2482 2597 51 20 New
2543 2595 89 21 Zealand
2642 2595 82 21 Cricket
2735 2595 85 21 Council
2831 2595 40 21 and
2886 2597 80 24 reports
2977 2595 21 20 of

2441 2631 35 20 the
2483 2630 135 20 transactions
2634 2630 21 19 of
2669 2630 47 19 that
2724 2629 55 25 body
2792 2636 34 13 are
2839 2630 67 24 given,
2919 2630 40 19 and
2973 2636 26 13 an

2441 2665 109 21 attractive
2559 2665 80 21 feature
2650 2664 95 22 included
2757 2665 17 20 is
2794 2664 36 21 the
2844 2663 126 28 publication
2980 2663 21 21 of

2441 2701 66 25 prints
2517 2700 21 19 of
2551 2700 35 20 the
2601 2700 53 20 New
2668 2700 66 20 South
2753 2700 69 19 Wales
2838 2701 57 18 team
2909 2700 40 19 aud
2965 2700 36 19 the

2442 2733 51 22 New
2503 2733 89 22 Zealand
2602 2733 162 26 representative
2773 2735 64 20 team.
2865 2733 44 21 The
2922 2733 53 21 book
2985 2733 16 21 is

2443 2769 45 19 well
2500 2769 65 19 worth
2576 2769 35 19 the
2622 2769 80 20 modest
2711 2769 54 25 price
2773 2768 89 26 charged
2871 2768 32 20 for
2912 2768 24 20 it.

2467 2813 36 21 Ax
2510 2821 23 13 ex
2545 2813 33 21 old
2585 2813 89 21 resident
2683 2815 19 19 of
2716 2813 121 25 Roxburgh,
2851 2813 19 21 in
2883 2813 35 21 the
2928 2819 72 20 person

2443 2847 20 19 of
2475 2847 32 19 Mr
2519 2847 56 20 John
2585 2847 88 25 Wilson,
2686 2848 115 24 carpenter,
2818 2847 46 19 died
2879 2848 22 18 at
2917 2847 35 18 the
2966 2853 36 16 age

2443 2879 20 18 of
2475 2879 24 20 77
2509 2880 21 18 at
2540 2879 52 19 Bald
2603 2879 43 19 Tlilt
2657 2879 47 19 Flat
2714 2886 24 12 on
2753 2879 74 24 Friday
2844 2879 46 21 Inst,
2907 2878 40 20 and
2961 2884 40 13 was

2444 2912 73 21 buried
2527 2914 21 18 at
2562 2912 112 26 Roxburgh
2690 2919 24 13 on
2735 2912 84 26 Sunday
2836 2912 115 25 afternoon,
2966 2912 37 20 the

2444 2948 51 20 Rev.
2520 2947 32 20 Mr
2575 2947 83 21 Telford
2679 2947 84 25 reading
2779 2947 36 20 the
2833 2947 67 20 burial
2919 2946 83 22 service.

2444 2982 105 20 Deoeased
2559 2989 39 13 was
2608 2989 24 13 an
2649 2982 31 20 old
2702 2982 90 20 resident
2811 2982 21 20 of
2852 2982 41 20 this
2914 2982 89 24 district,

2444 3017 74 25 having
2533 3016 54 21 lived
2603 3016 48 21 here
2662 3016 33 21 for
2707 3017 37 20 the
2762 3018 48 24 past
2825 3016 96 21 fourteen
2938 3023 66 19 years.

2446 3051 31 20 He
2492 3056 41 14 was
2542 3049 79 26 greatly
2632 3049 103 21 esteemed
2748 3049 48 21 both
2808 3049 49 21 here
2865 3049 40 21 and
2916 3051 21 19 at
2956 3049 48 21 Bald

2449 3084 43 20 Hill
2505 3084 46 19 Flat
2578 3089 11 13 a
2599 3082 42 21 fact
2652 3082 46 21 that
2711 3090 39 12 was
2761 3083 108 20 evidei.ced
2878 3083 26 26 by
2912 3083 34 20 the
2954 3083 50 20 Bald

2444 3119 46 21 Hill
2498 3118 47 20 Flat
2556 3117 101 22 residents
2666 3117 27 26 by
2705 3117 36 21 the
2750 3117 55 27 large
2815 3118 124 21 attendance
2951 3118 53 21 from

2444 3155 47 20 that
2509 3153 80 20 district
2606 3154 21 19 at
2645 3153 34 20 the
2704 3153 87 21 funeral.
2818 3154 44 19 The
2881 3153 87 20 number
2985 3153 19 20 of

2444 3188 112 25 Roxburgh
2573 3187 71 26 people
2665 3189 84 24 present
2770 3195 40 12 was
2829 3189 36 19 not
2880 3195 22 13 so
2916 3188 55 25 large
2985 3194 19 14 as

2446 3222 66 21 would
2522 3221 52 20 have
2584 3221 50 20 been
2644 3220 36 21 the
2691 3227 45 16 case
2742 3221 41 20 had
2793 3220 34 21 the
2837 3220 80 22 funeral
2924 3220 80 22 arrived

2444 3259 22 20 at
2476 3258 45 21 2.30
2531 3264 59 19 p.m.,
2604 3256 35 21 the
2650 3256 111 26 appointed
2778 3256 59 25 time,
2853 3256 78 21 instead
2946 3256 21 20 of
2981 3263 23 13 an

2444 3291 53 21 hour
2519 3290 125 27 previously.
2672 3290 42 20 The
2736 3289 97 21 deceased
2853 3289 40 21 lost
2911 3289 31 21 his
2959 3289 45 20 wife

2444 3326 48 20 here
2512 3325 63 22 about
2599 3324 56 26 eight
2673 3331 58 19 years
2752 3332 44 18 ago,
2822 3324 42 20 and
2888 3324 17 20 it
2927 3331 40 13 was
2985 3324 19 20 in

2444 3360 120 22 accordance
2572 3359 50 21 with
2630 3359 33 21 h's
2671 3359 48 21 wish
2730 3359 45 21 that
2785 3359 26 20 he
2822 3358 68 27 might,
2899 3359 25 20 be
2933 3359 71 21 buried

2444 3396 50 20 with
2504 3396 37 20 her
2555 3396 46 20 that
2610 3395 31 20 his
2651 3394 88 21 remains
2756 3401 52 13 were
2829 3394 90 24 brought
2933 3396 21 17 to
2968 3394 36 19 the

2444 3429 113 26 Roxburgh
2576 3428 110 26 cemetery.
2728 3427 33 21 He
2785 3434 40 13 was
2851 3434 12 14 a
2891 3427 70 21 native
2983 3426 21 21 of

2443 3464 127 26 Edinburgh,
2582 3464 40 20 and
2632 3463 39 20 left
2680 3470 26 13 no
2723 3462 74 21 known
2815 3462 99 21 relatives
2930 3462 20 20 in
2966 3461 36 21 the

2443 3500 80 27 colony.

2541 3576 114 41 Latest
2716 3575 185 50 Telegrams.

2579 3661 62 23 (Own*
2654 3661 29 19 CO
2688 3665 11 15 R
2703 3661 147 23 rE.->ron::T.

2566 3692 167 34 Lawiihxck,
2749 3692 159 28 November
2921 3692 76 28 12th.

2478 3739 57 28 The
2550 3739 115 27 interest
2682 3739 82 26 taken
2781 3737 25 28 i'i
2827 3738 45 27 the
2888 3737 109 31 County

2441 3779 130 29 elections
2585 3778 55 27 this
2655 3789 65 16 vonr
2734 3789 53 16 v.-.r-
2804 3789 64 16 vevv
2889 3777 108 29 keen

2441 3820 109 34 keener,
2565 3819 28 28 in
2614 3817 66 36 fact,
2697 3817 28 37 111
2730 3829 31 17 -m
2787 3818 48 27 has
2858 3818 70 28 been
2951 3818 45 28 the

2441 3870 62 18 case
2522 3860 44 27 for
2579 3868 81 27 many
2675 3869 87 26 years.

2479 3900 47 28 Mr
2550 3899 30 29 C.
2607 3897 30 29 0.
2663 3898 120 29 Ihnvlins
2807 3899 49 28 has
2883 3898 111 29 entered

2442 3940 80 38 fairly
2536 3940 58 27 into
2609 3939 47 28 the
2670 3939 71 36 fight
2753 3939 39 28 for
2809 3939 46 28 tlie
2867 3938 129 37 Tnapoka

2442 3983 66 26 seat.
2550 3980 45 28 He
2620 3979 48 28 has
2700 3979 102 37 spoken
2834 3983 28 24 at
2886 3979 107 33 lieriot,

2442 4019 164 29 Crookston.
2632 4019 156 34 Dunrobin,
2813 4019 68 27 TJne
2912 4021 81 30 I"'pur,

2442 4061 152 27 Beaumont
2608 4059 53 29 and
2688 4065 88 22 Ivrans
2795 4057 4 31 !
2816 4057 4 31 l
2833 4067 27 20 it.
2873 4057 51 28 nd
2944 4057 48 27 has

2441 4100 69 27 been
2550 4099 58 27 well
2643 4099 125 26 received
2805 4102 27 22 at
2858 4098 33 26 nil
2917 4097 76 26 these

2441 4142 116 26 centres.
2599 4138 35 30 So
2656 4139 42 28 far
2723 4139 43 27 Mr
2790 4137 124 28 L-irnach
2943 4136 49 28 lias

2442 4184 46 23 not
2503 4180 162 28 announced
2680 4179 119 27 himself.

2477 4219 46 28 Mr
2533 4219 74 28 Wm.
2630 4226 19 21 A
2658 4219 56 29 uld,
2726 4219 46 27 the
2792 4216 199 28 Prohibitions};

2439 4258 144 29 candidate
2597 4258 44 29 for
2663 4257 98 34 Bruce,
2775 4255 104 39 opened
2903 4256 47 26 fire
2963 4258 27 24 at

2439 4299 169 30 Waitalnma
2621 4299 82 38 Gully
2715 4309 32 17 on
2764 4296 124 38 Tuesday
2900 4295 89 40 night.

2438 4341 45 28 He
2496 4344 49 33 got
2559 4351 15 17 a
2588 4351 66 25 very
2669 4339 72 35 good
2756 4337 149 37 reception.

2475 4381 84 28 Great
2571 4381 114 27 interest
2705 4379 21 25 is
2748 4377 84 34 being
2855 4375 82 27 taken
2962 4384 27 17 in

2437 4421 46 29 the
2498 4420 127 39 proposal
2648 4423 28 24 to
2691 4417 131 29 establish
2838 4427 15 16 a
2871 4414 119 38 foundry

2437 4461 26 27 in
2475 4461 11 27 T
2490 4471 100 18 jawren
2594 4469 38 18 co.
2673 4459 56 26 Tlie
2740 4458 46 26 sha
2792 4466 26 17 re
2823 4465 113 25 sarego
2940 4465 24 17 in
2969 4466 19 25 g

2435 4501 39 28 off
2486 4501 95 35 freely.

2477 4541 57 26 The
2548 4539 68 26 Kev.
2639 4537 30 27 L.
2695 4536 39 27 M.
2758 4536 72 26 Tsitt.
2851 4534 48 27 tlie
2916 4533 64 27 v.*eil-

2439 4580 101 28 known
2562 4576 220 34 Prohibitionist,
2797 4575 21 27 is
2841 4578 28 24 to
2890 4583 62 27 give
2975 4584 15 16 a.

2438 4621 105 28 lecture
2568 4620 27 25 in
2625 4618 147 27 Lawrence
2795 4626 35 17 on
2854 4621 46 21 the
2925 4614 63 27 10th

2438 4660 65 29 inst.
2544 4659 44 28 He
2602 4658 23 28 is
2638 4656 104 30 certain
2765 4658 29 26 to
2816 4655 69 27 have
2909 4664 15 17 a
2943 4653 47 38 big

2436 4701 93 28 bouse.

2475 4740 87 27 There
2583 4739 23 27 is
2624 4737 123 35 nothing
2759 4736 74 27 fresh
2846 4736 26 26 in
2886 4734 106 37 mining

2439 4782 122 24 matters.
2602 4778 25 27 A
2643 4777 73 35 good
2731 4776 59 27 deal
2806 4776 28 27 of
2857 4774 134 28 attention

2436 4817 22 27 is
2472 4818 84 38 being
2570 4817 82 37 given
2676 4820 28 24 to
2726 4814 217 38 quarlz-rceling
2967 4823 23 16 in

2436 4857 48 27 tlie
2498 4857 165 27 Waitahuna
2680 4855 117 28 district.

2505 4938 46 39 An
2588 4937 183 41 Extensive
2805 4936 117 41 Order.

2436 5020 192 23 APPLICATION
2644 5023 56 20 FOR
2717 5020 223 23 CAXC'FLLATKi>7
2962 5020 33 20 CF

2472 5056 106 21 DISMAL
2594 5057 105 21 SWAMP
2716 5057 103 21 WATER
2838 5056 116 21 RIGHTS.

2475 5120 26 28 A
2526 5122 165 28 sensational
2712 5122 108 36 mining
2846 5131 62 18 rase
2942 5120 52 28 will

2442 5160 105 38 shortly
2568 5162 34 26 be
2622 5162 83 27 heard
2733 5167 28 21 at
2782 5163 45 26 the
2848 5162 30 26 Yv
2886 5161 108 27 arete-n'V

2443 5198 85 28 Ceurt
2550 5200 74 35 here,
2642 5200 136 38 probably
2803 5209 33 18 on
2858 5200 46 26 tlie
2931 5198 60 27 lit};

2443 5238 161 32 December.
2724 5241 68 28 have
2815 5240 21 26 it
2863 5248 32 18 en
2923 5247 40 19 ?'o<
2977 5247 14 17 o

2442 5280 140 39 authority
2602 5282 60 28 that
2686 5281 104 27 3lessis
2851 5276 4 43 .
2881 5277 26 26 V
2919 5276 72 35 auyh

2442 5320 54 28 and
2518 5320 31 30 P.
2579 5321 103 34 Lr.fi'cy,
2834 5315 71 31 liat,
2925 5313 24 26 hi
2961 5322 30 17 ve

2443 5360 101 38 lodged
2559 5370 34 17 an
2608 5355 164 39 appheation
2796 5354 26 25 in
2846 5353 47 26 the
2951 5361 26 16 ar-

2442 5400 77 34 den,s
2535 5398 85 28 Court
2639 5397 44 26 for
2696 5394 46 27 the
2762 5390 176 28 cancellation
2963 5388 28 27 ef

2441 5440 46 26 the
2500 5436 162 29 certificates
2676 5433 28 27 of
2723 5431 74 27 L;>ke
2813 5428 108 28 Onsle.w
2935 5437 27 16 as
2975 5436 12 16 a

2441 5478 74 32 dam,
2537 5478 27 24 at
2587 5475 110 30 present
2711 5469 61 28 held
2797 5468 36 35 by
2847 5466 47 26 the
2916 5464 54 27 Lex-

2440 5515 91 39 burgh
2540 5508 208 40 Amalgamated
2762 5507 46 29 Co.
2820 5504 52 30 and
2888 5503 98 28 ethers.

2442 5557 57 26 The
2523 5553 107 37 ground
2662 5560 33 17 en
2717 5546 87 29 which
2831 5545 47 27 ike
2902 5552 23 27 a]
2938 5553 38 25 pli-

2439 5593 89 28 cation
2542 5592 23 26 is
2578 5588 83 29 baseel
2682 5587 22 27 is
2725 5588 60 24 that
2799 5584 45 26 the
2858 5591 27 17 e.f
2895 5591 23 15 n.

2438 5630 121 38 illegally
2582 5625 115 39 granted
2712 5623 87 28 under
2812 5621 46 28 the

2437 5672 53 27 Act
2503 5669 28 29 of
2546 5667 79 29 1880.

3019 180 163 51 Tuapeka
3219 179 129 48 County
3390 177 181 42 Elections.

3055 263 58 27 The
3126 262 87 28 above
3227 261 131 29 elections
3370 261 66 27 took
3448 260 77 37 place
3539 269 35 19 011

3019 301 187 38 Wednesday,
3220 301 54 28 and
3300 299 122 31 resulted
3446 310 28 18 in
3499 300 76 29 three

3020 342 28 28 of
3067 343 47 27 the
3138 342 99 36 sitting
3258 342 136 26 members
3421 341 84 37 being
3528 341 31 27 de-

3019 381 92 28 feated
3114 381 99 33 viz.,
3226 381 102 27 Messrs
3339 380 106 37 Henry,
3457 379 118 38 Knight,

3019 420 55 28 and
3101 419 128 28 Michael.
3282 419 153 38 Following
3462 429 45 19 are
3527 419 47 29 the

3021 466 109 22 returns
3146 470 44 17 :

3172 504 118 30 Browns
3312 504 110 31 Riding.

3098 544 125 28 Osborne
3249 569 28 3 ...
3398 570 27 3 ...
3468 546 35 28 80

3098 584 97 37 Henry
3250 608 28 4 ...
3398 608 28 6 ...
3469 586 34 28 GO

3182 634 106 30 Clares
3309 635 110 30 Hiding.

3098 675 166 37 Livingston
3398 701 27 4 ...
3469 679 31 27 71

3099 715 98 28 Fraser
3249 740 28 4 ...
3398 741 28 6 ...
3469 718 34 28 33

3168 765 136 28 Gabriels
3324 767 112 29 Riding.

3100 803 128 38 Simpson
3250 828 28 5 ...
3398 831 27 3 ...
3452 807 50 28 133

3099 843 120 30 Michael
3252 870 27 3 ...
3398 871 29 5 ...
3471 847 32 29 7(5

3197 896 89 27 James
3307 896 110 29 Riding.

3100 935 72 28 Edie
3251 960 27 3 ...
3398 961 28 3 ...
3453 937 49 28 109

3099 975 89 28 Kerse
3252 1000 27 3 ...
3399 1000 28 4 ...
3470 977 34 28 83

3167 1027 153 27 Bkadmont
3339 1027 109 29 Riding.

3101 1066 58 28 Ben
3165 1070 45 24 net
3252 1091 28 3 ...
3399 1092 28 3 ...
3469 1068 35 28 07

3099 1106 124 28 Rawlins
3250 1131 27 3 ...
3398 1131 28 3 ...
3468 1110 34 26 47

3172 1158 127 28 Waipori
3320 1158 109 29 Riding.

3100 1197 100 27 Cotton
3250 1221 28 3 ...
3398 1222 28 3 ...
3470 1199 28 26 71

3099 1236 109 37 Knight
3250 1261 27 3 ...
3398 1261 27 3 ...
3469 1238 33 26 7U

3170 1307 125 52 Mining
3330 1307 111 43 Notes.

3065 1388 38 26 At
3125 1397 15 17 a
3161 1386 122 37 meeting
3295 1386 30 27 of
3347 1386 131 28 directors
3492 1388 28 26 of
3535 1388 46 26 the

3030 1426 126 28 Pleasant
3177 1424 97 38 Valley
3298 1424 124 39 Sluicing
3446 1425 48 29 Co.
3518 1426 63 27 held

3028 1477 34 17 on
3097 1464 177 37 Wednesday
3313 1464 128 37 evening,
3475 1464 45 28 Mr
3550 1465 30 27 T.

3028 1506 100 28 Brown
3163 1504 142 38 (formerly
3326 1504 28 28 of
3380 1505 48 27 the
3453 1504 53 37 Rip
3528 1504 54 28 and

3036 1550 61 24 fear
3117 1545 83 36 mine,
3224 1544 51 29 Old
3300 1544 66 29 Man
3394 1546 104 37 Range)
3529 1555 53 17 was

3027 1586 150 37 appointed
3198 1584 127 37 working
3345 1595 133 28 manager
3494 1588 48 24 out
3556 1584 28 28 of

3029 1626 117 28 thirteen
3161 1624 162 39 applicants.

3067 1666 110 37 During
3199 1666 46 26 the
3267 1669 61 33 past
3351 1665 41 28 six
3407 1665 110 29 months
3537 1665 47 27 the

3030 1706 132 28 t.ributors
3194 1706 28 26 in
3255 1706 46 26 the
3333 1705 129 28 Pleasant
3487 1705 97 36 Valley

3032 1746 72 27 mine
3126 1746 68 28 have
3221 1745 130 27 obtained
3378 1745 86 29 2330z
3497 1744 88 28 14dwt

3113 1786 28 28 of
3151 1785 76 32 srold,
3237 1785 97 27 valued
3349 1788 28 24 at
3389 1785 75 29 -07
3482 1785 8 27 1
3500 1785 29 27 Gs
3540 1784 44 28 Gd.

3052 1811 14 12 O
3151 1814 16 9 o
3219 1813 7 6 '

3069 1826 57 28 The
3142 1825 154 33 Roxburgh
3309 1825 212 33 Amalgamated
3537 1824 47 28 Co.

3257 1852 16 9 o

3031 1867 70 27 have
3115 1876 61 18 now
3191 1870 54 24 two
3266 1865 101 28 double
3380 1866 60 27 lifts
3460 1865 127 37 working

3031 1907 92 38 owing
3157 1911 29 24 to
3211 1906 48 28 the
3280 1905 140 29 increased
3452 1914 134 29 pressure,

3031 1948 104 35 arising
3168 1948 71 27 from
3276 1946 45 28 the
3346 1946 127 37 by-wash
3503 1945 85 35 being

3032 1985 82 28 taken
3132 1986 69 26 back
3216 1989 28 23 to
3258 1985 47 29 the
3318 1985 144 34 penstock.

3070 2025 58 29 The
3154 2025 109 29 Ettrick
3295 2025 105 38 dredge
3425 2025 88 28 which
3539 2023 48 28 lias

3033 2068 69 26 been
3118 2077 34 17 oil
3172 2067 71 35 good
3266 2065 65 38 gold
3345 2065 43 27 for
3410 2076 73 17 some
3497 2065 90 28 weeks

3034 2109 61 36 past
3118 2106 111 28 washed
3252 2116 36 28 up
3318 2115 33 17 on
3384 2103 137 39 Saturday
3544 2105 44 27 for

3034 2148 77 27 40oz.
3153 2146 77 28 Good
3252 2145 65 38 gold
3340 2145 49 28 has
3410 2145 68 28 been
3493 2144 93 29 struck

3035 2196 34 18 on
3092 2186 47 27 the
3162 2186 78 27 claim
3264 2185 28 28 in
3309 2184 182 28 mid-stream.
3532 2183 56 27 The

3035 2226 93 28 shares
3142 2225 28 28 in
3184 2225 56 29 this
3258 2234 134 29 company
3405 2234 68 20 were
3487 2222 100 41 quoted

3034 2272 29 22 at
3085 2268 47 27 the
3152 2266 155 38 beginning
3327 2266 29 27 of
3370 2265 46 28 the
3434 2265 76 28 week
3523 2269 28 23 at

3035 2306 127 30 Vendors
3196 2308 36 28 1
3267 2308 26 27 Is
3321 2305 44 36 Gd,
3399 2305 189 38 contributing

3032 2348 32 27 1
3086 2348 30 26 0s
3132 2347 45 28 Gd.

3070 2387 164 36 Quotations
3256 2386 44 28 for
3324 2385 105 29 Golden
3456 2384 132 30 Treasure

3031 2428 94 28 shares
3135 2432 27 23 at
3172 2428 48 28 the
3227 2437 75 19 same
3309 2427 65 27 time
3382 2436 69 18 were
3463 2427 36 27 2
3514 2427 28 27 7s
3554 2426 34 28 Gd

3031 2470 29 25 to
3073 2467 37 29 2
3130 2467 45 28 12s
3191 2467 52 35 Gd;
3259 2466 54 28 and
3329 2465 43 29 for
3388 2465 106 29 Golden
3511 2465 77 36 Gate,

3031 2508 35 28 1
3083 2508 31 28 9s
3128 2511 28 24 to
3171 2508 36 28 1
3233 2510 56 25 lis.

3195 2584 123 20 MILLERS
3340 2583 79 21 FLAT.

3128 2620 148 24 (Occasional
3292 2620 205 20 Correspondent.)

3069 2656 58 28 The
3140 2656 73 28 river
3233 2655 49 29 has
3296 2664 71 27 gone
3387 2654 80 28 down
3488 2664 16 18 a
3517 2653 71 39 good

3032 2697 51 32 bit,
3095 2696 54 28 and
3163 2696 46 27 the
3223 2696 119 36 dredges
3351 2695 69 27 have
3434 2698 50 31 got
3496 2694 92 37 nearly

3032 2735 35 27 all
3089 2734 105 29 started
3212 2734 91 37 again.
3344 2733 57 28 The
3426 2733 49 28 Ota
3480 2743 35 27 go
3540 2732 47 29 Co.

3031 2784 47 18 are
3104 2774 118 37 shifting
3252 2773 73 28 their
3349 2773 105 36 dredge
3486 2776 28 23 to
3541 2773 46 26 the

3033 2814 83 28 lower
3135 2813 52 28 end
3202 2813 29 29 of
3251 2813 46 27 the
3320 2811 88 34 claim,
3433 2811 87 28 below
3540 2812 47 27 the

3032 2857 78 31 punt.
3151 2853 39 25 At
3201 2853 46 25 the
3270 2853 53 24 last
3340 2851 125 35 meeting
3487 2851 29 26 of
3539 2851 46 25 the

3033 2891 141 33 directors,
3184 2890 47 27 the
3245 2889 108 28 Golden
3368 2889 131 27 Treasure
3521 2888 64 36 paid

3034 2941 15 16 a
3091 2940 52 17 one
3187 2929 111 32 shilling;
3341 2928 140 28 dividend.
3521 2928 65 27 This

3035 2969 113 39 dredge,
3186 2969 73 28 since
3303 2968 32 29 G.
3379 2968 108 29 Bennet
3521 2968 65 28 took

3035 3011 102 33 charge
3167 3010 29 27 of
3230 3009 60 34 her,
3321 3009 32 33 is,
3387 3008 13 27 I
3427 3008 91 34 think,
3541 3009 46 26 the

3036 3049 131 29 steadiest
3197 3049 125 37 working
3349 3048 103 38 dredge
3483 3060 33 17 on
3541 3048 46 28 the

3036 3090 80 27 river.
3157 3089 149 35 M'Gregor
3318 3089 53 27 and
3394 3088 104 38 party's
3512 3098 60 28 pros-

3036 3131 113 37 pecting
3173 3130 123 27 machine
3320 3139 54 16 was
3400 3128 81 28 taken
3503 3138 36 27 up
3560 3131 27 24 to

3038 3171 45 26 the
3120 3170 182 29 Beiifreiburn
3337 3169 62 26 Flat
3426 3169 50 26 last
3502 3168 84 27 week.

3181 3197 17 9 o

3037 3209 27 28 It
3077 3210 22 27 is
3119 3213 50 24 not
3184 3209 87 38 going
3292 3218 66 26 very
3375 3208 59 27 well
3450 3211 53 31 vet,
3521 3208 65 36 they

3037 3250 103 38 having
3160 3253 33 25 -to
3226 3249 80 28 make
3335 3258 75 19 some
3433 3248 152 29 alteration.

3037 3290 27 27 It
3095 3291 21 26 is
3148 3289 127 37 reported
3308 3289 61 27 that
3394 3288 113 36 Murray
3532 3288 53 27 and

3036 3329 105 38 party's
3156 3329 103 36 dredge
3280 3329 22 27 is
3326 3332 27 24 to
3377 3329 33 27 be
3434 3328 103 28 shifted
3558 3331 28 24 to

3036 3369 131 37 Waipori.
3208 3369 56 28 The
3279 3368 108 29 Ettrick
3408 3368 104 37 dredge
3530 3368 54 27 still

3035 3410 142 27 continues
3191 3419 35 17 on
3243 3409 71 32 good
3333 3409 74 28 cold.
3447 3410 13 24 'J
3473 3409 31 27 he
3520 3408 64 28 Sur-

3241 3437 16 9 O
3333 3439 16 7 V-.'

3035 3451 80 37 prise,
3138 3454 28 24 at
3190 3450 46 27 the
3262 3449 69 28 head
3354 3449 28 27 of
3405 3449 46 27 the
3474 3448 108 28 Ettrick

3034 3489 89 37 claim,
3137 3490 22 29 is
3178 3492 48 25 not
3240 3488 114 36 started,
3379 3488 46 29 the
3444 3488 72 29 river
3538 3488 31 28 be-

3034 3532 48 35 ing
3099 3536 43 23 too
3153 3531 77 36 high.

3034 3604 176 44 Cromwell
3230 3603 202 44 Caledonian
3450 3601 130 53 Sports.

3170 3689 62 23 (Ows
3246 3689 199 22 Correspondent)

3065 3723 56 28 Tlio
3137 3723 144 28 Cromwell
3302 3722 165 28 Caledonian
3490 3723 89 34 sports

3028 3773 69 19 were
3112 3763 63 28 held
3186 3773 35 18 on
3234 3762 129 37 Monday.
3394 3761 58 29 The
3460 3760 119 29 weather

3028 3814 54 18 was
3107 3808 48 22 not
3182 3813 64 24 very
3270 3801 126 35 suitable,
3423 3812 30 18 as
3477 3801 22 28 it
3528 3810 51 18 was

3027 3843 121 37 blowing
3168 3843 83 37 stiffly
3264 3843 28 27 in
3306 3842 47 28 the
3374 3842 74 35 early
3469 3843 62 36 part
3551 3841 28 27 of

3027 3885 46 27 the
3086 3884 63 35 day,
3163 3883 54 28 and
3241 3883 117 27 towards
3381 3881 119 36 evening
3520 3880 57 27 rain

3026 3934 75 18 came
3128 3933 42 17 on.
3224 3923 75 27 Each
3333 3926 82 23 event
3441 3931 54 16 was
3517 3920 59 27 well

3024 3963 152 31 contested,
3209 3961 145 38 especially
3387 3961 47 27 the
3467 3959 108 37 cycling

3025 4004 88 26 items.
3146 4002 153 34 Following
3309 4010 44 17 are
3365 4001 45 26 the
3420 3999 98 28 results
3530 4010 5 14 :

3245 4048 109 36 QI'OITS.

3096 4090 27 27 J.
3137 4089 125 27 Crornbie
3413 4110 29 5 ...
3488 4088 6 24 1

3097 4129 43 28 W.
3157 4128 74 36 Jolly
3414 4151 27 3 ...
3484 4126 14 27 2

3188 4169 112 27 Maiden
3321 4168 23 26 Pi
3347 4177 57 18 ace.

3095 4209 26 27 J.
3137 4208 117 28 Parsons
3267 4232 28 2 ...
3414 4229 28 5 ...
3487 4206 7 25 1

3096 4248 30 28 T.
3140 4248 155 35 Heanoy...
3415 4269 28 4 ...
3487 4245 13 26 2

3062 4288 113 30 Parsons
3187 4297 59 19 won
3257 4284 193 39 comfortably.
3490 4284 86 35 Time,

3024 4331 28 27 II
3070 4331 100 27 I-ssec.

3041 4377 118 27 Bicycle
3180 4375 106 28 Novice
3302 4373 73 28 Pace
3398 4375 61 32 (one
3473 4371 83 38 mile.)

3097 4415 28 30 S.
3140 4415 100 35 Fache,
3251 4425 42 18 scr
3430 4439 15 2 ..
3494 4414 3 36 I

3097 4456 29 27 T.
3145 4455 159 34 Beveredgo
3417 4478 27 2 ...
3487 4454 14 26 2

3059 4495 65 27 This
3139 4504 54 17 was
3208 4494 46 27 the
3276 4493 97 28 fastest
3395 4503 62 18 race
3478 4492 29 27 of
3531 4491 46 28 the

3021 4535 62 33 (Lav,
3096 4534 88 27 Fache
3198 4533 126 37 winning
3333 4533 37 37 by
3388 4533 85 26 about
3492 4532 82 36 10yds

3022 4575 27 28 in
3064 4574 71 29 2min
3153 4574 88 28 55scc.

3080 4622 126 28 Vincent
3220 4622 143 27 Handicap
3379 4620 61 36 (220
3440 4620 77 36 yds.)

3099 4662 30 29 C.
3145 4660 150 35 Bobinson,
3310 4660 69 29 3\ds
3417 4685 28 3 ...
3492 4660 5 26 1

3099 4703 31 28 E.
3148 4700 138 36 Solomon,
3300 4711 44 17 scr
3419 4725 27 3 ...
3488 4701 15 27 2

3060 4743 142 29 Bobinson
3215 4740 53 28 had
3283 4742 21 26 it
3317 4740 33 27 oil
3361 4743 28 24 to
3398 4739 177 35 himself,and

3026 4793 59 17 won
3100 4781 93 37 cosily.
3232 4780 84 33 Time,
3332 4780 14 27 2
3358 4780 82 28 Usee.

3026 4827 146 29 Handicap
3187 4826 116 27 Bicycle
3317 4824 76 29 Pace
3410 4824 165 36 (half-mile.)

3100 4867 32 28 E.
3147 4866 128 34 Watson,
3292 4865 85 37 15yds
3419 4890 28 3 ...
3492 4866 8 26 1

3101 4907 32 29 E.
3147 4906 85 38 Jolly,
3253 4906 87 37 30yds
3420 4930 27 3 ...
3490 4905 14 27 2

3064 4947 66 28 This
3152 4957 55 17 was
3233 4957 15 16 a
3268 4956 66 27 very
3356 4946 55 27 fast
3436 4954 69 24 race,
3525 4943 52 28 and

3027 4988 89 27 would
3131 4987 69 27 hove
3222 4986 70 27 been
3318 4995 33 17 an
3375 4994 64 26 cosy
3462 4984 51 26 win
3536 4983 43 27 for

3030 5029 77 28 Scott
3121 5027 52 28 had
3189 5026 33 27 he
3243 5028 48 25 not
3314 5035 49 17 run
3382 5024 40 28 off
3432 5024 45 27 the
3491 5022 86 28 track.

3028 5069 44 28 He
3086 5077 54 18 was
3155 5066 109 36 coming
3286 5065 55 27 fast
3363 5073 65 18 near
3447 5063 47 27 the
3506 5065 69 34 post,

3027 5107 103 37 having
3144 5106 45 27 the
3203 5114 60 18 race
3276 5104 35 26 oil
3325 5106 28 24 to
3367 5102 116 33 himself,
3497 5101 76 26 when

3027 5148 42 27 }iis
3083 5146 94 28 saddle
3190 5153 75 19 cr.mc
3286 5142 87 33 down,
3387 5141 114 34 causing
3520 5139 53 27 him

3027 5190 26 23 to
3069 5186 56 26 foul
3140 5183 65 27 with
3359 5180 63 25 thus
3443 5177 131 33 bringing

3026 5222 109 30 himself
3147 5221 88 27 down.
3276 5217 83 33 Time,
3376 5215 70 27 Imin

3105 5271 9 26 ]
3123 5271 72 25 lan]>i
3200 5275 46 19 car
3260 5266 21 26 1'
3285 5273 31 19 AC
3321 5273 12 17 e
3351 5264 42 33 (12
3397 5262 33 36 Oy
3434 5262 31 26 ds
3478 5262 8 34 )

3095 5309 31 27 E.
3142 5308 26 26 S<
3182 5308 97 29 !(won,
3293 5313 43 15 scr
3410 5324 28 3 ...
3485 5302 4 35 I

3095 5347 31 25 P.
3141 5341 207 33 M'Conncchie,
3364 5339 67 35 7yds
3478 5339 15 25 2

3144 5382 91 35 easily.
3275 5379 84 33 Time,
3375 5377 106 30 12isoo.

3020 5424 116 26 Bicycle
3163 5419 89 26 Back:
3281 5417 167 28 Goldhelds
3472 5415 95 30 Ciiau-
3578 5415 1 35 j

3147 5463 121 21 pionsbip
3285 5456 60 27 (one
3358 5455 84 37 mile.)

3090 5497 31 28 E.
3260 5516 28 4 ...
3405 5495 15 31 ~.
3478 5497 10 26 1

3090 5539 80 26 b'cott
3257 5554 31 7 ....
3405 5560 28 4 ...
3476 5536 14 27 2

3055 5577 33 26 In
3102 5575 54 27 this
3169 5582 62 18 race
3252 5572 77 27 Scott
3343 5573 43 27 led
3399 5575 33 26 nil
3447 5576 47 26 the
3509 5586 56 26 way
3578 5568 1 44 !

3019 5614 69 28 until
3103 5622 67 19 near
3187 5612 48 28 tl.e
3255 5614 72 33 pest,
3352 5611 75 28 when
3578 5606 1 41 !

3019 5662 75 19 come
3107 5652 65 28 with
3187 5661 16 18 a
3223 5652 78 36 spurt
3314 5650 52 28 and
3381 5661 70 19 won.
3490 5653 80 30 Scott
3578 5648 1 40 I

3603 178 66 29 rode
3681 189 16 18 a
3711 189 79 28 game
3803 190 70 27 race,
3888 192 29 18 as
3931 182 34 28 he
3979 191 54 19 was
4047 182 107 38 heavily

3603 219 199 38 handicapped,
3824 221 103 38 having
3953 224 28 26 to
4007 222 59 28 ride
4089 223 66 29 with

3604 268 50 18 one
3668 269 57 18 arm
3740 260 91 36 owing
3850 263 28 25 to
3899 261 46 28 the
3970 261 78 29 other
4071 262 84 39 being

3604 298 123 38 severely
3739 299 65 29 hurt
3823 299 79 29 when
3926 301 34 28 he
3979 311 76 19 came
4076 302 79 29 down

3605 339 26 27 in
3646 339 46 28 the
3701 339 135 29 half-mile
3847 351 70 18 race.
3957 341 65 29 This
4033 353 54 17 was
4097 353 42 17 cer-

3606 379 84 37 tainly
3707 378 103 29 Scott's
3829 389 61 19 race
3909 381 54 27 had
3979 381 33 27 he
4024 386 49 23 not
4085 382 70 28 been

3605 428 30 19 so
3648 418 178 29 unfortunate
3840 429 28 19 as
3892 423 28 25 to
3940 421 68 27 have
4031 421 63 29 hurt
4115 422 40 28 his

3605 469 68 18 arm.
3713 459 85 35 Time,
3813 460 74 27 2mia
3902 461 89 28 57sec.

3625 499 143 29 Handicap
3783 499 116 29 Hurdle
3913 500 73 29 Race
4000 501 60 33 (220
4060 501 77 33 yds.)

3681 539 31 28 T.
3730 539 75 28 Read
4072 542 14 27 I

3680 579 32 28 E.
3728 579 129 28 Solomon
4000 605 28 3 ...
4070 582 14 26 2

3643 618 65 28 This
3730 628 56 19 was
3810 629 17 17 a
3849 619 72 38 good
3946 629 61 18 race
4035 621 120 27 between

3607 659 74 29 Read
3702 659 54 29 and
3781 659 137 36 Solomon,
3934 659 75 30 Read
4032 661 123 38 winning

3608 699 35 37 by
3657 700 83 27 about
3754 709 15 18 a
3782 699 67 30 foot.

3636 738 176 30 Caledonian
3832 739 143 31 Handicap
3991 741 60 37 (410
4051 741 77 37 yds.)

3681 780 32 26 E.
3728 779 150 35 Robinson,
3892 790 43 17 scr
3998 803 28 6 ...
4071 783 10 24 1

3681 816 32 30 G.
3731 817 137 36 Solomon,
3887 818 83 39 14yds
3998 843 28 4 ...
4062 820 21 27 -2

3644 857 86 30 These
3744 862 53 25 two
3812 869 70 20 were
3894 860 47 29 the
3955 860 63 39 only
4033 862 122 34 starters,

3608 899 56 28 and
3680 900 137 27 Kobinson
3831 910 62 17 won
3906 901 94 36 easily.

3663 938 115 29 Bicycle
3801 940 72 27 Race
3896 940 86 34 (three
4005 939 98 37 miles.)

3682 977 34 28 D.
3732 978 122 37 O'Leary
4001 1003 27 3 ...
4075 981 7 25 1

3683 1016 32 29 G.
3732 1016 87 29 Fache
3852 1042 29 4 ...
4000 1043 28 3 ...
4070 1020 15 25 2

3643 1057 65 28 This
3741 1067 54 18 was
3828 1057 45 28 the
3906 1057 59 28 first
3997 1068 61 18 race
4098 1058 57 28 that

3608 1096 122 34 O'Leary
3745 1096 65 28 rode
3822 1096 38 34 in,
3875 1096 53 27 and
3951 1108 29 17 as
4005 1097 77 28 Scott
4102 1108 54 17 was

3608 1136 98 28 unable
3719 1139 27 24 to
3760 1136 58 27 ride
3833 1146 52 24 any
3899 1146 75 17 more
3986 1148 34 15 on
4042 1143 114 21 account

3607 1176 29 27 of
3648 1175 42 28 his
3704 1186 66 23 arm,
3784 1174 122 37 O'Leary
3920 1185 54 17 was
3988 1175 169 29 determined

3608 1217 26 25 to
3658 1214 70 36 keep
3751 1224 35 27 up
3813 1214 46 27 the
3885 1214 154 36 reputation
4062 1215 29 27 of
4116 1214 41 29 his

3607 1254 73 31 club,
3694 1254 88 26 which
3796 1254 34 25 he
3844 1252 47 27 did
3905 1252 36 36 by
3952 1253 123 36 winning
4083 1262 30 18 as
4125 1254 32 27 he

3608 1292 83 28 liked.
3731 1291 44 29 He
3789 1291 99 38 simply
3911 1291 103 29 mowed
4033 1291 40 28 his
4096 1302 61 19 men

3609 1333 89 32 down,
3718 1332 47 27 the
3788 1331 86 36 Clyde
3899 1332 80 26 crack
4005 1332 103 37 having
4130 1336 27 24 to

3608 1372 65 26 take
3704 1381 16 17 a
3747 1370 69 27 back
3847 1373 57 24 seat
3930 1370 63 28 with
4022 1371 48 27 the
4095 1375 62 25 rest.

3612 1411 85 33 Time,
3713 1409 74 27 Bmin
3801 1409 107 34 43^sec.

3685 1449 117 28 Bicycle
3817 1448 75 28 Race
3908 1449 64 36 (five
3989 1449 96 37 miles.)

3690 1490 29 26 D.
3737 1488 122 36 O'Leary
4003 1511 28 7 ~.
4079 1488 4 36 i

3685 1529 31 28 E.
3735 1526 151 31 Watson...
4005 1552 28 4 ...
4075 1529 14 27 2

3687 1569 31 27 E.
3734 1568 74 28 Jollv
4075 1571 15 24 3

3649 1608 74 29 Here
3736 1608 81 36 again
3831 1608 125 37 O'Leary
3980 1608 101 37 proved
4094 1608 51 28 him-

3612 1649 52 27 self
3679 1653 44 24 too
3747 1648 56 28 fust
3826 1648 43 28 for
3894 1648 137 38 anything
4057 1659 32 17 011
4117 1649 44 27 the

3613 1689 117 37 ground.
3770 1689 80 27 After
3864 1700 15 16 a
3893 1699 66 26 very
3983 1688 53 27 bad
4059 1691 101 25 start

3613 1729 42 28 his
3668 1739 61 18 men
3745 1728 84 38 being
3843 1728 56 28 half
3913 1738 15 17 a
3941 1728 45 36 lap
3997 1731 27 24 to
4036 1728 42 27 the
4089 1727 72 37 good

3613 1769 94 28 before
3718 1769 34 27 he
3762 1771 48 35 got
3820 1769 87 27 under
3918 1777 58 26 way
3977 1767 69 28 he
4053 1767 107 28 walked

3615 1808 120 38 through
3749 1809 74 26 them
3838 1818 28 17 ;is
3880 1806 104 38 though
4006 1807 65 37 they
4091 1816 68 19 were

3615 1848 131 38 standing
3759 1858 67 17 once
3839 1848 32 27 he
3883 1846 150 38 got-going,
4045 1847 52 27 and
4107 1857 53 18 was

3616 1898 82 19 never
3711 1888 82 38 again
3808 1886 112 36 headed,
3935 1886 122 39 winning
4079 1898 28 17 as
4127 1887 34 28 he

3615 1928 73 28 liked
3704 1929 214 36 three-quarters
3940 1927 28 27 of
3987 1937 15 17 a
4015 1927 44 37 lap
4073 1927 87 28 ahead

3615 1968 28 27 of
3657 1968 45 26 the
3715 1967 145 37 champion
3874 1966 124 32 Watson,
4013 1966 67 28 both
4100 1976 61 18 men

3615 2006 117 38 starting
3746 2006 40 29 off
3793 2006 113 28 scratch.

3634 2046 184 30 CONSOLATiON
3838 2046 143 29 HANDICAP
4006 2044 136 39 (lOOyds.)

3690 2088 31 26 G.
3738 2086 138 34 Solomon,
3890 2096 43 18 scr
4005 2110 28 2 ...
4078 2087 11 25 1

3692 2127 23 27 \\
3717 2126 7 12 r
3728 2149 6 7 .
3749 2126 138 35 IS'icolson,
3902 2136 42 18 ser
4005 2150 28 3 ...
4074 2126 15 27 2

3654 2167 128 28 Solomou
3824 2176 61 18 won
3925 2165 94 31 easily.
4078 2165 83 34 TiuiQ,

3622 2207 47 34 121
3672 2216 53 18 sec.

3624 2284 239 51 Endangering
3895 2283 84 41 Main
4007 2281 87 42 Road
4129 2281 37 49 by

3811 2330 166 49 Sluicing.

3645 2404 32 21 Mr
3692 2404 20 21 C.
3733 2403 22 21 0.
3775 2403 58 21 Haul
3835 2403 19 21 in
3857 2410 7 14 3
3887 2403 36 20 lias
3940 2402 49 20 beon
4007 2399 160 23 communicate)!

3620 2432 49 20 with
3681 2431 28 27 by
3719 2431 32 20 Mr
3764 2430 23 21 C.
3798 2430 34 22 W.
3853 2430 82 23 Adams,
3954 2429 60 21 Chief
4031 2429 101 24 Surveyor
4145 2427 21 21 df

3620 2459 72 25 Otago,
3702 2460 22 17 to
3734 2458 34 19 the
3778 2458 60 19 effect
3846 2458 47 19 that
3902 2457 66 24 owing
3978 2458 20 18 to
4007 2462 12 14 a
4027 2456 69 24 report
4105 2454 58 20 made

3620 2488 21 19 to
3652 2486 34 20 the
3694 2485 136 27 Department
3837 2484 46 21 that
3889 2483 84 26 sluicing
3980 2483 115 27 operations
4102 2483 21 19 at
4130 2481 35 21 the

3619 2513 70 21 Island
3699 2512 62 20 Block
3770 2519 51 12 were
3828 2511 135 26 endangering
3970 2511 35 19 the
4013 2510 53 20 main
4078 2509 54 24 road,
4139 2509 26 20 ho

3620 2540 40 21 had
3669 2539 91 21 received
3770 2537 131 22 instructions
3908 2539 29 18 .to
3953 2538 78 25 inspect
4095 2537 69 24 report

3620 2575 25 13 on
3660 2573 61 14 same.
3748 2566 33 20 Mr
3801 2564 90 22 Rawlins
3909 2566 63 19 states
3989 2564 47 21 that
4053 2563 35 21 the
4106 2562 61 22 Chief

3619 2596 102 24 Surveyor
3733 2594 56 19 must
3799 2592 52 21 have
3859 2592 50 20 been
3925 2591 137 22 misinformed
4072 2597 21 14 as
4103 2591 21 19 to
4133 2589 35 21 the

3620 2622 100 25 workings
3737 2622 22 19 at
3775 2620 35 21 the
3829 2620 70 20 Island
3918 2620 76 24 Block;
4008 2619 32 20 his
4054 2618 112 21 iuformant

3619 2650 56 20 must
3684 2648 52 20 have
3746 2648 49 19 been
3814 2646 92 26 alluding
3923 2648 21 18 to
3963 2646 35 20 the
4016 2645 79 25 tailings
4114 2644 53 20 from

3619 2684 54 14 some
3683 2676 59 21 other
3751 2674 66 22 claim.
3845 2674 24 21 In
3879 2681 40 19 any
3928 2681 51 18 esse,
3989 2673 27 20 he
4026 2671 97 22 contends
4132 2671 35 21 tho

3618 2704 66 19 action
3694 2703 21 20 of
3724 2709 39 18 any
3773 2708 99 18 company
3885 2701 21 20 in
3918 2701 82 25 putting
4010 2700 80 24 tailings
4100 2699 18 20 in
4130 2698 35 20 tho

3618 2730 54 21 river
3691 2730 16 20 is
3723 2729 57 25 quite
3798 2728 120 26 legitimate,
3938 2727 39 20 and
4000 2726 15 21 if
4033 2726 35 20 tho
4085 2725 54 20 river
4153 2725 15 20 is

3617 2756 93 21 diverted
3720 2756 53 19 from
3783 2756 26 19 its
3824 2761 69 14 course
3908 2754 39 19 and
3961 2754 63 25 strips
4033 2759 54 14 some
4097 2752 20 19 of
4131 2751 36 21 tha

3618 2785 50 18 west
3682 2782 61 21 bank,
3754 2782 16 19 it
3786 2781 41 20 will
3843 2787 38 19 pay
3892 2780 36 20 the
3938 2780 139 20 Government
4087 2780 21 18 to
4117 2784 39 14 com-

3617 2811 91 25 pensate,
3720 2816 20 13 as
3751 2808 35 21 tho
3799 2808 66 21 action
3877 2808 21 20 of
3908 2807 34 21 the
3953 2807 52 22 liver
4014 2805 92 24 diverted
4115 2805 53 21 from

3615 2838 26 19 its
3655 2838 82 24 present
3753 2836 38 19 bed
3808 2834 67 21 would
3886 2835 32 25 lay
3928 2841 52 18 open
3990 2836 22 18 to
4021 2833 96 25 dredging
4130 2839 37 13 one

3615 2863 21 18 of
3646 2864 34 17 the
3690 2862 74 19 richest
3773 2867 49 12 runs
3833 2860 45 18 that
3888 2861 16 17 is
3915 2860 71 19 known
3995 2867 25 12 on
4030 2860 74 19 Millers
4111 2859 52 20 Fiat.

3641 2887 33 20 Mr
3690 2886 78 21 Adams
3782 2885 73 20 visited
3872 2885 34 20 the
3920 2885 79 25 ground
4013 2885 98 26 recently,
4125 2885 40 20 and

3615 2915 31 20 his
3657 2915 69 25 report
3736 2912 41 21 will
3796 2912 24 21 be
3830 2912 20 21 in
3864 2911 36 22 the
3910 2912 64 21 hands
3987 2912 21 21 of
4023 2912 36 21 tho
4074 2912 77 21 Govern-

3616 2944 56 18 ment
3682 2940 85 22 shortly.

3666 3004 182 50 Roxburgh
3876 3003 136 41 Cricket
4037 3003 91 41 Club.

3643 3083 44 20 The
3697 3082 51 23 local
3758 3082 47 21 ciub
3814 3081 77 26 opened
3897 3081 36 20 the
3940 3087 68 14 season
4017 3081 48 19 with
4075 3088 10 12 a
4093 3081 74 22 mate';,

3601 3106 2 34 j
3620 3110 27 23 bv
3657 3112 64 18 teams
3730 3109 71 27 picked
3810 3115 29 19 up
3852 3115 26 14 on
3886 3108 35 21 the
3930 3107 78 27 ground
4018 3107 64 20 under
4093 3107 32 21 Mr
4137 3106 30 22 VV.

3601 3134 1 30 j
3621 3137 128 20 Winchester
3767 3136 97 26 (captain)
3881 3136 39 19 and
3942 3135 32 19 air
3996 3135 21 20 T.
4040 3134 87 25 Howell,
4142 3141 25 13 on

3601 3160 2 31 |
3619 3165 97 25 Monday.
3744 3164 42 19 The
3801 3163 89 20 weather
3906 3169 40 12 was
3960 3160 153 26 unfavourable,
4125 3160 4 31 i
4140 3161 25 20 vjn

3619 3191 120 25 descending
3762 3190 123 25 throughout
3910 3188 36 20 the
3967 3190 114 19 afternoon.
4122 3187 41 20 Tnc

3600 3209 2 39 j
3619 3218 55 25 pitch
3687 3224 40 15 was
3736 3216 250 26 iii.excellent,condition,
3996 3215 39 21 and
4050 3214 36 21 tlio
4105 3220 62 14 meni-

3600 3237 2 33 I
3619 3246 43 20 hers
3673 3245 21 21 of
3704 3246 35 20 the
3748 3244 115 21 committee
3873 3244 46 21 who
3930 3242 78 21 worked
4019 3241 147 27 indefatig-ibV

3600 3269 1 34 j
3618 3275 21 19 to
3648 3279 84 19 prepare
3749 3274 15 18 it
3781 3279 34 13 are
3826 3273 21 18 to
3856 3271 25 20 he
3895 3270 153 25 congratulated
4066 3276 26 13 oil
4110 3269 54 20 thei;

3616 3307 84 14 success.
3727 3300 41 20 The
3778 3305 63 14 scores
3853 3305 50 13 were
3913 3305 21 12 as
3943 3298 68 19 follow
4019 3298 4 23 :

3748 3327 37 20 Mr
3801 3325 166 21 Winchester's
3980 3325 58 20 Side.

3663 3354 77 21 Burton
3789 3369 20 6 ...
3914 3367 21 5 ...
4089 3354 4 32 (
4102 3365 12 4 ~

3600 3378 1 31 |
3663 3380 90 22 Ormond
3790 3396 20 5 ...
4088 3378 25 19 23

3600 3401 1 31 !
3662 3409 21 20 J.
3694 3408 71 20 Eiliott
3792 3423 20 5 ...
3916 3422 20 4 ...
4042 3420 19 5 ...
4092 3404 20 19 H

3662 3434 150 22 Winchester...
3915 3449 20 5 ...
4040 3446 21 5 ...
4088 3430 26 22 25

3662 3462 83 20 Manuel
3791 3477 19 5 .
3915 3475 20 4 ...
4040 3475 20 4 ...
4101 3459 8 18 1

3662 3489 59 21 Toms
3791 3502 20 6 ...
4041 3502 20 5 ...
4101 3485 12 20 4

3662 3519 25 21 G.
3699 3516 104 28 Campbell
3915 3531 20 5 ...
4101 3513 12 21 2

3765 3568 61 21 Total
3916 3582 21 5 ...
4041 3580 20 5 ...
4089 3566 24 19 OS

3767 3596 37 20 Mr
3822 3594 112 22 Howell's
3948 3594 59 20 Side.

3663 3625 33 23 W.
3708 3625 73 26 Young
3797 3641 12 5 ..
4038 3620 72 26 ~.2

3664 3653 68 23 Moyle
3789 3669 19 4 ...
4089 3648 20 19 '1

3600 3672 1 35 |
3662 3676 80 24 Howell
3791 3694 20 6 ...
3916 3693 19 5 ...
4039 3691 20 5 ...
4089 3674 22 20 13

3661 3707 26 21 R,
3699 3706 72 21 Elliott
3789 3722 19 4 ...
3915 3721 19 3 ...
4038 3718 19 5 -
4098 3701 8 18 r
4107 3701 3 27 >

3664 3733 80 21 Michell
3796 3747 12 5 ..
3913 3747 20 4 ...

3662 3759 108 23 M'Kenzie
3788 3775 20 5 ...
3912 3774 19 4 ...
4036 3772 20 5 ...
4097 3766 12 9 >

3662 3789 23 20 B.
3698 3787 66 25 lleilly
3789 3804 18 4 ...
3913 3801 19 4 ...
4037 3799 19 5 -
4098 3783 13 20 2

3757 3839 58 23 Total
3911 3856 18 4 ...
4035 3854 20 4 ...
4084 3837 25 21 44
4141 3830 1 32 '

3633 3870 47 20 Fair
3690 3867 142 25 batting-form
3843 3873 40 14 was
3901 3866 71 20 shown
3985 3863 127 26 considering
4125 3863 35 21 the

3607 3899 54 18 want
3673 3896 21 20 of
3702 3895 94 27 practice,
3808 3894 39 20 and
3857 3894 34 20 the
3909 3893 86 24 bow'.iug
4005 3892 21 20 of
4035 3891 88 26 Howell,
4134 3891 26 21 R.

3607 3924 76 22 Elliott;,
3712 3919 100 27 Ormond,
3841 3921 40 20 and
3911 3920 67 25 Moyle
4007 3919 75 23 proved
4111 3926 49 17 very

3605 3950 100 20 MtVc'ive.
3742 3950 26 20 A.
3792 3947 83 21 Manuel
3897 3946 84 21 showed
4003 3945 40 21 fair
4064 3945 52 21 form
4146 3952 15 14 tf

3605 3977 72 20 wicket
3695 3977 74 24 keeper
3789 3975 32 20 for
3841 3982 12 13 a
3872 3974 104 26 beginner.
4005 3973 84 26 Stumps
4107 3978 52 15 were

3601 4004 68 20 drawn
3680 4006 21 16 at
3710 4003 52 21 5.'50.

3718 4063 316 48 Correspondence.

3773 4147 93 21 JAMES
3875 4147 110 21 RIDING.

3784 4174 30 20 To
3828 4179 43 21 tjie
3885 4175 87 19 Editor.

3629 4201 133 26 Sib,Your
3772 4201 73 20 Iferiot,
3859 4201 157 25 correspondent
4025 4201 18 19 in
4055 4199 40 20 last
4103 4199 13 19 i.
4121 4205 36 14 sue

3605 4231 55 19 must
3671 4229 24 19 be
3705 4236 11 12 it
3726 4227 98 21 veritable
3922 4228 20 19 in
3953 4228 35 19 the
4085 4233 21 12 as
4121 4226 36 19 t'l;

3605 4256 64 21 ballot
3680 4255 38 20 box
3736 4254 40 21 will
3791 4255 52 20 have
3857 4254 76 27 proved
3953 4254 68 20 before
4035 4254 45 20 thes
4082 4259 6 8 f
4089 4252 2 29 -
4106 4252 51 21 linen

3605 4290 76 21 appear
3696 4283 19 21 in
3734 4282 62 27 print,
3823 4282 49 21 This
3882 4282 137 27 goody-goody
4029 4286 71 23 person
4111 4278 33 22 wli
4153 4278 4 33 >

3605 4313 16 20 is
3631 4315 33 17 too
3680 4311 50 26 good
3745 4310 21 21 in
3776 4310 31 21 liis
3816 4317 43 14 own
3871 4311 113 21 estimation
3995 4311 31 20 for
4035 4309 40 21 this
4086 4309 69 19 rotten

3606 4339 102 21 mundane
3723 4338 80 26 sphere,
3821 4338 93 20 misleads
3929 4338 34 19 the
3974 4338 71 25 people
4055 4338 27 22 by
4091 4337 54 18 utter-

3605 4367 35 23 ing
3649 4364 106 25 untruths,
3765 4365 40 19 and
3816 4365 94 23 knowing
3919 4365 55 19 them
3985 4367 20 16 to
4015 4365 25 19 Vie
4049 4361 48 23 such
4107 4361 49 23 they

3608 4393 39 21 will
3662 4393 35 26 yet
3714 4391 58 20 recoil
3793 4398 25 14 on
3835 4391 30 20 his
3880 4398 44 13 own
3944 4390 59 28 head,
4018 4390 39 22 and
4074 4388 41 20 aUo
4130 4395 26 13 01

3606 4428 69 19 yours,
3687 4419 38 26 Sir,
3737 4418 31 22 for
3787 4419 68 27 giving
3874 4426 58 19 spaee
3953 4419 32 21 for
3999 4426 61 21 same,
4077 4423 22 14 us
4115 4422 40 21 you

3607 4450 54 18 must
3672 4448 65 21 know,
3755 4447 25 25 by
3796 4444 31 28 ail
3837 4444 11 28 7
3858 4444 72 28 process
3937 4447 21 19 of
3967 4447 112 25 reasoning,
4090 4444 16 19 it
4115 4450 41 12 wis

3606 4478 36 17 rot
3652 4475 39 19 fair
3702 4473 84 22 warfare
3802 4480 23 14 or
3834 4480 49 13 even
3894 4473 72 26 justice
3973 4480 21 13 as
4010 4474 89 19 between
4110 4476 47 13 man

3605 4502 40 20 and
3659 4508 54 17 man,
3731 4501 67 24 seeing
3813 4501 45 19 th.it
3876 4500 56 20 there
3949 4507 39 13 was
3999 4508 26 12 no
4034 4500 75 21 chance
4119 4496 27 20 lrf
4150 4503 5 6 r
4152 4510 5 6 ,

3605 4529 21 19 of
3645 4535 9 13 a
3671 4527 59 26 reply
3744 4527 52 20 from
3807 4526 103 20 tbe-other
3919 4527 43 19 side
3970 4527 69 20 before
4049 4527 34 20 the
4094 4523 63 19 ballot

3605 4555 38 20 lox
3654 4561 39 14 was
3703 4553 123 26 optued.l
3835 4559 39 18 am,
3886 4553 42 20 <c..

3990 4580 18 20 1?
4012 4585 80 17 ATEPAY
4096 4586 33 16 EI!.

3628 4610 69 20 James
3707 4608 81 21 Ridinr.

3632 4634 163 27 (''l'i.tepayer"
3817 4633 105 26 evidently
3943 4634 66 20 writes
4029 4634 65 20 under
4118 4635 36 20 th-3

3605 4663 13 22 ii
3627 4663 77 21 flueiice
3715 4661 21 22 of
3745 4668 11 14 a
3766 4661 73 25 feeling
3848 4661 21 19 of
3883 4667 67 18 anger,
3966 4660 39 20 and
4022 4660 72 25 hardly
4107 4661 48 21 do-;:

3607 4698 36 14 our
3662 4689 155 27 correspondent
3838 4694 23 14 or
3881 4688 102 20 ourselves
4003 4687 79 26 justice.
4115 4688 33 21 lit

3608 4718 72 21 should
3699 4718 59 20 know
3772 4716 45 20 that
3835 4715 104 24 according
3956 4717 22 17 to
3996 4716 35 18 the
4049 4720 73 15 canons
4133 4715 18 19 >A

3607 4745 127 26 journalism.
3742 4750 20 13 as
3769 4742 45 20 well
3822 4742 49 20 as<sf
3881 4741 100 26 fair-play,
3990 4742 163 25 correspondent

3610 4779 33 13 are
3653 4770 85 21 allowed
3748 4769 35 20 the
3793 4776 53 13 same
3860 4768 90 20 freedom
3966 4769 22 19 of
4005 4767 113 26 expression
4132 4767 19 19 of

3610 4806 5 10 <
3624 4798 68 26 pinion
3702 4804 21 13 as
3732 4803 47 19 may
3788 4796 24 19 he
3821 4795 85 20 claimed
3922 4795 27 25 by
3965 4801 38 19 any
4024 4795 65 19 writer
4104 4796 20 18 to
4141 4800 11 13 a

3609 4831 125 19 newspaper,
3745 4823 38 20 and
3794 4821 89 28 journals
3893 4823 73 18 cannot
3976 4822 18 19 in
4010 4828 39 18 any
4058 4826 55 14 sense
4127 4820 24 21 b>

3609 4853 6 20 1
3624 4852 30 21 eld
3663 4858 66 19 respoi
3736 4850 49 21 sib'e
3791 4850 31 19 for
3828 4848 48 21 such
3883 4849 96 24 opinions.
3991 4847 161 26 -Ed.,11.8.M.|

3718 4919 174 42 Warden's
3941 4917 106 39 Court.

3631 4999 42 20 The
3684 4996 101 23 following
3800 4993 130 26 applications
3943 4998 33 13 are
3994 4993 32 18 set
4041 4993 59 19 down
4115 4993 20 20 fo

3592 5017 1 31 I
3606 5026 82 22 healing
3697 5026 20 17 at
3725 5020 109 25 Roxburgh
3844 5027 23 12 on
3876 5018 46 20 20th
3930 5017 122 24 November.
4062 5020 49 20 1896
4119 5017 4 31 :

3592 5040 1 39 j
3613 5040 4 39 '
3674 5053 68 18 i\D.IOL
3744 5040 3 39 r
3751 5053 57 16 HN'H)
3818 5051 57 16 I'HOJI
3885 5050 53 16 LAST
3947 5050 131 18 COL'KT-DAY.

3628 5079 68 20 James
3744 5073 109 22 Nicholson
3869 5073 40 20 and
3927 5072 74 26 others,
4021 5074 12 21 :j
4053 5074 81 27 ordinaj

3592 5099 1 30 !
3602 5105 96 24 dredging
3706 5102 75 20 claims.

3627 5130 94 21 Pleasant
3732 5128 71 25 Valley
3813 5126 43 26 Co.,
3866 5127 62 19 water
3936 5132 51 16 race.

3626 5158 20 19 J.
3659 5156 49 19 Jlwir
3715 5162 17 17 g,
3744 5154 50 20 flood
3803 5160 49 14 race.

3626 5183 23 18 I>.
3661 5182 22 19 Bi
3689 5181 55 22 coles,
3754 5179 74 24 special
3836 5179 66 20 claim.

3625 5208 64 24 Otago
3698 5207 54 19 G.D.
3763 5207 44 23 Co.,
3817 5205 74 26 special
3904 5205 66 21 claim.

3623 5233 111 26 Roxburgh
3742 5232 77 22 G.S.D.
3830 5232 43 26 Co.,
3885 5233 71 27 special
3967 5232 66 24 claim.

3622 5261 134 20 TtviotG.M.
3768 5261 44 23 Co.,
3822 5260 86 21 licensed
3919 5260 91 27 holding.

3787 5292 49 15 NEW
3848 5292 113 17 BUSINESS.

3624 5314 108 21 M'Ker.zie
3740 5314 67 20 Bench
3817 5315 43 26 Co.,
3871 5314 121 27 protection.

3621 5342 111 25 Roxburgh
3743 5342 77 20 G.H.D.
3832 5342 43 22 Co.,
3887 5342 113 25 protection

3622 5369 65 23 O'ago
3697 5369 53 20 G.J).
3761 5368 46 22 Co.,
3817 5368 120 25 protection.

3620 5396 34 20 /ih
3665 5395 54 24 Sam,
3730 5395 12 20 2
3751 5394 101 21 extended
3862 5394 75 21 claims.

3622 5422 25 21 F.
3658 5422 27 21 G.
3695 5422 61 20 Kitto
3766 5422 38 20 and
3815 5421 92 27 another,
3918 5421 101 22 extended
4029 5422 65 23 claim.

3622 5449 71 21 Henrv
3709 5449 127 21 Weatherall
3853 5449 40 21 ai:d
3907 5449 78 27 others,
3994 5456 80 15 rtnewa
4086 5448 3 28 '

3593 5476 80 26 prcling
3681 5482 47 14 area

3620 5504 72 19 Teviot
3700 5503 58 21 G.M.
3767 5503 45 27 Co.,
3823 5504 62 20 water
3897 5509 52 16 rare.

3619 5531 55 21 John
3686 5531 22 22 F.
3718 5531 105 27 Kitching,
3833 5533 63 20 water
3904 5539 51 14 race.

3619 5559 34 21 W.
3663 5559 24 21 T.
3697 5559 132 25 Scrimgcour,
3841 5560 62 19 water
3915 5566 53 15 race.

3621 5584 69 21 James
3700 5586 93 26 Rattray,
3804 5586 74 25 special
3887 5586 66 21 claim.

3666 5612 24 20 T.
3700 5612 134 27 Scrimgtour,
3845 5612 73 26 special
3927 5612 66 22 claim.

3622 5638 56 21 Win.
3690 5640 49 19 Bain
3749 5640 39 19 and
3798 5640 93 25 another,
3901 5640 73 26 special
3984 5640 57 24 claits

3621 5665 70 21 James
3700 5666 79 26 Elliott,
3791 5666 87 21 licensed
3888 5666 89 28 holding.

1920 99 236 43 'BEHGER
2231 96 163 41 WEIL.

3414 87 179 48 Triday,
3617 87 234 38 November
3866 87 62 45 13,
3954 88 115 40 1893.

94 195 263 31 APPLICATION
385 196 76 31 FOR
490 196 160 31 SPECIAL

310 237 132 30 CLAIM.

353 309 122 28 District:
494 308 125 29 Dunstan.

237 348 82 26 Date:
339 348 61 27 27th
415 347 114 30 October,
545 346 73 27 1896.

136 382 35 28 To
186 383 41 27 the
366 391 24 20 at
404 382 147 36 Roxburgh.

91 421 39 26 -T
162 420 151 28 HEREBY
346 421 73 36 apply
450 420 36 27 for
517 429 13 18 a
560 417 95 38 Special

91 473 8 10 ;
167 458 80 27 Claim
279 460 37 25 ior
346 459 156 35 goldminino
538 465 118 27 purposes

104 496 80 26 under
198 495 41 27 the
252 496 138 35 provisions
411 495 28 27 of
554 494 103 35 Mining

104 536 59 29 Act,
299 535 24 25 of
348 534 40 26 the
413 532 71 28 lands
509 531 149 27 hereinafter

103 570 136 32 described,
251 570 79 27 which
341 570 61 26 have
413 569 60 27 been
485 569 58 34 duly
557 567 100 28 marked

103 608 26 24 in
144 607 150 26 accordance
311 607 61 26 with
392 607 42 26 the
448 607 98 33 mining
559 604 84 36 regula-

103 643 72 27 tions.

279 681 43 28 W.
336 682 29 25 T.
378 678 245 30 SCRIMGEOUR.

139 753 82 28 Name
234 753 48 28 and
297 753 100 28 address
407 755 25 26 in
442 753 45 28 full
498 753 30 27 of
534 753 125 36 applicant

103 791 76 23 W.
202 790 28 25 T.
256 790 167 33 Scrimgeour,
445 792 87 24 Teviot
557 791 101 30 station,

101 824 142 28 Lawrence.

139 863 69 36 Style
221 862 80 28 under
315 863 80 26 which
409 863 19 26 it
450 863 20 26 is
495 861 118 28 intended
634 866 24 22 to

104 901 107 26 conduct
218 901 41 26 the
266 899 225 28 businessW.T.
499 901 159 32 Scrimgeour

138 937 114 35 Locality
266 937 80 26 where
360 936 42 26 the
424 936 57 26 land
504 935 97 35 applied
621 935 36 25 for

104 976 21 25 is
150 973 206 28 situatedPart
381 975 24 24 of
430 973 98 34 mining
552 981 104 21 reserve,

106 1011 152 27 Anderson's
271 1010 65 32 Flat,
350 1010 48 26 and
412 1016 54 29 part
480 1009 23 26 of
517 1009 113 26 Sections
641 1009 14 24 5

103 1048 48 27 and
166 1048 23 33 6,
203 1047 79 28 Block
298 1047 68 33 VII.,
381 1047 108 33 Benger.

138 1085 95 27 Extent
246 1084 28 27 of
284 1084 56 27 land
355 1083 95 36 applied
464 1083 63 25 for
537 1082 32 26 GO
589 1091 67 17 acres

91 1121 3 37 ,
103 1124 79 34 (more
195 1131 26 17 or
235 1121 67 33 less)

139 1162 113 25 Amount
263 1159 27 27 of
300 1158 88 36 capital
403 1156 119 37 proposed
536 1162 26 22 to
575 1155 29 28 be
617 1156 25 27 in-

103 1197 230 32 vested2,ooo.

139 1233 126 35 Proposed
278 1232 72 27 mode
364 1231 27 27 of
401 1231 114 34 working
538 1230 41 26 the
598 1229 57 26 land

103 1269 175 35 Hydraulic
298 1268 114 31 sluicing.

139 1306 73 27 Term
227 1305 37 27 for
277 1304 80 27 which
377 1301 89 38 special
486 1301 71 27 claim
581 1305 73 30 grant

103 1346 21 25 is
137 1342 177 37 required2l
335 1350 71 26 years

139 1380 106 26 General
268 1378 108 26 remarks
378 1376 100 31 Pep-s
505 1373 101 26 marked
631 1373 21 25 8.

101 1415 104 26 Miner's
218 1415 76 33 right,
308 1410 218 35 891G25/9/96.

136 1451 82 26 Dated
232 1457 25 19 at
271 1447 136 37 Roxburgh
433 1448 47 26 this
495 1445 60 28 27th
570 1445 47 35 day
632 1444 23 26 of

101 1488 116 32 October,
236 1487 73 28 1890.

138 1559 52 26 The
205 1557 76 28 above
295 1555 149 37 application
458 1554 47 27 and
517 1563 48 25 any
579 1552 65 34 objec-

105 1597 65 24 tions
184 1594 49 27 will
256 1594 29 26 be
310 1593 75 26 heard
411 1599 24 19 at
461 1592 41 25 the
523 1590 133 26 Warden's

106 1633 77 26 Office
197 1639 25 20 at
233 1630 149 36 Roxburgh,
392 1639 30 17 on
434 1628 62 28 20th
508 1627 148 32 November,

104 1670 73 28 1890.

139 1710 59 32 Any
212 1716 88 27 person
320 1706 110 33 desiring
444 1710 25 21 to
482 1703 80 35 object
577 1709 24 19 to
616 1705 40 23 the

106 1752 121 28 granting
241 1745 23 26 of
278 1753 13 17 a
304 1743 89 35 special
407 1742 72 27 claim
503 1739 96 37 applied
621 1741 36 25 for

104 1788 75 26 must,
201 1781 87 27 within
312 1782 31 25 H
364 1780 64 26 clear
452 1779 61 35 days
534 1777 61 26 from
616 1777 41 25 the

106 1819 56 27 date
193 1819 28 26 of
247 1818 60 27 such
339 1816 158 38 application,
522 1821 68 19 enter
620 1813 38 27 bis

105 1858 137 34 objections
266 1863 25 19 at
317 1856 41 25 the
385 1853 106 27 Warden
503 1862 10 16 s
539 1851 75 26 Office
633 1856 24 20 at

102 1893 150 34 Roxburgh.

160 1929 211 28 FREDERICK
384 1926 171 29 JEFFERY,

267 1966 73 26 Clerk
355 1966 24 24 of
392 1964 132 26 Warden's
538 1963 87 25 Court.

142 2003 119 26 Received
275 2001 133 36 27/10/90,
423 2006 24 20 at
463 2000 31 25 10
504 1999 32 26 30
551 2007 55 17 am.

104 2062 288 56 HAMILTON
454 2061 37 37 &
560 2060 96 41 CO.,

172 2131 174 36 TAILORS,
368 2128 226 37 CLOTHIERS,

353 2191 56 19 AND

118 2233 269 32 GENTLEMEN'S
410 2232 237 30 OUTFITTERS

111 2289 85 36 (Next
235 2287 99 29 Mount
344 2287 55 28 Leu
405 2296 49 28 gcr
562 2285 94 37 Office)

191 2351 206 33 ScOTLAND-ST.,
410 2350 161 28 RoXBUBGH.

145 2451 86 37 Style,
252 2450 54 34 Fit,
327 2450 54 27 and
405 2449 216 37 Workmanship

290 2489 184 30 Guaranteed.

209 2542 149 29 Overcoats
375 2545 28 24 to
417 2541 135 28 Measure.

146 2646 267 28 MODERATE
444 2645 184 29 TRICES.

106 2749 25 29 A
152 2749 92 28 choice
262 2749 39 28 lot
321 2749 29 28 of
370 2748 124 38 Samples
506 2749 30 28 of
548 2748 111 29 Tweeds

251 2800 101 30 always
364 2800 29 28 in
414 2799 96 29 Stock.

329 2876 65 22 AS
456 2874 172 23 THIS!

165 2951 103 23 BOOTS
285 2954 37 20 for
337 2952 39 22 the
395 2951 80 26 (i.-ttf,

286 2996 36 21 fcr
345 2996 40 22 the

163 3037 71 22 Boots
250 3036 35 23 for
306 3036 39 22 ths
364 3036 78 27 J-hort,

195 3081 70 23 Boots
282 3081 36 23 for
336 3081 40 23 ths
395 3082 20 21 T
442 3081 5 22 i
465 3090 5 17 ;

165 3125 70 24 Boots
249 3125 36 23 for
304 3126 40 23 the
362 3124 69 24 You;
437 3133 14 16 tr
454 3124 4 27 T

193 3165 72 23 Boots
284 3165 35 22 for
334 3165 38 22 the
392 3164 65 28 0!d.;

193 3227 55 25 And
266 3226 101 25 BOOTS
384 3226 44 24 ar.d
448 3226 103 25 SIiOES

312 3285 35 22 for
363 3283 29 23 ali
417 3287 22 20 at

204 3347 42 34 H.
297 3347 118 34 Bail
429 3346 123 41 lie's,

111 3410 112 29 Oppcsi'e
239 3408 157 24 Ocrrirercial
417 3408 81 28 Hofc',
520 3408 131 30 Fr-xb;vj;h

129 3491 130 27 <BTCome
275 3491 47 25 and
340 3492 90 28 inspect
443 3492 41 23 the

104 3566 213 51 HUGH
391 3568 262 42 BRUCE,

191 3635 200 31 BOARDING
419 3635 141 37 HOUSE,

256 3685 14 18 A
272 3685 173 25 YEN-STREET,
469 3681 9 23 J
484 3685 138 19 jAWRENCE

165 3714 141 38 (Opposite
320 3716 117 37 English
452 3716 130 37 Church.)

111 3794 79 21 FIRST
208 3794 84 20 CLASS
314 3795 246 20 ACCOMMODATION
583 3797 54 20 FOR

186 3820 57 21 THE
257 3822 182 21 TRAVELLING
456 3823 110 21 iUHLIC.

146 3889 76 29 Good
247 3889 129 39 Stabling
400 3891 54 27 and
474 3890 130 29 Paddock

247 3931 253 28 Accommodation.

183 4010 165 28 Charges
367 4010 201 27 Moderate.

98 4076 63 43 C.
213 4072 434 57 Townshend,

134 4146 270 36 MORNINGTOX,
424 4146 189 30 DUXEDIX.

234 4226 56 21 FOR
315 4224 198 22 RHEUMATISM.

98 4265 19 28 T
122 4263 258 31 OWNSHEND'S
419 4262 110 29 RHEU
533 4262 29 28 M
567 4262 62 28 ATI
633 4261 20 29 C

282 4303 193 30 LINIMENT

99 4359 19 23 is
132 4367 12 15 a
159 4366 57 16 cure
230 4356 36 25 for
280 4355 80 27 which
375 4356 29 24 he
425 4355 43 24 has
487 4358 42 21 tho
551 4354 102 32 highest

157 4391 173 34 testimonials,
343 4391 47 26 and
406 4390 80 27 which
501 4391 44 25 has
559 4395 43 21 not

278 4429 60 27 been
353 4429 115 27 excelled.

162 4500 77 29 THE
260 4499 185 30 PARAGON
465 4497 124 30 SALVE

96 4553 21 25 is
130 4560 55 17 now
200 4561 13 16 a
231 4551 162 25 well-known
414 4549 106 35 specific,
540 4549 48 26 and
609 4549 43 25 has

164 4588 92 38 proved
270 4598 31 18 an
323 4588 110 28 absolute
452 4595 75 20 cure
546 4587 37 26 for

97 4638 96 30 Ulcers,
216 4638 91 25 Burns.
329 4636 94 28 Scalds,
444 4637 69 31 Open
527 4635 124 30 Wounds,

155 4673 124 28 Poisoned
294 4673 73 27 Flesh
383 4673 47 26 and
445 4671 32 28 all
491 4671 73 27 kinds
577 4672 27 25 of

336 4711 80 26 Sores.

226 4785 296 31 TESTIMONIALS.

124 4840 18 20 A
163 4838 99 21 Resident
284 4838 21 19 of
324 4838 31 19 St.
374 4836 92 20 Bathans
485 4835 168 19 writesWe

101 4874 5 16 I
115 4866 97 21 uicl.&fed
224 4873 9 12 it
246 4864 39 21 koc
299 4864 23 20 of
330 4870 52 17 your
391 4863 115 24 Ointment,
516 4861 39 21 and
567 4861 14 19 it
592 4861 61 20 cured

99 4901 26 13 mi
136 4900 33 18 ({'
175 4899 11 14 n
197 4899 44 13 sore
248 4892 51 19 from
308 4890 64 21 which
379 4897 35 15 mv
420 4889 69 21 father
496 4896 38 12 was
543 4888 110 24 suffering;

99 4922 21 19 in
131 4921 50 20 fact.
191 4920 16 19 it
221 4926 40 13 was
275 4919 36 20 the
322 4918 45 20 best
378 4917 108 20 Ointment-
503 4923 28 13 we
541 4915 52 21 Lave
607 4922 47 13 ever

98 4948 49 21 had.
174 4947 21 20 If
204 4951 40 21 you
261 4946 53 20 have
328 4951 39 19 any
383 4951 56 14 more
452 4943 110 21 Ointment
576 4943 42 20 like
628 4943 24 24 it,

94 4976 70 26 pleae
172 4974 51 20 send

228 5010 52 21 frcm
296 5010 36 20 the
346 5008 68 22 North
485 5007 81 21 Yaliev.
576 5014 12 13 a
597 5007 57 27 Lady

101 5047 46 14 ft.\s
282 5044 32 14 me
325 5044 11 13 a
346 5036 72 27 supi>lv
429 5035 22 21 of
458 5042 50 18 your
515 5035 108 20 Ointment
628 5042 25 13 or.

101 5063 47 26 Win
170 5068 49 19 L'ixt
234 5066 55 25 visit,
305 5072 22 13 as
343 5071 29 13 we
386 5063 92 21 consider
492 5063 16 20 it
519 5061 136 23 invaluable.''

126 5107 90 19 Turmas
237 5104 93 21 M<ffatt.
355 5103 21 19 of
405 5101 91 24 Mospiel.

102 5134 53 21 I.i.ve
165 5132 49 20 i;fcd
225 5137 52 21 yonr
286 5129 125 22 Rheumatic
419 5128 105 20 Liniment
536 5127 66 22 twice,
616 5127 40 21 and

102 5162 7 20 ]
118 5168 37 13 avp
165 5159 82 26 already
258 5157 92 22 received
361 5157 35 20 the
410 5157 88 25 greatest
512 5155 77 21 benefit
603 5155 52 20 from

98 5189 24 20 it.
149 5186 56 21 Send
214 5192 56 13 more
279 5184 80 25 along.''

132 5246 99 28 Dozens
255 5243 29 28 of
305 5243 71 27 other
397 5239 173 29 Trstimcnifds
593 5239 61 27 liave

98 5285 51 27 also
162 5284 60 26 leen
238 5282 111 28 received
372 5280 30 35 by
427 5279 40 25 the
486 5278 168 33 undersigned

92 5323 71 36 quite
176 5318 156 29 unsolicited.

214 5393 67 28 Send
294 5401 64 27 your
371 5390 92 28 Orders
476 5394 26 22 to

151 5445 32 29 c.
240 5443 23 28 T
277 5438 229 33 OWNSHE
519 5437 76 36 ND,

190 5491 203 24 MORNINGTON.
409 5489 80 22 DUNE
494 5489 58 21 DIN.

204 5540 334 33 notice.

96 5609 207 30 T>OTATOES
313 5607 37 27 for
360 5606 56 27 Sale
424 5606 24 26 in
459 5614 48 26 any
519 5603 116 37 quantity
647 5612 6 23 ;

178 5647 65 37 good
258 5642 234 41 quality.Apply,
511 5639 142 36 Roxburgh

90 5687 108 30 Biker?,

717 194 174 29 BOROUGH
918 194 44 28 UF
985 192 216 30 ROXBURGH.

732 272 124 21 ANNUAL
869 272 141 20 ELECTION
1026 272 35 20 OF
1074 271 110 21 MAYOR.

683 336 53 54 IN
750 345 137 28 pursuance
899 336 26 27 of
962 336 52 26 The
1028 336 139 33 Municipal
1180 336 43 26 Cor-

746 374 127 35 porations
887 374 58 30 Act,
1061 373 47 26 and
1185 373 52 25 The

685 410 154 32 Regulation
871 409 27 27 of
925 409 76 27 Local
1028 409 126 26 Elections
1180 410 57 30 Act,

790 446 48 27 and
849 446 172 27 amendments
1032 446 100 31 thereof,
1146 446 9 25 I
1169 446 54 25 here-

687 485 31 35 by
744 486 56 34 give
824 485 82 25 notice
929 484 54 26 that
1014 483 176 26 Nominations
1215 481 23 26 of

688 522 149 28 Candidates
851 520 37 27 for
901 521 104 27 election
1021 527 24 20 to
1066 520 40 27 the
1129 519 66 27 office
1216 519 26 25 of

687 560 91 35 Mayor
791 559 49 26 will
859 559 29 24 be
901 559 111 24 received
1035 558 31 28 by
1090 567 37 16 me
1150 563 25 18 at
1198 557 40 24 the

689 596 102 27 Council
813 595 143 30 Chambers,
978 595 149 25 Athenaeum
1152 592 71 26 Build-

688 635 63 33 ings,
763 642 32 25 up
807 639 24 19 to
842 632 29 26 12
884 630 90 27 o'clock
987 640 65 16 noon
1064 640 30 16 on
1109 628 109 27 SATUR-

690 670 83 33 DAY,
789 671 70 25 HTH
873 668 212 31 NOVEMBER,
1099 667 73 33 189G,
1192 665 47 28 and

691 708 52 26 that
769 708 21 25 if
811 716 67 17 more
904 705 60 27 than
990 715 45 16 one
1058 704 137 27 Candidate
1220 703 19 24 is

689 744 151 31 nominated,
868 753 12 17 a
908 742 52 27 Poll
987 742 48 27 will
1061 741 28 26 be
1116 741 72 25 taken
1209 748 30 16 on

689 780 240 31 WEDNESDAY,
941 780 71 26 55th
1030 776 209 30 NOVEMBER,

690 817 43 27 189
733 817 30 27 G.

724 865 163 28 Nomination
901 874 87 27 papers
1003 865 24 26 in
1041 865 123 32 statutory
1178 860 60 26 form

690 910 65 19 must
769 903 29 26 be
821 902 174 35 accompanied
1022 902 30 34 by
1075 910 13 16 a
1110 899 94 34 deposit
1218 897 22 25 of

687 940 64 25 .lO.

846 974 114 28 JABEZ
981 973 155 30 BURTON,

953 1021 145 34 Returning
1112 1019 94 27 Officer.

724 1072 149 34 Roxburgh,
888 1070 46 27 3rd
949 1068 147 31 November,
1109 1067 43 26 189
1152 1067 29 26 G.

755 1136 142 28 COUNTY
924 1136 44 26 OF
988 1132 181 29 TUAPEKA.

735 1213 152 21 ORDINARY
1086 1209 104 20 TEYIOT

906 1237 112 21 RIDING.

685 1302 25 24 T
745 1298 111 29 JABEZ
901 1296 157 32 BURTON,
1098 1296 142 35 Returning

764 1338 89 26 Officer
864 1336 37 26 for
911 1336 87 25 Teviot
1012 1335 100 32 Riding,
1122 1333 115 35 Tuapeka

686 1375 106 32 County,
824 1373 135 25 substitute
990 1372 37 25 for
1051 1371 66 26 John
1143 1371 94 33 Joseph

685 1409 101 31 Woods,
798 1409 60 34 duly
872 1408 133 34 appointed
1019 1408 32 34 by
1066 1408 49 24 him
1131 1416 24 16 as
1169 1407 68 26 such,

685 1448 78 24 under
776 1446 99 26 Section
889 1446 13 26 7
918 1445 23 25 of
982 1444 51 26 The
1048 1443 152 33 Regulation
1217 1444 22 25 of

687 1483 72 27 Local
783 1482 125 27 Elections
929 1484 56 28 Act,
1003 1482 86 30 lb7G,''
1105 1481 30 25 do
1150 1480 89 35 hereby

686 1522 57 33 give
757 1521 80 25 notice
860 1520 53 25 that
937 1520 40 24 the
998 1519 131 33 following
1152 1517 74 26 Candi-

686 1559 56 25 date
756 1559 43 25 has
814 1557 48 26 this
882 1557 46 35 day
950 1557 59 26 been
1025 1556 57 34 duly
1099 1554 140 27 nominated

688 1601 23 20 to
725 1594 35 27 fill
783 1595 41 25 the
845 1594 67 26 office
938 1594 26 25 of
987 1592 143 26 Councillor
1154 1592 28 26 of
1201 1592 40 25 the

689 1632 104 27 Council
812 1632 24 26 of
859 1632 40 26 the
925 1632 99 35 County
1047 1630 26 26 of
1091 1629 151 37 Tuapeka

687 1670 106 36 namely,

833 1706 130 31 INGLIS,
982 1705 105 31 JOHN,

689 1750 58 27 And
762 1750 40 27 the
815 1750 103 27 number
933 1749 23 26 of
967 1749 127 26 vacancies
1105 1754 24 19 to
1139 1747 28 26 be
1178 1746 64 27 filled

688 1795 43 19 not
744 1789 138 31 exceeding
896 1796 52 21 one,
966 1787 46 26 and
1037 1787 40 24 the
1102 1785 52 26 sa'd
1176 1785 66 25 .John

691 1825 78 33 Inglis
806 1824 77 34 being
925 1824 42 26 the
1006 1823 58 34 only
1107 1822 135 26 Candidate

689 1862 151 31 nominated,
866 1859 4 34 1
897 1861 50 31 did,
971 1861 128 30 therefore,
1115 1860 57 24 then
1196 1859 46 25 and

690 1900 75 31 there,
781 1900 47 25 and
844 1900 30 24 do
898 1898 90 35 hereby
1011 1897 95 27 declare
1129 1899 41 23 the
1192 1897 50 26 said

689 1937 66 26 John
772 1937 82 33 Inglis
870 1943 24 18 to
908 1936 29 25 be
959 1935 59 34 duly
1041 1933 93 27 elected
1158 1941 23 18 to
1205 1934 37 25 the

689 1974 68 24 office
767 1974 28 24 of
805 1972 145 26 Councillor
963 1973 23 23 of
998 1972 40 24 the
1049 1970 102 26 Council
1167 1971 23 23 of
1205 1970 37 25 the

690 2010 100 33 County
804 2010 22 25 of
841 2009 119 35 Tuapeka
974 2008 35 25 for
1024 2007 84 26 Teviot
1124 2006 102 33 Riding.

724 2047 81 27 Dated
820 2053 24 20 at
858 2046 141 35 Roxburgh
1017 2045 47 26 this
1078 2046 56 25 31>t
1155 2044 47 36 day
1222 2044 20 25 of

689 2085 115 29 October,
824 2085 43 25 189
867 2085 29 25 G.

868 2130 113 27 JABEZ
1002 2129 155 30 BURTON,

771 2169 144 32 Returning
928 2168 96 29 Officer,
1038 2168 86 24 Teviot
1144 2167 98 32 h'iding,

896 2204 114 34 Tuapeka
1033 2204 99 24 C'ountv

690 2267 133 26 NOTICE
837 2266 45 26 OF
897 2266 195 27 INTENTION
1109 2266 42 24 TO
1165 2265 58 25 CON-

759 2304 139 27 STRUCT
921 2302 253 28 WATER-RACE.

860 2373 104 26 District
979 2373 4 33 :
1002 2373 82 33 Otago
1099 2373 108 30 Mining.

830 2410 64 27 Date
908 2421 5 16 :
932 2410 58 27 31st
1004 2410 116 29 October,
1137 2410 42 26 189
1179 2410 28 26 G.

721 2454 36 25 To
771 2453 42 26 the
826 2453 110 26 Warden
949 2459 24 18 at
987 2453 149 33 Roxburgh.

689 2498 92 26 WE
801 2497 91 36 hereby
906 2498 56 34 give
976 2498 80 26 notice
1072 2496 52 37 that
1148 2506 35 16 we
1205 2496 36 26 in-

729 2527 13 13 *
794 2535 59 26 tend
874 2541 23 19 to
917 2540 125 21 construct
1063 2543 12 17 a
1098 2540 144 19 water-race

673 2571 1 35 1
689 2577 23 22 to
724 2571 78 28 divert
816 2572 47 27 and
878 2581 43 16 use
936 2578 75 19 water
1024 2571 36 26 for
1074 2571 96 31 mining
1185 2580 42 26 pur-

673 2607 1 36 !
689 2619 77 23 poses,
790 2610 174 31 commencing
983 2614 25 21 at
1027 2618 13 17 a
1060 2609 70 34 point
1152 2609 24 25 in
1204 2607 39 27 flie

674 2645 1 35 |
689 2647 89 25 Teviot
792 2647 96 25 Stream
903 2646 75 26 about
993 2646 30 28 H
1035 2646 69 25 miles
1115 2645 77 26 below
1203 2645 39 25 the

673 2682 2 36 !
689 2684 141 34 Roxburgh
856 2683 191 35 Amalgamated
1073 2683 103 33 Mining
1195 2682 47 26 and

674 2719 1 39 j
689 2720 113 35 Sluicing
814 2720 150 35 Company's
977 2720 64 30 dam,
1056 2719 47 25 and
1118 2719 124 26 terminat-

674 2748 1 44 I
688 2759 45 33 ing
747 2764 24 19 at
785 2758 58 33 Trig
857 2758 96 25 Station
968 2757 33 30 Y,
1015 2756 97 25 Millers
1127 2755 62 26 Flat,

674 2792 2 36 i
723 2794 52 26 The
797 2794 87 34 length
908 2793 28 27 of
945 2793 59 26 such
1019 2802 54 17 race
1086 2794 21 24 is
1121 2792 32 26 CO
1173 2792 69 27 miles

689 2841 26 15 or
729 2832 166 32 thereabouts,
915 2832 47 25 and
983 2832 32 24 its
1027 2830 116 26 intended
1159 2839 83 17 course

674 2866 2 34 !
689 2868 19 25 is
722 2868 122 32 westerly.

724 2903 53 26 The
791 2913 70 16 mean
875 2903 75 35 depth
966 2903 26 26 of
1011 2903 58 26 such
1093 2912 54 17 race
1167 2904 19 24 is

691 2941 46 25 and
754 2941 40 25 the
807 2950 70 16 mean
894 2940 100 26 breadth
1011 2941 19 25 is
1051 2940 42 31 Off,
1117 2940 47 25 and
1185 2941 17 24 it
1223 2941 10 24 i-

672 2977 2 35 !
689 2977 119 35 proposed
819 2983 23 19 to
848 2978 83 25 divert
943 2977 32 26 50
987 2977 167 27 Government
1168 2977 58 26 head-

670 3015 3 33 t
687 3024 28 15 or
727 3015 30 24 all
773 3023 69 25 spare
857 3020 82 20 water.

724 3052 58 25 Cost
797 3052 26 25 of
831 3061 19 16 d
861 3058 49 19 isti
918 3051 234 28 nction;Co.('CO.

722 3089 70 25 'Jitne
822 3089 114 35 required
968 3089 36 25 for
1029 3089 208 25 constiucii^n.

686 3126 97 26 Twelve
797 3127 99 25 months

721 3162 125 26 Numbers
860 3163 46 25 and
921 3164 68 24 dates
1004 3163 26 25 of
1042 3164 96 24 miners'
1151 3164 81 26 rights

668 3195 2 37 1
686 3201 127 25 14587.
828 3200 193 32 14588,14589,
1036 3201 6 24 1
1054 3201 70 30 1590,
1141 3202 7 24 I
1159 3201 61 26 4591
1234 3209 7 23 ;

667 3237 3 37 !
685 3237 30 26 all
730 3237 72 26 dated
818 3237 96 37 5/9/90.

860 3288 22 21 P.
898 3287 111 21 LAFFEY

859 3315 81 20 noiiT.
956 3314 186 21 riohardson

860 3342 33 19 W.
910 3342 108 20 WAUGH

860 3368 148 21 RODERICK
1021 3369 152 21 M'DOXALD

858 3396 23 20 P.
896 3397 24 19 0.
940 3396 105 22 GRANT.

1048 3424 19 26 A
1075 3424 127 36 pp.icanfs.

719 3496 56 27 Anv
791 3504 84 27 person
891 3494 128 37 objecting
1033 3500 23 21 to
1066 3494 41 27 the
1119 3493 118 36 granting

687 3535 27 24 of
726 3536 47 24 this
787 3534 149 34 application
959 3540 64 19 must
1046 3533 73 33 lodge
1142 3534 35 24 hi?
1200 3531 25 26 ob-

668 3567 105 36 jection
804 3571 24 24 in
861 3571 103 31 writing
988 3576 24 18 at
1041 3569 41 25 tbn
1108 3569 129 24 Warden's

685 3607 74 27 Office
790 3613 24 20 at
846 3606 141 35 Roxburgh
1014 3606 84 26 within
1126 3606 109 26 fourteen

683 3646 138 26 clear,fiavs
835 3645 59 27 from
912 3646 40 26 the
965 3645 56 25 date
1033 3645 88 25 hereof.

721 3683 113 34 Hearing
847 3690 23 17 at
886 3688 40 19 ten
946 3682 91 26 o'clock
1059 3692 30 16 on
1114 3682 40 25 the
1176 3683 57 24 llth

685 3719 144 30 December,
846 3720 7 25 1
862 3719 56 26 890.

750 3768 212 27 FREDERICK
982 3767 171 31 JEFFERY,

943 3806 103 30 Mining
1060 3806 140 30 Registrar.

1029 3829 13 10 n
1101 3829 13 10 n

713 3843 132 26 Warden's
860 3843 82 32 Office,

782 3881 115 34 5/11/90,
912 3887 22 19 at
952 3881 73 24 11.50
1040 3890 11 15 a
1063 3891 32 16 ni.

679 3940 146 28 NOTICE
860 3940 47 28 OF
941 3941 211 28 INTENTION
1188 3941 47 28 TO

710 3979 204 30 CONSTRUC
926 3981 13 27 T
960 3980 250 37 FLOOD-RACE,

898 4020 52 27 No.
972 4022 43 26 4a.

716 4090 34 24 To
766 4090 40 24 the
820 4090 109 25 Warden
945 4097 23 19 at
983 4091 147 30 Roxburgh.

684 4138 24 25 T
727 4137 148 27 HEREBY
891 4139 56 34 give
962 4140 80 24 notice
1056 4140 52 25 that
1126 4140 7 25 \
1150 4140 84 26 intend

748 4180 24 20 to
786 4181 127 20 construct
924 4184 11 16 a
949 4175 146 26 Flood-race
1107 4177 60 25 from
1180 4187 56 16 near

685 4211 77 25 outlet
773 4220 31 16 on
816 4218 23 18 to
853 4211 120 25 Hercules
985 4211 55 26 Flat
1051 4213 26 24 of
1085 4213 151 25 Cockburn's

684 4247 84 32 Gullv,
783 4249 113 30 crossing
910 4248 40 24 the
964 4248 57 25 road
1037 4248 150 34 (Roxburgh
1213 4257 22 17 to

686 4285 156 26 Andersor.'s
869 4284 65 34 Flat)
962 4285 31 34 by
1016 4285 102 27 culver',
1151 4286 85 27 thence

668 4321 2 35 !
686 4322 129 34 alongside
828 4322 52 26 s:iid
896 4322 57 26 road
968 4321 73 27 about
1056 4323 15 26 0
1082 4323 92 33 chains,
1188 4324 47 25 and

687 4359 87 25 thence
789 4359 30 33 by
834 4359 107 31 sluicing
963 4366 40 17 cut
1029 4359 27 24 of
1077 4360 92 32 Ewing
1188 4361 47 24 and

685 4394 193 34 M'Connochie,
903 4394 119 27 Hercules
1043 4395 65 34 Flat,
1122 4403 23 19 to
1162 4396 74 26 l'liver

684 4433 145 28 Molvneux.

718 4470 4 34 r
723 4472 7 23 J
743 4471 28 24 he
785 4470 86 34 length
886 4470 27 25 of
923 4470 58 25 stjclj
997 4480 54 16 race
1072 4471 19 24 is
1106 4470 30 25 30
1151 4470 85 25 chains

667 4506 2 33 !
683 4518 27 14 or
724 4507 165 32 thereabouts,
905 4507 47 26 and
967 4509 31 24 its
1020 4506 116 27 intended
1150 4516 85 16 course

681 4545 20 25 is
715 4544 122 28 westerly.

715 4581 52 27 The
781 4591 70 17 mean
867 4580 73 35 depth
955 4580 28 27 of
1001 4580 59 28 such
1088 4589 53 19 race
1166 4580 19 26 is
1200 4580 36 26 Oft

666 4619 2 35 |
682 4619 47 26 and
745 4619 40 24 the
800 4629 69 15 mean
885 4619 101 25 breadth
1002 4620 19 25 is
1037 4619 42 25 sf>.

717 4655 59 25 Cost
790 4655 27 25 of
833 4655 298 28 construction.loo.

718 4692 111 26 Number
842 4692 47 26 and
904 4692 56 26 date
975 4692 26 26 of
1013 4693 97 25 miner's
1126 4691 109 29 right.

667 4723 1 40 :
682 4728 179 35 745415/1/
861 4728 39 35 DO.

899 4764 94 26 JOHN
1010 4765 123 25 EWIXO

711 4801 51 37 (By
777 4801 36 26 his
828 4800 120 33 Solicitor,
964 4801 85 27 Robt.
1065 4801 153 35 Gilkison)

1057 4838 144 35 Applicant.

718 4882 80 27 Dated
813 4887 24 21 at
858 4881 141 38 Roxburgh
1020 4883 40 26 the
1074 4883 56 27 31st
1143 4883 48 35 day
1213 4883 28 27 of

684 4921 108 35 August,
809 4920 73 26 1890.

718 4994 59 35 Any
790 5003 87 26 person
892 4993 128 38 objecting
1030 4998 24 21 to
1065 4993 40 26 the
1117 4995 119 33 granting

667 5030 1 37 ;
684 5031 30 26 of
722 5032 47 25 this
783 5033 148 34 application
947 5037 65 20 must
1023 5030 73 36 lodge
1108 5031 36 26 his
1156 5031 66 34 objec-

686 5069 50 26 tion
750 5070 23 25 in
790 5069 102 35 writing
905 5074 24 20 at
953 5069 39 26 the
1014 5068 134 27 Warden's
1162 5069 75 25 Cilice

685 5109 25 22 at
724 5106 137 34 Roxburgh
877 5106 84 26 within
977 5107 109 25 fourteen
1102 5106 64 26 clear
1176 5106 61 33 clays

668 5142 3 40 j
684 5142 62 28 from
762 5143 39 26 the
815 5144 55 25 da'e
885 5142 88 27 hereof.

721 5182 17 23 A
750 5180 112 32 Ijourned
884 5180 104 32 hearing
1008 5186 24 19 at
1048 5179 136 33 Roxburgh
1206 5188 29 15 on

668 5215 1 32 :
686 5215 40 26 the
740 5216 59 25 2tlth
816 5215 146 32 November,
976 5215 73 32 1890,
1061 5221 23 20 at
1101 5215 30 25 10
1145 5224 12 16 a
1169 5224 30 16 m.

741 5264 222 29 FREDERICK
976 5264 180 35 JEFFERY,

882 5303 73 26 Clerk
971 5304 132 26 Warden's
1117 5304 84 25 Court.

682 5400 101 34 MR
844 5400 194 29 FINLA
1058 5400 111 29 YSO
1188 5400 49 36 N,

666 5446 2 33 |
768 5452 160 21 BARRISTER
942 5452 62 20 AND
1018 5451 155 25 SOLICITOR,

878 5490 164 35 Lawrence,

666 5530 2 46 !
687 5544 68 29 Will
781 5542 96 30 attend
902 5542 46 28 the
968 5542 153 34 Roxburgh
1144 5541 94 29 Court.

682 5635 103 28 Money
794 5636 29 25 to
832 5631 77 30 Lend
919 5641 33 18 on
964 5629 135 30 Freehold
1111 5629 126 37 Security

1348 187 176 30 TENDERS
1564 188 179 30 WANTED.

1470 264 155 27 WANTED
1640 265 36 26 for
1687 263 134 35 Grubbing

1349 307 49 21 two
1412 311 67 18 acres
1493 302 27 26 of
1531 302 40 27 the
1585 302 91 28 School
1700 301 78 29 Glebe
1797 307 24 20 at

1267 339 60 28 Coal
1342 339 215 36 Creek.Apply,

1464 385 39 27 M.
1521 385 31 27 F.
1568 385 164 28 MANUEL

1268 423 38 29 Or
1468 423 131 30 RICHD.
1614 422 208 30 BENNETTS.

1338 496 180 30 GENERAL
1557 496 200 30 ELECTION.

1287 597 35 19 TO
1348 596 57 20 THE
1432 596 141 20 ELECTORS
1599 597 36 19 OF
1661 596 143 20 TUAPCKA.

1284 682 147 35 CHAS.
1484 683 43 34 C.
1581 682 226 35 RAWLINS

1518 748 66 20 WILL

1299 801 175 27 ADDRESS
1494 801 298 28 TITELECTORS

1444 862 30 19 as
1488 851 161 30 follows:

1271 912 72 28 Coal
1364 911 102 34 Creek,
1480 915 29 24 at
1531 913 46 27 the
1599 912 225 28 Schoolhouse

1343 950 156 36 FRIDAY,
1523 952 68 27 13TH
1612 951 88 29 NOV.

1270 1002 160 35 Roxburgh,
1450 1005 29 25 at
1498 1003 47 27 the
1569 1003 166 29 Athenaeum
1760 1003 64 28 Hall

1342 1041 258 36 SATURDAY,
1615 1044 65 26 21st
1697 1043 90 29 NOV.

1319 1093 45 28 All
1378 1092 141 39 Meetings
1533 1098 27 24 at
1575 1095 15 28 8
1607 1105 65 27 p.m.
1687 1095 91 38 sharp.

1308 1183 131 28 Petween
1452 1184 47 27 the
1515 1184 64 27 13th
1604 1185 52 26 and
1682 1186 63 25 21st
1769 1186 38 25 No-

1270 1222 113 26 vember
1398 1222 44 26 Mr
1461 1223 129 27 Rawi.ins
1614 1223 51 26 will
1689 1223 63 27 visit
1772 1223 52 27 and

1272 1260 122 26 Address
1407 1260 139 36 Meetings
1558 1265 28 22 at
1598 1262 46 26 the
1656 1262 97 36 Upper
1765 1262 58 26 End

1270 1297 29 29 of
1312 1297 47 29 the
1376 1297 162 31 hlectorate.

1432 1373 27 28 N
1480 1375 23 26 0
1524 1375 21 26 T
1566 1375 13 26 I
1602 1375 19 28 C
1644 1375 31 28 E.

1286 1451 34 21 TO
1349 1450 57 22 THE
1433 1452 141 21 ELECTORS
1602 1454 36 20 OF
1665 1454 103 21 TUAPZI

1318 1529 22 27 A
1346 1528 86 29 DIES
1447 1530 80 28 A.\D
1539 1530 247 37 GENTLEMAN,

1354 1571 39 26 At
1416 1571 46 26 the
1485 1571 96 26 wishes
1595 1572 30 27 of
1638 1582 14 16 a
1666 1582 69 26 very
1748 1573 78 35 large

1272 1609 117 29 number
1414 1610 29 28 of
1467 1610 48 28 the
1541 1610 134 33 Electors,
1710 1611 10 27 1
1757 1612 68 27 have

1272 1650 170 28 determined
1454 1654 28 24 to
1492 1650 65 29 seek
1569 1651 253 28 RE-ELECTION

1272 1694 27 24 at
1314 1701 69 27 your
1396 1691 89 28 hands
1496 1695 28 24 to
1538 1691 128 28 continue
1679 1696 28 23 to
1724 1691 86 38 Repre-

1274 1734 60 24 sent
1349 1730 48 28 the
1417 1731 134 28 Interests
1574 1731 28 27 of
1621 1742 70 27 your
1712 1731 116 29 District

1274 1771 26 27 in
1316 1770 46 28 the
1372 1781 59 17 new
1448 1771 175 35 Parliament,
1638 1771 148 38 believing,
1798 1782 27 17 a-

1274 1810 13 27 I
1307 1810 43 33 do,
1365 1811 60 27 that
1440 1811 12 27 I
1477 1811 69 28 have
1568 1811 27 27 in
1617 1811 46 28 the
1684 1815 60 33 past
1759 1812 69 28 done

1275 1861 43 24 my
1332 1850 68 38 duty
1415 1851 118 28 towards
1547 1862 63 26 yon.

1311 1902 13 28 I
1339 1903 70 37 hope
1423 1903 26 27 in
1466 1914 13 17 a
1495 1903 51 28 few
1561 1904 67 35 days
1644 1906 26 24 to
1684 1904 76 28 Meet
1774 1914 53 26 you

1275 1943 24 26 in
1325 1953 70 26 your
1409 1943 103 27 several
1536 1943 141 29 localities.
1717 1943 111 27 Notices

1274 1982 28 26 of
1337 1992 45 25 my
1417 1986 169 24 movements
1616 1981 54 27 will
1703 1984 34 24 be
1763 1982 64 35 duly

1273 2021 164 29 advertised.

1386 2074 89 27 Yours
1493 2074 148 37 faithfully,

1477 2124 42 28 W.
1534 2124 27 28 J.
1577 2125 38 28 M.
1632 2123 196 29 LARNACK.

1313 2175 57 28 The
1385 2175 95 37 Camp,
1494 2177 47 26 9th
1557 2175 82 35 Nov.,
1656 2176 78 27 1890.

1311 2250 180 29 TUaI'LKA
1534 2250 256 29 ELECTORATE.

1320 2354 102 34 Hon.
1472 2354 64 34 Mr
1587 2355 196 34 Larnach

1519 2412 66 28 Will

1289 2474 176 30 ADDRESS
1501 2474 77 28 THE
1613 2474 196 30 ELECTORS

1451 2527 40 27 As
1505 2527 87 27 under
1605 2538 44 16 :

1271 2591 149 33 Poolburn,
1460 2589 52 30 Ida
1545 2589 254 38 VaIIeySATUR-

1345 2636 90 35 DAY,
1459 2636 79 28 14th.

1270 2694 162 28 Matakanui
1433 2693 216 34 MONDAY,
1667 2694 80 27 IGtit.

1271 2751 315 39 OphirTUESDAY,
1604 2753 81 26 17tii.

1343 2857 39 26 At
1397 2857 14 26 8
1426 2855 106 28 o'clock
1548 2855 65 27 each
1632 2865 65 18 even
1703 2855 23 26 in
1732 2866 27 16 o-.

1304 3001 92 29 NEW
1430 3001 181 28 SEASON'S
1647 3000 143 30 GOODS!

1288 3211 44 16 Y,>T>
1345 3212 15 13 fy
1463 3212 12 12 9
1536 3202 28 21 JL
1625 3209 19 15 A
1655 3208 32 18 V*'
1816 3212 11 11 %

1734 3225 19 14 c/
1818 3229 7 7 *

1437 3267 226 28 ROXBURGH.

1267 3408 69 28 Now
1365 3408 133 36 Showing
1519 3418 15 16 a
1559 3408 134 37 Splendid
1716 3408 96 26 Assort-

1486 3463 77 25 ment
1583 3460 30 27 of

1314 3532 100 34 New
1448 3531 141 34 Goods
1609 3532 7 32 i

1482 3610 100 37 New
1616 3610 141 37 Goods
1776 3611 5 34 !

1445 3692 162 37 Consisting
1628 3692 28 28 of

1265 3756 104 36 Prints,
1403 3756 27 28 in
1465 3756 113 28 Newest
1612 3756 128 28 Patterns
1773 3754 53 29 and

1343 3808 233 39 Colouringsat
1592 3808 34 28 5d
1642 3818 49 28 per
1703 3808 68 37 yard

1266 3873 51 27 Lot
1331 3873 28 27 (;f
1370 3873 132 37 /epliyrs,
1515 3871 163 39 Ginghams,
1689 3871 139 36 Satteens,

1343 3925 167 37 Corduroys,
1545 3924 54 27 and
1644 3923 123 38 Crepons
1799 3923 26 26 in

1340 3977 114 28 Newest
1472 3975 114 30 Colours
1600 3975 54 29 and
1668 3974 121 38 Designs

1265 4039 139 29 Beautiful
1440 4039 39 28 lot
1512 4039 29 28 of
1574 4038 103 37 Fancy,
1705 4037 122 39 Striped,

1339 4090 53 26 and
1403 4090 120 36 Figured
1532 4090 27 25 Yi
1566 4089 85 27 uslins
1659 4089 44 27 for
1712 4089 114 27 Blouses

1337 4140 110 28 from
1464 4139 53 30 swd
1532 4150 49 28 per
1593 4141 66 36 yard

1266 4201 133 37 Splendid
1414 4202 38 27 lot
1468 4202 29 27 of
1512 4202 105 37 Spring
1630 4202 52 27 and
1699 4202 127 27 Summer

1340 4252 71 26 Huts

1304 4367 89 26 NEW
1429 4368 159 35 GLOVES,
1619 4367 167 28 RIBBONS

1517 4439 55 18 AM)

1449 4490 194 29 VEILINGS.

1266 4636 200 28 TRIMMING
1482 4637 111 28 SILKS
1607 4638 82 27 AND
1702 4638 119 29 GIMPS
1834 4636 1 49 j

1407 4693 32 28 In
1463 4693 69 28 New
1553 4694 136 29 Patterns.

1834 4749 1 23 I

1391 4853 68 27 Nice
1479 4852 178 28 Assortment
1676 4853 29 28 of

1315 4916 57 28 NE
1388 4916 36 27 W
1475 4916 64 28 UM
1555 4916 56 27 BP
1625 4917 164 35 ELLAS,

1374 4967 70 27 from
1459 4967 32 26 4s
1508 4967 51 27 lid
1575 4971 27 24 to
1618 4968 8 26 1
1636 4967 30 28 Os
1681 4967 45 29 Gd.

1270 5111 118 29 }>IEN\S
1434 5112 205 37 CLOTHING,
1703 5114 125 37 HILTS,

1377 5164 132 34 PANTS,
1539 5165 65 26 SC.A
1613 5165 109 35 EVES,

1433 5214 11 28 J
1458 5214 134 37 PACES,
1613 5214 59 38 &c.,

1306 5285 36 28 At
1369 5285 31 28 Pi
1407 5285 54 28 ices
1486 5290 27 23 to
1534 5285 65 39 defy
1621 5297 20 18 c<
1655 5298 14 16 11
1682 5298 28 27 ]c
1719 5294 5 22 1
1731 5289 39 28 iti(
1780 5285 26 40 n.

1277 5478 84 54 W.
1385 5480 59 55 T.
1480 5480 355 75 TALEOYS,

1413 5571 23 29 B
1450 5572 23 28 0
1483 5572 25 28 X
1519 5573 22 28 B
1554 5573 60 31 UJi
1626 5574 21 30 G
1661 5576 38 29 H.

1869 188 139 31 MOUNT
2029 191 153 31 BENGER
2208 184 176 35 MEDICAL

1998 229 262 33 ASSOCIATION.

1853 311 17 17 r
1870 310 81 28 PHE
1981 313 102 29 Annual
2109 311 106 31 General
2241 309 115 34 Meeting
2382 306 23 27 of

1934 350 124 28 Members
2089 353 27 24 of
2150 351 41 25 the
2221 344 182 30 above-named

1855 386 155 26 Association
2050 388 49 26 will
2139 387 27 25 be
2210 384 54 26 held
2309 383 24 24 in
2365 382 40 23 the

1855 421 150 27 Athenreum
2038 424 56 26 Hall
2132 433 30 17 on
2200 416 205 33 SATURDAY,

1854 458 71 26 23rd
1941 459 206 35 NOVEMBER,
2164 459 72 31 1896,
2248 463 25 20 at
2287 456 14 26 8
2314 463 58 28 p.m.

1888 507 189 29 BusinessTo
2100 508 111 28 consider
2236 506 41 27 the
2298 503 106 36 position

1855 543 23 25 of
1893 544 40 25 the
1949 547 153 25 Association
2116 547 47 25 and
2186 546 81 25 future
2291 541 114 33 working*

1855 580 23 25 of
1893 580 40 26 the
1947 590 73 19 same.

2058 621 27 27 L.
2106 621 31 26 E.
2159 616 143 30 HAINES,

2229 653 142 27 Chairman.

1859 717 290 40 PRELIMINARY
2176 713 204 32 ANNOUNCE-

1858 744 25 26 -1
2080 753 116 33 MENT.

1854 835 213 30 ROXBURGH
2097 833 167 32 CRICKET
2295 831 110 30 CLUB.

2028 917 76 28 Look
2123 925 49 19 out
2193 924 48 19 for

1856 965 133 30 GRAND
2015 965 176 30 POi'UHR
2219 961 186 32 CONCERT.

1902 1044 131 29 MONST
2039 1045 44 28 ER
2122 1042 241 31 PROGRAMME

2001 1096 34 28 In
2055 1097 101 27 Future
2177 1096 85 26 Issue.

2049 1178 31 27 B.
2094 1177 34 27 V.
2144 1172 151 36 REILLY,

2219 1213 73 27 Hon.
2309 1212 61 27 Sec.
