4240 5790
168 152 243 28 AUSTRALIAN
430 151 122 28 NOTES.

304 214 135 28 SYDNEY,
455 213 107 24 October
577 213 33 23 31.

109 246 76 23 When
202 246 39 23 the
258 246 121 23 Franchise
396 245 124 23 Extension
537 244 45 22 Bill
599 242 41 24 left

80 277 40 22 the
140 277 77 23 House
235 278 19 22 it
270 276 109 30 proposed
397 278 24 20 to
438 274 75 24 confer
529 278 63 18 votes
612 281 28 14 on

80 307 80 28 police,
172 307 101 26 soldiers,
283 307 44 21 and
338 306 78 22 sailors
426 313 6 19 ;
448 306 41 20 but
498 304 39 22 the
548 303 92 22 Council

80 337 100 29 thought
195 337 38 22 the
244 343 64 23 army
322 336 44 22 and
384 342 59 21 navy
459 333 65 23 could
535 333 29 21 do
574 333 52 21 with-

80 370 42 19 out
132 373 63 17 votes
209 367 49 29 just
274 373 57 21 now,
350 366 43 22 and
410 372 55 23 gave
486 364 38 23 the
540 363 56 23 boon
617 365 23 20 to

81 397 39 22 the
140 397 59 23 Civil
218 398 61 21 force
298 397 70 22 alone.
399 396 47 22 The
465 394 75 23 father
559 393 23 22 of
602 393 38 22 the

80 427 46 21 Bill
159 427 70 29 urged
263 427 39 21 the
331 426 76 22 House
439 429 22 17 to
490 427 79 25 accept
602 423 38 22 the

81 464 102 16 measure
212 465 25 15 as
270 464 27 15 an
331 455 139 26 instalment,
500 453 74 23 which
602 452 25 23 ad-

81 489 50 22 vice
141 496 45 15 was
197 488 104 29 adopted.
333 487 47 22 The
391 486 116 23 Abolition
517 485 23 22 of
550 483 90 30 Capital

80 518 151 22 Punishment
249 518 45 22 Bill
314 524 46 15 was
384 516 53 22 read
457 523 13 14 a
490 514 62 23 third
576 515 61 20 time.

80 547 64 23 Then
159 547 40 23 the
209 547 56 23 local
275 546 120 30 optionists
413 544 43 23 had
474 551 13 16 a
501 543 127 30 disappoint-

80 580 71 26 ment,
167 577 35 23 for
219 577 37 23 Mr
273 576 61 24 Cook
352 575 129 24 discovered
492 575 38 22 the
541 580 99 16 measure

81 615 46 16 was
144 611 41 20 out
201 608 23 23 of
240 608 73 26 order,
332 607 43 22 and
392 607 62 22 leave
472 613 44 14 was
534 606 66 29 given
617 607 23 20 to

80 639 122 21 withdraw
211 640 27 24 it,
250 638 37 22 Mr
298 638 61 22 Cook
370 637 123 29 promising
507 638 23 20 to
545 636 83 21 leintro-

80 668 57 22 duce
144 669 20 21 it
171 669 22 21 in
200 676 14 14 a
221 669 44 21 few
273 668 61 28 days.
361 667 47 22 The
416 666 92 22 Council
515 666 78 22 struck
601 667 40 20 out

81 698 79 29 voting
171 697 29 30 by
211 700 51 27 post
272 697 22 23 in
306 697 38 22 the
352 696 179 28 Parliamentary
540 695 100 22 Electors

80 729 47 22 Act
136 728 153 23 Amendment
299 727 53 28 Bill,
362 727 44 23 and
414 727 72 22 desire
495 727 39 22 the
542 726 84 23 Govern-

81 761 63 20 ment
152 761 23 20 to
181 761 80 26 accept
268 759 39 22 the
312 758 149 22 amendment.
480 757 37 22 Mr
521 756 100 28 Hughes,
628 763 12 14 a

80 788 64 23 labor
175 789 105 27 member,
312 787 108 23 attacked
449 787 61 22 them
535 786 35 22 for
595 785 44 22 this

80 819 84 28 acticn,
185 819 44 21 and
249 818 103 22 declared
378 818 51 22 that
447 817 79 26 20,000
549 822 91 23 persons

80 849 76 22 would
181 849 26 21 be
232 848 163 23 disfranchised
420 848 29 28 by
473 847 55 22 such
548 854 13 14 a
580 850 56 24 step.

80 879 138 28 Ultimately
236 880 39 21 the
294 878 45 23 Bill
355 886 45 14 was
420 877 97 23 referred
538 876 57 22 back
616 878 23 19 to

80 909 39 21 the
130 908 93 22 Council
234 908 35 22 for
286 908 88 22 further
390 907 171 23 consideration.
592 905 47 23 The

79 938 81 22 second
186 938 93 29 reading
303 938 23 22 of
351 938 38 22 the
418 937 150 23 Referendum
593 935 46 22 Bill

79 967 114 29 produced
210 975 28 14 an
256 968 134 28 interesting
406 967 87 22 debate.
526 966 47 22 The
587 965 39 22 Pre-

79 998 56 21 mier
145 997 118 30 explained
275 998 52 22 that
337 997 71 22 under
423 997 38 22 the
476 998 83 28 system
576 995 63 22 there

79 1029 61 20 must
164 1028 28 21 be
216 1034 12 14 a
253 1028 116 21 minimum
393 1027 75 28 polled
497 1026 22 21 of
550 1024 89 27 100,000

79 1056 102 27 electors,
204 1057 66 22 while
295 1064 13 14 a
332 1057 34 21 six
378 1069 6 4 •
396 1055 105 23 eleventh
531 1054 107 29 majority

78 1087 74 21 would
169 1081 28 27 be
215 1094 123 22 necessary.
377 1086 47 22 The
440 1086 107 22 relations
561 1084 23 22 of
600 1083 38 23 the

78 1118 46 21 two
145 1116 95 28 Houses,
262 1117 27 22 he
307 1116 57 28 said,
381 1123 58 15 were
455 1115 180 27 unsatisfactory.

78 1146 47 22 The
136 1146 92 22 Council
239 1147 113 21 remained
363 1150 41 18 out
415 1146 23 21 of
453 1145 67 22 touch
532 1144 55 21 with
599 1139 38 26 the

77 1175 68 30 spirit
155 1175 22 23 of
192 1182 108 23 progress.
333 1175 47 22 The
391 1174 142 29 experiences
548 1173 23 22 of
587 1172 38 22 Vic-

77 1207 59 21 toria
154 1206 55 22 with
226 1213 28 15 an
272 1205 94 23 elective
383 1205 78 28 Upper
479 1202 111 24 Chamber
600 1209 37 15 are

77 1243 55 14 even
158 1243 60 14 more
242 1235 129 22 anomalous
396 1235 55 21 than
472 1234 38 21 the
536 1233 101 21 nominee

77 1266 83 22 House.
192 1266 54 22 Just
256 1272 50 15 now
324 1266 38 21 the
380 1264 75 22 choice
472 1270 45 15 was
535 1262 100 22 between

76 1296 39 21 the
131 1295 141 22 referendum
282 1295 44 21 and
337 1302 13 13 a
360 1294 71 28 single
446 1293 111 22 chamber.
589 1292 46 21 One

76 1332 25 14 or
117 1325 39 20 the
172 1325 65 20 other
254 1327 59 17 must
331 1330 61 14 come
410 1323 75 19 about.
518 1322 37 19 Mr
566 1320 55 27 Cope-

75 1353 53 23 land
146 1353 91 22 favored
256 1353 38 21 the
312 1352 57 27 idea,
388 1351 41 22 but
446 1349 97 30 thought
553 1357 13 13 a
577 1356 42 15 com-

75 1384 78 22 mittee
164 1383 24 23 of
204 1383 52 22 both
272 1382 88 23 Houses
371 1380 80 23 should
461 1379 89 24 consult
561 1379 22 23 in
595 1379 39 22 the

75 1416 89 19 matter.
206 1413 37 21 Mr
263 1412 116 21 M'Millan
403 1410 49 22 said
477 1411 38 21 the
540 1409 94 23 Council

73 1442 89 22 became
173 1449 13 15 a
196 1449 60 14 mere
263 1443 87 27 puppet
358 1440 71 22 under
439 1440 38 22 the
483 1439 149 27 referendum,

73 1472 74 20 which
176 1471 133 28 practically
338 1470 123 28 abrogated
488 1469 39 21 the
557 1469 78 27 Upper

73 1501 83 22 House.
189 1501 47 22 The
251 1500 82 23 second
348 1499 93 30 reading
452 1506 45 16 was
508 1498 87 23 carried
606 1497 29 30 by

73 1533 28 21 54
112 1534 24 20 to
146 1532 20 22 3.

100 1562 49 21 The
159 1562 57 21 wool
226 1562 57 21 sales
294 1561 140 28 throughout
452 1560 39 22 the
502 1559 63 22 week
575 1566 59 15 were

73 1590 166 23 characterised
259 1590 29 29 by
306 1593 100 20 extreme
426 1590 116 26 keenness,
562 1589 71 29 vigor,

74 1621 44 23 and
139 1621 182 27 determination,
334 1621 106 29 reaching
460 1620 82 22 almost
559 1621 24 21 to
599 1626 24 15 ex-

76 1653 111 22 citement
203 1653 71 28 pitch.
306 1652 48 23 The
364 1654 90 27 greater
464 1650 132 30 proportion
616 1649 22 23 of

74 1691 29 13 an
130 1683 123 21 attractive
280 1682 117 28 catalogue
417 1689 45 14 wa3
482 1680 96 27 cleared,
599 1680 39 21 the

73 1712 107 29 biddings
191 1712 66 30 being
267 1719 61 15 more
338 1711 123 30 dispersed.
492 1711 48 22 The
555 1710 83 29 buyers

75 1751 28 15 oh
128 1743 98 23 German
251 1745 95 20 account
365 1743 40 21 did
419 1745 42 19 not
474 1740 165 31 preponderate

75 1781 24 15 so
117 1773 86 29 largely
222 1781 25 14 as
263 1774 38 21 the
318 1773 138 26 Americans,
478 1772 50 21 who
548 1771 88 22 showed

76 1812 12 13 a
114 1804 134 28 disposition
275 1806 24 19 to
321 1806 92 25 operate
439 1806 25 18 at
488 1802 39 22 the
554 1801 84 28 closing

75 1833 64 23 sales.
171 1833 27 22 In
210 1833 90 28 Sydney
311 1833 72 28 prices
394 1832 89 22 showed
499 1839 28 14 an
539 1831 99 22 advance

76 1864 23 22 of
177 1867 23 19 to
226 1863 28 24 id
278 1870 28 15 on
335 1863 45 22 last
411 1861 81 23 week's
516 1861 57 23 sales
604 1861 35 22 for

75 1895 58 29 good
144 1894 44 23 and
198 1894 102 29 superior
307 1893 98 30 greasies
415 1893 44 22 and
466 1892 93 23 scoured
568 1899 57 16 cross-

75 1925 75 27 breds,
177 1925 73 22 which
276 1931 57 16 were
358 1931 54 22 very
437 1923 57 22 firm.
535 1922 104 30 Skirting

75 1957 81 29 pieces,
169 1955 86 28 bellies,
267 1955 44 23 and
329 1955 62 23 locks
408 1962 58 15 were
483 1955 22 21 in
522 1954 116 30 improved

76 1987 103 22 demand.
226 1987 47 22 The
298 1987 71 28 prices
394 1993 103 21 compare
521 1985 117 28 favorably

76 2018 56 21 with
153 2017 64 22 those
234 2016 75 29 ruling
327 2016 81 22 twelve
426 2016 90 21 months
532 2023 48 21 ago.
612 2014 26 22 In

75 2047 133 23 Melbourne
219 2046 39 23 the
265 2046 100 22 advance
376 2046 23 22 in
410 2046 57 29 good
479 2045 44 23 and
534 2045 103 30 superior

76 2078 57 22 wool
153 2077 95 22 reached
310 2084 39 21 per
365 2082 59 16 cent,
445 2076 119 29 compared
581 2076 55 22 with

74 2107 39 22 the
133 2107 98 28 opening
257 2108 63 20 sales.
361 2105 145 24 Cross-breds
532 2112 57 15 were
615 2105 21 22 in

76 2140 78 27 strong
165 2138 91 28 request
276 2140 24 19 at
318 2136 38 23 the
373 2136 58 23 close
448 2135 45 23 and
510 2143 31 22 up
558 2139 23 19 to
596 2134 44 23 last

76 2169 73 29 year's
170 2169 85 26 values,
273 2167 67 23 while
357 2167 35 23 for
407 2167 73 29 pieces
498 2167 44 22 and
560 2166 67 23 lambs-

76 2199 57 21 wool
144 2199 72 28 prices
227 2205 58 15 were
296 2198 58 28 fully
366 2205 30 22 up
405 2202 24 18 to
441 2197 64 22 those
521 2197 22 21 of
559 2197 81 22 twelve

76 2228 92 22 months
178 2235 47 22 ago.

105 2258 27 23 In
140 2259 150 22 investments
300 2258 96 30 nothing
407 2257 106 24 occurred
524 2260 24 20 to
559 2256 81 23 relieve

77 2289 39 22 the
136 2293 147 18 monotonous
303 2289 130 28 stagnation
457 2289 23 21 of
499 2288 40 22 the
558 2288 71 22 invest-

77 2322 63 19 ment
149 2319 65 22 stock
226 2319 106 22 markets.
364 2318 27 22 In
410 2318 132 22 Melbourne
559 2317 70 29 especi-

77 2349 46 29 ally
135 2349 76 29 things
221 2356 59 15 were
291 2348 55 27 dull,
360 2348 63 22 there
438 2348 66 29 being
520 2355 28 14 an
565 2348 75 27 easing

77 2379 112 29 tendency
196 2379 35 22 for
239 2386 60 15 some
308 2378 168 23 miscellaneous
484 2379 154 21 investments.

78 2409 153 23 Government
260 2409 117 21 securities
402 2408 44 22 and
471 2408 59 22 bank
556 2408 82 26 shares,

78 2440 112 28 however,
207 2446 59 16 were
281 2438 57 23 firm.
376 2438 48 23 The
444 2439 86 29 mining
552 2437 88 23 market

78 2471 64 22 ruled
163 2470 56 28 dull,
241 2470 56 23 with
318 2470 39 23 the
377 2470 117 29 exception
512 2469 23 22 of
550 2468 89 23 Broken

78 2501 50 21 Hill
147 2501 110 21 Junction
278 2500 167 26 Consolidated,
469 2500 72 21 which
558 2506 27 14 on
602 2499 38 21 the

78 2530 105 29 strength
194 2530 23 22 of
228 2530 169 26 developments
406 2524 42 27 had
457 2536 12 15 a
476 2529 58 29 good
542 2528 98 22 advance

78 2561 23 21 in
113 2561 83 25 values,
209 2561 42 21 but
261 2562 25 19 at
297 2561 38 20 the
346 2560 57 21 close
414 2560 23 21 of
454 2559 38 22 the
504 2559 60 21 week
581 2565 57 15 were

80 2598 12 15 a
103 2589 61 24 little
175 2590 77 22 easier.
283 2588 27 24 In
328 2588 52 31 gold
394 2596 54 22 very
463 2588 60 23 little
540 2588 100 22 business

80 2629 46 14 was
146 2621 64 27 done,
231 2620 77 23 stocks
327 2620 114 29 generally
461 2619 65 30 beipg
543 2618 93 23 weaker.

81 2651 150 23 Westralians
241 2658 58 15 were
316 2651 23 22 in
356 2651 75 23 better
446 2649 96 23 demand
559 2653 24 19 at
599 2649 39 23 the

81 2681 58 22 close
150 2681 22 22 of
184 2681 38 22 the
234 2681 68 22 week.

108 2711 48 23 The
167 2711 116 29 discovery
294 2710 23 23 of
327 2719 12 14 a
350 2710 48 24 rich
415 2710 51 31 gold
478 2710 45 23 reef
538 2710 18 22 is
572 2709 57 23 offici-

80 2742 47 29 ally
146 2742 106 26 reported
269 2742 57 22 from
342 2742 121 22 Batesman
478 2742 49 27 Bay
544 2742 22 20 in
582 2740 56 22 New

81 2772 73 23 South
167 2772 81 22 Wales.
280 2771 47 23 The
342 2772 124 29 specimens
483 2771 60 23 show
561 2770 77 29 nearly

81 2803 48 22 half
139 2803 59 29 gold.

108 2834 47 21 The
165 2834 78 21 month
259 2833 73 22 closed
352 2833 88 29 quietly
461 2833 22 22 in
499 2832 38 23 the
554 2832 85 28 import

80 2863 44 22 and
135 2865 81 26 export
226 2863 107 27 markets,
349 2863 41 21 but
408 2863 63 21 there
488 2862 19 22 is
522 2870 13 14 a
546 2862 92 27 healthy

80 2892 44 22 and
135 2892 50 22 firm
195 2895 59 19 tone.
286 2892 47 22 The
342 2892 98 27 position
452 2891 56 22 with
520 2890 79 29 regard
615 2895 23 17 to

80 2921 136 22 breadstuff*
231 2922 19 21 is
267 2921 113 26 steadier;
400 2921 48 21 still
466 2921 19 21 it
500 2921 18 21 is
534 2920 34 22 far
583 2919 56 23 from

79 2952 91 26 settled,
206 2950 134 29 everything
377 2950 128 28 depending
539 2957 28 14 on
601 2950 38 21 the

79 2981 100 22 weather
194 2980 82 29 during
294 2980 38 21 the
346 2983 55 18 next
417 2980 43 21 few
478 2979 80 22 weeks.
590 2978 48 22 The

79 3014 99 19 extreme
189 3011 52 21 heat
252 3011 39 21 has
301 3010 82 29 played
400 3009 153 23 considerable
568 3009 70 22 havoc

79 3041 56 23 with
146 3041 39 22 the
196 3048 71 22 crops,
280 3041 41 22 but
332 3041 48 21 rain
391 3043 34 19 set
436 3041 22 21 in
469 3043 25 19 at
509 3040 39 22 the
558 3039 43 22 end
617 3039 22 22 of

79 3072 39 21 the
142 3071 63 22 week
229 3070 44 23 and
298 3070 134 30 brightened
451 3070 39 22 the
514 3072 122 26 prospects.

79 3102 59 29 Crop
148 3103 88 27 reports
254 3108 37 15 are
305 3108 54 22 very
370 3100 136 29 conflicting.
539 3100 31 22 As
581 3107 43 15 sum-

80 3132 94 22 marised
192 3131 30 30 by
239 3131 39 23 the
296 3132 5 11 '
311 3131 99 22 Herald'
427 3131 55 28 they
500 3130 65 29 point
585 3133 23 19 to
627 3137 12 14 a

79 3163 66 21 much
161 3162 42 21 less
213 3161 145 29 satisfactory
374 3161 61 29 yield
452 3161 55 22 than
522 3167 46 15 was
583 3160 45 22 fore-

80 3192 76 22 casted
180 3192 30 28 by
230 3192 39 21 the
295 3191 82 28 'Daily
402 3190 143 29 Telegraph.'
584 3189 54 22 Two

77 3229 90 23 cargoe3
177 3222 23 22 of
219 3222 64 28 3,000
295 3223 49 21 tona
355 3221 54 23 each
421 3221 22 22 of
464 3222 44 22 San
519 3220 120 23 Francisco

80 3253 75 23 wheat
174 3253 57 23 have
251 3253 56 23 been
327 3252 150 30 placed—one
487 3252 36 22 for
538 3251 100 30 Sydney,

80 3284 38 22 the
138 3284 65 21 other
222 3284 35 21 for
276 3283 117 22 Adelaide.
424 3283 48 21 The
489 3282 59 26 feed,
566 3282 71 28 grain,

79 3314 44 21 and
134 3314 76 28 forage
221 3312 100 23 markets
332 3320 37 15 are
380 3320 54 21 very
445 3312 56 22 firm.
538 3311 48 22 The
598 3311 39 22 hot

80 3344 99 22 weather
203 3344 19 21 is
241 3342 106 29 affecting
367 3342 106 29 supplies.
514 3342 60 22 Bran
594 3341 45 22 and

80 3373 87 30 pollard
179 3373 56 23 have
245 3373 116 22 advanced
372 3375 23 20 to
415 3372 48 27 lOd,
475 3372 69 22 maize
560 3375 23 19 to
598 3372 24 22 2s
633 3379 5 19 ;

80 3404 66 22 other
165 3403 56 23 lines
241 3410 37 15 are
295 3403 87 29 steady.
415 3402 57 23 New
488 3402 56 23 local
561 3403 78 21 onions

81 3442 37 15 are
138 3434 94 29 offering
252 3434 71 29 freely
340 3437 23 19 at
381 3441 24 14 as
422 3433 43 22 low
482 3440 24 15 as
516 3434 37 21 £B.
586 3432 53 23 This

81 3465 81 21 caused
179 3472 13 14 a
208 3465 92 27 relapse.
333 3464 62 22 Sales
414 3464 23 21 of
457 3463 44 23 San
520 3463 119 21 Francisco

81 3502 59 14 were
151 3494 64 22 made
233 3498 24 18 at
268 3495 51 21 £ls.
351 3493 62 23 Sales
429 3493 23 23 of
469 3493 56 22 New
542 3492 97 23 Zealand

81 3524 56 21 malt
148 3527 24 18 at
182 3526 25 19 5s
215 3528 24 17 to
249 3525 24 20 53
284 3524 28 21 3d
323 3531 38 14 are
372 3523 113 22 recorded.

237 3553 201 26 MELBOURNE,
454 3552 108 25 October
576 3553 31 23 31.

109 3585 100 22 Premier
219 3584 86 23 Turner
316 3584 91 23 worked
417 3593 13 14 a
440 3588 53 18 neat
510 3584 60 23 little
580 3591 57 21 coup

81 3616 89 27 against
187 3615 39 22 the
242 3614 132 29 Opposition
392 3615 23 22 in
431 3615 131 21 connection
582 3614 55 21 with

81 3645 39 23 the
130 3644 154 24 Constitution
295 3645 45 23 Act
348 3644 151 23 Amendment
509 3643 50 23 Bill.
591 3643 47 23 The

81 3676 135 22 Ministerial
248 3676 95 22 election
375 3675 92 30 pledges
491 3675 105 22 included
625 3682 13 15 a

80 3707 96 27 promise
187 3709 23 19 to
220 3706 82 22 reduce
313 3706 38 21 the
362 3706 93 21 number
465 3706 23 21 of
496 3706 109 21 members
615 3705 23 22 of

80 3736 143 22 Parliament.
256 3736 70 22 Other
337 3736 80 22 tactics
427 3735 77 29 fitting
516 3735 38 22 the
564 3735 58 29 Oppo-

79 3766 68 22 sition
168 3765 107 23 snatched
296 3765 46 23 this
361 3766 96 29 promise
478 3769 22 18 to
520 3765 63 29 place
599 3765 38 22 the

79 3796 153 23 Government
241 3797 22 21 in
275 3804 12 14 a
298 3804 83 14 corner.
413 3795 37 23 Mr
458 3795 78 30 Irving
544 3802 45 15 was
596 3798 42 26 put

79 3834 30 22 up
125 3830 24 19 to
166 3834 64 15 move
245 3835 28 14 an
288 3826 143 23 amendment
441 3826 120 29 providing
575 3826 35 22 for
624 3833 13 15 a

78 3856 143 22 reductionin
231 3857 39 21 the
279 3856 148 28 membership
435 3856 23 21 of
466 3855 41 28 the
507 3855 126 28 Assembly.

78 3885 48 23 The
145 3885 77 23 device
242 3893 44 15 was
306 3886 123 29 ingenious,
455 3885 44 22 and
519 3887 77 20 meant
611 3885 26 27 (if

78 3916 95 28 carried)
184 3918 24 20 to
225 3924 51 15 ruin
292 3917 39 22 the
342 3917 82 22 chance
434 3916 23 22 of
474 3915 38 23 the
528 3922 107 20 measure,

79 3947 75 29 seeing
171 3946 51 23 that
239 3946 38 23 the
294 3950 91 26 present
404 3946 44 23 Bill
465 3948 60 21 must
544 3946 27 22 be
591 3945 45 23 laid

79 3977 61 21 aside
159 3977 35 21 for
213 3977 49 21 lack
283 3977 22 21 of
325 3977 39 21 the
384 3983 116 22 necessary
520 3979 116 25 statutory

79 4007 106 28 majority
203 4014 28 14 on
248 4007 38 21 the
305 4006 80 22 second
406 4006 99 29 reading.
538 4005 65 23 With
618 4006 19 22 it

79 4037 74 22 would
164 4037 46 22 also
220 4045 28 22 go
259 4037 38 23 the
308 4037 116 23 reduction
432 4037 23 22 of
463 4036 115 24 members.
603 4036 33 23 On

79 4068 39 22 the
128 4068 65 22 other
203 4068 67 26 hand,
283 4068 17 22 if
311 4069 39 21 the
360 4068 144 22 amendment
514 4075 45 15 was
569 4075 52 21 nega-

79 4097 70 27 tived,
161 4098 20 20 it
190 4097 75 21 would
276 4098 50 28 give
337 4104 13 14 a
360 4098 81 21 handle
459 4099 24 19 to
494 4097 38 21 the
542 4097 79 29 Opposi-

78 4127 48 23 tion
144 4131 24 19 to
183 4127 80 29 charge
282 4127 38 23 the
337 4127 153 23 Government
506 4130 130 26 supporters

79 4157 56 21 with
145 4157 108 28 breaking
265 4157 58 22 their
341 4157 96 29 pledges.
469 4157 47 22 The
526 4157 106 28 Premier,

79 4186 111 27 however,
217 4186 85 30 proved
326 4187 65 29 equal
416 4190 23 19 to
463 4186 39 23 the
526 4188 106 21 occasion.

79 4218 136 28 Explaining
233 4218 39 22 the
289 4218 104 28 position,
404 4218 27 22 he
446 4218 47 22 said
504 4218 19 22 it
534 4225 45 15 was
594 4218 26 22 im-

79 4247 96 29 possible
192 4247 35 22 for
244 4247 39 23 the
300 4248 151 22 Government
470 4251 24 19 to
510 4248 124 22 undertake

79 4277 39 22 the
129 4277 123 28 reduction,
265 4285 24 14 as
299 4278 53 28 only
363 4285 27 15 an
408 4278 113 29 impartial
532 4278 99 23 tribunal

79 4307 65 23 could
151 4307 29 23 do
187 4315 31 20 so,
225 4307 43 23 and
277 4308 51 23 that
335 4309 125 27 meantime,
467 4309 23 22 in
495 4309 38 22 the
541 4309 92 22 absence

78 4338 24 22 of
126 4338 38 22 the
190 4341 115 26 statutory
330 4339 113 28 majority,
468 4340 39 21 the
536 4339 83 23 Govern-

78 4376 51 14 men
146 4367 101 23 confined
264 4369 106 22 electoral
380 4369 80 23 reform
476 4372 23 20 to
514 4369 54 23 such
584 4377 36 22 pro-

77 4399 75 29 posals
169 4407 23 14 as
210 4406 57 15 were
283 4402 80 27 urgent
383 4400 43 23 and
444 4400 91 23 feasible
552 4400 23 23 in
592 4400 39 22 the

77 4432 91 27 present
192 4430 89 22 session.
323 4430 47 23 Not
394 4434 92 20 content
510 4431 55 23 with
585 4435 36 18 out-

77 4460 155 30 manreuvring
259 4460 35 23 his
323 4466 132 25 opponents,
481 4461 37 23 Mr
547 4461 87 23 Turner

77 4491 81 22 turned
170 4491 38 22 the
219 4491 71 22 tables
298 4499 59 21 upon
370 4492 67 22 them.
469 4491 35 23 He
515 4491 117 29 explained

76 4521 52 22 that
139 4521 27 22 he
176 4521 44 22 had
230 4529 61 14 some
308 4522 130 29 misgivings
455 4529 24 15 as
496 4524 24 20 to
536 4522 38 21 the
589 4522 33 21 sin-

76 4552 73 26 cerity
168 4551 22 21 of
215 4551 63 22 those
297 4552 121 28 proposing
437 4559 13 14 a
469 4552 117 22 reduction
611 4551 23 22 of

76 4581 116 27 members,
205 4580 41 24 but
262 4581 26 23 he
298 4581 76 23 feared
385 4582 19 22 it
414 4581 74 23 would
505 4581 27 23 be
550 4581 84 22 unwise

77 4616 23 16 to
124 4611 55 22 wait
204 4611 35 21 till
264 4612 39 21 the
331 4616 56 17 next
410 4612 91 25 session,
527 4611 44 21 and
596 4610 38 22 the

76 4641 154 23 Government
240 4640 74 23 would
330 4640 116 23 introduce
457 4649 13 14 a
480 4640 44 23 Bill
535 4640 34 23 for
580 4647 12 15 a
603 4647 21 15 re-

77 4672 93 21 duction
180 4672 23 21 of
218 4671 109 21 members
347 4671 22 21 of
384 4671 55 22 both
457 4671 88 22 Houses
560 4670 76 22 before

78 4701 39 21 the
128 4701 42 20 end
181 4701 23 21 of
224 4701 38 20 the
279 4703 91 24 present
389 4701 90 20 session.
512 4699 66 21 With
597 4699 39 21 the

78 4729 87 29 ground
181 4732 39 19 cut
230 4729 57 22 from
298 4728 71 22 under
380 4729 59 21 their
450 4729 53 26 feet,
515 4729 39 21 the
566 4728 56 28 Oppo-

79 4760 67 21 sition
157 4759 43 22 had
212 4759 95 27 nothing
317 4759 42 22 left
369 4759 42 21 but
428 4761 23 19 to
469 4757 119 23 withdraw
600 4757 38 22 the

79 4788 150 27 amendment,
242 4788 44 22 and
297 4788 54 28 they
359 4788 38 21 did
408 4795 24 14 so
443 4788 55 21 with
509 4795 12 14 a
532 4793 53 22 very
595 4786 41 22 bad

80 4826 71 22 grace.
192 4818 47 22 The
259 4818 105 22 women's
384 4817 96 29 suffrage
500 4816 74 23 clause
594 4823 45 15 was

80 4849 98 27 adopted
189 4848 29 27 by
229 4849 28 19 42
272 4852 23 16 to
312 4848 34 20 21.
384 4847 37 20 Mr
441 4846 132 28 M'lntyre'a
589 4853 37 20 pro-

80 4877 69 31 posed
169 4877 53 23 dual
237 4881 52 19 vote
291 4884 68 15 —one
380 4875 34 23 for
434 4875 111 23 manhood
566 4874 44 23 and
625 4882 13 14 a

80 4908 82 23 second
173 4909 22 22 in
206 4912 88 24 respect
302 4908 22 22 of
341 4910 182 26 property—was
540 4905 99 29 rejected

80 4939 30 27 by
121 4939 28 20 46
164 4944 23 15 to
200 4939 32 20 16.

108 4967 48 21 The
167 4966 93 29 English
276 4965 125 29 capitalists
418 4972 37 15 are
472 4964 93 29 turning
582 4963 59 22 their

81 4997 113 23 attention
215 4999 23 20 to
261 4995 117 23 Victorian
398 4995 86 30 mining
507 4993 131 32 properties.

81 5028 88 28 During
179 5028 39 22 the
234 5030 51 26 past
302 5027 42 22 few
362 5027 56 28 days
436 5026 62 22 three
516 5025 125 28 companies

81 5060 57 20 have
153 5058 55 22 been
227 5056 80 30 placed
326 5064 28 15 on
373 5057 39 22 the
432 5055 94 23 London
545 5054 94 26 market,

81 5089 57 22 with
158 5095 13 15 a
188 5087 84 29 capital
290 5087 146 29 aggregating
446 5093 52 15 over
509 5092 66 15 seven
587 5084 41 23 hun-

83 5119 54 20 dred
152 5117 118 22 thousand.

111 5149 65 22 Some
187 5155 64 22 years
261 5155 42 21 ago
318 5155 12 14 a
341 5146 116 30 discovery
475 5146 22 22 of
513 5145 127 30 phosphate

83 5179 23 21 of
116 5178 126 22 cerium—a
252 5185 49 14 rare
311 5177 168 22 mineral—was
490 5176 64 21 made
565 5176 23 21 in
603 5174 39 23 the

82 5208 133 24 Bairnsdale
235 5207 97 28 district,
355 5207 41 22 but
420 5207 61 22 little
504 5206 138 29 importance

83 5247 46 14 was
143 5239 107 22 attached
270 5240 24 21 to
314 5238 39 22 the
372 5237 47 23 find
438 5239 25 21 at
480 5236 39 24 the
529 5237 61 22 time.
621 5235 21 22 A

83 5270 101 30 growing
193 5268 96 24 demand
300 5268 35 23 for
345 5268 39 23 the
402 5275 49 16 rare
461 5266 76 24 earths
553 5265 89 29 usually

83 5300 125 22 associated
219 5300 56 22 with
286 5299 46 23 this
349 5298 94 23 mineral
460 5298 36 22 led
513 5300 24 19 to
554 5296 89 23 further

83 5329 135 28 researches,
230 5329 44 23 and
289 5329 45 23 last
344 5328 63 24 week
417 5335 14 15 a
448 5327 84 29 sample
545 5327 23 22 of
586 5325 56 23 eand

83 5361 58 22 from
152 5359 172 30 Croajingolong
332 5366 44 15 was
384 5357 127 24 forwarded
518 5361 24 18 to
552 5357 77 22 Bairns-

86 5390 50 22 dale
151 5390 129 28 containing
299 5390 126 28 phosphate
445 5388 23 22 of
485 5388 91 25 cerium,
594 5393 36 22 pro-

85 5420 68 29 bably
169 5420 22 22 in
212 5420 38 22 the
267 5420 58 22 form
348 5420 24 22 of
391 5418 120 29 monagite.
551 5418 21 21 A
592 5423 36 22 pre-

83 5450 106 27 liminary
200 5449 151 21 examination
368 5448 91 22 showed
476 5448 53 22 that
547 5454 13 14 a
579 5446 64 22 small

83 5479 106 30 quantity
202 5478 22 23 of
231 5478 51 30 gold
292 5478 47 22 also
349 5485 77 16 occurs
436 5478 23 22 in
470 5477 39 23 the
523 5475 64 28 sand,
599 5475 44 23 and

83 5510 87 23 several
187 5509 65 22 other
267 5516 49 15 rare
326 5508 84 28 earths,
422 5508 31 23 all
463 5507 23 23 of
501 5506 74 24 which
587 5506 56 22 have

84 5549 13 15 a
117 5540 53 29 high
195 5540 139 22 commercial
363 5539 65 22 value
453 5537 99 30 through
576 5536 67 30 being

84 5571 86 28 largely
195 5569 54 23 used
268 5569 35 22 for
318 5570 38 21 the
557 5567 39 22 the
611 5567 21 21 in-

84 5600 135 23 candescent
228 5599 65 29 light.
325 5597 85 24 Should
430 5598 19 22 it
468 5603 69 24 prove
557 5596 48 23 rich
620 5597 23 21 in

83 5632 65 22 these
167 5630 116 27 elements,
305 5628 39 23 the
364 5628 46 23 find
430 5628 48 23 will
492 5627 27 22 be
537 5627 23 22 of
579 5628 64 28 great

82 5662 74 23 value.

111 5693 74 23 Trade
201 5692 19 22 is
238 5691 70 30 quiet.
349 5689 60 30 Crop
428 5691 123 28 prospects,
572 5688 71 24 under

84 5724 39 23 the
134 5722 109 24 influence
253 5721 23 23 of
292 5721 39 24 the
348 5719 122 24 continued
480 5719 41 25 hot
530 5719 45 24 and
584 5719 58 25 rain*

670 149 42 23 less
722 148 107 27 weather,
841 155 38 15 are
889 147 66 30 again
966 152 53 23 very
1030 142 91 27 doleful,
1133 141 44 23 and
1188 147 37 16 are
1242 141 2 36 i

670 180 82 28 having
776 186 13 15 a
813 178 130 29 depressing
974 175 65 24 effect
1063 181 28 15 on
1115 172 107 23 business.

672 210 82 22 Wheat
770 210 19 22 is
806 209 48 22 still
872 216 28 15 on
916 209 39 22 the
972 213 30 23 up
1019 205 74 31 grade.
1125 202 61 24 Sales
1201 203 24 20 at

669 248 24 16 os
703 240 29 25 7d
742 243 24 19 to
776 241 25 22 5s
811 239 43 29 7£d
870 239 56 22 have
943 238 55 22 been
1013 234 64 25 made
1087 234 21 22 in
1121 234 38 21 the
1169 232 54 28 city,

670 278 24 16 or
704 270 65 30 equal
786 272 23 21 to
826 271 25 22 5s
868 269 28 24 7d
914 271 23 21 to
954 269 24 22 53
995 266 28 24 9J
1039 266 22 22 in
1072 265 38 22 the
1121 265 102 25 country,

670 302 41 21 but
721 301 76 21 sellers
808 307 38 14 are
856 306 50 15 now
922 298 92 27 holding
1030 297 35 21 for
1081 300 65 16 more.
1178 292 47 22 The

671 331 86 22 Millers
773 330 142 21 Association
926 328 55 21 have
992 323 114 24 advanced
1116 323 39 21 the
1165 321 60 29 price

670 361 23 22 of
712 359 56 24 flour
788 363 24 19 to
830 359 45 23 £l3
894 359 42 22 10s.
968 356 58 23 Bran
1044 354 18 23 is
1079 358 24 17 at
1120 351 49 28 lOd,
1181 350 44 23 and

670 391 86 28 pollard
769 391 23 22 Is
803 391 33 21 Id.
868 389 47 23 The
926 387 99 23 weather
1035 386 18 20 is
1063 384 46 22 also
1121 382 81 28 having
1213 388 12 14 a

670 420 124 28 hardening
810 419 65 23 effect
891 426 28 15 on
935 417 64 23 other
1016 413 49 24 feed
1085 413 81 28 grains.
1197 410 28 23 In

670 450 79 23 fodder
759 450 55 23 lines
825 449 72 29 prices
907 454 36 16 are
954 444 130 28 advancing.

858 476 166 27 ADELAIDE,
1041 474 107 25 October
1162 472 33 23 31.

697 512 48 22 The
763 511 118 27 Assembly
893 510 38 20 has
948 509 53 20 been
1021 504 80 28 chiefly
1118 501 106 29 occupied

670 542 56 21 with
737 541 38 22 the
785 539 103 23 Pastoral
904 537 52 26 Bill,
973 535 73 22 which
1061 532 86 29 passed.
1178 531 47 21 The

671 571 64 23 State
773 570 118 23 Advances
930 565 52 28 Bill,
1023 562 125 28 abolishing
1188 560 25 22 ad-

671 609 79 15 vances
761 603 23 21 to
795 601 39 22 the
844 600 78 22 extent
932 598 22 21 of
965 594 46 24 half
1022 594 38 23 the
1070 593 80 28 selling
1160 591 65 22 value

670 633 23 22 of
707 633 69 22 leases
787 633 39 20 cut
835 637 31 21 up
881 629 34 22 for
932 626 182 29 improvements,
1126 629 45 15 was
1187 621 24 22 ad-

671 662 83 22 vanced
765 669 13 14 a
787 663 69 25 stage.
888 658 46 22 The
943 656 98 22 Premier
1054 660 55 23 gave
1119 652 74 22 notice
1203 651 22 22 of

670 699 12 15 a
693 692 44 21 Bill
747 688 141 28 authorising
905 687 109 21 advances
1034 684 34 22 for
1082 681 52 23 seed
1151 681 74 21 wheat

670 725 23 19 to
704 719 121 25 distressed
835 718 98 24 farmers.
965 715 47 23 The
1022 712 93 25 Council
1125 710 44 24 Bill
1180 716 45 16 was

669 752 99 26 shelved,
780 750 43 23 and
836 749 38 23 the
885 747 78 23 Public
973 744 85 24 Health
1068 742 44 24 Bill
1123 740 86 32 passed.

697 782 47 22 The
764 781 123 21 disastrous
906 777 65 21 effect
990 775 23 21 of
1033 774 38 22 the
1091 772 99 28 drought
1206 778 19 14 is

669 812 61 28 daily
741 817 60 16 more
811 809 117 29 apparent,
940 805 44 22 and
1000 811 52 22 crop
1063 805 114 28 prospects
1188 808 37 15 are

668 842 100 30 growing
786 847 59 15 more
863 836 106 30 hopeless.
1001 834 27 23 In
1046 840 66 22 many
1123 834 62 28 parts
1203 831 22 22 of

670 873 37 22 the
718 870 114 24 Northern
843 867 102 24 districts
955 866 39 22 the
1011 872 63 22 crops
1084 871 38 15 are
1133 861 91 29 already

668 909 12 14 a
691 902 57 22 total
759 900 85 23 failure.
876 898 46 22 The
939 896 83 22 millers
1032 902 37 14 are
1081 894 97 26 meeting
1188 892 24 21 de-

668 931 78 22 mands
754 930 29 29 by
790 928 157 30 importations
955 927 57 21 from
1021 924 96 29 Sydney.
1142 922 83 22 Wheat

668 962 18 21 is
697 960 80 28 locally
788 958 83 30 quoted
889 961 25 18 at
931 964 23 15 os
972 955 36 27 3d,
1027 954 43 22 and
1087 954 18 21 it
1115 954 19 21 is
1145 951 66 23 under-

667 990 64 22 stood
743 990 52 22 that
804 988 79 29 higher
901 987 72 28 prices
988 992 37 15 are
1038 984 64 28 being
1113 982 60 30 paid.
1204 981 20 22 A

668 1021 87 21 further
766 1019 43 21 rise
820 1019 18 20 is
849 1016 116 29 expected.

859 1050 164 25 BRISBANE,
1039 1049 108 22 October
1161 1048 33 21 31.

695 1085 46 23 The
752 1084 55 23 calm
819 1081 164 25 consideration
992 1080 73 22 which
1077 1079 37 22 the
1126 1078 99 22 Premier

668 1115 91 24 deemed
778 1120 116 22 necessary
913 1112 64 23 when
997 1110 90 29 moving
1107 1109 38 23 the
1164 1109 48 28 post-

667 1148 120 26 ponement
804 1144 23 22 of
841 1142 165 23 consideration
1022 1141 22 22 of
1061 1141 39 21 the
1114 1139 93 23 Council
1215 1146 10 14 s

667 1174 153 23 amendments
838 1174 22 21 in
881 1172 38 23 the
935 1170 94 24 Federal
1047 1170 44 22 Bill
1106 1169 53 22 bore
1169 1168 57 21 fruit

667 1205 22 22 in
700 1205 38 22 the
755 1204 68 29 shape
842 1203 23 22 of
884 1210 13 14 a
915 1202 83 22 motion
1015 1203 24 20 to
1056 1199 54 23 send
1130 1198 39 23 the
1179 1197 44 23 Bill

667 1235 56 21 back
734 1236 23 19 to
769 1235 38 20 the
818 1232 100 27 Council,
930 1232 77 28 giving
1021 1230 60 22 fresh
1092 1235 89 15 reasons
1192 1228 33 21 for

667 1265 38 21 the
715 1262 136 30 Assembly's
859 1262 169 29 disagreement.
1054 1259 71 23 These
1136 1264 89 16 reasons

666 1301 37 14 are
714 1294 51 21 that
776 1294 38 20 the
824 1292 86 28 ground
927 1292 35 21 for
978 1291 165 27 disagreement
1158 1288 66 28 given

666 1323 28 26 by
706 1323 38 20 the
755 1322 92 21 Council
865 1322 19 19 is
901 1320 98 21 founded
1017 1327 28 12 on
1063 1326 13 13 a
1091 1318 119 26 misconcep-

666 1353 46 21 tion
732 1351 23 22 of
774 1351 40 22 the
834 1356 64 23 scopo
919 1349 43 22 and
983 1348 65 22 effect
1067 1347 23 22 of
1110 1346 38 23 the
1171 1346 52 27 Bill,

665 1381 114 23 inasmuch
799 1388 24 15 as
844 1380 38 23 the
902 1379 58 30 duty
980 1379 22 23 of
1027 1377 54 24 each
1105 1377 77 23 House
1202 1377 23 22 in

664 1412 39 22 the
723 1412 155 22 maintenance
903 1410 23 22 of
949 1410 39 22 the
1009 1409 154 22 Constitution
1186 1407 39 22 has

665 1445 40 19 not
720 1442 55 22 been
791 1440 133 30 questioned
942 1440 30 28 by
986 1439 39 23 the
1035 1438 127 29 Assembly,
1182 1437 43 22 and

665 1472 38 21 the
714 1471 93 22 Council
825 1471 18 21 is
860 1473 41 19 not
917 1469 87 22 invited
1015 1469 72 21 uuder
1098 1468 38 21 the
1147 1462 44 27 Bill
1204 1470 21 18 to

665 1501 102 29 delegate
775 1508 44 21 any
830 1499 23 23 of
863 1501 30 21 its
908 1506 87 23 powers
1006 1504 24 16 to
1042 1498 37 22 the
1096 1496 127 29 Assembly.

666 1531 35 24 Sir
717 1531 30 23 H.
766 1530 84 24 Nelson
867 1530 49 23 said
935 1530 38 23 the
991 1529 72 23 whole
1079 1527 88 24 trouble
1182 1526 43 23 had

667 1563 71 21 arisen
750 1562 97 27 through
859 1562 39 21 the
908 1560 93 23 Council
1016 1559 96 29 fighting
1123 1558 34 22 for
1167 1565 59 14 some

667 1591 87 23 fancied
782 1591 78 29 rights.
906 1590 48 22 The
978 1589 153 23 Government
1155 1587 72 29 might

667 1622 66 30 bring
750 1622 22 22 in
783 1629 12 15 a
807 1621 44 23 Bill
870 1620 136 29 submitting
1026 1619 38 23 the
1084 1617 94 24 election
1204 1617 23 22 of

668 1653 113 29 delegates
801 1656 24 19 to
845 1652 38 23 the
903 1651 87 30 people,
1011 1650 42 23 but
1070 1650 27 22 he
1113 1649 74 23 would
1201 1648 26 23 be

667 1690 64 21 sorry
747 1685 23 20 to
787 1683 28 21 do
833 1683 51 21 that
894 1682 94 21 because
999 1682 18 21 it
1030 1688 45 14 was
1086 1682 40 19 not
1136 1680 29 28 by
1178 1680 49 21 that

668 1720 75 15 means
756 1713 54 28 they
821 1711 74 23 would
905 1715 37 26 get
953 1711 38 22 the
1008 1710 45 22 real
1070 1710 61 21 voice
1147 1709 23 21 of
1188 1709 39 21 the

667 1744 86 30 people.
785 1743 36 22 He
838 1741 114 31 preferred
968 1744 23 19 to
1007 1741 61 22 leave
1079 1743 40 19 out
1130 1739 38 22 the
1180 1738 47 23 first

668 1775 89 28 portion
768 1774 23 22 of
801 1774 39 21 the
851 1773 43 22 Bill
911 1771 136 29 attogether,
1060 1770 43 22 and
1115 1770 65 21 make
1191 1770 36 21 the

667 1805 96 21 election
781 1812 13 14 a
809 1803 46 22 real
870 1802 175 29 parliamentary
1056 1800 103 22 election.
1191 1799 36 22 He

668 1842 45 14 was
728 1833 111 30 perfectly
849 1833 85 28 willing
944 1835 24 19 to
978 1831 65 21 allow
1055 1830 38 22 the
1103 1829 92 23 Council
1204 1831 23 19 to

667 1864 58 23 elect
743 1867 45 20 two
799 1871 24 15 or
835 1863 62 23 three
912 1862 120 28 delegates,
1045 1860 38 22 the
1094 1859 132 30 Opposition

667 1903 60 15 some
759 1894 83 28 others,
875 1892 44 24 and
950 1893 38 22 the
1012 1891 152 24 Government
1189 1890 38 22 the

668 1926 98 22 balance.
798 1925 23 23 It
832 1924 73 22 would
913 1923 26 23 be
947 1923 88 30 against
1043 1922 38 22 the
1090 1922 105 21 interests
1204 1920 23 22 of

668 1955 142 30 Queensland
827 1955 18 24 if
861 1955 39 23 she
918 1962 57 15 were
992 1955 40 21 not
1046 1950 142 32 represented
1203 1953 24 20 at

668 1989 39 21 the
718 1987 146 23 Convention.
896 1986 66 22 After
973 1992 12 15 a
995 1984 94 29 lengthy
1096 1983 80 22 debate
1188 1982 38 22 the

668 2018 85 21 motion
778 2024 45 14 was
847 2016 93 22 carried.
981 2015 47 22 The
1050 2013 175 29 Appropriation

669 2048 45 23 Bill
724 2048 40 22 has
775 2047 54 23 been
840 2045 86 30 passed.

687 2112 119 27 OTAGO
831 2110 172 28 CENTRAL
1029 2108 179 27 RAILWAY

697 2183 21 21 A
728 2181 98 28 meeting
836 2181 23 22 of
869 2181 39 22 the
923 2180 124 22 Executive
1063 2178 133 23 Committee
1207 2176 22 23 of

671 2211 37 22 the
719 2211 69 22 above
796 2211 87 28 League
891 2217 45 15 was
944 2209 52 22 held
1005 2209 22 21 in
1036 2209 39 21 the
1086 2207 110 22 Chamber
1207 2207 22 20 of

670 2241 133 27 Commerce,
821 2239 112 28 Dunedin,
950 2238 44 23 and
1010 2245 45 15 was
1070 2236 108 24 attended
1200 2235 29 30 by

671 2272 82 22 Messrs
763 2272 27 22 A.
803 2271 113 29 Bathgate
927 2270 140 27 (chairman),
1080 2269 26 22 A.
1120 2268 68 28 Sligo,
1200 2267 26 22 G.

671 2302 23 22 L.
708 2302 132 26 Denniston,
852 2302 27 21 A.
892 2300 24 23 C.
930 2300 118 26 Stronach,
1067 2300 27 21 A.
1108 2298 65 27 Burt,
1185 2298 43 21 and

669 2332 22 23 J.
704 2332 70 27 Jolly,
784 2332 45 28 juu.

698 2362 36 21 Mr
744 2361 76 22 James
830 2361 59 22 Gore
900 2362 69 19 wrote
984 2359 118 29 tendering
1118 2358 34 22 his
1163 2357 55 29 resig-

670 2395 76 19 nation
761 2399 23 14 as
795 2399 13 14 a
823 2390 98 23 member
931 2390 23 22 of
965 2390 38 22 the
1016 2389 86 29 League
1112 2396 24 14 as
1147 2388 27 22 he
1184 2395 45 14 was

670 2430 12 13 a
692 2421 120 22 candidate
822 2421 35 21 for
866 2420 96 22 election
974 2422 22 20 to
1008 2419 143 22 Parliament.

697 2451 47 24 The
755 2451 130 24 Chairman*
897 2449 120 25 intimated
1033 2449 52 24 that
1102 2448 37 24 Mr
1156 2448 73 24 Cahill

670 2483 43 22 had
729 2483 55 22 been
803 2490 54 20 very
874 2482 121 22 successful
1013 2481 22 22 in
1052 2481 118 27 obtaining
1180 2479 36 23 sub-

669 2513 119 29 scriptions
800 2515 22 19 to
834 2512 39 22 the
883 2512 67 21 funds
958 2511 23 22 of
993 2510 37 23 the
1042 2510 95 29 League,
1148 2509 82 29 having

669 2542 108 23 collected
788 2542 69 22 about
867 2543 51 21 £SO.

696 2572 24 22 It
739 2579 45 15 was
811 2571 101 23 resolved
960 2571 60 21 That
1039 2578 13 13 a
1072 2569 95 22 circular
1186 2576 29 14 em-

669 2602 98 30 bodying
785 2602 39 23 the
841 2602 115 29 following
970 2601 116 29 questions
1102 2601 27 21 be
1146 2603 50 19 sent
1207 2602 23 20 to

669 2634 39 22 the
727 2633 132 23 candidates
878 2633 35 22 for
932 2632 139 23 Parliament
1090 2630 140 30 throughout

669 2664 115 29 Otago:—

690 2700 16 19 1.
720 2700 40 19 Are
767 2705 38 17 you
815 2699 21 20 in
845 2698 58 21 favor
915 2698 22 20 of
946 2698 36 20 the
995 2698 94 24 vigorous
1102 2697 127 24 prosecution

668 2724 22 19 of
697 2724 36 19 the
741 2724 65 23 Otago
815 2723 82 20 Central
908 2723 92 24 Railway
1006 2724 8 18 ?

690 2749 15 19 2.
721 2748 24 19 In
754 2754 50 17 your
812 2748 89 23 opinion,
912 2747 17 19 is
942 2747 35 20 the
991 2752 45 14 sum
1050 2747 21 19 of
1087 2746 82 23 £30,000
1183 2745 37 20 allo-

668 2772 58 20 cated
735 2773 21 19 to
765 2772 42 19 this
816 2772 83 22 railway
908 2778 11 13 a
928 2771 101 19 sufficient
1038 2769 151 25 appropriation
1200 2769 29 19 for

669 2797 42 20 this
719 2797 113 23 important
845 2796 56 20 work
915 2797 36 19 out
963 2796 21 20 of
998 2795 35 21 the
1049 2795 111 23 £1,000,001)
1176 2794 52 23 loan,

669 2822 105 23 especially
784 2822 20 19 in
814 2822 51 19 view
877 2821 21 20 of
911 2820 35 20 the
961 2820 42 20 fact
1017 2820 47 19 that
1073 2826 11 13 a
1092 2818 137 21 considerable

669 2851 45 14 sum
723 2846 35 19 has
767 2845 50 19 been
826 2845 105 21 expended
939 2846 36 17 out
984 2844 21 19 of
1013 2844 35 19 the
1057 2845 46 18 vote
1109 2846 7 17 ?

691 2870 17 19 3.
721 2869 75 19 Would
808 2875 39 16 you
857 2869 24 18 be
895 2869 20 18 in
930 2869 58 18 favor
1000 2868 21 19 of
1035 2868 102 21 diverting
1151 2867 45 22 part
1209 2866 20 20 of

670 2892 36 19 the
715 2898 81 16 moneys
805 2893 21 17 to
835 2892 24 18 be
868 2891 86 19 devoted
968 2892 36 17 out
1018 2891 21 18 of
1052 2891 35 18 the
1101 2891 46 18 loan
1158 2892 23 17 to
1194 2890 35 19 the

669 2915 143 23 development
826 2914 21 19 of
859 2909 104 28 goldfields
974 2915 21 18 to
1009 2914 35 19 the
1058 2913 138 20 construction
1209 2913 20 18 of

670 2939 41 20 this
732 2938 89 24 railway,
838 2938 67 23 seeing
920 2937 47 20 that
984 2938 26 19 its
1026 2937 106 20 extension
1149 2936 42 20 will
1207 2942 21 13 so

670 2963 115 22 materially
798 2962 33 20 aid
844 2963 21 18 in
878 2961 118 24 developing
1010 2968 11 12 a
1036 2961 20 19 la
1057 2968 8 7 r
1066 2968 23 16 ge
1097 2966 47 14 area
1157 2960 22 19 of
1193 2959 35 20 the

669 2988 65 23 Otago
742 2986 105 25 goldfields
852 2988 8 16 ?

698 3018 37 21 Mr
755 3017 77 23 Jolly
858 3015 167 23 moved—That
1043 3015 38 22 the
1104 3013 124 23 Executive

669 3048 23 22 of
702 3048 39 21 the
753 3047 72 29 Otago
836 3046 90 23 Central
938 3046 102 26 Railway
1051 3045 95 29 League,
1162 3044 65 22 while

669 3077 186 29 acknowledging
879 3077 51 22 that
954 3076 95 27 £30,000
1073 3075 73 22 would
1172 3074 55 22 have

669 3108 56 22 been
737 3115 12 14 a
760 3107 43 23 fair
821 3107 129 30 proportion
967 3109 40 19 out
1017 3106 23 22 of
1057 3105 39 23 the
1106 3105 89 29 surplus
1205 3104 22 22 of

671 3138 109 26 £215,558
791 3145 24 14 as
831 3137 76 22 shown
925 3137 23 22 in
965 3137 39 22 the
1022 3135 115 23 Financial
1154 3135 60 22 State-

670 3170 69 25 ment,
752 3167 112 23 considers
875 3167 51 22 that
937 3173 23 16 as
971 3166 38 23 the
1019 3166 152 23 Government
1182 3164 42 23 had

669 3198 47 22 also
727 3197 38 23 the
783 3197 132 28 £1,000,000
932 3197 49 21 loan
998 3198 24 20 at
1032 3196 59 22 their
1101 3195 97 29 disposal
1214 3202 12 15 a

670 3236 62 23 gross
742 3227 44 24 and
804 3227 180 24 unwarrantable
1002 3226 104 30 injustice
1122 3226 38 22 has
1171 3225 54 23 been

670 3258 132 25 committed
813 3259 29 29 by
853 3258 39 23 the
909 3258 153 23 Government
1073 3257 97 23 towards
1181 3257 45 22 this

670 3291 58 25 line;
753 3290 52 25 and,
830 3290 96 25 further,
958 3289 52 21 that
1040 3288 38 22 the
1102 3288 124 21 Executive

670 3324 85 25 regrets
767 3320 50 22 that
828 3326 66 23 many
905 3319 22 22 of
944 3326 41 14 our
1000 3318 188 29 representatives
1203 3317 21 21 in

671 3350 136 22 Parliament
817 3349 56 22 have
883 3352 41 19 not
932 3353 41 25 put
981 3349 60 22 forth
1052 3350 88 28 greater
1149 3347 77 23 efforts

669 3388 27 15 ou
708 3380 76 23 behalf
794 3380 23 22 of
833 3379 45 23 this
896 3380 99 28 railway,
1007 3378 44 23 and
1069 3378 74 23 would
1154 3378 72 22 direct

671 3411 37 22 the
719 3410 112 23 attention
843 3410 22 22 of
882 3410 37 22 the
936 3410 72 29 Otago
1019 3408 172 24 constituencies
1202 3410 23 21 to

670 3441 45 23 this
725 3444 59 20 most
794 3441 124 30 important
933 3439 152 30 undertaking
1096 3439 80 29 during
1187 3439 38 22 the

669 3472 151 28 forthcoming
968 3471 74 21 —The
1071 3471 83 20 motion
1179 3477 45 14 was

669 3501 109 23 seconded
803 3501 30 29 by
852 3500 38 23 Mr
909 3500 137 23 Denniston
1070 3500 43 23 and
1138 3498 85 24 carried

669 3532 162 27 unanimously.

745 3592 26 25 A
789 3591 157 30 QUAKER
963 3590 184 26 WEDDING.

696 3652 90 29 Quaker
797 3652 115 30 weddings
922 3660 37 16 are
969 3652 43 24 few
1019 3652 42 23 and
1072 3652 34 23 far
1114 3651 106 24 between.

668 3684 58 29 Only
737 3684 64 22 three
812 3684 56 22 have
885 3683 56 23 been
957 3683 131 23 solemnised
1099 3683 22 23 in
1133 3682 89 30 Sydney

669 3715 21 21 in
701 3714 70 22 about
786 3717 39 19 ten
842 3721 71 22 years.
952 3714 47 22 The
1009 3714 76 22 fourth
1097 3713 53 22 took
1161 3713 62 28 place

667 3747 24 19 at
709 3744 39 22 the
765 3743 101 23 Friends'
883 3744 186 29 Meeting-house,
1086 3743 136 22 Devonshire

667 3777 78 25 street,
771 3774 65 22 when
861 3774 126 28 (according
1017 3776 23 20 to
1070 3774 37 21 the
1132 3772 90 30 Sydney

669 3804 81 30 'Daily
775 3804 124 29 Telegraph
907 3804 5 10 5
914 3805 7 27 )
945 3804 96 22 Thomas
1067 3803 107 28 Wardell,
1201 3804 21 21 of

668 3835 55 21 New
743 3835 105 26 Zealand,
869 3842 13 14 a
902 3834 97 22 member
1014 3835 22 21 of
1055 3842 28 14 an
1098 3833 124 23 influential

667 3864 84 21 Dublin
771 3863 91 28 Quaker
881 3864 85 28 family,
984 3863 52 22 took
1052 3865 24 20 to
1092 3863 50 22 wife
1158 3863 63 22 Ellen

667 3893 115 24 Susannah
794 3893 84 28 Neave,
890 3893 111 29 daughter
1015 3893 23 23 of
1052 3893 83 29 Joseph
1147 3892 75 24 James

667 3924 84 27 Neave,
772 3924 22 22 of
819 3924 139 23 Northwood
978 3925 21 26 (a
1019 3924 101 22 minister
1140 3923 22 23 of
1184 3924 38 22 the

667 3955 90 28 Society
767 3955 23 22 of
807 3954 93 23 Friends
918 3955 22 22 in
956 3953 99 31 Sydney)
1065 3954 44 23 and
1120 3954 23 23 of
1159 3954 63 22 Ellen

667 3984 64 23 Clara
740 3984 83 23 Neave.
850 3986 20 21 A
881 3985 108 29 marriage
999 3992 80 22 among
1087 3985 38 22 the
1133 3984 89 30 Society

667 4015 23 22 of
699 4014 94 24 Friends
810 4016 19 21 is
846 4023 13 14 a
876 4016 90 29 strictly
980 4016 105 29 religious
1095 4022 125 22 ceremony,

667 4054 24 15 or
710 4046 77 24 rather
806 4054 12 16 a
838 4046 97 31 meeting
959 4046 82 31 simply
1061 4046 34 24 for
1114 4046 105 31 worship.

667 4078 122 28 Ceremony
809 4078 62 21 there
891 4079 18 20 is
929 4085 71 18 none;
1024 4078 52 25 and,
1099 4085 121 18 moreover,

666 4106 63 23 there
749 4107 18 22 is
787 4114 28 15 no
834 4106 122 29 officiating
972 4106 170 23 minister—the
1158 4106 64 23 bride

665 4136 43 22 and
719 4136 140 29 bridegroom
874 4138 99 28 actually
984 4145 75 20 marry
1070 4137 53 22 each
1134 4136 71 22 other.

692 4167 32 22 As
738 4167 19 22 is
768 4167 39 22 the
817 4169 94 25 custom,
925 4167 38 22 the
980 4167 142 28 bridegroom
1133 4165 87 23 arrived

665 4196 56 29 first,
740 4197 44 22 and
801 4197 37 23 the
858 4199 83 27 guests,
953 4197 23 23 of
992 4197 73 22 whom
1083 4197 64 22 there
1164 4203 58 16 were

664 4227 69 24 about
751 4228 45 28 100,
816 4235 60 16 more
892 4228 55 23 than
965 4227 61 23 filled
1046 4228 39 22 the
1102 4230 105 26 unpreten-

665 4258 58 22 tious
740 4258 184 29 meeting-house.
963 4258 92 29 Having
1071 4258 69 22 taken
1151 4265 13 13 a
1174 4259 48 19 seat

664 4291 24 19 at
698 4296 13 14 a
721 4289 64 21 small
796 4288 60 22 table
866 4289 74 28 facing
951 4288 39 22 the
1005 4291 83 26 guests,
1101 4287 27 22 he
1139 4287 81 22 waited

664 4326 12 14 a
695 4318 43 23 few
758 4318 103 23 minutes.
893 4318 63 23 Then
977 4318 38 23 the
1034 4318 65 22 bride
1119 4325 60 15 came
1199 4317 23 22 in

664 4348 156 30 accompanied
836 4348 30 30 by
883 4349 40 22 her
938 4348 96 27 mother,
1049 4348 112 27 brothers,
1179 4347 41 22 and

664 4379 154 28 bridesmaids,
831 4379 22 23 of
864 4379 71 22 whom
944 4379 64 22 there
1016 4386 58 15 were
1083 4378 71 26 three,
1167 4378 55 21 Miss

664 4409 96 23 Pearson
769 4417 23 15 as
800 4409 67 28 chief,
875 4409 44 23 and
926 4409 81 23 Aldith
1017 4409 43 22 and
1069 4409 66 21 Viola
1144 4408 78 27 Quaife

664 4440 130 30 (daughters
805 4440 23 23 of
838 4440 33 22 Dr
881 4439 96 28 Quaife).
1009 4439 47 22 The
1067 4439 63 22 bride
1141 4445 58 15 wore
1211 4445 11 14 a

664 4470 47 23 rich
735 4470 70 23 white
838 4470 59 22 satin
930 4470 69 26 dress,
1034 4468 105 23 trimmed
1166 4467 56 23 with

664 4501 101 22 Brusseh
784 4501 55 25 lace,
860 4499 94 23 covered
973 4499 55 21 with
1045 4506 12 14 a
1076 4498 73 21 bridal
1170 4498 51 24 veil,

664 4531 43 21 and
732 4529 147 23 surmounted
909 4529 56 21 with
996 4534 82 21 orange
1108 4527 114 25 blossoms,

666 4560 64 21 while
750 4560 39 21 she
809 4559 86 22 carried
915 4566 13 13 a
947 4557 112 21 beautiful
1083 4556 99 26 bouquet
1202 4556 22 19 of

665 4590 68 21 white
744 4588 93 21 flowerß.
869 4587 66 21 After
946 4586 39 21 the
993 4585 63 22 bride
1067 4583 44 23 had
1122 4584 55 22 been
1189 4583 33 22 led

666 4621 23 19 to
700 4618 39 22 her
754 4618 63 28 place
827 4624 28 14 on
866 4616 39 22 the
923 4614 159 29 bridegroom's
1098 4613 42 22 left
1156 4612 66 28 hand,

667 4649 38 21 her
720 4648 75 22 father
810 4654 48 15 rose
874 4645 44 23 and
934 4652 55 22 gave
1005 4653 12 13 a
1039 4644 63 22 short
1124 4643 99 29 address,

666 4679 104 27 pointing
794 4680 40 19 out
859 4677 39 21 the
922 4675 75 22 duties
1020 4674 122 22 connected
1168 4675 56 22 with

668 4708 38 21 the
722 4707 52 27 holy
792 4709 72 18 estate
885 4705 72 21 which
975 4705 38 20 the
1030 4705 49 27 pair
1090 4711 56 15 were
1156 4705 69 21 about

669 4739 22 20 to
713 4738 70 19 enter.
829 4734 87 23 Silence
940 4733 103 22 followed
1068 4733 34 22 for
1125 4741 14 14 a
1162 4734 63 22 short

669 4773 71 20 space.
779 4765 63 21 Then
860 4764 63 21 bride
940 4764 44 21 and
1003 4763 139 29 bridegroom
1159 4764 63 22 stood

670 4802 36 21 up,
720 4794 44 22 and
775 4794 38 22 the
824 4793 76 26 latter,
914 4793 79 29 taking
1010 4793 38 23 the
1065 4793 63 23 bride
1139 4793 29 30 by
1186 4794 38 22 the

669 4825 68 26 hand,
768 4823 64 24 said:
893 4822 101 27 Friends,
1029 4823 12 23 I
1074 4823 54 23 take
1161 4824 63 23 Ellen

670 4854 116 22 Susannah
797 4853 84 27 Neave,
893 4853 73 21 whom
984 4853 11 21 I
1012 4860 50 15 now
1077 4853 53 22 hold
1147 4854 30 28 by
1187 4855 38 21 the

671 4883 68 29 hand,
752 4886 23 21 to
785 4882 27 24 be
827 4889 38 23 my
876 4882 52 24 wife
939 4891 5 19 ;
960 4882 44 24 and
1019 4882 12 24 I
1048 4884 96 29 promise
1160 4887 24 21 to
1199 4884 26 24 be

671 4917 54 19 unto
745 4915 40 21 her
805 4922 12 14 a
841 4914 76 29 loving
938 4914 45 22 and
1007 4914 92 22 faithful
1124 4915 101 23 husband

672 4944 57 20 until
740 4943 68 21 death
818 4943 58 21 shall
882 4947 102 24 separate
1071 4943 153 30 Substituting

835 4972 35 21 for
887 4973 15 11 '•
996 4972 43 22 and
1057 4973 111 29 changing
1188 4974 36 21 the

671 5010 72 21 name,
774 5002 38 23 the
835 5002 63 23 bride
929 5002 105 31 repeated
1059 5003 39 24 the
1122 5004 101 23 formula.

672 5034 63 22 Seats
746 5040 57 16 were
813 5034 110 26 resumed,
935 5034 43 22 and
994 5042 14 14 a
1017 5034 89 23 further
1116 5035 76 28 period
1203 5035 23 23 of

671 5063 81 23 silence
780 5063 90 23 ensued.
915 5063 62 23 Next
1001 5065 38 22 the
1064 5066 94 28 register
1181 5072 45 15 was

672 5093 77 29 signed
759 5094 23 22 in
792 5094 58 29 legal
860 5094 65 28 form,
944 5094 43 23 and
1006 5094 53 23 then
1070 5095 39 22 the
1119 5096 107 29 registrar

672 5124 52 23 read
735 5131 12 16 a
758 5124 131 30 parchment
904 5124 66 23 scroll
985 5132 25 15 or
1024 5128 117 26 covenant,
1154 5126 72 23 which

672 5162 23 14 as
712 5162 66 21 many
796 5155 23 22 of
838 5155 39 23 the
897 5154 93 24 Friends
1010 5162 23 16 as
1053 5155 96 30 possible
1168 5163 58 16 were

672 5184 68 23 asked
758 5187 23 20 to
797 5185 55 29 sign.
884 5185 86 23 Silence
987 5187 66 28 again
1070 5186 91 28 ensued,
1179 5194 35 15 ruc-

684 5214 68 23 eeded
771 5215 29 29 by
818 5216 63 22 vocal
900 5223 81 23 prayer
1001 5216 29 30 by
1046 5216 84 30 Joseph
1149 5217 77 23 James

673 5244 82 29 Neave,
773 5246 49 22 who
838 5246 103 24 followed
959 5246 56 24 with
1034 5255 13 15 a
1065 5247 81 23 second
1164 5247 63 24 short

673 5275 97 23 address.
810 5277 63 23 Alice
893 5277 89 28 Pearce,
1001 5286 13 14 a
1033 5286 86 15 woman
1144 5278 82 23 Friend

672 5305 58 23 from
740 5305 95 29 Hobart,
846 5307 100 23 likewise
964 5315 56 22 gave
1030 5316 13 14 a
1053 5308 58 23 brief
1126 5308 99 28 address,

671 5335 45 24 and
740 5343 12 15 a
775 5336 88 24 further
892 5340 56 21 term
978 5338 23 23 of
1029 5338 82 24 silence
1135 5339 89 23 ensued.

672 5366 89 29 Finally
780 5367 38 23 the
838 5368 100 24 minister
963 5369 43 23 and
1030 5369 107 30 registrar
1156 5370 70 23 shook

673 5395 78 29 hands,
771 5396 44 23 and
834 5397 38 23 the
893 5397 103 31 wedding
1015 5406 45 16 was
1079 5406 60 17 over.
1179 5400 48 23 The

673 5426 71 22 whole
754 5427 82 22 service
846 5428 72 23 lasted
933 5428 70 24 about
1012 5437 28 15 an
1051 5430 62 23 hour.

701 5456 37 21 Mr
757 5456 100 23 Wardell
876 5458 19 21 is
914 5466 12 13 a
945 5459 98 22 member
1062 5461 23 21 of
1108 5460 39 22 the
1167 5461 48 22 well-

673 5486 82 22 known
771 5486 49 22 firm
838 5487 22 23 of
877 5487 101 24 Wardell
994 5489 62 23 Bros,
1075 5490 44 23 and
1137 5490 48 29 Co.,
1204 5491 23 23 of

674 5516 145 29 Wellington,
830 5517 168 28 Christchurch,
1008 5521 44 22 and
1062 5520 112 25 Dunedin.

1420 137 96 26 MAIL
1534 137 111 26 NEWS.

1279 212 110 22 American
1399 212 45 22 files
1460 212 70 21 record
1545 219 56 14 some
1615 211 22 21 of
1653 210 37 22 the
1704 211 55 21 most
1773 211 30 20 ter-

1255 241 51 21 rible
1315 241 100 21 disasters
1429 239 27 27 by
1466 239 54 22 flood
1535 239 41 21 and
1592 239 47 21 fires
1653 239 49 21 that
1716 238 52 21 have
1782 245 21 14 oc-

1255 268 73 21 curred
1338 269 21 19 in
1369 274 62 20 many
1441 274 68 20 years.
1537 267 66 25 Kobe,
1613 267 77 26 Japan,
1702 266 33 21 led
1745 266 29 20 off
1787 272 27 14 on

1255 297 83 24 August
1347 295 25 21 26
1382 296 51 19 with
1442 302 13 14 a
1469 295 154 25 conflagration,
1641 293 71 24 floods,
1730 295 82 21 storms,

1255 322 41 21 and
1305 322 146 25 earthquakes,
1462 321 106 26 involving
1576 321 37 21 the
1623 321 40 20 loss
1673 320 22 21 of
1709 319 105 21 hundreds

1255 349 22 21 of
1286 349 52 21 lives
1346 349 43 21 and
1403 349 92 21 millions
1510 348 22 21 of
1550 354 83 20 money.
1667 347 24 21 In
1707 347 107 21 Northern

1255 377 69 26 Japan
1342 377 37 21 the
1397 376 88 21 disaster
1503 376 18 20 is
1545 374 167 27 unprecedented
1735 375 21 19 in
1778 374 37 20 the

1255 405 81 25 history
1354 403 22 21 of
1394 403 37 21 the
1444 402 102 22 Mikado's
1562 402 122 21 dominions.
1720 401 25 21 In
1763 401 51 21 Gifu

1255 431 121 21 Prefecture
1385 430 59 25 4,300
1453 431 71 19 homes
1540 436 53 14 were
1607 429 69 19 blown
1691 428 67 22 down,
1773 428 42 20 and

1255 458 61 27 along
1324 457 37 22 the
1369 457 121 27 Kaajigawa
1501 457 61 21 River
1569 455 37 23 400
1616 462 84 21 persons
1709 454 42 22 lost
1760 454 55 21 their

1255 487 57 21 lives.
1340 486 45 21 The
1394 486 91 21 severest
1498 486 77 20 storms
1584 483 97 22 occurred
1696 490 27 14 on
1733 483 82 26 August

1255 514 31 21 30.
1314 514 68 25 Along
1390 513 37 20 the
1437 513 127 24 Isatsugawa
1570 511 130 25 eighty-four
1705 511 51 19 lives
1763 516 52 14 were

1255 541 47 19 lest.
1331 541 30 19 At
1376 539 65 24 Kobe,
1457 539 57 19 after
1528 538 36 20 fire
1578 537 43 19 had
1636 536 123 20 devastated
1778 536 37 19 the

1255 568 50 25 city,
1337 566 57 26 forty
1425 565 73 27 people
1528 570 53 15 were
1611 565 66 24 swept
1707 564 23 19 to
1760 562 55 21 their

1255 594 64 23 death
1350 593 27 27 by
1408 592 61 22 flood.
1510 592 25 21 In
1562 591 37 21 the
1626 591 60 21 other
1708 590 107 25 provinces

1255 623 37 21 the
1301 622 41 21 loss
1352 620 21 22 of
1382 620 38 21 life
1434 620 87 21 reached
1536 619 65 25 2,500.
1629 619 45 21 The
1688 619 59 25 great
1761 617 54 21 flood

1255 657 41 14 was
1306 648 100 27 preceded
1422 648 27 26 by
1459 654 27 14 an
1496 647 128 26 earthquake
1632 653 6 18 ;
1651 647 52 19 then
1717 645 98 21 followed

1255 684 12 13 a
1284 676 114 25 downpour
1415 674 51 21 such
1483 681 24 13 as
1524 680 42 14 was
1584 680 62 13 never
1664 673 71 19 before
1754 679 48 18 expe-

1255 702 81 23 rienced
1346 709 27 14 on
1382 702 36 21 the
1428 700 74 22 island.
1529 700 46 21 The
1589 700 110 26 European
1713 699 102 21 residents

1255 738 53 15 were
1317 729 167 29 panic-stricken,
1501 728 41 21 and
1558 728 76 26 sought
1650 727 36 22 the
1702 727 78 22 shelter
1794 726 21 21 of

1256 760 111 22 Staunton,
1378 758 21 20 in
1409 758 36 20 the
1459 756 140 21 Shenandoah
1609 756 83 26 Valley.
1721 755 94 26 Virginia

1256 793 40 14 was
1306 785 76 21 visited
1391 784 27 26 by
1428 791 12 14 a
1450 784 53 20 flood
1514 784 21 19 in
1545 783 66 20 which
1622 789 62 19 many
1695 782 51 21 lives
1762 789 53 13 were

1255 814 41 20 lost
1314 812 41 22 and
1373 812 62 21 much
1456 812 98 25 property
1572 809 119 27 destroyed.
1728 810 31 21 On
1778 809 37 21 the

1255 848 56 14 same
1321 840 49 21 date
1379 847 12 14 a
1400 845 70 15 severe
1479 838 110 21 hurricane
1598 837 71 21 struck
1686 836 35 22 the
1736 837 42 26 city
1794 837 21 20 of

1256 869 114 21 Baltimore
1383 866 41 22 and
1441 865 122 27 submerged
1577 865 38 21 the
1628 864 100 21 northern
1742 866 60 19 water-

1255 896 64 20 front.
1347 894 85 21 Vessels
1441 900 53 13 were
1503 893 73 20 driven
1585 892 54 21 from
1651 892 37 20 the
1703 892 75 20 harbor
1787 899 28 18 up

1255 925 22 19 to
1286 923 37 20 the
1339 921 78 21 middle
1432 921 23 20 of
1469 921 61 20 Pratt
1544 921 72 19 street.
1653 920 33 19 On
1704 918 37 21 the
1759 925 56 14 same

1255 951 49 20 date
1313 956 12 14 a
1335 956 21 19 cj
1361 948 66 22 clonic
1436 949 64 19 storm
1510 946 75 21 visited
1595 947 118 24 Lancaster,
1729 945 71 22 Shama-

1255 977 50 25 kiro,
1317 975 152 25 Philadelphia,
1486 974 160 26 Pennsylvania,
1663 973 42 21 and
1721 979 56 14 some
1793 972 22 21 of

1256 1005 36 21 the
1314 1005 66 20 towns
1402 1002 23 22 of
1450 1003 52 20 New
1528 1001 74 27 Jersey
1625 1001 23 20 in
1674 1000 36 21 the
1728 1000 86 26 vicinity

1255 1032 21 20 of
1295 1032 118 20 Lancaster.
1447 1029 44 21 The
1508 1029 87 25 damage
1610 1028 43 20 will
1670 1028 65 26 easily
1754 1028 61 19 reach

1255 1065 12 15 a
1293 1058 80 21 million
1400 1056 83 22 dollars.
1527 1056 33 20 On
1591 1055 37 20 the
1660 1054 32 21 Ist
1725 1054 90 21 October

1255 1087 37 21 the
1301 1086 93 25 thriving
1410 1087 57 18 town
1485 1083 22 21 of
1525 1082 67 22 Cedar
1608 1082 65 27 Keys,
1684 1082 23 20 in
1723 1081 89 26 Florida,

1256 1120 41 15 was
1315 1111 152 24 overwhelmed
1485 1111 27 27 by
1535 1118 13 14 a
1569 1110 53 22 tidal
1645 1116 62 15 wave.
1736 1109 79 21 Homes

1256 1149 53 14 were
1318 1142 66 25 swept
1399 1147 59 18 away
1474 1139 41 21 and
1530 1146 67 14 scores
1615 1138 21 21 of
1654 1137 73 28 people
1742 1137 71 21 burled

1255 1168 90 21 beneath
1363 1168 36 20 the
1417 1167 57 24 mud,
1494 1166 62 20 while
1573 1172 63 19 many
1654 1165 161 26 sponge-fishing

1256 1195 76 22 vessels
1342 1194 121 21 foundered.
1492 1193 33 21 On
1543 1193 36 21 the
1597 1199 57 14 same
1671 1191 50 21 date
1736 1193 47 24 part
1792 1191 23 21 of

1256 1224 37 19 the
1303 1224 54 19 town
1368 1222 22 20 of
1399 1222 89 23 Benum,
1500 1221 94 22 Arizona,
1606 1226 42 14 was
1663 1219 112 25 destroyed
1785 1218 28 25 by

1256 1249 59 21 flood.
1343 1248 20 21 A
1373 1248 48 21 wall
1434 1248 22 20 of
1472 1249 64 19 water
1554 1248 22 20 at
1594 1247 54 20 least
1665 1246 75 20 twelve
1756 1245 59 21 miles

1256 1278 47 25 long
1314 1283 41 14 was
1364 1275 78 28 pjured
1453 1276 45 20 into
1507 1275 37 21 the
1552 1275 42 20 San
1604 1273 66 22 Fedro
1681 1274 69 20 River.

1281 1305 33 20 Sir
1328 1303 89 20 Michiel
1433 1302 150 23 Hicks-Beach,
1600 1301 123 21 Chancellor
1736 1301 23 19 of
1778 1301 37 19 the

1258 1330 127 26 Exchequer,
1396 1329 99 26 speaking
1509 1330 22 18 at
1547 1328 127 25 Darlington
1689 1334 27 13 on
1726 1327 89 20 October

1256 1357 30 25 13,
1306 1356 95 22 dcc'ar.'d
1419 1356 48 21 that
1484 1355 37 21 the
1538 1354 71 21 actual
1627 1354 90 27 position
1735 1353 22 21 of
1779 1353 36 21 the

1257 1386 81 21 Powers
1348 1384 51 22 with
1409 1383 73 27 regard
1492 1384 22 21 to
1523 1382 38 22 the
1570 1383 90 21 Eastern
1669 1382 97 27 question
1773 1388 42 15 was

1256 1414 49 20 that
1314 1413 82 24 Russia,
1408 1412 92 24 Austria,
1512 1410 42 21 and
1569 1411 106 25 Germany
1686 1416 53 14 were
1749 1410 54 20 deter-

1256 1440 77 25 mined,
1339 1440 50 20 with
1396 1445 12 15 a
1414 1440 52 19 view
1474 1440 22 19 to
1504 1438 118 26 preserving
1629 1438 109 26 European
1745 1443 68 19 peace,

1256 1469 23 18 to
1286 1468 66 19 retain
1361 1467 107 20 thestatus
1475 1473 40 17 quo
1523 1466 20 19 in
1550 1465 90 24 Turkey.
1656 1464 101 21 Tbathad
1765 1464 52 19 been

1258 1492 112 28 England's
1397 1492 121 21 traditional
1541 1491 75 27 policy,
1641 1497 41 19 any
1705 1490 112 26 departure

1257 1521 53 22 from
1321 1520 67 22 which
1404 1520 67 22 would
1486 1520 56 21 meet
1555 1518 51 22 with
1620 1518 68 22 active
1704 1518 113 21 resistance

1257 1550 27 26 by
1295 1550 36 20 the
1341 1549 89 21 Powers.
1458 1549 30 20 At
1498 1548 37 20 the
1551 1554 57 14 same
1623 1548 51 19 time
1683 1546 94 21 absolute
1787 1546 20 21 in-

1257 1577 69 20 action
1344 1583 41 13 was
1404 1582 56 13 more
1477 1575 116 25 dangerous
1611 1575 22 18 to
1655 1574 37 19 the
1714 1579 62 19 peace
1795 1572 22 20 of

1258 1605 82 25 Europe
1355 1603 52 21 than
1423 1602 69 21 would
1507 1601 24 21 be
1547 1600 73 21 united
1635 1600 138 21 interference
1789 1599 27 26 by

1258 1631 37 22 the
1309 1632 81 20 Fowers
1406 1632 23 19 to
1446 1629 80 27 compel
1543 1628 91 22 Turkish
1652 1628 83 21 reform.
1764 1628 39 25 Eng-

1259 1659 65 22 land's
1339 1660 83 26 present
1438 1658 75 27 policy,
1525 1657 36 21 the
1577 1656 124 22 Chancellor
1716 1655 99 26 affirmed,

1259 1694 41 14 was
1314 1689 22 18 to
1345 1692 71 15 secure
1425 1687 37 19 the
1471 1686 86 20 consent
1572 1684 22 20 of
1607 1684 37 20 the
1653 1685 83 19 Powers
1752 1685 22 18 to
1787 1683 20 20 in-

1259 1715 38 19 sist
1306 1720 56 20 upon
1371 1713 84 21 reform.
1484 1712 32 20 He
1530 1711 93 21 asserted
1640 1712 54 19 most
1703 1710 102 24 emphatic-

1259 1742 42 26 ally
1312 1743 47 19 that
1368 1741 37 21 the
1415 1741 142 21 Government
1571 1739 36 21 did
1623 1740 37 19 not
1675 1738 66 21 desire
1753 1738 22 20 to
1784 1737 33 21 act

1259 1770 59 20 alone
1336 1776 23 14 or
1376 1770 23 20 to
1414 1768 72 22 obtain
1503 1774 41 19 any
1563 1766 76 27 special
1654 1766 117 25 advantage
1785 1765 32 21 for

1259 1796 102 26 England.

1322 1845 152 27 SUICIDE
1493 1845 45 26 OF
1557 1845 25 25 A
1603 1843 148 27 MEDICO.

1439 1918 164 24 GISBORNE,
1618 1918 136 23 November
1768 1918 13 21 3.

1287 1951 46 23 The
1353 1950 85 23 sudden
1463 1950 69 22 death
1552 1949 23 22 of
1595 1948 32 23 l)r
1651 1948 26 23 G.
1704 1947 24 23 F.
1751 1947 67 22 Innes

1259 1982 80 22 caused
1360 1990 12 14 a
1399 1983 64 27 great
1482 1980 113 22 sensation
1616 1978 140 29 throughout
1780 1978 38 22 the

1259 2013 97 25 district,
1379 2013 74 20 where
1477 2011 27 21 lie
1524 2018 15 14 w
1539 2007 4 31 r
1545 2018 24 14 as
1589 2009 88 29 greatly
1697 2007 119 23 esteemed.

1259 2042 89 23 Painful
1371 2041 173 22 circumstances
1564 2038 123 24 connected
1706 2037 58 23 with
1784 2037 34 23 his

1259 2073 82 21 demise
1352 2072 57 22 have
1419 2079 61 14 come
1489 2074 23 19 to
1523 2070 65 29 light.
1607 2069 31 22 Dr
1649 2069 67 22 Innes
1722 2068 96 23 suHered

1260 2103 55 21 from
1326 2102 100 28 epilepsy
1444 2101 44 21 and
1504 2100 100 28 Bright's
1619 2099 94 26 disease,
1725 2098 44 21 and
1780 2098 38 22 the

1261 2133 42 22 last
1320 2132 43 22 few
1381 2138 65 22 years
1463 2130 39 22 has
1519 2129 55 23 been
1593 2128 87 31 greatly
1698 2127 86 23 broken
1795 2127 23 23 in

1261 2163 82 23 health.
1375 2162 42 23 His
1434 2161 51 23 wife
1501 2161 47 22 also
1567 2167 45 16 was
1629 2167 28 15 an
1668 2159 94 28 invalid,
1774 2158 44 23 and

1260 2193 119 30 yesterday
1390 2193 117 21 afternoon
1525 2191 33 22 Dr
1575 2190 53 23 Cole
1647 2197 44 15 was
1702 2189 116 22 consulted

1261 2232 22 14 as
1301 2226 23 19 to
1344 2223 39 21 her
1399 2221 44 22 aud
1459 2221 92 21 advised
1569 2220 40 22 her
1625 2219 98 22 removal
1741 2221 23 20 to
1781 2219 37 21 the

1261 2253 102 31 hospital.
1396 2252 32 22 l)r
1438 2251 67 23 Innes
1520 2249 88 25 seemed
1619 2249 89 30 greatly
1719 2251 66 28 up3ct
1793 2251 25 20 at

1261 2285 33 22 his
1318 2284 70 23 wife's
1416 2282 121 27 condition,
1564 2281 45 22 and
1637 2280 116 23 doubtless
1779 2279 39 22 her

1261 2314 96 23 removal
1377 2313 44 22 and
1438 2313 33 21 his
1489 2319 49 15 own
1558 2311 113 22 ill-health
1692 2312 60 20 must
1762 2310 56 21 have

1261 2344 93 22 affected
1365 2344 34 22 his
1410 2342 68 27 mind,
1489 2342 34 22 for
1531 2341 65 23 when
1607 2340 32 22 Dr
1650 2340 53 22 Cole
1711 2339 107 23 returned

1262 2379 22 18 to
1301 2375 35 22 his
1355 2374 68 22 house
1443 2380 12 15 a
1471 2372 65 22 short
1552 2371 55 23 time
1621 2370 70 27 after,
1705 2369 32 23 Dr
1752 2369 66 22 Innes

1261 2404 108 23 informed
1381 2404 46 21 him
1445 2403 51 22 that
1506 2402 28 22 he
1544 2401 44 22 had
1600 2401 68 22 taken
1679 2400 137 28 strychnine.

1263 2435 29 23 Dr
1303 2435 53 23 Cole
1372 2434 53 22 took
1443 2435 91 28 prompt
1545 2431 141 29 reactionary
1697 2437 120 20 measures,

1262 2467 40 22 but
1319 2466 32 22 Dr
1366 2465 67 23 Innes
1450 2463 52 24 died
1513 2464 23 22 in
1551 2462 142 24 convulsions
1709 2461 80 23 within
1805 2468 13 15 a

1261 2498 42 20 few
1318 2500 116 17 moments.

1289 2526 35 22 An
1344 2526 89 28 inquest
1452 2531 45 15 was
1525 2523 52 22 held
1604 2522 60 27 here,
1686 2521 75 23 before
1781 2521 38 22 Mr

1263 2557 78 25 Booth,
1361 2555 67 27 S.M.,
1447 2555 46 21 this
1509 2554 109 28 morning.
1656 2552 33 23 Dr
1699 2552 52 22 Cole
1762 2559 56 21 gave

1261 2586 105 23 evidence
1386 2585 51 23 that
1452 2583 77 24 whilst
1546 2582 176 30 accompanying
1739 2588 27 15 an
1787 2581 22 21 in-

1261 2616 64 30 jured
1341 2624 50 15 man
1402 2618 24 21 to
1443 2615 39 23 the
1499 2614 98 30 hospital
1613 2614 28 22 he
1657 2612 71 23 called
1745 2615 25 20 at
1788 2611 31 23 Dr

1262 2648 84 22 Innes's
1370 2646 113 23 residence
1503 2648 24 19 to
1546 2645 106 29 acquaint
1672 2644 46 21 him
1738 2643 22 22 of
1781 2642 38 22 the

1262 2685 54 15 case.
1355 2677 33 22 Dr
1407 2677 66 21 Innes
1493 2682 61 15 came
1574 2677 47 23 out,
1643 2673 117 22 examined
1781 2673 38 22 the

1264 2715 49 15 man
1334 2708 22 22 in
1377 2707 39 22 the
1435 2706 48 27 cab,
1504 2705 44 23 and
1573 2705 77 22 whilst
1675 2703 27 23 he
1726 2710 15 15 w
1741 2710 5 8 7
1748 2710 23 15 as
1795 2709 24 15 so

1262 2738 99 30 engaged
1372 2738 91 22 witness
1474 2743 44 15 was
1529 2735 117 22 consulted
1661 2734 30 28 by
1702 2733 84 23 friends
1797 2733 22 21 of

1263 2769 31 22 Dr
1304 2768 67 22 Innes
1381 2775 24 15 as
1416 2769 23 20 to
1455 2767 38 22 the
1509 2766 115 22 condition
1642 2764 22 22 of
1679 2764 48 21 Mrs
1743 2763 75 27 Innes,

1261 2801 38 21 she
1318 2799 66 29 being
1400 2798 21 22 in
1440 2806 12 14 a
1468 2796 87 24 critical
1571 2795 122 23 condition.
1730 2793 23 24 It
1774 2801 45 15 was

1261 2829 109 29 arranged
1390 2829 52 22 that
1458 2829 39 20 she
1512 2826 81 23 should
1609 2826 26 22 be
1652 2825 79 30 placed
1748 2824 71 22 under

1262 2860 38 23 the
1320 2866 49 17 care
1389 2858 23 23 of
1436 2858 38 23 the
1494 2860 86 20 matron
1602 2856 22 23 of
1649 2856 38 22 the
1712 2854 104 30 hospital.

1262 2890 65 20 From
1337 2897 13 13 a
1361 2888 154 22 conversation
1532 2888 26 19 he
1570 2886 43 21 had
1625 2886 55 21 with
1692 2886 39 20 the
1741 2885 78 20 doctor

1262 2919 26 20 he
1298 2917 108 29 gathered
1417 2917 52 21 that
1484 2916 27 21 he
1522 2923 45 13 was
1578 2915 23 21 in
1611 2921 13 15 a
1635 2921 54 22 very
1699 2913 119 29 depressed

1260 2950 59 19 state
1343 2947 23 21 of
1390 2945 69 23 mind.
1505 2945 36 21 He
1565 2944 48 22 said
1642 2944 27 22 he
1693 2943 44 22 had
1763 2943 55 22 been

1260 2976 106 28 drinking
1395 2976 39 21 the
1463 2975 45 22 last
1532 2975 43 21 few
1600 2974 63 27 days,
1694 2973 43 22 and
1768 2973 51 22 that

1261 3007 26 22 he
1311 3014 45 15 was
1381 3005 49 23 sick
1454 3005 23 22 of
1506 3004 38 23 the
1574 3003 78 28 world,
1678 3003 44 22 and
1748 3002 68 23 asked

1261 3037 38 23 the
1332 3036 81 23 easiest
1447 3043 50 22 way
1530 3037 25 21 to
1588 3037 38 27 get
1659 3038 41 18 out
1733 3033 23 23 of
1790 3033 25 23 it.

1260 3068 65 22 After
1353 3067 85 28 having
1464 3065 140 23 endeavored
1630 3067 24 20 to
1678 3064 65 22 cheer
1772 3063 46 23 him

1259 3105 30 22 up
1299 3098 92 22 witness
1402 3097 42 22 left
1454 3098 24 21 to
1488 3098 38 27 get
1542 3103 13 14 a
1572 3095 75 29 buggy
1668 3097 23 20 to
1707 3102 27 21 go
1746 3097 23 19 to
1780 3094 39 22 the

1259 3128 105 29 hospital,
1391 3127 44 22 aud
1466 3126 162 29 subsequently
1659 3126 90 28 passing
1779 3124 39 22 the

1259 3159 68 21 house
1337 3165 29 14 on
1384 3157 34 22 his
1438 3164 49 21 way
1508 3159 24 19 to
1552 3156 39 22 the
1611 3154 98 29 hospital
1725 3157 24 19 to
1764 3154 54 21 visit

1260 3189 46 21 Mrs
1317 3188 68 22 Innes
1395 3187 92 23 witness
1504 3185 71 23 called
1593 3185 23 22 in
1632 3185 34 22 for
1684 3185 34 21 his
1735 3185 71 21 instru-

1260 3221 61 20 ment
1341 3225 56 16 case.
1432 3217 92 29 Having
1543 3215 92 23 secured
1656 3215 45 22 this
1722 3214 28 22 he
1769 3221 36 22 pro-

1258 3258 24 15 ee
1289 3249 43 23 ded
1343 3257 13 15 a
1367 3248 65 24 chain
1443 3256 25 14 or
1480 3251 52 24 two,
1545 3247 64 23 when
1621 3246 32 23 Dr
1663 3245 68 23 Innes
1738 3244 71 24 called

1260 3281 46 22 him
1317 3280 64 22 back.
1413 3279 36 23 He
1460 3278 88 23 walked
1560 3277 98 23 towards
1676 3277 38 22 the
1725 3284 93 21 surgery

1258 3310 43 23 and
1308 3310 49 23 said
1464 3309 19 22 it
1491 3315 52 22 easy
1551 3307 34 23 for
1593 3314 41 15 me.
1661 3306 12 22 I
1684 3306 56 22 have
1749 3306 68 22 taken

1259 3342 73 28 thirty
1343 3340 74 28 grains
1431 3339 23 23 of
1655 3337 100 22 Witness
1769 3336 48 23 told

1259 3372 45 22 him
1315 3371 28 22 he
1353 3370 74 23 didn't
1442 3370 85 22 believe
1545 3369 27 27 it,
1591 3368 40 22 but
1652 3368 39 21 the
1710 3366 106 23 deceased

1259 3402 52 22 took
1323 3408 30 23 up
1364 3408 12 16 a
1394 3400 65 23 small
1477 3399 105 27 tumbler,
1604 3397 79 30 saying
1729 3397 54 22 This
1798 3397 18 21 is

1259 3433 37 22 the
1474 3430 47 23 The
1541 3429 99 23 tumbler
1660 3427 119 23 contained
1804 3434 13 14 a

1259 3463 97 28 powder,
1396 3460 135 30 apparently
1569 3458 139 30 strychnine,
1744 3457 72 23 which

1258 3493 43 22 had
1345 3492 55 22 been
1440 3490 75 23 mixed
1557 3489 57 22 with
1657 3490 78 21 water.
1781 3487 35 22 He

1258 3524 53 21 then
1341 3522 85 29 begged
1456 3522 34 22 for
1519 3519 143 27 chloroform,
1694 3518 43 22 and
1767 3518 48 22 said

1329 3552 69 23 won't
1420 3552 27 23 be
1590 3549 100 22 Witness
1714 3551 25 19 at
1762 3554 54 16 once

1257 3584 98 29 injected
1373 3591 13 14 a
1402 3586 78 25 strong
1497 3580 80 24 emetic
1593 3580 66 22 much
1676 3579 88 29 against
1779 3578 39 23 the

1257 3613 126 23 deceased's
1400 3613 54 26 will,
1473 3611 51 23 who
1541 3610 49 23 said
1600 3610 28 22 he
1638 3610 74 21 didn't
1722 3613 62 18 want
1794 3611 24 19 to

1257 3651 96 16 recover.
1386 3642 148 25 Convulsions
1545 3647 61 16 came
1616 3647 27 15 on
1655 3639 109 30 speedily,
1774 3638 42 22 and

1257 3677 26 21 he
1303 3675 52 23 died
1376 3675 22 22 in
1418 3681 41 15 one
1479 3673 23 22 of
1522 3672 69 23 these.
1629 3671 47 22 The
1693 3672 124 27 symptoms

1256 3713 57 15 were
1330 3706 63 22 those
1411 3705 23 21 of
1453 3703 69 22 death
1539 3703 58 21 from
1616 3701 137 28 strychnine.
1786 3700 32 21 Dr

1256 3736 67 22 lunes
1341 3735 43 22 had
1403 3734 55 22 been
1477 3735 22 20 in
1517 3732 97 22 delicate
1624 3730 77 22 health
1712 3730 35 22 for
1757 3737 60 14 some

1256 3767 54 22 time
1321 3768 58 26 past,
1392 3764 43 23 and
1447 3764 92 21 witness
1550 3760 80 24 should
1638 3761 77 21 rather
1722 3759 96 29 imagine

1256 3797 56 22 from
1323 3796 34 22 his
1367 3798 78 26 aspect
1451 3794 52 23 that
1511 3793 27 22 he
1547 3791 43 23 had
1599 3794 189 19 commencement
1795 3789 23 23 of

1256 3836 12 14 a
1278 3827 113 28 softening
1408 3825 23 23 of
1447 3824 38 23 the
1502 3823 70 23 brain.
1605 3821 35 22 He
1651 3820 39 23 did
1701 3822 40 21 not
1751 3820 65 22 know

1257 3857 100 21 whether
1364 3857 39 21 the
1411 3853 107 23 deceased
1527 3853 44 21 had
1581 3852 54 21 been
1644 3852 22 20 in
1677 3851 38 21 the
1723 3850 64 21 habit
1795 3850 22 21 of

1256 3886 80 30 taking
1353 3885 139 29 strychnine,
1511 3883 42 22 but
1570 3881 67 23 knew
1654 3883 52 20 that
1723 3880 27 22 he
1761 3879 53 22 used

1255 3919 78 27 strong
1337 3916 65 23 doses
1410 3915 23 22 of
1441 3912 127 25 bromideof
1576 3911 123 31 potassium
1704 3910 43 22 and
1752 3910 64 22 other

1256 3946 198 31 drugs.—Charles
1461 3942 249 25 Deßenhamßennett,
1716 3940 87 23 brother-

1256 3979 75 20 in-law
1342 3977 23 22 of
1376 3977 38 22 the
1421 3974 115 27 deceased,
1545 3980 57 23 gave
1610 3972 105 22 evidence
1723 3972 51 21 that
1785 3970 31 22 Dr

1256 4008 66 23 Innes
1347 4006 44 23 had
1417 4005 48 24 told
1491 4005 46 22 him
1562 4004 27 22 he
1616 4010 44 15 was
1685 4001 88 29 subject
1793 4003 23 20 to

1255 4039 108 30 epilepsy,
1390 4036 44 24 and
1459 4036 46 23 also
1527 4034 51 24 that
1598 4033 27 24 he
1646 4032 45 24 had
1716 4031 100 31 Bright's

1256 4071 90 22 disease.
1387 4069 35 22 He
1440 4067 44 23 had
1495 4075 28 15 an
1534 4066 69 23 awful
1618 4064 69 23 dread
1699 4064 117 22 whenever

1256 4100 37 22 the
1304 4099 37 22 fits
1353 4106 57 15 were
1421 4097 88 28 coming
1516 4103 35 19 on,
1560 4095 45 22 and
1613 4102 44 14 was
1669 4095 23 20 in
1703 4094 38 21 the
1753 4093 63 21 habit

1255 4130 21 23 of
1285 4129 78 29 taking
1369 4128 139 28 strychnine.
1512 4124 182 27 —AnnieOlsen,
1704 4131 13 15 a
1725 4126 91 20 servant

1256 4161 21 21 in
1295 4160 39 22 the
1351 4159 89 28 employ
1458 4158 24 21 of
1499 4157 38 22 the
1555 4156 86 25 doctor,
1654 4154 48 21 said
1717 4154 39 21 she
1772 4153 44 22 had

1255 4190 81 22 known
1360 4189 45 21 him
1435 4189 24 21 to
1489 4186 26 22 be
1542 4185 89 29 subject
1656 4187 24 19 to
1709 4183 107 30 epileptic

1255 4220 44 28 fits,
1320 4219 44 23 and
1385 4219 48 22 Mrs
1452 4218 68 22 Innes
1537 4216 44 22 had
1598 4215 49 23 told
1664 4215 40 22 her
1722 4215 52 21 that
1789 4213 27 22 he

1256 4251 52 22 took
1328 4249 131 30 strychnine
1479 4255 24 15 as
1521 4255 13 14 a
1553 4246 98 28 remedy.
1694 4244 89 23 Within
1804 4252 12 14 a

1254 4283 92 27 quarter
1356 4280 23 22 of
1389 4287 27 15 an
1428 4279 56 22 hour
1494 4278 23 22 of
1527 4277 35 22 his
1572 4276 69 23 death
1652 4274 121 30 yesterday
1788 4274 28 22 he

1255 4311 48 22 said
1320 4311 27 22 he
1365 4309 98 30 thought
1482 4308 26 23 he
1525 4306 75 24 would
1617 4307 57 22 have
1684 4305 95 23 another
1790 4304 26 23 fit

1255 4340 123 23 soon.—Dr
1395 4340 60 26 Cole,
1475 4339 58 22 after
1551 4346 16 14 a.
1581 4337 58 23 brief
1656 4337 160 28 adjournment

1255 4372 32 22 for
1306 4379 12 14 a
1336 4373 46 20 test
1399 4370 23 22 of
1440 4370 38 22 the
1496 4370 104 21 contents
1616 4366 23 23 of
1654 4367 38 22 the
1708 4365 106 27 tumbler,

1255 4401 48 23 said
1313 4402 64 22 there
1388 4401 44 22 had
1443 4399 99 28 scarcely
1553 4398 55 21 been
1628 4397 54 22 time
1694 4399 23 20 to
1727 4395 65 23 make
1803 4403 11 14 a

1257 4436 48 18 true
1316 4434 53 25 test,
1382 4431 41 22 but
1441 4431 27 21 he
1484 4427 102 23 believed
1604 4427 38 22 the
1653 4427 91 28 powder
1755 4429 23 18 to
1790 4426 25 21 be

1255 4462 137 28 strychnine.
1416 4460 35 22 He
1462 4466 45 15 was
1517 4460 41 20 not
1568 4464 73 15 aware
1651 4457 23 21 of
1684 4455 132 30 strychnine

1256 4492 66 26 being
1332 4491 54 22 used
1394 4498 24 14 as
1427 4498 12 14 a
1447 4488 132 30 preventive
1587 4488 34 21 for
1629 4487 108 29 epilepsy,
1748 4486 41 22 but
1797 4486 19 22 it

1257 4528 44 14 was
1312 4521 53 21 used
1383 4521 22 20 in
1417 4520 86 21 minute
1513 4518 64 22 dosea
1597 4520 24 19 to
1631 4518 131 21 counteract
1778 4516 38 23 the

1256 4550 76 21 effects
1343 4549 22 21 of
1381 4549 73 21 drink.
1496 4547 136 28 Strychnine
1644 4554 45 14 was
1699 4546 54 22 used
1765 4553 23 14 as
1804 4553 12 14 a

1257 4577 90 29 remedy
1358 4577 34 23 for
1408 4584 60 15 some
1483 4577 112 26 ailments,
1615 4575 41 23 but
1673 4582 68 16 never
1756 4582 60 16 more

1257 4608 54 22 than
1322 4607 165 22 one-sixteenth
1499 4607 23 22 of
1536 4614 13 14 a
1559 4606 64 29 grain
1641 4606 65 22 could
1724 4606 26 22 be
1762 4606 52 21 used

1257 4638 55 23 with
1328 4638 159 29 safety.—The
1507 4638 52 29 jury
1576 4636 106 23 returned
1700 4644 13 15 a
1729 4636 87 23 verdict

1257 4669 51 23 that
1318 4669 38 23 the
1367 4669 107 23 deceased
1485 4671 46 20 met
1551 4668 34 22 his
1596 4667 68 23 death
1675 4668 30 29 by
1715 4675 28 15 an
1754 4675 49 15 over-

1256 4700 52 21 dose
1318 4700 23 21 of
1356 4699 131 29 strychnine
1501 4698 162 22 administered
1681 4699 30 28 by
1721 4699 35 21 his
1766 4706 49 14 own

1257 4728 66 28 hand,
1335 4729 72 22 either
1423 4729 29 29 by
1463 4728 167 23 misadventure
1641 4735 25 16 or
1676 4728 77 23 whilst
1770 4728 22 23 in
1803 4735 13 16 a

1256 4763 59 19 state
1325 4760 23 22 of
1363 4764 129 24 temporary
1502 4759 107 29 insanity.

1291 4826 74 26 THE
1392 4826 177 27 GENERAL
1591 4826 186 27 ELECTION.

1441 4901 158 27 FEILDING,
1615 4901 137 24 November
1766 4903 18 21 4.

1284 4930 47 21 The
1342 4931 58 21 Hon.
1414 4931 37 21 Mr
1466 4932 90 21 Seddon
1573 4932 69 27 spoke
1658 4936 24 17 at
1693 4932 123 21 Halcombe

1258 4958 43 22 last
1310 4959 73 29 night,
1396 4960 34 21 his
1441 4960 79 28 speech
1532 4960 125 30 occupying
1668 4961 63 22 three
1738 4962 76 25 hours,

1258 4987 43 24 and
1312 4988 27 23 he
1354 4988 117 31 adversely
1482 4990 113 23 criticised
1606 4990 38 23 the
1655 4990 161 24 Conservative

1258 5018 71 29 Press,
1345 5021 43 22 and
1399 5020 81 24 denied
1497 5021 59 28 that,
1574 5030 25 16 as
1614 5021 106 30 Premier,
1734 5023 26 22 he
1771 5022 43 23 had

1259 5050 37 22 the
1306 5051 91 29 pledges
1414 5051 23 22 of
1451 5059 61 15 some
1522 5052 108 23 members
1642 5053 22 22 in
1675 5053 35 22 his
1724 5053 89 29 pocket.

1258 5079 35 22 He
1310 5081 111 22 conceded
1439 5084 23 19 to
1473 5082 75 23 others
1566 5082 52 23 that
1632 5083 99 23 freedom
1743 5083 72 23 which

1259 5110 26 22 he
1305 5110 94 23 claimed
1424 5112 34 22 for
1482 5112 97 29 himself,
1600 5113 44 23 and
1665 5113 27 23 he
1712 5113 40 23 did
1776 5117 40 19 not

1258 5140 78 23 intend
1354 5143 23 21 to
1395 5141 39 23 ask
1446 5150 24 15 or
1489 5143 86 23 receive
1585 5152 13 14 a
1614 5144 80 29 pledge
1704 5144 58 22 from
1772 5151 44 22 any

1258 5171 118 23 candidate
1386 5174 25 21 at
1429 5173 38 22 the
1482 5173 101 23 election.
1615 5174 24 23 It
1649 5182 45 15 was
1705 5174 112 22 sufficient

1258 5200 34 23 for
1311 5201 46 24 him
1368 5202 51 24 that
1439 5203 39 23 the
1495 5204 119 24 candidate
1633 5213 45 14 was
1694 5213 12 14 a
1718 5204 95 23 Liberal.

1259 5232 34 22 He
1304 5232 94 24 claimed
1409 5234 52 23 that
1468 5234 131 24 Liberalism
1611 5235 43 23 had
1665 5235 66 30 given
1743 5238 24 19 to
1778 5234 38 23 the

1258 5263 78 30 colony
1352 5265 111 23 manhood
1482 5265 103 31 suffrage,
1607 5266 106 23 triennial
1733 5265 72 23 Parlia-

1258 5296 79 26 ments,
1349 5294 44 23 and
1404 5295 38 23 the
1452 5296 120 23 education
1586 5299 92 27 system.
1710 5296 36 22 He
1757 5298 61 19 went

1257 5330 53 16 over
1333 5325 67 23 much
1424 5326 23 22 of
1465 5326 40 23 the
1524 5327 87 30 ground
1632 5327 27 22 he
1679 5325 94 24 covered
1793 5327 23 20 at

1258 5355 64 28 Apiti
1339 5355 44 23 and
1402 5355 111 32 Feilding.
1552 5357 36 22 He
1605 5357 81 23 denied
1706 5356 53 22 that
1778 5355 39 22 the

1258 5385 88 22 Liberal
1378 5386 127 30 legislation
1536 5387 79 22 struck
1646 5389 24 20 at
1699 5387 115 28 property.

1258 5414 41 24 His
1310 5415 153 25 Government
1479 5417 45 23 had
1540 5416 141 24 endeavored
1692 5419 23 20 to
1726 5418 43 27 put
1779 5414 39 24 the

1258 5446 78 28 people
1355 5454 29 14 on
1404 5447 38 22 the
1463 5447 59 23 land.
1564 5447 36 22 He
1619 5445 138 23 condemned
1779 5445 38 22 the

1258 5475 118 23 wholesale
1393 5476 121 30 purchases
1530 5476 23 23 of
1572 5475 53 23 land
1643 5482 29 16 on
1683 5475 39 22 the
1733 5477 52 26 part
1794 5473 23 23 of

1258 5505 38 24 the
1306 5505 180 31 Conservatives,
1498 5506 44 23 and
1559 5507 28 22 he
1602 5505 95 23 claimed
1712 5505 52 22 that
1778 5504 40 23 the

1258 5536 78 31 colony
1348 5545 45 16 was
1408 5544 142 23 prosperous,
1568 5536 44 23 and
1632 5535 84 29 quoted
1736 5534 82 29 figures

1258 5569 129 28 comparing
1397 5576 41 14 our
1447 5570 92 27 exports
1550 5567 23 21 in
1585 5566 54 22 1890
1653 5564 56 23 with
1720 5564 64 22 those
1795 5564 22 21 in

1259 5597 61 28 1895,
1341 5598 101 29 showing
1461 5604 28 15 an
1510 5597 99 21 increase
1633 5601 28 14 on
1686 5594 39 20 the
1749 5593 69 21 latter

1258 5634 60 22 year.
1350 5628 47 23 The
1407 5628 154 23 Government
1571 5624 45 23 had
1633 5631 28 15 no
1672 5622 113 23 intention
1797 5621 21 22 of

1259 5658 133 31 interfering
1407 5658 57 23 with
1482 5657 38 23 the
1536 5655 99 29 existing
1650 5653 53 22 land
1719 5654 97 25 tenures,

1259 5689 43 23 and
1314 5689 38 24 the
1362 5688 101 24 freehold
1474 5689 85 28 system
1574 5693 46 15 was
1635 5691 84 20 secure,
1731 5682 35 24 for
1780 5681 38 24 the

1258 5720 79 28 people
1348 5719 75 24 would
1433 5719 44 22 rise
1487 5724 30 24 up
1527 5717 24 23 in
1561 5715 107 24 rebellion
1679 5714 88 31 against
1775 5719 43 23 any

1842 138 68 27 party
1920 136 136 29 attempting
2071 137 23 19 to
2112 131 106 24 interfere
2229 129 55 22 with
2294 128 26 22 it.
2352 128 48 21 The

1843 168 139 28 exemptions
1992 166 56 22 from
2060 165 38 21 the
2108 161 63 24 Land
2182 160 48 22 Tax
2241 158 74 23 would
2324 160 42 20 not
2373 158 27 22 be

1844 196 120 23 increased.
1995 196 36 22 He
2037 192 110 25 defended
2158 191 34 22 his
2199 189 168 30 appointments
2376 190 24 20 to

1844 227 38 21 the
1893 227 78 22 Assets
1981 225 138 23 Realisation
2129 220 74 25 Board
2214 219 44 23 and
2270 219 38 22 the
2317 218 82 30 Anglo-

1844 257 97 22 German
1960 256 129 29 Syndicate,
2110 253 39 22 the
2169 252 68 21 latter
2257 249 67 29 being
2343 256 42 15 com-

1844 286 68 29 posed
1923 287 22 22 of
1965 287 38 22 the
2013 283 109 31 principal
2132 281 117 23 financiers
2264 280 23 22 in
2298 279 99 23 London.

1846 316 34 22 He
1891 323 45 15 was
1952 316 83 28 merely
2045 321 28 15 an
2089 312 96 25 adviser,
2197 310 43 22 and
2258 309 34 22 his
2303 309 98 28 position

1844 345 94 23 enabled
1954 346 45 22 him
2007 348 23 19 to
2041 346 51 26 stop
2127 340 53 23 wild
2263 338 134 28 companies.

1845 376 46 22 The
1902 375 170 23 Conservatives
2089 372 44 23 had
2150 377 28 15 no
2187 369 61 29 right
2259 373 23 18 to
2298 374 64 16 sneer
2377 368 24 20 at

1846 406 45 22 him
1901 406 35 22 for
1946 405 115 29 accepting
2072 403 38 22 the
2127 400 104 30 position.
2263 398 24 22 It
2304 404 46 15 was
2367 396 34 22 his

1845 436 77 28 living,
1934 436 44 21 and
1989 436 27 21 he
2027 432 93 24 claimed
2138 431 35 21 his
2190 429 78 28 rights.
2301 427 35 21 He
2351 432 38 21 pro-

1846 466 69 22 mised
1926 466 38 23 the
1974 463 153 25 introduction
2138 460 22 23 of
2171 466 60 16 more
2241 457 63 23 labor
2314 457 77 28 legisla-

1846 497 47 21 tion
1905 499 22 19 to
1943 499 88 26 protect
2047 493 107 25 children.
2187 490 36 23 He
2236 487 111 25 defended
2362 487 39 22 the

1846 525 125 28 borrowing
1990 525 81 28 policy,
2094 522 44 23 and
2163 519 98 28 thought
2287 518 52 21 that
2363 516 39 21 the

1845 554 152 23 Government
2016 552 65 25 could
2101 550 62 24 work
2183 556 13 16 a
2220 548 40 22 tire
2284 547 118 21 insurance

1845 584 88 23 scheme
1952 593 23 15 as
1995 582 143 29 successfully
2154 587 24 16 as
2195 579 55 29 they
2261 577 39 23 did
2316 576 39 22 life
2369 582 22 16 in-

1846 622 98 16 surance.
1989 615 47 23 The
2073 614 92 29 present
2202 609 40 22 fire
2276 606 126 29 companies

1846 645 95 29 charged
1961 646 130 21 exorbitant
2110 645 66 22 rates,
2195 639 44 23 and
2256 639 28 21 he
2300 645 45 15 was
2365 636 25 22 de-

1846 675 110 21 termined
1976 678 23 19 to
2017 673 90 27 remedy
2127 671 46 22 this
2193 670 74 21 abuse.
2307 666 95 28 Dealing

1846 704 55 22 with
1912 704 92 29 railway
2014 702 163 30 management,
2194 699 27 22 he
2237 697 49 23 said
2297 697 52 23 that
2364 695 38 23 the

1846 735 153 23 Government
2009 734 42 23 had
2063 730 110 26 conceded
2191 729 96 27 £30,000
2297 735 27 16 on
2335 726 67 30 sheep

1846 766 44 21 and
1910 766 95 27 £50,000
2021 772 28 15 on
2067 763 106 27 ordinary
2183 760 80 27 traffic,
2275 758 73 24 which
2364 758 38 22 the

1846 795 102 29 Railway
1972 793 182 25 Commissioners
2182 790 76 23 would
2282 791 40 20 not
2346 788 56 22 have

1846 826 62 22 done.
1940 826 21 22 A
1971 828 52 20 vote
2033 824 23 23 of
2075 822 84 24 thanks
2171 824 23 20 to
2210 820 36 23 Mr
2257 819 89 24 Seddon
2357 817 45 23 and

1845 856 23 22 of
1896 855 126 24 confidence
2053 855 22 21 in
2108 853 39 23 the
2171 852 153 22 Government
2358 855 44 16 was

1846 887 87 27 passed.

1972 937 150 28 SUDDEN
2141 934 134 27 DEATH.

1952 1008 243 26 INVERCARGILL,
2207 1006 136 23 November
2353 1005 19 22 3.

1873 1041 37 22 Mr
1930 1041 26 23 G.
1973 1041 36 22 W-
2026 1040 118 25 Williams,
2156 1037 65 23 Chief
2231 1035 172 24 Commissioner

1845 1071 22 23 of
1883 1071 80 24 Crown
1983 1071 74 23 Lands
2076 1069 34 23 for
2129 1066 134 28 Southland,
2285 1065 50 23 who
2357 1071 46 16 was

1845 1102 70 23 about
1925 1106 23 19 to
1959 1102 26 22 be
1996 1099 136 25 transferred
2150 1101 23 20 to
2188 1096 150 28 Canterbury,
2350 1095 52 22 died

1845 1135 23 21 at
1885 1132 104 23 Dunedin
2009 1132 66 22 while
2093 1138 27 14 on
2137 1130 34 21 his
2194 1135 50 21 way
2269 1130 24 19 to
2317 1125 73 24 Christ-

1844 1163 90 21 church.
1967 1162 35 20 He
2013 1161 43 21 had
2076 1161 54 20 been
2150 1160 23 20 in
2194 1159 38 20 the
2249 1157 154 21 Government

1844 1192 85 23 service
1939 1191 34 23 for
1985 1191 72 28 thirty
2067 1196 70 23 years.

1870 1228 44 20 The
1924 1228 42 19 late
1976 1228 31 19 Mr
2017 1227 79 24 George
2202 1222 106 21 Williams
2315 1228 42 13 was
2367 1220 36 21 the

1846 1255 48 26 only
1905 1261 36 15 son
1952 1254 21 21 of
1983 1254 32 20 Mr
2031 1253 79 26 George
2130 1250 110 25 Williams,
2260 1249 21 22 of
2300 1249 103 20 Remuera

1846 1281 133 27 (Auckland),
1990 1281 40 22 and
2040 1288 41 14 was
2089 1281 49 21 born
2146 1281 23 20 at
2175 1278 106 23 Exmouth
2289 1275 113 28 (England)

1845 1310 21 20 in
1877 1309 110 25 February,
1999 1309 54 21 1845.
2082 1309 32 19 He
2124 1314 57 14 came
2190 1308 22 19 to
2221 1307 37 19 the
2267 1305 73 25 colony
2352 1303 50 20 with

1846 1336 31 20 his
1887 1337 85 26 parents
1981 1336 21 20 in
2013 1335 48 21 1856
2072 1341 5 19 ;
2090 1335 23 20 at
2128 1334 73 20 fifteen
2215 1338 61 21 years
2288 1331 22 20 of
2324 1337 38 19 age
2376 1330 27 19 he

1845 1363 70 27 joined
1933 1363 36 21 the
1987 1362 88 22 General
2098 1361 142 22 Government
2263 1360 80 24 Survey
2362 1357 27 21 De-

1846 1393 106 25 partment
1961 1398 6 18 ;
1992 1391 21 21 in
2033 1390 49 22 1865
2110 1389 26 22 he
2161 1396 41 14 was
2231 1385 128 29 despatched
2381 1386 22 20 to

1845 1419 103 21 Taranaki
1958 1421 22 18 to
1990 1419 47 20 take
2047 1419 47 25 part
2108 1418 23 20 in
2144 1416 111 25 surveying
2265 1415 48 20 that
2322 1413 69 27 provin-

1846 1447 39 21 c:al
1903 1446 88 22 district.
2027 1445 25 21 In
2068 1445 66 24 April,
2152 1443 55 25 1866,
2227 1443 22 20 in
2268 1440 135 27 conjunction

1847 1473 51 20 with
1916 1474 33 18 Mr
1966 1473 64 24 Percy
2047 1472 69 19 Smith
2131 1471 45 24 (the
2191 1470 83 25 present
2290 1469 112 21 Surveyor-

1847 1499 97 26 General)
1976 1499 41 21 and
2046 1498 76 20 Messrs
2153 1497 65 25 Wray
2249 1494 42 22 and
2321 1494 83 20 Wilson

1847 1526 132 29 (surveyors),
1999 1527 25 21 he
2051 1526 56 21 went
2129 1525 23 21 to
2173 1524 36 21 the
2232 1523 66 21 Patea
2319 1521 84 22 district

1847 1558 22 18 to
1895 1562 74 18 survey
1997 1554 56 20 what
2079 1560 41 14 was
2147 1552 50 20 then
2223 1558 12 14 a
2258 1553 58 18 terra
2335 1549 57 26 incog-

1847 1582 47 21 nita
1915 1582 45 20 into
1985 1581 121 20 allotments
2132 1579 33 20 for
2191 1578 93 25 military
2310 1577 91 19 settlers.

1847 1610 50 20 This
1928 1608 118 23 expedition
2077 1613 42 14 was
2153 1603 152 28 accomplished
2338 1602 66 22 under

1847 1636 129 27 exceptional
1986 1635 124 24 difficulties,
2120 1634 37 21 the
2167 1639 110 20 surveyors
2290 1631 77 26 having
2381 1632 22 20 to

1847 1665 91 26 perform
1955 1663 55 21 their
2027 1662 55 22 work
2101 1661 66 22 under
2188 1661 37 21 the
2247 1659 117 28 protection
2381 1658 23 22 of

1847 1692 95 25 covering
1955 1691 77 26 parties
2047 1690 21 20 of
2086 1690 36 19 the
2140 1689 48 20 18th
2207 1689 110 24 Regiment
2327 1686 77 25 (Royal

1848 1718 69 26 Irish),
1928 1718 48 24 and,
1988 1718 58 20 when
2056 1717 36 20 the
2107 1716 91 26 regulars
2208 1722 52 13 were
2270 1714 131 24 withdrawn,

1848 1747 65 21 under
1935 1746 37 21 the
1994 1744 114 28 protection
2130 1743 22 21 of
2180 1742 36 21 the
2243 1742 54 21 riflss
2319 1741 22 22 of
2367 1741 37 21 the

1847 1774 88 21 colonial
1957 1774 71 20 forces.
2064 1772 49 21 This
2132 1770 56 21 work
2209 1770 51 21 took
2281 1769 64 22 about
2362 1770 42 20 two

1848 1809 60 19 years
1922 1803 22 19 to
1961 1799 130 27 accomplish,
2115 1798 42 21 and
2178 1798 37 21 the
2233 1803 74 20 survey
2326 1797 78 26 parties

1848 1829 42 21 had
1916 1828 120 26 frequently
2058 1828 22 19 to
2108 1825 65 27 guard
2199 1825 83 25 against
2303 1824 101 26 surprises

1849 1856 26 27 by
1894 1856 36 20 the
1948 1850 87 26 Native's
2048 1854 41 21 and
2107 1856 22 17 to
2147 1852 56 26 repel
2221 1851 76 21 hostile
2314 1851 88 21 attacks.

1849 1886 33 19 On
1904 1883 36 21 the
1962 1882 134 22 termination
2119 1881 21 21 of
2162 1880 44 21 this
2224 1879 55 22 work
2302 1878 32 21 Mr
2352 1878 39 21 Wil-

1848 1912 60 20 liams
1930 1911 48 26 paid
2000 1918 12 14 a
2029 1910 48 20 visit
2095 1911 22 19 to
2133 1909 36 21 the
2187 1908 41 21 Old
2247 1908 101 24 Country,
2363 1906 41 21 and

1848 1947 26 13 on
1891 1939 31 21 his
1940 1941 72 19 return
2025 1939 22 20 to
2065 1937 36 21 the
2119 1937 73 26 colony
2210 1936 55 20 went
2284 1935 44 21 into
2350 1934 44 21 busi-

1849 1974 46 15 ness
1904 1974 23 15 as
1936 1974 12 15 a
1957 1967 78 26 mining
2044 1967 62 26 agent
2115 1966 22 21 at
2152 1965 35 21 the
2202 1963 96 23 Thames.
2327 1963 34 21 He
2375 1969 20 15 re-

1849 1995 85 21 entered
1943 1996 37 20 the
1989 1995 86 21 colonial
2091 1994 76 20 service
2182 1993 22 20 in
2219 1992 48 21 1871
2284 1998 22 14 as
2321 1991 83 21 district

1848 2030 100 18 surveyor
1962 2024 23 19 at
2000 2023 69 19 Patea.
2104 2022 25 19 In
2143 2020 48 21 1874-
2207 2020 27 20 he
2249 2018 89 21 married
2354 2018 52 20 Bliss

1849 2050 80 25 Lomas,
1940 2049 158 27 step-daughter
2112 2047 21 22 of
2150 2048 35 21 the
2201 2047 43 21 late
2260 2047 31 21 Dr
2307 2045 85 22 Feather-

1849 2080 53 23 ston,
1910 2077 42 22 and
1961 2076 148 27 subsequently
2118 2075 112 27 proceeded
2237 2076 23 19 to
2268 2073 135 26 Wellington,

1849 2105 68 20 where
1932 2104 26 21 he
1974 2111 42 14 was
2030 2103 111 27 appointed
2157 2103 104 25 inspector
2275 2101 22 20 of
2311 2106 93 19 surveys.

1849 2132 29 21 At
1895 2132 43 21 this
1955 2132 52 20 time
2025 2131 25 21 he
2068 2136 40 15 was
2126 2129 45 21 told
2189 2129 29 21 off
2239 2130 22 19 to
2279 2133 125 20 accompany

1849 2160 36 22 the
1894 2160 42 21 late
1946 2158 158 28 Major-general
2114 2157 59 27 (then
2181 2155 93 28 Colonel)
2284 2155 121 26 Scratchley

1849 2190 21 19 to
1888 2195 76 18 survey
1982 2188 36 19 the
2035 2187 98 20 different
2151 2186 49 20 sites
2218 2185 76 20 chosen
2312 2184 27 25 by
2357 2183 49 21 that

1849 2216 96 24 engineer
1962 2214 33 21 for
2012 2214 36 20 the
2066 2214 122 25 permanent
2206 2211 97 21 defences
2324 2210 22 21 of
2368 2217 38 14 our

1849 2241 100 27 principal
1973 2242 64 26 ports.
2065 2240 33 21 He
2125 2245 41 16 was
2192 2239 50 20 next
2265 2237 96 22 lemoved
2384 2238 22 19 to

1849 2269 110 22 Auckland
1973 2275 22 15 as
2011 2269 102 26 inspector
2127 2267 21 21 of
2164 2273 100 20 surveys;
2277 2266 64 21 about
2357 2264 49 22 1886

1849 2304 41 14 was
1905 2297 109 26 promoted
2030 2298 21 19 to
2067 2296 24 21 be
2107 2296 62 20 Chief
2182 2296 104 23 Surveyor
2294 2294 42 20 and
2347 2294 45 19 Com-

1849 2325 107 20 missioner
1974 2324 22 20 of
2014 2324 73 20 Crown
2105 2322 68 21 Lands
2191 2322 32 21 for
2240 2321 97 21 Ilawke's
2352 2320 52 26 Bay.

1849 2352 24 20 In
1893 2351 47 21 1891
1959 2351 26 20 he
2000 2357 40 14 was
2058 2349 128 22 transferred
2200 2351 23 18 to
2237 2348 134 24 Invercargill
2384 2354 22 14 as

1849 2378 61 22 Chief
1932 2379 103 25 Surveyor
2053 2377 41 21 and
2115 2376 160 22 Commissioner
2288 2375 22 22 of
2332 2375 75 22 Crown

1849 2407 68 20 Lands
1944 2406 32 20 for
2002 2405 47 21 that
2075 2405 89 20 district.
2200 2405 30 19 At
2255 2404 38 20 the
2318 2403 41 20 end
2385 2402 22 21 of

1849 2434 42 20 this
1913 2433 74 21 month
2016 2433 25 20 he
2068 2431 92 22 received
2186 2430 74 22 official
2286 2430 120 21 intimation

1849 2462 21 21 of
1880 2462 32 21 his
1921 2461 140 22 transference
2071 2461 22 21 to
2103 2459 148 22 Christchurch
2263 2466 23 14 as
2302 2464 104 16 successor

1849 2491 22 19 to
1880 2491 33 19 Mr
1922 2489 117 24 Marchant,
2051 2489 44 20 who
2105 2488 37 21 lias
2151 2487 51 21 been
2211 2487 114 26 appointed
2334 2488 22 19 to
2370 2486 37 21 the

1849 2517 130 25 Wellington
1988 2515 87 24 district,
2087 2515 58 21 these
2159 2515 90 24 changes
2264 2513 60 26 being
2339 2519 57 15 neces-

1849 2544 78 21 sitated
1944 2543 25 26 by
1981 2543 36 21 the
2033 2543 126 25 resignation
2173 2541 22 21 of
2211 2542 32 20 Mr
2259 2541 20 21 J.
2291 2541 28 21 H.
2331 2541 74 23 Baker,

1849 2571 55 20 chief
1920 2577 99 18 surveyor
2033 2570 22 20 of
2075 2569 133 25 Wellington.
2246 2568 44 20 The
2307 2567 100 21 deceased

1849 2598 120 27 gentleman
1979 2604 41 15 was
2028 2597 93 26 actually
2132 2604 27 14 on
2173 2596 33 21 his
2220 2602 45 20 way
2277 2596 22 20 to
2315 2595 48 21 take
2380 2602 27 19 up

1849 2627 32 20 his
1891 2633 44 14 new
1945 2625 69 22 duties
2024 2625 59 21 when
2099 2625 26 20 he
2141 2631 42 14 was
2199 2623 113 22 overtaken
2327 2623 27 27 by
2371 2623 36 21 the

1849 2654 134 21 illness—the
1993 2653 65 21 result
2067 2652 21 22 of
2102 2659 100 20 exposure
2218 2653 22 19 to
2254 2651 37 21 the
2306 2651 101 26 draughts

1849 2682 21 21 of
1896 2688 12 14 a
1935 2681 85 25 railway
2042 2680 96 26 carriage,
2162 2680 67 20 which
2252 2679 25 20 he
2300 2678 48 21 bore
2370 2685 25 14 un-

1849 2708 162 28 complainingly
2049 2708 47 21 that
2115 2706 42 21 had
2170 2713 13 15 a
2199 2706 54 21 fatal
2272 2706 135 21 termination

1849 2738 42 19 this
1901 2736 101 26 morning.
2031 2736 20 20 It
2060 2742 48 19 may
2119 2734 24 21 be
2153 2733 120 22 mentioned
2288 2734 48 20 that
2347 2733 60 20 while

1849 2765 33 20 Mr
1891 2764 106 20 Williams
2006 2769 41 15 was
2056 2762 110 26 employed
2182 2762 22 20 in
2220 2761 111 26 surveying
2341 2761 21 20 in
2371 2760 36 21 the

1849 2792 65 21 Patea
1924 2791 82 21 district
2015 2790 25 22 he
2049 2790 72 22 served
2128 2796 23 15 as
2160 2795 13 16 a
2180 2788 109 23 volunteer
2295 2795 26 15 on
2329 2788 78 22 several

1849 2819 130 27 expeditions
2001 2819 33 21 led
2056 2818 27 27 by
2104 2818 86 21 Colonel
2212 2817 130 24 M'Donnell,
2365 2816 42 21 and

1849 2847 92 21 received
1959 2847 37 20 the
2014 2847 51 19 New
2083 2845 91 21 Zealand
2192 2851 42 14 war
2252 2844 69 21 medal
2330 2844 32 21 for
2376 2844 31 20 his

1849 2875 93 20 services.
1971 2875 33 19 He
2013 2880 41 15 w»s
2064 2874 44 20 also
2114 2872 113 26 appointed
2237 2879 12 13 a
2258 2872 118 20 lieutenant
2386 2870 21 21 of

1850 2901 36 20 the
1901 2901 52 20 New
1967 2900 92 20 Zealand
2082 2899 82 21 militia.
2199 2899 33 20 Mr
2248 2898 105 21 Williams
2366 2904 41 15 was

1849 2934 12 14 a
1882 2927 165 21 brother-in-law
2069 2927 22 21 of
2105 2925 89 28 Captain
2216 2925 73 27 Wray,
2311 2925 52 21 S.M.
2385 2926 22 20 at

1849 2955 91 23 Timaru,
1951 2955 51 20 with
2012 2955 67 20 whom
2090 2955 25 19 he
2125 2960 41 14 was
2176 2954 21 19 in
2207 2953 54 20 close
2270 2953 75 20 official
2354 2959 40 14 com-

1849 2982 127 20 munication
1986 2981 32 21 for
2033 2981 95 26 upwards
2142 2980 22 20 of
2180 2980 67 25 thirty
2257 2986 61 19 years
2334 2979 73 25 during

1849 3016 56 14 some
1914 3009 22 21 of
1945 3009 36 21 the
1991 3009 55 21 most
2055 3007 108 22 troublous
2173 3007 61 21 times
2244 3007 36 21 the
2289 3006 73 27 colony
2374 3013 22 14 ex-

1849 3036 115 27 perienced.
1992 3035 29 23 Of
2038 3035 37 22 the
2093 3035 55 21 work
2166 3034 153 22 accomplished
2333 3033 27 28 by
2375 3034 32 21 Mr

1849 3065 104 20 Williams
1975 3065 21 19 in
2014 3063 82 21 various
2115 3064 57 25 parts
2190 3063 21 20 of
2229 3063 37 20 the
2284 3063 73 25 colony
2376 3062 31 20 his

1848 3091 154 27 departmental
2011 3090 56 21 chief
2080 3091 42 20 and
2137 3090 115 26 colleagues
2268 3089 63 26 speak
2341 3089 21 21 in
2371 3089 36 21 the

1848 3126 49 20 very
1913 3119 84 26 highest
2013 3120 70 19 terms.
2112 3118 33 21 He
2163 3118 69 20 leaves
2247 3124 12 14 a
2277 3117 73 21 widow
2366 3116 41 22 and

1848 3146 47 21 four
1905 3146 112 25 daughters
2027 3147 22 19 to
2059 3152 74 14 mourn
2141 3145 54 21 their
2204 3145 49 21 loss.

1882 3213 208 28 NORTHERN
2112 3211 258 33 QUEENSLAND.

1876 3288 57 22 Noel
1944 3288 97 26 Buxton,
2060 3295 39 14 son
2116 3287 23 22 of
2154 3287 116 22 Governor
2280 3286 91 23 Buxton
2385 3286 22 22 of

1847 3318 71 23 South
1930 3318 123 26 Australia,
2072 3317 40 21 has
2132 3317 47 28 just
2196 3316 106 23 returned
2322 3316 57 22 from
2394 3323 13 14 a

1848 3349 45 28 trip
1905 3351 23 20 to
1939 3347 148 28 Queensland,
2104 3347 74 23 where
2196 3347 28 23 he
2239 3347 64 23 made
2313 3346 81 24 exhaus-

1848 3378 46 23 tive
1914 3378 107 30 inquiries
2041 3378 48 21 into
2111 3377 37 22 the
2173 3377 177 29 sugar-growing
2374 3377 22 22 in-

1848 3408 87 29 dustry,
1948 3408 39 23 the
1998 3408 88 23 colored
2096 3407 63 23 labor
2173 3408 103 29 question
2295 3407 112 29 receiving

1848 3439 81 29 special
1940 3439 120 23 attention.
2093 3437 35 23 He
2139 3438 48 22 said
2205 3438 28 22 he
2249 3437 44 23 had
2311 3445 28 15 no
2357 3437 50 23 idea

1848 3470 50 21 that
1918 3476 44 21 any
1982 3472 52 22 part
2053 3469 23 21 of
2099 3469 39 21 the
2163 3469 83 28 tropics
2271 3468 66 22 could
2361 3469 46 21 suit

1849 3498 143 30 Englishmen
2012 3506 24 15 so
2056 3498 51 22 well
2126 3505 24 15 as
2170 3497 75 24 North
2266 3497 141 28 Queensland

1848 3529 115 28 evidently
1974 3529 58 22 does.
2058 3529 87 28 Except
2156 3536 28 14 on
2196 3528 38 22 the
2245 3531 68 24 coast,
2326 3528 81 22 whites

1848 3566 40 16 can
1899 3559 29 22 do
1945 3559 30 22 all
1991 3559 80 22 classes
2091 3558 23 23 of
2128 3558 70 22 work.
2237 3558 62 22 Even
2320 3565 27 15 on
2368 3558 39 22 the

1848 3592 61 19 coast
1919 3597 67 21 many
1997 3589 29 22 do
2036 3596 54 21 very
2107 3589 54 22 hard
2174 3589 69 22 work.
2275 3589 47 22 The
2337 3588 70 22 white

1848 3619 132 29 population
2004 3619 18 22 is
2046 3618 90 29 rapidly
2163 3618 131 29 increasing.
2335 3618 72 28 Sugar

1848 3649 64 23 could
1937 3649 27 23 be
1990 3648 112 31 produced
2133 3648 29 30 by
2187 3648 87 28 whites,
2301 3648 42 23 but
2368 3648 39 23 the

1848 3681 104 28 industry
1963 3679 74 23 would
2048 3679 27 23 be
2086 3679 96 23 reduced
2199 3681 23 21 to
2239 3679 65 22 small
2321 3679 70 22 dimen-

1847 3711 59 22 sions
1917 3711 17 21 if
1944 3711 53 28 only
2008 3711 80 20 whites
2099 3717 57 14 were
2166 3709 125 29 employed.
2316 3710 75 20 Assum-

1847 3742 38 28 ing
1897 3741 37 22 the
1942 3740 59 22 chief
2009 3740 152 21 desideratum
2170 3746 44 15 was
2222 3739 35 22 for
2264 3738 38 23 the
2311 3742 95 25 country

1848 3774 23 18 to
1881 3773 94 26 support
1985 3777 24 14 as
2019 3777 67 21 many
2098 3770 79 21 whites
2188 3777 24 14 as
2223 3768 103 30 possible,
2340 3772 67 25 apart

1848 3801 56 23 from
1916 3801 37 22 the
1965 3801 105 22 interests
2080 3799 22 23 of
2113 3799 91 30 capital,
2221 3799 20 23 it
2257 3799 73 30 might
2351 3798 28 23 be
2394 3806 13 14 a

1846 3832 58 28 good
1923 3831 75 29 policy
2018 3834 23 19 to
2060 3833 39 26 get
2119 3831 35 21 rid
2173 3830 30 28 by
2223 3830 91 28 degrees
2334 3829 23 22 of
2376 3829 30 22 all

1846 3861 88 22 colored
1945 3860 148 28 immigrants,
2111 3860 43 21 but
2164 3862 25 19 at
2198 3861 98 27 present,
2315 3858 44 22 and
2370 3859 37 22 till

1848 3891 37 22 the
1897 3890 79 23 whites
1987 3890 135 29 multiplied,
2139 3889 109 30 probably
2260 3890 37 21 the
2308 3888 84 30 employ-

1848 3923 61 20 ment
1919 3921 22 22 of
1956 3920 87 22 colored
2062 3921 98 21 laborers
2177 3919 75 23 would
2269 3919 78 23 enable
2368 3919 38 23 the

1846 3954 96 26 country
1961 3953 24 20 to
2009 3952 95 28 support
2123 3958 60 15 more
2203 3950 80 23 whites
2308 3951 55 21 than
2387 3950 20 22 it

1846 3982 120 21 otherwise
1990 3981 81 27 would,
2093 3980 67 23 while
2185 3980 39 22 the
2248 3980 158 30 development

1847 4012 74 22 would
1942 4011 27 22 be
1989 4012 66 21 much
2074 4012 80 21 slower
2173 4011 56 22 than
2249 4010 56 23 with
2325 4011 81 22 whites

1846 4043 59 30 only.
1938 4041 136 29 Questioned
2085 4050 24 15 as
2128 4044 23 21 to
2169 4042 38 23 the
2219 4041 153 24 introduction
2383 4040 24 25 of

1846 4074 88 22 colored
1952 4074 63 21 labor
2032 4075 48 20 into
2099 4074 38 21 the
2154 4073 116 22 Northern
2281 4073 124 29 Territory,

1846 4104 28 21 he
1891 4103 48 22 said
1956 4103 51 22 that
2021 4103 29 22 he
2067 4103 98 29 thought
2180 4103 112 29 Japanese
2312 4110 25 15 or
2356 4109 36 23 per-

1847 4134 55 28 haps
1912 4133 81 23 Indian
2011 4132 62 24 labor
2090 4133 80 23 should
2188 4133 27 23 be
2230 4132 94 24 allowed
2335 4133 71 22 under

1846 4164 66 22 strict
1923 4165 108 20 contract.
2062 4163 71 28 Many
2144 4163 80 22 whites
2235 4163 74 22 would
2325 4163 26 21 be
2361 4170 30 14 em-

1846 4193 82 31 ployed
1945 4193 23 22 in
1986 4193 122 22 industries
2123 4193 73 22 which
2212 4193 74 22 would
2304 4200 61 23 grow
2375 4200 31 22 up

1846 4232 23 15 as
1887 4225 22 21 in
1927 4224 149 27 Queensland,
2093 4224 44 22 and
2156 4224 17 22 if
2193 4224 62 22 these
2273 4224 133 22 afterwards

1846 4254 64 23 could
1922 4254 27 22 be
1959 4253 85 23 carried
2055 4261 28 15 on
2104 4254 29 29 by
2144 4254 68 22 white
2230 4254 63 22 labor
2303 4255 53 28 only
2367 4254 39 22 the

1846 4284 146 30 importation
2013 4284 21 22 of
2059 4283 87 23 colored
2167 4284 66 23 could
2253 4284 27 23 be
2299 4284 103 29 stopped.

1846 4315 46 23 The
1909 4314 111 30 Japanese
2037 4314 74 23 would
2127 4314 27 23 be
2172 4315 38 23 the
2227 4314 51 24 best
2295 4317 23 20 to
2336 4315 58 22 intro-

1846 4346 63 27 duce,
1930 4345 94 22 because
2041 4345 54 29 they
2106 4353 57 14 were
2180 4345 89 29 obliged
2288 4347 23 21 to
2328 4347 77 20 return

1846 4377 64 21 home
1928 4375 58 23 after
2004 4375 62 22 three
2085 4382 72 23 years.
2198 4375 29 24 So
2244 4375 53 31 long
2314 4383 24 15 as
2349 4376 42 22 Aus-

1847 4407 65 22 tralia
1923 4413 45 16 was
1979 4408 52 26 part
2041 4406 23 22 of
2078 4407 38 22 the
2128 4407 91 29 Empire
2237 4407 39 22 the
2293 4407 51 22 idea
2354 4407 53 22 that

1846 4436 151 30 immigration
2009 4436 72 23 would
2097 4437 52 29 help
2159 4445 13 14 a
2182 4436 111 30 Japanese
2304 4437 102 22 invasion

1848 4474 43 15 was
1909 4466 89 22 absurd.
2038 4466 99 29 Besides,
2159 4467 39 23 the
2214 4467 71 22 alarm
2304 4467 70 23 about
2393 4475 14 14 a

1846 4497 58 23 flood
1924 4497 23 22 of
1961 4497 111 29 Japanese
2092 4504 45 16 was
2157 4497 136 23 unfouuded.
2334 4497 73 23 There

1847 4535 57 14 were
1914 4527 44 22 less
1968 4528 54 21 than
2036 4528 62 26 1,200
2108 4527 102 29 working
2220 4535 28 14 on
2260 4528 38 21 the
2309 4527 81 27 Queens-

1846 4557 53 22 land
1916 4557 146 29 plantations,
2081 4557 44 22 and
2143 4557 81 29 hardly
2241 4565 44 21 any
2297 4560 23 19 at
2340 4560 66 19 extra

1846 4587 127 22 industries.

1994 4642 27 25 A
2039 4641 67 26 SAD
2129 4641 123 26 STORY.

1874 4715 21 23 A
1905 4715 93 23 Chelsea
2009 4722 85 15 woman
2106 4722 45 15 was
2169 4715 70 23 found
2257 4715 29 30 by
2297 4715 40 22 her
2354 4715 39 22 hus-

1846 4745 67 29 band,
1926 4745 65 24 when
2002 4744 27 23 he
2038 4747 61 22 went
2113 4745 64 23 home
2196 4745 23 23 in
2236 4745 38 23 the
2293 4745 110 30 morning,

1847 4777 98 29 hanging
1965 4777 29 27 by
2015 4783 12 14 a
2046 4783 54 22 rope
2126 4776 85 22 behind
2236 4777 38 21 the
2300 4776 105 23 bedroom

1846 4807 61 23 door.
1939 4807 34 22 On
1984 4806 38 22 the
2034 4806 60 22 table
2114 4813 45 15 was
2179 4814 28 14 an
2224 4807 107 29 envelope
2349 4806 56 22 with

1847 4839 45 21 this
1909 4837 110 22 scrawled
2036 4844 28 14 on
2085 4837 19 21 it
2120 4837 23 21 in
2161 4837 89 28 pencil:
2292 4837 11 21 I
2320 4837 28 21 do
2360 4837 45 21 this

1846 4867 93 23 because
1959 4866 12 23 I
1991 4873 35 15 am
2046 4866 124 30 compelled
2190 4870 22 19 to
2231 4867 44 22 live
2283 4866 23 22 in
2321 4873 28 15 an
2368 4865 37 23 old

1847 4899 67 23 house
1926 4898 73 23 where
2010 4896 11 24 I
2032 4905 35 15 am
2078 4898 85 29 always
2180 4897 72 29 alone,
2271 4896 67 24 while
2349 4896 27 24 he
2387 4897 18 23 is

1846 4929 110 29 spending
1972 4929 34 21 his
2024 4929 104 27 earnings
2144 4929 24 21 in
2187 4928 68 22 drink
2273 4927 45 22 and
2335 4927 56 22 domi-

1846 4966 60 20 noes,
1918 4958 43 22 and
1973 4964 51 22 goes
2036 4960 23 19 to
2069 4957 111 27 Brighton
2198 4957 108 28 enjoying
2316 4956 89 22 himself

1846 4989 56 23 with
1912 4988 66 23 other
1988 4986 84 32 people.
2105 4985 11 23 I
2128 4985 61 23 work
2201 4986 65 27 hard,
2278 4986 127 22 sometimes

1846 5021 34 22 for
1890 5028 13 14 a
1914 5019 91 30 shilling
2015 5026 13 15 a
2045 5018 45 29 day
2106 5016 44 24 and
2166 5025 13 14 a
2197 5016 35 23 bit
2248 5016 23 23 of
2286 5016 59 23 food.
2377 5016 27 23 In

1847 5051 38 22 the
1895 5051 53 29 long
1959 5052 51 27 past
2020 5056 33 14 we
2064 5049 57 21 have
2132 5047 56 22 been
2206 5047 84 30 happy,
2308 5047 45 22 and
2371 5054 33 15 we

1846 5082 73 28 might
1926 5080 49 23 still
1985 5080 27 22 be
2020 5079 18 22 if
2048 5078 35 23 his
2093 5077 93 23 brother
2196 5077 45 22 Bill
2259 5077 75 22 would
2351 5077 53 29 only

1846 5112 62 22 leave
1920 5112 46 21 him
1977 5110 63 22 alone
2056 5108 44 22 and
2118 5109 41 20 not
2175 5107 58 30 keep
2248 5108 47 21 him
2313 5109 41 20 out
2373 5107 30 22 all

1847 5141 71 30 night.
1949 5140 12 23 I
1972 5141 56 22 have
2043 5139 55 22 been
2109 5145 13 15 a
2132 5138 57 29 good
2206 5145 86 15 woman
2309 5140 24 20 to
2349 5138 54 27 him,

1846 5171 44 22 and
1910 5178 51 22 may
1978 5170 49 23 God
2044 5168 86 29 forgive
2149 5168 45 23 him
2212 5169 34 22 for
2263 5168 34 22 his
2308 5167 97 23 conduct

1846 5204 24 20 to
1881 5209 41 15 me.
1954 5200 12 23 I
1977 5202 60 22 went
2046 5201 24 22 to
2080 5206 36 15 see
2127 5206 38 22 my
2175 5206 55 24 poor
2244 5198 43 30 girl
2305 5198 100 29 to-night

1846 5232 35 22 for
1900 5232 39 22 the
1959 5232 44 22 last
2022 5231 63 26 time,
2111 5229 43 24 and
2175 5237 38 23 my
2238 5230 65 22 heart
2326 5228 79 28 nearly

1847 5262 76 28 broke,
1940 5261 35 24 for
1989 5262 39 23 she
2042 5260 64 24 looks
2128 5267 54 23 very
2205 5260 31 23 ill.
2278 5259 50 23 God
2347 5259 57 22 have

1847 5300 73 21 mercy
1941 5300 28 15 on
1987 5300 37 21 my
2043 5291 56 26 soul,
2121 5291 44 21 and
2185 5291 39 21 the
2244 5292 55 20 next
2318 5295 86 17 woman

1846 5322 97 29 Charley
1954 5322 39 22 has
2004 5328 50 22 may
2065 5321 27 20 he
2101 5321 60 20 treat
2171 5320 40 21 her
2221 5320 75 21 better
2306 5319 55 21 than
2377 5317 27 21 he

1848 5353 38 22 has
2000 5352 44 22 She
2064 5355 45 17 was
2125 5348 98 28 brought
2240 5356 31 20 up
2288 5350 25 20 at
2332 5347 57 22 West-

1846 5383 101 26 minster,
1959 5382 44 22 and
2013 5379 70 24 found
2093 5380 23 20 to
2127 5378 27 22 be
2169 5378 59 26 deaf,
2239 5378 79 27 rearly
2332 5375 71 26 blind,

1846 5413 44 23 and
1911 5412 81 29 hardly
2015 5410 49 23 able
2084 5411 24 19 to
2127 5407 76 30 speak.
2235 5406 48 22 Her
2302 5406 40 22 life
2359 5404 44 23 had

1846 5444 56 21 been
1918 5443 52 27 only
1988 5442 48 28 just
2052 5437 74 24 saved.
2158 5438 24 22 It
2197 5444 44 14 was
2259 5436 76 22 stated
2351 5435 52 22 that

1847 5473 34 21 for
1891 5478 60 16 some
1962 5472 54 21 time
2031 5469 38 22 she
2089 5467 46 22 bai
2152 5473 56 22 gone
2224 5469 23 18 to
2262 5465 44 21 bed
2325 5464 55 21 with
2391 5470 13 13 a

1847 5502 62 22 knife
1919 5500 72 24 under
2001 5500 38 22 her
2049 5497 83 30 pillow,
2142 5495 44 22 and
2194 5494 45 23 had
2247 5494 55 22 been
2310 5493 81 22 broken-

1848 5531 92 23 hearted
1952 5529 97 28 through
2059 5529 88 26 reports
2158 5525 69 22 about
2237 5524 40 22 her
2286 5529 118 23 grown-up

1847 5562 109 25 children,
1968 5567 41 14 one
2019 5558 22 22 of
2055 5557 74 21 whom
2140 5562 45 15 was
2196 5562 12 14 a
2218 5554 44 28 girl
2277 5554 23 21 in
2311 5552 90 22 service.

1847 5590 45 21 She
1902 5596 45 15 was
1957 5586 126 25 remanded.

2611 123 190 27 SPORTING.

2513 193 87 24 V.R.C.
2620 190 115 25 SPRING
2754 186 151 25 MEETING.

2578 253 49 23 Cur
2637 249 212 25 Day.—Tuesday.

2458 288 109 30 Splendid
2599 287 100 22 weather
2730 284 123 30 prevailed,
2879 283 43 22 and
2952 282 39 23 the

2429 318 136 23 attendance
2576 324 45 15 was
2632 316 39 22 the
2686 315 50 22 best
2747 321 52 15 seen
2815 316 24 20 at
2849 313 142 28 Flemington

2430 349 60 21 since
2510 346 133 23 Exhibition
2663 351 61 22 year,
2743 344 67 29 being
2827 343 120 22 estimated
2968 344 24 20 at

2430 378 84 28 70,000.
2547 375 149 24 Newhaven's
2707 374 53 22 dual
2771 374 88 29 victory
2870 373 40 23 has
2925 373 66 29 given

2430 408 39 22 the
2489 407 61 28 Ring
2567 406 39 22 the
2630 405 92 22 hardest
2742 404 74 22 knock
2835 403 103 23 received
2957 403 35 22 for

2431 443 67 23 many
2508 443 72 21 years.
2612 435 28 22 In
2651 434 158 22 conversation
2819 434 56 21 with
2886 441 13 14 a
2909 433 69 29 promi-

2430 469 56 21 nent
2496 466 119 24 Victorian
2625 465 110 23 Clubman
2751 464 39 23 the
2800 464 69 23 latter
2881 462 110 24 reckoned

2431 499 52 22 that
2493 498 111 26 £IOO,OOO
2614 496 74 23 would
2700 496 27 22 be
2743 495 54 30 paid
2812 503 65 21 away
2888 502 54 15 over
2952 495 40 21 the

2431 528 46 21 colt
2493 527 29 27 by
2542 527 39 21 the
2597 525 155 22 bookmakers.
2784 525 59 22 Jack
2861 520 86 31 Cohien,
2964 531 28 14 on

2431 557 39 22 the
2481 556 66 30 night
2557 554 131 25 Newhaven
2705 561 50 16 won
2774 555 39 22 the
2829 553 163 30 Maribyrnong

2431 587 65 23 Plate
2507 587 45 23 last
2561 593 62 22 year,
2635 585 47 23 laid
2699 593 13 15 a
2730 585 128 30 gentleman
2874 585 83 27 £5,000
2968 586 24 20 to

2432 619 44 23 £25
2496 620 45 19 two
2559 617 142 22 Newhavens
2718 616 35 22 for
2763 617 46 22 this
2825 615 72 30 year's
2915 615 76 28 Derby

2431 648 44 23 and
2486 648 49 28 Cup
2545 646 89 23 double.
2666 645 36 23 No
2712 646 71 22 easier
2793 646 44 22 win
2853 646 55 22 than
2919 646 23 21 in
2954 645 38 21 the

2432 679 69 21 latter
2511 679 68 20 event
2589 677 39 20 has
2637 676 55 21 been
2701 676 119 21 witnessed
2829 676 60 21 since
2896 674 97 22 Haricot

2432 707 76 24 bolted
2519 707 23 22 in
2554 706 61 24 1874.
2637 705 131 23 Newhaven
2778 706 19 22 is
2804 706 52 29 only
2863 705 40 23 the
2910 703 82 24 second

2432 739 107 23 chestnut
2549 737 50 23 who
2610 736 40 23 has
2660 744 50 16 won
2726 736 38 24 the
2775 736 56 30 Cup.
2862 734 130 31 Hopscotch

2432 768 113 25 stumbled
2562 767 48 22 half
2627 774 13 15 a
2651 768 51 21 mile
2712 767 58 22 from
2785 767 72 27 home,
2869 767 45 22 and
2924 765 68 28 badly

2432 797 123 26 interfered
2573 796 57 24 with
2648 796 47 23 The
2715 796 103 30 Skipper.
2851 796 37 23 Mr
2904 795 88 24 Stead's

2432 831 81 28 theory
2552 828 52 23 that
2641 827 125 23 Bloodshot
2804 834 45 16 was
2888 834 12 15 a
2938 833 40 16 non-

2432 865 76 25 stayer
2533 866 45 15 was
2602 857 119 30 exploded,
2745 865 24 15 as
2804 858 39 22 the
2877 858 45 22 last
2958 857 34 23 six

2432 892 101 27 furlongs
2569 888 23 23 of
2627 888 40 22 the
2705 888 49 29 Cup
2792 896 58 15 were
2889 895 42 15 run
2969 888 23 21 in

2434 921 59 23 lmin
2504 921 69 21 18sec.
2604 918 48 22 The
2669 918 73 22 minor
2758 921 79 19 events
2854 917 99 23 resulted
2969 925 24 14 as

2432 951 76 23 follow
2554 948 88 23 Hurdle
2662 948 60 23 Race
2731 957 6 14 :
2758 948 107 29 Merrigal
2877 949 18 21 1.
2916 947 3 30 .
2932 947 48 23 Rail-

2433 988 49 21 way
2493 979 120 29 Handicap
2623 987 5 14 :
2640 979 107 22 Armenia
2759 979 18 26 1,
2790 979 56 22 with
2857 979 137 21 Lieutenant

2432 1010 45 23 and
2488 1010 56 22 Paul
2554 1008 47 30 Pry
2611 1017 12 14 a
2634 1008 57 23 dead
2702 1008 53 23 heat
2771 1008 34 23 for
2822 1008 81 23 second
2921 1008 69 28 place.

2432 1040 171 29 Twenty-three
2614 1038 96 28 started,
2722 1038 44 22 and
2782 1038 107 22 Armenia
2902 1045 48 15 won
2961 1037 30 29 by

2432 1078 14 16 a
2470 1069 78 31 length
2578 1069 24 23 in
2628 1068 59 23 lmin
2849 1067 143 29 Kensington

2432 1101 81 24 Stakes
2523 1109 5 14 :
2548 1100 47 23 The
2621 1099 75 22 Elder.
2736 1099 102 29 Nursery
2856 1098 120 29 Handicap
2986 1098 4 30 :

2432 1132 48 22 The
2500 1131 128 29 Hypnotist
2648 1131 54 27 (8.8)
2724 1130 19 26 1,
2766 1129 113 29 Hymetus
2896 1129 54 27 (8.0)
2970 1128 20 28 2,

2432 1162 64 21 Fleet
2511 1161 104 21 Admiral
2632 1161 53 25 (9.7)
2703 1161 19 20 3.
2754 1160 102 20 Merman
2873 1160 54 24 (9.4)
2943 1165 48 14 won

2433 1191 38 22 the
2486 1190 52 22 Yan
2559 1189 64 23 Yean
2643 1189 89 26 Stakes,
2750 1188 56 22 with
2822 1187 83 24 Cinder
2921 1187 64 23 Ellen

2432 1222 21 26 (8
2464 1222 22 26 8)
2506 1220 44 22 and
2570 1219 88 22 Pilatus
2677 1219 54 27 (7.9)
2751 1219 23 21 in
2792 1219 39 22 the
2848 1218 65 22 other
2923 1218 57 22 situa-

2432 1251 66 23 tions.
2530 1249 48 24 Ten
2592 1249 77 23 others
2679 1248 95 28 started,
2791 1248 44 23 and
2853 1248 37 23 Mr
2909 1248 34 23 W.
2962 1247 27 24 R.

2433 1281 106 23 Wilson's
2549 1280 77 24 Grand
2642 1280 96 22 Flaneur
2755 1279 64 23 horse
2836 1287 50 15 won
2904 1279 58 23 after
2980 1287 12 14 a

2432 1314 65 26 great
2505 1318 49 14 race
2565 1310 30 29 by
2606 1310 47 21 half
2663 1317 13 14 a
2686 1309 57 22 head
2752 1310 22 21 in
2785 1311 57 20 lmin
2853 1310 69 21 42sec.
2945 1309 47 22 The

2432 1341 116 27 following
2558 1340 18 21 is
2587 1346 13 15 a
2610 1339 137 29 description
2758 1339 23 22 of
2791 1339 39 22 the
2841 1346 48 14 race
2905 1339 34 21 for
2955 1338 37 22 the

2432 1375 174 22 MELBOURNE
2625 1374 59 25 CUP,
2701 1381 11 14 a
2728 1374 124 24 sweepstake
2867 1374 22 20 of
2907 1375 22 20 25
2949 1380 45 15 sovs

2476 1401 56 23 each,
2548 1400 53 20 with
2616 1400 52 23 3,000
2683 1406 45 13 sovs
2744 1399 71 20 added.
2847 1400 76 19 Second
2936 1399 57 20 horse

2476 1426 34 19 500
2519 1431 50 16 sovs,
2580 1424 40 19 and
2629 1423 57 20 third
2693 1424 33 19 250
2733 1429 51 14 sovs.
2809 1423 47 20 Two
2865 1423 63 20 miles.

2433 1449 74 20 Messrs
2515 1448 62 20 Jones
2586 1447 40 21 and
2635 1447 91 24 Cooper's
2739 1447 25 19 ch
2772 1453 10 14 c
2797 1447 123 23 Newhaven,
2934 1447 25 22 by

2455 1473 248 21 Newminster—Oceana,
2712 1471 12 19 3
2731 1477 39 16 yrs,
2780 1471 40 19 7.13
2828 1487 18 3 ...
2854 1471 107 21 (Gardner)
2983 1471 10 17 1

2433 1496 32 20 Mr
2484 1496 24 19 A.
2530 1494 98 24 Harvey's
2645 1495 13 19 b
2674 1494 14 19 h
2703 1494 117 24 Bloodshot,
2837 1495 11 18 4
2863 1501 39 17 yrs,
2919 1494 42 19 8.12

2875 1518 86 23 (Power)
2983 1518 11 19 2

2432 1546 34 19 Mr
2474 1546 19 19 S.
2503 1544 110 21 Hordern's
2622 1544 36 19 blk
2665 1550 13 18 g
2688 1543 40 20 I'he
2741 1542 92 25 Skipper,
2848 1544 10 19 4
2872 1549 38 18 yrs,
2920 1543 41 19 8.10

2855 1567 106 22 (Delancy)
2983 1567 11 18 3

2433 1593 32 20 Mr
2474 1592 95 20 Wilson's
2578 1591 13 20 b
2599 1598 11 13 c
2619 1591 102 23 Resolute,
2731 1591 11 20 3
2748 1597 40 17 yrs,
2797 1591 42 19 (5.12
2865 1590 95 23 (Callina)
2983 1590 11 18 4

2454 1623 42 20 The
2512 1622 58 21 other
2589 1622 85 20 starters
2689 1626 63 16 were:
2774 1621 84 19 Preston
2874 1620 50 23 (9.2),
2941 1619 40 23 Hop-

2432 1648 69 21 scotch
2509 1648 51 23 (9.0),
2570 1646 114 23 Disfigured
2693 1646 62 23 (8.12),
2766 1645 82 20 Marusa
2856 1645 51 23 (8.8),
2923 1644 69 19 Devon

2432 1674 50 22 (8.7),
2492 1673 42 19 The
2543 1672 68 22 Merry
2619 1666 42 28 Boy
2669 1671 51 23 (8.2),
2731 1669 124 21 Dreamland
2867 1669 50 23 (8.2),
2934 1668 48 19 Mira-

2432 1697 69 20 culum
2514 1696 50 22 (8.0),
2579 1695 81 20 Broken
2674 1694 44 19 Hill
2734 1695 62 21 (7.12),
2815 1693 105 20 Chevalier
2931 1692 62 22 (7.12),

2432 1721 44 20 Coil
2484 1721 62 22 (7.11),
2561 1719 113 20 Trentbanv
2689 1718 51 23 (7.9),
2759 1718 94 19 Canoona
2869 1716 50 23 (7.9),
2935 1716 59 18 Pivot

2432 1746 50 23 (7.9),
2504 1744 59 21 Nada
2582 1744 51 23 (7.9),
2655 1742 76 24 Charge
2750 1742 51 23 (7.9),
2819 1740 108 21 Duhallow
2943 1740 51 23 (7.4),

2434 1770 86 20 Daniien
2528 1769 50 22 (7.4),
2588 1769 45 19 Tire
2641 1768 51 23 (7.1),
2702 1765 81 22 Rosella
2794 1767 62 22 (15.10),
2867 1765 57 21 lleka
2932 1765 62 23 ((5.10).

2460 1800 94 25 Betting
2563 1808 5 13 :
2584 1800 13 21 4
2608 1803 23 18 to
2644 1799 9 22 1
2665 1798 89 29 against
2762 1796 138 27 Newhaven,
2914 1796 26 22 10
2950 1797 23 20 to
2984 1796 9 21 1

2434 1831 99 26 Marusa,
2545 1829 86 26 Devon,
2643 1829 45 21 and
2699 1827 116 27 Resolute,
2828 1827 26 22 12
2874 1829 23 19 to
2916 1827 10 21 1
2945 1825 36 22 Dis-

2433 1860 94 30 figured,
2541 1861 25 21 14
2577 1861 24 21 to
2613 1860 9 22 1
2635 1857 131 31 Hopscotch
2776 1856 45 23 and
2832 1856 90 23 Broken
2933 1855 57 27 Hill,

2435 1892 25 23 16
2480 1896 23 19 to
2525 1892 9 21 1
2555 1890 119 24 Chevalier
2693 1888 45 23 and
2762 1887 103 28 Damien,
2886 1887 28 24 33
2939 1890 23 19 to
2984 1887 9 21 1

2434 1922 130 22 Bloodshot.

2461 1953 34 23 On
2520 1953 38 22 the
2588 1953 84 21 starter
2697 1950 110 30 releasing
2838 1949 39 23 the
2908 1948 87 24 barrier

2433 1984 90 23 Broken
2555 1982 56 28 Hill,
2645 1982 102 27 Preston,
2779 1981 144 27 Dreamland,
2950 1979 44 24 and

2434 2014 117 22 Chevalier
2561 2021 59 14 were
2638 2013 38 22 the
2692 2012 50 22 tirst
2760 2014 22 20 to
2801 2011 68 22 break
2887 2012 37 21 the
2941 2011 52 26 line,

2433 2044 43 23 but
2485 2044 88 29 coming
2584 2050 28 16 on
2623 2045 24 21 to
2658 2042 38 24 the
2704 2049 76 16 course
2787 2048 82 23 proper
2879 2040 39 23 the
2926 2040 66 23 order

2434 2075 45 22 had
2496 2074 101 28 changed
2612 2073 131 27 somewhat,
2756 2072 94 22 Damien
2868 2071 80 29 taking
2963 2078 30 21 up

2434 2105 39 22 the
2496 2104 105 28 running,
2622 2102 57 23 with
2700 2102 126 27 Chevalier,
2848 2101 145 26 Dreamland,

2434 2134 44 23 and
2499 2133 130 24 Newhaven
2649 2133 23 22 in
2692 2132 52 23 that
2763 2131 71 23 order.
2873 2130 119 28 However,

2434 2165 76 23 before
2527 2164 91 30 passing
2638 2163 38 23 the
2697 2162 86 31 judge's
2802 2165 42 20 box
2861 2162 22 22 in
2895 2162 38 22 the
2943 2161 50 23 first

2434 2196 73 22 round
2518 2196 38 21 the
2574 2194 96 22 favorite
2681 2201 45 14 was
2744 2193 68 22 taken
2827 2195 25 20 to
2870 2193 39 21 the
2924 2193 69 26 front,

2434 2226 45 21 and
2490 2225 58 22 after
2560 2224 51 22 that
2622 2224 63 21 there
2695 2223 19 22 is
2725 2222 60 22 little
2795 2222 43 21 left
2848 2224 25 19 to
2883 2221 108 26 describe,

2434 2263 25 15 as
2469 2256 28 22 he
2507 2262 46 15 was
2563 2261 68 15 never
2641 2253 65 30 again
2725 2252 93 23 headed.
2850 2252 31 22 As
2893 2251 39 23 the
2942 2250 53 23 field

2435 2294 58 15 were
2503 2285 77 29 racing
2591 2292 30 22 up
2632 2285 39 22 the
2681 2284 60 22 river
2751 2283 47 23 side
2809 2282 131 24 Newhaven
2949 2282 44 22 had

2435 2317 64 22 three
2509 2316 90 28 lengths
2619 2314 50 23 lead
2687 2314 22 22 of
2725 2313 111 27 Canoona,
2848 2313 60 22 after
2922 2312 73 22 whom

2435 2354 61 15 came
2500 2346 116 23 Resolute.
2626 2343 144 27 Dreamland,
2779 2342 102 28 Preston,
2892 2342 102 27 Damien,

2435 2377 86 26 Devon,
2533 2375 44 23 and
2598 2374 73 23 Nada.
2702 2374 33 22 As
2751 2374 39 22 the
2800 2372 80 30 bridge
2897 2379 46 15 was
2954 2372 41 22 left

2435 2406 83 23 behind
2530 2405 107 23 Resolute
2648 2412 39 14 ran
2699 2412 30 21 up
2740 2404 48 22 into
2798 2403 82 22 second
2888 2403 106 26 position,

2435 2436 45 24 and
2495 2443 45 16 was
2556 2435 108 23 attended
2685 2435 29 29 by
2726 2433 144 28 Dreamland,
2883 2432 112 28 Canoona,

2435 2468 86 28 Devon,
2540 2466 102 28 Preston,
2655 2465 132 29 Bloodshot,
2805 2464 45 24 and
2868 2464 125 23 Duhallow.

2435 2499 47 22 The
2516 2497 104 26 favorite,
2651 2497 111 26 however,
2794 2503 45 15 was
2868 2496 48 21 still
2945 2495 40 21 sail-

2436 2529 37 29 ing
2497 2527 66 29 along
2587 2526 93 29 merrily
2704 2526 24 22 in
2752 2526 69 27 front,
2839 2525 44 22 and
2908 2532 24 15 as
2956 2524 39 22 the

2435 2558 104 28 scraping
2554 2556 66 23 sheds
2640 2563 59 15 were
2720 2555 80 29 passed
2815 2563 45 14 was
2874 2555 65 29 quite
2953 2554 42 22 five

2436 2588 89 29 lengths
2536 2589 24 21 to
2570 2586 39 23 the
2625 2585 57 31 good
2700 2585 23 23 of
2740 2585 116 28 Resolute,
2873 2584 122 24 Trentham

2436 2619 66 30 being
2512 2617 70 28 third,
2594 2618 44 22 and
2649 2618 55 21 next
2719 2616 23 22 in
2760 2616 65 22 order
2836 2623 58 16 were
2904 2615 76 23 Dream-

2436 2650 61 27 land,
2509 2649 101 26 Damien,
2622 2647 132 27 Bloodshot,
2767 2646 71 29 Reka,
2848 2647 44 22 and
2909 2646 86 28 Devon,

2436 2680 66 23 while
2511 2678 134 23 Miraculum
2657 2684 45 15 was
2709 2685 14 14 a
2733 2677 44 22 bad
2787 2677 51 22 last.
2865 2677 116 28 Approach-

2436 2711 38 29 ing
2485 2710 64 22 home
2559 2708 129 23 Newhaven
2700 2707 61 22 drew
2769 2707 47 22 still
2827 2706 89 23 further
2923 2713 71 22 away,

2436 2741 44 22 and
2491 2741 63 21 there
2565 2741 61 20 must
2642 2739 57 21 have
2716 2737 56 23 been
2782 2739 25 20 at
2817 2737 45 23 this
2873 2737 54 21 time
2937 2737 58 28 fully

2436 2779 13 14 a
2464 2770 68 23 dozen
2548 2769 89 29 lengths
2653 2768 101 22 between
2770 2768 46 22 him
2831 2766 44 23 and
2896 2767 38 21 the
2949 2767 46 21 colt

2437 2802 51 22 that
2507 2800 82 23 chased
2609 2799 45 23 him
2673 2799 64 22 home
2753 2798 24 23 in
2794 2798 39 23 the
2843 2797 92 30 Derby;
2951 2796 44 23 and

2436 2831 143 26 Dreamland,
2606 2830 83 29 having
2706 2829 135 28 supplanted
2862 2828 130 26 Trentham,

2436 2869 45 15 was
2492 2861 68 23 third.
2592 2859 62 23 Then
2666 2866 60 16 came
2744 2859 101 28 Damien,
2862 2858 131 27 Bloodshot,

2436 2891 43 24 and
2490 2891 57 22 Tire.
2579 2890 87 28 Racing
2681 2890 66 21 down
2763 2889 39 22 the
2819 2889 99 28 straight
2928 2888 49 23 New-

2436 2922 79 27 haven,
2528 2920 97 23 without
2634 2926 45 22 any
2692 2920 109 28 apparent
2811 2918 73 26 effort,
2897 2917 52 22 held
2959 2918 36 21 his

2436 2953 133 27 advantage,
2590 2950 44 22 and
2650 2957 49 15 won
2714 2949 70 28 easily
2804 2948 30 29 by
2854 2949 34 21 six
2905 2947 90 29 lengths

2436 2982 57 22 from
2508 2979 131 28 Bloodshot,
2660 2979 51 22 who
2727 2986 45 15 was
2794 2980 46 20 two
2857 2977 45 23 and
2923 2977 72 21 a-half

2436 3012 89 30 lengths
2549 3009 71 24 ahead
2644 3009 23 22 of
2690 3008 47 23 The
2762 3007 104 31 Skipper,
2888 3007 107 23 Resolute

2436 3042 94 23 another
2550 3041 175 29 three-quarters
2745 3039 23 23 of
2791 3047 13 14 a
2828 3038 79 30 length
2932 3044 63 23 away

2436 3073 93 24 fourth;
2551 3071 44 23 and
2611 3071 53 22 then
2681 3070 103 22 followed
2801 3069 72 27 Reka,
2891 3068 103 28 Damien,

2437 3103 58 27 Tire,
2516 3101 127 28 Duhallow,
2668 3100 90 23 Broken
2778 3099 56 28 Hill,
2857 3098 137 30 Disfigured,

2436 3133 44 22 and
2491 3132 130 26 Trentham,
2633 3131 38 23 the
2682 3131 44 22 last
2744 3130 63 23 three
2817 3132 24 20 to
2852 3129 66 22 finish
2929 3129 66 28 being

2436 3163 111 26 Canoona,
2560 3161 137 30 Hopscotch,
2706 3160 44 23 and
2758 3160 141 22 Miraculum.
2923 3159 70 27 Time,

2436 3193 60 23 3min
2513 3193 84 27 28isec,
2616 3191 73 22 which
2707 3191 18 21 is
2740 3190 53 29 ouly
2810 3197 13 15 a
2838 3191 92 27 quarter
2945 3188 23 23 of
2982 3196 13 14 a

2436 3223 80 23 second
2528 3221 82 24 behind
2621 3220 113 25 Carbine's
2746 3219 78 24 record
2834 3219 57 23 done
2898 3219 23 23 in
2933 3219 61 27 1890,

2436 3254 44 24 and
2495 3253 66 30 equal
2572 3255 22 22 to
2605 3252 109 30 Dunlop's
2725 3251 22 23 in
2759 3252 60 24 1887.

2642 3288 135 27 SYDNEY,
2794 3288 136 22 November
2945 3289 19 20 4.

2464 3320 148 24 Newhaven's
2629 3319 45 23 win
2689 3326 46 15 was
2752 3318 136 29 proclaimed
2908 3318 29 29 by
2955 3317 40 23 the

2436 3351 78 23 united
2532 3350 62 23 voice
2614 3350 23 22 of
2656 3357 13 15 a
2688 3349 74 22 crowd
2784 3348 120 23 estimated
2919 3351 24 20 at
2959 3347 23 23 be-

2437 3385 72 19 tween
2528 3381 79 27 60,000
2626 3379 44 24 and
2690 3379 78 28 70,000
2787 3379 85 29 people.
2904 3378 21 23 A
2942 3377 52 24 wild

2436 3419 64 17 scene
2511 3411 21 23 of
2547 3411 137 23 excitement
2694 3417 45 15 was
2757 3409 128 28 witnessed,
2897 3408 44 23 and
2957 3408 37 23 the

2436 3443 121 29 prolonged
2568 3441 106 23 outburst
2687 3441 22 22 of
2727 3440 106 23 delirious
2850 3439 104 29 cheering
2971 3445 24 15 as

2436 3474 39 21 the
2490 3473 96 22 favorite
2605 3471 80 29 passed
2705 3471 39 22 the
2764 3471 100 27 winning
2883 3472 52 26 post
2955 3469 40 21 lias

2436 3503 84 23 seldom
2530 3502 56 22 been
2596 3500 125 31 surpassed.
2753 3500 24 23 It
2793 3508 45 15 was
2848 3508 13 14 a
2871 3500 53 28 long
2940 3498 54 23 time

2436 3533 75 22 before
2536 3533 38 21 the
2598 3532 103 28 seething
2724 3531 137 21 excitement
2880 3528 112 23 subsided.

2436 3563 47 23 The
2493 3564 59 21 most
2561 3561 87 24 excited
2665 3561 109 23 admirers
2790 3559 104 24 followed
2911 3566 30 23 up
2956 3558 39 23 the

2436 3594 85 22 winner
2532 3596 24 19 to
2567 3593 38 22 the
2615 3592 51 22 bird
2676 3599 61 21 cage,
2749 3591 44 22 and
2804 3590 97 23 relieved
2913 3591 47 21 him
2970 3589 23 22 of

2436 3631 28 14 no
2474 3623 65 22 small
2549 3622 89 29 portion
2649 3622 23 22 of
2688 3622 34 21 his
2733 3621 72 27 toilet,
2817 3620 43 23 but
2871 3620 53 28 they
2935 3625 58 16 were

2434 3653 128 28 cautioned,
2574 3660 25 16 or
2609 3652 54 29 they
2674 3651 73 31 might
2758 3652 56 22 have
2825 3650 69 23 taken
2904 3649 38 23 the
2953 3648 40 23 lot.

2436 3684 148 23 Newhaven's
2608 3683 85 29 weight
2716 3690 45 15 was
2786 3681 81 23 looked
2892 3686 59 23 upon
2970 3686 25 15 as

2435 3714 82 22 almost
2527 3721 27 14 an
2566 3713 159 29 impossibility
2739 3713 35 20 for
2790 3719 13 14 a
2821 3709 173 29 three-year-old

2437 3746 22 20 to
2476 3751 64 22 carry
2553 3747 22 19 to
2593 3744 95 28 victory,
2701 3742 43 23 and
2763 3749 28 14 no
2810 3740 66 22 other
2892 3736 65 25 horse
2972 3738 23 23 of

2435 3775 52 21 that
2499 3781 41 22 age
2555 3780 53 15 ever
2625 3772 86 23 carried
2729 3772 38 21 the
2784 3778 60 14 same
2861 3772 93 20 amount
2972 3772 23 19 to

2436 3804 38 23 the
2486 3804 98 29 winning
2594 3806 52 26 post
2657 3803 21 22 in
2690 3810 12 14 a
2713 3800 132 24 Melbourne
2861 3799 56 30 Cup.
2949 3799 46 23 \et

2436 3834 130 23 Newhaven
2586 3832 132 30 practically
2742 3832 65 22 made
2831 3831 30 22 all
2886 3831 35 22 his
2944 3838 51 14 own

2435 3864 97 27 running
2542 3863 44 22 and

2602 3898 53 18 WON
2669 3897 79 17 HANDS
2760 3897 68 17 DOWN

2435 3925 22 22 in
2469 3932 12 15 a
2492 3926 83 21 canter.
2607 3923 36 23 No
2659 3923 54 22 such
2730 3922 153 29 performance
2894 3921 39 22 has
2944 3927 52 17 ever

2435 3955 55 22 been
2507 3954 120 23 witnessed
2644 3954 22 23 in
2684 3952 124 28 Australia,
2828 3952 43 23 and
2892 3951 39 24 the
2949 3951 47 23 turf

2436 3986 87 28 history
2547 3985 23 22 of
2594 3984 39 23 the
2658 3984 70 22 world
2753 3982 75 23 would
2848 3982 57 22 have
2926 3985 23 18 to
2968 3982 28 21 be

2435 4015 105 24 searched
2553 4018 23 20 to
2587 4014 98 31 produce
2695 4022 12 14 a
2718 4013 94 30 parallel
2828 4012 52 23 dual
2898 4012 95 29 victory.

2532 4059 47 17 THE
2594 4059 58 17 RING
2669 4057 44 18 HAS
2730 4057 60 17 BEEN
2805 4055 90 19 STRUCK

2435 4092 24 14 as
2475 4085 19 21 it
2512 4085 39 21 has
2567 4084 74 27 rarely
2657 4083 56 21 been
2729 4082 79 22 struck
2823 4081 83 26 before,
2918 4081 45 21 and
2977 4081 20 21 it

2436 4114 39 22 has
2485 4116 42 19 not
2536 4113 44 22 had
2596 4112 54 23 such
2661 4119 13 15 a
2684 4111 44 23 bad
2746 4111 62 28 time,
2821 4111 103 29 perhaps,
2937 4110 59 22 since

2435 4144 112 22 Chester's
2558 4151 60 21 year.
2650 4142 23 23 It
2683 4149 46 15 was
2739 4141 85 23 shaken
2833 4144 22 19 to
2864 4141 30 22 its
2902 4140 80 22 founda-

2435 4174 60 22 tions
2506 4173 61 27 then,
2580 4172 44 23 and
2635 4173 19 21 is
2671 4172 69 29 badly
2751 4172 35 21 hit
2803 4178 57 15 now.
2892 4170 103 28 Nothing

2435 4205 22 22 in
2469 4203 38 24 the
2518 4210 50 17 race
2580 4202 74 24 would
2664 4202 57 24 have
2729 4201 76 24 suited
2812 4201 40 23 the
2862 4200 61 30 large
2934 4206 62 23 army

2435 4235 23 22 of
2473 4234 94 23 backers
2583 4241 24 16 bo
2626 4233 49 23 well
2693 4240 24 15 as
2734 4232 131 23 Newhaven
2883 4231 46 23 did.
2961 4231 36 22 He

2436 4273 52 20 was,
2500 4265 40 22 bar
2559 4264 107 28 Wallace,
2687 4264 38 22 the
2743 4264 50 21 best
2802 4262 86 22 backed
2899 4262 64 21 horse
2974 4262 22 21 in

2436 4296 38 22 the
2485 4295 55 30 Cup.
2573 4295 35 22 He
2619 4301 45 16 was
2676 4293 94 30 coupled
2782 4293 54 22 with
2846 4292 119 23 Cremorne
2974 4292 23 21 in

2435 4326 39 23 the
2485 4325 108 24 Caulfield
2605 4325 49 28 Cup
2664 4324 89 27 double,
2765 4323 45 23 and
2826 4323 38 23 the
2876 4325 44 21 two
2931 4322 49 23 New-

2435 4357 84 22 havens
2529 4356 35 23 for
2579 4356 39 23 the
2628 4354 87 23 V.R.C.
2734 4353 76 30 Derby
2828 4353 43 22 and
2887 4353 50 29 Cup
2952 4360 45 15 was

2435 4394 13 16 a
2458 4386 81 24 double
2550 4385 86 24 backed
2647 4386 34 22 for
2692 4385 30 23 all
2737 4384 39 24 the
2788 4391 79 23 money
2878 4383 116 24 available.

2435 4417 53 22 And
2498 4425 50 14 now
2559 4417 34 22 for
2605 4417 38 22 the

2584 4452 73 18 STORY
2673 4452 28 17 OF
2715 4452 48 16 THE
2778 4452 67 16 BACK.

2464 4479 31 22 As
2516 4478 39 23 the
2575 4477 141 29 twenty-five
2732 4478 95 21 starters
2845 4475 59 23 lined
2923 4482 30 21 up
2973 4475 22 20 to

2436 4508 39 23 the
2487 4508 100 23 machine
2598 4508 131 28 Hopscotch
2740 4506 44 23 and
2795 4505 135 23 Dreamland
2939 4511 56 14 were

2435 4546 28 14 on
2474 4539 39 21 the
2524 4538 78 22 inside.
2634 4538 47 22 The
2692 4539 76 20 centre
2784 4536 96 21 division
2891 4532 104 23 included

2435 4568 58 27 Tird,
2506 4567 139 28 Newhaven,
2664 4567 71 26 Reka,
2754 4565 131 25 Bloodshot,
2907 4562 88 23 Broken

2436 4597 56 28 Hill,
2520 4597 126 28 Duhallow,
2663 4597 44 21 and
2728 4604 28 14 on
2775 4595 39 22 the
2831 4597 99 19 extreme
2946 4594 37 20 out-

2435 4628 48 23 side
2493 4635 58 16 were
2562 4627 99 27 Marusa,
2673 4624 135 32 Disfigured,
2820 4623 43 22 and
2880 4621 111 23 Resolute.

2435 4659 32 23 As
2478 4659 39 23 the
2527 4658 87 23 barrier
2628 4665 48 15 rose
2687 4656 108 23 Resolute
2805 4661 46 16 was
2862 4653 38 23 the
2911 4651 49 23 first
2970 4653 23 20 to

2435 4692 39 26 get
2493 4697 28 15 on
2541 4689 35 22 his
2594 4689 54 26 feet,
2671 4688 40 22 but
2735 4685 126 26 Duhallow,
2882 4683 110 25 Canoona,

2436 4719 101 27 Damien,
2549 4718 132 26 Bloodshot,
2694 4714 142 27 Dreamland,
2848 4713 44 22 and
2901 4712 92 22 Preston

2435 4757 58 15 were
2504 4748 78 30 nearly
2593 4755 23 16 as
2627 4746 93 32 quickly
2730 4745 29 23 oft
2771 4745 37 23 the
2826 4742 70 23 mark.
2928 4740 49 24 New-

2435 4781 72 21 haven
2518 4783 39 26 got
2567 4779 67 28 fairly
2645 4778 51 21 well
2706 4783 72 21 away,
2797 4775 41 21 but
2855 4771 137 30 Hopscotch,

2434 4811 47 22 The
2492 4810 104 29 Skipper,
2609 4807 43 23 and
2664 4807 77 28 Merry
2756 4805 48 28 Boy
2820 4804 70 28 began
2906 4800 85 28 slowly,

2435 4840 119 22 Miraclum
2565 4839 66 27 being
2641 4837 39 22 the
2698 4837 44 21 last
2760 4839 23 18 to
2800 4840 70 16 move.
2955 4837 24 14 en-

2435 4870 73 29 tering
2520 4868 38 23 the
2575 4873 77 17 course
2669 4872 80 23 proper
2767 4864 38 22 the
2820 4863 61 21 front
2897 4860 95 22 division

2434 4899 113 25 consisted
2567 4898 22 24 of
2614 4894 143 29 Dreamland,
2783 4893 101 26 Preston,
2906 4889 84 26 Devon,

2434 4932 47 21 The
2492 4929 125 26 Chevalier,
2629 4927 138 25 Newhaven,
2779 4924 92 26 Charge,
2880 4921 109 23 Canoona,

2434 4959 115 27 Resolute,
2570 4957 44 22 and
2634 4955 126 24 Duhallow,
2781 4952 55 22 with
2861 4948 128 24 Trentham,

2434 4988 98 28 Rosella,
2549 4986 44 25 and
2610 4986 91 23 Marusa
2718 4985 62 25 next,
2797 4977 126 31 Disfigured
2940 4983 38 15 run-

2433 5021 54 26 ning
2504 5019 59 23 wide
2582 5025 28 15 on
2626 5016 39 24 the
2683 5013 95 27 outside,
2806 5009 43 24 and
2872 5007 118 24 Miraclum

2433 5051 48 22 still
2499 5051 50 22 last.
2586 5047 108 29 Opposite
2713 5044 38 22 the
2771 5046 98 22 carriage
2888 5038 102 28 paddock

2434 5080 129 24 Newhaven
2581 5078 52 22 shot
2650 5073 97 29 through
2764 5070 44 23 and
2824 5066 92 32 jumped
2927 5072 62 21 away

2433 5112 22 21 in
2466 5111 69 25 front,
2548 5108 43 23 and
2600 5105 64 24 raced
2673 5105 51 28 past
2731 5103 38 21 the
2779 5099 68 30 judge
2855 5105 9 15 s
2881 5098 42 21 box
2934 5096 55 21 with

2434 5141 63 23 three
2507 5138 89 28 lengths
2614 5134 49 24 lead
2679 5134 56 21 from
2751 5131 109 22 Canoona.
2892 5126 97 27 Leaving

2434 5171 39 22 the
2504 5167 97 28 straight
2632 5163 129 24 Newhaven
2791 5157 80 31 gained
2895 5155 94 23 another

2434 5199 77 29 length
2530 5197 132 26 advantage.
2694 5190 106 24 Resolute
2821 5188 52 22 then
2893 5185 64 22 made
2976 5191 13 14 a

2433 5226 138 27 determined
2582 5224 66 23 effort
2657 5225 24 20 to
2692 5221 55 22 have
2758 5227 12 14 a
2780 5220 39 20 cut
2828 5220 24 19 at
2859 5216 38 22 the
2905 5216 82 24 leader,

2433 5261 42 22 but
2493 5256 137 24 Newhaven,
2651 5250 113 31 galloping
2782 5247 46 23 like
2847 5254 13 14 a
2883 5251 61 23 piece
2966 5246 22 19 ot

2433 5288 136 25 machinery,
2587 5282 65 24 raced
2669 5282 51 28 past
2739 5280 39 21 the
2798 5277 50 22 mile
2868 5277 52 27 post
2938 5275 50 21 four

2433 5317 88 26 lengths
2545 5312 70 24 ahead
2640 5311 22 22 of
2687 5310 53 26 him,
2765 5307 103 22 Canoona
2892 5310 96 22 running

2433 5346 70 26 third,
2525 5343 55 24 with
2600 5338 143 28 Dreamland,
2764 5336 94 28 Charge,

2433 5378 85 23 Devon,
2539 5372 43 23 and
2602 5369 123 24 Trentham
2744 5367 57 22 close
2825 5372 36 22 up.
2893 5365 32 20 At
2949 5365 38 20 the

2433 5405 77 27 bridge
2546 5398 135 26 Dreamland
2719 5404 39 15 ran
2788 5402 29 22 up
2846 5394 57 22 level
2931 5394 55 20 with

2433 5434 113 25 Resolute,
2556 5430 44 23 and
2607 5430 77 21 Devon
2692 5425 78 31 passed
2779 5425 110 26 Canoona,
2899 5425 54 20 next
2963 5424 24 20 to

2433 5465 73 21 whom
2523 5467 61 15 came
2601 5459 102 24 PrestoD,
2720 5456 93 26 Charge,
2831 5453 99 26 Marusa,
2942 5451 44 23 and

2433 5494 72 23 Pivot.
2537 5489 47 23 The
2594 5487 96 29 Skipper
2704 5484 45 23 and
2763 5482 124 24 Bloodshot
2895 5489 58 15 were
2964 5481 22 22 in

2433 5524 38 23 the
2499 5519 64 27 ruck,
2591 5517 43 23 and
2659 5513 126 31 Disfigured
2805 5512 43 23 and
2868 5512 118 22 Miraclum

2433 5559 57 17 were
2500 5548 91 28 already
2601 5547 86 22 beaten.
2726 5543 95 30 Making
2835 5542 98 24 towards
2948 5542 39 23 the

2433 5580 109 24 abattoirs
2558 5576 130 23 Newhaven
2707 5573 135 29 lengthened
2862 5573 35 21 his
2916 5572 70 22 stride

2432 5609 98 25 without
2539 5614 28 15 an
2577 5606 110 29 apparent
2694 5603 73 28 effort,
2776 5602 44 23 and
2828 5601 113 24 increased
2952 5601 35 23 his

2433 5639 49 24 lead
2492 5641 24 20 to
2527 5636 47 24 half
2589 5644 12 14 a
2618 5635 69 23 dozen
2703 5634 90 29 lengths
2802 5633 57 22 from
2871 5632 113 22 Resolute.

2432 5668 122 25 Trentham
2565 5673 50 16 now
2625 5665 64 23 made
2699 5672 13 16 a
2721 5663 102 24 brilliant
2840 5670 49 21 run,
2901 5663 86 30 joining

2432 5700 35 24 his
2476 5698 73 26 stable
2559 5696 139 31 companion,
2710 5694 44 25 and
2770 5694 38 25 the
2824 5694 49 32 pair
2882 5693 66 26 raced
2958 5701 29 16 on

3021 118 58 21 after
3089 118 39 21 the
3138 117 76 22 leader
3224 125 13 14 a
3247 117 79 28 length
3341 117 44 22 and
3402 117 72 22 a-half
3488 117 59 22 clear
3557 117 23 22 of

3021 146 144 28 Dreamland,
3186 146 67 23 while
3272 146 98 29 scarcely
3390 153 13 15 a
3421 146 79 30 length
3516 154 63 21 away

3022 178 38 21 the
3071 177 70 22 colors
3150 177 23 22 of
3183 176 131 28 Bloodshot,
3324 176 47 23 The
3378 176 104 30 Skipper,
3493 176 85 29 Devon,

3021 207 102 28 Damien,
3136 207 71 28 Reka,
3220 207 43 23 and
3275 207 94 22 Preston
3380 206 89 24 became
3484 207 94 23 blended

3021 238 23 22 in
3078 238 39 22 the
3148 237 103 23 crowded
3281 244 66 21 mass,
3378 237 97 30 through
3507 238 73 22 which

3021 268 99 27 Marusa,
3138 267 137 29 Hopscotch,
3291 268 45 21 and
3351 267 89 23 Broken
3457 267 49 23 Hill
3523 275 57 15 were

3020 298 100 28 battling
3144 300 24 19 to
3190 297 46 22 find
3261 305 28 14 an
3310 298 102 28 opening.
3451 297 129 23 Newhaven

3021 327 53 22 here
3084 327 111 28 suddenly
3206 327 80 28 spread
3303 327 90 21 himself
3410 329 40 20 out
3460 329 24 20 to
3495 327 34 23 bis
3539 327 42 23 full

3021 359 88 26 extent,
3119 357 52 28 and,
3181 357 89 29 leaving
3277 356 35 23 his
3320 357 75 22 horses
3403 364 24 16 as
3434 357 85 30 though
3526 357 55 30 they

3021 388 44 23 had
3072 388 104 29 stopped,
3186 387 85 22 dashed
3279 390 52 26 past
3339 387 39 22 the
3388 387 110 23 abattoirs
3506 388 55 23 with
3569 396 13 14 a

3021 418 51 22 lead
3091 419 23 21 of
3133 418 58 28 fully
3207 420 40 20 ten
3266 417 96 29 lengths.
3394 417 116 30 Realising
3529 418 53 22 that

3021 448 40 23 the
3077 447 55 23 time
3152 447 44 23 had
3216 453 62 16 come
3297 447 35 22 for
3351 454 13 15 a
3383 454 103 23 supreme
3505 447 73 29 effort,

3022 479 102 24 Callinan
3144 477 97 24 touched
3261 477 108 24 Resolute
3385 478 55 24 with
3456 478 39 24 the
3507 486 73 23 spurs,

3022 510 44 21 and
3074 510 38 21 the
3120 510 46 21 colt
3172 508 124 30 responded
3303 510 138 28 generously.
3459 510 122 22 Trentham

3021 539 48 21 still
3080 539 61 28 hung
3152 546 28 14 on
3192 542 22 18 to
3225 538 35 22 his
3267 538 80 29 girths,
3357 539 45 21 and
3413 546 12 14 a
3435 539 78 28 leßgth
3524 540 57 20 from

3022 570 62 22 them
3109 567 65 24 could
3199 567 27 24 be
3250 576 51 15 seen
3331 567 136 24 Dreamland
3491 569 90 30 rapidly

3023 600 76 28 tiring.
3138 599 85 28 Devon,
3249 599 102 28 Damien,
3377 599 131 29 Bloodshot,
3535 600 47 23 The

3022 630 105 30 Skipper,
3146 630 44 23 and
3207 629 65 24 Reka
3293 630 59 27 (who
3370 637 46 16 was
3434 630 67 30 going
3521 630 60 29 well)

3023 668 57 15 were
3091 663 40 19 not
3141 660 47 22 half
3203 660 57 22 done
3270 661 56 22 with
3336 668 6 19 ;
3358 661 67 22 while
3442 661 137 28 Hopscotch,

3023 690 99 25 Marusa,
3144 689 90 23 Broken
3254 689 56 28 Hill,
3332 690 44 22 and
3396 690 47 23 The
3463 690 118 23 Chevalier

3023 728 57 15 were
3091 720 80 23 buried
3181 720 23 23 in
3214 720 39 23 the
3270 721 56 22 ruck
3341 720 44 23 and
3395 721 90 30 rapidly
3496 721 70 23 becom-

3023 753 38 28 ing
3080 751 155 23 demoralised.
3276 752 159 29 Approaching
3455 752 39 22 the
3513 752 66 28 bend,

3023 782 139 27 Newhaven,
3187 781 50 23 who
3261 788 46 16 was
3331 784 40 20 not
3400 783 111 29 anything
3535 782 45 22 like

3022 811 121 29 extended,
3155 811 61 23 drew
3226 814 40 20 out
3276 812 44 22 and
3331 812 64 23 raced
3413 815 52 27 past
3475 813 39 22 the
3524 813 45 22 half-

3023 843 52 22 mile
3091 845 51 27 post
3160 844 37 21 ten
3213 850 24 15 or
3253 842 81 24 twelve
3350 843 90 30 lengths
3456 843 59 23 clear
3531 844 23 22 of
3569 851 13 15 a

3022 874 126 29 hopelessly
3168 873 79 23 beaten
3265 873 60 28 field,
3344 874 72 23 which
3434 881 46 16 was
3495 874 85 23 headed

3023 904 30 29 by
3063 903 108 23 Resolute
3181 903 44 23 and
3235 903 129 28 Trentham,
3377 905 50 22 who
3444 912 57 15 were
3511 912 56 22 grow-

3023 935 38 29 ing
3080 941 82 22 weary,
3184 934 43 22 and
3247 934 78 22 Devon
3345 935 44 22 and
3408 934 102 28 Damien,
3531 935 51 22 who

3023 964 87 29 shortly
3117 964 133 23 afterwards
3257 971 55 20 gave
3319 964 62 30 place
3390 967 23 20 to
3418 965 49 22 The
3476 964 104 30 Skipper,

3022 994 132 28 Bloodshot,
3180 994 44 22 and
3248 994 71 22 Reka.
3362 994 59 23 Here
3446 995 135 23 Dreamland

3023 1025 66 22 faded
3101 1031 71 22 away,
3183 1024 45 22 and
3245 1032 13 14 a
3275 1025 61 21 little
3351 1025 88 21 further
3456 1032 29 15 on
3501 1025 67 23 Blood-

3023 1055 52 22 shot
3085 1055 64 21 made
3159 1062 14 14 a
3183 1058 64 25 great
3257 1054 72 27 effort,
3342 1055 43 22 and
3397 1055 63 22 Reka
3477 1055 64 22 raced
3553 1062 27 15 on

3023 1088 69 20 terms
3102 1085 56 22 with
3170 1085 37 22 the
3218 1084 80 23 beaten
3309 1084 121 23 Trentham
3441 1085 44 23 and
3494 1085 85 29 Devon,

3023 1115 41 23 but
3084 1115 94 23 Damien
3198 1122 45 16 was
3263 1115 47 23 still
3330 1115 69 30 doing
3417 1115 57 24 well.
3507 1115 73 24 When

3022 1146 97 29 halfway
3134 1146 72 22 round
3222 1146 38 22 the
3275 1145 58 23 bend
3349 1145 107 23 Resolute
3465 1147 65 21 made
3540 1154 41 14 one

3022 1176 52 28 long
3084 1175 115 22 sustained
3210 1175 182 29 heart-breaking
3409 1175 66 22 effort
3485 1178 24 19 to
3519 1182 49 16 over-

3023 1206 52 23 haul
3080 1205 37 23 the
3122 1204 70 31 flying
3197 1205 82 27 leader,
3285 1205 65 23 while
3355 1205 39 24 the
3399 1204 55 25 New
3459 1205 121 24 Zealander

3021 1243 28 15 on
3060 1236 40 22 the
3110 1236 88 22 outside
3208 1236 44 21 and
3263 1236 65 21 Reka
3343 1236 22 21 in
3383 1236 38 22 the
3439 1238 76 20 centre
3532 1236 48 29 just

3021 1266 90 23 showed
3119 1266 22 23 in
3146 1266 98 23 advance
3249 1266 23 23 of
3279 1265 78 24 Devon
3365 1265 43 24 and
3418 1265 101 30 Damien,
3526 1266 53 23 both

3021 1298 23 21 of
3054 1298 73 21 whom
3138 1305 57 14 were
3206 1297 87 22 beaten.
3324 1297 48 22 The
3382 1297 96 22 favorite
3488 1298 92 21 entered

3023 1327 38 21 the
3071 1326 98 28 straight
3180 1326 55 21 with
3246 1326 38 21 the
3294 1327 103 27 question
3408 1327 90 26 settled,
3515 1327 66 21 while

3023 1356 38 23 the
3079 1356 88 29 leading
3183 1356 33 22 lot
3235 1356 51 22 that
3301 1356 103 22 followed
3421 1359 40 26 got
3477 1364 28 14 on
3522 1356 59 22 close

3024 1389 74 21 terms.
3135 1387 36 22 An
3189 1386 147 23 enthusiastic
3354 1387 64 23 burst
3434 1387 23 22 of
3473 1387 107 29 applause

3023 1417 69 22 broke
3103 1417 61 22 forth
3181 1417 65 28 again
3265 1416 43 23 and
3326 1418 64 27 again
3409 1424 24 15 as
3451 1416 130 23 Newhaven

3023 1446 82 23 turned
3117 1447 38 22 the
3166 1446 64 23 home
3247 1453 77 16 corner
3335 1446 43 23 and
3389 1446 102 30 galloped
3503 1453 30 22 up
3543 1446 39 23 the

3023 1476 106 28 straight,
3140 1476 102 21 Gardner
3252 1476 80 28 sitting
3342 1483 24 14 as
3376 1476 48 21 still
3441 1483 24 13 as
3475 1483 13 13 a
3497 1479 83 23 statue,

3024 1505 44 23 and
3079 1505 97 23 without
3188 1505 37 22 the
3235 1512 39 15 use
3284 1505 23 22 of
3318 1505 59 29 whip
3387 1512 25 15 or
3420 1512 54 22 spur
3484 1512 49 14 won
3544 1504 38 23 the

3024 1536 48 29 Cup
3083 1536 22 22 in
3121 1543 13 15 a
3151 1539 77 19 canter
3243 1535 29 29 by
3284 1543 66 15 seven
3368 1535 97 29 lengths,
3482 1535 45 22 and
3544 1536 39 21 the

3023 1566 166 21 blood-stained
3200 1565 52 22 field
3263 1573 61 14 came
3334 1573 28 14 011
3373 1566 22 21 in
3406 1566 118 26 desperate
3541 1564 42 22 but

3025 1595 101 29 hopeless
3159 1594 95 29 pursuit.
3300 1594 123 22 Bloodshot
3454 1596 40 20 cut
3517 1593 65 22 down

3025 1625 108 23 Resolute
3143 1625 75 22 before
3235 1624 105 30 reaching
3357 1624 39 22 the
3413 1623 109 28 distance,
3540 1623 42 23 and

3025 1656 47 23 The
3081 1655 97 30 Skipper
3188 1655 107 30 (battling
3310 1655 34 22 for
3360 1662 67 22 every
3438 1654 51 23 inch
3505 1654 23 23 of
3545 1655 38 22 the

3025 1686 94 28 ground,
3131 1686 44 21 and
3186 1693 67 14 never
3263 1685 107 29 flinching
3381 1692 24 15 or
3415 1685 118 27 swerving,
3543 1684 40 22 but

3025 1716 114 29 galloping
3158 1723 24 14 as
3201 1715 99 29 straight
3317 1722 23 15 as
3356 1722 13 14 a
3383 1714 137 28 gun-barrel)
3538 1714 45 21 also

3025 1746 86 22 headed
3129 1745 39 23 the
3186 1748 112 20 worn-out
3312 1745 33 23 St.
3359 1745 85 22 Albans
3455 1744 51 23 colt.
3537 1744 46 23 The

3025 1777 49 29 pair
3085 1777 54 22 then
3150 1776 83 22 settled
3244 1776 66 21 down
3321 1778 23 19 to
3355 1783 13 14 a
3378 1775 57 29 fight
3452 1775 34 22 for
3503 1775 80 22 second

3026 1807 70 28 place,
3113 1806 51 27 and,
3183 1806 37 22 Mr
3236 1805 87 23 Stead's
3338 1805 90 22 cast-off
3441 1805 90 29 staying
3547 1804 36 23 the

3025 1837 95 28 longest,
3133 1836 92 22 secured
3242 1836 38 22 the
3298 1836 69 21 honor
3387 1835 30 29 by
3433 1837 46 20 two
3496 1835 87 29 lengths

3025 1867 44 23 and
3089 1866 70 24 a-half
3179 1866 58 23 from
3261 1865 39 23 the
3324 1865 86 30 gallant
3430 1865 60 23 little
3510 1864 72 24 black.

3026 1898 107 23 Resolute
3153 1905 45 15 was
3218 1905 13 14 a
3251 1897 78 30 length
3348 1896 32 23 off
3398 1896 86 28 fourth,
3501 1896 82 30 closely

3025 1929 104 23 followed
3147 1928 30 31 by
3197 1928 39 23 the
3256 1927 162 30 fast-finishing
3437 1927 71 28 Reka,
3526 1927 57 22 after

3025 1960 72 24 which
3109 1967 61 17 came
3181 1959 102 29 Damien,
3293 1958 127 29 Duhallow,
3430 1958 87 24 Broken
3526 1957 56 30 Hill,

3025 1991 144 27 Dreamland,
3191 1991 86 27 Devon,
3303 1990 59 28 Tire,
3388 1989 73 29 Nada,
3483 1990 99 27 Marusa,

3024 2022 48 22 The
3087 2022 125 26 Chevalier,
3231 2020 130 27 Trentham,
3383 2020 137 29 Hopscotch,
3539 2020 43 22 and

3025 2052 104 27 Rosella;
3145 2051 67 23 while
3224 2051 38 23 the
3273 2051 44 23 last
3334 2051 33 22 lot
3377 2058 57 15 were
3445 2050 136 30 Disfigured,

3024 2083 112 26 Cauoona,
3148 2082 75 27 Pivot,
3241 2081 44 23 and
3300 2081 125 22 Miraclum.
3472 2081 49 22 The
3536 2088 35 15 sur-

3024 2112 59 28 prise
3094 2112 23 22 of
3127 2112 39 22 the
3181 2118 50 15 race
3249 2118 44 15 was
3314 2111 38 22 the
3371 2111 86 28 gallant
3476 2110 66 22 finish
3560 2111 23 21 of

3025 2142 71 28 Reka,
3108 2142 50 23 who
3170 2149 44 16 was
3225 2141 113 30 galloping
3348 2140 70 24 faster
3433 2140 55 24 than
3505 2148 44 23 any
3560 2140 23 23 of

3025 2174 38 23 the
3074 2173 78 29 placed
3163 2173 75 23 horses
3248 2175 24 20 at
3283 2172 38 23 the
3331 2171 73 24 finish.

3094 2215 47 16 THE
3157 2215 108 16 WINNING
3280 2208 109 25 JOCKEY'S
3404 2213 110 17 ACCOUNT.

3053 2239 108 28 Gardner,
3192 2239 50 23 who
3267 2245 45 16 was
3335 2237 139 23 determined
3493 2239 40 21 not
3557 2239 23 20 to

3027 2269 71 23 throw
3109 2277 43 21 any
3164 2270 82 22 chance
3256 2276 71 22 away,
3343 2268 48 23 said
3409 2268 28 22 he
3453 2275 68 15 never
3536 2274 44 16 saw

3025 2307 13 14 a
3053 2300 56 21 flash
3119 2301 22 21 of
3152 2300 43 21 silk
3207 2300 58 21 after
3283 2300 27 21 he
3326 2300 54 21 took
3396 2298 39 23 the
3451 2298 96 22 favorite
3558 2300 24 20 to

3027 2330 38 21 the
3075 2330 68 26 front,
3155 2330 45 21 and
3211 2329 64 22 could
3286 2330 52 28 only
3350 2330 52 21 hear
3422 2328 38 22 the
3474 2328 94 22 thunder-

3027 2359 38 29 ing
3089 2359 23 22 of
3136 2359 38 22 the
3205 2359 89 28 mighty
3318 2358 118 22 cavalcade
3459 2358 120 27 following.

3027 2389 75 23 Never
3112 2396 54 16 once
3177 2389 44 22 had
3233 2389 27 22 he
3270 2391 24 20 to
3305 2388 42 22 call
3365 2395 59 22 upon
3442 2387 38 23 the
3499 2387 46 23 colt
3559 2390 23 20 to

3027 2427 56 15 race.

3054 2450 103 24 Callinan
3168 2449 44 23 had
3223 2457 13 15 a
3246 2448 56 24 hard
3313 2448 48 24 ride
3370 2455 29 17 on
3414 2447 114 29 Resolute,
3540 2447 43 24 and

3027 2481 27 23 he
3065 2481 99 23 handled
3176 2481 38 23 the
3225 2481 45 23 colt
3281 2480 57 28 well,
3351 2479 41 23 but
3411 2479 30 23 all
3458 2479 34 23 his
3508 2479 76 23 efforts

3027 2514 24 19 to
3061 2512 65 21 catch
3143 2511 40 22 the
3201 2511 97 22 favorite
3317 2517 58 15 were
3395 2510 89 22 useless.
3522 2509 46 28 Hop-

3027 2542 76 23 scotch
3114 2540 44 23 and
3169 2541 47 22 The
3228 2540 97 30 Skipper
3336 2543 45 19 met
3399 2540 56 22 with
3473 2539 43 22 bad
3533 2539 51 22 luck

3027 2575 24 18 at
3061 2572 39 21 the
3111 2571 56 21 back
3178 2571 23 21 of
3212 2571 39 21 the
3259 2577 84 19 course,
3354 2570 41 21 but
3403 2570 95 28 nothing
3506 2572 79 25 except

3027 2610 12 14 a
3049 2601 40 23 fall
3101 2601 66 23 could
3178 2601 57 23 have
3246 2599 94 24 affected
3352 2599 39 23 the
3401 2599 78 23 result.
3520 2598 48 24 New-

3027 2633 71 23 haven
3110 2632 65 23 could
3186 2632 70 28 easily
3267 2632 57 21 have
3339 2631 84 22 broken
3434 2631 30 22 all
3474 2629 95 24 records.

3171 2667 157 23 newhaven's
3345 2674 99 15 future.

3054 2699 24 23 It
3089 2699 19 22 is
3119 2699 39 22 the
3174 2698 112 23 intention
3302 2697 22 22 of
3345 2697 38 22 the
3403 2704 86 15 owners
3505 2696 23 22 of
3547 2695 38 24 the

3027 2729 152 24 Newmiuster
3197 2728 45 23 colt
3262 2731 24 20 to
3305 2728 55 22 send
3381 2728 46 22 him
3438 2729 23 21 to
3472 2726 111 30 England,

3026 2760 43 22 and
3081 2763 24 19 to
3115 2766 49 16 race
3175 2759 46 22 him
3232 2759 69 22 there.

3152 2820 64 22 Oaks
3228 2819 227 23 Day.—Thursday.

3053 2881 71 21 There
3135 2888 45 14 was
3191 2881 65 27 again
3274 2880 44 22 fine
3328 2879 108 26 weather,
3448 2877 44 23 and
3503 2886 12 13 a
3526 2877 56 28 good

3025 2909 142 22 attendance.
3208 2909 38 22 Mr
3265 2909 123 22 Hordern's
3412 2907 85 23 Cravat
3516 2907 67 26 (7.11)

3025 2939 53 23 beat
3089 2939 37 22 Mr
3136 2938 99 23 Gollan's
3253 2938 51 23 Tire
3322 2938 53 28 (7.6)
3386 2937 30 28 by
3427 2936 47 23 half
3484 2944 13 15 a
3506 2936 78 30 length

3025 2970 23 21 in
3074 2970 39 21 the
3137 2968 83 29 Spring
3248 2968 127 28 Handicap,
3401 2968 39 21 the
3464 2966 52 23 mile
3540 2966 44 22 and

3025 3001 116 28 a-quarter
3151 2999 66 28 being
3228 3000 37 21 cut
3282 2999 41 21 out
3339 2997 22 23 in
3377 2997 60 23 2min
3547 2996 37 22 Mr

3025 3029 135 24 Oxenham's
3180 3029 78 30 Syerla
3278 3029 54 28 (7.6)
3352 3031 42 26 put
3413 3027 66 23 down
3498 3034 13 16 a
3535 3034 36 23 pro-

3026 3060 102 23 nounced
3147 3060 98 22 favorite
3264 3060 22 21 in
3307 3059 89 22 Patriot
3415 3059 68 26 (8.10)
3503 3058 22 22 in
3545 3058 39 21 the

3027 3090 101 29 Nursery
3140 3090 125 28 Handicap,
3279 3089 37 22 Mr
3330 3088 113 22 O'Brien's
3453 3088 46 22 colt
3508 3087 65 23 suffer-

3026 3121 38 29 ing
3082 3121 76 22 defeat
3175 3121 30 28 by
3222 3119 48 23 half
3289 3127 13 15 a
3319 3119 63 22 head.
3421 3118 47 23 The
3485 3117 99 23 Veteran

3026 3151 81 22 Stakes
3127 3150 39 23 fell
3187 3153 24 19 to
3235 3149 120 29 O'Trigger
3380 3149 62 27 (7.7),
3459 3148 49 23 who
3533 3148 53 22 beat

3026 3180 68 23 Pivot
3105 3182 67 26 (7.10)
3183 3180 30 29 by
3224 3187 13 15 a
3248 3179 65 28 head,
3325 3178 57 23 with
3392 3177 127 31 Disfigured
3531 3178 53 27 (9.2)

3027 3218 12 16 a
3054 3211 57 22 neck
3126 3210 35 23 off.
3199 3210 70 27 Time,
3287 3210 60 22 2min
3363 3210 69 22 38sec.
3464 3208 46 23 The
3525 3208 48 29 prin-

3026 3242 58 30 cipal
3099 3244 79 21 events
3193 3248 58 16 were

3025 3278 105 21 FLYING
3142 3277 108 24 STAKES,
3260 3277 22 20 of
3293 3277 33 20 200
3335 3283 49 14 sovs.
3410 3276 83 24 Second,
3502 3276 23 21 50
3532 3281 49 15 sovs.

3123 3302 83 26 Weight
3215 3302 30 19 for
3253 3308 41 17 age.
3319 3302 63 19 Seven
3392 3300 94 24 furlongs.

3026 3327 53 20 Hon.
3089 3326 32 19 W.
3131 3326 25 19 A.
3171 3326 70 23 Long's
3253 3326 25 19 ch
3290 3332 12 17 g
3314 3324 120 25 Hopscotch,
3448 3325 27 23 by
3483 3323 67 21 Grand

3049 3350 188 22 Flaneur—Terara,
3248 3350 49 23 aged
3337 3366 19 4 ...
3424 3364 19 5 ...
3467 3348 83 24 (Hayes)
3573 3348 9 19 1

3026 3375 32 20 Mr
3067 3375 19 19 P.
3098 3374 83 20 Moore's
3190 3375 13 19 b
3211 3380 13 18 g
3233 3375 128 22 Lieutenant,
3372 3374 10 19 5
3391 3373 160 24 yvs...(Delaney)
3573 3373 11 18 2

3026 3400 32 19 Mr
3066 3401 23 17 A.
3100 3399 97 23 Harvey's
3206 3399 12 19 b
3227 3399 14 19 h
3250 3398 116 24 Bloodshot,
3375 3398 10 19 4
3393 3403 55 18 yrs...
3465 3397 86 23 (Power)
3572 3396 12 20 3

3048 3424 43 19 Coil
3100 3423 41 20 also
3151 3429 41 14 ran.

3052 3454 94 29 Betting
3155 3451 4 32 :
3175 3455 13 21 6
3201 3456 22 20 to
3233 3455 13 20 4
3257 3453 88 29 against
3359 3452 137 30 Hopscotch,
3513 3451 13 23 9
3537 3452 23 22 to
3571 3451 13 22 4

3025 3484 144 27 Lieutenant,
3185 3484 14 21 4
3209 3486 23 19 to
3245 3484 9 21 1
3271 3483 130 26 Bloodshot,
3417 3483 13 21 6
3441 3486 23 18 to
3477 3483 9 20 1
3499 3481 54 23 Coil.

3053 3514 59 23 Won
3130 3514 69 28 easily
3217 3513 30 29 by
3265 3513 47 22 half
3328 3521 12 14 a
3358 3512 77 29 length
3446 3519 6 19 ;
3468 3511 38 23 the
3523 3518 61 15 same

3025 3544 101 23 distance
3140 3544 102 22 between
3257 3542 80 23 second
3351 3542 45 22 and
3412 3541 68 22 third.
3512 3541 70 28 Time,

3027 3575 57 23 lmin
3100 3575 84 28 28{sec.

3025 3610 72 20 OAKS
3113 3608 109 24 STAKES,
3239 3609 21 19 of
3275 3609 34 19 200
3324 3614 51 15 sovs.
3404 3608 77 19 Second
3495 3608 23 19 60
3533 3613 51 18 sovs,

3070 3633 56 19 third
3134 3633 22 19 30
3164 3639 50 13 sovs.
3246 3632 39 19 For
3298 3632 154 23 three-year-old
3461 3631 65 24 fillies,
3536 3632 47 19 8.10.

3070 3658 42 20 One
3121 3657 48 21 mile
3178 3657 40 21 and
3227 3657 71 21 a-half.

3026 3682 32 20 Mr
3078 3682 17 20 J.
3118 3682 93 20 Rowan's
3236 3682 25 20 ch
3286 3682 9 20 f
3314 3681 96 21 Thunder
3429 3681 75 24 Queen,
3526 3681 26 24 by

3047 3707 232 23 Thunderbolt—Queen
3288 3706 86 20 Consort
3436 3721 19 5 ...
3471 3705 82 23 (Lewis)
3576 3705 10 20 1

3025 3731 33 20 Mr
3066 3731 24 20 D.
3101 3730 106 21 Wallace's
3216 3731 23 19 br
3254 3730 9 20 f
3276 3730 129 24 Moonlyong,
3414 3730 27 23 by
3450 3730 104 19 Mentor-

3048 3755 68 20 Sierra
3159 3771 19 4 ...
3248 3770 20 5 ...
3337 3770 19 4 ...
3427 3769 19 5 ...
3469 3753 86 24 (Power)
3577 3754 9 18 2

3026 3779 32 20 Mr
3067 3779 23 19 D.
3100 3778 85 21 James's
3194 3778 13 20 b
3217 3779 8 19 f
3233 3778 90 20 Princess
3332 3778 21 20 of
3361 3778 75 23 Wales,
3443 3778 27 23 by
3478 3778 62 19 Robin-

3048 3810 35 14 son
3092 3803 155 24 Crusoe—Lady
3256 3803 95 20 Marsden
3413 3819 19 4 ...
3463 3801 92 24 (Anwio)
3577 3801 9 21 3

3048 3834 100 21 Constant
3156 3834 42 20 also
3207 3833 84 20 started.

3053 3864 108 28 Betting:
3177 3863 63 22 Even
3257 3870 79 22 money
3347 3862 107 23 Thunder
3472 3862 84 28 Queen,
3575 3864 11 21 5

3027 3895 23 21 to
3060 3893 13 23 2
3083 3893 88 30 against
3182 3893 103 23 Princess
3295 3893 22 23 of
3330 3892 82 29 Walea,
3425 3893 13 23 6
3449 3894 23 22 to
3484 3893 10 22 1
3506 3892 62 23 Moon-

3026 3925 75 29 lyong.

3055 3955 59 23 Won
3124 3954 70 30 easily
3205 3954 29 30 by
3245 3963 13 14 a
3268 3954 78 30 length
3358 3962 5 19 ;
3385 3962 13 15 a
3416 3954 69 23 dozen
3497 3953 89 30 lengths

3027 3986 101 22 between
3152 3986 82 22 second
3254 3985 44 22 and
3319 3984 69 22 third.
3434 3984 70 28 Time,
3526 3984 59 22 2min

3026 4017 85 27 40jsec.

3087 4067 27 26 A
3132 4065 237 28 MYSTERIOUS
3388 4065 123 27 DEATH.

3055 4135 32 22 At
3099 4134 37 23 the
3147 4134 90 29 inquest
3247 4137 24 19 at
3282 4133 141 29 Wellington
3438 4140 28 15 on
3477 4132 38 22 the
3526 4130 58 28 body

3027 4164 23 22 of
3060 4164 117 29 Margaret
3187 4164 135 26 Robertson,
3332 4163 70 21 found
3412 4161 106 23 drowned
3529 4156 55 26 with

3027 4194 39 23 the
3076 4197 51 20 coat
3137 4194 23 23 of
3170 4201 29 16 an
3207 4194 75 22 officer
3289 4193 22 22 of
3322 4193 38 22 the
3369 4192 75 23 Union
3452 4190 132 30 Company's

3028 4225 52 23 fleet
3097 4233 27 14 on
3143 4225 46 27 her,
3206 4225 39 22 the
3262 4227 50 26 post
3327 4226 90 20 mortem
3435 4222 83 29 proved
3534 4221 50 23 that

3028 4256 68 22 death
3116 4255 100 23 resulted
3235 4255 58 21 from
3312 4253 123 28 drowning.
3474 4252 46 22 The
3540 4251 33 22 evi-

3028 4286 68 22 dence
3116 4285 90 23 showed
3227 4285 51 22 that
3302 4283 79 22 Alfred
3402 4283 102 28 Phillips,
3526 4281 58 23 chief

3028 4316 73 23 officer
3112 4316 22 22 of
3153 4316 38 22 the
3202 4314 108 30 Penguin,
3323 4321 45 15 was
3386 4313 22 23 in
3426 4313 40 22 her
3476 4319 108 22 company

3027 4347 58 22 from
3099 4347 51 23 7.30
3165 4348 24 20 to
3207 4346 26 22 10
3250 4344 84 23 o'clock
3351 4351 28 15 on
3397 4343 93 28 Sunday
3510 4342 72 29 night,

3029 4377 63 22 when
3108 4377 27 22 he
3146 4375 80 31 parted
3237 4375 55 23 with
3305 4374 39 22 her
3355 4381 28 15 on
3393 4373 39 23 the
3443 4379 108 23 gangway
3562 4367 22 27 of

3028 4408 38 23 the
3076 4407 79 27 vessel,
3165 4414 23 15 as
3198 4406 39 23 she
3249 4405 87 22 refused
3348 4406 23 21 to
3382 4404 64 22 allow
3457 4403 46 22 him
3515 4405 22 20 to
3548 4410 35 14 see

3028 4438 38 22 her
3076 4438 71 22 home.
3179 4437 82 22 Purser
3277 4435 93 23 Stevens
3386 4433 97 29 deposed
3494 4433 52 22 that
3556 4432 27 23 he

3026 4476 46 14 saw
3082 4468 40 21 her
3139 4474 28 14 on
3184 4465 57 23 deck
3257 4465 56 22 with
3332 4464 102 28 Phillips,
3447 4463 44 22 and
3509 4465 24 20 at
3544 4465 38 19 ten

3026 4498 83 21 o'clock
3134 4496 68 22 beard
3232 4495 46 21 him
3309 4494 37 21 bid
3377 4494 39 20 her
3440 4492 138 29 goodnight.

3026 4527 94 27 Phillips
3137 4526 52 21 then
3205 4524 75 28 joined
3297 4524 98 25 witness,
3408 4523 44 20 and
3468 4521 111 22 remained

3025 4557 23 21 in
3068 4555 38 22 the
3126 4553 86 23 latter's
3228 4552 63 22 cabin
3312 4551 35 22 till
3364 4551 78 27 nearly
3459 4550 119 28 midnight,

3026 4586 63 22 when
3105 4584 27 22 he
3150 4582 81 24 turned
3247 4582 29 22 in.
3308 4580 94 26 Connor,
3415 4587 13 14 a
3442 4579 92 22 fireman
3551 4586 27 14 on

3025 4615 38 23 the
3075 4613 76 26 vessel,
3164 4612 47 22 said
3219 4611 70 21 about
3301 4611 47 21 1.30
3358 4616 28 14 on
3397 4608 99 28 Monday
3507 4615 56 14 morn-

3024 4646 38 28 ing
3073 4645 26 21 he
3110 4642 67 23 heard
3188 4649 13 14 a
3212 4647 84 16 woman
3313 4646 91 19 scream,
3421 4638 41 22 but
3472 4637 106 29 thinking

3024 4676 19 21 it
3053 4681 44 15 was
3108 4680 28 15 an
3153 4671 103 22 accident
3273 4669 53 23 took
3346 4676 27 14 no
3390 4668 88 22 further
3494 4667 80 22 notice.

3024 4705 27 21 In
3061 4704 35 21 his
3106 4702 104 22 evidence
3227 4699 94 27 Phillips
3332 4697 47 22 said
3391 4697 38 22 the
3440 4697 44 21 last
3494 4697 27 21 he
3531 4704 45 14 saw

3024 4733 22 23 of
3056 4730 105 24 deceased
3172 4737 45 14 was
3229 4736 28 14 on
3271 4728 39 21 the
3324 4733 109 23 gangway
3443 4733 28 14 on
3485 4725 91 29 Sunday

3023 4763 71 29 night.
3125 4760 44 24 She
3179 4758 110 30 appeared
3307 4758 53 22 then
3370 4763 25 16 as
3405 4756 63 23 usual
3478 4755 44 23 and
3536 4759 41 19 not

3023 4791 95 27 excited,
3127 4790 43 23 and
3178 4790 63 22 there
3252 4794 44 16 was
3304 4787 94 28 nothing
3405 4786 99 22 between
3515 4786 61 21 them

3023 4826 23 19 to
3057 4820 64 23 make
3132 4821 38 21 her
3181 4817 145 30 despondent.
3349 4816 43 23 She
3403 4815 51 28 had,
3464 4815 110 28 however,

3023 4849 137 30 complained
3177 4849 23 20 of
3214 4848 82 26 feeling
3313 4845 122 22 miserable.
3467 4845 33 21 On
3511 4845 48 21 Mon-

3021 4881 44 30 day
3075 4879 102 29 morning
3187 4878 27 22 he
3224 4876 49 23 first
3288 4874 80 23 missed
3384 4874 33 22 his
3428 4876 57 25 coat,
3497 4873 43 22 and
3552 4874 22 21 in

3021 4911 116 28 searching
3146 4910 35 22 for
3191 4909 19 22 it
3219 4906 130 24 discovered
3364 4906 38 22 the
3412 4904 126 23 remainder
3552 4904 23 23 of

3022 4942 39 19 her
3071 4940 91 24 clothes,
3174 4937 73 22 which
3256 4937 26 20 he
3292 4938 51 18 sent
3353 4937 23 19 to
3386 4935 39 21 her
3435 4934 85 22 friends
3530 4935 43 20 and

3021 4968 68 23 asked
3099 4968 35 22 for
3144 4967 35 21 his
3188 4973 56 14 rwn.
3271 4964 42 22 His
3324 4967 50 18 coat
3384 4965 60 19 must
3455 4963 56 21 have
3518 4962 55 22 been

3021 4997 103 25 removed
3134 4997 57 22 from
3202 4995 33 22 his
3246 4993 64 24 cabin
3321 4993 88 23 betwen
3421 4993 62 22 10.30
3493 4992 43 23 and
3549 4993 23 22 11

3020 5038 28 14 on
3067 5028 92 28 Sunday
3176 5026 66 29 night
3259 5032 24 15 or
3299 5024 66 23 while
3385 5024 27 22 ho
3428 5031 45 15 was
3491 5023 79 29 asleep.

3020 5059 51 22 Had
3083 5059 27 21 he
3120 5055 117 30 suspected
3254 5062 43 21 any
3301 5055 63 28 thing
3374 5061 77 22 wrong
3461 5053 28 22 he
3499 5053 73 23 would

3019 5090 56 21 have
3086 5085 109 25 informed
3206 5085 37 22 the
3254 5085 77 28 police.
3364 5083 35 23 He
3409 5083 65 23 could
3481 5085 41 21 not
3531 5086 42 25 put

3019 5118 60 22 forth
3090 5124 44 22 any
3145 5116 79 28 theory
3234 5114 35 22 for
3279 5114 125 22 deceased's
3414 5114 81 21 action.
3526 5113 47 22 The

3019 5148 103 26 Coroner,
3141 5146 22 22 in
3181 5144 111 30 summing
3306 5152 37 21 up,
3355 5143 47 24 said
3414 5144 51 23 that
3476 5146 38 21 the
3529 5144 33 22 evi-

3018 5178 68 22 dence
3102 5183 45 15 was
3162 5174 174 28 unsatisfactory
3351 5174 115 22 inasmuch
3476 5181 24 15 as
3510 5174 63 22 there

3018 5215 45 15 was
3073 5206 94 28 nothing
3178 5207 24 21 to
3212 5204 61 23 show
3284 5203 50 23 how
3341 5203 125 24 Robertson
3477 5207 47 20 met
3534 5204 39 23 her

3017 5237 68 23 death
3096 5238 80 28 except
3186 5236 30 29 by
3226 5234 124 30 drowning.
3381 5234 35 23 He
3426 5234 69 23 failed
3506 5238 24 19 to
3537 5241 35 16 see

3017 5274 44 23 any
3081 5267 131 28 inaccuracy
3231 5266 23 22 in
3275 5265 38 23 the
3332 5264 106 24 evidence
3457 5265 66 30 given
3543 5264 30 31 by

3017 5297 103 30 Phillips,
3132 5297 42 21 but
3190 5297 19 21 it
3224 5295 39 23 did
3279 5302 83 22 appear
3372 5297 90 27 Btrange
3473 5295 51 22 that
3534 5295 38 23 the

3017 5334 51 15 man
3085 5327 50 22 who
3151 5325 69 23 heard
3237 5332 13 16 a
3270 5332 83 16 scream
3373 5325 39 23 did
3428 5328 40 19 not
3484 5325 88 23 further

3016 5357 88 29 inquire
3119 5357 49 22 into
3186 5356 38 22 the
3240 5363 70 14 cause.
3348 5354 71 23 There
3437 5354 38 23 did
3485 5357 48 25 not,
3545 5355 27 22 he

3016 5387 81 28 added,
3115 5393 83 22 appear
3215 5388 24 19 to
3255 5386 56 21 have
3327 5385 55 22 been
3400 5392 44 22 any
3454 5385 47 22 foul
3510 5385 59 29 play.

3016 5417 67 23 After
3097 5424 13 14 a
3120 5417 64 22 short
3193 5415 148 23 deliberation
3351 5415 39 23 the
3403 5415 53 30 jury
3466 5415 106 23 returned

3016 5454 13 14 a
3039 5447 88 21 verdict
3137 5446 23 22 of

3608 119 74 26 THE
3701 120 91 26 LATE
3810 119 128 27 BARON
3952 119 48 26 DE
4013 119 146 26 HIRSCH.

3636 192 48 23 The
3707 200 62 22 gross
3793 193 65 22 value
3882 193 39 23 has
3945 192 56 24 been
4022 191 92 24 entered
4137 193 26 23 at

3609 223 133 28 £1,372,163
3759 224 36 22 10s
3813 223 49 28 lOd,
3880 223 42 23 but
3939 223 39 23 the
3994 225 40 21 net
4049 230 25 16 or
4088 223 74 23 actual

3610 253 65 22 value
3685 254 19 22 is
3714 256 40 20 not
3763 254 83 26 stated,
3858 253 23 23 of
3891 254 38 23 the
3940 253 102 30 personal
4052 255 72 21 estate
4138 253 24 22 in

3611 284 38 22 the
3660 284 85 22 United
3762 283 114 30 Kingdom
3886 284 23 22 of
3925 284 101 22 Maurice
4041 283 73 23 Baron
4128 283 35 23 De

3611 313 89 28 Hirseh,
3713 313 22 23 of
3750 313 127 28 Eichhorm,
3895 313 85 28 Brunn,
3992 313 110 28 Moravia,
4112 313 50 23 who

3611 343 51 23 died
3686 345 25 21 at
3735 343 101 30 Ogyalla,
3862 343 107 29 Komorn,
3996 343 118 30 Hungary,
4134 350 29 15 on

3611 373 64 30 April
3685 374 25 22 21
3722 373 51 29 last,
3785 373 56 30 aged
3851 373 114 31 sixty-five
3975 381 72 22 years,
4056 373 44 23 and
4107 373 56 23 with

3611 407 86 26 respect
3708 406 23 21 to
3742 404 73 23 whose
3826 404 81 23 wealth
3925 404 135 23 sensational
4076 406 87 27 reports

3611 441 57 15 were
3687 434 35 22 for
3740 441 60 15 some
3818 434 55 22 time
3896 434 24 22 in
3938 434 139 22 circulation.
4116 433 47 23 The

3611 463 73 24 Baron
3699 463 121 32 appointed
3837 472 25 15 as
3878 466 116 21 executors
4008 463 65 26 Jules
4090 462 72 30 Dietz,

3611 495 115 27 advocate,
3751 496 23 22 of
3797 496 77 27 Paris;
3912 496 103 23 Theodor
4037 494 79 28 Adler,
4140 494 23 23 of

3611 524 108 28 Dresden,
3730 525 99 27 banker;
3851 525 43 22 and
3911 526 81 22 Ernest
4002 525 83 27 Cassel,
4096 526 68 28 agent

3611 554 34 23 for
3665 554 38 23 the
3724 556 95 22 testator
3839 555 23 23 in
3881 554 106 28 London;
4012 554 43 23 and
4075 554 28 23 he
4126 553 25 24 be-

3610 585 112 31 queathed
3742 587 24 22 to
3785 585 40 24 the
3844 587 104 27 trustees,
3966 585 23 23 of
4008 585 72 24 whom
4100 584 63 24 there

3611 623 57 16 were
3683 616 129 23 nominated
3829 616 57 28 four,
3898 616 35 23 for
3949 616 95 23 division
4061 617 103 25 amongst

3611 647 68 27 them,
3691 647 81 27 £4,000
3781 654 13 15 a
3803 654 54 22 year
3871 647 35 23 for
3915 646 43 23 five
3968 654 71 22 years,
4051 646 44 22 and
4105 646 58 22 after

3611 677 51 21 that
3691 677 94 26 nothing
3814 677 42 22 but
3886 677 59 22 their
3973 679 40 19 out
4020 676 38 22 -of
4066 689 7 4 -
4081 675 83 30 pocket

3611 714 112 22 expenses.
3767 706 47 23 The
3833 709 116 20 executors
3968 705 125 24 renounced
4112 712 38 24 pro-

3610 737 59 29 bate,
3681 737 44 24 and
3742 736 180 25 administration
3938 737 40 24 has
3995 736 56 25 been
4067 736 95 31 granted

3611 771 24 19 to
3646 769 38 22 the
3695 768 113 23 testator's
3825 768 87 27 widow,
3924 768 65 23 Clara
4005 768 109 22 Baroness
4130 767 33 23 De

3610 798 200 29 Hirsch-Gerenth,
3835 800 36 21 n6e
3895 797 174 28 Bifchoffsheim,
4089 797 73 23 whom

3611 830 26 22 he
3656 829 122 30 appointed
3797 829 112 23 universal
3932 830 90 22 heiress.
4067 827 35 24 He
4126 827 24 24 be-

3609 860 112 30 queathed
3731 868 13 14 a
3754 867 48 16 sum
3819 860 23 22 of
3858 859 118 29 100,000fr,
3987 858 74 24 which
4076 858 27 23 he
4117 858 45 23 had

3609 891 92 22 secured
3724 898 24 14 as
3772 898 13 14 a
3808 891 124 29 legitimate
3956 890 88 29 portion
4069 889 35 22 for
4127 889 35 22 his

3609 920 98 30 adopted
3717 920 117 30 daughter,
3846 920 97 23 Luciena
3952 919 108 24 Premelie
4071 919 89 28 Hirscb,

3610 959 59 21 upon
3679 952 71 22 trusts
3762 952 33 21 for
3805 950 39 23 her
3854 950 82 28 during
3952 950 40 23 her
4009 949 46 27 life,
4067 948 42 24 but
4122 948 39 23 she

3611 981 18 23 is
3640 983 23 21 to
3681 981 56 23 have
3754 988 28 15 no
3799 987 75 22 power
3891 980 22 22 of
3932 980 133 29 disposition
4081 979 23 22 of
4123 979 38 22 the

3611 1011 90 30 capital,
3713 1010 44 23 and
3768 1010 17 23 if
3795 1011 63 22 there
3868 1009 79 24 should
3957 1009 27 23 be
3999 1016 29 16 no
4037 1008 124 31 legitimate

3610 1041 146 22 descendants
3767 1040 39 23 the
3815 1042 61 21 trust
3889 1039 55 24 fund
3960 1040 19 22 is
3996 1041 24 21 to
4036 1039 57 23 form
4109 1041 53 27 part

3609 1071 23 23 of
3642 1071 39 24 the
3691 1070 116 30 residuary
3817 1072 78 21 estate.
3926 1069 27 24 In
3964 1069 39 24 the
4012 1072 67 21 event
4089 1068 23 23 of
4123 1068 38 24 the

3609 1102 108 22 Baroness
3741 1101 34 22 De
3799 1100 210 23 Hirsch-Gerenth's
4035 1099 82 23 refusal
4137 1101 24 21 to

3609 1135 78 27 accept
3710 1131 39 23 the
3772 1133 72 21 estate
3867 1130 140 31 bequeathed
4030 1132 25 20 to
4079 1129 39 23 her
4136 1136 25 16 as

3609 1162 112 21 universal
3740 1162 90 25 heiress,
3848 1161 40 22 the
3906 1161 84 22 Jewish
4009 1159 152 23 Colonisation

3609 1191 148 27 Association,
3775 1189 98 24 founded
3892 1189 22 24 in
3933 1190 61 28 1891,
4013 1189 19 23 is
4048 1188 80 24 named
4137 1195 24 16 as

3609 1222 111 22 universal
3731 1221 54 22 heir.
3816 1220 47 23 The
3881 1222 95 21 testator
3992 1219 103 23 declared
4110 1218 52 24 that

3609 1252 27 23 he
3654 1259 44 15 was
3718 1258 27 16 an
3762 1251 107 23 Austrian
3888 1249 95 30 subject,
4001 1249 45 23 and
4060 1249 52 23 that
4126 1248 35 24 his

3609 1285 72 21 estate
3691 1289 45 16 was
3747 1284 23 21 to
3787 1281 27 23 be
3824 1280 159 24 administered
3994 1281 22 23 in
4027 1279 134 24 accordance

3609 1313 55 22 with
3684 1313 40 21 the
3742 1312 109 21 Austrian
3870 1311 51 25 law,
3941 1310 44 22 and
4004 1310 98 28 through
4121 1310 39 22 the

3609 1341 106 30 Imperial
3740 1340 44 23 and
3808 1340 73 28 Royal
3905 1339 125 22 Provincial
4049 1339 70 23 Court
4138 1341 25 20 at

3610 1372 85 27 Bruun,
3716 1370 44 23 and
3779 1369 28 23 he
3826 1369 140 30 bequeathed
3987 1369 134 29 1,000,000fr
4139 1369 24 23 in

3611 1404 59 21 trust
3681 1403 34 20 for
3725 1400 123 23 charitable
3863 1400 140 22 institutions
4020 1400 23 22 in
4053 1399 110 28 Moravia,

3610 1440 24 13 as
3645 1435 23 18 to
3679 1430 98 23 one-half
3792 1430 23 22 of
3829 1429 38 23 the
3884 1432 92 19 amount
3992 1429 33 22 for
4035 1429 84 23 Jewish
4130 1430 22 21 in-

3611 1461 125 25 stitutions,
3749 1459 43 22 and
3804 1467 24 14 as
3839 1461 23 20 to
3872 1459 40 22 the
3921 1459 64 22 other
3996 1459 46 22 half
4056 1459 34 22 for
4100 1459 64 23 those

3612 1490 22 22 of
3644 1490 65 22 other
3715 1488 258 23 denominations—that
3983 1488 19 22 is
4011 1490 24 20 to
4044 1495 47 22 say,
4100 1488 64 22 those

3613 1520 73 23 whose
3703 1518 63 24 work
3782 1518 19 22 is
3816 1518 34 22 for
3867 1517 127 31 everybody
4009 1517 96 24 without
4121 1517 33 24 dis-

3616 1551 94 22 tinction
3728 1557 24 14 as
3770 1551 24 20 to
3809 1549 124 22 confession
3942 1549 22 21 of
3978 1548 58 23 faith
4046 1556 5 19 ;
4066 1548 41 23 but
4121 1549 47 22 this

3613 1580 93 28 bequest
3721 1580 19 21 is
3750 1578 87 28 subject
3853 1580 24 19 to
3888 1578 38 21 the
3936 1578 113 21 condition
4065 1578 51 21 that
4131 1578 35 21 his

3613 1612 71 20 estate
3695 1608 57 23 shall
3768 1608 28 22 be
3813 1606 159 24 administered
3989 1606 23 23 in
4027 1606 38 23 the
4075 1606 77 24 Provin-

3613 1640 43 22 cial
3666 1639 70 24 Court
3746 1638 22 24 of
3778 1637 85 29 Brunn,
3873 1637 44 23 and
3928 1637 51 23 that
3989 1637 38 23 the
4035 1637 131 30 liquidators

3613 1670 87 23 thereof
3719 1669 44 23 and
3779 1670 116 21 executors
3912 1668 23 23 of
3955 1667 34 23 his
4006 1667 46 24 will
4067 1667 57 24 shall
4139 1667 27 24 be

3613 1700 104 28 officially
3728 1698 128 30 recognised
3867 1705 23 15 as
3900 1698 61 22 such.

3641 1730 47 22 The
3707 1729 73 23 Baron
3797 1727 141 31 bequeathed
3956 1727 29 23 all
4004 1727 35 23 his
4055 1727 75 23 Bhares
4143 1728 23 22 in

3613 1761 40 23 the
3662 1760 84 24 Jewish
3755 1759 152 24 Colonisation
3914 1757 147 29 Association,
4070 1757 97 25 founded

3614 1791 23 22 in
3658 1791 60 27 1891,
3739 1797 23 15 as
3783 1792 23 19 to
3826 1789 127 22 one-fourth
3973 1789 86 22 thereof
4076 1789 33 22 for
4129 1789 38 22 the

3615 1819 168 31 Anglo-Jewish
3807 1819 151 23 Colonisation
3982 1818 139 23 Association
4144 1818 24 23 of

3615 1850 99 28 London,
3726 1857 24 15 as
3760 1851 25 21 to
3794 1849 128 23 one-fourth
3931 1850 35 22 for
3972 1848 39 23 the
4018 1848 150 23 Israelitische

3614 1881 121 24 Gemeinde
3749 1880 22 24 of
3786 1879 252 28 Frankfort-on-Maine,
4049 1886 25 16 as
4084 1881 23 21 to
4117 1886 37 16 one-

3614 1912 77 23 fourth
3715 1912 35 22 for
3770 1911 39 24 the
3833 1910 149 24 Israelitische
4001 1909 121 24 Gemeinde
4145 1909 22 23 of

3614 1943 83 28 Berlin,
3709 1942 45 24 and
3771 1949 23 17 as
3812 1944 23 21 to
3852 1942 39 23 the
3902 1940 122 31 remaining
4041 1940 125 23 one-fourth

3613 1975 34 23 for
3658 1975 38 23 the
3707 1973 88 25 Conseil
3805 1972 211 25 d'Administration
4030 1971 28 24 de
4067 1971 21 24 la
4098 1970 53 31 Syna-

3612 2013 72 22 gogue
3694 2005 28 23 de
3733 2004 133 27 Bruxelles;
3881 2004 41 22 but
3940 2003 17 23 if
3971 2010 41 15 one
4027 2010 26 15 or
4069 2009 57 16 more
4143 2001 23 23 of

3613 2036 62 22 these
3693 2035 142 23 institutions
3849 2033 80 24 should
3947 2036 47 25 not,
4011 2032 78 23 within
4104 2032 63 29 eight

3612 2067 97 27 months,
3721 2065 81 30 legally
3812 2067 79 27 accept
3905 2064 38 23 the
3954 2064 92 29 bequest
4063 2062 38 23 the
4117 2069 37 22 por-

3613 2098 47 21 tion
3671 2097 18 21 is
3700 2099 24 19 to
3734 2096 27 22 be
3771 2095 93 23 divided
3874 2097 102 26 amongst
3991 2093 38 23 the
4039 2092 82 27 others,
4133 2099 33 20 or,

3611 2126 18 23 if
3644 2126 38 23 the
3692 2133 49 15 case
3750 2125 80 23 should
3841 2131 24 16 so
3874 2131 73 20 occur,
3959 2123 38 22 the
4008 2122 71 23 whole
4090 2124 23 20 to
4123 2128 43 23 any

3611 2165 41 15 one
3663 2157 23 23 of
3696 2156 67 24 them.
3794 2155 74 23 Baron
3879 2153 83 25 Hirsch
3972 2152 88 25 desired
4071 2152 52 24 that
4131 2152 35 23 his

3611 2188 80 22 landed
3702 2189 114 27 property,
3829 2187 86 24 houses,
3927 2185 112 25 factories,
4049 2184 43 21 and
4100 2183 66 22 other

3610 2217 161 27 undertakings
3780 2214 80 23 should
3869 2214 27 22 be
3907 2215 24 21 at
3941 2220 53 15 once
4003 2212 100 23 realised.
4130 2211 36 23 He

3609 2245 122 33 appointed
3752 2245 34 22 his
3809 2243 185 28 brother-in-law,
4020 2241 37 24 Mr
4081 2241 85 30 George

3611 2276 134 24 Montefiore
3755 2275 70 29 Levy,
3837 2281 24 16 as
3871 2274 108 30 guardian
3989 2272 22 24 of
4024 2272 35 23 his
4069 2272 97 30 adopted

3611 2308 119 29 daughter,
3754 2306 104 26 Luciena,
3879 2311 32 19 or,
3936 2304 47 22 him
4006 2303 87 34 failing,
4119 2302 48 23 Mrs

3612 2338 69 28 Levy,
3700 2344 24 15 or
3744 2337 23 21 in
3787 2335 38 23 the
3842 2337 68 19 event
3929 2333 23 23 of
3967 2333 40 22 her
4023 2332 105 29 inability
4142 2339 25 15 or

3611 2367 83 23 refusal
3705 2370 24 19 to
3739 2364 126 25 undertake
3876 2364 38 22 the
3925 2365 60 20 trust
4004 2363 39 22 the
4058 2362 109 23 Baroness

3612 2398 33 22 De
3656 2396 91 28 Hirsch,
3759 2403 25 15 or
3794 2395 24 22 in
3828 2394 39 23 the
3877 2396 67 20 event
3954 2393 22 23 of
3987 2392 39 23 her
4036 2392 82 23 refusal
4129 2392 38 23 the

3612 2428 74 22 Baron
3702 2427 77 23 James
3795 2425 34 23 De
3846 2424 90 22 Hirsch.
3967 2422 36 23 He
4018 2422 88 23 desired
4116 2422 52 23 that

3614 2458 48 24 Mrs
3672 2457 63 31 Levy
3745 2455 80 26 should
3836 2454 50 25 first
3896 2452 125 26 undertake
4038 2453 39 24 the
4087 2452 79 31 charge

3614 2489 22 22 of
3651 2490 35 21 his
3703 2487 98 30 adopted
3817 2486 119 30 daughter,
3954 2485 44 22 and
4016 2485 27 22 he
4059 2483 108 30 provided

3615 2519 51 22 that
3682 2517 98 23 one-half
3796 2516 23 23 of
3837 2516 38 23 the
3892 2516 85 22 income
3993 2514 103 29 accruing
4110 2514 58 22 from

3615 2549 38 23 the
3670 2549 76 28 legacy
3762 2547 22 23 of
3802 2546 135 28 1,000,000fr
3952 2552 23 16 as
3985 2544 123 30 legitimate
4117 2551 37 22 por-

3615 2579 47 22 tion
3679 2579 35 21 for
3731 2578 35 21 his
3781 2576 97 30 adopted
3896 2575 111 30 daughter
4016 2581 51 22 may
4077 2573 27 23 be
4114 2573 53 30 paid

3616 2612 23 21 to
3656 2609 40 23 her
3713 2607 107 31 guardian
3837 2614 25 15 or
3872 2613 125 23 governess,
4009 2606 25 22 at
4044 2604 33 23 his
4088 2612 25 15 or
4128 2603 40 23 her

3615 2642 97 28 request,
3724 2642 23 20 to
3757 2638 27 23 be
3795 2636 114 31 expended
3921 2636 96 23 without
4026 2636 32 22 let
4068 2642 25 16 or
4102 2634 52 23 hind-

3615 2678 64 15 rance
3689 2670 34 22 for
3733 2669 39 23 the
3782 2667 82 24 benefit
3873 2667 23 23 of
3906 2667 39 23 the
3954 2666 69 27 ward,
4041 2665 43 23 and
4102 2665 52 23 with-

3615 2703 40 20 out
3671 2699 122 31 obligation
3811 2700 23 21 to
3851 2697 80 23 render
3947 2704 44 22 any
4006 2697 124 22 statement
4143 2694 23 24 of

3613 2732 104 22 accounts
3728 2730 22 23 in
3761 2731 87 27 respect
3857 2727 93 24 thereof.

3640 2761 46 22 The
3697 2760 46 23 will
3754 2759 115 23 continues
3999 2756 88 24 mother
4096 2756 23 23 of
4130 2763 36 22 my

3612 2791 98 30 adopted
3717 2790 110 30 daughter
3835 2789 58 23 shall
3900 2789 22 23 in
3931 2795 29 17 no
3975 2794 48 17 case
4034 2787 27 23 be
4071 2786 95 24 entitled

3612 2825 23 20 to
3646 2822 54 23 take
3710 2822 39 22 her
3759 2822 48 21 into
3817 2820 40 23 her
3867 2820 68 22 house
3952 2819 44 22 and
4013 2820 24 21 to
4047 2818 65 30 bring
4122 2824 44 22 any

3611 2851 108 23 influence
3738 2855 23 18 to
3778 2850 53 22 bear
3848 2857 60 22 upon
3924 2850 40 21 her
3982 2848 120 22 education
4121 2846 45 23 and

3611 2883 160 24 maintenance,
3783 2888 25 14 or
3825 2887 59 22 upon
3899 2879 39 22 the
3947 2877 182 23 administration
4143 2876 23 23 of

3613 2912 38 21 the
3670 2911 90 21 fortune
3778 2908 140 30 bequeathed
3935 2911 24 19 to
3974 2907 46 23 her.
4051 2906 12 23 I
4077 2906 89 23 further

3613 2940 72 23 direct
3704 2940 51 23 that
3764 2947 28 15 no
3802 2939 94 22 relative
3906 2945 24 16 or
3947 2937 92 24 brother
4049 2944 25 16 or
4090 2936 65 24 sister-

3613 2971 76 22 in-law
3700 2970 22 23 of
3733 2970 38 22 the
3781 2969 87 22 mother
3875 2968 22 22 of
3907 2975 37 22 my
3951 2967 97 29 adopted
4055 2966 111 29 daughter

3613 3000 64 29 shall,
3703 3007 59 22 upon
3786 3005 44 23 any
3854 2997 164 24 consideration
4043 2996 121 28 whatever,

3613 3031 72 24 either
3700 3031 63 23 alone
3779 3036 25 16 or
3821 3029 23 23 in
3860 3028 144 30 conjunction
4015 3027 55 23 with
4081 3027 83 27 others,

3613 3069 52 16 ever
3685 3067 84 17 assume
3789 3060 39 23 the
3847 3059 62 23 office
3928 3059 23 22 of
3965 3057 109 30 guardian
4089 3064 25 16 or
4128 3057 25 22 ad-

3614 3092 137 22 ministrator
3759 3090 23 23 of
3792 3090 38 23 the
3838 3090 90 22 fortune
3934 3088 79 30 falling
4021 3090 23 21 to
4055 3087 38 23 the
4101 3087 65 23 share

3613 3123 23 23 of
3651 3129 36 22 my
3697 3120 97 30 adopted

3641 3153 46 22 The
3697 3151 73 23 Baron
3788 3150 64 23 made
3869 3157 27 15 no
3912 3149 113 29 provision
4036 3148 29 28 by
4076 3147 34 23 his
4121 3146 46 24 will

3613 3182 35 23 for
3656 3182 37 23 the
3703 3183 87 20 mother
3801 3180 22 23 of
3839 3179 35 23 hiß
3884 3178 98 31 adopted
3992 3178 118 29 daughter,
4122 3177 45 23 and

3613 3213 19 22 it
3650 3211 56 23 need
3725 3210 100 30 scarcely
3844 3210 28 23 bo
3891 3209 48 23 said
3956 3208 52 24 that
4025 3208 63 23 there
4105 3208 19 22 is
4139 3214 29 15 no

3612 3243 111 23 reference
3747 3242 24 23 in
3795 3241 39 23 the
3858 3240 47 24 will
3933 3241 23 22 to
3980 3239 39 24 the
4043 3238 124 31 imaginary

3612 3274 104 30 bequests
3727 3275 24 21 to
3762 3272 73 30 Royal
3842 3278 133 23 personages
3981 3278 25 16 or
4015 3270 40 24 the
4061 3269 107 24 fictitious

3612 3307 117 25 monetary
3758 3302 149 23 transactions
3931 3301 56 22 with
4011 3301 62 22 them
4099 3300 69 22 about

3612 3334 74 23 which
3696 3334 89 28 reports
3795 3333 57 21 have
3862 3332 54 22 been
3925 3330 131 24 circulated.

3664 3392 141 27 COFFEE
3832 3389 282 29 DRUNKENNESS.

3640 3461 75 23 Coffee
3734 3460 154 23 drunkenness
3908 3460 19 22 is
3946 3466 41 15 one
4006 3458 23 23 of
4045 3458 38 23 the
4102 3456 67 25 latest

3613 3491 96 30 dangers
3726 3490 74 23 which
3819 3490 89 23 doctors
3927 3488 83 24 abroad
4029 3495 37 16 are
4087 3488 82 28 raising

3614 3522 60 21 their
3684 3522 73 21 voices
3768 3521 94 28 against.
3894 3519 33 23 Dr
3938 3519 34 22 W.
3986 3518 83 28 Drake,
4081 3518 22 22 of
4113 3517 56 23 New

3613 3550 73 29 York,
3708 3551 18 22 is
3745 3557 42 15 one
3806 3550 22 21 of
3848 3549 63 22 those
3931 3549 49 21 who
3999 3548 56 21 have
4073 3547 63 21 made
4155 3554 12 13 a

3613 3581 84 29 special
3708 3580 69 30 study
3787 3580 23 23 of
3828 3578 38 25 the
3873 3577 96 30 subject,
3981 3576 44 24 and
4035 3576 28 23 he
4073 3583 51 22 says
4133 3575 34 23 his

3614 3611 143 23 observation
3768 3611 39 21 has
3818 3610 77 22 shown
3906 3607 87 30 beyond
4003 3607 104 29 question
4117 3606 50 23 that

3615 3641 90 24 chronic
3715 3640 67 23 coffee
3791 3639 117 30 poisoning
3924 3639 18 21 is
3959 3637 66 23 much
4042 3643 60 15 more
4112 3643 42 15 com-

3615 3681 51 15 mon
3691 3672 55 23 than
3776 3671 19 22 is
3820 3669 113 31 generally
3966 3666 116 32 supposed.
4122 3665 47 24 The

3615 3705 125 28 symptoms
3764 3709 38 15 are
3833 3700 87 29 usually
3948 3697 141 25 confounded
4113 3697 56 23 with

3616 3733 108 23 alcoholic
3743 3731 152 26 disturbance,
3916 3730 93 22 because
4033 3728 67 22 coffee
4119 3726 38 30 dys-

3616 3763 76 30 pepsia
3716 3763 64 22 bears
3804 3768 13 16 a
3840 3760 98 29 striking
3967 3757 148 25 resemblance
4146 3758 23 22 to

3616 3793 108 24 alcoholic
3740 3791 126 31 dyspepsia.
3898 3789 48 24 The
3962 3789 88 29 disgust
4066 3787 34 24 for
4117 3787 52 23 food

3616 3825 108 23 increases
3741 3824 24 22 in
3782 3829 76 16 severe
3875 3828 61 16 cases
3951 3820 60 23 until
4028 3818 38 24 the
4082 3818 87 30 patient

3616 3862 40 14 can
3681 3854 53 27 only
3758 3853 53 22 take
3835 3852 68 22 coffee
3918 3858 25 14 or
3960 3850 68 22 bread
4044 3848 83 22 soaked
4146 3848 23 21 in

3616 3884 73 23 coffee.
3721 3882 89 24 Nausea
3827 3881 94 27 follows,
3942 3879 44 23 and
4004 3885 66 22 many
4089 3878 23 22 ot
4131 3876 38 23 the

3616 3915 64 22 other
3691 3914 36 23 ills
3738 3914 50 22 that
3804 3912 54 22 flesh
3873 3912 19 21 is
3908 3910 48 23 heir
3971 3912 29 20 to.
4033 3907 136 29 Concerning

3616 3945 39 23 the
3675 3951 59 16 same
3754 3943 51 28 evil,
3819 3942 32 22 Dr
3872 3940 97 28 Mendel,
3988 3940 23 23 of
4027 3938 83 28 Berlin,
4129 3937 40 23 haa

3615 3974 119 30 published
3754 3982 13 13 a
3787 3972 88 24 clinical
3898 3971 76 28 study,
3996 3970 72 22 which
4092 3969 19 22 is
4131 3968 38 23 the

3616 4008 59 19 most
3692 4003 111 28 thorough
3819 4004 40 28 yet
3869 4001 72 27 made,
3953 4007 23 16 as
3992 4000 27 22 he
4034 3999 44 23 had
4089 4005 12 16 a
4112 4004 42 16 com-

3616 4035 88 30 munity
3714 4034 23 23 of
3746 4033 68 24 coffee
3825 4031 102 24 drinkers
3938 4030 71 23 under
4019 4030 35 22 his
4064 4030 105 21 conßtßnt

3614 4065 148 28 observation,
3783 4065 39 23 the
3846 4062 102 30 working
3967 4068 85 17 women
4076 4060 22 23 in
4123 4058 44 25 and

3614 4097 70 22 about
3704 4096 75 21 Essen.
3812 4094 35 21 He
3871 4093 69 21 found
3965 4098 67 21 many
4056 4091 24 21 of
4103 4090 63 21 these

3614 4133 84 16 women
3723 4124 50 23 who
3797 4121 121 25 consumed
3943 4128 52 15 over
4012 4128 14 14 a
4044 4119 76 30 pound
4144 4118 23 22 of

3614 4157 66 21 coffee
3696 4163 14 14 a
3725 4154 68 23 week.
3825 4152 47 22 The
3889 4151 89 29 leading
3997 4152 123 27 symptoms
4143 4148 23 22 of

3614 4186 38 23 the
3670 4185 36 23 ills
3723 4184 51 22 that
3790 4181 97 24 afflicted
3904 4181 61 22 them
3981 4187 57 15 were
4054 4177 112 31 profound

3614 4215 127 31 depression
3751 4213 23 24 of
3784 4213 77 30 spirits
3869 4210 43 24 and
3923 4210 103 30 frequent
4033 4208 131 28 headaches,

3615 4247 55 23 with
3694 4245 116 23 insomnia.
3841 4243 21 22 A
3882 4244 78 26 strong
3979 4240 53 23 dose
4051 4239 23 23 of
4098 4238 67 24 coffee

3614 4276 74 24 would
3699 4276 80 22 relieve
3790 4274 61 23 them
3861 4273 35 22 for
3906 4279 12 15 a
3929 4271 54 23 time
3992 4278 5 19 ;
4013 4270 53 23 then
4077 4269 38 22 the
4126 4269 29 22 ail-

3614 4309 61 21 ment
3692 4305 74 24 would
3782 4306 83 22 return.
3897 4302 47 23 The
3963 4300 94 23 muscles
4076 4299 88 23 became

3614 4338 63 23 weak
3684 4337 44 22 and
3739 4335 127 28 trembling,
3875 4333 43 22 and
3930 4332 38 22 the
3976 4330 71 23 hands
4056 4328 108 24 trembled

3614 4368 63 23 when
3701 4369 25 20 at
3750 4367 52 21 rest.
3833 4364 47 23 The
3909 4361 88 24 victims
4021 4359 96 24 suffered
4141 4366 24 15 so

3612 4397 108 30 seriously
3745 4396 55 29 they
3824 4393 68 25 dared
3924 4394 40 21 not
3994 4390 102 23 abandon
4126 4389 38 23 the

3612 4428 108 29 diinking
3730 4427 22 23 of
3762 4426 67 23 coffee
3840 4425 34 23 for
3884 4424 48 22 fear
3941 4422 23 23 of
3979 4422 74 23 death.
4084 4420 78 27 What,

3613 4467 32 14 we
3656 4458 98 24 wonder,
3767 4457 45 22 will
3823 4456 20 22 it
3852 4455 28 22 be
3890 4455 69 21 next?

3639 4511 107 24 HARD
3767 4509 49 26 ON
3834 4507 74 28 THE
3928 4504 203 29 HUSBANDS.

3636 4574 23 22 It
3669 4575 18 21 is
3698 4574 85 22 related
3800 4574 22 21 of
3840 4573 50 22 Sam
3905 4572 77 27 Jones,
3995 4572 38 22 the
4043 4570 118 23 American

3607 4604 132 28 evangelist,
3760 4603 51 22 that
3830 4605 25 19 at
3874 4602 39 22 the
3930 4602 58 22 close
4005 4601 23 22 of
4044 4608 41 15 one
4095 4600 23 23 of
4128 4600 34 21 his

3607 4633 114 23 addresses
3742 4633 26 22 he
3788 4631 79 30 placed
3887 4631 34 23 his
3941 4631 71 22 hands
4031 4638 73 15 across
4127 4629 35 23 his

3608 4663 81 27 breast,
3718 4663 51 27 and,
3796 4662 91 28 looking
3913 4661 109 29 solemnly
4046 4668 53 15 over
4123 4659 39 23 the

3605 4692 115 27 audience,
3731 4692 48 22 said
3789 4701 5 12 :
3836 4691 11 22 I
3865 4693 62 20 want
3943 4691 30 22 all
3991 4691 38 22 the
4043 4697 85 16 women
4139 4690 23 22 in

3606 4722 46 22 this
3669 4721 73 23 crowd
3760 4721 49 22 who
3827 4720 58 23 have
3901 4722 41 20 not
3958 4720 83 29 spoken
4062 4727 13 14 a
4094 4720 68 21 harsh

3606 4751 61 24 word
3677 4759 25 15 or
3711 4750 109 24 harbored
3831 4758 28 15 an
3870 4750 86 24 unkind
3967 4749 97 31 thought
4075 4749 87 23 toward

3606 4782 112 21 husbands
3738 4782 34 21 for
3791 4789 13 14 a
3823 4781 79 22 month
3919 4784 52 26 past
3988 4783 24 20 to
4026 4779 66 23 stand

3605 4812 47 22 One
3668 4811 38 23 old
3723 4818 94 21 woman,
3836 4810 135 30 apparently
3987 4817 28 15 on
4031 4809 38 23 the
4089 4809 73 30 shady

3604 4842 48 21 side
3671 4842 23 21 of
3713 4842 69 28 sixty,
3804 4841 65 22 stood
3888 4848 37 21 up.
3982 4840 66 23 Come
4064 4839 98 24 forward

3604 4870 43 22 and
3659 4871 50 29 give
3720 4878 34 14 me
3764 4877 57 22 your
3932 4869 48 23 said
3996 4869 39 23 the
4045 4869 114 29 preacher.

3603 4901 47 22 The
3661 4909 86 15 woman
3764 4900 39 24 did
3819 4909 31 20 so,
3869 4900 133 30 whereupon
4017 4899 70 25 Jones
4096 4900 48 24 said
4155 4911 7 14 :

3627 4931 57 22 Now
3695 4935 52 18 turn
3758 4931 85 24 around
3854 4931 43 22 and
3912 4931 32 22 let
3959 4931 39 21 the
4007 4930 108 23 audience
4125 4939 37 14 see

3603 4960 39 21 the
3661 4960 152 28 best-looking
3831 4966 86 15 woman
3940 4960 23 21 in
3982 4959 40 22 the

3602 4989 67 23 After
3688 4989 79 30 taking
3781 4989 40 23 her
3836 4991 49 21 seat
3904 4988 39 24 the
3963 4991 65 28 great
4044 4989 118 24 revivalist

3602 5019 119 24 addressed
3740 5020 38 23 the
3796 5027 49 16 men
3856 5028 5 15 :
3909 5019 57 25 Now
3983 5019 11 24 I
4010 5022 62 22 want
4081 5020 30 24 all
4123 5021 39 23 the

3603 5057 49 16 men
3671 5051 24 22 in
3714 5050 46 22 this
3779 5050 75 23 crowd
3873 5050 50 23 who
3944 5050 57 23 have
4015 5052 42 21 not
4075 5051 87 30 spoken

3602 5088 13 15 a
3625 5080 56 23 hard
3692 5080 61 23 word
3763 5087 25 16 or
3799 5080 109 23 harbored
3918 5088 29 15 an
3957 5080 88 23 unkind
4062 5081 100 30 thought

3603 5110 85 23 toward
3699 5110 59 22 their
3768 5110 69 22 wives
3847 5110 34 23 for
3890 5118 14 15 a
3914 5111 79 23 month
4003 5113 52 28 past
4062 5113 25 21 to
4092 5112 69 23 stand

3693 5140 172 30 Twenty-seven
3888 5143 65 27 great
3979 5141 38 30 big
4043 5143 119 30 strapping

3601 5171 86 22 fellows
3706 5171 89 29 hopped
3817 5173 40 20 out
3876 5171 23 22 of
3918 5171 40 23 the
3977 5172 108 23 audience
4104 5173 58 23 with

3601 5201 102 30 alacrity.
3758 5200 68 24 Come
3835 5201 98 23 forward
3944 5202 44 22 and
3998 5202 51 30 give
4059 5210 35 16 me
4104 5211 58 22 your

3602 5231 79 28 hands,
3693 5238 37 23 my
3740 5231 54 23 dear
3911 5231 70 25 Jones
3991 5240 56 16 cave
4055 5234 54 22 each
4119 5242 43 16 one

3601 5270 14 15 a
3624 5263 104 29 vigorous
3744 5262 78 29 shake,
3841 5262 59 23 after
3913 5263 74 23 which
3998 5270 28 17 ne
4036 5264 84 30 ranged
4131 5264 31 25 all

3601 5293 23 22 of
3634 5293 63 22 them
3712 5292 48 23 side
3777 5292 31 30 by
3825 5293 48 22 side
3891 5294 23 22 in
3930 5294 63 23 front
4003 5294 23 23 of
4036 5294 39 23 the
4085 5295 77 30 pulpit

3601 5322 44 22 and
3665 5322 74 30 facing
3757 5322 39 23 the
3814 5322 114 24 audience.
3960 5324 36 23 He
4007 5324 81 24 looked
4099 5325 63 23 them

3601 5353 30 22 all
3641 5360 54 16 over
3704 5353 109 30 carefully
3827 5353 45 23 and
3892 5355 116 30 solemnly,
4026 5355 43 23 and
4097 5355 63 30 then,

3602 5383 92 29 turning
3704 5385 24 20 to
3739 5383 38 22 the
3794 5383 115 29 audience,
3928 5385 28 22 he
3973 5385 63 23 said:
4100 5389 62 20 want

3600 5420 46 23 you
3665 5413 30 23 all
3711 5416 24 21 to
3751 5412 53 25 take
3814 5422 13 15 a
3836 5414 58 31 good
3904 5415 52 23 look
3970 5418 26 21 at
4010 5414 39 24 the
4064 5417 84 30 twenty-

3601 5451 67 15 seven
3697 5444 89 30 biggest
3819 5445 53 23 liars
3906 5446 22 23 in
3962 5445 39 24 the
4034 5446 65 24 State
4137 5447 23 24 of

1719 40 233 46 MOUNT
1995 34 268 52 BENGER
2308 30 167 48 MAIL

3559 39 129 28 FRIDAY,
3705 39 174 24 NOVEMBER
3896 40 33 27 13,
3947 40 58 23 1896.

3601 5540 94 25 Printed
3706 5541 45 24 and
3758 5541 120 31 published
3886 5542 29 30 by
3923 5541 113 25 William
4047 5542 111 25 Panneli.

3657 5571 137 24 Matthews
3810 5573 36 22 for
3862 5573 39 23 the
3916 5574 145 28 proprietors,
4073 5573 86 23 Dunne

3657 5602 44 23 and
3725 5602 146 30 Matthews,
3896 5605 25 21 at
3949 5602 59 24 their
4037 5602 122 31 registered

3656 5633 102 30 printing
3780 5633 70 29 office,
3874 5633 107 24 Scotland
4000 5635 79 26 street,
4100 5633 45 24 Rox-

3656 5663 80 31 burgh,
3757 5663 80 31 Otago,
3860 5663 57 25 New
3939 5663 219 33 Zealand—Friday,

3656 5694 127 26 November
3794 5696 33 29 13,
3840 5696 60 25 1896.

725 5593 53 29 Bat,
800 5601 65 23 papa,
883 5595 76 30 things
977 5597 56 22 have
1050 5597 100 31 chaDged
1167 5599 60 22 since

671 5631 44 22 you
732 5632 58 15 were
932 5627 16 12 44
957 5625 52 29 Yes,
1021 5627 55 30 they
1085 5628 57 23 have
1152 5637 6 19 ;
1179 5628 48 24 folk

672 5654 54 23 used
755 5658 24 20 to
807 5656 55 23 wait
889 5655 52 31 fifty
965 5664 64 23 years
1052 5658 35 22 for
1111 5667 13 14 a
1147 5660 80 29 golden

672 5686 111 31 wedding,
800 5687 44 24 and
861 5694 51 18 now
928 5687 55 32 they
999 5689 95 24 demand
1110 5690 20 25 it
1145 5694 26 21 at
1190 5691 37 24 the

1848 5643 555 94 dsdfs

3045 5510 52 31 Wasp
3110 5510 13 31 3
3136 5510 38 31 are
3184 5510 39 23 the
3233 5512 59 21 most
3308 5510 127 23 inveterate
3445 5510 97 23 enemies
3550 5510 21 24 of

3015 5541 55 24 flies.
3101 5542 37 22 An
3158 5541 100 23 eminent
3282 5540 123 23 naturalist
3420 5547 52 23 says
3488 5541 28 23 he
3532 5541 39 24 has

3016 5572 82 22 known
3108 5578 41 15 one
3160 5578 61 21 wasp
3231 5573 23 20 to
3265 5570 41 23 kill
3318 5571 63 27 1,000
3390 5570 48 23 flies
3448 5572 23 21 in
3481 5578 13 15 a
3504 5571 51 30 day.

3043 5601 105 29 Dolphy:
3240 5602 75 21 sweet.
3353 5599 51 24 You
3421 5608 50 23 may
3487 5601 84 24 believe

3015 5639 68 22 every
3094 5631 61 23 word
3170 5630 12 24 I
3200 5632 68 22 utter.
3304 5630 12 23 I
3332 5638 75 22 never,
3419 5639 68 16 never
3504 5632 40 24 tell
3559 5641 12 15 a

3096 5662 85 31 Gerty:
3226 5662 69 22 What
3311 5669 13 15 a
3334 5662 51 31 pity
3402 5662 34 25 for
3453 5670 13 17 a
3476 5670 52 18 man
3548 5665 23 23 to

3015 5693 54 25 thus
3078 5693 88 31 neglect
3177 5693 35 24 his
3228 5695 100 29 greatest
