4140 5940
123 195 32 27 be
186 196 130 34 exposed;
353 196 54 26 and
437 196 27 27 in
493 197 47 27 the
568 198 126 29 interests
723 200 31 27 of

123 232 110 36 society,
247 233 52 26 and
313 232 41 27 for
367 233 45 28 the
425 234 107 28 welfare
545 236 26 26 of
591 236 45 27 the
649 237 99 36 youths

121 268 54 30 and
196 270 124 28 maidens
341 271 71 33 who,
425 271 29 28 in
473 272 45 29 the
538 273 99 35 future,
657 285 45 19 are
722 281 27 24 to

118 308 111 27 become
259 308 45 27 the
334 310 87 27 rulers
445 311 54 27 and
529 311 77 29 ruled
636 314 28 27 in
694 314 55 28 this

115 346 104 28 Britain
234 346 30 28 of
273 346 46 29 the
339 347 96 29 South.
471 349 14 27 I
499 348 51 30 feel
570 350 60 31 that
645 352 41 29 for
704 362 44 20 me

116 388 28 22 to
156 384 36 26 sit
205 384 104 35 quietly
321 385 36 35 by
375 386 91 28 whilst
485 387 47 29 the
555 388 66 37 Slop
641 391 107 28 Bucket

115 420 112 38 poisons
247 421 47 30 the
315 422 143 32 unformed
470 425 135 32 intellects
626 428 30 31 of
670 429 77 31 those

115 461 110 36 coining
251 462 151 34 legislators
428 466 54 28 and
513 466 122 37 borough
666 479 64 19 coun-

115 498 89 27 cillors
226 499 66 28 with
313 501 67 28 such
402 503 203 31 unwholesome
624 507 74 28 trash
718 517 29 19 as

143 535 169 38 Voyageur's
352 548 90 22 verses
454 543 101 35 would,
568 553 35 20 on
617 553 48 30 my
676 549 71 35 part,

114 574 33 29 be
160 585 16 18 a
189 576 81 29 crime
282 585 6 26 ;
308 579 64 33 and,
386 579 85 30 above
483 582 37 28 all
533 583 101 36 things,
656 586 14 26 I
689 586 59 28 love

114 622 17 18 a
143 613 73 29 clear
236 616 167 30 conscience.
441 619 27 28 It
480 628 66 31 may
557 621 32 29 be
610 622 62 30 that
692 624 54 28 this

114 652 122 40 salutary
261 654 90 32 lesson
375 657 56 31 will
457 659 32 30 be
519 661 47 30 the
595 671 96 21 means
720 664 31 29 of

114 695 162 37 preventing
536 701 71 29 from
629 702 118 35 burning

113 731 47 29 the
174 732 138 37 midnight
331 737 36 27 oil
379 736 30 28 in
431 737 175 38 hammering
627 744 48 25 out
694 741 52 28 bad

113 769 130 38 rhymes;
269 772 23 29 if
313 782 40 27 so,
381 773 66 31 then
471 776 16 29 I
511 776 70 31 have
605 777 70 30 done
698 788 48 29 my

113 814 117 34 country
254 822 75 20 some
362 814 120 36 service;
509 817 30 28 in
563 821 57 29 not,
645 818 14 28 I
687 810 56 37 will

113 849 81 35 again
208 852 98 35 scorify
319 852 69 28 him.
424 854 28 27 It
470 855 24 26 is
506 855 101 29 useless
626 856 42 28 for
686 857 58 28 him

112 889 29 25 to
165 886 82 30 think
270 889 15 28 I
310 889 70 30 have
407 901 55 27 any
486 892 114 37 feelings
629 904 37 19 on
695 894 47 30 the

111 930 100 25 matter
224 935 7 26 ;
249 927 22 29 it
294 929 24 28 is
342 939 16 18 a
382 930 124 37 question
530 932 30 28 of
581 932 68 38 duty
673 934 66 28 with

112 972 53 20 me.
202 965 62 29 And
276 967 98 29 should
388 977 54 28 any
454 969 80 29 other
551 970 84 30 scribe
657 972 87 37 aspire

111 1006 30 25 to
154 1013 78 20 carve
244 1014 45 21 me
301 1014 47 30 up,
362 1007 14 29 I
388 1007 61 38 give
462 1008 60 29 him
534 1011 89 29 notice
636 1011 61 29 that
708 1011 36 30 he

110 1042 56 27 will
180 1043 58 28 find
250 1053 45 18 me
308 1054 16 18 a
335 1046 174 36 remarkably
530 1049 85 33 tough
635 1049 60 28 bird
715 1053 29 24 to

111 1078 115 30 dessect.
261 1081 48 27 Au
320 1082 92 28 revoir
420 1082 11 28 /
487 1084 145 38 Voyageur
694 1095 50 29 my

108 1117 89 37 poetic
209 1118 97 35 friend,
319 1129 38 19 am
369 1120 92 30 revoir
473 1122 7 29 1

589 1161 119 29 Korari.

1411 64 117 40 THE
1581 62 187 40 LYELL
1819 62 185 45 TIMES,
2060 62 310 56 SATURDAY,
2431 71 116 42 MAY
2597 88 58 33 22,
2712 79 103 38 1886.

127 1230 220 35 (Continuation
358 1233 35 37 of
406 1235 90 33 News,
509 1245 43 18 see
564 1236 49 29 4th
624 1237 99 36 Page.)

282 1314 120 32 Public
419 1315 152 33 Notices.

106 1392 138 33 LYELL
258 1394 276 35 CIRCULATING
548 1398 189 33 LIBRARY.

109 1485 27 29 T
164 1479 131 35 IGHT
323 1481 324 43 LITERATURE,
679 1488 58 36 &c,

199 1566 41 34 2s
257 1569 48 32 6d
321 1569 88 33 PER
426 1571 223 44 QUARTER.

105 1672 131 35 NIGHT
271 1674 158 36 SCHOOL
462 1676 80 36 FOR
575 1677 162 37 ADULTS

142 1790 204 33 TUESDAYS
370 1794 58 29 and
460 1794 241 36 THURSDAYS,

230 1854 71 28 from
313 1856 18 26 8
343 1864 66 28 p.m.
422 1859 29 25 to
466 1857 62 27 9.30
539 1865 67 28 p.m.

141 1961 107 34 Apply-

366 2008 34 35 F.
423 2008 38 35 G.
484 2008 170 41 ROTTON,

463 2068 229 35 Schoolmaster.

210 2153 223 36 LICENSING
455 2157 160 34 NOTICE.

96 2266 151 34 NOTICE
280 2270 52 32 OF
354 2271 269 36 APPLICATION
654 2274 80 33 FOR

96 2323 55 33 AN
172 2324 352 39 ACCOMMODATION
543 2330 188 36 LICENSE.

94 2434 44 38 To
162 2437 51 35 the
238 2439 87 35 Clerk
340 2442 32 34 of
390 2443 50 34 the
461 2443 161 46 Licensing
646 2446 64 35 Com-

111 2497 104 33 mittee
230 2498 45 33 for
289 2500 51 33 the
354 2501 125 34 District
493 2504 33 32 of
541 2504 169 43 Hampden.

92 2683 42 25 -M
193 2674 38 31 do
258 2674 111 44 hereby
396 2676 65 42 give
489 2679 97 32 notice
621 2680 66 32 that
714 2682 16 30 I

88 2730 95 33 desire
198 2733 31 32 to
244 2732 112 39 obtain,
372 2733 59 33 and
445 2735 71 38 will,
532 2740 31 28 at
585 2737 59 33 the.
655 2742 73 29 next

89 2786 162 46 Licensing
277 2791 134 43 meeting
437 2794 31 32 to
495 2792 36 35 be
558 2793 110 35 holden
697 2798 30 31 at

88 2845 184 41 Murchison,
308 2860 39 22 on
381 2849 51 33 the
461 2851 118 32 FIRST
607 2853 58 42 day
698 2855 33 31 of

87 2904 118 39 JUNE,
233 2907 86 37 1886,
335 2907 88 44 apply
437 2908 45 33 for
505 2920 18 21 a
547 2910 155 34 CERTIFI-

87 2962 104 34 CATE
221 2965 186 42 authorising
434 2968 51 32 the
512 2968 78 33 issue
621 2970 33 32 of
686 2980 38 23 an

87 3019 351 36 ACCOMMODATION
468 3023 179 35 LICENSE
679 3026 45 33 for

85 3087 18 20 a
130 3076 93 34 house
250 3079 108 33 situate
386 3083 31 29 at
444 3081 79 33 Fern
546 3082 79 39 Flat,
654 3095 51 21 con-

85 3133 116 42 taining
233 3136 105 32 twelve
371 3147 109 28 rooms,
516 3139 147 33 exclusive
694 3142 33 31 of

85 3189 85 35 those
203 3192 136 44 required
372 3194 46 34 for
451 3194 51 36 the
529 3207 53 24 use
609 3197 33 34 of
672 3198 51 34 the

84 3248 114 41 family.

955 193 118 30 Public
1091 195 152 32 Notioes.

958 408 272 38 NOTICE.

794 516 137 34 LYELL
952 519 224 35 LICENSING
1197 522 200 35 DISTRICT.

776 626 99 35 rrliE
898 628 121 35 Annual
1039 630 224 37 LICENSING
1281 633 128 34 MEET-

780 681 29 29 J-
852 688 74 33 ING
941 689 31 33 of
992 689 50 33 the
1056 691 161 42 Licensing
1232 692 177 34 Committee

772 743 45 32 for
830 745 51 31 the
896 745 123 32 District
1044 747 31 31 of
1094 748 86 41 Lyell
1204 749 61 32 will
1287 750 37 31 be
1340 750 69 32 held

772 802 31 32 at
816 801 52 34 the
883 802 91 34 Court
986 804 111 39 House,
1105 805 94 43 Lyell,
1208 817 39 23 on
1258 807 125 35 THURS-

771 860 92 36 DAY,
879 860 51 32 the
945 862 53 31 3rd
1012 862 58 41 day
1088 863 32 32 of
1141 864 117 38 JUNE,
1276 867 86 36 1886,
1379 869 30 29 at

771 928 88 26 noon,
876 916 44 34 for
939 917 51 34 the
1014 919 217 36 consideration
1255 922 32 32 of
1308 922 83 43 Appli-

771 975 113 33 cations
907 975 45 34 for
979 976 183 35 Certificates
1186 978 44 34 for
1257 978 150 41 Licenses,

771 1033 163 38 Transfers,
950 1045 33 22 or
997 1035 158 32 Removals
1169 1037 31 32 of
1218 1037 149 33 Licenses.

810 1119 80 33 ALL
924 1121 295 36 APPLICATIONS
1256 1127 82 31 must
1371 1125 36 33 be

769 1175 170 34 LODGED
953 1177 32 33 in
999 1178 147 42 duplicate
1160 1180 73 33 with
1254 1181 51 33 the
1320 1182 87 33 Clerk

769 1234 32 32 of
811 1234 52 33 the
877 1235 101 38 Court,
1001 1247 39 22 on
1064 1248 33 22 or
1120 1237 98 33 before
1242 1239 163 40 FRIDAY,

768 1290 51 35 the
835 1291 72 35 14th
922 1293 57 43 day
993 1294 32 34 of
1037 1294 96 40 MAY,
1151 1297 86 38 1886,

806 1349 97 35 Dated
917 1350 59 34 this
991 1352 73 33 30th
1079 1352 92 44 April,
1189 1355 86 33 1886.

865 1409 165 30 ALFRED
1051 1411 35 30 A.
1109 1411 216 37 CORFIELD,

895 1463 88 35 Clerk
997 1464 33 35 of
1040 1465 160 46 Licensing
1215 1467 187 37 Committee.

940 1693 274 37 NOTICE.

763 1802 203 37 HAMPDEN
977 1804 223 37 LICENSING
1209 1806 190 39 DISTRICT

764 1921 99 32 mHE
885 1922 122 32 Annual
1023 1923 224 35 LICENSING
1268 1926 130 34 MEET-

769 1968 28 34 J-
844 1977 73 38 ING
932 1978 32 34 of
974 1978 52 35 the
1040 1979 160 45 Licensing
1220 1981 179 37 Committee

761 2036 44 32 for
819 2036 51 33 the
884 2037 123 34 District
1021 2038 33 32 of
1065 2038 201 36 HAMPDEN
1287 2041 62 33 will
1362 2042 36 33 be

760 2092 70 32 held
844 2096 31 29 at
898 2093 51 33 the
974 2094 91 33 Court
1079 2095 111 38 House,
1213 2097 184 40 Murchison,

760 2159 39 23 on
814 2149 200 40 TUESDAY,
1031 2151 51 34 the
1098 2153 46 33 Ist
1167 2152 119 40 JUNE,
1309 2156 87 38 1886,

760 2208 32 31 at
824 2217 89 29 noon,
948 2208 45 34 for
1026 2208 51 34 the
1117 2210 217 35 consideration
1369 2213 32 33 of

760 2265 203 42 Applications
1015 2267 46 33 for
1114 2268 184 34 Certificates
1352 2271 46 33 for

759 2322 149 39 Licenses,
953 2323 164 40 Transfers,
1162 2325 166 41 Renewals,
1364 2339 33 23 or

760 2380 157 34 Removals
932 2382 32 32 of
974 2382 150 34 Licenses.

798 2496 80 33 ALL
912 2497 295 36 APPLICATIONS
1244 2503 82 30 must
1359 2501 36 34 be

757 2554 170 33 LODGED
941 2556 32 32 in
986 2556 148 42 duplicate
1149 2558 72 32 with
1241 2558 52 33 the
1308 2559 87 33 Clerk

757 2613 33 32 of
800 2613 51 34 the
866 2613 101 41 Court,
983 2626 38 22 on
1036 2626 33 23 or
1079 2615 99 35 before
1189 2617 203 41 TUESDAY,

756 2671 51 31 the
824 2672 71 31 11th
910 2673 57 41 day
980 2674 32 30 of
1024 2674 96 37 MAY,
1138 2676 86 30 1886.

794 2728 97 33 Dated
906 2730 60 32 this
981 2731 73 32 80th
1068 2732 56 41 day
1139 2732 32 33 of
1182 2732 93 42 April,
1293 2735 85 32 1886.

847 2786 164 34 ALFRED
1033 2787 35 34 A.
1094 2788 218 41 CORFIELD,

880 2845 87 31 Clerk
983 2848 29 29 to
1026 2846 161 41 Licensing
1202 2847 187 34 Committee.

824 2932 35 42 J.
917 2933 40 42 B.
1021 2933 129 43 BEE
1171 2934 144 52 CHE,

898 3042 172 39 Broadway,
1093 3043 149 40 Reefton,

754 3142 340 39 QHAREBROKER,
1131 3146 21 29 &
1191 3145 198 32 GENERAL

849 3232 254 33 COMMISSION
1138 3233 151 33 AGENT.

790 3423 149 42 Enquries
971 3425 45 32 for
1042 3424 89 33 latest
1159 3426 170 40 quotations
1355 3427 33 32 in

750 3479 116 44 mining
880 3480 97 34 stocks
990 3481 151 44 promptly
1153 3482 112 43 replied
1279 3484 40 32 to.

776 3663 171 22 TELEGRAMS
967 3663 200 24 IMMEDIATELY
1186 3665 167 24 ANSWERED.

752 3738 87 62 M'
852 3738 293 78 Sherry's
1177 3741 210 64 Hotel

917 3854 79 37 (Late
1016 3854 214 38 M'Quillan's,)

827 3929 242 41 BROADWAY,
1101 3930 204 37 REEFTON.

838 4144 153 34 possession
1004 4143 33 26 of
1054 4144 55 26 this
1122 4144 175 27 well-known
1310 4145 75 27 hotel

748 4178 122 29 business
883 4178 98 29 wishes
999 4184 28 23 to
1048 4179 101 28 iniorm
1170 4179 41 29 his
1235 4189 148 21 numerous

748 4218 102 29 friends
862 4216 56 31 and
929 4218 47 29 the
988 4219 146 37 travelling
1143 4219 92 38 public
1244 4221 139 38 generally

748 4258 61 29 that
821 4261 34 25 he
868 4258 110 27 intends
990 4262 28 24 to
1031 4268 77 27 sjjare
1121 4268 36 19 no
1174 4259 79 28 effort
1265 4270 29 17 m
1307 4261 78 28 order

748 4299 28 25 to
788 4296 82 28 make
882 4296 56 27 this
950 4296 71 28 hotel
1036 4296 102 36 replete
1150 4296 67 29 with
1230 4306 82 28 every
1323 4307 45 19 con-

748 4335 129 29 venience
890 4334 55 30 and
959 4338 133 34 comport.

748 4489 73 33 Ales,
838 4489 92 29 Wines
943 4489 58 28 and
1014 4489 104 36 Spirits
1131 4491 35 34 of
1181 4491 68 27 Best
1269 4492 115 28 Brands

955 4527 65 36 only
1038 4527 137 37 supplied.

900 4600 126 42 JOHN
1051 4598 254 54 M'SHERRY,

1167 4670 181 22 PROPRIETOR.

747 4745 212 43 IS*BUY
988 4745 149 41 PURE
1166 4746 213 42 DRUGS!

835 4865 63 40 W.
924 4864 36 41 J.
991 4865 55 39 M.
1077 4865 225 50 HANSBY,

749 4927 197 32 -nAMILY
973 4927 83 32 AND
1087 4928 294 34 DISPENSING

749 4971 29 38 JJ
924 4971 4 42 .
967 4971 195 39 CHEMIST,

896 5039 163 28 BROADWAY,
1087 5040 141 23 REEFTON.

745 5088 85 29 Eleve
842 5087 33 29 de
889 5088 140 28 Vlnstitut
1040 5088 40 29 St.
1089 5089 136 28 Francois
1239 5089 114 34 Xavier,
1364 5099 19 18 a

894 5127 118 37 Bruges,
1027 5127 29 28 la
1067 5127 165 37 Belguique.

838 5179 39 30 M.
896 5180 31 29 P.
947 5180 29 30 S.
995 5180 36 29 N.
1050 5178 41 36 Z.,
1148 5180 39 30 M.
1207 5180 30 30 P.
1258 5180 30 30 C.

746 5275 108 30 Twelve
866 5276 87 36 years'
969 5275 128 30 assistant
1109 5277 29 28 to
1150 5275 54 30 Dr.
1218 5275 123 37 Morice,
1355 5277 31 29 of

975 5315 180 36 Greymouth.

780 5389 170 36 Physicians'
971 5390 198 36 Prescriptions
1193 5390 55 28 and
1271 5390 110 37 Family

746 5427 128 37 Receipes
887 5428 153 37 accurately
1050 5428 189 37 compounded
1253 5428 66 29 with
1334 5429 46 29 the

746 5467 146 27 PUREST
912 5467 137 27 DRUGS.

799 5553 176 21 SPECTACLES
995 5554 35 20 TO
1051 5554 64 20 SUIT
1139 5553 55 21 ALL
1214 5554 113 22 SIGHTS.

781 5624 89 28 Toilet
901 5624 162 36 Requisites,
1088 5625 168 37 Perfumery,
1281 5626 100 30 Patent

748 5663 148 28 Medicines
910 5663 54 28 and
977 5663 153 37 Druggists'
1146 5664 139 35 Sundries,
1300 5666 45 27 &c.

821 5740 108 30 Teeth
945 5740 196 38 Extracted,
1159 5741 69 41 &c,
1246 5741 59 32 &c.

748 5815 114 31 I3TAII
974 5816 183 31 Guaranteed,
1169 5816 52 28 and
1234 5820 27 24 at
1274 5816 105 38 great'y

885 5853 186 28 REDUCED
1091 5853 146 28 PRICES.

350 3309 167 33 ALFEED
539 3311 142 34 SMITH.

125 3363 97 35 Dated
236 3365 51 34 the
303 3367 71 32 11th
388 3365 57 45 day
460 3368 32 34 of
504 3368 80 44 May,
601 3371 87 32 1886.

195 3452 225 35 LICENSING
441 3455 162 32 NOTICE.

87 3565 148 35 NOTICE
252 3568 52 34 OF
318 3569 271 36 APPLICATION
604 3571 80 36 FOE
698 3573 25 33 A

179 3626 242 35 PUBLICAN'S
441 3628 189 35 LICENSE.

85 3739 45 35 To
153 3740 52 34 the
227 3741 88 35 Clerk
329 3743 32 33 of
378 3743 51 33 the
452 3743 161 45 Licensing
637 3745 64 34 Com-

164 3799 104 32 mittee
282 3800 45 31 for
341 3800 51 31 the
402 3800 87 42 Lyell
499 3802 134 33 District.

87 3918 26 28 T
155 3911 181 36 EDWAED
357 3913 198 42 CAEEOLL,
577 3916 32 35 of
626 3916 94 45 Lyell,

87 3980 43 27 M
188 3972 38 31 do
251 3972 111 42 hereby
388 3973 64 41 give
479 3976 98 31 notice
607 3976 67 31 that
706 3977 16 31 I

85 4027 94 34 desire
194 4030 30 33 to
238 4028 112 40 obtain,
367 4030 58 33 and
440 4031 68 39 will,
525 4033 30 32 at
579 4032 51 34 the
651 4036 71 31 next

85 4086 161 44 Licensing
273 4087 132 45 Meeting
432 4091 31 33 to
490 4090 36 34 be
553 4090 110 35 holden
691 4095 31 31 at

85 4145 96 39 Lyell,
197 4156 38 20 on
250 4146 51 31 the
316 4147 129 30 THIED
468 4149 57 39 day
548 4150 33 29 of
601 4151 118 35 JUNE,

87 4202 87 39 1886,
203 4202 89 44 apply
318 4202 45 35 for
397 4213 17 24 a
448 4204 272 37 CEETIFICATE

85 4260 187 43 authorising
295 4262 79 33 issue
398 4263 32 33 of
449 4273 17 23 a
480 4264 241 35 PUBLICAN'S

85 4315 178 36 LICENSE
278 4318 46 34 for
338 4329 17 22 a
368 4318 93 35 house
475 4320 108 35 situate
602 4324 31 31 at
654 4322 70 34 Cliff

87 4376 108 36 Street,
216 4376 95 42 Lyell,
331 4379 173 40 containing
521 4380 71 32 nine
611 4391 109 28 rooms,

85 4433 147 35 exclusive
247 4435 31 34 of
289 4435 85 35 those
388 4437 135 43 required
536 4438 45 35 for
605 4438 51 35 the
670 4450 51 24 use

85 4492 33 32 of
128 4492 51 32 the
193 4492 113 43 family.

283 4550 179 34 EDWAED
483 4552 197 35 CAEEOLL.

125 4605 98 35 Dated
236 4607 51 34 the
303 4609 72 33 14th
389 4609 57 43 day
460 4611 32 33 of
503 4611 80 43 May,
600 4614 87 32 1886.

195 4694 224 36 LICENSING
440 4697 162 35 NOTICE.

85 4811 150 34 NOTICE
251 4813 52 33 OF
317 4814 269 34 APPLICATION
601 4816 79 33 FOE
694 4817 26 32 A

176 4868 242 35 PUBLICAN'S
438 4870 189 34 LICENSE.

118 4983 77 34 Hhe
218 4984 87 34 Clerk
329 4985 32 34 of
381 4986 51 33 the
452 4986 160 44 Licensing
633 4987 65 34 Com-

164 5037 102 35 mittee
280 5039 44 33 for
338 5039 51 33 the
403 5039 86 44 Lyell
503 5040 134 34 District.

282 5153 186 35 raorcfiiin

146 5209 10 26 '
199 5204 85 50 htoby
297 5214 65 41 give
375 5216 97 31 notice
496 5215 66 32 that
586 5216 16 31 I
625 5216 94 32 desire

110 5256 31 33 to
178 5257 79 34 obtai
299 5271 59 33 and
392 5271 69 39 will>
497 5275 31 30 at
561 5272 51 35 the
646 5275 72 32 next

109 5313 140 34 Licensin
250 5327 18 30 g
275 5327 129 43 Meeting
430 5332 31 30 to
487 5329 36 33 be
550 5330 109 33 holden
687 5333 31 30 at

108 5371 96 40 Lyell,
220 5383 39 20 on
273 5374 31 32 th
325 5385 129 31 THIED
477 5387 57 40 day
558 5387 32 31 of
600 5387 117 37 JUNE,

109 5428 86 37 1886,
224 5429 87 43 apply
320 5435 39 57 y
393 5452 18 22 a
444 5441 271 35 CEETIFICATE

108 5484 185 44 authorising
313 5487 40 33 iss
353 5508 15 24 9
389 5499 32 33 of
442 5510 17 22 a
479 5500 240 34 PUBLICAN'S

107 5541 177 34 LICENSE
301 5545 43 31 for
358 5555 30 32 a\
390 5567 69 21 ouse
473 5567 13 21 s
489 5541 2 48 -
492 5560 88 28 ltuate
602 5560 30 29 at
653 5559 70 30 Cliff

108 5598 107 40 Street,
244 5601 95 41 Lyell,
367 5614 48 31 coi,
416 5626 16 20 a
433 5614 10 32 i
444 5627 21 20 n
466 5614 9 32 i
477 5626 40 30 ng
540 5618 179 39 twenty-one

106 5668 108 28 rooms,
230 5660 146 34 exclusive
396 5663 50 43 of^
447 5684 59 23 lose
527 5675 136 41 required
677 5675 43 32 for

106 5715 51 33 the
172 5728 51 21 use
238 5717 32 32 of
281 5718 50 32 the
343 5719 109 44 family.

369 5776 19 33 J

146 5832 96 31 Dated
256 5833 51 32 the
324 5834 71 33 14th
409 5837 56 42 day
478 5844 104 41 olMay,
600 5849 86 31 1886.

1610 198 119 30 Public
1752 198 151 30 Notices.

1442 278 162 40 FERN
1652 276 155 41 FL'AT
1852 275 218 49 HOTEL,

1599 340 125 30 UPPER
1754 339 164 30 BULLER.

1488 446 62 29 IHE
1564 445 86 31 above
1662 445 177 31 well-known
1854 444 75 30 hotel
1947 444 24 30 is
1992 444 80 35 again

1529 486 89 27 under
1627 486 46 27 the
1683 489 194 31 management
1886 484 28 27 of
1924 484 45 27 Mr
1980 484 92 27 Alfred

1441 522 101 35 Smith,
1552 523 47 29 the
1612 524 100 28 former
1724 524 159 36 proprietor.

1474 626 92 40 Every
1579 627 237 31 accommodation
1823 626 56 31 and
1891 626 181 31 convenience

1439 666 40 31 for
1491 667 142 30 travellers
1644 668 120 30 between
1778 668 47 30 the
1837 668 78 30 West
1927 667 81 29 Coast
2018 667 54 30 and

1440 706 111 35 Nelson,
1572 707 151 37 Hampden
1745 705 174 35 Matakitaki,
1941 706 129 38 Glenroy,

1439 744 115 33 Marina,
1568 746 55 26 and
1635 746 47 28 the
1695 746 84 28 Owen
1792 746 89 28 Reefs.

1439 858 160 29 Newman's
1612 860 90 36 Royal
1724 860 68 28 Mail
1812 860 70 29 Line
1902 860 31 29 of
1949 859 121 30 Coaches

1471 896 81 30 make
1576 898 56 29 this
1653 899 138 37 hostelery
1810 899 47 28 the
1878 898 60 29 first
1959 898 77 37 day's

1505 940 76 29 stage
1594 938 70 28 from
1675 938 76 29 West
1759 939 83 28 Coast
1850 941 29 26 to
1889 938 112 28 Nelson.

1469 1047 125 32 Tourists
1607 1059 51 20 can
1670 1051 33 28 be
1716 1052 132 35 provided
1860 1051 66 28 with
1937 1061 82 25 every
2028 1061 26 18 re-

1435 1086 155 36 quirement
1601 1088 42 28 for
1653 1088 113 36 visiting
1778 1089 47 28 the
1837 1089 77 29 lakes
1926 1088 55 30 and
1992 1098 57 28 mag-

1434 1124 113 31 nificent
1559 1127 182 37 surrounding
1753 1131 124 33 country.

1468 1163 105 29 Horses
1586 1165 55 27 and
1659 1166 145 36 equipages
1818 1176 16 17 a
1846 1165 152 37 speciality.

1616 1225 189 40 ALFRED
1827 1226 163 48 SMITH,

1867 1272 166 38 Proprietor.

1670 1355 174 45 ,wolf
1888 1355 38 45 &
1970 1355 96 54 CO.,

1749 1454 171 24 WHOLESALE
1950 1456 56 22 AND

1625 1515 16 3 _
1661 1496 8 9 *
1823 1496 101 21 RETAIL

1431 1547 631 60 BUTCHERS.

1531 1639 115 31 Dealers
1658 1641 31 29 in
1701 1641 38 29 all
1752 1641 180 38 descriptions
1945 1640 31 30 of

1446 1688 106 30 FARM
1587 1689 80 30 AND
1702 1689 120 30 DAIRY
1858 1689 189 30 PRODUCE.

1428 1766 100 28 Hotels
1536 1766 56 28 and
1603 1767 132 28 Families
1742 1767 101 28 waited
1855 1775 37 20 on
1903 1766 44 29 for
1953 1766 109 29 Orders.

1461 1842 101 30 Orders
1580 1843 139 29 delivered
1738 1847 28 25 to
1787 1844 39 28 all
1846 1847 77 33 parts
1934 1853 16 20 o
1980 1844 47 29 the

1684 1881 125 32 District.

1598 1959 74 29 Note
1686 1959 48 29 the
1747 1960 125 28 Address

1444 2015 72 31 13*
1523 2015 36 31 W
1577 2016 109 29 OLF
1756 2016 115 30 AND
1952 2016 92 35 CO.,

1477 2072 74 30 Next
1573 2072 49 31 the
1646 2074 191 28 Government
1855 2073 155 37 Buildiugs,

1572 2120 87 29 Cliff
1678 2120 121 34 Steeet,
1817 2121 105 28 Lyell.

1425 2213 209 38 BROWN'S
1655 2213 120 38 BOOT
1801 2213 260 39 EMPORIUM

1675 2272 135 29 LYELL.

1503 2375 141 30 BROWN
1657 2376 31 28 in
1699 2376 137 37 thanking
1848 2376 45 29 his
1910 2384 150 22 numerous

1521 2417 150 25 customers
1700 2415 42 28 for
1770 2418 64 33 past
1862 2414 120 35 favours,
2004 2415 56 28 and

1423 2451 107 39 hoping
1554 2451 42 32 for
1616 2462 18 20 a
1655 2453 182 29 continuance
1858 2453 31 29 of
1905 2452 49 31 the
1972 2462 86 26 same,

1422 2491 100 29 wishes
1535 2493 45 27 too
1593 2491 53 29 call
1658 2491 73 30 their
1749 2492 136 28 attention
1898 2494 29 26 to
1940 2491 45 30 his
1997 2502 61 19 new

1422 2528 78 30 stock
1521 2529 32 29 of
1573 2530 110 29 Ladies'
1708 2530 98 29 Maids'
1830 2530 55 29 and
1903 2530 156 30 Children's

1422 2568 86 28 Boots
1528 2568 31 28 in
1580 2571 78 34 great
1678 2569 115 37 variety.
1829 2568 77 33 Also,
1919 2568 44 29 his
1981 2569 76 38 large

1422 2606 57 29 and
1490 2606 97 30 varied
1599 2606 79 31 stock
1690 2606 31 31 of

1421 2660 121 39 Men.s,
1555 2660 141 31 Youths'
1709 2660 28 31 &
1750 2660 101 38 Boys'
1868 2660 107 32 Boots
1987 2661 70 31 and

1679 2695 118 33 Shoes.

1420 2796 88 29 Fresh
1522 2796 92 31 Goods
1627 2797 121 39 arriving
1768 2797 135 39 monthly,
1916 2797 91 31 which
2020 2797 35 31 he

1454 2836 22 28 is
1489 2836 118 35 offering
1619 2841 29 24 at
1660 2838 88 35 prices
1761 2841 28 25 to
1799 2838 54 27 suit
1867 2838 47 28 the
1928 2837 91 29 times.

1418 2874 47 28 All
1488 2873 140 38 imported
1661 2876 85 35 goods
1776 2876 116 28 marked
1921 2876 29 28 in
1978 2876 76 37 plain

1679 2914 111 37 figures.

1453 2991 131 27 N.B.A
1595 2991 101 36 supply
1708 2992 31 27 of
1759 2992 89 28 North
1861 2992 104 28 British
1979 2992 72 28 Gum

1417 3027 86 29 Boots
1528 3028 56 28 and
1609 3029 70 28 Own
1705 3029 82 29 Make
1807 3030 182 37 Watertights
2012 3030 26 29 al-

1416 3075 75 27 ways
1503 3075 37 20 on
1553 3066 84 30 hand.

1451 3104 117 36 Repairs
1579 3105 143 38 promptly
1731 3106 132 29 executed
1875 3106 56 29 and
1943 3107 107 29 elastics

1416 3140 131 30 inserted.

1441 3219 72 29 Note
1526 3219 48 30 the
1584 3220 272 31 Address:JOHN
1877 3223 148 34 BROWN,

1415 3264 90 33 Boot
1528 3266 28 32 &
1582 3267 212 32 Shoemaker
1813 3268 29 32 &
1870 3269 180 42 Importer,

1479 3311 142 37 (Opposite
1634 3311 81 30 Baik
1728 3312 30 29 of
1768 3313 68 29 New
1849 3314 141 36 Zealand.)

1533 3393 188 41 JAMES
1761 3395 172 46 RYAN,

1479 3478 183 34 aSNERAL

1783 3483 267 39 TOREKEEPER,

1565 3559 86 30 Cliff
1674 3561 120 36 Street,
1813 3561 87 30 Lyel.

1415 3715 92 29 Goods
1520 3716 133 38 carefully
1665 3716 107 37 packed
1784 3720 29 26 to
1825 3717 38 29 all
1875 3721 76 34 parts
1963 3718 31 29 of
2003 3720 46 28 the

1671 3754 116 32 district.

1429 3924 106 33 BANK
1554 3925 112 31 PRICE
1686 3926 120 31 GIVEN
1826 3927 74 31 FOR
1919 3928 110 32 GOLD.

1431 4006 359 41 WELCOME
1861 4009 165 49 INN,

1673 4067 105 30 Lyell.

1522 4158 154 31 ELLEN
1705 4159 235 31 WILLIAMS

1451 4205 25 31 N
1500 4207 144 38 returning
1662 4207 102 31 thanks
1781 4209 42 29 for
1844 4214 63 33 past
1927 4208 117 37 favours,

1484 4246 65 36 begs
1566 4250 29 26 to
1615 4247 101 29 inform
1733 4248 50 28 her
1800 4249 104 29 friends
1923 4249 55 28 and
1999 4249 46 29 the

1411 4283 91 37 public
1522 4285 61 28 that
1604 4285 49 28 she
1677 4287 51 27 has
1749 4287 58 36 just
1828 4288 154 35 completed
2002 4297 28 18 ex-

1413 4323 102 28 tensive
1534 4322 138 31 additions
1695 4324 55 29 and
1769 4325 160 29 alterations
1950 4330 28 24 to
1997 4325 49 30 her

1412 4361 142 35 premises,
1572 4362 55 28 and
1646 4363 46 28 the
1714 4365 209 26 accomodation
1941 4364 24 29 is
1982 4374 62 18 now

1629 4401 192 37 unsurpassed.

1411 4477 73 35 Ales,
1508 4478 105 34 Wines,
1634 4480 55 28 and
1712 4480 98 36 Spirits
1835 4480 30 28 of
1886 4480 158 29 First-class

1583 4516 112 37 Quality
1708 4518 65 35 only
1786 4518 74 36 kept.

1479 4591 79 32 Good
1575 4591 127 38 Stabling
1719 4593 255 31 Accommodation.

1583 4654 127 29 ELLEN
1734 4655 206 35 WILLIAMS,

1790 4694 218 30 Proprietress.

1470 4774 218 40 FORSYTH
1709 4776 27 39 &
1759 4775 231 49 MASTERS,

1469 4842 233 27 THOLESALE
1729 4844 22 25 &
1779 4843 141 26 RETAIL
1938 4845 84 26 IRON-

1434 4890 11 9 -
1464 4868 20 32 /
1632 4879 191 33 MONGERS,

1559 4931 170 35 Broadway,
1749 4933 144 34 Reefton,

1410 4984 80 28 Have
1503 4993 37 20 on
1552 4984 75 28 hand
1644 4984 138 38 imported
1802 4986 86 30 direct
1905 4987 69 28 from
1997 4987 47 29 the

1461 5023 93 29 Home
1567 5023 130 34 markets,
1710 5033 15 18 a
1738 5025 88 32 Large
1840 5025 53 28 and
1909 5026 65 28 Well-

1595 5063 121 28 assorted
1737 5063 83 29 Stock
1833 5064 29 28 of

1409 5123 167 39 Builders'
1591 5123 219 51 Furnishing,
1825 5125 137 50 Mining
1975 5127 68 38 and

1515 5187 147 38 General
1683 5188 257 47 Ironmongery,

1408 5261 100 30 Which
1530 5261 67 38 they
1616 5271 46 21 are
1682 5263 133 38 prepared
1838 5265 29 27 to
1889 5263 49 30 sell
1959 5267 29 26 to
2000 5273 27 21 re-

1420 5301 104 29 sidents
1536 5302 30 28 of
1575 5302 78 37 Lyell
1667 5306 29 25 at
1705 5302 151 37 extremely
1868 5303 53 28 low
1933 5304 97 35 prices.

1408 5404 154 30 Bickford's
1576 5404 80 33 Fuse,
1670 5404 92 27 Hall's
1779 5404 126 34 Blasting
1919 5405 122 33 Powder,

1409 5442 122 35 Octagon
1545 5442 82 34 Steel,
1640 5442 93 29 Ames'
1755 5441 125 36 Shovels,
1902 5442 66 29 Pick
1987 5443 55 28 and

1409 5481 137 27 Hammer
1558 5480 135 31 Handles,
1707 5481 54 32 Ac,
1773 5485 95 31 agents
1880 5481 41 29 for
1931 5481 111 29 Nobel's

1644 5518 161 38 Dynamite.

1408 5579 158 34 Furniture,
1598 5579 134 34 Bedding.
1764 5579 113 35 Lamps,
1920 5579 121 38 Cutlery,

1408 5619 172 36 Carpenters'
1594 5618 91 33 Tools,
1703 5618 104 33 Paints,
1830 5618 66 34 Oils,
1919 5619 122 34 Colours,

1545 5657 94 37 Fancy
1652 5656 90 34 Ware,
1756 5658 62 33 &c.;
1837 5658 66 33 also,

1411 5708 21 28 A
1447 5708 88 37 Large
1547 5709 175 29 Assortment
1740 5709 29 29 of
1787 5709 165 29 Galvanised
1965 5710 75 33 Iron,

1510 5748 145 27 Bessemer
1667 5748 54 27 and
1741 5747 103 37 Plough
1865 5748 74 28 Steel

1597 5804 104 29 WIRE
1721 5805 129 28 ROPES.

1511 5856 60 27 SSS
1601 5856 176 27 OCTAGON
1806 5857 129 26 SfEEL.

2610 204 120 33 Public
2758 207 152 31 Notices.

2110 409 112 113 41
2246 453 336 67 'B6-AUTOMN
2618 459 30 61 k
2684 461 173 59 WINTER

2829 468 28 52 K
2899 468 247 54 DKAPmi--
3165 468 102 54 80.
3294 468 108 56 i&v

2374 607 245 63 JOHN
2681 608 453 62 FENNELL

2108 708 61 29 Has
2181 710 85 29 much
2284 711 125 37 pleasure
2427 713 30 29 in
2479 714 177 36 announcing
2675 717 28 26 to
2723 713 47 30 the
2791 713 172 30 inhabitants
2984 715 31 28 of
3036 715 80 37 Lyell
3141 717 55 27 find
3221 719 181 36 surrounding

2482 753 120 27 districts
2624 753 48 28 the
2695 753 101 27 arrival
2820 754 30 25 of
2866 763 16 17 a
2901 753 126 28 LARGE

2618 1017 273 31 COMPRISING

2141 1084 96 43 The
2260 1087 158 42 Latest
2441 1089 226 42 Novelties
2685 1089 86 41 and
2796 1088 213 42 Fashions
3030 1087 39 41 in
3094 1087 155 42 Ladies
3252 1088 8 15 1
3280 1089 85 41 and

2448 1144 154 40 Gents'
2631 1145 208 48 Wearing
2857 1145 202 48 Apparel,

2106 1229 67 33 And
2196 1230 108 34 invites
2326 1243 39 21 an
2389 1232 165 42 inspection
2578 1233 32 32 of
2631 1233 51 32 the
2705 1245 91 26 same,
2821 1234 110 40 feeling
2954 1245 68 21 sure
3046 1235 67 32 that
3137 1236 45 32 for
3208 1236 191 39 VARIETY,

2254 1275 190 42 QUALITY,
2460 1277 59 32 and
2533 1277 140 34 VALUE
2688 1278 71 43 they
2773 1278 161 34 CANNOT
2949 1277 37 35 be
3001 1278 249 36 SURPASSED.

2104 1456 130 44 Ladies
2237 1460 9 17 1
2282 1459 72 41 and
2388 1460 199 42 Children's
2636 1461 216 42 WINTER
2895 1459 146 43 HATS
3078 1460 38 41 in
3158 1461 52 40 all
3250 1462 144 54 Shapes.

2137 1649 109 30 Ladies'
2261 1649 158 32 WINTER
2431 1649 164 33 JACKETS
2608 1653 56 28 and
2676 1653 117 29 CAPES
2805 1654 29 28 in
2847 1654 38 29 all
2895 1654 48 30 the
2954 1655 110 30 Newest
3078 1656 104 39 Shapes
3195 1656 55 32 and
3264 1658 97 39 Styles.

2247 1725 88 41 New
2355 1728 191 38 Feathers!
2587 1729 87 39 New
2694 1729 175 40 Flowers!
2911 1732 87 38 New
3020 1733 206 49 Trimmings
3242 1736 8 37 !

2128 1807 49 42 If
2198 1806 50 35 All
2274 1807 51 35 the
2352 1808 96 34 NEW
2476 1808 59 34 and
2562 1808 290 36 FASHIONABLE
2881 1811 167 35 WINTER
3075 1813 133 35 DRESS
3230 1813 164 40 STUFFS,

2403 1882 68 35 And
2491 1883 235 39 TKIMMINGS
2748 1886 32 36 of
2797 1897 87 34 every
2904 1886 189 45 description.

2732 2016 19 11 w

2128 2060 111 77 MS,
2276 2061 118 65 BOYS'
2430 2066 70 60 and
2534 2066 180 63 YOUTHS'
2751 2069 214 63 CLOTHING
2998 2070 39 62 in
3066 2071 148 64 Endless
3239 2074 150 75 Variety.

2505 2367 121 34 CLIFF
2647 2371 170 40 STEEET,
2838 2375 148 35 LYELL.

2098 2508 140 63 The
2275 2510 366 78 Hampden
2684 2514 466 78 Co-operative
3194 2519 192 64 Store

2392 2607 361 80 Company,
2791 2611 313 67 Limited.

2095 2797 108 62 THE
2218 2796 84 33 above
2312 2797 146 42 Company
2466 2800 24 31 is
2502 2809 63 22 now
2575 2801 149 39 supplying
2735 2802 49 31 the
2796 2803 141 39 following
2953 2804 85 38 goods
3048 2810 28 27 at
3088 2817 16 20 a
3117 2807 84 35 slight
3214 2808 122 31 advance
3350 2819 36 20 on

2563 2841 150 26 NELSON
2728 2843 187 24 PRICES!

2292 3077 38 28 Of
2340 3077 60 30 first
2412 3078 71 29 class
2495 3078 115 38 quality.
2646 3079 25 28 A
2683 3079 89 38 Large
2786 3081 56 29 and
2854 3081 102 30 Varied
2967 3083 177 31 Assortment
3156 3087 31 28 of

2089 3132 203 53 Crockery,
2328 3134 172 40 Earthen
2529 3136 76 39 and
2638 3137 228 48 Glassware,
2902 3139 282 57 Ironmongery,
3214 3145 81 48 &c,
3317 3147 67 38 &c.

2090 3280 125 41 Men's
2249 3281 76 41 and
2361 3281 115 54 Boys'
2515 3282 273 54 Kaipoi-made
2836 3286 207 55 Clothing;
3090 3289 114 51 Hats,
3243 3293 138 51 Shirts,

2188 3337 358 50 Under-Flannels;
2600 3339 177 40 Drawers
2811 3342 74 38 and
2920 3342 146 50 Moles;
3107 3345 176 51 Tweeds,

2286 3391 176 55 Hosiery,
2485 3392 210 53 Blankets;
2725 3395 163 50 Calicos,
2911 3397 139 51 Prints,
3074 3400 91 41 Flan-

2498 3449 93 46 nels,
2612 3450 80 46 &c,
2713 3451 66 36 &c.
2832 3452 143 37 Also

2250 3524 157 49 Wheat,
2453 3525 110 48 Oats,
2610 3526 116 49 Bran,
2760 3527 119 41 Chaff
2899 3529 76 40 and
3008 3532 193 40 Potatoes.

2121 3674 101 30 Orders
2233 3674 197 38 accompanied
2447 3674 38 38 by
2497 3675 66 29 cash
2576 3675 175 31 remittances
2768 3679 164 36 punctually
2949 3681 132 30 attended
3094 3685 38 32 to,
3144 3683 57 29 and
3219 3685 85 36 goods
3323 3686 44 28 des-

2086 3714 119 36 patched
2218 3716 29 25 at
2259 3723 16 17 a
2288 3718 139 23 moments
2439 3714 100 28 notice.

2121 3751 85 31 Local
2222 3751 129 39 produce,
2370 3751 143 38 including
2530 3752 106 36 Hides,
2655 3752 96 37 Skins,
2775 3753 96 38 Wool,
2890 3755 127 36 Butter,
3031 3758 56 35 &c,
3101 3760 56 34 &c,
3174 3760 155 38 purchased
3341 3761 42 31 for

2086 3791 84 28 Cash.

2965 3833 35 29 B.
3020 3833 131 37 M'NEE,
3170 3835 108 31 Lessee.

2121 3866 171 34 Murchison,
2305 3866 66 28 15th
2384 3866 85 34 June,
2484 3867 77 28 1885.

2662 4079 131 43 TBY

2162 4221 182 67 KII

2332 4221 654 73 RKPATRi

2713 4404 437 48 'easons

2349 4824 75 38 IT
2499 4824 73 40 IS
2649 4826 152 38 THE
2876 4828 202 42 BEST

2159 5056 186 38 GEORGE
2377 5056 42 37 E.
2443 5056 193 47 LEVIEN,

2081 5117 124 29 Member
2215 5119 29 27 of
2251 5118 45 28 the
2304 5118 236 29 Pharmaceutical
2547 5119 106 36 Society
2660 5119 56 28 and

2166 5157 237 30 Pharmaceutical
2422 5158 165 29 Conference
2601 5158 30 29 of

2287 5198 85 27 Great
2389 5198 117 32 Britain,

2132 5251 156 31 URGEON
2325 5251 175 35 DENTIST,
2530 5252 182 37 CHEMIST,

2124 5287 3 39 1
2241 5292 80 28 AND
2340 5292 204 34 DRUGGIST,

2294 5339 205 34 (REGISTERED.)

2079 5421 55 28 For
2146 5422 34 28 20
2192 5431 79 28 years
2288 5423 150 36 practising
2459 5423 29 28 in
2507 5421 206 38 Marlborough,

2080 5459 55 28 and
2146 5460 55 28 late
2215 5460 31 28 of
2265 5461 103 28 Nelson
2387 5461 129 33 districts,
2529 5463 23 26 is
2572 5471 62 19 now
2652 5472 45 27 pre-

2177 5499 83 37 pared
2272 5502 28 26 to
2315 5499 94 29 attend
2422 5500 129 37 patients,
2565 5501 54 28 and

2114 5555 72 28 CAN
2217 5556 51 27 BE
2299 5556 226 29 CONSULTED
2560 5557 118 28 DAILY

2079 5670 99 28 Rooms
2201 5677 31 21 in
2256 5669 185 29 Commercial
2472 5670 111 36 Hotel,
2607 5672 103 28 Lyell.

2113 5764 98 29 Advice
2234 5764 92 28 Gratis
2344 5764 71 29 from
2435 5765 16 28 9
2470 5768 28 25 to
2518 5765 31 28 11
2568 5775 75 26 a.m.,
2657 5767 55 28 and

2078 5804 69 29 from
2208 5828 5 7 .
2231 5805 14 27 5
2265 5814 66 26 p.m.

2292 5856 31 28 G.
2344 5856 33 28 E.
2398 5856 155 34 LEVIEN,
2574 5857 102 29 M.P.S.

2746 5062 320 43 BELFAST
3116 5066 258 50 HOTEL,

2937 5134 112 29 GIBBS
3069 5136 120 29 TOWN.

2915 5187 186 29 Eight-Mile
3121 5190 88 28 Road.

2747 5259 108 52 rjIHE
2863 5261 185 40 undersigned
3056 5265 104 38 haying
3168 5266 130 30 removed
3306 5266 69 31 from

2835 5313 67 30 Zala
2914 5315 86 29 Town
3014 5317 55 28 and
3082 5318 108 29 erected
3207 5329 62 19 new
3287 5329 71 28 prem-

2744 5360 54 27 ises
2817 5369 31 19 as
2867 5362 96 33 above,
2981 5364 25 27 is
3029 5373 63 19 now
3110 5367 133 35 prepared
3263 5372 28 23 to
3312 5367 65 28 offer

2745 5406 134 29 excellent
2920 5411 240 28 accommodation
3189 5415 29 25 to
3257 5413 118 32 visitors,

2745 5452 138 37 boarders,
2897 5456 54 28 and
2965 5457 47 28 the
3024 5458 92 37 public
3128 5459 151 36 generally.

2744 5549 76 29 Ales
2841 5550 100 29 Wines
2959 5560 56 19 and
3035 5553 111 28 Spirits
3170 5563 35 18 of
3229 5563 56 19 the
3307 5564 69 19 best

2894 5599 153 36 Qualities
3061 5609 71 21 only
3146 5610 80 21 kept.

2867 5693 156 55 Charges
3048 5697 192 41 Moderate.

2917 5818 125 28 PETER
3062 5818 244 33 ARMSTRONG,

3175 5866 164 36 Proprietor.

3613 211 118 31 Public
3756 213 149 31 Notices.

3639 295 246 29 NOTICE.

3442 369 38 28 To
3494 368 46 30 the
3555 369 173 31 inhabitants
3736 376 26 25 of
3776 373 78 35 Lyell
3866 375 54 27 and
3932 375 129 28 surround-

3670 411 48 37 ing
3730 411 113 28 district.

3579 487 170 37 HENRY
3779 490 165 36 YOUNG

3588 547 28 25 to
3629 545 126 29 intimate
3773 546 60 29 that
3854 547 34 29 be
3912 547 109 29 intends
4046 552 28 24 io

3443 586 43 14 -
3538 587 67 23 start
3618 585 115 34 Baking,
3748 595 35 17 an
3785 586 16 26 <]
3815 587 36 34 by
3874 588 101 34 paying
3998 588 77 26 strict

3442 621 132 27 attention
3589 626 27 23 to
3629 621 43 28 his
3694 623 121 29 business
3836 628 28 25 to
3886 625 82 28 merit
3989 635 16 19 ft
4024 625 52 28 fair

3441 657 79 31 share
3535 661 29 27 of
3573 665 122 33 support.
3733 663 58 29 The
3803 665 71 36 price
3888 665 54 28 will
3956 665 31 29 be

3538 718 76 49 4lb.
3637 720 145 39 LOAF
3845 746 12 6 -
3913 723 60 48 gd.

3475 809 38 29 H.
3533 811 130 30 YOUNG
3676 813 110 30 intends
3799 819 28 25 to
3841 816 98 37 supply
3953 816 46 29 the
4006 826 67 28 very

3441 847 58 29 best
3511 851 105 35 quality
3626 853 30 25 of
3667 852 90 27 bread.
3794 855 23 25 A
3825 854 73 34 large
3908 862 164 20 assortment

3441 886 29 27 of
3491 887 81 28 small
3596 889 84 33 goods
3709 891 80 28 made
3820 901 81 29 every
3925 893 146 36 Saturday.

3443 924 121 38 Nothing
3585 927 51 28 but
3655 929 46 28 the
3726 929 58 28 best
3808 931 166 36 ingredients
3995 933 76 27 used,

3441 963 54 28 and
3508 966 162 37 everything
3683 968 57 27 sold
3754 975 28 20 at
3794 969 140 38 Westport
3947 971 95 36 prices.

3440 1049 196 26 CHRISTENING,
3668 1052 141 26 WEDDING,
3839 1056 56 17 AND
3931 1056 141 18 BIRTHDAY

3524 1086 86 21 CAKES
3629 1089 75 19 MADE
3724 1091 35 19 ON
3777 1091 55 19 THE
3851 1093 139 19 SHORTEST

3628 1127 129 21 POSSIBLE
3777 1130 109 20 NOTICE.

3473 1192 71 30 Note
3557 1194 47 29 the
3617 1195 152 30 Address

3438 1244 111 56 ALL
3570 1247 239 58 NATIONS
3839 1251 232 55 BAKERY

3507 1316 139 36 (Opposite
3658 1318 26 27 J.
3701 1319 88 35 Ryan,
3804 1321 195 36 Storekeeper.)

3545 1399 176 41 JAMES
3769 1403 188 48 INGLSS,

3487 1515 262 33 HAREBROKER
3780 1523 19 26 &
3830 1523 237 29 COMMISSION

3648 1649 205 37 AGENT,

3508 1778 116 31 Cliff
3660 1781 159 35 Street,
3855 1783 141 31 Lyell.

3451 1869 127 38 POST
3621 1870 193 41 OFFICE
3857 1874 189 42 HOTEL,

3636 1931 221 29 LYELL.

3479 2024 225 41 PETER
3734 2028 280 41 MANGOS

3430 2086 142 68 BEGS
3592 2092 28 24 to
3633 2089 103 28 inform
3756 2090 43 27 his
3817 2092 103 27 triends
3942 2093 56 26 and
4018 2093 47 28 the

3533 2126 92 36 public
3646 2127 63 29 that
3733 2128 43 28 his
3796 2138 61 19 new
3877 2131 188 28 commodious

3599 2165 87 29 Hotel
3698 2167 24 27 is
3735 2176 63 18 now
3810 2178 81 26 open.

3426 2201 153 29 Travellers
3598 2204 55 27 and
3672 2205 108 28 visitors
3799 2210 29 24 to
3847 2206 55 28 this
3921 2208 132 28 establish

3460 2244 79 25 ment
3550 2241 56 29 will
3618 2241 59 29 find
3690 2243 71 29 their
3770 2244 181 30 eomfortand
3965 2256 47 19 con-

3495 2279 131 30 venience
3636 2281 167 38 thoroughly
3813 2284 130 28 attended
3956 2288 36 24 to.

3426 2316 58 29 The
3497 2317 147 30 bedrooms
3665 2329 47 19 are
3721 2321 79 33 lofty,
3813 2321 56 28 and
3881 2323 64 27 well
3958 2323 106 36 lighted

3627 2357 56 30 and
3703 2359 159 30 ventilated.

3459 2432 206 30 Comfortable
3695 2435 129 29 Parlors
3841 2437 64 28 'and
3925 2437 87 29 First-

3642 2483 82 19 class
3742 2475 104 29 Table.

3441 2510 60 29 One
3523 2511 31 28 of
3573 2512 128 29 Alcock's
3714 2514 80 28 Prize
3806 2514 117 29 Billiard
3936 2516 107 29 Tables.

3423 2587 60 29 The
3495 2588 57 29 Bar
3563 2589 24 28 is
3600 2589 114 30 stocked
3723 2590 68 30 with
3804 2591 75 34 Ales,
3889 2592 105 35 Wine?,
4008 2594 55 28 and

3476 2627 99 38 Spirits
3587 2630 30 27 of
3632 2630 169 36 guaranteed
3820 2630 102 30 brands
3934 2633 75 37 only.

3457 2666 24 27 A
3498 2667 145 28 first-class
3664 2670 184 27 sixteen-stall
3860 2671 89 27 stable
3961 2672 74 26 iscon-

3423 2704 99 29 nected
3534 2705 69 28 with
3617 2705 56 30 this
3688 2705 85 30 hotel.

3675 2745 127 28 PETER
3825 2747 168 30 MANGOS,

3860 2785 155 35 Proprieor.

3551 2881 121 33 JOHN
3707 2884 226 41 FENNELL,

3747 2948 313 31 OTOREKEEPER.

3509 3031 85 30 Wine
3613 3039 56 21 and
3689 3031 96 31 Spirit
3807 3033 171 31 Merchant.

3458 3143 104 36 Money
3580 3144 104 36 always
3705 3145 30 28 in
3756 3145 76 28 hand
3851 3146 44 29 for
3911 3147 114 35 cashing

3678 3182 127 39 cheques.

3457 3294 109 31 Liberal
3579 3294 137 31 advances
3728 3297 82 29 made
3826 3307 36 19 on
3874 3298 108 38 parcels
3996 3300 31 28 of

3637 3336 119 28 retorted
3770 3337 72 35 gold.

3564 3431 80 36 Cliff
3662 3431 123 46 Street,
3810 3434 109 46 Lyell.

3532 3549 119 73 a#
3679 3551 381 78 NewChumatcliery

3603 3674 52 17 *-
3794 3665 149 34 LYELL.

3514 3803 205 40 JAMES
3771 3804 185 46 EDGE,

3514 3889 238 28 HOLESALE
3789 3890 80 27 AND
3914 3891 143 27 RETAIL

3566 3967 339 31 BUTCHER.

3415 4078 100 29 Hotels
3528 4077 55 30 and
3596 4078 132 28 Families
3747 4078 101 29 waited
3870 4088 37 20 on
3920 4079 83 38 Daily
4016 4080 41 29 for

3681 4116 110 30 Orders.

3467 4231 77 30 Meat
3556 4229 147 31 Delivered
3721 4233 28 26 to
3762 4229 37 30 all
3819 4235 76 33 parts
3908 4232 27 29 of
3956 4232 46 29 the

3673 4269 126 30 District.

3415 4375 120 31 NEW
3580 4374 157 31 CHUM
3774 4374 279 38 BUTCHERY,

3483 4427 130 37 Opposite
3622 4426 153 30 Alhambra
3785 4426 94 34 Hotel,
3895 4426 87 38 Lyell.

3415 4530 292 60 ROUNDED
3759 4530 74 41 ON
3890 4530 159 42 FACT!

3448 4671 43 28 Ist
3510 4669 85 38 lady:
3633 4668 100 29 Where
3758 4668 34 29 do
3821 4677 55 29 you
3906 4673 46 33 get
3981 4679 69 28 your

3415 4710 115 35 drapery
3548 4718 71 23 now,
3634 4708 79 34 Mary
3725 4710 13 26 ?

3448 4747 57 28 2nd
3530 4747 86 37 lady:
3654 4746 83 37 Why,
3768 4750 28 24 at
3826 4746 46 28 the
3904 4747 81 28 Hall
4017 4756 33 19 of

3415 4786 165 35 Commerce,
3595 4785 109 30 Nelson.

3448 4828 43 26 Ist
3505 4826 66 34 lady
3582 4835 9 17 :
3628 4825 72 27 How
3719 4824 162 35 beautifully
3899 4825 61 28 that
3974 4826 76 28 dress

3415 4863 45 27 fits
3472 4871 55 26 you
3538 4863 6 26 !
3582 4861 99 28 Where
3693 4870 57 18 was
3763 4861 59 26 that
3841 4863 80 26 made
3931 4864 14 25 ?

3448 4901 57 28 2nd
3518 4899 85 38 lady:
3641 4899 36 28 At
3690 4899 33 28 E.
3737 4898 26 30 J.
3778 4899 127 29 Warner
3923 4901 21 28 &
3965 4901 83 34 Co.'s,

3414 4940 47 28 the
3476 4940 81 27 Hall
3569 4947 33 20 of
3615 4939 163 26 Commerce.

3449 4980 43 26 Ist
3505 4977 66 37 lady
3585 4987 9 18 :
3632 4977 73 28 How
3718 4986 62 19 ever
3792 4976 46 28 did
3851 4976 67 37 they
3931 4986 117 26 manage

3415 5021 28 23 to
3456 5017 31 27 fit
3495 5026 55 26 you
3558 5026 29 18 so
3597 5016 89 35 nicely
3700 5017 12 27 ?
3749 5015 80 29 Were
3839 5025 55 27 you
3905 5019 144 26 measured

3414 5056 42 28 for
3468 5056 22 27 it
3502 5056 10 26 ?

3448 5092 57 30 2nd
3517 5092 67 37 lady
3595 5102 8 18 :
3641 5093 42 28 No
3695 5092 7 28 !
3739 5092 15 28 I
3768 5092 101 37 simply
3888 5097 61 25 sent
3971 5094 77 30 them

3414 5142 35 18 an
3462 5132 46 28 old
3522 5131 72 37 body
3608 5131 60 28 that
3688 5131 79 28 fitted
3780 5140 53 25 me,
3847 5132 41 28 for
3900 5142 16 18 a
3928 5138 118 32 pattern,

3414 5171 67 29 with
3496 5171 46 28 the
3556 5170 94 37 length
3665 5169 30 29 of
3703 5170 47 28 the
3764 5169 75 29 skirt.

3446 5212 44 25 Ist
3503 5210 66 34 lady
3580 5219 7 17 :
3627 5209 54 27 Did
3698 5218 56 26 you
3766 5213 44 31 get
3822 5210 61 27 that
3895 5214 91 31 pretty
3999 5212 49 27 hat

3412 5247 76 30 there
3501 5247 79 28 also'?

3446 5287 56 26 2nd
3516 5286 66 36 lady
3592 5296 9 18 :
3638 5286 64 33 Yes,
3715 5285 55 29 and
3786 5295 134 27 everyone
3942 5297 62 28 says
4025 5289 23 29 it

3412 5330 68 23 suits
3492 5334 45 18 me
3550 5334 29 18 so
3592 5325 79 27 well!

3446 5364 44 26 Ist
3514 5362 87 35 lady:
3650 5363 73 26 How
3747 5362 34 27 do
3806 5371 55 26 you
3886 5364 68 27 send
3978 5374 70 26 your

3412 5400 92 27 orders
3517 5404 28 22 to
3557 5400 77 26 them
3645 5401 12 25 ?
3695 5400 43 26 Do
3752 5400 65 34 they
3826 5400 64 26 send
3902 5405 120 31 patterns
4032 5405 13 25 ?

3447 5437 57 28 2nd
3517 5437 66 36 lady
3595 5446 8 19 :
3643 5437 52 28 Yes
3709 5438 6 27 !
3752 5437 14 28 I
3781 5437 62 36 pick
3856 5444 46 22 out
3916 5438 46 29 the
3973 5440 75 28 color

3413 5475 15 28 I
3441 5476 115 36 require,
3570 5475 54 28 and
3637 5476 67 34 they
3717 5475 79 28 make
3806 5476 20 26 it
3834 5477 30 26 in
3877 5485 14 18 a
3905 5477 50 27 few
3968 5478 76 34 days.

3446 5515 44 27 Ist
3503 5513 86 37 lady:
3626 5515 53 28 Are
3689 5513 66 37 they
3766 5513 157 30 reasonable
3933 5517 29 27 in
3975 5517 71 29 their

3413 5553 114 32 charges
3538 5554 12 25 ?

3446 5590 58 28 2nd
3528 5590 85 37 lady:
3651 5590 63 33 Yes,
3738 5599 75 27 very.
3850 5590 15 28 I
3889 5591 58 28 find
3968 5592 77 29 them

3413 5630 187 33 considerably
3622 5630 116 35 cheaper
3758 5630 68 27 than
3847 5640 55 26 any
3924 5632 84 28 house
4030 5632 15 27 I

3413 5668 70 27 have
3497 5677 62 18 ever
3573 5668 73 27 dealt
3658 5667 75 28 with.

3446 5708 44 26 Ist
3514 5706 85 37 lady:
3644 5706 73 28 How
3740 5706 75 29 nice!
3853 5707 14 28 I
3892 5718 45 18 am
3963 5710 82 28 much

3413 5745 106 33 obliged
3533 5751 28 21 to
3574 5753 70 27 you;
3664 5745 64 31 and,
3742 5754 29 17 as
3787 5746 12 26 I
3820 5748 105 33 require
3948 5757 16 17 a
3986 5750 59 26 nicy

3412 5789 121 23 costume
3555 5783 54 29 and
3632 5783 49 29 hat
3701 5784 41 28 for
3763 5785 46 27 the
3830 5786 106 32 winter,
3951 5786 14 28 I
3991 5786 54 29 will

3411 5823 133 34 certaiu!}'
3569 5823 66 26 send
3656 5823 76 27 them
3755 5823 48 28 the
3822 5825 80 26 order
3923 5825 35 34 by
3981 5833 64 21 nest

3412 5861 92 28 coach.
3543 5861 76 28 Good
3633 5860 60 33 bvi,
3711 5861 87 32 Mary,
3811 5863 69 30 good
3895 5862 59 31 bye.
