4140 5940
201 195 209 32 DRAMATIC
433 194 152 32 GOSSIP.

122 301 94 32 There
241 301 54 30 has
316 301 63 40 just
402 301 73 29 been
497 309 38 20 an
560 298 154 40 ill-judged

80 348 127 36 attempt
228 346 30 29 at
279 343 62 32 Her
362 343 152 40 Majesty's
536 341 125 32 Theatre
683 341 31 31 in

80 389 51 32 the
153 388 141 32 direction
319 388 31 31 of
372 386 108 32 Italian
505 395 95 31 opera,
618 384 96 31 which

81 433 180 31 culminated
286 432 30 30 in
341 443 55 19 one
424 431 32 30 of
477 429 49 32 the
554 432 78 28 most
656 429 42 30 dis-

80 476 129 40 graceful
244 476 103 30 fiascos
381 484 66 21 ever
491 472 156 31 witnessed
682 472 30 30 in

80 520 135 31 London.
260 518 61 31 The
336 517 109 41 garden
460 527 86 21 scene
567 516 30 30 in
620 515 92 31 Faust

80 575 59 20 was
174 562 162 42 performed
364 560 71 32 with
470 560 69 40 only
572 558 66 32 half
662 558 50 32 the

81 608 109 40 unpaid
216 606 165 36 orchestra;
410 615 80 21 some
515 604 32 31 of
571 603 140 31 audience

81 650 119 31 amused
213 649 175 31 themselves
400 648 37 39 by
452 647 142 40 playfully
604 647 89 31 throw-

79 694 52 43 ing
145 704 121 32 oranges
282 695 30 30 at
326 692 50 33 the
391 691 184 34 conductor's
590 690 122 33 devoted

79 739 94 38 head;
195 739 50 31 the
266 737 110 42 gallery
398 748 73 30 sang
492 736 92 33 comic
606 746 104 31 songs;

80 784 51 30 the
145 783 57 31 last
216 783 66 40 ring
296 793 40 29 up
350 783 31 30 of
394 781 49 31 the
465 781 115 31 curtain
601 791 59 20 was
682 783 30 27 at

80 825 167 42 midnight;
279 825 73 32 after
380 824 95 33 which
504 824 50 32 the
582 823 131 41 starving

79 870 157 31 choristers
251 870 57 29 and
320 872 81 36 stage
412 868 96 31 hands
522 868 191 39 pathetically

82 911 139 42 appealed
242 911 44 32 for
300 911 123 42 charity,
439 910 58 32 and
518 910 82 32 there
615 920 60 21 was
696 920 16 21 a

80 956 76 41 grim
190 956 144 32 scramble
362 967 38 21 on
431 955 50 33 the
510 958 81 37 stage
625 955 44 32 for
696 965 17 20 a

80 999 125 31 handful
233 1000 32 30 of
295 1010 90 28 pence
413 999 115 31 thrown
559 998 76 31 from
663 998 49 30 the

82 1042 188 34 auditorium.
305 1042 63 33 The
380 1053 85 22 scene
479 1052 59 22 was
550 1040 163 43 altogether

82 1089 125 31 without
240 1087 122 42 parallel
396 1088 31 30 in
461 1088 51 31 the
542 1087 112 40 history
686 1087 31 30 of

82 1132 110 32 Italian
219 1132 96 41 Opera
341 1130 32 33 in
395 1130 149 42 England,
574 1130 58 31 and
653 1129 61 32 will

82 1176 143 41 certainly
248 1176 79 32 drive
352 1176 124 32 another
496 1174 62 33 nail
578 1174 63 33 into
663 1173 51 33 the

84 1221 87 31 coffin
195 1220 31 32 of
237 1219 59 33 this
311 1219 101 33 school
426 1219 31 33 of
475 1228 87 32 opera
586 1228 72 23 once
682 1228 32 21 so

84 1264 174 42 immensely
284 1264 123 41 popular
433 1264 32 32 in
489 1263 135 33 London.
676 1263 39 31 At

83 1309 50 29 the
167 1308 170 30 conclusion
371 1308 31 30 of
439 1308 50 29 the
556 1306 142 30 entertain-

218 1351 49 35 the
288 1362 151 33 manager,
464 1362 17 22 a
505 1350 42 34 M.
574 1348 140 41 Carillon,

84 1409 59 19 was
158 1398 90 30 found
263 1400 30 28 to
306 1397 75 31 have
396 1397 139 31 executed
547 1407 17 19 a
578 1396 137 39 strategic

84 1443 168 31 movement
273 1443 30 30 to
317 1442 80 40 parts
411 1440 159 37 unknown,
591 1438 58 33 and
668 1438 47 32 his

84 1485 203 31 subordinates
331 1495 75 21 were
446 1487 48 28 too
538 1483 178 40 thoroughly

83 1528 166 43 frightened
277 1529 29 31 to
334 1527 37 34 do
399 1527 153 44 anything.
596 1525 120 44 Shortly

84 1574 97 32 before
197 1585 54 21 one
266 1574 110 32 o'clock
391 1585 38 20 on
445 1573 121 40 Sunday
579 1572 138 40 morning

85 1617 51 30 the
164 1626 92 31 angry
289 1616 139 31 audience
463 1615 171 41 penetrated
667 1615 50 30 the

86 1659 111 33 lobbies
225 1659 59 33 and
310 1659 119 33 hustled
466 1659 84 33 those
577 1658 66 33 who
673 1669 28 22 re-

85 1704 129 32 mained.
256 1705 25 30 A
302 1704 55 32 few
378 1704 87 41 strips
487 1703 31 32 of
539 1705 99 39 carpet
658 1713 59 21 was

86 1750 67 29 torn
176 1751 30 29 to
228 1747 112 38 shreds,
366 1748 58 31 and
439 1758 17 21 a
469 1747 55 32 few
547 1757 52 31 gas
622 1746 95 41 lamps

85 1790 148 38 smashed,
261 1792 54 31 but
341 1791 52 32 the
423 1790 69 33 mob
519 1801 75 22 were
627 1790 91 41 really

85 1835 164 42 pacifically
269 1835 138 37 inclined,
424 1845 32 22 as
470 1845 39 23 no
529 1834 94 42 police
643 1845 74 21 were

84 1879 113 36 visible,
213 1879 59 31 and
286 1879 51 31 the
351 1879 115 31 theatre
480 1889 60 21 was
555 1877 163 42 absolutely

85 1924 31 30 at
131 1922 76 31 their
221 1932 99 31 mercy
333 1922 60 31 had
407 1922 71 41 they
500 1922 109 32 chosen
623 1924 30 30 to
674 1932 28 21 re-

83 1976 93 31 venge
191 1965 177 33 themselves
383 1965 183 42 summarily.

125 2023 73 31 Miss
226 2023 114 30 Minnie
367 2023 129 35 Palmer,
525 2022 51 32 the
603 2023 114 30 famous

86 2065 157 34 American
264 2065 157 43 burlesque
443 2067 119 37 actress,
588 2065 66 34 who
675 2065 44 34 for

85 2110 51 31 the
151 2110 58 31 last
233 2113 57 28 two
315 2121 31 20 or
360 2110 84 31 three
458 2120 84 30 years
566 2110 55 31 has
645 2110 74 31 been

85 2152 122 42 making
221 2151 72 33 such
307 2152 93 32 havoc
415 2154 138 39 amongst
574 2151 52 33 the
640 2151 59 33 Lon-

84 2197 59 33 don
157 2197 143 38 mashers,
315 2197 25 33 is
355 2197 91 34 about
460 2199 31 31 to
514 2196 122 34 embark
650 2207 39 23 on
703 2207 18 23 a

84 2242 94 32 cruise
206 2243 31 31 to
260 2241 51 32 the
339 2241 89 41 Cape,
456 2240 161 39 Australia,
649 2241 72 32 New

85 2286 131 33 Zealand
244 2286 59 32 and
330 2286 95 38 India,
454 2286 72 32 with
560 2286 54 32 her
641 2286 63 32 well-

84 2331 108 33 known
556 2330 162 43 Company.

84 2375 74 32 Miss
186 2375 114 33 Minnie
327 2376 119 31 Palmer
477 2375 61 32 will
565 2386 76 30 open
669 2375 51 32 the

84 2418 88 42 Bijou
187 2419 137 37 Theatre,
340 2418 185 38 Melbourne,
550 2429 38 22 on
602 2418 118 41 Boxing

83 2463 96 42 night,
209 2462 58 34 and
295 2463 75 33 after
396 2462 122 43 making
545 2472 17 22 a
589 2465 67 31 tour
691 2463 31 33 of

84 2507 150 33 Australia
258 2508 61 32 will
343 2510 44 30 set
411 2509 51 31 out
482 2508 45 32 for
550 2507 73 33 New
647 2507 54 32 Zea-

84 2551 81 34 land.
206 2552 30 33 It
262 2552 25 32 is
315 2551 150 43 currently
491 2551 135 41 reported
653 2550 67 33 that

85 2595 61 32 this
188 2595 145 42 sprightly
374 2598 110 30 actress
520 2595 55 32 has
618 2595 102 32 netted

87 2641 131 36 40,000
242 2639 107 43 during
370 2639 54 33 her
444 2639 120 42 sojourn
585 2639 32 32 in
638 2639 60 42 Eng-

86 2684 81 32 land.
210 2684 60 33 She
294 2684 25 32 is
346 2686 32 30 at
401 2686 119 40 present
546 2683 121 43 playing
690 2686 31 29 at

86 2728 52 32 the
153 2728 111 32 Strand
278 2728 137 32 Theatre.

129 2781 158 41 Hengler's
320 2781 102 32 Circus
449 2790 60 23 was
537 2780 121 33 ordered
691 2783 31 30 to

89 2825 128 42 perform
231 2824 98 34 before
344 2825 62 32 Her
420 2824 128 43 Majesty
568 2827 31 29 at
620 2823 81 34 Wind-

90 2881 48 21 sor
152 2869 98 33 Castle
272 2880 17 21 a
309 2869 55 33 few
378 2868 94 34 weeks
487 2879 64 31 ago.
594 2868 47 34 On
661 2868 61 32 this

89 2912 134 33 occasion
250 2912 51 33 the
329 2912 82 32 critic
439 2912 31 33 of
494 2912 51 32 the
607 2912 98 41 Sports-

89 2968 71 20 man
212 2957 181 32 determined
407 2959 31 30 to
454 2956 119 32 witness
587 2956 51 32 the
658 2967 48 30 per-

89 3000 149 31 formance
253 2999 31 31 in
298 2999 50 32 the
362 2999 138 31 interests
514 2999 32 32 of
556 2999 47 31 his
622 3009 99 31 paper,

89 3046 79 30 went
189 3042 147 44 disguised
360 3054 32 21 as
416 3054 17 21 a
461 3043 103 38 clown,
593 3042 54 33 but
673 3042 32 33 de-

87 3087 114 42 clining
214 3089 31 32 to
258 3089 66 40 part
338 3087 71 33 with
423 3088 47 33 his
484 3086 169 43 spectacles,
664 3087 58 32 and

89 3131 89 41 being
197 3131 35 33 fit
251 3132 45 32 for
316 3131 135 41 nothing,
467 3141 60 22 was
549 3131 121 33 ordered
691 3133 30 30 to

89 3176 87 32 stand
200 3175 90 33 aside.
331 3175 61 33 But
405 3175 38 33 he
467 3186 60 22 saw
550 3175 51 33 the
626 3177 79 31 enter-

89 3219 156 39 tainment,
273 3220 209 33 nevertheless.
525 3219 63 33 The
620 3219 101 40 Queen

87 3263 55 33 has
157 3263 62 34 also
232 3263 195 34 commanded
441 3274 17 22 a
477 3263 201 42 performance
693 3263 32 33 of

312 3308 71 32 with
398 3308 63 32 Mrs
478 3309 133 40 Langtry
625 3307 31 32 in
670 3308 51 32 the

87 3350 80 33 chief
178 3351 71 32 role.

129 3404 24 33 A
168 3404 154 33 memorial
336 3407 84 30 stone
440 3404 55 33 has
516 3407 31 30 at
568 3404 59 33 last
647 3404 75 33 been

88 3448 103 42 placed
211 3460 68 21 over
300 3449 127 42 Byron's
440 3459 88 31 grave
542 3448 32 32 in
598 3448 103 42 Bromp-

88 3495 53 30 ton
165 3495 155 40 cemetery.
362 3493 30 32 It
418 3492 85 33 bears
526 3492 52 32 the
601 3493 106 40 inscrip-

88 3536 64 33 tion
243 3536 109 33 Sacred
366 3538 31 31 to
410 3536 51 33 the
475 3547 133 31 memory
628 3537 33 32 of
679 3537 40 31 H.

89 3580 30 33 J.
144 3580 118 43 Byron;
284 3579 74 34 born
379 3580 134 42 January
536 3580 64 38 Bth,
627 3582 95 37 1834;

90 3625 67 33 died
181 3625 83 42 April
287 3625 82 38 11th,
543 3625 63 33 The
630 3637 69 21 mem-

89 3669 73 30 orial
187 3678 60 20 was
268 3669 115 30 erected
405 3669 39 38 by
466 3669 81 29 John
570 3669 36 30 L.
623 3669 99 35 Toole,

89 3710 67 34 who
183 3721 59 23 was
270 3721 39 23 an
336 3709 138 35 attached
501 3709 96 35 friend
620 3710 33 35 of
673 3710 50 35 the

88 3754 75 31 dead
176 3754 166 31 dramatist.

130 3807 74 34 Miss
230 3807 94 43 Lydia
352 3806 181 44 Thompson,
567 3807 51 35 the
646 3808 62 34 well-

90 3852 107 31 known
211 3851 156 42 burlesque
383 3855 118 33 actress,
524 3853 54 30 has
589 3853 64 40 just
667 3853 57 31 lost

89 3895 54 35 her
164 3895 146 41 husband,
333 3895 47 35 Mr
404 3895 167 36 Alexander
591 3896 114 35 Hender-

89 3951 65 27 son,
170 3951 141 31 manager
328 3942 32 30 of
371 3941 50 31 the
442 3942 120 31 Avenue
587 3942 135 36 Theatre,

89 3984 137 34 London.
282 3984 108 43 Nearly
418 3984 40 34 all
485 3984 51 34 the
564 3985 161 34 successful

91 4038 88 29 opera
203 4029 112 30 bouffes
339 4029 204 38 transplanted
570 4030 76 29 from
673 4029 51 31 the

91 4071 135 33 Parisian
241 4073 30 31 to
285 4071 51 34 the
360 4071 127 42 English
512 4073 82 40 stage
618 4071 107 43 during

91 4116 51 31 the
166 4116 59 31 last
247 4116 101 31 fifteen
362 4126 84 30 years
466 4116 75 31 have
563 4116 75 31 been
660 4126 48 30 pro-

91 4158 93 33 duced
198 4158 93 33 under
305 4159 47 32 Mr
366 4158 201 34 Henderson's
586 4169 119 32 manage-

91 4204 94 28 ment.

133 4253 95 35 Silver
249 4254 79 43 King
352 4254 91 34 Jones
461 4255 25 33 is
507 4255 114 42 getting
644 4265 80 24 more

88 4299 68 41 jobs
167 4299 63 41 just
243 4310 67 22 now
330 4299 74 33 than
420 4310 57 31 any
491 4300 84 33 other
595 4300 129 40 English

92 4342 166 31 dramatist.
300 4342 47 31 He
369 4343 25 30 is
416 4345 31 28 at
467 4345 119 37 present
607 4344 118 39 writing

92 4395 18 22 a
123 4395 65 23 new
201 4385 57 33 five
272 4387 47 31 act
333 4385 146 34 romantic
499 4385 103 34 drama
616 4385 44 34 for
674 4386 50 34 the

92 4430 135 34 Princess
242 4430 136 39 Theatre,
394 4442 17 22 a
432 4431 83 34 three
536 4434 47 31 act
604 4432 121 42 comedy

91 4474 45 31 for
162 4474 51 32 the
240 4474 181 37 Vaudeville,
452 4475 59 31 and
545 4485 16 21 a
588 4485 56 22 one
678 4479 46 28 act

90 4517 122 41 comedy
225 4516 76 33 from
315 4516 47 33 his
375 4528 58 31 pen
447 4518 24 31 is
486 4518 31 32 in
531 4518 148 33 rehearsal
694 4522 30 29 at

91 4560 50 33 the
158 4561 44 33 St.
218 4561 135 33 James's.
396 4562 48 32 Mr
458 4563 91 31 Jones
570 4563 154 33 advocates

92 4605 51 33 the
156 4605 132 42 printing
302 4606 58 33 and
383 4606 181 42 publication
589 4608 32 33 of
641 4608 83 43 plays

92 4650 242 41 simultaneously
361 4652 71 31 with
460 4662 33 21 or
526 4662 73 21 even
626 4653 97 32 before

91 4692 76 32 their
200 4693 183 40 production,
419 4695 58 31 and
518 4695 118 32 intends
670 4699 52 29 not

91 4735 184 44 improbably
308 4740 30 30 to
371 4740 47 40 try
451 4739 50 33 the
542 4740 182 42 experiment

92 4780 128 31 himself.

132 4825 47 32 Mr
193 4825 114 32 Wilson
321 4826 118 32 Barrett
453 4827 49 31 did
511 4837 17 21 a
539 4838 68 31 very
617 4827 108 44 plucky

92 4868 86 42 thing
202 4872 30 30 at
256 4870 50 32 the
330 4871 134 32 Princess
487 4872 136 37 Theatre,
645 4872 58 33 Lon-

91 4912 69 38 don,
176 4913 139 43 recently.
356 4913 116 43 During
485 4914 51 33 the
550 4915 78 32 flood
638 4926 86 23 scene

91 4957 32 33 in
137 4957 51 34 the
202 4958 103 33 drama
329 4958 31 33 of
409 4959 62 33 The
492 4959 79 33 Lord

92 5003 59 28 and
165 5002 85 30 when
265 5002 79 30 Lord
358 5003 98 40 Harry
477 5004 24 29 is
516 5014 38 20 on
574 5005 51 31 the
645 5006 77 36 tiles,

92 5044 37 33 he
153 5044 151 42 perceived
325 5045 66 33 that
416 5056 16 22 a
452 5046 80 42 large
554 5048 116 41 portion
694 5049 32 33 of

92 5088 51 34 the
158 5100 120 32 scenery
292 5100 59 23 was
365 5090 65 34 well
454 5091 104 42 alight,
580 5093 58 32 and
658 5093 66 33 that

94 5145 38 20 an
146 5134 70 41 ugly
233 5145 85 21 scene
339 5146 58 21 was
418 5136 167 33 imminent.
627 5138 76 32 With-

93 5180 52 30 out
172 5189 38 21 an
238 5178 138 32 instant's
403 5179 127 42 thought
557 5181 38 33 he
622 5182 102 42 leaped

92 5224 76 30 from
192 5222 51 33 the
266 5222 172 33 house-roof
449 5234 38 22 on
508 5227 30 30 to
560 5225 50 32 the
632 5228 90 39 stage,

89 5266 64 43 just
167 5266 124 43 missing
305 5276 17 22 a
335 5267 137 43 yawning
485 5270 75 41 trap,
581 5269 58 33 and
653 5270 71 32 with

92 5312 47 32 his
153 5312 69 32 bare
236 5312 96 31 hands
347 5312 58 31 and
418 5312 46 32 his
478 5313 53 31 hat
544 5314 38 31 he
597 5314 128 41 literally

92 5355 68 32 beat
183 5358 51 29 out
258 5354 51 33 the
333 5354 112 38 flames,
472 5356 107 32 amidst
602 5356 50 33 the
675 5367 33 22 en-

92 5399 156 33 thusiastic
259 5399 101 33 cheers
372 5399 31 33 of
411 5399 50 33 the
471 5400 150 33 audience.
663 5401 62 33 The

92 5446 106 30 actor's
212 5443 96 31 hands
323 5454 74 20 were
412 5443 88 41 badly
511 5444 148 37 scorched,
671 5445 53 31 but

90 5488 39 32 he
144 5488 122 41 stopped
286 5487 51 32 the
358 5497 80 22 scnre
459 5487 59 31 and
536 5488 158 40 prevented
710 5499 16 21 a

92 5532 96 41 panic.
231 5531 98 33 When
356 5531 41 32 all
424 5531 110 41 danger
561 5542 59 21 was
648 5542 77 27 over,

92 5576 51 32 the
163 5576 101 37 ladies,
287 5576 66 32 who
367 5575 59 32 had
447 5575 131 32 behaved
598 5576 109 30 remark-

93 5620 67 42 ably
188 5620 75 38 well,
292 5631 64 22 rose
384 5620 32 32 in
450 5619 77 32 their
551 5619 84 32 stalls
668 5620 58 31 and

92 5666 100 31 waved
219 5665 77 32 their
323 5664 235 37 handkerchiefs,
590 5664 59 31 and
676 5664 50 31 the

92 5709 94 31 whole
210 5709 92 32 house
326 5709 94 31 called
443 5709 58 31 and
524 5708 126 32 recalled
675 5708 50 32 the

90 5764 150 29 manager,
256 5753 98 32 whose
368 5763 137 30 presence
520 5753 33 31 of
570 5752 82 30 mind
667 5763 58 19 was

90 5808 32 20 as
157 5796 113 33 instant
297 5807 32 22 as
363 5807 60 22 was
450 5796 46 32 his
525 5807 124 29 courage
680 5796 30 31 in-

88 5841 161 31 dubitable.

764 191 205 32 TERRIBLE
1002 189 204 32 ACCIDENT
1248 189 42 30 IN
1332 189 24 30 A

950 233 214 33 COLLIERY.

743 341 89 29 FIVE
848 340 81 28 MEN
945 339 144 28 KILLED
1110 337 49 28 BY
1181 337 100 29 FOUL
1300 337 75 28 AIR.

781 437 25 29 A
821 435 117 32 terrible
955 434 132 32 accident
1108 432 139 32 occurred
1271 432 31 30 in
1325 432 51 31 the

741 478 137 41 Lithgow
893 478 104 39 Valley
1011 477 120 40 colliery
1152 487 71 20 near
1248 476 126 41 Sydney,

741 534 38 20 on
808 522 129 40 Monday
966 520 71 32 19th
1062 520 124 36 instant,
1210 520 87 31 when
1319 520 57 31 five

740 577 78 26 men,
848 565 107 32 named
983 564 99 31 Isaiah
1115 564 95 41 Hyde,
1244 563 131 32 Thomas

740 611 97 36 Rowe,
853 610 111 40 Joseph
979 609 107 36 Buzze,
1103 609 143 31 Lancelot
1262 609 114 31 Allison

740 654 57 31 and
813 654 129 31 Thomas
958 652 123 36 Mantle,
1098 662 75 21 were
1185 652 99 30 killed.
1328 652 48 30 All

740 709 48 22 are
802 697 128 33 married
944 697 71 32 with
1030 696 136 33 families.
1210 696 70 33 Five
1291 695 84 34 other

740 755 68 21 men
823 754 73 21 were
919 742 131 40 working
1074 741 31 31 in
1129 741 51 32 the
1202 741 44 41 pit
1270 743 30 29 at
1324 740 51 33 the

740 788 80 36 time,
837 787 58 31 and
908 796 74 21 were
1007 796 81 21 more
1111 796 32 20 or
1167 785 58 31 less
1248 785 126 40 injured,

740 831 53 32 but
806 831 70 40 they
891 841 48 21 are
951 829 138 41 expected
1100 831 29 30 to
1141 838 127 22 recover.
1311 828 64 32 The

740 876 64 29 first
830 873 171 31 intimation
1029 873 31 30 of
1084 873 51 30 the
1161 872 132 30 accident
1316 882 59 20 was

740 928 17 21 a
771 917 75 42 body
861 917 31 32 of
903 916 100 32 smoke
1018 915 58 31 and
1088 914 105 37 debris,
1205 914 97 31 which
1314 925 59 21 was

740 962 139 33 observed
912 960 113 40 issuing
1059 960 75 31 from
1162 959 51 32 the
1244 961 58 30 two
1331 958 44 32 air

740 1006 94 30 shafts
868 1005 107 30 almost
1009 1003 254 39 simultaneously.
1326 1002 48 29 Mr

740 1047 163 44 Campbell,
931 1047 51 33 the
1009 1057 151 32 manager,
1186 1044 98 34 feared
1309 1044 65 34 that

740 1095 168 38 something
917 1104 59 20 was
985 1103 110 29 wrong,
1106 1092 58 30 and
1173 1091 202 39 immediately

740 1148 54 22 ran
808 1148 67 22 over
890 1139 30 30 to
935 1136 47 32 Mr
997 1135 68 33 Gell
1086 1137 29 30 to
1138 1134 52 32 tell
1213 1133 73 38 him,
1338 1134 36 31 In

740 1183 51 31 the
802 1181 160 33 meantime
978 1191 79 21 some
1072 1191 55 21 one
1142 1179 156 40 suggested
1309 1178 66 31 that

741 1226 50 32 the
806 1228 44 30 set
865 1226 31 32 of
908 1225 78 42 skips
997 1224 63 43 just
1075 1226 65 30 sent
1161 1223 31 31 in
1213 1222 106 32 should
1339 1222 36 32 be

741 1271 98 40 pulled
854 1273 51 30 out
920 1270 96 40 again,
1033 1280 32 21 as
1089 1268 128 40 possibly
1242 1278 80 21 some
1347 1268 31 31 of

741 1314 51 30 the
802 1324 70 20 men
882 1313 96 40 might
988 1312 75 31 have
1075 1314 49 37 got
1136 1311 31 30 in
1178 1310 92 30 them.
1303 1310 73 29 This

742 1358 168 44 suggestion
936 1356 89 44 being
1052 1355 83 35 acted
1159 1365 88 33 upon,
1270 1353 32 34 in
1326 1353 50 35 the

742 1404 125 40 impulse
882 1404 31 30 of
924 1404 51 29 the
988 1404 143 33 moment,
1147 1402 50 29 the
1212 1400 79 39 skips
1301 1410 75 20 were

742 1447 101 33 drawn
858 1449 50 31 out
923 1445 96 42 again,
1035 1445 58 32 and
1107 1444 32 33 in
1163 1454 55 23 one
1241 1442 31 33 of
1293 1442 83 33 them

743 1503 59 19 was
811 1491 91 31 found
912 1501 16 20 a
936 1491 106 34 miner,
1054 1489 108 31 named
1171 1487 122 31 Charles
1303 1487 54 31 Nor-

743 1535 91 39 wood,
850 1534 67 33 who
927 1544 59 23 was
997 1533 31 32 in
1038 1531 240 34 semi-conscious
1289 1532 86 37 state,

744 1581 58 31 and
815 1581 60 31 had
889 1580 110 39 merely
1017 1579 145 31 sufficient
1187 1576 135 40 strength
1347 1581 31 26 at

745 1623 49 31 the
809 1623 72 31 time
895 1625 30 29 to
950 1632 51 31 say
1055 1621 57 31 Get
1133 1619 93 32 inside
1251 1621 30 28 at
1305 1628 72 22 once

746 1667 58 32 and
817 1666 67 33 look
899 1666 74 32 after
987 1665 50 33 the
1060 1665 83 32 other
1291 1662 87 33 when

746 1722 16 21 a
776 1722 49 31 cry
839 1711 44 32 for
897 1710 69 41 help
980 1720 59 21 was
1053 1709 92 32 heard
1156 1718 80 22 some
1246 1707 131 31 distance

743 1756 76 31 from
833 1755 50 31 the
898 1753 115 33 tunnel.
1055 1753 25 32 A
1094 1755 86 38 party
1204 1752 31 32 of
1256 1752 121 36 miners,

744 1799 71 31 with
843 1799 48 31 Mr
918 1797 154 41 Campbell
1102 1796 59 32 and
1188 1795 47 31 Mr
1260 1795 117 37 Morris,

744 1842 51 33 the
808 1853 142 30 manager
964 1842 31 32 of
1006 1841 50 32 the
1070 1839 196 43 neighboring
1284 1839 78 32 brick-

744 1887 104 37 works,
863 1889 32 29 at
908 1896 72 22 once
995 1887 78 30 went
1087 1887 31 30 to
1142 1884 51 33 the
1218 1884 161 31 assistance

745 1931 31 31 of
786 1930 51 32 the
851 1940 69 21 men
940 1929 32 32 in
990 1929 52 31 the
1065 1929 91 31 mine.
1208 1927 83 42 They
1314 1937 48 30 pro-

745 1973 105 33 ceeded
865 1974 85 32 down
961 1973 63 42 just
1037 1974 67 40 past
1124 1972 51 32 the
1199 1971 66 32 first
1288 1981 75 22 cross-

744 2021 59 33 cut,
834 2018 87 31 when
951 2018 71 41 they
1051 2016 103 41 picked
1180 2026 40 30 up
1247 2015 133 32 William

745 2061 113 34 Mantle
893 2061 85 39 alive,
1013 2060 53 34 but
1096 2059 121 43 terribly
1244 2060 50 32 cut
1322 2058 58 33 and

746 2106 117 32 bruised
877 2106 38 40 by
928 2106 47 31 his
990 2106 159 31 endeavors
1164 2107 30 29 to
1213 2104 72 39 keep
1309 2103 71 31 hold

747 2149 31 31 of
789 2148 50 33 the
853 2148 69 32 wire
936 2159 80 31 rope.
1059 2147 47 32 He
1120 2148 81 30 must
1215 2146 75 31 have
1305 2145 75 32 been

747 2193 127 42 dragged
887 2204 18 22 a
918 2192 200 34 considerable
1131 2191 132 34 distance
1281 2189 99 34 before

747 2237 87 42 being
847 2238 101 32 found.
990 2237 47 33 He
1051 2246 60 23 was
1125 2238 31 30 at
1170 2246 72 22 once
1252 2234 129 41 brought

748 2285 61 35 out,
825 2282 59 33 and
897 2282 68 33 Drs.
981 2280 134 35 Gibbons
1129 2280 60 33 and
1202 2280 89 32 Asser
1305 2290 75 22 were

748 2330 66 30 sent
841 2327 54 39 for,
920 2327 58 32 and
1002 2326 117 43 quickly
1143 2324 124 33 arrived.
1318 2323 64 33 The

747 2371 103 33 search
863 2374 85 39 party
959 2371 158 41 proceeded
1131 2381 18 21 a
1166 2369 78 33 little
1267 2368 115 33 further

747 2415 59 31 and
833 2415 91 32 found
951 2414 126 32 Duncan
1105 2414 59 32 and
1187 2413 83 32 Jurie
1295 2412 85 32 alive.

747 2458 83 43 They
844 2458 49 33 did
907 2460 52 32 not
974 2468 107 33 appear
1095 2460 31 31 at
1140 2456 51 35 the
1205 2456 72 34 time
1291 2458 31 31 to
1345 2455 37 34 be

747 2503 142 42 seriously
895 2503 125 42 injured,
1028 2503 58 32 and
1091 2503 71 42 they
1168 2512 74 22 were
1253 2500 130 41 brought

747 2549 62 31 out.
851 2547 167 41 Returning
1028 2549 30 31 to
1067 2547 52 32 the
1130 2556 95 27 scene,
1237 2545 51 33 the
1297 2547 86 39 party

747 2592 91 32 found
865 2591 116 33 Gilbert
1008 2590 166 37 Kirkwood,
1202 2589 51 33 the
1276 2589 89 32 under-

746 2635 115 42 ground
874 2646 151 31 manager,
1041 2646 17 21 a
1068 2634 77 33 little
1163 2634 114 32 further
1298 2633 85 32 down

750 2680 75 32 than
852 2679 97 33 where
976 2679 84 33 Jurie
1087 2679 58 32 and
1171 2679 127 31 Duncan
1324 2677 60 32 had

748 2724 75 32 been
837 2723 101 34 found.
981 2724 70 32 Two
1065 2723 33 33 of
1108 2722 51 33 the
1173 2724 85 40 party
1272 2721 111 33 carried

747 2768 64 31 him
826 2770 62 31 out.
938 2768 47 32 He
999 2778 60 22 was
1073 2767 162 37 conscious,
1260 2766 54 31 but
1336 2765 47 32 his

748 2821 100 24 senses
875 2811 145 43 appeared
1047 2814 31 30 to
1105 2811 35 33 be
1168 2809 117 42 leaving
1307 2809 75 32 him.

748 2856 57 38 He,
828 2856 145 37 however,
995 2855 154 34 recovered
1171 2854 114 42 shortly
1309 2853 74 33 after

749 2900 178 41 sufficiently
940 2903 31 28 to
985 2900 36 31 be
1042 2899 66 32 able
1131 2902 31 29 to
1184 2898 77 31 walk
1283 2898 99 31 home.

749 2943 153 42 Although
914 2943 108 33 almost
1036 2942 170 38 suffocated,
1218 2941 51 34 the
1281 2940 102 35 search

748 2990 86 37 party
847 2997 75 21 were
936 2987 66 31 able
1027 2990 30 28 to
1078 2987 124 39 proceed
1225 2986 32 29 in
1281 2985 102 30 search

748 3030 32 32 of
791 3029 51 33 the
856 3029 56 34 five
927 3040 70 23 men
1010 3029 67 33 who
1090 3039 75 23 were
1176 3028 62 33 still
1248 3027 134 42 missing.

748 3074 84 43 They
842 3074 65 33 first
917 3074 92 33 found
1020 3074 111 41 Joseph
1143 3074 101 31 Buzza
1255 3075 30 30 at
1295 3072 89 33 about

748 3119 51 31 the
813 3118 114 32 twelfth
941 3119 88 31 claim
1042 3128 7 28 ;
1070 3117 38 33 he
1123 3128 60 22 was
1197 3117 80 42 quite
1298 3117 84 32 dead.

748 3162 48 32 Mr
820 3162 154 42 Campbell
988 3162 58 32 and
1068 3162 47 32 his
1135 3172 80 27 men,
1240 3160 143 41 although

748 3206 108 34 almost
869 3206 213 42 overpowered,
1098 3206 61 33 still
1173 3208 78 30 went
1269 3205 116 32 further

748 3251 103 38 ahead,
877 3251 128 42 battling
1032 3250 72 33 with
1126 3250 52 33 the
1202 3249 100 33 smoke
1326 3249 59 32 and

748 3295 99 41 damp,
863 3296 59 32 and
943 3295 92 33 found
1058 3295 51 33 the
1134 3295 74 32 dead
1231 3294 101 33 bodies
1357 3293 29 33 of

748 3338 116 32 Allison
882 3339 58 30 and
965 3338 114 31 Mantle
1104 3338 91 31 about
1220 3339 36 30 19
1281 3337 104 31 chains

748 3382 77 33 from
838 3382 51 33 the
904 3384 149 36 entrance,
1070 3382 58 32 and
1142 3392 18 22 a
1174 3380 88 34 chain
1271 3380 114 33 further

748 3427 32 31 in
795 3427 51 32 the
860 3427 100 33 bodies
975 3427 32 33 of
1018 3427 89 32 Rowe
1122 3427 59 31 and
1202 3426 86 42 Hyde
1310 3436 75 22 were

749 3470 102 33 found.
906 3470 64 33 The
997 3470 101 33 bodies
1122 3470 32 32 of
1175 3469 51 33 the
1250 3470 57 32 five
1331 3480 36 22 un-

750 3514 148 32 fortunate
913 3525 70 22 men
997 3525 75 22 were
1093 3514 73 32 then
1187 3513 112 33 carried
1323 3514 62 36 out,

750 3558 59 32 and
823 3559 146 42 conveyed
983 3561 32 30 to
1033 3558 78 32 their
1130 3558 60 32 late
1210 3557 175 33 residences.

750 3602 91 34 From
854 3603 51 33 the
919 3603 73 34 time
1006 3602 87 34 when
1109 3603 51 33 the
1185 3602 132 34 accident
1340 3613 30 23 oc-

750 3648 104 30 curred
868 3648 77 30 until
959 3648 51 31 the
1023 3648 59 31 last
1093 3648 32 31 of
1133 3648 50 30 the
1195 3647 191 31 unfortunate

749 3698 70 23 men
833 3698 60 23 was
907 3689 128 42 brought
1049 3691 52 31 out
1115 3689 32 32 of
1167 3689 51 32 the
1240 3688 53 42 pit,
1317 3689 69 42 only

750 3744 38 20 an
802 3733 77 32 hour
893 3733 58 32 and
966 3736 150 39 a-quarter
1133 3733 127 41 elapsed,
1286 3744 18 20 a
1327 3733 59 32 fact

750 3776 97 34 which
856 3776 97 35 shows
961 3777 67 33 how
1037 3777 125 43 actively
1170 3777 51 33 the
1235 3776 150 34 searchers

750 3822 105 32 moved
885 3833 39 22 on
954 3822 78 33 their
1062 3823 106 32 errand
1208 3822 33 33 of
1276 3833 109 30 mercy.

752 3865 91 33 Great
856 3865 131 33 heroism
997 3876 60 22 was
1071 3865 151 44 displayed
1244 3865 39 44 by
1305 3875 81 22 some

751 3910 32 34 of
794 3911 50 33 the
858 3922 80 27 men,
954 3912 59 32 and
1027 3911 51 33 the
1099 3911 147 33 survivors
1270 3911 116 33 seemed

752 3954 85 32 when
858 3954 122 33 rescued
1000 3956 31 31 to
1044 3954 37 33 be
1095 3954 45 32 far
1159 3964 82 23 more
1262 3954 124 32 anxious

751 3998 45 33 for
823 3998 52 33 the
902 3999 94 40 safety
1024 3999 32 32 of
1086 3999 85 32 those
1201 3998 99 33 whose
1327 3999 59 32 fate

750 4051 61 21 was
842 4041 136 31 doubtful
1017 4042 75 31 than
1131 4041 72 42 they
1242 4051 76 21 were
1358 4042 28 32 of

753 4085 77 32 their
844 4095 76 23 own.
961 4085 29 33 It
1004 4085 25 33 is
1040 4088 53 30 not
1102 4085 130 33 believed
1242 4085 39 41 by
1292 4085 94 33 either

752 4127 50 32 the
816 4129 178 40 proprietors
1008 4130 32 31 of
1051 4129 51 32 the
1126 4129 129 41 colliery,
1280 4138 32 23 or
1335 4129 51 32 the

752 4171 203 33 Government
964 4172 112 33 officers
1083 4172 66 32 that
1155 4172 51 32 the
1213 4182 173 23 occurrence

751 4225 59 20 was
825 4215 56 31 due
895 4217 31 30 to
940 4225 38 21 an
994 4216 151 40 explosion
1167 4216 32 31 of
1219 4215 165 40 fire-damp.

752 4257 85 34 Until
852 4258 50 34 the
927 4258 80 34 mine
1032 4259 54 34 has
1110 4258 75 34 been
1208 4258 178 44 thoroughly

751 4303 164 38 examined,
941 4304 51 33 the
1016 4306 85 31 exact
1124 4306 106 30 nature
1255 4304 31 32 of
1307 4304 79 32 what

750 4346 155 39 happened
919 4350 109 29 cannot
1042 4347 35 31 be
1092 4347 124 35 elicited,
1237 4347 54 30 but
1314 4347 24 30 it
1361 4347 25 30 is

751 4388 50 34 the
815 4389 120 43 opinion
950 4390 31 33 of
1002 4389 51 35 the
1077 4389 163 34 Examiner
1262 4389 32 34 of
1315 4389 71 35 Coal

751 4434 98 33 Fields
864 4436 58 31 and
936 4436 32 32 of
980 4436 109 33 Messrs
1100 4436 94 33 Cixon
1205 4436 58 32 and
1274 4436 112 33 Rowan

750 4478 75 37 that,
841 4479 80 31 what
934 4479 32 31 in
986 4479 105 41 reality
1114 4480 148 36 occurred,
1288 4490 59 20 was
1369 4489 17 21 a

750 4524 82 38 great
846 4521 53 33 fall
912 4522 32 32 in
959 4533 17 21 a
989 4523 117 41 portion
1121 4523 31 32 of
1164 4523 50 31 the
1238 4522 91 38 mine,
1354 4523 31 31 in

750 4575 81 23 some
853 4568 67 40 part
944 4566 32 33 of
998 4566 50 33 the
1073 4566 49 34 old
1145 4566 157 42 workings,
1327 4567 59 31 and

750 4610 66 33 that
826 4610 24 34 it
861 4612 107 33 caused
976 4623 18 21 a
1004 4612 190 33 tremendous
1201 4611 182 38 concussion,

750 4655 96 31 which
861 4656 88 32 drove
964 4656 50 32 the
1037 4657 44 30 air
1103 4656 72 31 with
1200 4666 17 21 a
1241 4656 72 30 rush
1336 4656 32 31 ob-

750 4699 102 31 served
865 4699 38 41 by
918 4709 17 22 a
949 4702 85 39 party
1048 4700 33 32 of
1091 4699 111 32 miners
1216 4699 32 32 in
1270 4699 51 32 the
1342 4699 44 40 pit

751 4745 30 29 at
795 4742 51 33 the
857 4743 81 39 time,
955 4744 58 32 and
1027 4743 160 43 enveloped
1201 4743 50 33 the
1266 4754 70 22 men
1354 4743 31 32 in

750 4787 50 32 the
814 4788 61 32 foul
890 4789 43 31 air
947 4788 72 32 with
1034 4789 97 31 which
1145 4789 51 31 the
1221 4789 49 31 old
1293 4788 73 32 work-

750 4831 65 42 ings
830 4842 49 23 are
893 4832 108 33 known
1015 4835 30 30 to
1056 4833 36 32 be
1103 4833 105 41 highly
1218 4832 137 42 charged.

790 4924 110 36 Mdme.
937 4925 96 35 Sarah
1063 4926 195 34 Bernhardt's
1292 4926 76 34 forth-

750 4971 118 41 coming
913 4977 67 28 tour
1021 4973 61 32 will
1123 4973 118 32 include
1290 4973 95 32 South

750 5014 145 37 America,
938 5015 125 37 Mexico,
1106 5015 93 38 Cuba,
1241 5016 59 31 and
1334 5016 51 32 the

750 5056 111 34 United
896 5058 121 40 States;
1052 5059 49 33 Mr
1134 5058 133 35 Maurice
1303 5059 82 34 Grau

750 5102 87 43 being
850 5103 54 34 her
917 5115 152 32 manager.

790 5166 82 41 They
882 5166 38 33 do
931 5178 80 22 some
1023 5178 89 31 queer
1122 5168 101 42 things
1234 5168 32 32 in
1277 5168 107 33 China.

751 5209 82 43 They
847 5210 82 33 don't
936 5222 59 25 .use
1010 5223 58 32 any
1079 5224 70 31 soap
1160 5216 30 30 to
1202 5213 89 33 shave
1302 5214 82 38 with,

750 5253 54 32 but
819 5253 106 44 simply
938 5256 56 32 rub
1009 5257 50 32 the
1073 5260 67 39 part
1162 5260 30 30 to
1216 5258 36 32 be
1275 5258 110 33 shaved

751 5297 71 34 with
836 5310 92 22 warm
942 5303 100 36 water,
1057 5305 54 38 put
1125 5314 39 21 on
1179 5314 17 21 a
1210 5302 91 34 brush
1327 5304 58 33 like

751 5351 18 20 a
783 5342 198 33 tooth-brush.
1024 5345 63 32 The
1101 5349 66 38 part
1181 5349 31 30 to
1226 5347 35 32 be
1276 5347 109 33 shaved

751 5384 25 33 is
790 5396 89 24 never
892 5386 51 35 the
961 5387 72 40 face,
1059 5389 53 34 but
1136 5390 50 34 the
1209 5393 50 41 top
1282 5392 32 34 of
1334 5392 51 35 the

751 5429 86 32 head.

791 5490 26 31 A
832 5490 176 35 Committee
1023 5494 31 31 of
1062 5493 116 33 French
1197 5496 116 33 doctors
1327 5499 58 31 and

751 5533 140 40 painters,
906 5534 54 33 has
975 5539 60 29 met
1050 5539 30 30 at
1094 5538 51 33 the
1160 5538 108 34 Casino
1282 5541 32 32 of
1335 5541 50 33 the

753 5577 118 38 Goitre,
888 5579 90 32 Notre
992 5580 105 38 Dame,
1108 5584 30 30 to
1150 5584 135 31 examine
1297 5585 88 32 about

755 5622 56 30 100
837 5621 97 33 infant
961 5624 169 33 candidates
1157 5627 44 31 for
1232 5627 50 32 the
1309 5628 76 41 baby

753 5665 91 32 show.
887 5666 91 41 Many
991 5678 75 21 were
1077 5669 126 40 rejected
1212 5681 39 21 on
1263 5674 122 29 account

753 5709 31 31 of
794 5709 127 32 diseases
936 5711 58 30 and
1009 5711 148 33 ailments.
1199 5714 62 32 The
1271 5714 114 32 doctors

751 5755 99 38 report
864 5753 65 31 that
943 5753 77 41 baby
1034 5755 96 32 shows
1147 5756 97 40 might
1266 5758 119 31 become

752 5807 55 20 one
823 5797 31 30 of
864 5796 51 33 the
929 5796 64 33 best
1011 5808 102 22 means
1138 5800 31 31 of
1188 5800 131 43 sanitary
1342 5801 29 32 in-

752 5841 140 38 spection.

1203 55 116 39 THE
1375 54 184 41 LYELL
1611 54 185 47 TIMES,
1852 55 303 51 SATURDAY,
2213 61 112 40 MAY
2380 76 58 34 22,
2496 66 102 39 1886.

3415 5729 114 28 Printed
3541 5739 42 19 an-
3595 5722 146 36 published
3760 5723 37 38 by
3812 5725 48 28 the
3874 5727 163 36 proprietor,

3661 5767 30 21 at
3703 5762 48 28 the
3768 5763 163 36 Registered
3953 5767 84 30 Office

3449 5805 78 28 oithe
3541 5797 90 36 'Lyeli
3769 5800 65 30 Cliff
3840 5803 100 34 Street,
3946 5804 91 39 Lyell,

3448 5843 99 29 Couny
3559 5837 29 29 of
3598 5837 104 34 Duller,
3713 5840 107 30 Colour
3835 5842 26 29 of
3873 5842 68 30 N.Z.

1479 181 174 39 Westport
1669 182 304 33 Advertisements.

1406 260 334 55 GILMER'S
1794 261 240 59 HOTEL

1646 362 155 27 WESTPORT,

1430 431 145 40 Corner
1603 431 41 40 of
1672 433 239 40 Palmerston
1937 436 74 39 and

1522 486 212 39 Wakefield
1761 488 158 47 Streets,

1407 578 278 30 /CONVENIENT
1707 584 28 25 to
1754 581 47 28 the
1815 581 153 38 Telegraph
1982 582 52 28 and

1495 619 65 26 Post
1575 619 106 33 Offices,
1695 619 55 27 and
1763 620 95 36 nearly
1872 621 122 35 opposite
2007 625 27 24 to

1404 654 33 29 he
1452 655 76 28 KM.
1544 656 86 28 Court
1644 656 55 28 and
1719 656 81 29 H.M.
1815 657 138 30 Customs.

1406 765 179 40 Gilmer's
1606 765 176 40 Masonic
1806 768 129 48 Hotel,

1406 859 178 37 Gilmer's
1611 860 129 45 Hotel,

1855 921 178 20 GREYMOUTH.

1406 950 178 40 Gilmer's
1604 950 122 52 Royal
1745 950 86 41 Oak
1851 951 129 48 Hotel,

1841 1012 192 20 WELLINGTON.

1437 1118 79 28 Good
1537 1119 238 28 accommodation
1792 1119 43 28 for
1854 1119 180 29 Commercial

1403 1157 160 33 Travellers,
1577 1158 66 28 with
1657 1158 105 37 sample
1774 1167 92 20 rooms
1879 1158 139 38 provided.

1437 1197 25 26 A
1486 1197 87 35 Night
1597 1198 96 26 Porter
1717 1197 103 36 always
1844 1207 36 18 on
1904 1198 48 28 the
1975 1207 45 26 pre-

1404 1234 91 29 mises.

1439 1274 126 33 Booking
1584 1275 85 27 Office
1688 1275 41 27 for
1741 1275 46 27 the
1800 1274 170 33 Charleston,
1982 1275 35 28 Ad-

1404 1310 112 33 dison's,
1531 1311 115 26 Beefton
1659 1311 55 26 and
1732 1311 81 35 Lyell
1825 1311 131 27 Coaches.

1439 1349 77 31 Good
1531 1348 126 39 stabling,
1671 1348 68 32 with
1753 1348 76 41 eight
1848 1349 80 32 horse
1950 1348 84 38 stalls,

1405 1390 128 28 attached
1545 1394 28 24 to
1587 1391 46 27 the
1646 1391 141 35 premises.

1611 1445 122 34 JOHN
1752 1445 190 42 GILMER,

1839 1491 164 35 Proprietor.

1405 1577 103 57 YJ.
1595 1577 440 59 gTKUTHEKS

1550 1672 88 32 HAS
1655 1672 63 32 ON
1739 1672 120 32 SALE-

1449 2446 319 40 PALMERSTON
1812 2447 194 49 STEEET,

1622 2511 214 28 WESTPOKT.

1445 2594 290 60 Thomas
1762 2593 245 73 James,

1539 2707 266 48 SADDLER,
1835 2705 65 41 &c.
1907 2738 8 17 }

1411 2793 219 29 TMPORTER
1648 2801 56 19 and
1729 2792 315 30 MANUFACTURER

1711 2854 33 20 OF

1411 2903 60 38 All
1503 2902 254 52 descriptions
1776 2901 42 39 of
1844 2902 196 52 Saddlery,

1461 2967 184 45 Harness,
1665 2967 111 48 Long
1787 2966 76 37 and
1882 2966 115 38 Short

1511 3027 202 53 Leggings,
1786 3027 159 54 Plough,

1558 3093 32 38 &
1610 3092 107 39 Back
1743 3092 153 48 Chains,

1607 3155 158 48 Traces,
1783 3157 65 38 &c.

1412 3285 115 38 Repairs
1539 3286 102 37 Neatly
1654 3286 56 29 and
1729 3287 146 38 Promptly
1896 3286 149 30 Executed.

1413 3399 175 37 Up-country
1601 3398 93 30 orders
1711 3399 141 37 promptly
1865 3398 130 31 attended
2008 3402 38 27 to.

1412 3512 50 29 ON
1483 3512 206 29 SALESteel
1719 3512 137 34 PoKshed,
1886 3513 55 29 and
1972 3513 75 29 Solid

1482 3551 89 28 Silver
1598 3551 70 33 Bits,
1701 3551 131 37 Stirrups,
1863 3552 56 27 and
1951 3552 95 37 Spurs,

1481 3589 104 38 Riding
1607 3589 123 36 Saddles,
1751 3589 74 29 Pack
1847 3589 124 37 Saddles,
1992 3591 55 30 and

1482 3629 98 36 Whips
1593 3629 30 29 of
1637 3630 36 28 all
1686 3629 188 36 descriptions.

1626 3967 209 37 IMPORTER,

1413 4058 315 63 WHOLESALE
1756 4059 128 42 WINE,
1912 4059 129 35 SPIRH

1513 4219 197 40 Provision
1731 4220 216 40 Merchant.

1452 4420 319 39 PALMERSTON
1814 4419 192 51 STREET,

1623 4515 215 27 WESTPORT.

1531 4760 156 38 PETER
1715 4760 212 49 MULVAY,

1459 4848 200 35 iLUMBBR,
1690 4849 238 36 TINSMITH,
1957 4849 87 31 AND

1585 4887 222 35 GASFITTER,
1820 4889 55 28 and

1491 4972 474 49 COPPERWORKER,

1444 5089 215 39 Palmerston
1685 5087 122 50 Street,
1827 5089 187 51 Westport,

1529 5196 141 39 (Opposite
1684 5196 128 31 Gilmer's
1824 5197 105 40 Hotel.)

1412 5350 96 35 Every
1524 5350 181 36 description
1721 5350 32 31 of
1776 5350 178 36 Holloware,
1969 5351 50 32 Tin-

1451 5395 117 33 smiths'
1585 5395 112 40 Goods,
1713 5395 56 33 and
1790 5395 215 43 Ironmongery

1609 5439 73 41 kept
1703 5439 30 32 in
1754 5440 94 32 stock-

1541 5576 24 28 A
1578 5576 88 37 Large
1680 5576 200 37 Consignment
1892 5576 32 29 of

1456 5640 186 42 STOVES
1668 5642 103 38 AND
1805 5641 199 41 KANGES

1619 5729 61 20 NOW
1699 5730 33 19 TO
1752 5730 85 20 HAND.

1597 5851 43 28 All
1659 5852 86 27 Work
1759 5852 180 27 Guaranteed.

2144 190 145 30 Reefton
2317 191 293 32 Advertisements

2182 272 54 37 W.
2278 274 303 46 HINDMARSH,

2897 195 118 29 Public
3034 194 150 30 Notices.

2860 275 129 38 JOHN
3033 274 190 46 MUNKO,

2116 390 273 38 HAREBROKER,
2414 393 180 35 MINING,
2619 393 78 29 AND
2726 403 235 31 GENERAL
2992 403 248 30 MERCHANT
3270 402 90 30 AND

2155 469 166 39 General
2347 471 259 39 Commission
2938 481 210 32 importer,

2314 563 136 53 Agent,

2096 692 289 50 BROADWAY,
2415 694 245 49 REEFTON,

2185 802 140 36 (Opposite
2345 802 137 30 Southern
2496 803 80 28 Cross

2327 859 103 33 Hotel.)

2825 597 241 39 Palmerston
3120 597 140 47 Street,

2937 718 217 26 WESTPORT.

2773 815 245 32 JOHNSTON
3046 816 28 30 &
3098 815 216 32 WATKINS

2943 889 107 27 CIVIL
3068 889 79 26 AND

2064 939 339 61 Dawson's
2469 940 224 72 Hotel,
2728 964 229 59 joining
3028 964 335 59 engineers,

2159 1042 224 36 BROADWAY,
2411 1042 186 31 REEFTON.
2915 1047 182 22 authorised
3118 1047 56 22 and

2729 1094 281 39 LICENSED
3035 1092 330 41 SURVEYORS

2064 1157 89 60 The
2173 1157 237 30 accommodation
2434 1158 125 38 supplied
2579 1158 38 38 by
2642 1158 55 30 this

2152 1197 86 28 house
2252 1202 102 23 cannot
2366 1198 32 28 be
2412 1199 147 34 surpassed
2579 1199 29 27 in
2630 1199 67 27 New
2884 1187 84 27 Plans
2989 1196 24 18 ai

2063 1234 129 30 Zealand.
2761 1226 163 37 Machinery
2937 1225 134 38 prepared
3081 1227 56 26 and
3145 1225 47 29 the
3200 1225 132 28 Erection

2813 1266 108 37 Mining
2936 1265 161 38 Machinery
3110 1264 169 38 supervised.

2065 1336 174 57 Booking
2274 1338 122 44 Office
2430 1339 58 44 for
2522 1339 175 44 Mitchell
2727 1341 119 40 Surveys
2857 1340 45 33 for
2911 1340 111 41 Mining
3031 1338 168 43 Companies
3207 1337 160 36 contracted

2113 1395 73 33 and
2234 1398 52 30 Ca
2294 1411 34 17 m
2335 1398 85 30 nhpl
2425 1397 41 31 I'q
2524 1399 31 29 T?
2561 1412 67 16 nva
2636 1399 8 29 1
2727 1384 39 28 for
2780 1384 15 27 b
2796 1393 18 27 >'
2827 1383 47 29 the
2887 1393 65 26 year
2954 1404 7 7 *
2998 1384 121 29 Survevs
3129 1383 82 28 made
3220 1382 89 29 under
3319 1381 47 30 the

2163 1409 40 55 ?/r
2234 1409 94 26 Uam
2335 1411 23 36 P
2364 1409 102 26 DellS
2524 1409 34 26 K
2561 1412 47 37 y
2611 1409 36 26 ai
2899 1421 81 28 Land
2992 1421 130 28 Transfer
3130 1421 62 28 Act.

2164 1448 94 41 Mail
2289 1451 98 39 Line
2408 1451 42 40 of
2477 1451 120 52 Grey-

2216 1506 133 39 mouth
2366 1506 187 39 Coaches.
2728 1536 21 16 n
2975 1498 121 28 Address
3107 1507 6 20 :

2728 1536 167 37 Broadway,
2916 1536 152 37 Reefton;
3096 1545 57 21 and
3178 1536 188 31 Commercial

2930 1578 112 33 Hotel,
3062 1578 96 28 Lyell

2100 1636 66 29 This
2179 1635 86 30 Hotel
2278 1635 107 36 isrwell
2406 1635 103 29 known
2530 1635 169 37 throughout
2762 1652 24 30 N
2791 1675 5 7 .
2802 1651 20 31 R
2826 1630 291 54 ._lnstructio~n7left
3129 1655 30 29 at
3171 1653 92 30 Times
3272 1652 94 36 Office,

2067 1677 67 28 New
2148 1677 119 27 Zealand
2280 1677 42 27 for
2341 1680 35 24 its
2396 1675 235 29 accommodation
2646 1676 54 27 and
2732 1694 12 16 ,
2787 1692 20 28 u
2898 1693 105 28 rGceive
3011 1693 162 28 immediate
3185 1693 138 28 attention
3326 1713 6 6 .

2066 1723 181 20 convenience
2260 1715 41 28 for
2319 1717 112 26 tourists
2450 1715 55 27 and
2524 1715 176 27 commercial

2067 1754 148 28 travellers.
2859 1754 25 30 .
2894 1773 30 8 -.
3198 1774 8 8 .

2263 1799 126 40 JOHN
2409 1799 213 47 DAWSON,

2501 1854 165 36 Proprietor.

2229 1936 309 33 STEVENSON'S

2072 2000 365 61 M'Gaffin's
2474 1999 227 73 Hotel,

2172 2105 224 33 BROADWAY,
2416 2104 187 29 REEFTON.

2859 1774 384 61 Newman's

2804 1889 134 29 OYAL

3071 1889 88 29 AIL
3203 1889 42 28 T
3276 1889 92 30 INE

2072 2245 30 32 11
2115 2236 78 31 (HIS
2207 2236 180 38 Magnificent
2399 2236 86 30 Hotel
2497 2235 57 31 will
2575 2235 33 30 be
2620 2235 87 30 found
2733 2219 94 29 Leave
2847 2219 24 28 L
2872 2229 19 27 y
2892 2218 39 30 ell
2947 2219 44 29 for
3008 2220 106 29 Nelson
3130 2229 59 20 eve,
3189 2230 26 28 7
3235 2221 109 28 Tuesda
3344 2231 28 27 y>

2159 2276 103 38 replete
2275 2276 68 30 with
2734 2267 148 38 Thursday
2890 2267 56 31 and
2957 2267 149 39 Saturday,
3116 2272 30 28 at
3156 2270 64 30 2.80
3228 2278 78 30 p.m.,
3318 2269 55 30 and

2165 2350 93 22 every
2276 2350 127 23 comfort
2420 2350 56 22 and
2495 2350 117 23 modern

2285 2390 206 21 convenience.

2105 3089 289 48 BROADWAY,
2425 3090 249 40 REEFTON.

2933 1980 49 29 OF
3000 1980 178 30 COACHES

2766 2075 254 32 Thrice-Weekly
3046 2076 124 31 Service
3191 2076 145 31 Between

2820 2124 106 33 Lyell,
2940 2125 135 26 Reefton
3088 2133 57 18 and
3158 2126 127 26 Nelson.

2734 2267 148 38 Thursday
2890 2267 56 31 and
2957 2267 149 39 Saturday,
3116 2272 30 28 at
3156 2270 64 30 2.80
3228 2278 78 30 p.m.,
3318 2269 55 30 and

2734 2316 82 38 Lyell
2828 2316 42 29 for
2883 2317 139 37 Westport
3035 2317 56 29 and
3105 2317 128 35 Reetton,
3252 2327 37 20 on
3302 2318 53 29 Sun-

2735 2364 64 38 day,
2813 2364 177 39 Wednesday
3003 2365 55 29 and
3072 2365 113 38 Friday,
3193 2369 31 27 at
3234 2367 64 30 9.30
3307 2376 65 20 a.m.

2735 2451 167 37 Passengers
2928 2450 103 31 booked
3063 2451 43 31 for
3135 2451 153 39 Hampden
3318 2453 55 30 and

2105 2498 132 34 Tourists,
2262 2498 177 29 commercial
2468 2496 153 35 travellers,
2652 2496 55 30 and
2857 2499 80 31 other
2948 2500 195 30 intewiediate
3155 2500 103 38 places.

2071 2537 93 29 others
2173 2537 56 29 will
2243 2536 63 29 here
2319 2536 58 29 find
2390 2546 84 27 every
2486 2536 138 30 attention
2634 2545 72 21 com-

2070 2575 83 29 bined
2166 2575 67 29 with
2248 2575 82 29 home
2343 2575 138 29 comforts.
2908 2578 133 30 Booking
3062 2578 121 30 Offices
3193 2586 7 23 :

2737 2636 140 38 Westport
3140 2636 134 31 Gilmer's
3286 2637 87 30 Hotel

2071 2688 158 40 Booking
2247 2689 106 32 Office
2365 2689 53 32 for
2429 2690 172 31 Newman
2612 2689 97 32 Bros'
2737 2684 118 30 Reefton
3098 2684 178 30 Stevenson's
3288 2686 86 28 Hotel

2098 2734 109 39 Royal
2220 2734 88 32 Mail
2319 2735 86 31 Line
2419 2733 39 33 of
2466 2734 133 32 Nelson
2611 2735 72 31 and
2737 2732 104 30 Nelson
3151 2733 125 30 Masonic
3288 2733 85 30 Hotel

2214 2780 175 39 Westport
2401 2780 164 32 Coaches.

2770 2827 46 30 All
2827 2827 108 38 parcels
2948 2832 76 26 must
3036 2828 33 30 be
3084 2828 124 38 prepaid,
3227 2829 146 30 otherwise

2133 2872 160 40 JAMES
2338 2872 306 49 STEVENSON,
2869 2876 69 38 they
2949 2876 57 30 will
3018 2876 34 30 be
3064 2876 50 29 left
3126 2876 113 30 behind.

2298 2934 181 22 proprietor.
3060 2931 38 31 H.
3119 2932 185 36 NEWMAN,

2325 2980 36 4 __
3169 2972 160 34 Proprietor

2800 3061 149 30 LADIES'
2969 3061 49 29 OR
3038 3061 273 30 GENTLEMEN'S

2741 3114 298 62 gADDLE
3107 3114 263 60 JJACKS,

2130 3220 229 30 OMMERCIAL
2378 3220 165 34 Travellers,
2568 3220 141 35 Families,
2872 3205 33 37 (Q
2908 3205 57 31 lliet
2977 3205 56 31 and
3045 3205 199 33 Well-broken)

2116 3253 8 24 '
2164 3259 54 29 and
2238 3259 48 29 the
2305 3259 92 38 publio
2415 3258 142 39 generally
2576 3259 58 29 will
2653 3259 55 29 find
2737 3268 74 30 poR
2824 3268 98 30 HIRE
2935 3267 52 30 BY
2999 3267 79 30 THE
3092 3267 282 31 UNDERSIGNED

2074 3298 55 28 this
2141 3298 176 29 well-known
2336 3298 86 29 Hotel
2440 3298 78 29 fitted
2538 3298 68 28 with
2627 3308 82 24 every
2866 3321 6 5 .
2918 3320 13 12 T
3107 3321 14 11 T

2074 3337 113 28 modern
2201 3337 183 28 convenience
2394 3336 56 28 and
2462 3337 194 36 requirement.
2857 3321 42 28 At
2918 3320 169 29 Inangahua
3104 3321 153 29 Junction.

2532 3452 7 7 .
2771 3422 116 30 Horse's
2899 3425 61 27 sent
2971 3424 39 36 Jto
3022 3421 81 38 Lyell
3114 3424 30 28 at
3162 3430 18 21 a
3191 3424 150 28 moment's

2123 3452 86 38 The
2243 3452 256 51 Proprietress
2530 3465 31 25 is
2585 3452 124 40 deter-
3004 3460 102 30 notice,

2075 3505 128 40 mined
2230 3511 40 34 to
2289 3519 110 38 spare
2418 3518 50 27 no
2486 3519 166 39 expense
2670 3506 39 40 in

2075 3559 155 54 making
2248 3559 76 40 this
2345 3559 117 40 Hotel
2483 3559 227 56 thoroughly
2738 3548 199 49 Courtney's
2944 3547 303 40 Accommodation
3255 3547 120 40 House

2075 3615 112 53 equal
2206 3622 39 33 to
2263 3615 50 40 all
2331 3615 289 52 requirements.
2737 3606 314 76 *%gg*S
3070 3606 305 69 23

2737 3683 149 37 appointed
2898 3683 56 28 and
2965 3686 74 25 most
3051 3682 179 29 comfortable
3248 3683 127 28 roadside

2075 3744 15 14 T
2148 3744 29 14 ,
2177 3744 30 14 n
2226 3744 8 7 ,
2276 3744 7 6 .
2302 3744 8 7 ,
2379 3744 21 14 ,
2400 3744 44 14 TT
2511 3746 8 8 ,
2522 3747 8 10 t
2698 3746 10 9 ,
2848 3721 111 32 house's
2971 3731 37 20 on
3020 3720 48 32 the
3080 3721 79 30 West
3172 3719 92 32 Coast.

2075 3746 93 31 Local,
2187 3746 125 26 Colonial
2336 3746 55 26 and
2416 3746 92 27 Home
2532 3754 98 27 papers
2654 3746 56 28 and

2196 3781 162 39 periodicals
2370 3782 139 40 regularly
2520 3782 74 31 filed.

2241 3840 153 41 ALICE
2419 3841 239 47 NEVILLE,
2752 3838 242 34 friaincis
3044 3838 315 39 oourtney,

2516 3905 192 38 Proprietress.
2963 3906 192 30 Proprietor.

2410 4026 118 53 THE

2074 4159 329 41 PEINTING
2451 4160 127 40 AND
2629 4158 425 42 PUBLISHING
3105 4158 268 50 OFFICE,

2490 4279 147 30 CLIFF
2673 4280 71 34 ST.,
2780 4280 180 30 LYELL.

2142 4613 37 40 Is
2197 4626 73 28 one
2289 4612 42 41 of
2344 4612 66 41 the
2428 4612 85 43 best
2531 4614 98 42 local
2648 4616 191 42 mediums
2857 4617 57 42 for
2932 4619 249 57 distributing
3198 4637 118 36 news,

2319 4704 341 51 Advertisements,
2682 4708 77 40 and
2778 4708 171 55 subjects
2967 4710 43 40 of
3024 4711 97 42 local

2516 4797 170 49 interest,
2708 4798 236 54 throughout

2305 4889 65 39 the
2408 4889 130 40 Buller
2573 4892 77 39 and
2688 4892 224 54 Inangahua
2948 4895 199 41 Counties.

2123 5106 170 56 Charges
2312 5108 57 42 for
2387 5109 180 54 standing
2585 5110 332 50 advertisements,
2937 5125 92 40 very
3042 5113 238 42 reasonable.

2126 5201 80 51 Job,
2254 5202 122 48 Plain,
2414 5202 76 40 and
2533 5203 50 40 all
2618 5202 112 41 kinds
2769 5202 42 41 of
2840 5203 180 53 printing,
3059 5203 186 41 executed
3288 5203 88 41 with

2074 5270 186 55 despatch
2279 5277 40 35 at
2338 5270 66 41 the
2422 5270 132 43 lowest
2573 5271 137 53 prices.

2122 5359 336 41 Communication
2477 5359 51 55 by
2545 5365 88 48 post
2646 5372 44 28 or
2706 5359 88 41 wire
2813 5359 193 54 promptly
3025 5359 185 41 attended
3229 5365 51 35 to.

2596 5598 229 42 ADDRESS

2611 5817 222 40 LYELL.

3562 189 120 31 Public
3701 188 155 30 Notices.

3469 269 254 34 POSTAGE
3765 267 192 31 KATES.

3579 413 90 25 TOWN
3696 411 147 24 LETTERS.

3429 459 110 32 Posted
3567 461 31 29 at
3621 468 58 28 any
3707 456 72 31 Post
3808 453 94 32 Office
3932 452 105 39 wiaiq*

3389 504 49 32 the
3454 503 104 40 colony
3575 503 46 30 tor
3636 500 132 41 delivery
3782 501 32 29 at
3829 508 33 20 or
3873 497 76 31 from
3962 495 74 33 such

3392 550 72 31 Post
3480 548 94 31 Office
3591 557 47 21 :

3390 620 60 31 Not
3464 618 162 37 exceeding
3640 616 63 31 half
3718 626 37 20 an
3772 624 96 22 ounce

3394 664 166 38 Exceeding
3575 661 64 30 half
3650 670 37 21 an
3704 668 105 27 ounce,
3834 658 55 31 but
3904 658 56 29 not

3428 708 163 37 exceeding
3606 717 58 20 one
3679 715 98 21 ounce
3923 727 30 7 ...
4000 699 40 32 2d

3391 754 57 32 For
3461 763 91 30 every
3569 750 64 32 half
3645 760 97 21 ounce
3756 759 70 21 over
3842 757 57 21 one
3925 771 31 8 ...
4002 745 38 31 Id

3554 820 148 25 COUNTRY
3718 818 139 23 LETTERS

3430 875 109 30 Posted
3555 878 33 25 at
3601 882 59 28 any
3684 874 69 35 post
3767 869 85 30 office
3868 868 104 30 within
3990 867 51 30 the

3390 919 105 40 colony
3524 919 47 29 tor
3601 914 135 39 delivery
3762 916 31 27 at
3819 922 34 20 or
3880 911 75 29 from
3983 920 58 30 any

3390 962 87 31 other
3488 966 67 36 post
3565 959 85 32 office
3667 957 103 32 within
3787 955 52 32 the
3854 956 167 40 colony:

3393 1004 62 30 Not
3471 1003 162 36 exceeding
3648 1001 65 29 half
3725 1010 38 19 an
3779 1009 97 21 ounce
3925 1022 27 7 ...
4002 997 36 30 2d

3395 1046 167 42 Exceeding
3578 1044 63 34 half
3654 1055 36 22 an
3707 1053 107 31 ounce,
3828 1042 55 34 but
3907 1043 55 31 not

3431 1093 162 38 exceeding
3606 1102 56 19 one
3677 1100 99 20 ounce
3926 1113 31 6 ...
4001 1087 39 31 4d

3395 1135 58 33 For
3481 1145 88 30 every
3593 1133 64 33 half
3683 1143 98 22 ounce
3803 1142 73 21 over
3905 1141 58 22 one

3433 1190 97 21 ounce
3608 1204 32 7 ...
3768 1204 30 6 ...
3926 1203 30 7 ...
4002 1176 38 32 2d

3522 1249 200 26 AUSTRALIAN
3744 1248 167 24 COLONIES.

3396 1304 63 29 Not
3472 1303 164 38 exceeding
3651 1303 64 28 half
3734 1312 36 19 an
3787 1312 96 19 ounce
3927 1325 31 7 ...
4002 1302 38 28 2d

3395 1347 170 44 Exceeding
3578 1345 65 35 half
3664 1357 38 23 an
3718 1357 105 30 ounce,
3840 1345 54 35 but
3908 1348 55 32 not

3433 1396 164 36 exceeding
3611 1404 57 20 one
3683 1404 96 20 ounce
3927 1418 30 6 ...
4002 1392 40 30 4d

3396 1437 58 33 For
3481 1448 88 31 every
3594 1436 64 33 haif
3683 1447 96 23 ounce
3808 1446 71 23 over
3905 1446 58 23 one

3433 1493 98 21 ounce
3609 1507 32 7 ...
3768 1507 31 7 ...
3927 1507 31 6 ...
4003 1481 18 30 2

3414 1553 149 25 ENGLAND
3583 1553 66 24 AND
3671 1552 143 25 FOREION
3829 1552 190 25 COUNTRIES.

3571 1615 59 30 Per
3645 1615 80 29 Half
3748 1615 119 29 Ounce.

3397 1658 113 35 United
3530 1658 161 42 Kingdom,
3718 1658 46 33 via
3788 1663 58 27 bau
3869 1657 76 32 Fran-

3435 1705 79 30 cisco
3528 1704 60 31 and
3609 1706 77 29 Suez
4006 1703 39 30 Gd

3398 1747 112 33 United
3540 1750 101 28 States
3669 1747 33 31 of
3736 1745 149 39 America,
3921 1747 46 30 via

3435 1794 59 28 San
3511 1792 165 30 Francisco
3932 1815 31 7 ...
4007 1791 39 31 GJ

3397 1836 154 31 Sandwich
3567 1835 130 39 Islands,
3722 1836 45 31 via
3796 1834 59 31 San
3872 1834 76 31 Fran-

3436 1890 80 21 cisco
3770 1905 30 6 ...
3929 1904 31 7 ...
4005 1880 40 31 6d

3400 1923 151 32 Canadian
3588 1923 191 38 Dominions,
3815 1923 47 32 via
3909 1923 59 31 San

3439 1966 166 33 Frauciseo
3772 1994 31 7 ...
3931 1994 31 7 ...
4008 1968 37 31 Sd

3403 2012 112 30 British
3531 2012 160 30 Columbia
3773 2038 31 6 ...
3932 2038 31 7 ...
4017 2013 30 30 le

3403 2055 86 33 West
3505 2055 104 33 Indies
3770 2083 32 7 ...
3929 2083 31 7 ...
4015 2058 32 31 le

3401 2100 130 38 Mexico,
3546 2100 46 32 via
3604 2102 60 30 San
3680 2101 166 32 Francisco
3931 2128 29 6 ...
4015 2104 32 29 Is

3401 2143 124 32 Central
3543 2144 141 31 America
3930 2170 30 7 ...
4015 2147 31 28 Is

3400 2186 94 35 South
3510 2188 149 41 America,
3672 2188 47 34 yia
3730 2189 59 33 San
3802 2189 161 35 Francisco
4012 2192 33 31 Is

3614 2262 219 23 KEWSPATERS.

3402 2314 110 33 Posted
3539 2326 19 21 a
3597 2326 58 29 any
3681 2315 84 32 office
3791 2315 105 32 within
3918 2318 51 29 the

3439 2360 106 43 colony
3560 2364 47 29 for
3622 2361 132 42 delivery
3769 2366 32 27 at
3823 2361 50 32 the
3888 2373 80 21 same

3440 2404 86 32 office
3775 2431 30 7 ...
3931 2428 33 8 ...
4008 2408 37 37 \d

3403 2448 110 33 Posted
3538 2452 32 29 at
3595 2459 59 32 any
3680 2448 83 33 office
3789 2448 105 33 within
3915 2450 54 33 the

3440 2494 106 42 colony
3561 2495 46 30 for
3623 2494 130 41 delivery
3769 2500 31 26 at
3811 2506 57 31 any
3882 2495 88 33 other

3440 2538 83 32 office
3539 2539 101 31 within
3656 2539 52 31 the
3722 2539 109 41 colony
3934 2567 30 6 ...
4009 2541 37 38 fd

3401 2583 176 32 Australian
3591 2584 143 31 Colonies
3936 2611 30 6 ...
4012 2586 35 31 Jd

3402 2627 115 32 United
3535 2627 155 40 Kingdom
3934 2655 30 7 ...
4011 2630 36 31 Id

3558 2672 58 32 VU
3632 2674 59 29 San
3715 2672 175 32 Francisco.

3401 2715 115 32 United
3534 2716 102 31 States
3651 2717 29 29 of
3696 2716 142 32 America
3934 2743 31 8 ...
4011 2718 36 31 Id

3401 2760 155 31 Sandwich
3572 2760 122 32 Islands
3933 2788 32 6 ...
4011 2764 28 29 lc
4040 2763 7 10 1

3401 2803 152 32 Canadian
3570 2804 183 32 Dominions
3934 2832 31 7 ...
4010 2807 37 31 2d

3403 2847 112 32 British
3534 2849 161 32 Columbia
3934 2877 30 7 ...
4008 2852 39 31 2d

3405 2892 83 30 West
3504 2892 106 31 Indies
3929 2920 31 6 ...
4007 2897 38 28 2d

3400 2934 122 33 Mexico
3930 2965 30 7 ...
4006 2939 37 31 2d

3400 2980 123 30 Central
3539 2981 139 29 America
3930 3007 32 7 ...
4006 2983 39 29 2d

3399 3021 96 33 South
3511 3022 158 33 Amerrica
3929 3050 32 9 ...
4005 3025 38 32 2d

3596 3095 86 23 BOOK
3704 3096 141 24 PACKETS

3404 3138 108 31 Posted
3537 3141 32 28 at
3591 3149 58 31 any
3675 3140 83 30 office
3784 3141 105 29 within
3916 3141 53 30 the

3440 3182 106 43 colony
3562 3182 47 32 for
3623 3182 131 40 delivery
3769 3189 31 26 at
3816 3183 50 31 the
3878 3195 91 28 same,

3440 3227 104 32 within
3574 3227 53 31 the
3655 3228 117 40 colony,
3802 3228 52 31 the
3890 3229 23 30 A
3921 3240 49 19 us*

3439 3271 110 33 trahan
3720 3283 33 21 or
3777 3271 53 33 the
3854 3271 118 34 United

3442 3316 155 39 Kingdom
3680 3341 31 7 ...
3797 3318 53 28 loz
3936 3342 30 7 ...
4013 3320 34 28 Id

3481 3359 49 32 Do
3680 3384 32 9 ...
3795 3361 55 30 2oz
3934 3387 32 7 ...
4012 3363 28 30 2(

3482 3404 48 32 Do
3680 3431 31 5 ...
3796 3405 53 36 ilb
3935 3432 30 6 ...
4010 3409 30 28 4(

3480 3447 50 33 Do
3681 3474 32 7 ...
3798 3449 52 31 lib
3935 3475 31 8 ...
4011 3451 29 30 8(

3405 3492 96 42 Every
3528 3492 166 32 additional
3716 3492 113 41 pound,
3842 3503 34 21 or
3891 3493 65 32 frac-

3441 3537 96 32 tional
3549 3541 68 38 part
3631 3537 31 31 of
3676 3548 18 21 a
3709 3537 103 39 pouud
3936 3563 31 8 ...
4013 3540 27 30 8<

3569 3581 58 32 Via
3642 3581 59 32 San
3718 3579 175 35 Francisco.

3403 3625 114 33 United
3546 3625 111 38 States,
3682 3636 90 31 every
3802 3626 51 37 |lb
3938 3653 31 7 ...
4013 3629 27 30 4<

3403 3670 154 29 Sandwich
3572 3670 119 29 Islands
3936 3694 31 8 ...
4013 3673 27 28 4<

3403 3711 150 34 Canadian
3570 3711 180 34 Dominions
3937 3741 32 7 ...
4014 3716 26 30 6i

3407 3755 109 31 British
3534 3756 161 31 Columbia
3937 3783 31 7 ...
4013 3760 27 28 6<

3407 3798 85 36 West
3506 3799 107 35 Indies
4012 3803 35 32 6c

3415 4095 148 61 JOB
3585 4096 462 61 PEINTING

3466 4543 118 50 Every
3610 4543 209 54 description
3844 4545 162 40 executed

3655 4764 54 34 AT
3736 4765 85 34 THE

3419 4974 311 58 LYELL
3769 4962 265 72 TI&'ES

3485 5213 186 40 CLIFF
3723 5200 243 53 STREET,

3662 5430 68 29 LY-
3732 5420 54 29 LL
3788 5444 7 7 -
