<?xml version="1.0" encoding="UTF-8"?>
<alto xmlns:xsi="http://www.w3.org/2001/XMLSchema-instance" xsi:noNamespaceSchemaLocation="//docstorage/impdata$/docWORKS/schema/alto-1-2.xsd" xmlns:xlink="http://www.w3.org/TR/xlink">
	<Description>
		<MeasurementUnit>mm10</MeasurementUnit>
		<sourceImageInformation>
			<fileName>//nasserver-9/impdata$/IN/NZ_5/OO/1892/02/20/00200.TIF</fileName>
		</sourceImageInformation>
		<OCRProcessing ID="OCRPROCESSING_1">
			<preProcessingStep>
				<processingSoftware>
					<softwareCreator>CCS Content Conversion Specialists GmbH, Germany</softwareCreator>
					<softwareName>CCS docWORKS</softwareName>
					<softwareVersion>6.2-1.18</softwareVersion>
				</processingSoftware>
			</preProcessingStep>
			<ocrProcessingStep>
				<processingSoftware>
					<softwareCreator>ABBYY (BIT Software), Russia</softwareCreator>
					<softwareName>Finereader</softwareName>
				</processingSoftware>
			</ocrProcessingStep>
		</OCRProcessing>
	</Description>
	<Styles>
		<TextStyle ID="TXT_0" FONTSIZE="8" FONTFAMILY="Times New Roman" FONTSTYLE="bold"/>
		<TextStyle ID="TXT_1" FONTSIZE="15" FONTFAMILY="Times New Roman"/>
		<TextStyle ID="TXT_2" FONTSIZE="12" FONTFAMILY="Times New Roman"/>
		<TextStyle ID="TXT_3" FONTSIZE="10" FONTFAMILY="Times New Roman"/>
		<TextStyle ID="TXT_4" FONTSIZE="16" FONTFAMILY="Times New Roman" FONTSTYLE="bold"/>
		<TextStyle ID="TXT_5" FONTSIZE="10" FONTFAMILY="Times New Roman" FONTSTYLE="italics"/>
		<TextStyle ID="TXT_6" FONTSIZE="23" FONTFAMILY="Times New Roman" FONTSTYLE="bold"/>
		<TextStyle ID="TXT_7" FONTSIZE="2" FONTFAMILY="Times New Roman"/>
		<TextStyle ID="TXT_8" FONTSIZE="20" FONTFAMILY="Times New Roman"/>
		<TextStyle ID="TXT_9" FONTSIZE="9" FONTFAMILY="Times New Roman"/>
		<TextStyle ID="TXT_10" FONTSIZE="17" FONTFAMILY="Times New Roman"/>
		<TextStyle ID="TXT_11" FONTSIZE="7" FONTFAMILY="Times New Roman" FONTSTYLE="bold"/>
		<TextStyle ID="TXT_12" FONTSIZE="12" FONTFAMILY="Times New Roman" FONTSTYLE="italics"/>
		<TextStyle ID="TXT_13" FONTSIZE="16" FONTFAMILY="Times New Roman"/>
		<TextStyle ID="TXT_14" FONTSIZE="19" FONTFAMILY="Times New Roman"/>
		<TextStyle ID="TXT_15" FONTSIZE="22" FONTFAMILY="Arial"/>
		<TextStyle ID="TXT_16" FONTSIZE="23" FONTFAMILY="Arial"/>
		<TextStyle ID="TXT_17" FONTSIZE="14" FONTFAMILY="Times New Roman"/>
		<ParagraphStyle ID="PAR_LEFT" ALIGN="Left"/>
		<ParagraphStyle ID="PAR_BLOCK" ALIGN="Block"/>
		<ParagraphStyle ID="PAR_CENTER" ALIGN="Center"/>
	</Styles>
	<Layout>
		<Page ID="P2" PHYSICAL_IMG_NR="2" HEIGHT="3880" WIDTH="2470" ACCURACY="97.96">
			<TopMargin ID="P2_TM00001" HPOS="0" VPOS="0" WIDTH="2470" HEIGHT="31"/>
			<LeftMargin ID="P2_LM00001" HPOS="0" VPOS="31" WIDTH="27" HEIGHT="3817"/>
			<RightMargin ID="P2_RM00001" HPOS="2425" VPOS="31" WIDTH="45" HEIGHT="3817"/>
			<BottomMargin ID="P2_BM00001" HPOS="0" VPOS="3848" WIDTH="2470" HEIGHT="31"/>
			<PrintSpace ID="P2_PS00001" HPOS="27" VPOS="31" WIDTH="2398" HEIGHT="3817">
				<TextBlock ID="P2_TB00001" HPOS="1898" VPOS="2976" WIDTH="483" HEIGHT="171" STYLEREFS="TXT_0 PAR_LEFT">
					<TextLine ID="P2_TL00001" HPOS="1898" VPOS="2981" WIDTH="483" HEIGHT="34">
						<String ID="P2_ST00001" HPOS="1898" VPOS="2981" WIDTH="116" HEIGHT="34" CONTENT="Oxford" WC="1.00" CC="000000" STYLEREFS="TXT_1"/>
						<SP ID="P2_SP00001" HPOS="2014" VPOS="3015" WIDTH="19"/>
						<String ID="P2_ST00002" HPOS="2033" VPOS="2981" WIDTH="58" HEIGHT="34" CONTENT="and" WC="1.00" CC="000" STYLEREFS="TXT_1"/>
						<SP ID="P2_SP00002" HPOS="2091" VPOS="3015" WIDTH="19"/>
						<String ID="P2_ST00003" HPOS="2110" VPOS="2981" WIDTH="78" HEIGHT="34" CONTENT="Cust" WC="1.00" CC="0000" STYLEREFS="TXT_1"/>
						<SP ID="P2_SP00003" HPOS="2188" VPOS="3015" WIDTH="19"/>
						<String ID="P2_ST00004" HPOS="2207" VPOS="2981" WIDTH="174" HEIGHT="34" CONTENT="Observer." WC="1.00" CC="000000000" STYLEREFS="TXT_1"/>
					</TextLine>
					<TextLine ID="P2_TL00002" HPOS="1963" VPOS="3057" WIDTH="365" HEIGHT="26">
						<String ID="P2_ST00005" HPOS="1963" VPOS="3057" WIDTH="189" HEIGHT="20" CONTENT="PUBLISHED" WC="0.62" CC="462932242"/>
						<SP ID="P2_SP00004" HPOS="2152" VPOS="3077" WIDTH="19"/>
						<String ID="P2_ST00006" HPOS="2171" VPOS="3058" WIDTH="157" HEIGHT="25" CONTENT="WEEKLY." WC="0.81" CC="2000000"/>
					</TextLine>
					<TextLine ID="P2_TL00003" HPOS="1909" VPOS="3119" WIDTH="469" HEIGHT="25">
						<String ID="P2_ST00007" HPOS="1909" VPOS="3119" WIDTH="168" HEIGHT="23" CONTENT="SATURDAY." WC="0.90" CC="111122221"/>
						<SP ID="P2_SP00005" HPOS="2077" VPOS="3142" WIDTH="25"/>
						<String ID="P2_ST00008" HPOS="2102" VPOS="3120" WIDTH="124" HEIGHT="24" CONTENT="Feruary" WC="0.53" CC="9000000"/>
						<SP ID="P2_SP00006" HPOS="2226" VPOS="3144" WIDTH="17"/>
						<String ID="P2_ST00009" HPOS="2243" VPOS="3120" WIDTH="63" HEIGHT="24" CONTENT="20th" WC="1.00" CC="0000"/>
						<SP ID="P2_SP00007" HPOS="2306" VPOS="3144" WIDTH="12"/>
						<String ID="P2_ST00010" HPOS="2318" VPOS="3123" WIDTH="60" HEIGHT="21" CONTENT="1892." WC="0.90" CC="10101"/>
					</TextLine>
				</TextBlock>
				<TextBlock ID="P2_TB00002" HPOS="1882" VPOS="3237" WIDTH="526" HEIGHT="566" STYLEREFS="TXT_2 PAR_BLOCK">
					<TextLine ID="P2_TL00004" HPOS="1924" VPOS="3237" WIDTH="483" HEIGHT="43">
						<String ID="P2_ST00011" HPOS="1924" VPOS="3237" WIDTH="65" HEIGHT="30" CONTENT="Our" WC="0.94" CC="021"/>
						<SP ID="P2_SP00008" HPOS="1989" VPOS="3267" WIDTH="12"/>
						<String ID="P2_ST00012" HPOS="2001" VPOS="3241" WIDTH="233" HEIGHT="39" CONTENT="oonterapor&amp;ry" WC="0.87" CC="1011033111510"/>
						<SP ID="P2_SP00009" HPOS="2234" VPOS="3280" WIDTH="10"/>
						<String ID="P2_ST00013" HPOS="2244" VPOS="3239" WIDTH="50" HEIGHT="30" CONTENT="the" WC="0.94" CC="011"/>
						<SP ID="P2_SP00010" HPOS="2294" VPOS="3280" WIDTH="15"/>
						<String ID="P2_ST00014" HPOS="2309" VPOS="3239" WIDTH="98" HEIGHT="32" CONTENT="West" SUBS_TYPE="HypPart1" SUBS_CONTENT="Westport" WC="0.76" CC="11119"/>
						<HYP CONTENT="-"/>
					</TextLine>
					<TextLine ID="P2_TL00005" HPOS="1883" VPOS="3278" WIDTH="524" HEIGHT="38">
						<String ID="P2_ST00015" HPOS="1883" VPOS="3281" WIDTH="71" HEIGHT="35" CONTENT="port" SUBS_TYPE="HypPart2" SUBS_CONTENT="Westport" WC="0.94" CC="1002"/>
						<SP ID="P2_SP00011" HPOS="1954" VPOS="3316" WIDTH="15"/>
						<String ID="P2_ST00016" HPOS="1969" VPOS="3278" WIDTH="91" HEIGHT="31" CONTENT="News" WC="0.78" CC="3033"/>
						<SP ID="P2_SP00012" HPOS="2060" VPOS="3316" WIDTH="10"/>
						<String ID="P2_ST00017" HPOS="2070" VPOS="3283" WIDTH="82" HEIGHT="27" CONTENT="must" WC="0.87" CC="1320"/>
						<SP ID="P2_SP00013" HPOS="2152" VPOS="3316" WIDTH="17"/>
						<String ID="P2_ST00018" HPOS="2169" VPOS="3279" WIDTH="76" HEIGHT="31" CONTENT="have" WC="0.94" CC="1002"/>
						<SP ID="P2_SP00014" HPOS="2245" VPOS="3316" WIDTH="15"/>
						<String ID="P2_ST00019" HPOS="2260" VPOS="3281" WIDTH="147" HEIGHT="31" CONTENT="consider" SUBS_TYPE="HypPart1" SUBS_CONTENT="considerably" WC="0.88" CC="102111123"/>
						<HYP CONTENT="-"/>
					</TextLine>
					<TextLine ID="P2_TL00006" HPOS="1883" VPOS="3318" WIDTH="523" HEIGHT="43">
						<String ID="P2_ST00020" HPOS="1883" VPOS="3318" WIDTH="73" HEIGHT="38" CONTENT="ably" SUBS_TYPE="HypPart2" SUBS_CONTENT="considerably" WC="0.96" CC="1001"/>
						<SP ID="P2_SP00015" HPOS="1956" VPOS="3356" WIDTH="41"/>
						<String ID="P2_ST00021" HPOS="1997" VPOS="3319" WIDTH="117" HEIGHT="31" CONTENT="altered" WC="0.84" CC="6201102"/>
						<SP ID="P2_SP00016" HPOS="2114" VPOS="3356" WIDTH="38"/>
						<String ID="P2_ST00022" HPOS="2152" VPOS="3319" WIDTH="79" HEIGHT="32" CONTENT="their" WC="0.85" CC="16001"/>
						<SP ID="P2_SP00017" HPOS="2231" VPOS="3356" WIDTH="41"/>
						<String ID="P2_ST00023" HPOS="2272" VPOS="3321" WIDTH="134" HEIGHT="40" CONTENT="political" WC="0.92" CC="110020121"/>
					</TextLine>
					<TextLine ID="P2_TL00007" HPOS="1883" VPOS="3358" WIDTH="525" HEIGHT="43">
						<String ID="P2_ST00024" HPOS="1883" VPOS="3358" WIDTH="147" HEIGHT="38" CONTENT="opinions," WC="0.88" CC="001420221"/>
						<SP ID="P2_SP00018" HPOS="2030" VPOS="3396" WIDTH="16"/>
						<String ID="P2_ST00025" HPOS="2046" VPOS="3359" WIDTH="85" HEIGHT="31" CONTENT="when" WC="0.94" CC="1101"/>
						<SP ID="P2_SP00019" HPOS="2131" VPOS="3396" WIDTH="24"/>
						<String ID="P2_ST00026" HPOS="2155" VPOS="3360" WIDTH="76" HEIGHT="39" CONTENT="they" WC="0.93" CC="0112"/>
						<SP ID="P2_SP00020" HPOS="2231" VPOS="3399" WIDTH="22"/>
						<String ID="P2_ST00027" HPOS="2253" VPOS="3370" WIDTH="56" HEIGHT="21" CONTENT="can" WC="0.89" CC="211"/>
						<SP ID="P2_SP00021" HPOS="2309" VPOS="3399" WIDTH="24"/>
						<String ID="P2_ST00028" HPOS="2333" VPOS="3362" WIDTH="75" HEIGHT="39" CONTENT="pub" SUBS_TYPE="HypPart1" SUBS_CONTENT="publish" WC="0.56" CC="1709"/>
						<HYP CONTENT="-"/>
					</TextLine>
					<TextLine ID="P2_TL00008" HPOS="1883" VPOS="3398" WIDTH="525" HEIGHT="41">
						<String ID="P2_ST00029" HPOS="1883" VPOS="3398" WIDTH="59" HEIGHT="31" CONTENT="lish" SUBS_TYPE="HypPart2" SUBS_CONTENT="publish" WC="0.93" CC="1111"/>
						<SP ID="P2_SP00022" HPOS="1942" VPOS="3429" WIDTH="15"/>
						<String ID="P2_ST00030" HPOS="1957" VPOS="3399" WIDTH="77" HEIGHT="30" CONTENT="suoh" WC="0.92" CC="1111"/>
						<SP ID="P2_SP00023" HPOS="2034" VPOS="3429" WIDTH="28"/>
						<String ID="P2_ST00031" HPOS="2062" VPOS="3399" WIDTH="121" HEIGHT="32" CONTENT="articles" WC="0.91" CC="10102131"/>
						<SP ID="P2_SP00024" HPOS="2183" VPOS="3431" WIDTH="28"/>
						<String ID="P2_ST00032" HPOS="2211" VPOS="3409" WIDTH="33" HEIGHT="20" CONTENT="as" WC="0.93" CC="11"/>
						<SP ID="P2_SP00025" HPOS="2244" VPOS="3431" WIDTH="26"/>
						<String ID="P2_ST00033" HPOS="2270" VPOS="3401" WIDTH="54" HEIGHT="31" CONTENT="the" WC="0.93" CC="102"/>
						<SP ID="P2_SP00026" HPOS="2324" VPOS="3432" WIDTH="26"/>
						<String ID="P2_ST00034" HPOS="2350" VPOS="3401" WIDTH="58" HEIGHT="38" CONTENT="fol" SUBS_TYPE="HypPart1" SUBS_CONTENT="following," WC="0.68" CC="2119"/>
						<HYP CONTENT="-"/>
					</TextLine>
					<TextLine ID="P2_TL00009" HPOS="1884" VPOS="3438" WIDTH="524" HEIGHT="42">
						<String ID="P2_ST00035" HPOS="1884" VPOS="3438" WIDTH="163" HEIGHT="40" CONTENT="lowing,—" SUBS_TYPE="HypPart2" SUBS_CONTENT="following," WC="0.80" CC="10502225"/>
						<String ID="P2_ST00036" HPOS="2050" VPOS="3441" WIDTH="7" HEIGHT="14" CONTENT="*" WC="0.19" CC="8"/>
						<SP ID="P2_SP00027" HPOS="2057" VPOS="3478" WIDTH="9"/>
						<String ID="P2_ST00037" HPOS="2066" VPOS="3438" WIDTH="63" HEIGHT="32" CONTENT="The" WC="0.91" CC="211"/>
						<SP ID="P2_SP00028" HPOS="2129" VPOS="3478" WIDTH="15"/>
						<String ID="P2_ST00038" HPOS="2144" VPOS="3440" WIDTH="69" HEIGHT="32" CONTENT="Evil" WC="0.82" CC="2402"/>
						<SP ID="P2_SP00029" HPOS="2213" VPOS="3478" WIDTH="14"/>
						<String ID="P2_ST00039" HPOS="2227" VPOS="3441" WIDTH="33" HEIGHT="31" CONTENT="of" WC="0.87" CC="12"/>
						<SP ID="P2_SP00030" HPOS="2260" VPOS="3478" WIDTH="14"/>
						<String ID="P2_ST00040" HPOS="2274" VPOS="3441" WIDTH="59" HEIGHT="39" CONTENT="Big" WC="0.91" CC="102"/>
						<SP ID="P2_SP00031" HPOS="2333" VPOS="3480" WIDTH="21"/>
						<String ID="P2_ST00041" HPOS="2354" VPOS="3442" WIDTH="54" HEIGHT="30" CONTENT="Es" SUBS_TYPE="HypPart1" SUBS_CONTENT="Estates,'" WC="0.75" CC="206"/>
						<HYP CONTENT="-"/>
					</TextLine>
					<TextLine ID="P2_TL00010" HPOS="1884" VPOS="3479" WIDTH="522" HEIGHT="43">
						<String ID="P2_ST00042" HPOS="1884" VPOS="3479" WIDTH="99" HEIGHT="36" CONTENT="tates,'" SUBS_TYPE="HypPart2" SUBS_CONTENT="Estates,'" WC="0.78" CC="0091113"/>
						<SP ID="P2_SP00032" HPOS="1983" VPOS="3515" WIDTH="18"/>
						<String ID="P2_ST00043" HPOS="2001" VPOS="3479" WIDTH="98" HEIGHT="32" CONTENT="which" WC="0.96" CC="21000"/>
						<SP ID="P2_SP00033" HPOS="2099" VPOS="3515" WIDTH="23"/>
						<String ID="P2_ST00044" HPOS="2122" VPOS="3490" WIDTH="45" HEIGHT="20" CONTENT="we" WC="0.89" CC="21"/>
						<SP ID="P2_SP00034" HPOS="2167" VPOS="3515" WIDTH="24"/>
						<String ID="P2_ST00045" HPOS="2191" VPOS="3481" WIDTH="85" HEIGHT="41" CONTENT="print" WC="0.95" CC="10011"/>
						<SP ID="P2_SP00035" HPOS="2276" VPOS="3522" WIDTH="28"/>
						<String ID="P2_ST00046" HPOS="2304" VPOS="3482" WIDTH="102" HEIGHT="30" CONTENT="below." WC="0.95" CC="011011"/>
					</TextLine>
					<TextLine ID="P2_TL00011" HPOS="1887" VPOS="3518" WIDTH="521" HEIGHT="36">
						<String ID="P2_ST00047" HPOS="1887" VPOS="3518" WIDTH="94" HEIGHT="31" CONTENT="What" WC="0.99" CC="0100"/>
						<SP ID="P2_SP00036" HPOS="1981" VPOS="3549" WIDTH="15"/>
						<String ID="P2_ST00048" HPOS="1996" VPOS="3529" WIDTH="57" HEIGHT="20" CONTENT="can" WC="0.91" CC="111"/>
						<SP ID="P2_SP00037" HPOS="2053" VPOS="3549" WIDTH="14"/>
						<String ID="P2_ST00049" HPOS="2067" VPOS="3519" WIDTH="39" HEIGHT="30" CONTENT="be" WC="1.00" CC="00"/>
						<SP ID="P2_SP00038" HPOS="2106" VPOS="3549" WIDTH="10"/>
						<String ID="P2_ST00050" HPOS="2116" VPOS="3519" WIDTH="52" HEIGHT="30" CONTENT="the" WC="0.97" CC="110"/>
						<SP ID="P2_SP00039" HPOS="2168" VPOS="3549" WIDTH="14"/>
						<String ID="P2_ST00051" HPOS="2182" VPOS="3530" WIDTH="90" HEIGHT="21" CONTENT="cause" WC="0.93" CC="12110"/>
						<SP ID="P2_SP00040" HPOS="2272" VPOS="3551" WIDTH="14"/>
						<String ID="P2_ST00052" HPOS="2286" VPOS="3522" WIDTH="33" HEIGHT="32" CONTENT="of" WC="0.76" CC="23"/>
						<SP ID="P2_SP00041" HPOS="2319" VPOS="3554" WIDTH="26"/>
						<String ID="P2_ST00053" HPOS="2345" VPOS="3523" WIDTH="63" HEIGHT="29" CONTENT="this" WC="0.85" CC="4101"/>
					</TextLine>
					<TextLine ID="P2_TL00012" HPOS="1884" VPOS="3559" WIDTH="524" HEIGHT="41">
						<String ID="P2_ST00054" HPOS="1884" VPOS="3559" WIDTH="119" HEIGHT="39" CONTENT="change" WC="0.90" CC="111140"/>
						<SP ID="P2_SP00042" HPOS="2003" VPOS="3598" WIDTH="10"/>
						<String ID="P2_ST00055" HPOS="2013" VPOS="3559" WIDTH="35" HEIGHT="31" CONTENT="of" WC="0.93" CC="02"/>
						<SP ID="P2_SP00043" HPOS="2048" VPOS="3598" WIDTH="8"/>
						<String ID="P2_ST00056" HPOS="2056" VPOS="3559" WIDTH="85" HEIGHT="32" CONTENT="front" WC="0.88" CC="31111"/>
						<SP ID="P2_SP00044" HPOS="2141" VPOS="3598" WIDTH="9"/>
						<String ID="P2_ST00057" HPOS="2150" VPOS="3560" WIDTH="14" HEIGHT="32" CONTENT="?" WC="0.78" CC="2"/>
						<SP ID="P2_SP00045" HPOS="2164" VPOS="3598" WIDTH="21"/>
						<String ID="P2_ST00058" HPOS="2185" VPOS="3560" WIDTH="25" HEIGHT="32" CONTENT="is" WC="0.91" CC="11"/>
						<SP ID="P2_SP00046" HPOS="2210" VPOS="3598" WIDTH="13"/>
						<String ID="P2_ST00059" HPOS="2223" VPOS="3561" WIDTH="26" HEIGHT="33" CONTENT="it" WC="0.78" CC="13"/>
						<SP ID="P2_SP00047" HPOS="2249" VPOS="3598" WIDTH="25"/>
						<String ID="P2_ST00060" HPOS="2274" VPOS="3563" WIDTH="134" HEIGHT="37" CONTENT="possible" WC="0.90" CC="00711000"/>
					</TextLine>
					<TextLine ID="P2_TL00013" HPOS="1883" VPOS="3598" WIDTH="525" HEIGHT="36">
						<String ID="P2_ST00061" HPOS="1883" VPOS="3599" WIDTH="69" HEIGHT="28" CONTENT="that" WC="0.94" CC="2101"/>
						<SP ID="P2_SP00048" HPOS="1952" VPOS="3627" WIDTH="18"/>
						<String ID="P2_ST00062" HPOS="1970" VPOS="3598" WIDTH="131" HEIGHT="31" CONTENT="Richard" WC="0.87" CC="4121011"/>
						<SP ID="P2_SP00049" HPOS="2101" VPOS="3629" WIDTH="29"/>
						<String ID="P2_ST00063" HPOS="2130" VPOS="3599" WIDTH="33" HEIGHT="29" CONTENT="of" WC="0.93" CC="02"/>
						<SP ID="P2_SP00050" HPOS="2163" VPOS="3629" WIDTH="26"/>
						<String ID="P2_ST00064" HPOS="2189" VPOS="3599" WIDTH="136" HEIGHT="35" CONTENT="Kumara" WC="0.78" CC="712023"/>
						<SP ID="P2_SP00051" HPOS="2325" VPOS="3634" WIDTH="27"/>
						<String ID="P2_ST00065" HPOS="2352" VPOS="3603" WIDTH="56" HEIGHT="31" CONTENT="haa" WC="0.93" CC="012"/>
					</TextLine>
					<TextLine ID="P2_TL00014" HPOS="1884" VPOS="3638" WIDTH="524" HEIGHT="41">
						<String ID="P2_ST00066" HPOS="1884" VPOS="3638" WIDTH="72" HEIGHT="41" CONTENT="paid" WC="0.84" CC="0411"/>
						<SP ID="P2_SP00052" HPOS="1956" VPOS="3679" WIDTH="14"/>
						<String ID="P2_ST00067" HPOS="1970" VPOS="3639" WIDTH="52" HEIGHT="30" CONTENT="the" WC="0.90" CC="112"/>
						<SP ID="P2_SP00053" HPOS="2022" VPOS="3679" WIDTH="12"/>
						<String ID="P2_ST00068" HPOS="2034" VPOS="3639" WIDTH="78" HEIGHT="32" CONTENT="little" WC="0.82" CC="001514"/>
						<SP ID="P2_SP00054" HPOS="2112" VPOS="3679" WIDTH="26"/>
						<String ID="P2_ST00069" HPOS="2138" VPOS="3643" WIDTH="84" HEIGHT="29" CONTENT="town" WC="0.94" CC="0012"/>
						<SP ID="P2_SP00055" HPOS="2222" VPOS="3679" WIDTH="27"/>
						<String ID="P2_ST00070" HPOS="2249" VPOS="3643" WIDTH="34" HEIGHT="28" CONTENT="of" WC="0.98" CC="01"/>
						<SP ID="P2_SP00056" HPOS="2283" VPOS="3679" WIDTH="26"/>
						<String ID="P2_ST00071" HPOS="2309" VPOS="3642" WIDTH="99" HEIGHT="31" CONTENT="West" SUBS_TYPE="HypPart1" SUBS_CONTENT="Westport" WC="0.79" CC="11127"/>
						<HYP CONTENT="-"/>
					</TextLine>
					<TextLine ID="P2_TL00015" HPOS="1883" VPOS="3678" WIDTH="525" HEIGHT="38">
						<String ID="P2_ST00072" HPOS="1883" VPOS="3682" WIDTH="70" HEIGHT="34" CONTENT="port" SUBS_TYPE="HypPart2" SUBS_CONTENT="Westport" WC="0.95" CC="1011"/>
						<SP ID="P2_SP00057" HPOS="1953" VPOS="3716" WIDTH="13"/>
						<String ID="P2_ST00073" HPOS="1966" VPOS="3688" WIDTH="19" HEIGHT="20" CONTENT="a" WC="0.85" CC="2"/>
						<SP ID="P2_SP00058" HPOS="1985" VPOS="3716" WIDTH="14"/>
						<String ID="P2_ST00074" HPOS="1999" VPOS="3678" WIDTH="82" HEIGHT="36" CONTENT="visit," WC="0.91" CC="111112"/>
						<SP ID="P2_SP00059" HPOS="2081" VPOS="3716" WIDTH="16"/>
						<String ID="P2_ST00075" HPOS="2097" VPOS="3680" WIDTH="59" HEIGHT="32" CONTENT="and" WC="0.90" CC="112"/>
						<SP ID="P2_SP00060" HPOS="2156" VPOS="3716" WIDTH="15"/>
						<String ID="P2_ST00076" HPOS="2171" VPOS="3683" WIDTH="161" HEIGHT="32" CONTENT="oonverted" WC="0.94" CC="101111121"/>
						<SP ID="P2_SP00061" HPOS="2332" VPOS="3716" WIDTH="25"/>
						<String ID="P2_ST00077" HPOS="2357" VPOS="3685" WIDTH="51" HEIGHT="30" CONTENT="the" WC="0.93" CC="102"/>
					</TextLine>
					<TextLine ID="P2_TL00016" HPOS="1883" VPOS="3711" WIDTH="525" HEIGHT="49">
						<String ID="P2_ST00078" HPOS="1883" VPOS="3711" WIDTH="26" HEIGHT="38" CONTENT="fe" WC="0.22" CC="77"/>
						<SP ID="P2_SP00062" HPOS="1909" VPOS="3749" WIDTH="12"/>
						<String ID="P2_ST00079" HPOS="1921" VPOS="3718" WIDTH="80" HEIGHT="34" CONTENT="Utor," WC="0.95" CC="11011"/>
						<SP ID="P2_SP00063" HPOS="2001" VPOS="3752" WIDTH="17"/>
						<String ID="P2_ST00080" HPOS="2018" VPOS="3719" WIDTH="59" HEIGHT="30" CONTENT="and" WC="0.93" CC="111"/>
						<SP ID="P2_SP00064" HPOS="2077" VPOS="3752" WIDTH="23"/>
						<String ID="P2_ST00081" HPOS="2100" VPOS="3721" WIDTH="169" HEIGHT="39" CONTENT="proprietor" WC="0.95" CC="1101210001"/>
						<SP ID="P2_SP00065" HPOS="2269" VPOS="3760" WIDTH="27"/>
						<String ID="P2_ST00082" HPOS="2296" VPOS="3724" WIDTH="37" HEIGHT="28" CONTENT="of" WC="0.93" CC="11"/>
						<SP ID="P2_SP00066" HPOS="2333" VPOS="3760" WIDTH="22"/>
						<String ID="P2_ST00083" HPOS="2355" VPOS="3725" WIDTH="53" HEIGHT="29" CONTENT="the" WC="0.97" CC="110"/>
					</TextLine>
					<TextLine ID="P2_TL00017" HPOS="1885" VPOS="3757" WIDTH="523" HEIGHT="46">
						<String ID="P2_ST00084" HPOS="1885" VPOS="3759" WIDTH="7" HEIGHT="16" CONTENT="'" WC="0.74" CC="3"/>
						<SP ID="P2_SP00067" HPOS="1892" VPOS="3775" WIDTH="12"/>
						<String ID="P2_ST00085" HPOS="1904" VPOS="3757" WIDTH="107" HEIGHT="38" CONTENT="News,'" WC="0.90" CC="201121"/>
						<SP ID="P2_SP00068" HPOS="2011" VPOS="3795" WIDTH="16"/>
						<String ID="P2_ST00086" HPOS="2027" VPOS="3768" WIDTH="35" HEIGHT="21" CONTENT="or" WC="0.93" CC="11"/>
						<SP ID="P2_SP00069" HPOS="2062" VPOS="3795" WIDTH="14"/>
						<String ID="P2_ST00087" HPOS="2076" VPOS="3759" WIDTH="39" HEIGHT="33" CONTENT="do" WC="0.94" CC="10"/>
						<SP ID="P2_SP00070" HPOS="2115" VPOS="3795" WIDTH="15"/>
						<String ID="P2_ST00088" HPOS="2130" VPOS="3761" WIDTH="73" HEIGHT="42" CONTENT="thay" WC="0.89" CC="0131"/>
						<SP ID="P2_SP00071" HPOS="2203" VPOS="3803" WIDTH="14"/>
						<String ID="P2_ST00089" HPOS="2217" VPOS="3772" WIDTH="116" HEIGHT="31" CONTENT="possess" WC="0.82" CC="1014215"/>
						<SP ID="P2_SP00072" HPOS="2333" VPOS="3803" WIDTH="23"/>
						<String ID="P2_ST00090" HPOS="2356" VPOS="3765" WIDTH="52" HEIGHT="33" CONTENT="the" WC="0.80" CC="124"/>
					</TextLine>
				</TextBlock>
				<TextBlock ID="P2_TB00003" HPOS="480" VPOS="31" WIDTH="1513" HEIGHT="64" STYLEREFS="TXT_2 PAR_CENTER">
					<TextLine ID="P2_TL00018" HPOS="535" VPOS="52" WIDTH="1413" HEIGHT="40">
						<String ID="P2_ST00091" HPOS="535" VPOS="57" WIDTH="168" HEIGHT="30" CONTENT="OXFORD" WC="0.91" CC="021111"/>
						<SP ID="P2_SP00073" HPOS="703" VPOS="87" WIDTH="43"/>
						<String ID="P2_ST00092" HPOS="746" VPOS="56" WIDTH="89" HEIGHT="30" CONTENT="AXD" WC="0.79" CC="141"/>
						<SP ID="P2_SP00074" HPOS="835" VPOS="87" WIDTH="43"/>
						<String ID="P2_ST00093" HPOS="878" VPOS="52" WIDTH="104" HEIGHT="34" CONTENT="OUST" WC="0.85" CC="4011"/>
						<SP ID="P2_SP00075" HPOS="982" VPOS="87" WIDTH="43"/>
						<String ID="P2_ST00094" HPOS="1025" VPOS="57" WIDTH="227" HEIGHT="32" CONTENT="OBSERVER;" WC="0.83" CC="012123153"/>
						<SP ID="P2_SP00076" HPOS="1252" VPOS="89" WIDTH="19"/>
						<String ID="P2_ST00095" HPOS="1271" VPOS="59" WIDTH="165" HEIGHT="31" CONTENT="SATURD" WC="0.85" CC="400122"/>
						<SP ID="P2_SP00077" HPOS="1436" VPOS="90" WIDTH="15"/>
						<String ID="P2_ST00096" HPOS="1451" VPOS="59" WIDTH="55" HEIGHT="33" CONTENT="\\," WC="0.84" CC="131"/>
						<SP ID="P2_SP00078" HPOS="1506" VPOS="92" WIDTH="23"/>
						<String ID="P2_ST00097" HPOS="1529" VPOS="56" WIDTH="228" HEIGHT="31" CONTENT="FEBRUARY" WC="0.94" CC="11010110"/>
						<SP ID="P2_SP00079" HPOS="1757" VPOS="92" WIDTH="22"/>
						<String ID="P2_ST00098" HPOS="1779" VPOS="58" WIDTH="48" HEIGHT="34" CONTENT="20," WC="0.93" CC="201"/>
						<SP ID="P2_SP00080" HPOS="1827" VPOS="92" WIDTH="32"/>
						<String ID="P2_ST00099" HPOS="1859" VPOS="59" WIDTH="89" HEIGHT="30" CONTENT="1892." WC="0.82" CC="04131"/>
					</TextLine>
				</TextBlock>
				<ComposedBlock ID="P2_CB00001" HPOS="1877" VPOS="168" WIDTH="548" HEIGHT="2726" TYPE="Advertisement">
					<TextBlock ID="P2_TB00004" HPOS="1877" VPOS="168" WIDTH="548" HEIGHT="2726" STYLEREFS="TXT_3 PAR_LEFT">
						<TextLine ID="P2_TL00019" HPOS="1897" VPOS="172" WIDTH="526" HEIGHT="42">
							<String ID="P2_ST00100" HPOS="1897" VPOS="174" WIDTH="180" HEIGHT="40" CONTENT="AUCTION" WC="0.86" CC="1210105" STYLEREFS="TXT_4"/>
							<String ID="P2_ST00101" HPOS="2077" VPOS="175" WIDTH="5" HEIGHT="9" CONTENT="1" WC="0.96" CC="1" STYLEREFS="TXT_4"/>
							<SP ID="P2_SP00081" HPOS="2082" VPOS="214" WIDTH="29"/>
							<String ID="P2_ST00102" HPOS="2111" VPOS="174" WIDTH="110" HEIGHT="40" CONTENT="SALE" WC="0.94" CC="1200" STYLEREFS="TXT_4"/>
							<SP ID="P2_SP00082" HPOS="2221" VPOS="214" WIDTH="26"/>
							<String ID="P2_ST00103" HPOS="2247" VPOS="174" WIDTH="46" HEIGHT="38" CONTENT="OF" WC="0.94" CC="11" STYLEREFS="TXT_4"/>
							<SP ID="P2_SP00083" HPOS="2293" VPOS="214" WIDTH="21"/>
							<String ID="P2_ST00104" HPOS="2314" VPOS="172" WIDTH="109" HEIGHT="40" CONTENT="FUR-" WC="0.92" CC="0122" STYLEREFS="TXT_4"/>
						</TextLine>
						<TextLine ID="P2_TL00020" HPOS="1917" VPOS="220" WIDTH="480" HEIGHT="42">
							<String ID="P2_ST00105" HPOS="1917" VPOS="221" WIDTH="168" HEIGHT="41" CONTENT="NITURE" WC="0.83" CC="610140" STYLEREFS="TXT_4"/>
							<SP ID="P2_SP00084" HPOS="2085" VPOS="262" WIDTH="14"/>
							<String ID="P2_ST00106" HPOS="2099" VPOS="222" WIDTH="93" HEIGHT="40" CONTENT="AND" WC="0.94" CC="021" STYLEREFS="TXT_4"/>
							<SP ID="P2_SP00085" HPOS="2192" VPOS="262" WIDTH="9"/>
							<String ID="P2_ST00107" HPOS="2201" VPOS="220" WIDTH="196" HEIGHT="41" CONTENT="EFFECTS." WC="0.92" CC="00110015" STYLEREFS="TXT_4"/>
						</TextLine>
						<TextLine ID="P2_TL00021" HPOS="1959" VPOS="302" WIDTH="394" HEIGHT="31">
							<String ID="P2_ST00108" HPOS="1959" VPOS="303" WIDTH="191" HEIGHT="30" CONTENT="THURSDAY," WC="0.97" CC="001111001"/>
							<SP ID="P2_SP00086" HPOS="2150" VPOS="333" WIDTH="18"/>
							<String ID="P2_ST00109" HPOS="2168" VPOS="303" WIDTH="120" HEIGHT="25" CONTENT="MARCH" WC="0.95" CC="10101"/>
							<SP ID="P2_SP00087" HPOS="2288" VPOS="333" WIDTH="12"/>
							<String ID="P2_ST00110" HPOS="2300" VPOS="302" WIDTH="53" HEIGHT="25" CONTENT="Brd." WC="0.94" CC="2101"/>
						</TextLine>
						<TextLine ID="P2_TL00022" HPOS="1895" VPOS="350" WIDTH="523" HEIGHT="59">
							<String ID="P2_ST00111" HPOS="1895" VPOS="353" WIDTH="65" HEIGHT="56" CONTENT="MR" WC="0.91" CC="12"/>
							<SP ID="P2_SP00088" HPOS="1960" VPOS="409" WIDTH="14"/>
							<String ID="P2_ST00112" HPOS="1974" VPOS="353" WIDTH="88" HEIGHT="25" CONTENT="JOHN" WC="0.98" CC="0110"/>
							<SP ID="P2_SP00089" HPOS="2062" VPOS="409" WIDTH="23"/>
							<String ID="P2_ST00113" HPOS="2085" VPOS="353" WIDTH="135" HEIGHT="25" CONTENT="INGRAM" WC="0.91" CC="212100"/>
							<SP ID="P2_SP00090" HPOS="2220" VPOS="409" WIDTH="22"/>
							<String ID="P2_ST00114" HPOS="2242" VPOS="353" WIDTH="45" HEIGHT="24" CONTENT="has" WC="0.85" CC="122"/>
							<SP ID="P2_SP00091" HPOS="2287" VPOS="409" WIDTH="20"/>
							<String ID="P2_ST00115" HPOS="2307" VPOS="350" WIDTH="111" HEIGHT="27" CONTENT="received" WC="0.91" CC="20111023"/>
						</TextLine>
						<TextLine ID="P2_TL00023" HPOS="1970" VPOS="384" WIDTH="449" HEIGHT="32">
							<String ID="P2_ST00116" HPOS="1970" VPOS="385" WIDTH="158" HEIGHT="25" CONTENT="instructions" WC="0.94" CC="012011101012"/>
							<SP ID="P2_SP00092" HPOS="2128" VPOS="410" WIDTH="21"/>
							<String ID="P2_ST00117" HPOS="2149" VPOS="387" WIDTH="27" HEIGHT="23" CONTENT="to" WC="0.96" CC="10"/>
							<SP ID="P2_SP00093" HPOS="2176" VPOS="410" WIDTH="22"/>
							<String ID="P2_ST00118" HPOS="2198" VPOS="384" WIDTH="43" HEIGHT="26" CONTENT="sell" WC="0.79" CC="7020"/>
							<SP ID="P2_SP00094" HPOS="2241" VPOS="410" WIDTH="33"/>
							<String ID="P2_ST00119" HPOS="2274" VPOS="386" WIDTH="30" HEIGHT="30" CONTENT="by" WC="0.98" CC="01"/>
							<SP ID="P2_SP00095" HPOS="2304" VPOS="416" WIDTH="33"/>
							<String ID="P2_ST00120" HPOS="2337" VPOS="384" WIDTH="82" HEIGHT="32" CONTENT="puMic" WC="0.91" CC="01311"/>
						</TextLine>
						<TextLine ID="P2_TL00024" HPOS="1893" VPOS="421" WIDTH="526" HEIGHT="33">
							<String ID="P2_ST00121" HPOS="1893" VPOS="423" WIDTH="105" HEIGHT="28" CONTENT="auction," WC="0.92" CC="11211010"/>
							<SP ID="P2_SP00096" HPOS="1998" VPOS="451" WIDTH="12"/>
							<String ID="P2_ST00122" HPOS="2010" VPOS="431" WIDTH="15" HEIGHT="16" CONTENT="a" WC="0.93" CC="1"/>
							<SP ID="P2_SP00097" HPOS="2025" VPOS="451" WIDTH="20"/>
							<String ID="P2_ST00123" HPOS="2045" VPOS="424" WIDTH="110" HEIGHT="30" CONTENT="quality" WC="0.80" CC="2119011"/>
							<SP ID="P2_SP00098" HPOS="2155" VPOS="454" WIDTH="23"/>
							<String ID="P2_ST00124" HPOS="2178" VPOS="423" WIDTH="27" HEIGHT="24" CONTENT="of" WC="0.98" CC="01"/>
							<SP ID="P2_SP00099" HPOS="2205" VPOS="454" WIDTH="19"/>
							<String ID="P2_ST00125" HPOS="2224" VPOS="421" WIDTH="122" HEIGHT="26" CONTENT="furniture" WC="0.92" CC="121400100"/>
							<SP ID="P2_SP00100" HPOS="2346" VPOS="454" WIDTH="22"/>
							<String ID="P2_ST00126" HPOS="2368" VPOS="421" WIDTH="51" HEIGHT="25" CONTENT="and" WC="0.91" CC="021"/>
						</TextLine>
						<TextLine ID="P2_TL00025" HPOS="1893" VPOS="459" WIDTH="524" HEIGHT="31">
							<String ID="P2_ST00127" HPOS="1893" VPOS="460" WIDTH="81" HEIGHT="24" CONTENT="effects" WC="0.97" CC="0001002"/>
							<SP ID="P2_SP00101" HPOS="1974" VPOS="484" WIDTH="11"/>
							<String ID="P2_ST00128" HPOS="1985" VPOS="468" WIDTH="31" HEIGHT="16" CONTENT="on" WC="0.96" CC="01"/>
							<SP ID="P2_SP00102" HPOS="2016" VPOS="484" WIDTH="11"/>
							<String ID="P2_ST00129" HPOS="2027" VPOS="461" WIDTH="38" HEIGHT="24" CONTENT="the" WC="0.95" CC="110"/>
							<SP ID="P2_SP00103" HPOS="2065" VPOS="485" WIDTH="13"/>
							<String ID="P2_ST00130" HPOS="2078" VPOS="461" WIDTH="73" HEIGHT="24" CONTENT="above" WC="0.97" CC="10110"/>
							<SP ID="P2_SP00104" HPOS="2151" VPOS="485" WIDTH="12"/>
							<String ID="P2_ST00131" HPOS="2163" VPOS="460" WIDTH="64" HEIGHT="27" CONTENT="date," WC="0.96" CC="01011"/>
							<SP ID="P2_SP00105" HPOS="2227" VPOS="487" WIDTH="22"/>
							<String ID="P2_ST00132" HPOS="2249" VPOS="459" WIDTH="168" HEIGHT="31" CONTENT="immediately" WC="0.98" CC="00010001001"/>
						</TextLine>
						<TextLine ID="P2_TL00026" HPOS="1892" VPOS="496" WIDTH="521" HEIGHT="31">
							<String ID="P2_ST00133" HPOS="1892" VPOS="497" WIDTH="61" HEIGHT="23" CONTENT="after" WC="0.95" CC="20110"/>
							<SP ID="P2_SP00106" HPOS="1953" VPOS="520" WIDTH="6"/>
							<String ID="P2_ST00134" HPOS="1959" VPOS="498" WIDTH="42" HEIGHT="24" CONTENT="the" WC="0.95" CC="111"/>
							<SP ID="P2_SP00107" HPOS="2001" VPOS="522" WIDTH="9"/>
							<String ID="P2_ST00135" HPOS="2010" VPOS="497" WIDTH="68" HEIGHT="25" CONTENT="stock" WC="0.85" CC="61011"/>
							<SP ID="P2_SP00108" HPOS="2078" VPOS="522" WIDTH="8"/>
							<String ID="P2_ST00136" HPOS="2086" VPOS="497" WIDTH="58" HEIGHT="28" CONTENT="sale," WC="0.95" CC="11101"/>
							<SP ID="P2_SP00109" HPOS="2144" VPOS="525" WIDTH="8"/>
							<String ID="P2_ST00137" HPOS="2152" VPOS="496" WIDTH="77" HEIGHT="25" CONTENT="which" WC="0.94" CC="10111"/>
							<SP ID="P2_SP00110" HPOS="2229" VPOS="525" WIDTH="8"/>
							<String ID="P2_ST00138" HPOS="2237" VPOS="496" WIDTH="128" HEIGHT="31" CONTENT="comprises" WC="0.81" CC="103010913"/>
							<SP ID="P2_SP00111" HPOS="2365" VPOS="527" WIDTH="10"/>
							<String ID="P2_ST00139" HPOS="2375" VPOS="503" WIDTH="6" HEIGHT="16" CONTENT=":" WC="0.93" CC="1"/>
							<String ID="P2_ST00140" HPOS="2382" VPOS="510" WIDTH="31" HEIGHT="5" CONTENT="—" WC="1.00" CC="0"/>
						</TextLine>
						<TextLine ID="P2_TL00027" HPOS="1893" VPOS="537" WIDTH="522" HEIGHT="33">
							<String ID="P2_ST00141" HPOS="1893" VPOS="539" WIDTH="13" HEIGHT="24" CONTENT="1" WC="0.93" CC="1"/>
							<SP ID="P2_SP00112" HPOS="1906" VPOS="563" WIDTH="13"/>
							<String ID="P2_ST00142" HPOS="1919" VPOS="539" WIDTH="77" HEIGHT="25" CONTENT="Piano" WC="0.97" CC="00110"/>
							<SP ID="P2_SP00113" HPOS="1996" VPOS="564" WIDTH="11"/>
							<String ID="P2_ST00143" HPOS="2007" VPOS="539" WIDTH="27" HEIGHT="31" CONTENT="by" WC="0.91" CC="11"/>
							<SP ID="P2_SP00114" HPOS="2034" VPOS="570" WIDTH="13"/>
							<String ID="P2_ST00144" HPOS="2047" VPOS="539" WIDTH="105" HEIGHT="25" CONTENT="Jackson" WC="0.94" CC="1111102"/>
							<SP ID="P2_SP00115" HPOS="2152" VPOS="570" WIDTH="24"/>
							<String ID="P2_ST00145" HPOS="2176" VPOS="541" WIDTH="18" HEIGHT="22" CONTENT="&amp;" WC="0.89" CC="1" STYLEREFS="TXT_5"/>
							<SP ID="P2_SP00116" HPOS="2194" VPOS="570" WIDTH="23"/>
							<String ID="P2_ST00146" HPOS="2217" VPOS="537" WIDTH="115" HEIGHT="30" CONTENT="Jackson," WC="0.92" CC="11211021"/>
							<SP ID="P2_SP00117" HPOS="2332" VPOS="570" WIDTH="22"/>
							<String ID="P2_ST00147" HPOS="2354" VPOS="539" WIDTH="61" HEIGHT="24" CONTENT="been" WC="0.93" CC="1012"/>
						</TextLine>
						<TextLine ID="P2_TL00028" HPOS="1924" VPOS="579" WIDTH="231" HEIGHT="31">
							<String ID="P2_ST00148" HPOS="1924" VPOS="587" WIDTH="55" HEIGHT="23" CONTENT="very" WC="0.86" CC="1500"/>
							<SP ID="P2_SP00118" HPOS="1979" VPOS="610" WIDTH="28"/>
							<String ID="P2_ST00149" HPOS="2007" VPOS="580" WIDTH="64" HEIGHT="25" CONTENT="little" WC="0.96" CC="101020"/>
							<SP ID="P2_SP00119" HPOS="2071" VPOS="610" WIDTH="17"/>
							<String ID="P2_ST00150" HPOS="2088" VPOS="579" WIDTH="67" HEIGHT="25" CONTENT="used." WC="0.97" CC="10001"/>
						</TextLine>
						<TextLine ID="P2_TL00029" HPOS="1881" VPOS="616" WIDTH="528" HEIGHT="33">
							<String ID="P2_ST00151" HPOS="1881" VPOS="630" WIDTH="5" HEIGHT="7" CONTENT="•" WC="0.85" CC="2"/>
							<SP ID="P2_SP00120" HPOS="1886" VPOS="637" WIDTH="6"/>
							<String ID="P2_ST00152" HPOS="1892" VPOS="619" WIDTH="10" HEIGHT="22" CONTENT="1" WC="1.00" CC="0"/>
							<SP ID="P2_SP00121" HPOS="1902" VPOS="641" WIDTH="21"/>
							<String ID="P2_ST00153" HPOS="1923" VPOS="618" WIDTH="41" HEIGHT="24" CONTENT="Pit" WC="0.80" CC="124"/>
							<SP ID="P2_SP00122" HPOS="1964" VPOS="642" WIDTH="3"/>
							<String ID="P2_ST00154" HPOS="1967" VPOS="626" WIDTH="31" HEIGHT="16" CONTENT="no" WC="0.93" CC="20"/>
							<SP ID="P2_SP00123" HPOS="1998" VPOS="642" WIDTH="12"/>
							<String ID="P2_ST00155" HPOS="2010" VPOS="626" WIDTH="27" HEIGHT="21" CONTENT="oy" WC="0.78" CC="41"/>
							<SP ID="P2_SP00124" HPOS="2037" VPOS="647" WIDTH="23"/>
							<String ID="P2_ST00156" HPOS="2060" VPOS="619" WIDTH="153" HEIGHT="30" CONTENT="Hopkinson," WC="0.94" CC="0011002221"/>
							<SP ID="P2_SP00125" HPOS="2213" VPOS="649" WIDTH="23"/>
							<String ID="P2_ST00157" HPOS="2236" VPOS="616" WIDTH="113" HEIGHT="25" CONTENT="London." WC="0.95" CC="0011111"/>
							<SP ID="P2_SP00126" HPOS="2349" VPOS="649" WIDTH="35"/>
							<String ID="P2_ST00158" HPOS="2384" VPOS="617" WIDTH="25" HEIGHT="23" CONTENT="A" WC="0.89" CC="1"/>
						</TextLine>
						<TextLine ID="P2_TL00030" HPOS="1925" VPOS="654" WIDTH="358" HEIGHT="31">
							<String ID="P2_ST00159" HPOS="1925" VPOS="654" WIDTH="109" HEIGHT="31" CONTENT="splendid" WC="0.96" CC="11001101"/>
							<SP ID="P2_SP00127" HPOS="2034" VPOS="685" WIDTH="9"/>
							<String ID="P2_ST00160" HPOS="2043" VPOS="654" WIDTH="73" HEIGHT="26" CONTENT="toned" WC="0.94" CC="21101"/>
							<SP ID="P2_SP00128" HPOS="2116" VPOS="685" WIDTH="10"/>
							<String ID="P2_ST00161" HPOS="2126" VPOS="655" WIDTH="157" HEIGHT="24" CONTENT="instrument." WC="0.89" CC="61310020110"/>
						</TextLine>
						<TextLine ID="P2_TL00031" HPOS="1891" VPOS="690" WIDTH="523" HEIGHT="32">
							<String ID="P2_ST00162" HPOS="1891" VPOS="693" WIDTH="16" HEIGHT="22" CONTENT="2" WC="0.85" CC="2"/>
							<SP ID="P2_SP00129" HPOS="1907" VPOS="715" WIDTH="11"/>
							<String ID="P2_ST00163" HPOS="1918" VPOS="692" WIDTH="97" HEIGHT="25" CONTENT="Double" WC="0.91" CC="202111"/>
							<SP ID="P2_SP00130" HPOS="2015" VPOS="717" WIDTH="20"/>
							<String ID="P2_ST00164" HPOS="2035" VPOS="692" WIDTH="144" HEIGHT="27" CONTENT="Bedpfceads," WC="0.81" CC="01135521031"/>
							<SP ID="P2_SP00131" HPOS="2179" VPOS="719" WIDTH="27"/>
							<String ID="P2_ST00165" HPOS="2206" VPOS="692" WIDTH="15" HEIGHT="24" CONTENT="1" WC="0.89" CC="1"/>
							<SP ID="P2_SP00132" HPOS="2221" VPOS="719" WIDTH="24"/>
							<String ID="P2_ST00166" HPOS="2245" VPOS="691" WIDTH="84" HEIGHT="31" CONTENT="Single" WC="0.91" CC="211101"/>
							<SP ID="P2_SP00133" HPOS="2329" VPOS="722" WIDTH="22"/>
							<String ID="P2_ST00167" HPOS="2351" VPOS="690" WIDTH="63" HEIGHT="25" CONTENT="Bed'" WC="0.87" CC="0113"/>
						</TextLine>
						<TextLine ID="P2_TL00032" HPOS="1923" VPOS="731" WIDTH="75" HEIGHT="24">
							<String ID="P2_ST00168" HPOS="1923" VPOS="731" WIDTH="75" HEIGHT="24" CONTENT="ntead." WC="0.74" CC="616111"/>
						</TextLine>
						<TextLine ID="P2_TL00033" HPOS="1889" VPOS="766" WIDTH="521" HEIGHT="34">
							<String ID="P2_ST00169" HPOS="1889" VPOS="769" WIDTH="14" HEIGHT="22" CONTENT="1" WC="1.00" CC="0"/>
							<SP ID="P2_SP00134" HPOS="1903" VPOS="791" WIDTH="13"/>
							<String ID="P2_ST00170" HPOS="1916" VPOS="768" WIDTH="90" HEIGHT="29" CONTENT="Coach," WC="0.90" CC="104111"/>
							<SP ID="P2_SP00135" HPOS="2006" VPOS="797" WIDTH="12"/>
							<String ID="P2_ST00171" HPOS="2018" VPOS="770" WIDTH="14" HEIGHT="22" CONTENT="1" WC="1.00" CC="0"/>
							<SP ID="P2_SP00136" HPOS="2032" VPOS="797" WIDTH="13"/>
							<String ID="P2_ST00172" HPOS="2045" VPOS="768" WIDTH="67" HEIGHT="32" CONTENT="Easy" WC="0.88" CC="2121"/>
							<SP ID="P2_SP00137" HPOS="2112" VPOS="800" WIDTH="11"/>
							<String ID="P2_ST00173" HPOS="2123" VPOS="768" WIDTH="83" HEIGHT="29" CONTENT="Chair," WC="0.94" CC="111110"/>
							<SP ID="P2_SP00138" HPOS="2206" VPOS="800" WIDTH="14"/>
							<String ID="P2_ST00174" HPOS="2220" VPOS="768" WIDTH="14" HEIGHT="23" CONTENT="6" WC="0.52" CC="5"/>
							<SP ID="P2_SP00139" HPOS="2234" VPOS="800" WIDTH="12"/>
							<String ID="P2_ST00175" HPOS="2246" VPOS="767" WIDTH="93" HEIGHT="31" CONTENT="Spring" WC="0.83" CC="201315"/>
							<SP ID="P2_SP00140" HPOS="2339" VPOS="800" WIDTH="17"/>
							<String ID="P2_ST00176" HPOS="2356" VPOS="766" WIDTH="54" HEIGHT="25" CONTENT="bot-" WC="0.89" CC="1211"/>
						</TextLine>
						<TextLine ID="P2_TL00034" HPOS="1921" VPOS="804" WIDTH="491" HEIGHT="30">
							<String ID="P2_ST00177" HPOS="1921" VPOS="806" WIDTH="81" HEIGHT="23" CONTENT="tomed" WC="0.96" CC="00201"/>
							<SP ID="P2_SP00141" HPOS="2002" VPOS="829" WIDTH="22"/>
							<String ID="P2_ST00178" HPOS="2024" VPOS="806" WIDTH="95" HEIGHT="28" CONTENT="Chairs," WC="0.94" CC="1111110"/>
							<SP ID="P2_SP00142" HPOS="2119" VPOS="834" WIDTH="23"/>
							<String ID="P2_ST00179" HPOS="2142" VPOS="808" WIDTH="16" HEIGHT="22" CONTENT="4" WC="1.00" CC="0"/>
							<SP ID="P2_SP00143" HPOS="2158" VPOS="834" WIDTH="33"/>
							<String ID="P2_ST00180" HPOS="2191" VPOS="806" WIDTH="66" HEIGHT="24" CONTENT="Cane" WC="0.94" CC="0111"/>
							<SP ID="P2_SP00144" HPOS="2257" VPOS="834" WIDTH="32"/>
							<String ID="P2_ST00181" HPOS="2289" VPOS="804" WIDTH="123" HEIGHT="25" CONTENT="bottomed" WC="0.81" CC="05310223"/>
						</TextLine>
						<TextLine ID="P2_TL00035" HPOS="1923" VPOS="842" WIDTH="346" HEIGHT="29">
							<String ID="P2_ST00182" HPOS="1923" VPOS="842" WIDTH="94" HEIGHT="29" CONTENT="Chairs," WC="0.92" CC="1111112"/>
							<SP ID="P2_SP00145" HPOS="2017" VPOS="871" WIDTH="12"/>
							<String ID="P2_ST00183" HPOS="2029" VPOS="844" WIDTH="14" HEIGHT="22" CONTENT="3" WC="0.70" CC="3"/>
							<SP ID="P2_SP00146" HPOS="2043" VPOS="871" WIDTH="11"/>
							<String ID="P2_ST00184" HPOS="2054" VPOS="842" WIDTH="107" HEIGHT="25" CONTENT="Kitchen" WC="0.83" CC="5221112"/>
							<SP ID="P2_SP00147" HPOS="2161" VPOS="871" WIDTH="16"/>
							<String ID="P2_ST00185" HPOS="2177" VPOS="842" WIDTH="92" HEIGHT="25" CONTENT="Chairs." WC="0.77" CC="1511117"/>
						</TextLine>
						<TextLine ID="P2_TL00036" HPOS="1890" VPOS="880" WIDTH="523" HEIGHT="29">
							<String ID="P2_ST00186" HPOS="1890" VPOS="882" WIDTH="15" HEIGHT="22" CONTENT="3" WC="0.93" CC="1"/>
							<SP ID="P2_SP00148" HPOS="1905" VPOS="904" WIDTH="9"/>
							<String ID="P2_ST00187" HPOS="1914" VPOS="882" WIDTH="91" HEIGHT="22" CONTENT="Chests" WC="0.92" CC="011112"/>
							<SP ID="P2_SP00149" HPOS="2005" VPOS="904" WIDTH="10"/>
							<String ID="P2_ST00188" HPOS="2015" VPOS="882" WIDTH="27" HEIGHT="22" CONTENT="of" WC="0.98" CC="01"/>
							<SP ID="P2_SP00150" HPOS="2042" VPOS="904" WIDTH="9"/>
							<String ID="P2_ST00189" HPOS="2051" VPOS="882" WIDTH="122" HEIGHT="27" CONTENT="Drawers," WC="0.72" CC="61143116"/>
							<SP ID="P2_SP00151" HPOS="2173" VPOS="909" WIDTH="20"/>
							<String ID="P2_ST00190" HPOS="2193" VPOS="883" WIDTH="15" HEIGHT="21" CONTENT="1" WC="0.93" CC="1"/>
							<SP ID="P2_SP00152" HPOS="2208" VPOS="909" WIDTH="23"/>
							<String ID="P2_ST00191" HPOS="2231" VPOS="880" WIDTH="143" HEIGHT="26" CONTENT="Chiffonier," WC="0.91" CC="11200120411"/>
							<SP ID="P2_SP00153" HPOS="2374" VPOS="909" WIDTH="22"/>
							<String ID="P2_ST00192" HPOS="2396" VPOS="880" WIDTH="17" HEIGHT="23" CONTENT="7" WC="1.00" CC="0" STYLEREFS="TXT_5"/>
						</TextLine>
						<TextLine ID="P2_TL00037" HPOS="1893" VPOS="917" WIDTH="521" HEIGHT="32">
							<String ID="P2_ST00193" HPOS="1893" VPOS="918" WIDTH="224" HEIGHT="31" CONTENT="Looking-glasses," WC="0.92" CC="0101111101061011"/>
							<SP ID="P2_SP00154" HPOS="2117" VPOS="949" WIDTH="18"/>
							<String ID="P2_ST00194" HPOS="2135" VPOS="920" WIDTH="16" HEIGHT="23" CONTENT="5" WC="0.74" CC="3"/>
							<SP ID="P2_SP00155" HPOS="2151" VPOS="949" WIDTH="10"/>
							<String ID="P2_ST00195" HPOS="2161" VPOS="918" WIDTH="115" HEIGHT="30" CONTENT="Fenders," WC="0.80" CC="02161134"/>
							<SP ID="P2_SP00156" HPOS="2276" VPOS="949" WIDTH="21"/>
							<String ID="P2_ST00196" HPOS="2297" VPOS="918" WIDTH="16" HEIGHT="23" CONTENT="4" WC="0.93" CC="1"/>
							<SP ID="P2_SP00157" HPOS="2313" VPOS="949" WIDTH="18"/>
							<String ID="P2_ST00197" HPOS="2331" VPOS="917" WIDTH="83" HEIGHT="32" CONTENT="pieces" WC="0.72" CC="750112"/>
						</TextLine>
						<TextLine ID="P2_TL00038" HPOS="1890" VPOS="957" WIDTH="523" HEIGHT="31">
							<String ID="P2_ST00198" HPOS="1890" VPOS="958" WIDTH="26" HEIGHT="24" CONTENT="of" WC="0.98" CC="01"/>
							<SP ID="P2_SP00158" HPOS="1916" VPOS="982" WIDTH="9"/>
							<String ID="P2_ST00199" HPOS="1925" VPOS="958" WIDTH="95" HEIGHT="30" CONTENT="Carpet," WC="0.95" CC="1110012"/>
							<SP ID="P2_SP00159" HPOS="2020" VPOS="988" WIDTH="11"/>
							<String ID="P2_ST00200" HPOS="2031" VPOS="959" WIDTH="16" HEIGHT="23" CONTENT="2" WC="1.00" CC="0"/>
							<SP ID="P2_SP00160" HPOS="2047" VPOS="988" WIDTH="18"/>
							<String ID="P2_ST00201" HPOS="2065" VPOS="958" WIDTH="79" HEIGHT="25" CONTENT="round" WC="0.94" CC="01111"/>
							<SP ID="P2_SP00161" HPOS="2144" VPOS="988" WIDTH="22"/>
							<String ID="P2_ST00202" HPOS="2166" VPOS="958" WIDTH="96" HEIGHT="28" CONTENT="Tables," WC="0.78" CC="0111256"/>
							<SP ID="P2_SP00162" HPOS="2262" VPOS="988" WIDTH="22"/>
							<String ID="P2_ST00203" HPOS="2284" VPOS="957" WIDTH="129" HEIGHT="31" CONTENT="Crockery-" WC="0.78" CC="111551214"/>
						</TextLine>
						<TextLine ID="P2_TL00039" HPOS="1889" VPOS="995" WIDTH="522" HEIGHT="32">
							<String ID="P2_ST00204" HPOS="1889" VPOS="1004" WIDTH="73" HEIGHT="21" CONTENT="ware," WC="0.77" CC="11505"/>
							<SP ID="P2_SP00163" HPOS="1962" VPOS="1025" WIDTH="11"/>
							<String ID="P2_ST00205" HPOS="1973" VPOS="996" WIDTH="83" HEIGHT="29" CONTENT="Tools," WC="0.92" CC="111112"/>
							<SP ID="P2_SP00164" HPOS="2056" VPOS="1025" WIDTH="10"/>
							<String ID="P2_ST00206" HPOS="2066" VPOS="996" WIDTH="47" HEIGHT="24" CONTENT="and" WC="0.68" CC="441"/>
							<SP ID="P2_SP00165" HPOS="2113" VPOS="1025" WIDTH="22"/>
							<String ID="P2_ST00207" HPOS="2135" VPOS="1004" WIDTH="16" HEIGHT="17" CONTENT="a" WC="0.85" CC="2"/>
							<SP ID="P2_SP00166" HPOS="2151" VPOS="1025" WIDTH="20"/>
							<String ID="P2_ST00208" HPOS="2171" VPOS="996" WIDTH="111" HEIGHT="31" CONTENT="quantity" WC="0.89" CC="03121111"/>
							<SP ID="P2_SP00167" HPOS="2282" VPOS="1027" WIDTH="22"/>
							<String ID="P2_ST00209" HPOS="2304" VPOS="995" WIDTH="28" HEIGHT="25" CONTENT="of" WC="0.94" CC="11"/>
							<SP ID="P2_SP00168" HPOS="2332" VPOS="1027" WIDTH="20"/>
							<String ID="P2_ST00210" HPOS="2352" VPOS="1003" WIDTH="59" HEIGHT="17" CONTENT="sun-" WC="0.91" CC="1121"/>
						</TextLine>
						<TextLine ID="P2_TL00040" HPOS="1889" VPOS="1033" WIDTH="74" HEIGHT="25">
							<String ID="P2_ST00211" HPOS="1889" VPOS="1033" WIDTH="74" HEIGHT="25" CONTENT="dries." WC="0.94" CC="210011"/>
						</TextLine>
						<TextLine ID="P2_TL00041" HPOS="2028" VPOS="1070" WIDTH="351" HEIGHT="29">
							<String ID="P2_ST00212" HPOS="2028" VPOS="1071" WIDTH="24" HEIGHT="25" CONTENT="J." WC="0.94" CC="11"/>
							<SP ID="P2_SP00169" HPOS="2052" VPOS="1096" WIDTH="12"/>
							<String ID="P2_ST00213" HPOS="2064" VPOS="1070" WIDTH="144" HEIGHT="29" CONTENT="INGRAM," WC="0.65" CC="0912192"/>
							<SP ID="P2_SP00170" HPOS="2208" VPOS="1099" WIDTH="16"/>
							<String ID="P2_ST00214" HPOS="2224" VPOS="1070" WIDTH="155" HEIGHT="25" CONTENT="Auctioneer." WC="0.89" CC="03121140011"/>
						</TextLine>
						<TextLine ID="P2_TL00042" HPOS="1920" VPOS="1113" WIDTH="490" HEIGHT="32">
							<String ID="P2_ST00215" HPOS="1920" VPOS="1114" WIDTH="62" HEIGHT="24" CONTENT="N.B." WC="0.94" CC="1111"/>
							<String ID="P2_ST00216" HPOS="1984" VPOS="1129" WIDTH="32" HEIGHT="3" CONTENT="—" WC="1.00" CC="0"/>
							<String ID="P2_ST00217" HPOS="2016" VPOS="1114" WIDTH="31" HEIGHT="24" CONTENT="In" WC="0.98" CC="01"/>
							<SP ID="P2_SP00171" HPOS="2047" VPOS="1138" WIDTH="32"/>
							<String ID="P2_ST00218" HPOS="2079" VPOS="1122" WIDTH="165" HEIGHT="23" CONTENT="conseqnence" WC="0.94" CC="10121010111"/>
							<SP ID="P2_SP00172" HPOS="2244" VPOS="1145" WIDTH="32"/>
							<String ID="P2_ST00219" HPOS="2276" VPOS="1113" WIDTH="28" HEIGHT="25" CONTENT="of" WC="0.83" CC="22"/>
							<SP ID="P2_SP00173" HPOS="2304" VPOS="1145" WIDTH="35"/>
							<String ID="P2_ST00220" HPOS="2339" VPOS="1113" WIDTH="71" HEIGHT="24" CONTENT="there" WC="0.93" CC="11200"/>
						</TextLine>
						<TextLine ID="P2_TL00043" HPOS="1886" VPOS="1148" WIDTH="524" HEIGHT="35">
							<String ID="P2_ST00221" HPOS="1886" VPOS="1152" WIDTH="74" HEIGHT="31" CONTENT="being" WC="0.98" CC="00011"/>
							<SP ID="P2_SP00174" HPOS="1960" VPOS="1183" WIDTH="17"/>
							<String ID="P2_ST00222" HPOS="1977" VPOS="1160" WIDTH="31" HEIGHT="16" CONTENT="no" WC="1.00" CC="00"/>
							<SP ID="P2_SP00175" HPOS="2008" VPOS="1183" WIDTH="19"/>
							<String ID="P2_ST00223" HPOS="2027" VPOS="1152" WIDTH="118" HEIGHT="23" CONTENT="furniture" WC="0.94" CC="111100110"/>
							<SP ID="P2_SP00176" HPOS="2145" VPOS="1183" WIDTH="21"/>
							<String ID="P2_ST00224" HPOS="2166" VPOS="1151" WIDTH="61" HEIGHT="31" CONTENT="shop" WC="0.93" CC="2011"/>
							<SP ID="P2_SP00177" HPOS="2227" VPOS="1183" WIDTH="19"/>
							<String ID="P2_ST00225" HPOS="2246" VPOS="1151" WIDTH="28" HEIGHT="23" CONTENT="m" WC="0.89" CC="1"/>
							<SP ID="P2_SP00178" HPOS="2274" VPOS="1183" WIDTH="21"/>
							<String ID="P2_ST00226" HPOS="2295" VPOS="1150" WIDTH="44" HEIGHT="24" CONTENT="the" WC="0.96" CC="010"/>
							<SP ID="P2_SP00179" HPOS="2339" VPOS="1183" WIDTH="20"/>
							<String ID="P2_ST00227" HPOS="2359" VPOS="1148" WIDTH="51" HEIGHT="25" CONTENT="dis-" WC="0.91" CC="1201"/>
						</TextLine>
						<TextLine ID="P2_TL00044" HPOS="1887" VPOS="1187" WIDTH="526" HEIGHT="32">
							<String ID="P2_ST00228" HPOS="1887" VPOS="1190" WIDTH="64" HEIGHT="28" CONTENT="trict," WC="0.95" CC="010120"/>
							<SP ID="P2_SP00180" HPOS="1951" VPOS="1218" WIDTH="12"/>
							<String ID="P2_ST00229" HPOS="1963" VPOS="1189" WIDTH="40" HEIGHT="24" CONTENT="Mr" WC="0.96" CC="01"/>
							<SP ID="P2_SP00181" HPOS="2003" VPOS="1218" WIDTH="10"/>
							<String ID="P2_ST00230" HPOS="2013" VPOS="1188" WIDTH="98" HEIGHT="31" CONTENT="Ingram" WC="0.95" CC="010011"/>
							<SP ID="P2_SP00182" HPOS="2111" VPOS="1219" WIDTH="12"/>
							<String ID="P2_ST00231" HPOS="2123" VPOS="1188" WIDTH="49" HEIGHT="24" CONTENT="will" WC="0.96" CC="1101"/>
							<SP ID="P2_SP00183" HPOS="2172" VPOS="1219" WIDTH="18"/>
							<String ID="P2_ST00232" HPOS="2190" VPOS="1188" WIDTH="62" HEIGHT="24" CONTENT="after" WC="0.95" CC="10011"/>
							<SP ID="P2_SP00184" HPOS="2252" VPOS="1219" WIDTH="20"/>
							<String ID="P2_ST00233" HPOS="2272" VPOS="1187" WIDTH="45" HEIGHT="24" CONTENT="the" WC="0.97" CC="011"/>
							<SP ID="P2_SP00185" HPOS="2317" VPOS="1219" WIDTH="21"/>
							<String ID="P2_ST00234" HPOS="2338" VPOS="1188" WIDTH="75" HEIGHT="23" CONTENT="above" WC="0.93" CC="21011"/>
						</TextLine>
						<TextLine ID="P2_TL00045" HPOS="1886" VPOS="1224" WIDTH="526" HEIGHT="32">
							<String ID="P2_ST00235" HPOS="1886" VPOS="1227" WIDTH="63" HEIGHT="27" CONTENT="date," WC="0.95" CC="11100"/>
							<SP ID="P2_SP00186" HPOS="1949" VPOS="1254" WIDTH="14"/>
							<String ID="P2_ST00236" HPOS="1963" VPOS="1226" WIDTH="57" HEIGHT="30" CONTENT="keep" WC="0.92" CC="1121"/>
							<SP ID="P2_SP00187" HPOS="2020" VPOS="1256" WIDTH="12"/>
							<String ID="P2_ST00237" HPOS="2032" VPOS="1233" WIDTH="14" HEIGHT="16" CONTENT="a" WC="0.96" CC="1"/>
							<SP ID="P2_SP00188" HPOS="2046" VPOS="1256" WIDTH="19"/>
							<String ID="P2_ST00238" HPOS="2065" VPOS="1225" WIDTH="68" HEIGHT="24" CONTENT="stock" WC="0.97" CC="11010"/>
							<SP ID="P2_SP00189" HPOS="2133" VPOS="1256" WIDTH="21"/>
							<String ID="P2_ST00239" HPOS="2154" VPOS="1225" WIDTH="28" HEIGHT="24" CONTENT="of" WC="0.98" CC="01"/>
							<SP ID="P2_SP00190" HPOS="2182" VPOS="1256" WIDTH="19"/>
							<String ID="P2_ST00240" HPOS="2201" VPOS="1225" WIDTH="68" HEIGHT="30" CONTENT="plain" WC="0.94" CC="11102"/>
							<SP ID="P2_SP00191" HPOS="2269" VPOS="1256" WIDTH="22"/>
							<String ID="P2_ST00241" HPOS="2291" VPOS="1224" WIDTH="121" HEIGHT="23" CONTENT="furniture" WC="0.84" CC="912100101"/>
						</TextLine>
						<TextLine ID="P2_TL00046" HPOS="1887" VPOS="1262" WIDTH="348" HEIGHT="32">
							<String ID="P2_ST00242" HPOS="1887" VPOS="1263" WIDTH="38" HEIGHT="24" CONTENT="for" WC="0.94" CC="101"/>
							<SP ID="P2_SP00192" HPOS="1925" VPOS="1287" WIDTH="10"/>
							<String ID="P2_ST00243" HPOS="1935" VPOS="1263" WIDTH="50" HEIGHT="24" CONTENT="sale" WC="0.95" CC="1100"/>
							<SP ID="P2_SP00193" HPOS="1985" VPOS="1287" WIDTH="12"/>
							<String ID="P2_ST00244" HPOS="1997" VPOS="1262" WIDTH="31" HEIGHT="32" CONTENT="by" WC="0.98" CC="01"/>
							<SP ID="P2_SP00194" HPOS="2028" VPOS="1294" WIDTH="11"/>
							<String ID="P2_ST00245" HPOS="2039" VPOS="1262" WIDTH="91" HEIGHT="31" CONTENT="private" WC="0.82" CC="0119100"/>
							<SP ID="P2_SP00195" HPOS="2130" VPOS="1294" WIDTH="18"/>
							<String ID="P2_ST00246" HPOS="2148" VPOS="1263" WIDTH="87" HEIGHT="30" CONTENT="treaty." WC="0.92" CC="0101411"/>
						</TextLine>
						<TextLine ID="P2_TL00047" HPOS="1981" VPOS="1350" WIDTH="335" HEIGHT="56">
							<String ID="P2_ST00247" HPOS="1981" VPOS="1350" WIDTH="335" HEIGHT="56" CONTENT="NOTICE." WC="0.93" CC="3000111" STYLEREFS="TXT_6"/>
						</TextLine>
						<TextLine ID="P2_TL00048" HPOS="2215" VPOS="1457" WIDTH="50" HEIGHT="25">
							<String ID="P2_ST00248" HPOS="2215" VPOS="1457" WIDTH="50" HEIGHT="25" CONTENT="■'^..." WC="0.75" CC="139011" STYLEREFS="TXT_7"/>
						</TextLine>
						<TextLine ID="P2_TL00049" HPOS="1919" VPOS="1498" WIDTH="493" HEIGHT="31">
							<String ID="P2_ST00249" HPOS="1919" VPOS="1501" WIDTH="72" HEIGHT="24" CONTENT="THE" WC="0.99" CC="100"/>
							<SP ID="P2_SP00196" HPOS="1991" VPOS="1525" WIDTH="17"/>
							<String ID="P2_ST00250" HPOS="2008" VPOS="1499" WIDTH="129" HEIGHT="27" CONTENT="Cocksfoot" WC="0.95" CC="101111001"/>
							<SP ID="P2_SP00197" HPOS="2137" VPOS="1526" WIDTH="16"/>
							<String ID="P2_ST00251" HPOS="2153" VPOS="1506" WIDTH="30" HEIGHT="18" CONTENT="on" WC="0.96" CC="11"/>
							<SP ID="P2_SP00198" HPOS="2183" VPOS="1526" WIDTH="23"/>
							<String ID="P2_ST00252" HPOS="2206" VPOS="1506" WIDTH="43" HEIGHT="23" CONTENT="my" WC="0.96" CC="11"/>
							<SP ID="P2_SP00199" HPOS="2249" VPOS="1529" WIDTH="34"/>
							<String ID="P2_ST00253" HPOS="2283" VPOS="1498" WIDTH="70" HEIGHT="24" CONTENT="Land" WC="0.74" CC="0217"/>
							<SP ID="P2_SP00200" HPOS="2353" VPOS="1529" WIDTH="33"/>
							<String ID="P2_ST00254" HPOS="2386" VPOS="1500" WIDTH="26" HEIGHT="24" CONTENT="at" WC="0.89" CC="12"/>
						</TextLine>
						<TextLine ID="P2_TL00050" HPOS="1886" VPOS="1537" WIDTH="525" HEIGHT="32">
							<String ID="P2_ST00255" HPOS="1886" VPOS="1540" WIDTH="67" HEIGHT="25" CONTENT="View" WC="0.98" CC="0001"/>
							<SP ID="P2_SP00201" HPOS="1953" VPOS="1565" WIDTH="17"/>
							<String ID="P2_ST00256" HPOS="1970" VPOS="1539" WIDTH="64" HEIGHT="28" CONTENT="Hill," WC="0.96" CC="11111"/>
							<SP ID="P2_SP00202" HPOS="2034" VPOS="1567" WIDTH="10"/>
							<String ID="P2_ST00257" HPOS="2044" VPOS="1539" WIDTH="23" HEIGHT="25" CONTENT="is" WC="0.83" CC="13"/>
							<SP ID="P2_SP00203" HPOS="2067" VPOS="1567" WIDTH="10"/>
							<String ID="P2_ST00258" HPOS="2077" VPOS="1541" WIDTH="27" HEIGHT="23" CONTENT="to" WC="1.00" CC="00"/>
							<SP ID="P2_SP00204" HPOS="2104" VPOS="1567" WIDTH="10"/>
							<String ID="P2_ST00259" HPOS="2114" VPOS="1538" WIDTH="37" HEIGHT="25" CONTENT="let" WC="0.91" CC="003"/>
							<SP ID="P2_SP00205" HPOS="2151" VPOS="1567" WIDTH="8"/>
							<String ID="P2_ST00260" HPOS="2159" VPOS="1538" WIDTH="39" HEIGHT="24" CONTENT="for" WC="0.91" CC="102"/>
							<SP ID="P2_SP00206" HPOS="2198" VPOS="1567" WIDTH="10"/>
							<String ID="P2_ST00261" HPOS="2208" VPOS="1538" WIDTH="98" HEIGHT="31" CONTENT="cutting" WC="0.91" CC="1312010"/>
							<SP ID="P2_SP00207" HPOS="2306" VPOS="1569" WIDTH="9"/>
							<String ID="P2_ST00262" HPOS="2315" VPOS="1545" WIDTH="34" HEIGHT="17" CONTENT="on" WC="0.83" CC="03"/>
							<SP ID="P2_SP00208" HPOS="2349" VPOS="1569" WIDTH="21"/>
							<String ID="P2_ST00263" HPOS="2370" VPOS="1537" WIDTH="41" HEIGHT="25" CONTENT="the" WC="0.85" CC="311"/>
						</TextLine>
						<TextLine ID="P2_TL00051" HPOS="1887" VPOS="1579" WIDTH="166" HEIGHT="24">
							<String ID="P2_ST00264" HPOS="1887" VPOS="1579" WIDTH="71" HEIGHT="24" CONTENT="usual" WC="0.81" CC="18110"/>
							<SP ID="P2_SP00209" HPOS="1958" VPOS="1603" WIDTH="10"/>
							<String ID="P2_ST00265" HPOS="1968" VPOS="1581" WIDTH="85" HEIGHT="22" CONTENT="terms." WC="0.96" CC="101110"/>
						</TextLine>
						<TextLine ID="P2_TL00052" HPOS="2001" VPOS="1618" WIDTH="249" HEIGHT="28">
							<String ID="P2_ST00266" HPOS="2001" VPOS="1620" WIDTH="89" HEIGHT="26" CONTENT="JOHN" WC="1.00" CC="0000"/>
							<SP ID="P2_SP00210" HPOS="2090" VPOS="1646" WIDTH="17"/>
							<String ID="P2_ST00267" HPOS="2107" VPOS="1618" WIDTH="143" HEIGHT="26" CONTENT="INGRAM." WC="0.94" CC="0111111"/>
						</TextLine>
						<TextLine ID="P2_TL00053" HPOS="1947" VPOS="1730" WIDTH="403" HEIGHT="39">
							<String ID="P2_ST00268" HPOS="1947" VPOS="1731" WIDTH="230" HEIGHT="38" CONTENT="TERMINUS" WC="0.96" CC="10120001" STYLEREFS="TXT_4"/>
							<SP ID="P2_SP00211" HPOS="2177" VPOS="1769" WIDTH="27"/>
							<String ID="P2_ST00269" HPOS="2204" VPOS="1730" WIDTH="146" HEIGHT="39" CONTENT="HOTEL-" WC="0.88" CC="200104" STYLEREFS="TXT_4"/>
						</TextLine>
						<TextLine ID="P2_TL00054" HPOS="2017" VPOS="1777" WIDTH="265" HEIGHT="26">
							<String ID="P2_ST00270" HPOS="2017" VPOS="1778" WIDTH="94" HEIGHT="25" CONTENT="WEriT" WC="0.61" CC="10990"/>
							<SP ID="P2_SP00212" HPOS="2111" VPOS="1803" WIDTH="25"/>
							<String ID="P2_ST00271" HPOS="2136" VPOS="1777" WIDTH="146" HEIGHT="26" CONTENT="OXFORD." WC="0.86" CC="2100251"/>
						</TextLine>
						<TextLine ID="P2_TL00055" HPOS="1918" VPOS="1842" WIDTH="495" HEIGHT="31">
							<String ID="P2_ST00272" HPOS="1918" VPOS="1842" WIDTH="107" HEIGHT="25" CONTENT="MRSJ." WC="0.92" CC="11111"/>
							<SP ID="P2_SP00213" HPOS="2025" VPOS="1867" WIDTH="18"/>
							<String ID="P2_ST00273" HPOS="2043" VPOS="1842" WIDTH="135" HEIGHT="25" CONTENT="BATLEY" WC="0.94" CC="000121"/>
							<SP ID="P2_SP00214" HPOS="2178" VPOS="1867" WIDTH="23"/>
							<String ID="P2_ST00274" HPOS="2201" VPOS="1842" WIDTH="93" HEIGHT="31" CONTENT="having" WC="0.88" CC="211122"/>
							<SP ID="P2_SP00215" HPOS="2294" VPOS="1873" WIDTH="20"/>
							<String ID="P2_ST00275" HPOS="2314" VPOS="1843" WIDTH="99" HEIGHT="24" CONTENT="secured" WC="0.85" CC="2114112"/>
						</TextLine>
						<TextLine ID="P2_TL00056" HPOS="1885" VPOS="1880" WIDTH="526" HEIGHT="25">
							<String ID="P2_ST00276" HPOS="1885" VPOS="1880" WIDTH="43" HEIGHT="24" CONTENT="the" WC="0.99" CC="100"/>
							<SP ID="P2_SP00216" HPOS="1928" VPOS="1904" WIDTH="10"/>
							<String ID="P2_ST00277" HPOS="1938" VPOS="1882" WIDTH="65" HEIGHT="23" CONTENT="lease" WC="0.96" CC="10110"/>
							<SP ID="P2_SP00217" HPOS="2003" VPOS="1905" WIDTH="12"/>
							<String ID="P2_ST00278" HPOS="2015" VPOS="1880" WIDTH="24" HEIGHT="24" CONTENT="of" WC="0.78" CC="04"/>
							<SP ID="P2_SP00218" HPOS="2039" VPOS="1905" WIDTH="9"/>
							<String ID="P2_ST00279" HPOS="2048" VPOS="1880" WIDTH="42" HEIGHT="23" CONTENT="the" WC="0.99" CC="100"/>
							<SP ID="P2_SP00219" HPOS="2090" VPOS="1905" WIDTH="10"/>
							<String ID="P2_ST00280" HPOS="2100" VPOS="1880" WIDTH="127" HEIGHT="23" CONTENT="Terminus" WC="0.92" CC="10130121"/>
							<SP ID="P2_SP00220" HPOS="2227" VPOS="1905" WIDTH="11"/>
							<String ID="P2_ST00281" HPOS="2238" VPOS="1880" WIDTH="75" HEIGHT="24" CONTENT="Hotel" WC="0.87" CC="10123"/>
							<SP ID="P2_SP00221" HPOS="2313" VPOS="1905" WIDTH="19"/>
							<String ID="P2_ST00282" HPOS="2332" VPOS="1882" WIDTH="79" HEIGHT="23" CONTENT="trusts" WC="0.80" CC="107311"/>
						</TextLine>
						<TextLine ID="P2_TL00057" HPOS="1886" VPOS="1917" WIDTH="527" HEIGHT="32">
							<String ID="P2_ST00283" HPOS="1886" VPOS="1918" WIDTH="32" HEIGHT="31" CONTENT="by" WC="0.96" CC="01"/>
							<SP ID="P2_SP00222" HPOS="1918" VPOS="1949" WIDTH="22"/>
							<String ID="P2_ST00284" HPOS="1940" VPOS="1917" WIDTH="92" HEIGHT="24" CONTENT="careful" WC="0.97" CC="1100011"/>
							<SP ID="P2_SP00223" HPOS="2032" VPOS="1949" WIDTH="21"/>
							<String ID="P2_ST00285" HPOS="2053" VPOS="1917" WIDTH="122" HEIGHT="24" CONTENT="attention" WC="0.92" CC="110131102"/>
							<SP ID="P2_SP00224" HPOS="2175" VPOS="1949" WIDTH="17"/>
							<String ID="P2_ST00286" HPOS="2192" VPOS="1920" WIDTH="28" HEIGHT="21" CONTENT="to" WC="1.00" CC="00"/>
							<SP ID="P2_SP00225" HPOS="2220" VPOS="1949" WIDTH="17"/>
							<String ID="P2_ST00287" HPOS="2237" VPOS="1917" WIDTH="37" HEIGHT="24" CONTENT="thi" WC="0.93" CC="012"/>
							<SP ID="P2_SP00226" HPOS="2274" VPOS="1949" WIDTH="34"/>
							<String ID="P2_ST00288" HPOS="2308" VPOS="1918" WIDTH="105" HEIGHT="30" CONTENT="require-" WC="0.90" CC="31221101"/>
						</TextLine>
						<TextLine ID="P2_TL00058" HPOS="1886" VPOS="1956" WIDTH="526" HEIGHT="25">
							<String ID="P2_ST00289" HPOS="1886" VPOS="1958" WIDTH="79" HEIGHT="23" CONTENT="ments" WC="0.92" CC="00221"/>
							<SP ID="P2_SP00227" HPOS="1965" VPOS="1981" WIDTH="10"/>
							<String ID="P2_ST00290" HPOS="1975" VPOS="1956" WIDTH="27" HEIGHT="24" CONTENT="of" WC="0.89" CC="11"/>
							<SP ID="P2_SP00228" HPOS="2002" VPOS="1981" WIDTH="9"/>
							<String ID="P2_ST00291" HPOS="2011" VPOS="1957" WIDTH="44" HEIGHT="23" CONTENT="her" WC="0.97" CC="100"/>
							<SP ID="P2_SP00229" HPOS="2055" VPOS="1981" WIDTH="10"/>
							<String ID="P2_ST00292" HPOS="2065" VPOS="1960" WIDTH="136" HEIGHT="20" CONTENT="customers" WC="0.94" CC="011001202"/>
							<SP ID="P2_SP00230" HPOS="2201" VPOS="1981" WIDTH="14"/>
							<String ID="P2_ST00293" HPOS="2215" VPOS="1959" WIDTH="28" HEIGHT="21" CONTENT="to" WC="0.96" CC="10"/>
							<SP ID="P2_SP00231" HPOS="2243" VPOS="1981" WIDTH="21"/>
							<String ID="P2_ST00294" HPOS="2264" VPOS="1964" WIDTH="82" HEIGHT="16" CONTENT="secure" WC="0.94" CC="120111"/>
							<SP ID="P2_SP00232" HPOS="2346" VPOS="1981" WIDTH="20"/>
							<String ID="P2_ST00295" HPOS="2366" VPOS="1956" WIDTH="46" HEIGHT="24" CONTENT="the" WC="0.77" CC="700"/>
						</TextLine>
						<TextLine ID="P2_TL00059" HPOS="1887" VPOS="1992" WIDTH="524" HEIGHT="33">
							<String ID="P2_ST00296" HPOS="1887" VPOS="2001" WIDTH="68" HEIGHT="17" CONTENT="same" WC="0.90" CC="1121"/>
							<SP ID="P2_SP00233" HPOS="1955" VPOS="2018" WIDTH="22"/>
							<String ID="P2_ST00297" HPOS="1977" VPOS="1993" WIDTH="59" HEIGHT="24" CONTENT="kind" WC="0.94" CC="1111"/>
							<SP ID="P2_SP00234" HPOS="2036" VPOS="2018" WIDTH="21"/>
							<String ID="P2_ST00298" HPOS="2057" VPOS="1995" WIDTH="134" HEIGHT="30" CONTENT="patronage" WC="0.91" CC="111114101"/>
							<SP ID="P2_SP00235" HPOS="2191" VPOS="2025" WIDTH="21"/>
							<String ID="P2_ST00299" HPOS="2212" VPOS="1992" WIDTH="55" HEIGHT="25" CONTENT="that" WC="0.93" CC="1111"/>
							<SP ID="P2_SP00236" HPOS="2267" VPOS="2025" WIDTH="21"/>
							<String ID="P2_ST00300" HPOS="2288" VPOS="2001" WIDTH="52" HEIGHT="17" CONTENT="was" WC="0.91" CC="111"/>
							<SP ID="P2_SP00237" HPOS="2340" VPOS="2025" WIDTH="28"/>
							<String ID="P2_ST00301" HPOS="2368" VPOS="2001" WIDTH="43" HEIGHT="16" CONTENT="en-" WC="0.81" CC="231"/>
						</TextLine>
						<TextLine ID="P2_TL00060" HPOS="1883" VPOS="2032" WIDTH="349" HEIGHT="32">
							<String ID="P2_ST00302" HPOS="1883" VPOS="2032" WIDTH="71" HEIGHT="32" CONTENT="joyed" WC="0.92" CC="21111"/>
							<SP ID="P2_SP00238" HPOS="1954" VPOS="2064" WIDTH="8"/>
							<String ID="P2_ST00303" HPOS="1962" VPOS="2032" WIDTH="29" HEIGHT="31" CONTENT="by" WC="0.96" CC="10"/>
							<SP ID="P2_SP00239" HPOS="1991" VPOS="2064" WIDTH="12"/>
							<String ID="P2_ST00304" HPOS="2003" VPOS="2032" WIDTH="44" HEIGHT="24" CONTENT="her" WC="0.95" CC="111"/>
							<SP ID="P2_SP00240" HPOS="2047" VPOS="2064" WIDTH="10"/>
							<String ID="P2_ST00305" HPOS="2057" VPOS="2032" WIDTH="175" HEIGHT="31" CONTENT="predecessors." WC="0.78" CC="1072112510190"/>
						</TextLine>
						<TextLine ID="P2_TL00061" HPOS="1919" VPOS="2067" WIDTH="493" HEIGHT="27">
							<String ID="P2_ST00306" HPOS="1919" VPOS="2068" WIDTH="105" HEIGHT="26" CONTENT="Visitors" WC="0.94" CC="11201102"/>
							<SP ID="P2_SP00241" HPOS="2024" VPOS="2094" WIDTH="32"/>
							<String ID="P2_ST00307" HPOS="2056" VPOS="2068" WIDTH="62" HEIGHT="25" CONTENT="from" WC="0.89" CC="1122"/>
							<SP ID="P2_SP00242" HPOS="2118" VPOS="2094" WIDTH="33"/>
							<String ID="P2_ST00308" HPOS="2151" VPOS="2067" WIDTH="176" HEIGHT="26" CONTENT="Christcburch" WC="0.89" CC="010110211125"/>
							<SP ID="P2_SP00243" HPOS="2327" VPOS="2094" WIDTH="35"/>
							<String ID="P2_ST00309" HPOS="2362" VPOS="2068" WIDTH="50" HEIGHT="25" CONTENT="and" WC="0.86" CC="122"/>
						</TextLine>
						<TextLine ID="P2_TL00062" HPOS="1887" VPOS="2106" WIDTH="525" HEIGHT="30">
							<String ID="P2_ST00310" HPOS="1887" VPOS="2107" WIDTH="123" HEIGHT="29" CONTENT="Rsngiora" WC="0.88" CC="23211012"/>
							<SP ID="P2_SP00244" HPOS="2010" VPOS="2136" WIDTH="11"/>
							<String ID="P2_ST00311" HPOS="2021" VPOS="2107" WIDTH="50" HEIGHT="22" CONTENT="will" WC="0.90" CC="1211"/>
							<SP ID="P2_SP00245" HPOS="2071" VPOS="2136" WIDTH="11"/>
							<String ID="P2_ST00312" HPOS="2082" VPOS="2107" WIDTH="124" HEIGHT="29" CONTENT="recognise" WC="0.93" CC="011012211"/>
							<SP ID="P2_SP00246" HPOS="2206" VPOS="2136" WIDTH="20"/>
							<String ID="P2_ST00313" HPOS="2226" VPOS="2107" WIDTH="26" HEIGHT="22" CONTENT="m" WC="0.87" CC="2"/>
							<SP ID="P2_SP00247" HPOS="2252" VPOS="2136" WIDTH="22"/>
							<String ID="P2_ST00314" HPOS="2274" VPOS="2106" WIDTH="51" HEIGHT="24" CONTENT="Mrs" WC="0.93" CC="011"/>
							<SP ID="P2_SP00248" HPOS="2325" VPOS="2136" WIDTH="23"/>
							<String ID="P2_ST00315" HPOS="2348" VPOS="2106" WIDTH="64" HEIGHT="23" CONTENT="Bat-" WC="0.93" CC="1201"/>
						</TextLine>
						<TextLine ID="P2_TL00063" HPOS="1886" VPOS="2143" WIDTH="527" HEIGHT="31">
							<String ID="P2_ST00316" HPOS="1886" VPOS="2145" WIDTH="40" HEIGHT="29" CONTENT="ley" WC="0.97" CC="100"/>
							<SP ID="P2_SP00249" HPOS="1926" VPOS="2174" WIDTH="11"/>
							<String ID="P2_ST00317" HPOS="1937" VPOS="2151" WIDTH="31" HEIGHT="17" CONTENT="an" WC="0.80" CC="13"/>
							<SP ID="P2_SP00250" HPOS="1968" VPOS="2174" WIDTH="12"/>
							<String ID="P2_ST00318" HPOS="1980" VPOS="2143" WIDTH="38" HEIGHT="25" CONTENT="old" WC="0.89" CC="003"/>
							<SP ID="P2_SP00251" HPOS="2018" VPOS="2174" WIDTH="12"/>
							<String ID="P2_ST00319" HPOS="2030" VPOS="2143" WIDTH="80" HEIGHT="24" CONTENT="friend" WC="0.95" CC="100021"/>
							<SP ID="P2_SP00252" HPOS="2110" VPOS="2174" WIDTH="11"/>
							<String ID="P2_ST00320" HPOS="2121" VPOS="2143" WIDTH="56" HEIGHT="24" CONTENT="who" WC="0.95" CC="111"/>
							<SP ID="P2_SP00253" HPOS="2177" VPOS="2174" WIDTH="9"/>
							<String ID="P2_ST00321" HPOS="2186" VPOS="2143" WIDTH="52" HEIGHT="24" CONTENT="will" WC="0.97" CC="0110"/>
							<SP ID="P2_SP00254" HPOS="2238" VPOS="2174" WIDTH="9"/>
							<String ID="P2_ST00322" HPOS="2247" VPOS="2150" WIDTH="71" HEIGHT="24" CONTENT="spare" WC="0.90" CC="31111"/>
							<SP ID="P2_SP00255" HPOS="2318" VPOS="2174" WIDTH="9"/>
							<String ID="P2_ST00323" HPOS="2327" VPOS="2150" WIDTH="36" HEIGHT="16" CONTENT="no" WC="0.89" CC="21"/>
							<SP ID="P2_SP00256" HPOS="2363" VPOS="2174" WIDTH="14"/>
							<String ID="P2_ST00324" HPOS="2377" VPOS="2143" WIDTH="36" HEIGHT="23" CONTENT="ef-" WC="0.91" CC="111"/>
						</TextLine>
						<TextLine ID="P2_TL00064" HPOS="1885" VPOS="2180" WIDTH="494" HEIGHT="31">
							<String ID="P2_ST00325" HPOS="1885" VPOS="2181" WIDTH="62" HEIGHT="25" CONTENT="forts" WC="0.77" CC="10191"/>
							<SP ID="P2_SP00257" HPOS="1947" VPOS="2206" WIDTH="11"/>
							<String ID="P2_ST00326" HPOS="1958" VPOS="2180" WIDTH="28" HEIGHT="26" CONTENT="m" WC="0.78" CC="0"/>
							<SP ID="P2_SP00258" HPOS="1986" VPOS="2206" WIDTH="11"/>
							<String ID="P2_ST00327" HPOS="1997" VPOS="2180" WIDTH="136" HEIGHT="31" CONTENT="conducing" WC="0.94" CC="002111111"/>
							<SP ID="P2_SP00259" HPOS="2133" VPOS="2211" WIDTH="11"/>
							<String ID="P2_ST00328" HPOS="2144" VPOS="2181" WIDTH="25" HEIGHT="24" CONTENT="to" WC="0.94" CC="10"/>
							<SP ID="P2_SP00260" HPOS="2169" VPOS="2211" WIDTH="11"/>
							<String ID="P2_ST00329" HPOS="2180" VPOS="2180" WIDTH="63" HEIGHT="25" CONTENT="their" WC="0.95" CC="01111"/>
							<SP ID="P2_SP00261" HPOS="2243" VPOS="2211" WIDTH="21"/>
							<String ID="P2_ST00330" HPOS="2264" VPOS="2180" WIDTH="115" HEIGHT="24" CONTENT="comfort." WC="0.96" CC="10111011"/>
						</TextLine>
						<TextLine ID="P2_TL00065" HPOS="1986" VPOS="2296" WIDTH="325" HEIGHT="54">
							<String ID="P2_ST00331" HPOS="1986" VPOS="2296" WIDTH="325" HEIGHT="54" CONTENT="TENDERS." WC="0.79" CC="40900111" STYLEREFS="TXT_8"/>
						</TextLine>
						<TextLine ID="P2_TL00066" HPOS="1885" VPOS="2419" WIDTH="524" HEIGHT="27">
							<String ID="P2_ST00332" HPOS="1885" VPOS="2419" WIDTH="165" HEIGHT="25" CONTENT="-TENDERS" WC="0.75" CC="29010421"/>
							<SP ID="P2_SP00262" HPOS="2050" VPOS="2444" WIDTH="17"/>
							<String ID="P2_ST00333" HPOS="2067" VPOS="2426" WIDTH="41" HEIGHT="18" CONTENT="are" WC="0.94" CC="111"/>
							<SP ID="P2_SP00263" HPOS="2108" VPOS="2444" WIDTH="10"/>
							<String ID="P2_ST00334" HPOS="2118" VPOS="2419" WIDTH="92" HEIGHT="26" CONTENT="invited" WC="0.89" CC="2122111"/>
							<SP ID="P2_SP00264" HPOS="2210" VPOS="2445" WIDTH="18"/>
							<String ID="P2_ST00335" HPOS="2228" VPOS="2419" WIDTH="39" HEIGHT="25" CONTENT="for" WC="0.75" CC="224"/>
							<SP ID="P2_SP00265" HPOS="2267" VPOS="2445" WIDTH="16"/>
							<String ID="P2_ST00336" HPOS="2283" VPOS="2420" WIDTH="42" HEIGHT="24" CONTENT="the" WC="0.86" CC="121"/>
							<SP ID="P2_SP00266" HPOS="2325" VPOS="2445" WIDTH="21"/>
							<String ID="P2_ST00337" HPOS="2346" VPOS="2428" WIDTH="63" HEIGHT="18" CONTENT="ereo*" WC="0.82" CC="00117"/>
						</TextLine>
						<TextLine ID="P2_TL00067" HPOS="1890" VPOS="2445" WIDTH="520" HEIGHT="40">
							<String ID="P2_ST00338" HPOS="1890" VPOS="2445" WIDTH="20" HEIGHT="32" CONTENT="X" WC="0.70" CC="3"/>
							<SP ID="P2_SP00267" HPOS="1910" VPOS="2477" WIDTH="37"/>
							<String ID="P2_ST00339" HPOS="1947" VPOS="2452" WIDTH="52" HEIGHT="25" CONTENT="ticvn" WC="0.90" CC="01023"/>
							<SP ID="P2_SP00268" HPOS="1999" VPOS="2477" WIDTH="11"/>
							<String ID="P2_ST00340" HPOS="2010" VPOS="2451" WIDTH="26" HEIGHT="25" CONTENT="of" WC="1.00" CC="00"/>
							<SP ID="P2_SP00269" HPOS="2036" VPOS="2477" WIDTH="9"/>
							<String ID="P2_ST00341" HPOS="2045" VPOS="2451" WIDTH="73" HEIGHT="26" CONTENT="about" WC="0.81" CC="11071"/>
							<SP ID="P2_SP00270" HPOS="2118" VPOS="2477" WIDTH="12"/>
							<String ID="P2_ST00342" HPOS="2130" VPOS="2452" WIDTH="31" HEIGHT="33" CONTENT="l^" WC="0.44" CC="19"/>
							<SP ID="P2_SP00271" HPOS="2161" VPOS="2485" WIDTH="11"/>
							<String ID="P2_ST00343" HPOS="2172" VPOS="2452" WIDTH="73" HEIGHT="25" CONTENT="miles" WC="0.76" CC="42214"/>
							<SP ID="P2_SP00272" HPOS="2245" VPOS="2485" WIDTH="21"/>
							<String ID="P2_ST00344" HPOS="2266" VPOS="2452" WIDTH="26" HEIGHT="25" CONTENT="of" WC="0.83" CC="22"/>
							<SP ID="P2_SP00273" HPOS="2292" VPOS="2485" WIDTH="19"/>
							<String ID="P2_ST00345" HPOS="2311" VPOS="2453" WIDTH="99" HEIGHT="31" CONTENT="fencing" WC="0.86" CC="1113041"/>
						</TextLine>
						<TextLine ID="P2_TL00068" HPOS="1883" VPOS="2489" WIDTH="525" HEIGHT="30">
							<String ID="P2_ST00346" HPOS="1883" VPOS="2491" WIDTH="26" HEIGHT="24" CONTENT="at" WC="0.76" CC="14"/>
							<SP ID="P2_SP00274" HPOS="1909" VPOS="2515" WIDTH="11"/>
							<String ID="P2_ST00347" HPOS="1920" VPOS="2489" WIDTH="67" HEIGHT="26" CONTENT="View" WC="0.93" CC="1201"/>
							<SP ID="P2_SP00275" HPOS="1987" VPOS="2515" WIDTH="12"/>
							<String ID="P2_ST00348" HPOS="1999" VPOS="2489" WIDTH="64" HEIGHT="30" CONTENT="Hill," WC="0.87" CC="11104"/>
							<SP ID="P2_SP00276" HPOS="2063" VPOS="2519" WIDTH="10"/>
							<String ID="P2_ST00349" HPOS="2073" VPOS="2489" WIDTH="64" HEIGHT="26" CONTENT="from" WC="0.80" CC="3213"/>
							<SP ID="P2_SP00277" HPOS="2137" VPOS="2519" WIDTH="13"/>
							<String ID="P2_ST00350" HPOS="2150" VPOS="2489" WIDTH="42" HEIGHT="26" CONTENT="the" WC="0.95" CC="111"/>
							<SP ID="P2_SP00278" HPOS="2192" VPOS="2519" WIDTH="11"/>
							<String ID="P2_ST00351" HPOS="2203" VPOS="2490" WIDTH="47" HEIGHT="25" CONTENT="eiid" WC="0.80" CC="1152"/>
							<SP ID="P2_SP00279" HPOS="2250" VPOS="2519" WIDTH="11"/>
							<String ID="P2_ST00352" HPOS="2261" VPOS="2490" WIDTH="26" HEIGHT="25" CONTENT="of" WC="0.98" CC="01"/>
							<SP ID="P2_SP00280" HPOS="2287" VPOS="2519" WIDTH="19"/>
							<String ID="P2_ST00353" HPOS="2306" VPOS="2490" WIDTH="39" HEIGHT="25" CONTENT="Mr" WC="0.96" CC="10"/>
							<SP ID="P2_SP00281" HPOS="2345" VPOS="2519" WIDTH="21"/>
							<String ID="P2_ST00354" HPOS="2366" VPOS="2490" WIDTH="42" HEIGHT="25" CONTENT="In-" WC="0.84" CC="123"/>
						</TextLine>
						<TextLine ID="P2_TL00069" HPOS="1883" VPOS="2526" WIDTH="527" HEIGHT="31">
							<String ID="P2_ST00355" HPOS="1883" VPOS="2535" WIDTH="71" HEIGHT="22" CONTENT="gram" WC="0.81" CC="2311"/>
							<SP ID="P2_SP00282" HPOS="1954" VPOS="2557" WIDTH="11"/>
							<String ID="P2_ST00356" HPOS="1965" VPOS="2535" WIDTH="13" HEIGHT="15" CONTENT="s" WC="0.85" CC="2"/>
							<SP ID="P2_SP00283" HPOS="1978" VPOS="2557" WIDTH="9"/>
							<String ID="P2_ST00357" HPOS="1987" VPOS="2526" WIDTH="77" HEIGHT="28" CONTENT="fence," WC="0.86" CC="212401"/>
							<SP ID="P2_SP00284" HPOS="2064" VPOS="2557" WIDTH="12"/>
							<String ID="P2_ST00358" HPOS="2076" VPOS="2531" WIDTH="26" HEIGHT="19" CONTENT="to" WC="0.93" CC="20"/>
							<SP ID="P2_SP00285" HPOS="2102" VPOS="2557" WIDTH="11"/>
							<String ID="P2_ST00359" HPOS="2113" VPOS="2526" WIDTH="41" HEIGHT="24" CONTENT="Mr" WC="0.91" CC="02"/>
							<SP ID="P2_SP00286" HPOS="2154" VPOS="2557" WIDTH="18"/>
							<String ID="P2_ST00360" HPOS="2172" VPOS="2526" WIDTH="150" HEIGHT="28" CONTENT="Meredith's," WC="0.90" CC="10102121230"/>
							<SP ID="P2_SP00287" HPOS="2322" VPOS="2557" WIDTH="34"/>
							<String ID="P2_ST00361" HPOS="2356" VPOS="2528" WIDTH="54" HEIGHT="26" CONTENT="The" WC="0.85" CC="212"/>
						</TextLine>
						<TextLine ID="P2_TL00070" HPOS="1883" VPOS="2564" WIDTH="526" HEIGHT="31">
							<String ID="P2_ST00362" HPOS="1883" VPOS="2564" WIDTH="69" HEIGHT="25" CONTENT="fence" WC="0.87" CC="10240"/>
							<SP ID="P2_SP00288" HPOS="1952" VPOS="2589" WIDTH="11"/>
							<String ID="P2_ST00363" HPOS="1963" VPOS="2566" WIDTH="28" HEIGHT="23" CONTENT="to" WC="0.98" CC="01"/>
							<SP ID="P2_SP00289" HPOS="1991" VPOS="2589" WIDTH="19"/>
							<String ID="P2_ST00364" HPOS="2010" VPOS="2564" WIDTH="31" HEIGHT="24" CONTENT="be" WC="1.00" CC="00"/>
							<SP ID="P2_SP00290" HPOS="2041" VPOS="2589" WIDTH="21"/>
							<String ID="P2_ST00365" HPOS="2062" VPOS="2564" WIDTH="72" HEIGHT="24" CONTENT="made" WC="0.94" CC="1111"/>
							<SP ID="P2_SP00291" HPOS="2134" VPOS="2589" WIDTH="22"/>
							<String ID="P2_ST00366" HPOS="2156" VPOS="2564" WIDTH="28" HEIGHT="24" CONTENT="of" WC="0.94" CC="11"/>
							<SP ID="P2_SP00292" HPOS="2184" VPOS="2589" WIDTH="19"/>
							<String ID="P2_ST00367" HPOS="2203" VPOS="2564" WIDTH="63" HEIGHT="31" CONTENT="good" WC="0.94" CC="1012"/>
							<SP ID="P2_SP00293" HPOS="2266" VPOS="2595" WIDTH="22"/>
							<String ID="P2_ST00368" HPOS="2288" VPOS="2566" WIDTH="84" HEIGHT="29" CONTENT="strong" WC="0.60" CC="791232"/>
							<SP ID="P2_SP00294" HPOS="2372" VPOS="2595" WIDTH="22"/>
							<String ID="P2_ST00369" HPOS="2394" VPOS="2567" WIDTH="15" HEIGHT="25" CONTENT="5" WC="0.52" CC="5"/>
						</TextLine>
						<TextLine ID="P2_TL00071" HPOS="1883" VPOS="2601" WIDTH="527" HEIGHT="28">
							<String ID="P2_ST00370" HPOS="1883" VPOS="2601" WIDTH="50" HEIGHT="24" CONTENT="feet" WC="0.93" CC="2011"/>
							<SP ID="P2_SP00295" HPOS="1933" VPOS="2625" WIDTH="9"/>
							<String ID="P2_ST00371" HPOS="1942" VPOS="2601" WIDTH="71" HEIGHT="24" CONTENT="henrt" WC="0.82" CC="00711"/>
							<SP ID="P2_SP00296" HPOS="2013" VPOS="2625" WIDTH="11"/>
							<String ID="P2_ST00372" HPOS="2024" VPOS="2601" WIDTH="28" HEIGHT="24" CONTENT="of" WC="0.94" CC="01"/>
							<SP ID="P2_SP00297" HPOS="2052" VPOS="2625" WIDTH="4"/>
							<String ID="P2_ST00373" HPOS="2056" VPOS="2601" WIDTH="67" HEIGHT="26" CONTENT="birch" WC="0.84" CC="11051"/>
							<SP ID="P2_SP00298" HPOS="2123" VPOS="2627" WIDTH="9"/>
							<String ID="P2_ST00374" HPOS="2132" VPOS="2601" WIDTH="88" HEIGHT="28" CONTENT="stakes," WC="0.89" CC="1121121"/>
							<SP ID="P2_SP00299" HPOS="2220" VPOS="2629" WIDTH="7"/>
							<String ID="P2_ST00375" HPOS="2227" VPOS="2602" WIDTH="59" HEIGHT="25" CONTENT="with" WC="0.81" CC="1232"/>
							<SP ID="P2_SP00300" HPOS="2286" VPOS="2629" WIDTH="10"/>
							<String ID="P2_ST00376" HPOS="2296" VPOS="2602" WIDTH="114" HEIGHT="25" CONTENT="strainers" WC="0.83" CC="200423114"/>
						</TextLine>
						<TextLine ID="P2_TL00072" HPOS="1883" VPOS="2638" WIDTH="527" HEIGHT="31">
							<String ID="P2_ST00377" HPOS="1883" VPOS="2646" WIDTH="71" HEIGHT="23" CONTENT="©very" WC="0.79" CC="62211"/>
							<SP ID="P2_SP00301" HPOS="1954" VPOS="2669" WIDTH="12"/>
							<String ID="P2_ST00378" HPOS="1966" VPOS="2639" WIDTH="16" HEIGHT="23" CONTENT="4" WC="0.85" CC="2"/>
							<SP ID="P2_SP00302" HPOS="1982" VPOS="2669" WIDTH="11"/>
							<String ID="P2_ST00379" HPOS="1993" VPOS="2638" WIDTH="95" HEIGHT="27" CONTENT="chains." WC="0.83" CC="6111211"/>
							<SP ID="P2_SP00303" HPOS="2088" VPOS="2669" WIDTH="35"/>
							<String ID="P2_ST00380" HPOS="2123" VPOS="2638" WIDTH="61" HEIGHT="27" CONTENT="Five" WC="0.88" CC="1212"/>
							<SP ID="P2_SP00304" HPOS="2184" VPOS="2669" WIDTH="11"/>
							<String ID="P2_ST00381" HPOS="2195" VPOS="2638" WIDTH="74" HEIGHT="31" CONTENT="pl&amp;io," WC="0.85" CC="114121"/>
							<SP ID="P2_SP00305" HPOS="2269" VPOS="2669" WIDTH="23"/>
							<String ID="P2_ST00382" HPOS="2292" VPOS="2639" WIDTH="47" HEIGHT="26" CONTENT="and" WC="0.64" CC="155"/>
							<SP ID="P2_SP00306" HPOS="2339" VPOS="2669" WIDTH="23"/>
							<String ID="P2_ST00383" HPOS="2362" VPOS="2648" WIDTH="48" HEIGHT="17" CONTENT="one" WC="0.70" CC="036"/>
						</TextLine>
						<TextLine ID="P2_TL00073" HPOS="1886" VPOS="2676" WIDTH="378" HEIGHT="31">
							<String ID="P2_ST00384" HPOS="1886" VPOS="2676" WIDTH="60" HEIGHT="24" CONTENT="barb" WC="0.94" CC="0111"/>
							<SP ID="P2_SP00307" HPOS="1946" VPOS="2700" WIDTH="12"/>
							<String ID="P2_ST00385" HPOS="1958" VPOS="2676" WIDTH="55" HEIGHT="24" CONTENT="wire" WC="0.90" CC="2111"/>
							<SP ID="P2_SP00308" HPOS="2013" VPOS="2700" WIDTH="9"/>
							<String ID="P2_ST00386" HPOS="2022" VPOS="2676" WIDTH="113" HEIGHT="31" CONTENT="properly" WC="0.95" CC="11110111"/>
							<SP ID="P2_SP00309" HPOS="2135" VPOS="2707" WIDTH="11"/>
							<String ID="P2_ST00387" HPOS="2146" VPOS="2676" WIDTH="118" HEIGHT="26" CONTENT="strained." WC="0.87" CC="101143111"/>
						</TextLine>
						<TextLine ID="P2_TL00074" HPOS="1916" VPOS="2712" WIDTH="493" HEIGHT="32">
							<String ID="P2_ST00388" HPOS="1916" VPOS="2712" WIDTH="37" HEIGHT="25" CONTENT="To" WC="0.98" CC="10"/>
							<SP ID="P2_SP00310" HPOS="1953" VPOS="2737" WIDTH="10"/>
							<String ID="P2_ST00389" HPOS="1963" VPOS="2713" WIDTH="28" HEIGHT="23" CONTENT="be" WC="1.00" CC="00"/>
							<SP ID="P2_SP00311" HPOS="1991" VPOS="2737" WIDTH="11"/>
							<String ID="P2_ST00390" HPOS="2002" VPOS="2713" WIDTH="132" HEIGHT="30" CONTENT="completed" WC="0.87" CC="111011007"/>
							<SP ID="P2_SP00312" HPOS="2134" VPOS="2743" WIDTH="11"/>
							<String ID="P2_ST00391" HPOS="2145" VPOS="2712" WIDTH="32" HEIGHT="32" CONTENT="by" WC="0.94" CC="11"/>
							<SP ID="P2_SP00313" HPOS="2177" VPOS="2744" WIDTH="25"/>
							<String ID="P2_ST00392" HPOS="2202" VPOS="2713" WIDTH="47" HEIGHT="24" CONTENT="end" WC="0.88" CC="221"/>
							<SP ID="P2_SP00314" HPOS="2249" VPOS="2744" WIDTH="20"/>
							<String ID="P2_ST00393" HPOS="2269" VPOS="2714" WIDTH="27" HEIGHT="24" CONTENT="of" WC="0.85" CC="13"/>
							<SP ID="P2_SP00315" HPOS="2296" VPOS="2744" WIDTH="20"/>
							<String ID="P2_ST00394" HPOS="2316" VPOS="2714" WIDTH="93" HEIGHT="26" CONTENT="March," WC="0.97" CC="010110"/>
						</TextLine>
						<TextLine ID="P2_TL00075" HPOS="1885" VPOS="2751" WIDTH="524" HEIGHT="31">
							<String ID="P2_ST00395" HPOS="1885" VPOS="2752" WIDTH="64" HEIGHT="24" CONTENT="Wire" WC="0.99" CC="0100"/>
							<SP ID="P2_SP00316" HPOS="1949" VPOS="2776" WIDTH="11"/>
							<String ID="P2_ST00396" HPOS="1960" VPOS="2752" WIDTH="50" HEIGHT="26" CONTENT="and" WC="0.81" CC="222"/>
							<SP ID="P2_SP00317" HPOS="2010" VPOS="2778" WIDTH="10"/>
							<String ID="P2_ST00397" HPOS="2020" VPOS="2751" WIDTH="91" HEIGHT="31" CONTENT="staples" WC="0.91" CC="3121001"/>
							<SP ID="P2_SP00318" HPOS="2111" VPOS="2782" WIDTH="11"/>
							<String ID="P2_ST00398" HPOS="2122" VPOS="2751" WIDTH="84" HEIGHT="29" CONTENT="found," WC="0.91" CC="101112"/>
							<SP ID="P2_SP00319" HPOS="2206" VPOS="2782" WIDTH="13"/>
							<String ID="P2_ST00399" HPOS="2219" VPOS="2752" WIDTH="68" HEIGHT="24" CONTENT="other" WC="0.94" CC="02101"/>
							<SP ID="P2_SP00320" HPOS="2287" VPOS="2782" WIDTH="10"/>
							<String ID="P2_ST00400" HPOS="2297" VPOS="2753" WIDTH="112" HEIGHT="27" CONTENT="material" WC="0.86" CC="11001054"/>
						</TextLine>
						<TextLine ID="P2_TL00076" HPOS="1884" VPOS="2788" WIDTH="525" HEIGHT="32">
							<String ID="P2_ST00401" HPOS="1884" VPOS="2791" WIDTH="24" HEIGHT="22" CONTENT="to" WC="0.96" CC="10"/>
							<SP ID="P2_SP00321" HPOS="1908" VPOS="2813" WIDTH="10"/>
							<String ID="P2_ST00402" HPOS="1918" VPOS="2789" WIDTH="29" HEIGHT="24" CONTENT="ha" WC="0.65" CC="16"/>
							<SP ID="P2_SP00322" HPOS="1947" VPOS="2813" WIDTH="19"/>
							<String ID="P2_ST00403" HPOS="1966" VPOS="2789" WIDTH="77" HEIGHT="25" CONTENT="found" WC="0.87" CC="50111"/>
							<SP ID="P2_SP00323" HPOS="2043" VPOS="2814" WIDTH="17"/>
							<String ID="P2_ST00404" HPOS="2060" VPOS="2788" WIDTH="30" HEIGHT="32" CONTENT="by" WC="0.93" CC="11"/>
							<SP ID="P2_SP00324" HPOS="2090" VPOS="2820" WIDTH="22"/>
							<String ID="P2_ST00405" HPOS="2112" VPOS="2791" WIDTH="157" HEIGHT="24" CONTENT="contractors," WC="0.81" CC="025122412113"/>
							<SP ID="P2_SP00325" HPOS="2269" VPOS="2820" WIDTH="33"/>
							<String ID="P2_ST00406" HPOS="2302" VPOS="2790" WIDTH="107" HEIGHT="28" CONTENT="Teadeya" WC="0.65" CC="2033493"/>
						</TextLine>
						<TextLine ID="P2_TL00077" HPOS="1883" VPOS="2827" WIDTH="493" HEIGHT="26">
							<String ID="P2_ST00407" HPOS="1883" VPOS="2827" WIDTH="27" HEIGHT="24" CONTENT="to" WC="0.93" CC="11"/>
							<SP ID="P2_SP00326" HPOS="1910" VPOS="2851" WIDTH="9"/>
							<String ID="P2_ST00408" HPOS="1919" VPOS="2827" WIDTH="27" HEIGHT="23" CONTENT="be" WC="1.00" CC="00"/>
							<SP ID="P2_SP00327" HPOS="1946" VPOS="2851" WIDTH="12"/>
							<String ID="P2_ST00409" HPOS="1958" VPOS="2828" WIDTH="55" HEIGHT="23" CONTENT="sent" WC="0.89" CC="1112"/>
							<SP ID="P2_SP00328" HPOS="2013" VPOS="2851" WIDTH="16"/>
							<String ID="P2_ST00410" HPOS="2029" VPOS="2827" WIDTH="25" HEIGHT="24" CONTENT="m" WC="0.91" CC="1"/>
							<SP ID="P2_SP00329" HPOS="2054" VPOS="2851" WIDTH="12"/>
							<String ID="P2_ST00411" HPOS="2066" VPOS="2834" WIDTH="32" HEIGHT="16" CONTENT="on" WC="0.91" CC="11"/>
							<SP ID="P2_SP00330" HPOS="2098" VPOS="2851" WIDTH="11"/>
							<String ID="P2_ST00412" HPOS="2109" VPOS="2834" WIDTH="30" HEIGHT="16" CONTENT="or" WC="0.81" CC="13"/>
							<SP ID="P2_SP00331" HPOS="2139" VPOS="2851" WIDTH="11"/>
							<String ID="P2_ST00413" HPOS="2150" VPOS="2827" WIDTH="75" HEIGHT="23" CONTENT="before" WC="0.73" CC="515123"/>
							<SP ID="P2_SP00332" HPOS="2225" VPOS="2851" WIDTH="11"/>
							<String ID="P2_ST00414" HPOS="2236" VPOS="2827" WIDTH="62" HEIGHT="24" CONTENT="24th" WC="0.90" CC="2111"/>
							<SP ID="P2_SP00333" HPOS="2298" VPOS="2851" WIDTH="20"/>
							<String ID="P2_ST00415" HPOS="2318" VPOS="2827" WIDTH="58" HEIGHT="26" CONTENT="Feb." WC="0.94" CC="1101"/>
						</TextLine>
						<TextLine ID="P2_TL00078" HPOS="2113" VPOS="2863" WIDTH="199" HEIGHT="28">
							<String ID="P2_ST00416" HPOS="2113" VPOS="2863" WIDTH="24" HEIGHT="25" CONTENT="J." WC="0.85" CC="22"/>
							<SP ID="P2_SP00334" HPOS="2137" VPOS="2888" WIDTH="9"/>
							<String ID="P2_ST00417" HPOS="2146" VPOS="2863" WIDTH="35" HEIGHT="27" CONTENT="M." WC="0.93" CC="11"/>
							<SP ID="P2_SP00335" HPOS="2181" VPOS="2890" WIDTH="10"/>
							<String ID="P2_ST00418" HPOS="2191" VPOS="2864" WIDTH="121" HEIGHT="27" CONTENT="BOOTH," WC="0.92" CC="100122"/>
						</TextLine>
					</TextBlock>
				</ComposedBlock>
				<ComposedBlock ID="P2_CB00002" HPOS="1261" VPOS="175" WIDTH="541" HEIGHT="3647" TYPE="Advertisement">
					<TextBlock ID="P2_TB00005" HPOS="1261" VPOS="175" WIDTH="541" HEIGHT="3647" STYLEREFS="TXT_3 PAR_LEFT">
						<TextLine ID="P2_TL00079" HPOS="1270" VPOS="854" WIDTH="525" HEIGHT="34">
							<String ID="P2_ST00419" HPOS="1270" VPOS="854" WIDTH="48" HEIGHT="30" CONTENT="All" WC="0.99" CC="100" STYLEREFS="TXT_2"/>
							<SP ID="P2_SP00336" HPOS="1318" VPOS="884" WIDTH="17"/>
							<String ID="P2_ST00420" HPOS="1335" VPOS="855" WIDTH="95" HEIGHT="31" CONTENT="Work" WC="0.88" CC="1031" STYLEREFS="TXT_2"/>
							<SP ID="P2_SP00337" HPOS="1430" VPOS="886" WIDTH="13"/>
							<String ID="P2_ST00421" HPOS="1443" VPOS="856" WIDTH="79" HEIGHT="30" CONTENT="done" WC="0.94" CC="1120" STYLEREFS="TXT_2"/>
							<SP ID="P2_SP00338" HPOS="1522" VPOS="886" WIDTH="9"/>
							<String ID="P2_ST00422" HPOS="1531" VPOS="867" WIDTH="38" HEIGHT="20" CONTENT="on" WC="1.00" CC="00" STYLEREFS="TXT_2"/>
							<SP ID="P2_SP00339" HPOS="1569" VPOS="887" WIDTH="9"/>
							<String ID="P2_ST00423" HPOS="1578" VPOS="858" WIDTH="54" HEIGHT="30" CONTENT="the" WC="0.88" CC="122" STYLEREFS="TXT_2"/>
							<SP ID="P2_SP00340" HPOS="1632" VPOS="888" WIDTH="12"/>
							<String ID="P2_ST00424" HPOS="1644" VPOS="858" WIDTH="151" HEIGHT="30" CONTENT="Premises" WC="0.94" CC="11020101" STYLEREFS="TXT_2"/>
						</TextLine>
						<TextLine ID="P2_TL00080" HPOS="1392" VPOS="907" WIDTH="281" HEIGHT="38">
							<String ID="P2_ST00425" HPOS="1392" VPOS="907" WIDTH="60" HEIGHT="28" CONTENT="and" WC="0.95" CC="020" STYLEREFS="TXT_2"/>
							<SP ID="P2_SP00341" HPOS="1452" VPOS="935" WIDTH="23"/>
							<String ID="P2_ST00426" HPOS="1475" VPOS="908" WIDTH="198" HEIGHT="37" CONTENT="guaranteed." WC="0.97" CC="11110100001" STYLEREFS="TXT_2"/>
						</TextLine>
						<TextLine ID="P2_TL00081" HPOS="1304" VPOS="973" WIDTH="491" HEIGHT="36">
							<String ID="P2_ST00427" HPOS="1304" VPOS="973" WIDTH="39" HEIGHT="25" CONTENT="Mr" WC="1.00" CC="00"/>
							<SP ID="P2_SP00342" HPOS="1343" VPOS="998" WIDTH="10"/>
							<String ID="P2_ST00428" HPOS="1353" VPOS="974" WIDTH="53" HEIGHT="25" CONTENT="Gus" WC="0.93" CC="201"/>
							<SP ID="P2_SP00343" HPOS="1406" VPOS="999" WIDTH="12"/>
							<String ID="P2_ST00429" HPOS="1418" VPOS="975" WIDTH="76" HEIGHT="25" CONTENT="Jones" WC="0.98" CC="10101"/>
							<SP ID="P2_SP00344" HPOS="1494" VPOS="1000" WIDTH="8"/>
							<String ID="P2_ST00430" HPOS="1502" VPOS="976" WIDTH="49" HEIGHT="25" CONTENT="will" WC="1.00" CC="0000"/>
							<SP ID="P2_SP00345" HPOS="1551" VPOS="1001" WIDTH="8"/>
							<String ID="P2_ST00431" HPOS="1559" VPOS="976" WIDTH="57" HEIGHT="25" CONTENT="visit" WC="0.94" CC="00301"/>
							<SP ID="P2_SP00346" HPOS="1616" VPOS="1001" WIDTH="9"/>
							<String ID="P2_ST00432" HPOS="1625" VPOS="976" WIDTH="90" HEIGHT="25" CONTENT="Oxford" WC="0.96" CC="020010"/>
							<SP ID="P2_SP00347" HPOS="1715" VPOS="1001" WIDTH="10"/>
							<String ID="P2_ST00433" HPOS="1725" VPOS="985" WIDTH="70" HEIGHT="24" CONTENT="every" WC="0.98" CC="00110"/>
						</TextLine>
						<TextLine ID="P2_TL00082" HPOS="1271" VPOS="1011" WIDTH="524" HEIGHT="34">
							<String ID="P2_ST00434" HPOS="1271" VPOS="1011" WIDTH="71" HEIGHT="25" CONTENT="other" WC="0.99" CC="00010"/>
							<SP ID="P2_SP00348" HPOS="1342" VPOS="1036" WIDTH="20"/>
							<String ID="P2_ST00435" HPOS="1362" VPOS="1013" WIDTH="55" HEIGHT="24" CONTENT="Sale" WC="0.97" CC="1100"/>
							<SP ID="P2_SP00349" HPOS="1417" VPOS="1037" WIDTH="22"/>
							<String ID="P2_ST00436" HPOS="1439" VPOS="1013" WIDTH="54" HEIGHT="31" CONTENT="day," WC="0.94" CC="0111"/>
							<SP ID="P2_SP00350" HPOS="1493" VPOS="1044" WIDTH="24"/>
							<String ID="P2_ST00437" HPOS="1517" VPOS="1015" WIDTH="169" HEIGHT="30" CONTENT="commencing" WC="0.95" CC="0011103010"/>
							<SP ID="P2_SP00351" HPOS="1686" VPOS="1045" WIDTH="22"/>
							<String ID="P2_ST00438" HPOS="1708" VPOS="1015" WIDTH="87" HEIGHT="24" CONTENT="Thurs-" WC="0.96" CC="111100"/>
						</TextLine>
						<TextLine ID="P2_TL00083" HPOS="1270" VPOS="1050" WIDTH="525" HEIGHT="34">
							<String ID="P2_ST00439" HPOS="1270" VPOS="1050" WIDTH="54" HEIGHT="32" CONTENT="day," WC="0.90" CC="0301"/>
							<SP ID="P2_SP00352" HPOS="1324" VPOS="1082" WIDTH="14"/>
							<String ID="P2_ST00440" HPOS="1338" VPOS="1051" WIDTH="57" HEIGHT="25" CONTENT="Feb." WC="0.97" CC="1101"/>
							<SP ID="P2_SP00353" HPOS="1395" VPOS="1082" WIDTH="11"/>
							<String ID="P2_ST00441" HPOS="1406" VPOS="1053" WIDTH="52" HEIGHT="28" CONTENT="4th," WC="0.81" CC="5012"/>
							<SP ID="P2_SP00354" HPOS="1458" VPOS="1082" WIDTH="13"/>
							<String ID="P2_ST00442" HPOS="1471" VPOS="1053" WIDTH="48" HEIGHT="23" CONTENT="and" WC="1.00" CC="000"/>
							<SP ID="P2_SP00355" HPOS="1519" VPOS="1082" WIDTH="17"/>
							<String ID="P2_ST00443" HPOS="1536" VPOS="1053" WIDTH="49" HEIGHT="24" CONTENT="will" WC="0.96" CC="1110"/>
							<SP ID="P2_SP00356" HPOS="1585" VPOS="1082" WIDTH="14"/>
							<String ID="P2_ST00444" HPOS="1599" VPOS="1054" WIDTH="71" HEIGHT="30" CONTENT="bring" WC="0.98" CC="00011"/>
							<SP ID="P2_SP00357" HPOS="1670" VPOS="1084" WIDTH="21"/>
							<String ID="P2_ST00445" HPOS="1691" VPOS="1061" WIDTH="14" HEIGHT="16" CONTENT="a" WC="0.96" CC="1"/>
							<SP ID="P2_SP00358" HPOS="1705" VPOS="1084" WIDTH="22"/>
							<String ID="P2_ST00446" HPOS="1727" VPOS="1054" WIDTH="68" HEIGHT="25" CONTENT="stock" WC="0.99" CC="00010"/>
						</TextLine>
						<TextLine ID="P2_TL00084" HPOS="1303" VPOS="1088" WIDTH="459" HEIGHT="34">
							<String ID="P2_ST00447" HPOS="1303" VPOS="1089" WIDTH="26" HEIGHT="23" CONTENT="of" WC="0.94" CC="01"/>
							<SP ID="P2_SP00359" HPOS="1329" VPOS="1112" WIDTH="12"/>
							<String ID="P2_ST00448" HPOS="1341" VPOS="1088" WIDTH="124" HEIGHT="29" CONTENT="Watches," WC="0.95" CC="01001120"/>
							<SP ID="P2_SP00360" HPOS="1465" VPOS="1117" WIDTH="13"/>
							<String ID="P2_ST00449" HPOS="1478" VPOS="1089" WIDTH="95" HEIGHT="29" CONTENT="Clocks," WC="0.98" CC="0100110"/>
							<SP ID="P2_SP00361" HPOS="1573" VPOS="1118" WIDTH="12"/>
							<String ID="P2_ST00450" HPOS="1585" VPOS="1091" WIDTH="47" HEIGHT="23" CONTENT="and" WC="0.93" CC="111"/>
							<SP ID="P2_SP00362" HPOS="1632" VPOS="1118" WIDTH="12"/>
							<String ID="P2_ST00451" HPOS="1644" VPOS="1091" WIDTH="118" HEIGHT="31" CONTENT="Jewellry." WC="0.94" CC="102101111"/>
						</TextLine>
						<TextLine ID="P2_TL00085" HPOS="1303" VPOS="1150" WIDTH="494" HEIGHT="34">
							<String ID="P2_ST00452" HPOS="1303" VPOS="1150" WIDTH="86" HEIGHT="25" CONTENT="Orders" WC="0.98" CC="011001"/>
							<SP ID="P2_SP00363" HPOS="1389" VPOS="1175" WIDTH="18"/>
							<String ID="P2_ST00453" HPOS="1407" VPOS="1151" WIDTH="44" HEIGHT="25" CONTENT="left" WC="0.98" CC="0010"/>
							<SP ID="P2_SP00364" HPOS="1451" VPOS="1176" WIDTH="20"/>
							<String ID="P2_ST00454" HPOS="1471" VPOS="1155" WIDTH="25" HEIGHT="21" CONTENT="at" WC="0.91" CC="21"/>
							<SP ID="P2_SP00365" HPOS="1496" VPOS="1176" WIDTH="19"/>
							<String ID="P2_ST00455" HPOS="1515" VPOS="1154" WIDTH="41" HEIGHT="23" CONTENT="the" WC="1.00" CC="000"/>
							<SP ID="P2_SP00366" HPOS="1556" VPOS="1177" WIDTH="24"/>
							<String ID="P2_ST00456" HPOS="1580" VPOS="1153" WIDTH="116" HEIGHT="31" CONTENT="Working" WC="0.97" CC="0002001"/>
							<SP ID="P2_SP00367" HPOS="1696" VPOS="1184" WIDTH="23"/>
							<String ID="P2_ST00457" HPOS="1719" VPOS="1154" WIDTH="78" HEIGHT="24" CONTENT="Men's" WC="0.86" CC="05011"/>
						</TextLine>
						<TextLine ID="P2_TL00086" HPOS="1303" VPOS="1188" WIDTH="461" HEIGHT="34">
							<String ID="P2_ST00458" HPOS="1303" VPOS="1188" WIDTH="68" HEIGHT="29" CONTENT="Club," WC="0.96" CC="01001"/>
							<SP ID="P2_SP00368" HPOS="1371" VPOS="1217" WIDTH="13"/>
							<String ID="P2_ST00459" HPOS="1384" VPOS="1189" WIDTH="99" HEIGHT="28" CONTENT="Oxford," WC="0.89" CC="0222012"/>
							<SP ID="P2_SP00369" HPOS="1483" VPOS="1217" WIDTH="11"/>
							<String ID="P2_ST00460" HPOS="1494" VPOS="1189" WIDTH="50" HEIGHT="26" CONTENT="will" WC="0.99" CC="1000"/>
							<SP ID="P2_SP00370" HPOS="1544" VPOS="1217" WIDTH="23"/>
							<String ID="P2_ST00461" HPOS="1567" VPOS="1190" WIDTH="88" HEIGHT="26" CONTENT="receive" WC="0.95" CC="0112110"/>
							<SP ID="P2_SP00371" HPOS="1655" VPOS="1217" WIDTH="11"/>
							<String ID="P2_ST00462" HPOS="1666" VPOS="1193" WIDTH="98" HEIGHT="29" CONTENT="prompt" WC="0.97" CC="000111"/>
						</TextLine>
						<TextLine ID="P2_TL00087" HPOS="1465" VPOS="1229" WIDTH="128" HEIGHT="24">
							<String ID="P2_ST00463" HPOS="1465" VPOS="1229" WIDTH="128" HEIGHT="24" CONTENT="attention." WC="0.97" CC="0011100001"/>
						</TextLine>
						<TextLine ID="P2_TL00088" HPOS="1355" VPOS="1345" WIDTH="354" HEIGHT="47">
							<String ID="P2_ST00464" HPOS="1355" VPOS="1345" WIDTH="53" HEIGHT="44" CONTENT="F." WC="0.85" CC="21" STYLEREFS="TXT_8"/>
							<SP ID="P2_SP00372" HPOS="1408" VPOS="1389" WIDTH="23"/>
							<String ID="P2_ST00465" HPOS="1431" VPOS="1347" WIDTH="54" HEIGHT="43" CONTENT="B." WC="0.93" CC="11" STYLEREFS="TXT_8"/>
							<SP ID="P2_SP00373" HPOS="1485" VPOS="1390" WIDTH="32"/>
							<String ID="P2_ST00466" HPOS="1517" VPOS="1347" WIDTH="192" HEIGHT="45" CONTENT="LANE." WC="0.84" CC="01612" STYLEREFS="TXT_8"/>
						</TextLine>
						<TextLine ID="P2_TL00089" HPOS="1376" VPOS="1408" WIDTH="315" HEIGHT="40">
							<String ID="P2_ST00467" HPOS="1376" VPOS="1408" WIDTH="89" HEIGHT="38" CONTENT="(Late" WC="0.98" CC="00001" STYLEREFS="TXT_2"/>
							<SP ID="P2_SP00374" HPOS="1465" VPOS="1446" WIDTH="15"/>
							<String ID="P2_ST00468" HPOS="1480" VPOS="1409" WIDTH="34" HEIGHT="30" CONTENT="E." WC="0.93" CC="11" STYLEREFS="TXT_2"/>
							<SP ID="P2_SP00375" HPOS="1514" VPOS="1446" WIDTH="17"/>
							<String ID="P2_ST00469" HPOS="1531" VPOS="1409" WIDTH="160" HEIGHT="39" CONTENT="Butcher.)" WC="0.95" CC="111010110" STYLEREFS="TXT_2"/>
						</TextLine>
						<TextLine ID="P2_TL00090" HPOS="1281" VPOS="1453" WIDTH="504" HEIGHT="40">
							<String ID="P2_ST00470" HPOS="1281" VPOS="1453" WIDTH="248" HEIGHT="38" CONTENT="Watchmaker," WC="0.96" CC="10011100031" STYLEREFS="TXT_2"/>
							<SP ID="P2_SP00376" HPOS="1529" VPOS="1491" WIDTH="14"/>
							<String ID="P2_ST00471" HPOS="1543" VPOS="1458" WIDTH="181" HEIGHT="35" CONTENT="Jeweller," WC="0.97" CC="001100111" STYLEREFS="TXT_2"/>
							<SP ID="P2_SP00377" HPOS="1724" VPOS="1493" WIDTH="16"/>
							<String ID="P2_ST00472" HPOS="1740" VPOS="1457" WIDTH="45" HEIGHT="30" CONTENT="&amp;c" WC="0.93" CC="20" STYLEREFS="TXT_2"/>
						</TextLine>
						<TextLine ID="P2_TL00091" HPOS="1270" VPOS="1500" WIDTH="523" HEIGHT="32">
							<String ID="P2_ST00473" HPOS="1270" VPOS="1500" WIDTH="120" HEIGHT="30" CONTENT="Importer" WC="0.95" CC="13100101"/>
							<SP ID="P2_SP00378" HPOS="1390" VPOS="1530" WIDTH="28"/>
							<String ID="P2_ST00474" HPOS="1418" VPOS="1502" WIDTH="26" HEIGHT="24" CONTENT="of" WC="0.96" CC="01"/>
							<SP ID="P2_SP00379" HPOS="1444" VPOS="1530" WIDTH="36"/>
							<String ID="P2_ST00475" HPOS="1480" VPOS="1502" WIDTH="103" HEIGHT="25" CONTENT="Musical" WC="0.98" CC="0101001"/>
							<SP ID="P2_SP00380" HPOS="1583" VPOS="1530" WIDTH="40"/>
							<String ID="P2_ST00476" HPOS="1623" VPOS="1503" WIDTH="170" HEIGHT="29" CONTENT="Instruments," WC="0.92" CC="001011105112"/>
						</TextLine>
						<TextLine ID="P2_TL00092" HPOS="1270" VPOS="1538" WIDTH="313" HEIGHT="33">
							<String ID="P2_ST00477" HPOS="1270" VPOS="1538" WIDTH="108" HEIGHT="26" CONTENT="Victoria" WC="0.98" CC="10000001"/>
							<SP ID="P2_SP00381" HPOS="1378" VPOS="1564" WIDTH="18"/>
							<String ID="P2_ST00478" HPOS="1396" VPOS="1540" WIDTH="38" HEIGHT="28" CONTENT="St," WC="0.96" CC="110"/>
							<SP ID="P2_SP00382" HPOS="1434" VPOS="1568" WIDTH="18"/>
							<String ID="P2_ST00479" HPOS="1452" VPOS="1540" WIDTH="131" HEIGHT="31" CONTENT="Rangiora." WC="0.95" CC="021100001"/>
						</TextLine>
						<TextLine ID="P2_TL00093" HPOS="1270" VPOS="1596" WIDTH="530" HEIGHT="34">
							<String ID="P2_ST00480" HPOS="1270" VPOS="1596" WIDTH="130" HEIGHT="31" CONTENT="fcpeciality" WC="0.79" CC="99001001012"/>
							<String ID="P2_ST00481" HPOS="1410" VPOS="1605" WIDTH="6" HEIGHT="16" CONTENT=":" WC="0.96" CC="1"/>
							<String ID="P2_ST00482" HPOS="1418" VPOS="1611" WIDTH="30" HEIGHT="4" CONTENT="—" WC="1.00" CC="0"/>
							<String ID="P2_ST00483" HPOS="1449" VPOS="1597" WIDTH="27" HEIGHT="24" CONTENT="m" WC="0.98" CC="0"/>
							<SP ID="P2_SP00383" HPOS="1476" VPOS="1627" WIDTH="8"/>
							<String ID="P2_ST00484" HPOS="1484" VPOS="1599" WIDTH="105" HEIGHT="30" CONTENT="superior" WC="0.94" CC="21100100"/>
							<SP ID="P2_SP00384" HPOS="1589" VPOS="1629" WIDTH="10"/>
							<String ID="P2_ST00485" HPOS="1599" VPOS="1599" WIDTH="106" HEIGHT="31" CONTENT="English" WC="0.97" CC="0111101"/>
							<SP ID="P2_SP00385" HPOS="1705" VPOS="1630" WIDTH="17"/>
							<String ID="P2_ST00486" HPOS="1722" VPOS="1599" WIDTH="78" HEIGHT="25" CONTENT="Lever" WC="0.92" CC="01301"/>
						</TextLine>
						<TextLine ID="P2_TL00094" HPOS="1271" VPOS="1634" WIDTH="524" HEIGHT="33">
							<String ID="P2_ST00487" HPOS="1271" VPOS="1634" WIDTH="113" HEIGHT="24" CONTENT="Watches" WC="0.97" CC="0010011"/>
							<SP ID="P2_SP00386" HPOS="1384" VPOS="1658" WIDTH="11"/>
							<String ID="P2_ST00488" HPOS="1395" VPOS="1635" WIDTH="27" HEIGHT="23" CONTENT="m" WC="1.00" CC="0"/>
							<SP ID="P2_SP00387" HPOS="1422" VPOS="1658" WIDTH="11"/>
							<String ID="P2_ST00489" HPOS="1433" VPOS="1636" WIDTH="70" HEIGHT="23" CONTENT="extra" WC="0.95" CC="11001"/>
							<SP ID="P2_SP00388" HPOS="1503" VPOS="1659" WIDTH="10"/>
							<String ID="P2_ST00490" HPOS="1513" VPOS="1637" WIDTH="85" HEIGHT="30" CONTENT="strong" WC="0.99" CC="000010"/>
							<SP ID="P2_SP00389" HPOS="1598" VPOS="1667" WIDTH="10"/>
							<String ID="P2_ST00491" HPOS="1608" VPOS="1644" WIDTH="67" HEIGHT="16" CONTENT="cases" WC="0.93" CC="12201"/>
							<SP ID="P2_SP00390" HPOS="1675" VPOS="1667" WIDTH="11"/>
							<String ID="P2_ST00492" HPOS="1686" VPOS="1637" WIDTH="71" HEIGHT="24" CONTENT="made" WC="0.93" CC="1102"/>
							<SP ID="P2_SP00391" HPOS="1757" VPOS="1667" WIDTH="12"/>
							<String ID="P2_ST00493" HPOS="1769" VPOS="1639" WIDTH="26" HEIGHT="22" CONTENT="to" WC="1.00" CC="00"/>
						</TextLine>
						<TextLine ID="P2_TL00095" HPOS="1270" VPOS="1671" WIDTH="529" HEIGHT="34">
							<String ID="P2_ST00494" HPOS="1270" VPOS="1679" WIDTH="41" HEIGHT="23" CONTENT="my" WC="1.00" CC="00"/>
							<SP ID="P2_SP00392" HPOS="1311" VPOS="1702" WIDTH="11"/>
							<String ID="P2_ST00495" HPOS="1322" VPOS="1671" WIDTH="71" HEIGHT="25" CONTENT="order" WC="0.95" CC="00300"/>
							<SP ID="P2_SP00393" HPOS="1393" VPOS="1702" WIDTH="11"/>
							<String ID="P2_ST00496" HPOS="1404" VPOS="1674" WIDTH="25" HEIGHT="22" CONTENT="to" WC="1.00" CC="00"/>
							<SP ID="P2_SP00394" HPOS="1429" VPOS="1702" WIDTH="12"/>
							<String ID="P2_ST00497" HPOS="1441" VPOS="1672" WIDTH="49" HEIGHT="26" CONTENT="suit" WC="0.98" CC="1001"/>
							<SP ID="P2_SP00395" HPOS="1490" VPOS="1702" WIDTH="18"/>
							<String ID="P2_ST00498" HPOS="1508" VPOS="1672" WIDTH="42" HEIGHT="26" CONTENT="the" WC="0.96" CC="100"/>
							<SP ID="P2_SP00396" HPOS="1550" VPOS="1702" WIDTH="22"/>
							<String ID="P2_ST00499" HPOS="1572" VPOS="1673" WIDTH="178" HEIGHT="32" CONTENT="requirements" WC="0.95" CC="104100010011"/>
							<SP ID="P2_SP00397" HPOS="1750" VPOS="1705" WIDTH="21"/>
							<String ID="P2_ST00500" HPOS="1771" VPOS="1674" WIDTH="28" HEIGHT="25" CONTENT="of" WC="0.96" CC="01"/>
						</TextLine>
						<TextLine ID="P2_TL00096" HPOS="1270" VPOS="1709" WIDTH="170" HEIGHT="24">
							<String ID="P2_ST00501" HPOS="1270" VPOS="1709" WIDTH="51" HEIGHT="24" CONTENT="this" WC="0.98" CC="0011"/>
							<SP ID="P2_SP00398" HPOS="1321" VPOS="1733" WIDTH="17"/>
							<String ID="P2_ST00502" HPOS="1338" VPOS="1709" WIDTH="102" HEIGHT="24" CONTENT="district." WC="0.95" CC="111111000"/>
						</TextLine>
						<TextLine ID="P2_TL00097" HPOS="1303" VPOS="1757" WIDTH="490" HEIGHT="34">
							<String ID="P2_ST00503" HPOS="1303" VPOS="1757" WIDTH="29" HEIGHT="25" CONTENT="F." WC="0.93" CC="11"/>
							<SP ID="P2_SP00399" HPOS="1332" VPOS="1782" WIDTH="13"/>
							<String ID="P2_ST00504" HPOS="1345" VPOS="1758" WIDTH="29" HEIGHT="24" CONTENT="B." WC="0.93" CC="11"/>
							<SP ID="P2_SP00400" HPOS="1374" VPOS="1782" WIDTH="13"/>
							<String ID="P2_ST00505" HPOS="1387" VPOS="1758" WIDTH="69" HEIGHT="24" CONTENT="Lane" WC="0.97" CC="0010"/>
							<SP ID="P2_SP00401" HPOS="1456" VPOS="1782" WIDTH="12"/>
							<String ID="P2_ST00506" HPOS="1468" VPOS="1759" WIDTH="67" HEIGHT="24" CONTENT="visits" WC="0.91" CC="021121"/>
							<SP ID="P2_SP00402" HPOS="1535" VPOS="1783" WIDTH="24"/>
							<String ID="P2_ST00507" HPOS="1559" VPOS="1759" WIDTH="89" HEIGHT="25" CONTENT="Oxford" WC="0.95" CC="011002"/>
							<SP ID="P2_SP00403" HPOS="1648" VPOS="1784" WIDTH="23"/>
							<String ID="P2_ST00508" HPOS="1671" VPOS="1760" WIDTH="122" HEIGHT="31" CONTENT="monthly," WC="0.97" CC="00111000"/>
						</TextLine>
						<TextLine ID="P2_TL00098" HPOS="1270" VPOS="1797" WIDTH="525" HEIGHT="32">
							<String ID="P2_ST00509" HPOS="1270" VPOS="1797" WIDTH="96" HEIGHT="32" CONTENT="staying" WC="0.94" CC="1111011"/>
							<SP ID="P2_SP00404" HPOS="1366" VPOS="1829" WIDTH="8"/>
							<String ID="P2_ST00510" HPOS="1374" VPOS="1799" WIDTH="24" HEIGHT="23" CONTENT="at" WC="0.93" CC="11"/>
							<SP ID="P2_SP00405" HPOS="1398" VPOS="1829" WIDTH="13"/>
							<String ID="P2_ST00511" HPOS="1411" VPOS="1797" WIDTH="133" HEIGHT="25" CONTENT="Mitchell's" WC="0.95" CC="0011100111"/>
							<SP ID="P2_SP00406" HPOS="1544" VPOS="1829" WIDTH="15"/>
							<String ID="P2_ST00512" HPOS="1559" VPOS="1798" WIDTH="123" HEIGHT="31" CONTENT="Boarding" WC="0.97" CC="01101010"/>
							<SP ID="P2_SP00407" HPOS="1682" VPOS="1829" WIDTH="19"/>
							<String ID="P2_ST00513" HPOS="1701" VPOS="1799" WIDTH="94" HEIGHT="24" CONTENT="House." WC="0.96" CC="001100"/>
						</TextLine>
						<TextLine ID="P2_TL00099" HPOS="1270" VPOS="1836" WIDTH="522" HEIGHT="34">
							<String ID="P2_ST00514" HPOS="1270" VPOS="1836" WIDTH="41" HEIGHT="25" CONTENT="All" WC="1.00" CC="000"/>
							<SP ID="P2_SP00408" HPOS="1311" VPOS="1861" WIDTH="10"/>
							<String ID="P2_ST00515" HPOS="1321" VPOS="1837" WIDTH="93" HEIGHT="31" CONTENT="repairs" WC="0.96" CC="1101011"/>
							<SP ID="P2_SP00409" HPOS="1414" VPOS="1868" WIDTH="10"/>
							<String ID="P2_ST00516" HPOS="1424" VPOS="1845" WIDTH="39" HEIGHT="16" CONTENT="are" WC="0.94" CC="111"/>
							<SP ID="P2_SP00410" HPOS="1463" VPOS="1868" WIDTH="12"/>
							<String ID="P2_ST00517" HPOS="1475" VPOS="1837" WIDTH="62" HEIGHT="25" CONTENT="done" WC="0.98" CC="1010"/>
							<SP ID="P2_SP00411" HPOS="1537" VPOS="1868" WIDTH="9"/>
							<String ID="P2_ST00518" HPOS="1546" VPOS="1838" WIDTH="76" HEIGHT="24" CONTENT="under" WC="0.92" CC="12111"/>
							<SP ID="P2_SP00412" HPOS="1622" VPOS="1868" WIDTH="10"/>
							<String ID="P2_ST00519" HPOS="1632" VPOS="1846" WIDTH="42" HEIGHT="24" CONTENT="my" WC="0.93" CC="20"/>
							<SP ID="P2_SP00413" HPOS="1674" VPOS="1870" WIDTH="8"/>
							<String ID="P2_ST00520" HPOS="1682" VPOS="1838" WIDTH="110" HEIGHT="31" CONTENT="personal" WC="0.93" CC="10011310"/>
						</TextLine>
						<TextLine ID="P2_TL00100" HPOS="1270" VPOS="1876" WIDTH="522" HEIGHT="31">
							<String ID="P2_ST00521" HPOS="1270" VPOS="1876" WIDTH="158" HEIGHT="30" CONTENT="supervision," WC="0.98" CC="101000000110"/>
							<SP ID="P2_SP00414" HPOS="1428" VPOS="1906" WIDTH="23"/>
							<String ID="P2_ST00522" HPOS="1451" VPOS="1876" WIDTH="47" HEIGHT="24" CONTENT="and" WC="0.91" CC="112"/>
							<SP ID="P2_SP00415" HPOS="1498" VPOS="1906" WIDTH="22"/>
							<String ID="P2_ST00523" HPOS="1520" VPOS="1876" WIDTH="14" HEIGHT="23" CONTENT="I" WC="1.00" CC="0"/>
							<SP ID="P2_SP00416" HPOS="1534" VPOS="1906" WIDTH="22"/>
							<String ID="P2_ST00524" HPOS="1556" VPOS="1882" WIDTH="132" HEIGHT="25" CONTENT="guarantee" WC="0.98" CC="011100000"/>
							<SP ID="P2_SP00417" HPOS="1688" VPOS="1907" WIDTH="34"/>
							<String ID="P2_ST00525" HPOS="1722" VPOS="1877" WIDTH="70" HEIGHT="24" CONTENT="satis-" WC="0.85" CC="700001"/>
						</TextLine>
						<TextLine ID="P2_TL00101" HPOS="1268" VPOS="1914" WIDTH="529" HEIGHT="32">
							<String ID="P2_ST00526" HPOS="1268" VPOS="1914" WIDTH="99" HEIGHT="25" CONTENT="faction." WC="0.94" CC="12011011"/>
							<SP ID="P2_SP00418" HPOS="1367" VPOS="1939" WIDTH="35"/>
							<String ID="P2_ST00527" HPOS="1402" VPOS="1914" WIDTH="43" HEIGHT="24" CONTENT="All" WC="1.00" CC="000"/>
							<SP ID="P2_SP00419" HPOS="1445" VPOS="1939" WIDTH="12"/>
							<String ID="P2_ST00528" HPOS="1457" VPOS="1914" WIDTH="99" HEIGHT="32" CONTENT="jobbing" WC="0.94" CC="3100010"/>
							<SP ID="P2_SP00420" HPOS="1556" VPOS="1946" WIDTH="8"/>
							<String ID="P2_ST00529" HPOS="1564" VPOS="1915" WIDTH="43" HEIGHT="25" CONTENT="left" WC="0.96" CC="0101"/>
							<SP ID="P2_SP00421" HPOS="1607" VPOS="1946" WIDTH="19"/>
							<String ID="P2_ST00530" HPOS="1626" VPOS="1919" WIDTH="25" HEIGHT="21" CONTENT="at" WC="0.93" CC="11"/>
							<SP ID="P2_SP00422" HPOS="1651" VPOS="1946" WIDTH="23"/>
							<String ID="P2_ST00531" HPOS="1674" VPOS="1915" WIDTH="123" HEIGHT="25" CONTENT="Weeber's" WC="0.94" CC="11010021"/>
						</TextLine>
						<TextLine ID="P2_TL00102" HPOS="1270" VPOS="1951" WIDTH="523" HEIGHT="31">
							<String ID="P2_ST00532" HPOS="1270" VPOS="1951" WIDTH="83" HEIGHT="31" CONTENT="Fancy" WC="0.97" CC="10110"/>
							<SP ID="P2_SP00423" HPOS="1353" VPOS="1982" WIDTH="12"/>
							<String ID="P2_ST00533" HPOS="1365" VPOS="1951" WIDTH="151" HEIGHT="31" CONTENT="Repository," WC="0.95" CC="00001011112"/>
							<SP ID="P2_SP00424" HPOS="1516" VPOS="1982" WIDTH="23"/>
							<String ID="P2_ST00534" HPOS="1539" VPOS="1952" WIDTH="61" HEIGHT="24" CONTENT="East" WC="0.79" CC="1710"/>
							<SP ID="P2_SP00425" HPOS="1600" VPOS="1982" WIDTH="23"/>
							<String ID="P2_ST00535" HPOS="1623" VPOS="1952" WIDTH="99" HEIGHT="28" CONTENT="Oxford," WC="0.81" CC="0219111"/>
							<SP ID="P2_SP00426" HPOS="1722" VPOS="1982" WIDTH="22"/>
							<String ID="P2_ST00536" HPOS="1744" VPOS="1952" WIDTH="49" HEIGHT="25" CONTENT="will" WC="0.96" CC="1110"/>
						</TextLine>
						<TextLine ID="P2_TL00103" HPOS="1268" VPOS="1990" WIDTH="525" HEIGHT="32">
							<String ID="P2_ST00537" HPOS="1268" VPOS="1991" WIDTH="92" HEIGHT="24" CONTENT="receive" WC="0.95" CC="1021111"/>
							<SP ID="P2_SP00427" HPOS="1360" VPOS="2015" WIDTH="11"/>
							<String ID="P2_ST00538" HPOS="1371" VPOS="1998" WIDTH="42" HEIGHT="24" CONTENT="my" WC="0.98" CC="10"/>
							<SP ID="P2_SP00428" HPOS="1413" VPOS="2022" WIDTH="12"/>
							<String ID="P2_ST00539" HPOS="1425" VPOS="1990" WIDTH="54" HEIGHT="25" CONTENT="best" WC="0.94" CC="0112"/>
							<SP ID="P2_SP00429" HPOS="1479" VPOS="2022" WIDTH="10"/>
							<String ID="P2_ST00540" HPOS="1489" VPOS="1991" WIDTH="122" HEIGHT="24" CONTENT="attention" WC="0.92" CC="410011112"/>
							<SP ID="P2_SP00430" HPOS="1611" VPOS="2022" WIDTH="17"/>
							<String ID="P2_ST00541" HPOS="1628" VPOS="1991" WIDTH="49" HEIGHT="24" CONTENT="and" WC="0.94" CC="111"/>
							<SP ID="P2_SP00431" HPOS="1677" VPOS="2022" WIDTH="18"/>
							<String ID="P2_ST00542" HPOS="1695" VPOS="1999" WIDTH="98" HEIGHT="17" CONTENT="reason-" WC="0.87" CC="1115012"/>
						</TextLine>
						<TextLine ID="P2_TL00104" HPOS="1268" VPOS="2029" WIDTH="524" HEIGHT="24">
							<String ID="P2_ST00543" HPOS="1268" VPOS="2029" WIDTH="55" HEIGHT="24" CONTENT="able" WC="0.95" CC="1100"/>
							<SP ID="P2_SP00432" HPOS="1323" VPOS="2053" WIDTH="11"/>
							<String ID="P2_ST00544" HPOS="1334" VPOS="2031" WIDTH="71" HEIGHT="22" CONTENT="rates." WC="0.94" CC="021011"/>
							<SP ID="P2_SP00433" HPOS="1405" VPOS="2053" WIDTH="385"/>
							<String ID="P2_ST00545" HPOS="1790" VPOS="2044" WIDTH="2" HEIGHT="4" CONTENT="■" WC="0.85" CC="2" STYLEREFS="TXT_5"/>
						</TextLine>
						<TextLine ID="P2_TL00105" HPOS="1303" VPOS="2074" WIDTH="492" HEIGHT="33">
							<String ID="P2_ST00546" HPOS="1303" VPOS="2074" WIDTH="116" HEIGHT="25" CONTENT="Caution." WC="0.93" CC="12102011"/>
							<SP ID="P2_SP00434" HPOS="1419" VPOS="2099" WIDTH="34"/>
							<String ID="P2_ST00547" HPOS="1453" VPOS="2074" WIDTH="39" HEIGHT="25" CONTENT="No" WC="0.96" CC="10"/>
							<SP ID="P2_SP00435" HPOS="1492" VPOS="2099" WIDTH="11"/>
							<String ID="P2_ST00548" HPOS="1503" VPOS="2075" WIDTH="143" HEIGHT="25" CONTENT="connection" WC="0.98" CC="0000011101"/>
							<SP ID="P2_SP00436" HPOS="1646" VPOS="2100" WIDTH="19"/>
							<String ID="P2_ST00549" HPOS="1665" VPOS="2076" WIDTH="59" HEIGHT="24" CONTENT="with" WC="0.95" CC="0111"/>
							<SP ID="P2_SP00437" HPOS="1724" VPOS="2100" WIDTH="23"/>
							<String ID="P2_ST00550" HPOS="1747" VPOS="2083" WIDTH="48" HEIGHT="24" CONTENT="any" WC="0.97" CC="010"/>
						</TextLine>
						<TextLine ID="P2_TL00106" HPOS="1268" VPOS="2113" WIDTH="411" HEIGHT="31">
							<String ID="P2_ST00551" HPOS="1268" VPOS="2113" WIDTH="72" HEIGHT="24" CONTENT="other" WC="0.97" CC="00101"/>
							<SP ID="P2_SP00438" HPOS="1340" VPOS="2137" WIDTH="10"/>
							<String ID="P2_ST00552" HPOS="1350" VPOS="2113" WIDTH="61" HEIGHT="31" CONTENT="shop" WC="0.86" CC="1104"/>
							<SP ID="P2_SP00439" HPOS="1411" VPOS="2144" WIDTH="12"/>
							<String ID="P2_ST00553" HPOS="1423" VPOS="2114" WIDTH="28" HEIGHT="23" CONTENT="of" WC="0.96" CC="01"/>
							<SP ID="P2_SP00440" HPOS="1451" VPOS="2144" WIDTH="9"/>
							<String ID="P2_ST00554" HPOS="1460" VPOS="2114" WIDTH="94" HEIGHT="24" CONTENT="similar" WC="0.96" CC="1011010"/>
							<SP ID="P2_SP00441" HPOS="1554" VPOS="2144" WIDTH="17"/>
							<String ID="P2_ST00555" HPOS="1571" VPOS="2115" WIDTH="108" HEIGHT="23" CONTENT="address." WC="0.95" CC="11100110"/>
						</TextLine>
						<TextLine ID="P2_TL00107" HPOS="1362" VPOS="2228" WIDTH="337" HEIGHT="52">
							<String ID="P2_ST00556" HPOS="1362" VPOS="2228" WIDTH="48" HEIGHT="52" CONTENT="J." WC="0.93" CC="11" STYLEREFS="TXT_8"/>
							<SP ID="P2_SP00442" HPOS="1410" VPOS="2280" WIDTH="24"/>
							<String ID="P2_ST00557" HPOS="1434" VPOS="2228" WIDTH="265" HEIGHT="46" CONTENT="FOSTER." WC="0.91" CC="3010021" STYLEREFS="TXT_8"/>
						</TextLine>
						<TextLine ID="P2_TL00108" HPOS="1442" VPOS="2291" WIDTH="170" HEIGHT="23">
							<String ID="P2_ST00558" HPOS="1442" VPOS="2291" WIDTH="65" HEIGHT="23" CONTENT="BAY" WC="0.95" CC="101" STYLEREFS="TXT_9"/>
							<SP ID="P2_SP00443" HPOS="1507" VPOS="2314" WIDTH="20"/>
							<String ID="P2_ST00559" HPOS="1527" VPOS="2292" WIDTH="85" HEIGHT="22" CONTENT="KOAD" WC="0.90" CC="3001" STYLEREFS="TXT_9"/>
						</TextLine>
						<TextLine ID="P2_TL00109" HPOS="1346" VPOS="2333" WIDTH="382" HEIGHT="32">
							<String ID="P2_ST00560" HPOS="1346" VPOS="2333" WIDTH="124" HEIGHT="32" CONTENT="EAST" WC="0.83" CC="5120" STYLEREFS="TXT_2"/>
							<SP ID="P2_SP00444" HPOS="1470" VPOS="2365" WIDTH="49"/>
							<String ID="P2_ST00561" HPOS="1519" VPOS="2333" WIDTH="209" HEIGHT="32" CONTENT="OXFORD." WC="0.85" CC="0320331" STYLEREFS="TXT_2"/>
						</TextLine>
						<TextLine ID="P2_TL00110" HPOS="1268" VPOS="2384" WIDTH="526" HEIGHT="40">
							<String ID="P2_ST00562" HPOS="1268" VPOS="2384" WIDTH="125" HEIGHT="40" CONTENT="Apples," WC="0.91" CC="0111221" STYLEREFS="TXT_2"/>
							<SP ID="P2_SP00445" HPOS="1393" VPOS="2424" WIDTH="28"/>
							<String ID="P2_ST00563" HPOS="1421" VPOS="2385" WIDTH="117" HEIGHT="35" CONTENT="Plums," WC="0.89" CC="412011" STYLEREFS="TXT_2"/>
							<SP ID="P2_SP00446" HPOS="1538" VPOS="2424" WIDTH="34"/>
							<String ID="P2_ST00564" HPOS="1572" VPOS="2384" WIDTH="222" HEIGHT="37" CONTENT="Blackberries," WC="0.90" CC="1150011221011" STYLEREFS="TXT_2"/>
						</TextLine>
						<TextLine ID="P2_TL00111" HPOS="1268" VPOS="2424" WIDTH="525" HEIGHT="41">
							<String ID="P2_ST00565" HPOS="1268" VPOS="2425" WIDTH="54" HEIGHT="35" CONTENT="&amp;c," WC="0.94" CC="201" STYLEREFS="TXT_2"/>
							<SP ID="P2_SP00447" HPOS="1322" VPOS="2460" WIDTH="10"/>
							<String ID="P2_ST00566" HPOS="1332" VPOS="2425" WIDTH="30" HEIGHT="30" CONTENT="iv" WC="0.93" CC="11" STYLEREFS="TXT_2"/>
							<SP ID="P2_SP00448" HPOS="1362" VPOS="2460" WIDTH="10"/>
							<String ID="P2_ST00567" HPOS="1372" VPOS="2425" WIDTH="84" HEIGHT="39" CONTENT="large" WC="0.78" CC="01190" STYLEREFS="TXT_2"/>
							<SP ID="P2_SP00449" HPOS="1456" VPOS="2464" WIDTH="14"/>
							<String ID="P2_ST00568" HPOS="1470" VPOS="2434" WIDTH="35" HEIGHT="21" CONTENT="or" WC="0.94" CC="01" STYLEREFS="TXT_2"/>
							<SP ID="P2_SP00450" HPOS="1505" VPOS="2464" WIDTH="14"/>
							<String ID="P2_ST00569" HPOS="1519" VPOS="2424" WIDTH="88" HEIGHT="31" CONTENT="small" WC="0.93" CC="31101" STYLEREFS="TXT_2"/>
							<SP ID="P2_SP00451" HPOS="1607" VPOS="2464" WIDTH="11"/>
							<String ID="P2_ST00570" HPOS="1618" VPOS="2425" WIDTH="175" HEIGHT="40" CONTENT="quantities." WC="0.90" CC="12221110112" STYLEREFS="TXT_2"/>
						</TextLine>
						<TextLine ID="P2_TL00112" HPOS="1332" VPOS="2569" WIDTH="401" HEIGHT="46">
							<String ID="P2_ST00571" HPOS="1332" VPOS="2570" WIDTH="49" HEIGHT="39" CONTENT="R." WC="0.93" CC="11" STYLEREFS="TXT_10"/>
							<SP ID="P2_SP00452" HPOS="1381" VPOS="2609" WIDTH="28"/>
							<String ID="P2_ST00572" HPOS="1409" VPOS="2569" WIDTH="56" HEIGHT="38" CONTENT="H." WC="0.83" CC="03" STYLEREFS="TXT_10"/>
							<SP ID="P2_SP00453" HPOS="1465" VPOS="2609" WIDTH="34"/>
							<String ID="P2_ST00573" HPOS="1499" VPOS="2570" WIDTH="234" HEIGHT="45" CONTENT="PARISH," WC="0.88" CC="0010107" STYLEREFS="TXT_10"/>
						</TextLine>
						<TextLine ID="P2_TL00113" HPOS="1402" VPOS="2610" WIDTH="255" HEIGHT="31">
							<String ID="P2_ST00574" HPOS="1402" VPOS="2610" WIDTH="89" HEIGHT="31" CONTENT="East" WC="0.94" CC="1020" STYLEREFS="TXT_2"/>
							<SP ID="P2_SP00454" HPOS="1491" VPOS="2641" WIDTH="26"/>
							<String ID="P2_ST00575" HPOS="1517" VPOS="2611" WIDTH="140" HEIGHT="30" CONTENT="Oxford." WC="0.95" CC="0120201" STYLEREFS="TXT_2"/>
						</TextLine>
						<TextLine ID="P2_TL00114" HPOS="1300" VPOS="2649" WIDTH="493" HEIGHT="32">
							<String ID="P2_ST00576" HPOS="1300" VPOS="2649" WIDTH="93" HEIGHT="32" CONTENT="Speoial" WC="0.87" CC="5111120"/>
							<SP ID="P2_SP00455" HPOS="1393" VPOS="2681" WIDTH="11"/>
							<String ID="P2_ST00577" HPOS="1404" VPOS="2650" WIDTH="62" HEIGHT="24" CONTENT="lines" WC="0.95" CC="00102"/>
							<SP ID="P2_SP00456" HPOS="1466" VPOS="2681" WIDTH="12"/>
							<String ID="P2_ST00578" HPOS="1478" VPOS="2653" WIDTH="25" HEIGHT="21" CONTENT="to" WC="1.00" CC="00"/>
							<SP ID="P2_SP00457" HPOS="1503" VPOS="2681" WIDTH="12"/>
							<String ID="P2_ST00579" HPOS="1515" VPOS="2650" WIDTH="28" HEIGHT="24" CONTENT="be" WC="1.00" CC="00"/>
							<SP ID="P2_SP00458" HPOS="1543" VPOS="2681" WIDTH="11"/>
							<String ID="P2_ST00580" HPOS="1554" VPOS="2650" WIDTH="52" HEIGHT="24" CONTENT="sold" WC="0.96" CC="1101"/>
							<SP ID="P2_SP00459" HPOS="1606" VPOS="2681" WIDTH="20"/>
							<String ID="P2_ST00581" HPOS="1626" VPOS="2650" WIDTH="47" HEIGHT="24" CONTENT="this" WC="0.93" CC="1201"/>
							<SP ID="P2_SP00460" HPOS="1673" VPOS="2681" WIDTH="22"/>
							<String ID="P2_ST00582" HPOS="1695" VPOS="2650" WIDTH="98" HEIGHT="29" CONTENT="month," WC="0.92" CC="110003"/>
						</TextLine>
						<TextLine ID="P2_TL00115" HPOS="1266" VPOS="2682" WIDTH="528" HEIGHT="28">
							<String ID="P2_ST00583" HPOS="1266" VPOS="2685" WIDTH="26" HEIGHT="21" CONTENT="at" WC="1.00" CC="00"/>
							<SP ID="P2_SP00461" HPOS="1292" VPOS="2706" WIDTH="12"/>
							<String ID="P2_ST00584" HPOS="1304" VPOS="2682" WIDTH="49" HEIGHT="24" CONTENT="less" WC="0.97" CC="0011"/>
							<SP ID="P2_SP00462" HPOS="1353" VPOS="2706" WIDTH="9"/>
							<String ID="P2_ST00585" HPOS="1362" VPOS="2682" WIDTH="59" HEIGHT="25" CONTENT="than" WC="0.95" CC="1110"/>
							<SP ID="P2_SP00463" HPOS="1421" VPOS="2707" WIDTH="14"/>
							<String ID="P2_ST00586" HPOS="1435" VPOS="2683" WIDTH="137" HEIGHT="24" CONTENT="Wholesale" WC="0.94" CC="100002310"/>
							<SP ID="P2_SP00464" HPOS="1572" VPOS="2707" WIDTH="12"/>
							<String ID="P2_ST00587" HPOS="1584" VPOS="2684" WIDTH="58" HEIGHT="26" CONTENT="cost," WC="0.87" CC="50101"/>
							<SP ID="P2_SP00465" HPOS="1642" VPOS="2710" WIDTH="21"/>
							<String ID="P2_ST00588" HPOS="1663" VPOS="2683" WIDTH="49" HEIGHT="24" CONTENT="and" WC="0.96" CC="011"/>
							<SP ID="P2_SP00466" HPOS="1712" VPOS="2710" WIDTH="22"/>
							<String ID="P2_ST00589" HPOS="1734" VPOS="2691" WIDTH="60" HEIGHT="16" CONTENT="con-" WC="0.92" CC="1021"/>
						</TextLine>
						<TextLine ID="P2_TL00116" HPOS="1266" VPOS="2714" WIDTH="529" HEIGHT="32">
							<String ID="P2_ST00590" HPOS="1266" VPOS="2714" WIDTH="120" HEIGHT="32" CONTENT="siderably" WC="0.83" CC="114012016"/>
							<SP ID="P2_SP00467" HPOS="1386" VPOS="2746" WIDTH="12"/>
							<String ID="P2_ST00591" HPOS="1398" VPOS="2714" WIDTH="76" HEIGHT="26" CONTENT="below" WC="0.93" CC="02201"/>
							<SP ID="P2_SP00468" HPOS="1474" VPOS="2746" WIDTH="11"/>
							<String ID="P2_ST00592" HPOS="1485" VPOS="2714" WIDTH="79" HEIGHT="32" CONTENT="prioes" WC="0.95" CC="011101"/>
							<SP ID="P2_SP00469" HPOS="1564" VPOS="2746" WIDTH="12"/>
							<String ID="P2_ST00593" HPOS="1576" VPOS="2714" WIDTH="104" HEIGHT="31" CONTENT="charged" WC="0.88" CC="3102111"/>
							<SP ID="P2_SP00470" HPOS="1680" VPOS="2746" WIDTH="11"/>
							<String ID="P2_ST00594" HPOS="1691" VPOS="2715" WIDTH="37" HEIGHT="24" CONTENT="for" WC="0.91" CC="111"/>
							<SP ID="P2_SP00471" HPOS="1728" VPOS="2746" WIDTH="23"/>
							<String ID="P2_ST00595" HPOS="1751" VPOS="2715" WIDTH="44" HEIGHT="25" CONTENT="the" WC="1.00" CC="000"/>
						</TextLine>
						<TextLine ID="P2_TL00117" HPOS="1266" VPOS="2747" WIDTH="527" HEIGHT="33">
							<String ID="P2_ST00596" HPOS="1266" VPOS="2754" WIDTH="67" HEIGHT="18" CONTENT="same" WC="0.69" CC="9112"/>
							<SP ID="P2_SP00472" HPOS="1333" VPOS="2772" WIDTH="11"/>
							<String ID="P2_ST00597" HPOS="1344" VPOS="2747" WIDTH="93" HEIGHT="33" CONTENT="quality" WC="0.87" CC="4041010"/>
							<SP ID="P2_SP00473" HPOS="1437" VPOS="2780" WIDTH="11"/>
							<String ID="P2_ST00598" HPOS="1448" VPOS="2755" WIDTH="15" HEIGHT="17" CONTENT="o" WC="1.00" CC="0"/>
							<String ID="P2_ST00599" HPOS="1465" VPOS="2747" WIDTH="9" HEIGHT="19" CONTENT="f" WC="0.33" CC="6"/>
							<SP ID="P2_SP00474" HPOS="1474" VPOS="2780" WIDTH="7"/>
							<String ID="P2_ST00600" HPOS="1481" VPOS="2747" WIDTH="97" HEIGHT="27" CONTENT="articles" WC="0.74" CC="91116112"/>
							<SP ID="P2_SP00475" HPOS="1578" VPOS="2780" WIDTH="7"/>
							<String ID="P2_ST00601" HPOS="1585" VPOS="2749" WIDTH="26" HEIGHT="24" CONTENT="at" WC="0.81" CC="31"/>
							<SP ID="P2_SP00476" HPOS="1611" VPOS="2780" WIDTH="9"/>
							<String ID="P2_ST00602" HPOS="1620" VPOS="2747" WIDTH="173" HEIGHT="33" CONTENT="Co-operative" WC="0.88" CC="113123122100"/>
						</TextLine>
						<TextLine ID="P2_TL00118" HPOS="1269" VPOS="2780" WIDTH="91" HEIGHT="23">
							<String ID="P2_ST00603" HPOS="1269" VPOS="2780" WIDTH="91" HEIGHT="23" CONTENT="Stores." WC="0.93" CC="2111011"/>
						</TextLine>
						<TextLine ID="P2_TL00119" HPOS="1266" VPOS="2811" WIDTH="254" HEIGHT="25">
							<String ID="P2_ST00604" HPOS="1266" VPOS="2811" WIDTH="254" HEIGHT="25" CONTENT="FLANNELETTS." WC="0.92" CC="110221121011"/>
						</TextLine>
						<TextLine ID="P2_TL00120" HPOS="1329" VPOS="2848" WIDTH="258" HEIGHT="26">
							<String ID="P2_ST00605" HPOS="1329" VPOS="2848" WIDTH="67" HEIGHT="25" CONTENT="ART" WC="0.95" CC="101"/>
							<SP ID="P2_SP00477" HPOS="1396" VPOS="2873" WIDTH="39"/>
							<String ID="P2_ST00606" HPOS="1435" VPOS="2848" WIDTH="152" HEIGHT="26" CONTENT="MUSLINS" WC="0.98" CC="0011001"/>
						</TextLine>
						<TextLine ID="P2_TL00121" HPOS="1378" VPOS="2885" WIDTH="316" HEIGHT="26">
							<String ID="P2_ST00607" HPOS="1378" VPOS="2885" WIDTH="123" HEIGHT="26" CONTENT="BROWN" WC="0.88" CC="12004"/>
							<SP ID="P2_SP00478" HPOS="1501" VPOS="2911" WIDTH="18"/>
							<String ID="P2_ST00608" HPOS="1519" VPOS="2885" WIDTH="175" HEIGHT="26" CONTENT="HOLLAND," WC="0.97" CC="00000012"/>
						</TextLine>
						<TextLine ID="P2_TL00122" HPOS="1606" VPOS="2922" WIDTH="187" HEIGHT="27">
							<String ID="P2_ST00609" HPOS="1606" VPOS="2922" WIDTH="187" HEIGHT="27" CONTENT="DELAINES." WC="0.91" CC="210112111"/>
						</TextLine>
						<TextLine ID="P2_TL00123" HPOS="1398" VPOS="2963" WIDTH="391" HEIGHT="30">
							<String ID="P2_ST00610" HPOS="1398" VPOS="2963" WIDTH="82" HEIGHT="26" CONTENT="JUST" WC="0.94" CC="1110"/>
							<SP ID="P2_SP00479" HPOS="1480" VPOS="2989" WIDTH="18"/>
							<String ID="P2_ST00611" HPOS="1498" VPOS="2963" WIDTH="167" HEIGHT="30" CONTENT="ARRIVED,." WC="0.88" CC="111121231"/>
							<SP ID="P2_SP00480" HPOS="1665" VPOS="2993" WIDTH="121"/>
							<String ID="P2_ST00612" HPOS="1786" VPOS="2967" WIDTH="3" HEIGHT="22" CONTENT="!" WC="0.93" CC="1"/>
						</TextLine>
						<TextLine ID="P2_TL00124" HPOS="1316" VPOS="3006" WIDTH="428" HEIGHT="29">
							<String ID="P2_ST00613" HPOS="1316" VPOS="3007" WIDTH="15" HEIGHT="24" CONTENT="2" WC="0.70" CC="3" STYLEREFS="TXT_11"/>
							<SP ID="P2_SP00481" HPOS="1331" VPOS="3031" WIDTH="8"/>
							<String ID="P2_ST00614" HPOS="1339" VPOS="3006" WIDTH="84" HEIGHT="25" CONTENT="BAI4ES" WC="0.90" CC="001231" STYLEREFS="TXT_11"/>
							<SP ID="P2_SP00482" HPOS="1423" VPOS="3031" WIDTH="12"/>
							<String ID="P2_ST00615" HPOS="1435" VPOS="3015" WIDTH="86" HEIGHT="17" CONTENT="DIRECT" WC="0.83" CC="216211" STYLEREFS="TXT_11"/>
							<SP ID="P2_SP00483" HPOS="1521" VPOS="3032" WIDTH="11"/>
							<String ID="P2_ST00616" HPOS="1532" VPOS="3015" WIDTH="66" HEIGHT="16" CONTENT="FROM" WC="0.78" CC="3412" STYLEREFS="TXT_11"/>
							<SP ID="P2_SP00484" HPOS="1598" VPOS="3032" WIDTH="13"/>
							<String ID="P2_ST00617" HPOS="1611" VPOS="3007" WIDTH="133" HEIGHT="28" CONTENT="SCOTLAND," WC="0.83" CC="110031442" STYLEREFS="TXT_11"/>
						</TextLine>
						<TextLine ID="P2_TL00125" HPOS="1317" VPOS="3048" WIDTH="428" HEIGHT="28">
							<String ID="P2_ST00618" HPOS="1317" VPOS="3048" WIDTH="116" HEIGHT="26" CONTENT="WHITE" WC="0.96" CC="10001"/>
							<SP ID="P2_SP00485" HPOS="1433" VPOS="3074" WIDTH="23"/>
							<String ID="P2_ST00619" HPOS="1456" VPOS="3048" WIDTH="73" HEIGHT="26" CONTENT="AND" WC="0.91" CC="112"/>
							<SP ID="P2_SP00486" HPOS="1529" VPOS="3074" WIDTH="34"/>
							<String ID="P2_ST00620" HPOS="1563" VPOS="3049" WIDTH="182" HEIGHT="27" CONTENT="COLOURED" WC="0.92" CC="10101222"/>
						</TextLine>
						<TextLine ID="P2_TL00126" HPOS="1411" VPOS="3092" WIDTH="236" HEIGHT="31">
							<String ID="P2_ST00621" HPOS="1411" VPOS="3092" WIDTH="236" HEIGHT="31" CONTENT="BLANKETS." WC="0.96" CC="020011011" STYLEREFS="TXT_2"/>
						</TextLine>
						<TextLine ID="P2_TL00127" HPOS="1374" VPOS="3142" WIDTH="315" HEIGHT="33">
							<String ID="P2_ST00622" HPOS="1374" VPOS="3142" WIDTH="72" HEIGHT="25" CONTENT="From" WC="0.95" CC="1101"/>
							<SP ID="P2_SP00487" HPOS="1446" VPOS="3167" WIDTH="34"/>
							<String ID="P2_ST00623" HPOS="1480" VPOS="3142" WIDTH="42" HEIGHT="32" CONTENT="7/0" WC="0.89" CC="103"/>
							<SP ID="P2_SP00488" HPOS="1522" VPOS="3174" WIDTH="34"/>
							<String ID="P2_ST00624" HPOS="1556" VPOS="3150" WIDTH="44" HEIGHT="25" CONTENT="per" WC="0.90" CC="112"/>
							<SP ID="P2_SP00489" HPOS="1600" VPOS="3175" WIDTH="32"/>
							<String ID="P2_ST00625" HPOS="1632" VPOS="3142" WIDTH="57" HEIGHT="27" CONTENT="Pair" WC="0.94" CC="0111"/>
						</TextLine>
						<TextLine ID="P2_TL00128" HPOS="1324" VPOS="3184" WIDTH="414" HEIGHT="40">
							<String ID="P2_ST00626" HPOS="1324" VPOS="3184" WIDTH="178" HEIGHT="40" CONTENT="CARPET!" WC="0.85" CC="2032311" STYLEREFS="TXT_2"/>
							<SP ID="P2_SP00490" HPOS="1502" VPOS="3224" WIDTH="44"/>
							<String ID="P2_ST00627" HPOS="1546" VPOS="3186" WIDTH="192" HEIGHT="32" CONTENT="CARPET!!" WC="0.90" CC="10412000" STYLEREFS="TXT_2"/>
						</TextLine>
						<TextLine ID="P2_TL00129" HPOS="1287" VPOS="3234" WIDTH="488" HEIGHT="33">
							<String ID="P2_ST00628" HPOS="1287" VPOS="3234" WIDTH="127" HEIGHT="32" CONTENT="Six-penoe" WC="0.91" CC="102102122"/>
							<SP ID="P2_SP00491" HPOS="1414" VPOS="3266" WIDTH="33"/>
							<String ID="P2_ST00629" HPOS="1447" VPOS="3234" WIDTH="143" HEIGHT="33" CONTENT="half-penny" WC="0.80" CC="3101512242"/>
							<SP ID="P2_SP00492" HPOS="1590" VPOS="3267" WIDTH="33"/>
							<String ID="P2_ST00630" HPOS="1623" VPOS="3243" WIDTH="43" HEIGHT="24" CONTENT="per" WC="0.96" CC="101"/>
							<SP ID="P2_SP00493" HPOS="1666" VPOS="3267" WIDTH="35"/>
							<String ID="P2_ST00631" HPOS="1701" VPOS="3236" WIDTH="74" HEIGHT="27" CONTENT="Yard," WC="0.84" CC="42021"/>
						</TextLine>
						<TextLine ID="P2_TL00130" HPOS="1271" VPOS="3277" WIDTH="524" HEIGHT="32">
							<String ID="P2_ST00632" HPOS="1271" VPOS="3277" WIDTH="93" HEIGHT="32" CONTENT="Selling" WC="0.96" CC="1011100"/>
							<SP ID="P2_SP00494" HPOS="1364" VPOS="3309" WIDTH="11"/>
							<String ID="P2_ST00633" HPOS="1375" VPOS="3278" WIDTH="36" HEIGHT="25" CONTENT="off" WC="0.80" CC="033"/>
							<SP ID="P2_SP00495" HPOS="1411" VPOS="3309" WIDTH="20"/>
							<String ID="P2_ST00634" HPOS="1431" VPOS="3278" WIDTH="75" HEIGHT="24" CONTENT="below" WC="0.97" CC="11101"/>
							<SP ID="P2_SP00496" HPOS="1506" VPOS="3309" WIDTH="23"/>
							<String ID="P2_ST00635" HPOS="1529" VPOS="3281" WIDTH="61" HEIGHT="26" CONTENT="cost," WC="0.93" CC="20111"/>
							<SP ID="P2_SP00497" HPOS="1590" VPOS="3309" WIDTH="19"/>
							<String ID="P2_ST00636" HPOS="1609" VPOS="3279" WIDTH="90" HEIGHT="26" CONTENT="Ladies" WC="0.95" CC="121001"/>
							<SP ID="P2_SP00498" HPOS="1699" VPOS="3309" WIDTH="23"/>
							<String ID="P2_ST00637" HPOS="1722" VPOS="3280" WIDTH="73" HEIGHT="26" CONTENT="Utest" WC="0.88" CC="41111"/>
						</TextLine>
						<TextLine ID="P2_TL00131" HPOS="1367" VPOS="3320" WIDTH="329" HEIGHT="27">
							<String ID="P2_ST00638" HPOS="1367" VPOS="3320" WIDTH="128" HEIGHT="26" CONTENT="fashioned" WC="0.95" CC="110111101"/>
							<SP ID="P2_SP00499" HPOS="1495" VPOS="3346" WIDTH="26"/>
							<String ID="P2_ST00639" HPOS="1521" VPOS="3320" WIDTH="79" HEIGHT="26" CONTENT="Straw" WC="0.85" CC="21411"/>
							<SP ID="P2_SP00500" HPOS="1600" VPOS="3346" WIDTH="25"/>
							<String ID="P2_ST00640" HPOS="1625" VPOS="3320" WIDTH="71" HEIGHT="27" CONTENT="Hats." WC="0.82" CC="14041"/>
						</TextLine>
						<TextLine ID="P2_TL00132" HPOS="1273" VPOS="3455" WIDTH="522" HEIGHT="54">
							<String ID="P2_ST00641" HPOS="1273" VPOS="3455" WIDTH="246" HEIGHT="46" CONTENT="PUBLIC" WC="0.92" CC="111101" STYLEREFS="TXT_8"/>
							<SP ID="P2_SP00501" HPOS="1519" VPOS="3501" WIDTH="17"/>
							<String ID="P2_ST00642" HPOS="1536" VPOS="3455" WIDTH="259" HEIGHT="54" CONTENT="NOTICE." WC="0.75" CC="4010921" STYLEREFS="TXT_8"/>
						</TextLine>
						<TextLine ID="P2_TL00133" HPOS="1272" VPOS="3566" WIDTH="527" HEIGHT="34">
							<String ID="P2_ST00643" HPOS="1272" VPOS="3566" WIDTH="305" HEIGHT="32" CONTENT="mRESPASSERS" WC="0.86" CC="22211122112" STYLEREFS="TXT_2"/>
							<SP ID="P2_SP00502" HPOS="1577" VPOS="3598" WIDTH="67"/>
							<String ID="P2_ST00644" HPOS="1644" VPOS="3579" WIDTH="40" HEIGHT="19" CONTENT="on" WC="1.00" CC="00" STYLEREFS="TXT_2"/>
							<SP ID="P2_SP00503" HPOS="1684" VPOS="3598" WIDTH="64"/>
							<String ID="P2_ST00645" HPOS="1748" VPOS="3571" WIDTH="51" HEIGHT="29" CONTENT="the" WC="0.89" CC="310" STYLEREFS="TXT_2"/>
						</TextLine>
						<TextLine ID="P2_TL00134" HPOS="1282" VPOS="3607" WIDTH="517" HEIGHT="41">
							<String ID="P2_ST00646" HPOS="1282" VPOS="3610" WIDTH="24" HEIGHT="37" CONTENT="£" WC="0.44" CC="5" STYLEREFS="TXT_12"/>
							<SP ID="P2_SP00504" HPOS="1306" VPOS="3647" WIDTH="50"/>
							<String ID="P2_ST00647" HPOS="1356" VPOS="3607" WIDTH="93" HEIGHT="31" CONTENT="Farm" WC="0.81" CC="4031" STYLEREFS="TXT_2"/>
							<SP ID="P2_SP00505" HPOS="1449" VPOS="3647" WIDTH="10"/>
							<String ID="P2_ST00648" HPOS="1459" VPOS="3608" WIDTH="115" HEIGHT="31" CONTENT="Icnown" WC="0.80" CC="531112" STYLEREFS="TXT_2"/>
							<SP ID="P2_SP00506" HPOS="1574" VPOS="3647" WIDTH="15"/>
							<String ID="P2_ST00649" HPOS="1589" VPOS="3617" WIDTH="34" HEIGHT="21" CONTENT="as" WC="0.78" CC="13" STYLEREFS="TXT_2"/>
							<SP ID="P2_SP00507" HPOS="1623" VPOS="3647" WIDTH="12"/>
							<String ID="P2_ST00650" HPOS="1635" VPOS="3608" WIDTH="118" HEIGHT="40" CONTENT="Snell'e," WC="0.81" CC="21211351" STYLEREFS="TXT_2"/>
							<SP ID="P2_SP00508" HPOS="1753" VPOS="3648" WIDTH="14"/>
							<String ID="P2_ST00651" HPOS="1767" VPOS="3613" WIDTH="32" HEIGHT="27" CONTENT="at" WC="0.91" CC="20" STYLEREFS="TXT_2"/>
						</TextLine>
						<TextLine ID="P2_TL00135" HPOS="1274" VPOS="3647" WIDTH="523" HEIGHT="43">
							<String ID="P2_ST00652" HPOS="1274" VPOS="3647" WIDTH="84" HEIGHT="31" CONTENT="West" WC="0.94" CC="1011" STYLEREFS="TXT_2"/>
							<SP ID="P2_SP00509" HPOS="1358" VPOS="3678" WIDTH="25"/>
							<String ID="P2_ST00653" HPOS="1383" VPOS="3647" WIDTH="128" HEIGHT="36" CONTENT="Oxford," WC="0.85" CC="0220422" STYLEREFS="TXT_2"/>
							<SP ID="P2_SP00510" HPOS="1511" VPOS="3683" WIDTH="28"/>
							<String ID="P2_ST00654" HPOS="1539" VPOS="3648" WIDTH="63" HEIGHT="31" CONTENT="will" WC="0.92" CC="2111" STYLEREFS="TXT_2"/>
							<SP ID="P2_SP00511" HPOS="1602" VPOS="3683" WIDTH="27"/>
							<String ID="P2_ST00655" HPOS="1629" VPOS="3649" WIDTH="38" HEIGHT="31" CONTENT="be" WC="0.93" CC="11" STYLEREFS="TXT_2"/>
							<SP ID="P2_SP00512" HPOS="1667" VPOS="3683" WIDTH="28"/>
							<String ID="P2_ST00656" HPOS="1695" VPOS="3659" WIDTH="102" HEIGHT="31" CONTENT="prose-" WC="0.77" CC="211127" STYLEREFS="TXT_2"/>
						</TextLine>
						<TextLine ID="P2_TL00136" HPOS="1274" VPOS="3687" WIDTH="99" HEIGHT="31">
							<String ID="P2_ST00657" HPOS="1274" VPOS="3687" WIDTH="99" HEIGHT="31" CONTENT="cuted." WC="0.95" CC="010101" STYLEREFS="TXT_2"/>
						</TextLine>
						<TextLine ID="P2_TL00137" HPOS="1376" VPOS="3737" WIDTH="319" HEIGHT="39">
							<String ID="P2_ST00658" HPOS="1376" VPOS="3737" WIDTH="111" HEIGHT="33" CONTENT="JOHN" WC="0.92" CC="1012" STYLEREFS="TXT_2"/>
							<SP ID="P2_SP00513" HPOS="1487" VPOS="3770" WIDTH="35"/>
							<String ID="P2_ST00659" HPOS="1522" VPOS="3737" WIDTH="173" HEIGHT="39" CONTENT="INGRAM," WC="0.91" CC="0141001" STYLEREFS="TXT_2"/>
						</TextLine>
						<TextLine ID="P2_TL00138" HPOS="1498" VPOS="3779" WIDTH="301" HEIGHT="41">
							<String ID="P2_ST00660" HPOS="1498" VPOS="3779" WIDTH="105" HEIGHT="41" CONTENT="Agent" WC="0.64" CC="14931" STYLEREFS="TXT_2"/>
							<SP ID="P2_SP00514" HPOS="1603" VPOS="3820" WIDTH="13"/>
							<String ID="P2_ST00661" HPOS="1616" VPOS="3779" WIDTH="51" HEIGHT="32" CONTENT="f&lt;r" WC="0.70" CC="126" STYLEREFS="TXT_2"/>
							<SP ID="P2_SP00515" HPOS="1667" VPOS="3820" WIDTH="12"/>
							<String ID="P2_ST00662" HPOS="1679" VPOS="3779" WIDTH="120" HEIGHT="36" CONTENT="Owner." WC="0.75" CC="119221" STYLEREFS="TXT_2"/>
						</TextLine>
					</TextBlock>
				</ComposedBlock>
				<ComposedBlock ID="P2_CB00003" HPOS="614" VPOS="168" WIDTH="582" HEIGHT="3654" TYPE="Advertisement">
					<TextBlock ID="P2_TB00006" HPOS="614" VPOS="168" WIDTH="582" HEIGHT="3654" STYLEREFS="TXT_2 PAR_LEFT">
						<TextLine ID="P2_TL00139" HPOS="664" VPOS="169" WIDTH="519" HEIGHT="30">
							<String ID="P2_ST00663" HPOS="664" VPOS="169" WIDTH="101" HEIGHT="29" CONTENT="tioued" WC="0.95" CC="011210"/>
							<SP ID="P2_SP00516" HPOS="765" VPOS="198" WIDTH="25"/>
							<String ID="P2_ST00664" HPOS="790" VPOS="170" WIDTH="113" HEIGHT="29" CONTENT="section" WC="0.96" CC="1110001"/>
							<SP ID="P2_SP00517" HPOS="903" VPOS="199" WIDTH="28"/>
							<String ID="P2_ST00665" HPOS="931" VPOS="172" WIDTH="33" HEIGHT="26" CONTENT="to" WC="1.00" CC="00"/>
							<SP ID="P2_SP00518" HPOS="964" VPOS="199" WIDTH="28"/>
							<String ID="P2_ST00666" HPOS="992" VPOS="169" WIDTH="53" HEIGHT="30" CONTENT="the" WC="0.99" CC="001"/>
							<SP ID="P2_SP00519" HPOS="1045" VPOS="199" WIDTH="38"/>
							<String ID="P2_ST00667" HPOS="1083" VPOS="170" WIDTH="100" HEIGHT="29" CONTENT="North" WC="0.90" CC="50000"/>
						</TextLine>
						<TextLine ID="P2_TL00140" HPOS="664" VPOS="210" WIDTH="519" HEIGHT="35">
							<String ID="P2_ST00668" HPOS="664" VPOS="210" WIDTH="74" HEIGHT="29" CONTENT="East" WC="0.83" CC="1151"/>
							<SP ID="P2_SP00520" HPOS="738" VPOS="239" WIDTH="32"/>
							<String ID="P2_ST00669" HPOS="770" VPOS="220" WIDTH="107" HEIGHT="19" CONTENT="corner" WC="0.91" CC="110221"/>
							<SP ID="P2_SP00521" HPOS="877" VPOS="239" WIDTH="36"/>
							<String ID="P2_ST00670" HPOS="913" VPOS="210" WIDTH="124" HEIGHT="35" CONTENT="thereof," WC="0.96" CC="00101011"/>
							<SP ID="P2_SP00522" HPOS="1037" VPOS="245" WIDTH="40"/>
							<String ID="P2_ST00671" HPOS="1077" VPOS="211" WIDTH="106" HEIGHT="29" CONTENT="thence" WC="0.90" CC="011114"/>
						</TextLine>
						<TextLine ID="P2_TL00141" HPOS="662" VPOS="250" WIDTH="521" HEIGHT="40">
							<String ID="P2_ST00672" HPOS="662" VPOS="260" WIDTH="98" HEIGHT="19" CONTENT="across" WC="0.91" CC="111021"/>
							<SP ID="P2_SP00523" HPOS="760" VPOS="279" WIDTH="13"/>
							<String ID="P2_ST00673" HPOS="773" VPOS="250" WIDTH="48" HEIGHT="29" CONTENT="the" WC="0.70" CC="711"/>
							<SP ID="P2_SP00524" HPOS="821" VPOS="279" WIDTH="15"/>
							<String ID="P2_ST00674" HPOS="836" VPOS="250" WIDTH="82" HEIGHT="29" CONTENT="Road" WC="0.95" CC="1001"/>
							<SP ID="P2_SP00525" HPOS="918" VPOS="279" WIDTH="13"/>
							<String ID="P2_ST00675" HPOS="931" VPOS="251" WIDTH="60" HEIGHT="29" CONTENT="and" WC="0.95" CC="110"/>
							<SP ID="P2_SP00526" HPOS="991" VPOS="280" WIDTH="23"/>
							<String ID="P2_ST00676" HPOS="1014" VPOS="251" WIDTH="89" HEIGHT="39" CONTENT="along" WC="0.93" CC="11012"/>
							<SP ID="P2_SP00527" HPOS="1103" VPOS="290" WIDTH="27"/>
							<String ID="P2_ST00677" HPOS="1130" VPOS="252" WIDTH="53" HEIGHT="28" CONTENT="the" WC="1.00" CC="000"/>
						</TextLine>
						<TextLine ID="P2_TL00142" HPOS="661" VPOS="290" WIDTH="521" HEIGHT="30">
							<String ID="P2_ST00678" HPOS="661" VPOS="291" WIDTH="131" HEIGHT="29" CONTENT="Eastern" WC="0.94" CC="1110200"/>
							<SP ID="P2_SP00528" HPOS="792" VPOS="320" WIDTH="13"/>
							<String ID="P2_ST00679" HPOS="805" VPOS="290" WIDTH="178" HEIGHT="30" CONTENT="boundaries" WC="0.93" CC="0101001113"/>
							<SP ID="P2_SP00529" HPOS="983" VPOS="320" WIDTH="15"/>
							<String ID="P2_ST00680" HPOS="998" VPOS="292" WIDTH="31" HEIGHT="28" CONTENT="of" WC="0.93" CC="02"/>
							<SP ID="P2_SP00530" HPOS="1029" VPOS="320" WIDTH="25"/>
							<String ID="P2_ST00681" HPOS="1054" VPOS="291" WIDTH="128" HEIGHT="29" CONTENT="sections" WC="0.94" CC="10211010"/>
						</TextLine>
						<TextLine ID="P2_TL00143" HPOS="662" VPOS="331" WIDTH="521" HEIGHT="35">
							<String ID="P2_ST00682" HPOS="662" VPOS="331" WIDTH="108" HEIGHT="34" CONTENT="16681," WC="0.89" CC="051001"/>
							<String ID="P2_ST00683" HPOS="781" VPOS="332" WIDTH="108" HEIGHT="34" CONTENT="30631," WC="0.90" CC="111310"/>
							<SP ID="P2_SP00531" HPOS="889" VPOS="366" WIDTH="10"/>
							<String ID="P2_ST00684" HPOS="899" VPOS="331" WIDTH="59" HEIGHT="29" CONTENT="and" WC="0.95" CC="111"/>
							<SP ID="P2_SP00532" HPOS="958" VPOS="366" WIDTH="14"/>
							<String ID="P2_ST00685" HPOS="972" VPOS="333" WIDTH="77" HEIGHT="27" CONTENT="1838" WC="0.62" CC="4290"/>
							<SP ID="P2_SP00533" HPOS="1049" VPOS="366" WIDTH="24"/>
							<String ID="P2_ST00686" HPOS="1073" VPOS="335" WIDTH="33" HEIGHT="26" CONTENT="to" WC="0.96" CC="11"/>
							<SP ID="P2_SP00534" HPOS="1106" VPOS="366" WIDTH="25"/>
							<String ID="P2_ST00687" HPOS="1131" VPOS="333" WIDTH="52" HEIGHT="28" CONTENT="the" WC="0.84" CC="140"/>
						</TextLine>
						<TextLine ID="P2_TL00144" HPOS="661" VPOS="371" WIDTH="523" HEIGHT="30">
							<String ID="P2_ST00688" HPOS="661" VPOS="371" WIDTH="99" HEIGHT="29" CONTENT="North" WC="0.95" CC="11110"/>
							<SP ID="P2_SP00535" HPOS="760" VPOS="400" WIDTH="19"/>
							<String ID="P2_ST00689" HPOS="779" VPOS="372" WIDTH="70" HEIGHT="28" CONTENT="East" WC="0.71" CC="5151"/>
							<SP ID="P2_SP00536" HPOS="849" VPOS="400" WIDTH="11"/>
							<String ID="P2_ST00690" HPOS="860" VPOS="381" WIDTH="105" HEIGHT="19" CONTENT="corner" WC="0.99" CC="001100"/>
							<SP ID="P2_SP00537" HPOS="965" VPOS="400" WIDTH="28"/>
							<String ID="P2_ST00691" HPOS="993" VPOS="373" WIDTH="33" HEIGHT="26" CONTENT="of" WC="0.93" CC="02"/>
							<SP ID="P2_SP00538" HPOS="1026" VPOS="400" WIDTH="21"/>
							<String ID="P2_ST00692" HPOS="1047" VPOS="372" WIDTH="50" HEIGHT="29" CONTENT="the" WC="0.94" CC="111"/>
							<SP ID="P2_SP00539" HPOS="1097" VPOS="401" WIDTH="28"/>
							<String ID="P2_ST00693" HPOS="1125" VPOS="373" WIDTH="59" HEIGHT="28" CONTENT="last" WC="0.93" CC="0120"/>
						</TextLine>
						<TextLine ID="P2_TL00145" HPOS="657" VPOS="411" WIDTH="524" HEIGHT="35">
							<String ID="P2_ST00694" HPOS="657" VPOS="411" WIDTH="178" HEIGHT="29" CONTENT="•mentioned" WC="0.87" CC="6051000111"/>
							<SP ID="P2_SP00540" HPOS="835" VPOS="440" WIDTH="18"/>
							<String ID="P2_ST00695" HPOS="853" VPOS="413" WIDTH="123" HEIGHT="33" CONTENT="section," WC="0.93" CC="11121012"/>
							<SP ID="P2_SP00541" HPOS="976" VPOS="446" WIDTH="16"/>
							<String ID="P2_ST00696" HPOS="992" VPOS="412" WIDTH="106" HEIGHT="29" CONTENT="thence" WC="0.96" CC="001112"/>
							<SP ID="P2_SP00542" HPOS="1098" VPOS="446" WIDTH="9"/>
							<String ID="P2_ST00697" HPOS="1107" VPOS="413" WIDTH="29" HEIGHT="27" CONTENT="m" WC="0.96" CC="0"/>
							<SP ID="P2_SP00543" HPOS="1136" VPOS="446" WIDTH="31"/>
							<String ID="P2_ST00698" HPOS="1167" VPOS="423" WIDTH="14" HEIGHT="17" CONTENT="a" WC="0.93" CC="1"/>
						</TextLine>
						<TextLine ID="P2_TL00146" HPOS="662" VPOS="451" WIDTH="522" HEIGHT="39">
							<String ID="P2_ST00699" HPOS="662" VPOS="451" WIDTH="131" HEIGHT="38" CONTENT="straight" WC="0.97" CC="11010101"/>
							<SP ID="P2_SP00544" HPOS="793" VPOS="489" WIDTH="28"/>
							<String ID="P2_ST00700" HPOS="821" VPOS="453" WIDTH="60" HEIGHT="28" CONTENT="line" WC="0.98" CC="0110"/>
							<SP ID="P2_SP00545" HPOS="881" VPOS="489" WIDTH="32"/>
							<String ID="P2_ST00701" HPOS="913" VPOS="456" WIDTH="30" HEIGHT="25" CONTENT="to" WC="0.94" CC="10"/>
							<SP ID="P2_SP00546" HPOS="943" VPOS="489" WIDTH="28"/>
							<String ID="P2_ST00702" HPOS="971" VPOS="453" WIDTH="51" HEIGHT="28" CONTENT="the" WC="0.95" CC="101"/>
							<SP ID="P2_SP00547" HPOS="1022" VPOS="489" WIDTH="29"/>
							<String ID="P2_ST00703" HPOS="1051" VPOS="452" WIDTH="133" HEIGHT="38" CONTENT="starting" WC="0.95" CC="00101021"/>
						</TextLine>
						<TextLine ID="P2_TL00147" HPOS="662" VPOS="492" WIDTH="522" HEIGHT="39">
							<String ID="P2_ST00704" HPOS="662" VPOS="493" WIDTH="92" HEIGHT="37" CONTENT="point." WC="0.96" CC="100111"/>
							<SP ID="P2_SP00548" HPOS="754" VPOS="530" WIDTH="42"/>
							<String ID="P2_ST00705" HPOS="796" VPOS="492" WIDTH="41" HEIGHT="29" CONTENT="As" WC="0.98" CC="01"/>
							<SP ID="P2_SP00549" HPOS="837" VPOS="530" WIDTH="10"/>
							<String ID="P2_ST00706" HPOS="847" VPOS="493" WIDTH="102" HEIGHT="28" CONTENT="shown" WC="0.89" CC="11031"/>
							<SP ID="P2_SP00550" HPOS="949" VPOS="530" WIDTH="16"/>
							<String ID="P2_ST00707" HPOS="965" VPOS="503" WIDTH="38" HEIGHT="18" CONTENT="on" WC="1.00" CC="00"/>
							<SP ID="P2_SP00551" HPOS="1003" VPOS="530" WIDTH="24"/>
							<String ID="P2_ST00708" HPOS="1027" VPOS="493" WIDTH="70" HEIGHT="38" CONTENT="plan" WC="0.94" CC="0012"/>
							<SP ID="P2_SP00552" HPOS="1097" VPOS="531" WIDTH="29"/>
							<String ID="P2_ST00709" HPOS="1126" VPOS="493" WIDTH="58" HEIGHT="28" CONTENT="de-" WC="0.94" CC="011"/>
						</TextLine>
						<TextLine ID="P2_TL00148" HPOS="662" VPOS="532" WIDTH="521" HEIGHT="38">
							<String ID="P2_ST00710" HPOS="662" VPOS="532" WIDTH="114" HEIGHT="38" CONTENT="posited" WC="0.93" CC="0021111"/>
							<SP ID="P2_SP00553" HPOS="776" VPOS="570" WIDTH="22"/>
							<String ID="P2_ST00711" HPOS="798" VPOS="532" WIDTH="32" HEIGHT="28" CONTENT="m" WC="0.93" CC="0"/>
							<SP ID="P2_SP00554" HPOS="830" VPOS="570" WIDTH="37"/>
							<String ID="P2_ST00712" HPOS="867" VPOS="533" WIDTH="52" HEIGHT="28" CONTENT="the" WC="0.91" CC="112"/>
							<SP ID="P2_SP00555" HPOS="919" VPOS="570" WIDTH="33"/>
							<String ID="P2_ST00713" HPOS="952" VPOS="533" WIDTH="96" HEIGHT="29" CONTENT="Road" WC="0.94" CC="2011"/>
							<SP ID="P2_SP00556" HPOS="1048" VPOS="570" WIDTH="34"/>
							<String ID="P2_ST00714" HPOS="1082" VPOS="533" WIDTH="101" HEIGHT="29" CONTENT="Board" WC="0.82" CC="43111"/>
						</TextLine>
						<TextLine ID="P2_TL00149" HPOS="662" VPOS="572" WIDTH="522" HEIGHT="35">
							<String ID="P2_ST00715" HPOS="662" VPOS="572" WIDTH="102" HEIGHT="34" CONTENT="Office," WC="0.84" CC="1333101"/>
							<SP ID="P2_SP00557" HPOS="764" VPOS="606" WIDTH="34"/>
							<String ID="P2_ST00716" HPOS="798" VPOS="572" WIDTH="126" HEIGHT="35" CONTENT="Oxford," WC="0.96" CC="0110002"/>
							<SP ID="P2_SP00558" HPOS="924" VPOS="607" WIDTH="36"/>
							<String ID="P2_ST00717" HPOS="960" VPOS="572" WIDTH="61" HEIGHT="30" CONTENT="and" WC="0.96" CC="110"/>
							<SP ID="P2_SP00559" HPOS="1021" VPOS="607" WIDTH="38"/>
							<String ID="P2_ST00718" HPOS="1059" VPOS="573" WIDTH="125" HEIGHT="29" CONTENT="thereon" WC="0.98" CC="1101000"/>
						</TextLine>
						<TextLine ID="P2_TL00150" HPOS="663" VPOS="613" WIDTH="239" HEIGHT="38">
							<String ID="P2_ST00719" HPOS="663" VPOS="613" WIDTH="141" HEIGHT="29" CONTENT="coloured" WC="0.99" CC="10100010"/>
							<SP ID="P2_SP00560" HPOS="804" VPOS="642" WIDTH="14"/>
							<String ID="P2_ST00720" HPOS="818" VPOS="613" WIDTH="84" HEIGHT="38" CONTENT="pink." WC="0.96" CC="11010"/>
						</TextLine>
						<TextLine ID="P2_TL00151" HPOS="661" VPOS="661" WIDTH="168" HEIGHT="40">
							<String ID="P2_ST00721" HPOS="661" VPOS="661" WIDTH="50" HEIGHT="40" CONTENT="By" WC="1.00" CC="00" STYLEREFS="TXT_12"/>
							<SP ID="P2_SP00561" HPOS="711" VPOS="701" WIDTH="15"/>
							<String ID="P2_ST00722" HPOS="726" VPOS="661" WIDTH="103" HEIGHT="31" CONTENT="Order." WC="0.91" CC="011311"/>
						</TextLine>
						<TextLine ID="P2_TL00152" HPOS="741" VPOS="712" WIDTH="402" HEIGHT="38">
							<String ID="P2_ST00723" HPOS="741" VPOS="712" WIDTH="134" HEIGHT="31" CONTENT="JAMES" WC="0.90" CC="20221"/>
							<SP ID="P2_SP00562" HPOS="875" VPOS="743" WIDTH="15"/>
							<String ID="P2_ST00724" HPOS="890" VPOS="713" WIDTH="40" HEIGHT="30" CONTENT="H." WC="0.91" CC="21"/>
							<SP ID="P2_SP00563" HPOS="930" VPOS="743" WIDTH="18"/>
							<String ID="P2_ST00725" HPOS="948" VPOS="712" WIDTH="195" HEIGHT="38" CONTENT="SHARPE," WC="0.90" CC="3130011"/>
						</TextLine>
						<TextLine ID="P2_TL00153" HPOS="866" VPOS="763" WIDTH="318" HEIGHT="31">
							<String ID="P2_ST00726" HPOS="866" VPOS="763" WIDTH="91" HEIGHT="31" CONTENT="Clerk" WC="0.98" CC="00110"/>
							<SP ID="P2_SP00564" HPOS="957" VPOS="794" WIDTH="17"/>
							<String ID="P2_ST00727" HPOS="974" VPOS="767" WIDTH="30" HEIGHT="27" CONTENT="to" WC="0.69" CC="60"/>
							<SP ID="P2_SP00565" HPOS="1004" VPOS="794" WIDTH="12"/>
							<String ID="P2_ST00728" HPOS="1016" VPOS="764" WIDTH="50" HEIGHT="30" CONTENT="the" WC="0.94" CC="120"/>
							<SP ID="P2_SP00566" HPOS="1066" VPOS="794" WIDTH="9"/>
							<String ID="P2_ST00729" HPOS="1075" VPOS="764" WIDTH="109" HEIGHT="30" CONTENT="Board." WC="0.97" CC="100001"/>
						</TextLine>
						<TextLine ID="P2_TL00154" HPOS="686" VPOS="877" WIDTH="482" HEIGHT="30">
							<String ID="P2_ST00730" HPOS="686" VPOS="877" WIDTH="169" HEIGHT="30" CONTENT="OXFORD" WC="0.93" CC="111011"/>
							<SP ID="P2_SP00567" HPOS="855" VPOS="907" WIDTH="21"/>
							<String ID="P2_ST00731" HPOS="876" VPOS="877" WIDTH="110" HEIGHT="30" CONTENT="ROAD" WC="0.93" CC="2011"/>
							<SP ID="P2_SP00568" HPOS="986" VPOS="907" WIDTH="34"/>
							<String ID="P2_ST00732" HPOS="1020" VPOS="877" WIDTH="148" HEIGHT="30" CONTENT="BOARD." WC="0.96" CC="000211"/>
						</TextLine>
						<TextLine ID="P2_TL00155" HPOS="666" VPOS="975" WIDTH="524" HEIGHT="32">
							<String ID="P2_ST00733" HPOS="666" VPOS="977" WIDTH="153" HEIGHT="30" CONTENT="Cooper's" WC="0.95" CC="00001211"/>
							<SP ID="P2_SP00569" HPOS="819" VPOS="1007" WIDTH="16"/>
							<String ID="P2_ST00734" HPOS="835" VPOS="977" WIDTH="108" HEIGHT="30" CONTENT="Creek" WC="0.97" CC="01110"/>
							<SP ID="P2_SP00570" HPOS="943" VPOS="1007" WIDTH="22"/>
							<String ID="P2_ST00735" HPOS="965" VPOS="976" WIDTH="124" HEIGHT="30" CONTENT="Water" WC="0.95" CC="10011"/>
							<SP ID="P2_SP00571" HPOS="1089" VPOS="1007" WIDTH="14"/>
							<String ID="P2_ST00736" HPOS="1103" VPOS="975" WIDTH="87" HEIGHT="31" CONTENT="Race" WC="0.94" CC="1111"/>
						</TextLine>
						<TextLine ID="P2_TL00156" HPOS="845" VPOS="1027" WIDTH="160" HEIGHT="31">
							<String ID="P2_ST00737" HPOS="845" VPOS="1027" WIDTH="160" HEIGHT="31" CONTENT="District." WC="0.95" CC="001031100"/>
						</TextLine>
						<TextLine ID="P2_TL00157" HPOS="666" VPOS="1077" WIDTH="524" HEIGHT="78">
							<String ID="P2_ST00738" HPOS="666" VPOS="1077" WIDTH="164" HEIGHT="78" CONTENT="NOTICE" WC="0.97" CC="110000"/>
							<SP ID="P2_SP00572" HPOS="830" VPOS="1155" WIDTH="17"/>
							<String ID="P2_ST00739" HPOS="847" VPOS="1077" WIDTH="25" HEIGHT="30" CONTENT="is" WC="0.91" CC="11"/>
							<SP ID="P2_SP00573" HPOS="872" VPOS="1155" WIDTH="12"/>
							<String ID="P2_ST00740" HPOS="884" VPOS="1077" WIDTH="112" HEIGHT="40" CONTENT="hereby" WC="0.97" CC="110000"/>
							<SP ID="P2_SP00574" HPOS="996" VPOS="1155" WIDTH="13"/>
							<String ID="P2_ST00741" HPOS="1009" VPOS="1078" WIDTH="89" HEIGHT="39" CONTENT="given" WC="0.94" CC="10102"/>
							<SP ID="P2_SP00575" HPOS="1098" VPOS="1155" WIDTH="23"/>
							<String ID="P2_ST00742" HPOS="1121" VPOS="1078" WIDTH="69" HEIGHT="29" CONTENT="that" WC="0.96" CC="0200"/>
						</TextLine>
						<TextLine ID="P2_TL00158" HPOS="748" VPOS="1118" WIDTH="441" HEIGHT="39">
							<String ID="P2_ST00743" HPOS="748" VPOS="1128" WIDTH="18" HEIGHT="19" CONTENT="a" WC="1.00" CC="0"/>
							<SP ID="P2_SP00576" HPOS="766" VPOS="1147" WIDTH="10"/>
							<String ID="P2_ST00744" HPOS="776" VPOS="1118" WIDTH="70" HEIGHT="39" CONTENT="plan" WC="0.98" CC="1010"/>
							<SP ID="P2_SP00577" HPOS="846" VPOS="1157" WIDTH="10"/>
							<String ID="P2_ST00745" HPOS="856" VPOS="1118" WIDTH="140" HEIGHT="38" CONTENT="showing" WC="0.94" CC="2101011"/>
							<SP ID="P2_SP00578" HPOS="996" VPOS="1157" WIDTH="21"/>
							<String ID="P2_ST00746" HPOS="1017" VPOS="1119" WIDTH="53" HEIGHT="28" CONTENT="the" WC="1.00" CC="000"/>
							<SP ID="P2_SP00579" HPOS="1070" VPOS="1157" WIDTH="24"/>
							<String ID="P2_ST00747" HPOS="1094" VPOS="1119" WIDTH="95" HEIGHT="29" CONTENT="boun-" WC="0.95" CC="10111"/>
						</TextLine>
						<TextLine ID="P2_TL00159" HPOS="665" VPOS="1158" WIDTH="523" HEIGHT="30">
							<String ID="P2_ST00748" HPOS="665" VPOS="1159" WIDTH="98" HEIGHT="29" CONTENT="daries" WC="0.96" CC="011002"/>
							<SP ID="P2_SP00580" HPOS="763" VPOS="1188" WIDTH="14"/>
							<String ID="P2_ST00749" HPOS="777" VPOS="1159" WIDTH="33" HEIGHT="28" CONTENT="of" WC="0.96" CC="01"/>
							<SP ID="P2_SP00581" HPOS="810" VPOS="1188" WIDTH="13"/>
							<String ID="P2_ST00750" HPOS="823" VPOS="1159" WIDTH="52" HEIGHT="28" CONTENT="the" WC="0.96" CC="011"/>
							<SP ID="P2_SP00582" HPOS="875" VPOS="1188" WIDTH="12"/>
							<String ID="P2_ST00751" HPOS="887" VPOS="1159" WIDTH="95" HEIGHT="29" CONTENT="above" WC="0.96" CC="10010"/>
							<SP ID="P2_SP00583" HPOS="982" VPOS="1188" WIDTH="9"/>
							<String ID="P2_ST00752" HPOS="991" VPOS="1158" WIDTH="104" HEIGHT="29" CONTENT="Water" WC="0.99" CC="00001"/>
							<SP ID="P2_SP00584" HPOS="1095" VPOS="1188" WIDTH="13"/>
							<String ID="P2_ST00753" HPOS="1108" VPOS="1158" WIDTH="80" HEIGHT="30" CONTENT="Race" WC="0.91" CC="1030"/>
						</TextLine>
						<TextLine ID="P2_TL00160" HPOS="667" VPOS="1198" WIDTH="523" HEIGHT="39">
							<String ID="P2_ST00754" HPOS="667" VPOS="1198" WIDTH="135" HEIGHT="36" CONTENT="District," WC="0.96" CC="010001011"/>
							<SP ID="P2_SP00585" HPOS="802" VPOS="1234" WIDTH="11"/>
							<String ID="P2_ST00755" HPOS="813" VPOS="1199" WIDTH="56" HEIGHT="29" CONTENT="has" WC="0.95" CC="101"/>
							<SP ID="P2_SP00586" HPOS="869" VPOS="1234" WIDTH="16"/>
							<String ID="P2_ST00756" HPOS="885" VPOS="1199" WIDTH="75" HEIGHT="30" CONTENT="been" WC="0.98" CC="0001"/>
							<SP ID="P2_SP00587" HPOS="960" VPOS="1234" WIDTH="14"/>
							<String ID="P2_ST00757" HPOS="974" VPOS="1199" WIDTH="157" HEIGHT="38" CONTENT="deposited" WC="0.96" CC="010021002"/>
							<SP ID="P2_SP00588" HPOS="1131" VPOS="1237" WIDTH="27"/>
							<String ID="P2_ST00758" HPOS="1158" VPOS="1199" WIDTH="32" HEIGHT="29" CONTENT="m" WC="1.00" CC="0"/>
						</TextLine>
						<TextLine ID="P2_TL00161" HPOS="664" VPOS="1239" WIDTH="525" HEIGHT="35">
							<String ID="P2_ST00759" HPOS="664" VPOS="1240" WIDTH="53" HEIGHT="28" CONTENT="the" WC="0.96" CC="110"/>
							<SP ID="P2_SP00589" HPOS="717" VPOS="1268" WIDTH="15"/>
							<String ID="P2_ST00760" HPOS="732" VPOS="1239" WIDTH="84" HEIGHT="28" CONTENT="Road" WC="0.99" CC="1000"/>
							<SP ID="P2_SP00590" HPOS="816" VPOS="1268" WIDTH="14"/>
							<String ID="P2_ST00761" HPOS="830" VPOS="1239" WIDTH="100" HEIGHT="29" CONTENT="Board" WC="0.97" CC="00111"/>
							<SP ID="P2_SP00591" HPOS="930" VPOS="1268" WIDTH="16"/>
							<String ID="P2_ST00762" HPOS="946" VPOS="1239" WIDTH="103" HEIGHT="35" CONTENT="Office," WC="0.96" CC="0111001"/>
							<SP ID="P2_SP00592" HPOS="1049" VPOS="1274" WIDTH="15"/>
							<String ID="P2_ST00763" HPOS="1064" VPOS="1239" WIDTH="125" HEIGHT="35" CONTENT="Oxford," WC="0.99" CC="0000010"/>
						</TextLine>
						<TextLine ID="P2_TL00162" HPOS="665" VPOS="1279" WIDTH="523" HEIGHT="38">
							<String ID="P2_ST00764" HPOS="665" VPOS="1279" WIDTH="59" HEIGHT="28" CONTENT="and" WC="0.97" CC="010"/>
							<SP ID="P2_SP00593" HPOS="724" VPOS="1307" WIDTH="9"/>
							<String ID="P2_ST00765" HPOS="733" VPOS="1279" WIDTH="27" HEIGHT="29" CONTENT="is" WC="0.96" CC="01"/>
							<SP ID="P2_SP00594" HPOS="760" VPOS="1308" WIDTH="15"/>
							<String ID="P2_ST00766" HPOS="775" VPOS="1289" WIDTH="67" HEIGHT="19" CONTENT="now" WC="0.94" CC="101"/>
							<SP ID="P2_SP00595" HPOS="842" VPOS="1308" WIDTH="14"/>
							<String ID="P2_ST00767" HPOS="856" VPOS="1289" WIDTH="78" HEIGHT="28" CONTENT="open" WC="0.94" CC="0111"/>
							<SP ID="P2_SP00596" HPOS="934" VPOS="1317" WIDTH="14"/>
							<String ID="P2_ST00768" HPOS="948" VPOS="1279" WIDTH="48" HEIGHT="30" CONTENT="for" WC="1.00" CC="000"/>
							<SP ID="P2_SP00597" HPOS="996" VPOS="1317" WIDTH="27"/>
							<String ID="P2_ST00769" HPOS="1023" VPOS="1279" WIDTH="165" HEIGHT="38" CONTENT="inspection" WC="0.97" CC="0110110101"/>
						</TextLine>
						<TextLine ID="P2_TL00163" HPOS="664" VPOS="1319" WIDTH="532" HEIGHT="37">
							<String ID="P2_ST00770" HPOS="664" VPOS="1320" WIDTH="134" HEIGHT="28" CONTENT="between" WC="0.96" CC="0001101"/>
							<SP ID="P2_SP00598" HPOS="798" VPOS="1348" WIDTH="16"/>
							<String ID="P2_ST00771" HPOS="814" VPOS="1319" WIDTH="52" HEIGHT="30" CONTENT="the" WC="0.97" CC="011"/>
							<SP ID="P2_SP00599" HPOS="866" VPOS="1349" WIDTH="22"/>
							<String ID="P2_ST00772" HPOS="888" VPOS="1320" WIDTH="93" HEIGHT="29" CONTENT="hours" WC="0.97" CC="10001"/>
							<SP ID="P2_SP00600" HPOS="981" VPOS="1349" WIDTH="24"/>
							<String ID="P2_ST00773" HPOS="1005" VPOS="1319" WIDTH="35" HEIGHT="30" CONTENT="of" WC="1.00" CC="00"/>
							<SP ID="P2_SP00601" HPOS="1040" VPOS="1349" WIDTH="24"/>
							<String ID="P2_ST00774" HPOS="1064" VPOS="1320" WIDTH="18" HEIGHT="28" CONTENT="9" WC="0.93" CC="1"/>
							<SP ID="P2_SP00602" HPOS="1082" VPOS="1349" WIDTH="29"/>
							<String ID="P2_ST00775" HPOS="1111" VPOS="1329" WIDTH="67" HEIGHT="19" CONTENT="&amp;.m." WC="0.75" CC="7101" STYLEREFS="TXT_12"/>
							<String ID="P2_ST00776" HPOS="1180" VPOS="1342" WIDTH="16" HEIGHT="14" CONTENT="X" STYLE="subscript" WC="0.19" CC="8" STYLEREFS="TXT_12"/>
						</TextLine>
						<TextLine ID="P2_TL00164" HPOS="664" VPOS="1359" WIDTH="180" HEIGHT="38">
							<String ID="P2_ST00777" HPOS="664" VPOS="1359" WIDTH="60" HEIGHT="29" CONTENT="and" WC="0.90" CC="022"/>
							<SP ID="P2_SP00603" HPOS="724" VPOS="1388" WIDTH="12"/>
							<String ID="P2_ST00778" HPOS="736" VPOS="1361" WIDTH="18" HEIGHT="27" CONTENT="5" WC="0.96" CC="1"/>
							<SP ID="P2_SP00604" HPOS="754" VPOS="1388" WIDTH="20"/>
							<String ID="P2_ST00779" HPOS="774" VPOS="1369" WIDTH="70" HEIGHT="28" CONTENT="p.m." WC="0.96" CC="0020"/>
						</TextLine>
						<TextLine ID="P2_TL00165" HPOS="725" VPOS="1408" WIDTH="404" HEIGHT="31">
							<String ID="P2_ST00780" HPOS="725" VPOS="1408" WIDTH="132" HEIGHT="30" CONTENT="JAMES" WC="0.99" CC="00001"/>
							<SP ID="P2_SP00605" HPOS="857" VPOS="1438" WIDTH="25"/>
							<String ID="P2_ST00781" HPOS="882" VPOS="1409" WIDTH="40" HEIGHT="29" CONTENT="H." WC="0.98" CC="10"/>
							<SP ID="P2_SP00606" HPOS="922" VPOS="1438" WIDTH="32"/>
							<String ID="P2_ST00782" HPOS="954" VPOS="1408" WIDTH="175" HEIGHT="31" CONTENT="SHARPE." WC="0.94" CC="2101101"/>
						</TextLine>
						<TextLine ID="P2_TL00166" HPOS="847" VPOS="1458" WIDTH="341" HEIGHT="31">
							<String ID="P2_ST00783" HPOS="847" VPOS="1459" WIDTH="92" HEIGHT="30" CONTENT="Clerk" WC="0.96" CC="11111"/>
							<SP ID="P2_SP00607" HPOS="939" VPOS="1489" WIDTH="13"/>
							<String ID="P2_ST00784" HPOS="952" VPOS="1463" WIDTH="31" HEIGHT="26" CONTENT="to" WC="1.00" CC="00"/>
							<SP ID="P2_SP00608" HPOS="983" VPOS="1489" WIDTH="14"/>
							<String ID="P2_ST00785" HPOS="997" VPOS="1459" WIDTH="53" HEIGHT="30" CONTENT="the" WC="1.00" CC="000"/>
							<SP ID="P2_SP00609" HPOS="1050" VPOS="1489" WIDTH="27"/>
							<String ID="P2_ST00786" HPOS="1077" VPOS="1458" WIDTH="111" HEIGHT="30" CONTENT="Board." WC="0.95" CC="101111"/>
						</TextLine>
						<TextLine ID="P2_TL00167" HPOS="697" VPOS="1554" WIDTH="455" HEIGHT="40">
							<String ID="P2_ST00787" HPOS="697" VPOS="1554" WIDTH="294" HEIGHT="39" CONTENT="ODDFELLOWS'" WC="0.91" CC="02211000114" STYLEREFS="TXT_13"/>
							<SP ID="P2_SP00610" HPOS="991" VPOS="1593" WIDTH="25"/>
							<String ID="P2_ST00788" HPOS="1016" VPOS="1554" WIDTH="136" HEIGHT="40" CONTENT="HALL." WC="0.93" CC="11002" STYLEREFS="TXT_13"/>
						</TextLine>
						<TextLine ID="P2_TL00168" HPOS="793" VPOS="1601" WIDTH="264" HEIGHT="25">
							<String ID="P2_ST00789" HPOS="793" VPOS="1601" WIDTH="97" HEIGHT="25" CONTENT="WEST" WC="0.92" CC="0211" STYLEREFS="TXT_3"/>
							<SP ID="P2_SP00611" HPOS="890" VPOS="1626" WIDTH="21"/>
							<String ID="P2_ST00790" HPOS="911" VPOS="1601" WIDTH="146" HEIGHT="25" CONTENT="OXFORD." WC="0.92" CC="0120211" STYLEREFS="TXT_3"/>
						</TextLine>
						<TextLine ID="P2_TL00169" HPOS="695" VPOS="1683" WIDTH="460" HEIGHT="29">
							<String ID="P2_ST00791" HPOS="695" VPOS="1683" WIDTH="152" HEIGHT="29" CONTENT="MONDAY," WC="0.95" CC="0111011" STYLEREFS="TXT_3"/>
							<SP ID="P2_SP00612" HPOS="847" VPOS="1712" WIDTH="26"/>
							<String ID="P2_ST00792" HPOS="873" VPOS="1683" WIDTH="75" HEIGHT="26" CONTENT="FEB." WC="0.94" CC="1101" STYLEREFS="TXT_3"/>
							<SP ID="P2_SP00613" HPOS="948" VPOS="1712" WIDTH="30"/>
							<String ID="P2_ST00793" HPOS="978" VPOS="1684" WIDTH="74" HEIGHT="28" CONTENT="22nd," WC="0.91" CC="11121" STYLEREFS="TXT_3"/>
							<SP ID="P2_SP00614" HPOS="1052" VPOS="1712" WIDTH="30"/>
							<String ID="P2_ST00794" HPOS="1082" VPOS="1684" WIDTH="73" HEIGHT="25" CONTENT="1892." WC="0.97" CC="10110" STYLEREFS="TXT_3"/>
						</TextLine>
						<TextLine ID="P2_TL00170" HPOS="777" VPOS="1766" WIDTH="298" HEIGHT="28">
							<String ID="P2_ST00795" HPOS="777" VPOS="1766" WIDTH="21" HEIGHT="24" CONTENT="A" WC="0.96" CC="1" STYLEREFS="TXT_3"/>
							<SP ID="P2_SP00615" HPOS="798" VPOS="1790" WIDTH="18"/>
							<String ID="P2_ST00796" HPOS="816" VPOS="1766" WIDTH="84" HEIGHT="24" CONTENT="Grand" WC="0.88" CC="11131" STYLEREFS="TXT_3"/>
							<SP ID="P2_SP00616" HPOS="900" VPOS="1790" WIDTH="28"/>
							<String ID="P2_ST00797" HPOS="928" VPOS="1766" WIDTH="147" HEIGHT="28" CONTENT="Panorama," WC="0.92" CC="103011111" STYLEREFS="TXT_3"/>
						</TextLine>
						<TextLine ID="P2_TL00171" HPOS="691" VPOS="1804" WIDTH="470" HEIGHT="39">
							<String ID="P2_ST00798" HPOS="691" VPOS="1804" WIDTH="239" HEIGHT="39" CONTENT="STAJTLEY'S" WC="0.88" CC="1114211311" STYLEREFS="TXT_13"/>
							<SP ID="P2_SP00617" HPOS="930" VPOS="1843" WIDTH="20"/>
							<String ID="P2_ST00799" HPOS="950" VPOS="1804" WIDTH="211" HEIGHT="39" CONTENT="DARKEST" WC="0.85" CC="2124111" STYLEREFS="TXT_13"/>
						</TextLine>
						<TextLine ID="P2_TL00172" HPOS="767" VPOS="1856" WIDTH="319" HEIGHT="41">
							<String ID="P2_ST00800" HPOS="767" VPOS="1856" WIDTH="319" HEIGHT="41" CONTENT="■A.F8.10.A.." WC="0.75" CC="341552121512" STYLEREFS="TXT_4"/>
						</TextLine>
						<TextLine ID="P2_TL00173" HPOS="662" VPOS="1906" WIDTH="525" HEIGHT="25">
							<String ID="P2_ST00801" HPOS="662" VPOS="1906" WIDTH="49" HEIGHT="25" CONTENT="For" WC="0.84" CC="104" STYLEREFS="TXT_3"/>
							<SP ID="P2_SP00618" HPOS="711" VPOS="1931" WIDTH="10"/>
							<String ID="P2_ST00802" HPOS="721" VPOS="1906" WIDTH="43" HEIGHT="25" CONTENT="the" WC="0.94" CC="020" STYLEREFS="TXT_3"/>
							<SP ID="P2_SP00619" HPOS="764" VPOS="1931" WIDTH="10"/>
							<String ID="P2_ST00803" HPOS="774" VPOS="1906" WIDTH="87" HEIGHT="25" CONTENT="benefit" WC="0.90" CC="1014111" STYLEREFS="TXT_3"/>
							<SP ID="P2_SP00620" HPOS="861" VPOS="1931" WIDTH="11"/>
							<String ID="P2_ST00804" HPOS="872" VPOS="1907" WIDTH="26" HEIGHT="23" CONTENT="of" WC="1.00" CC="00" STYLEREFS="TXT_3"/>
							<SP ID="P2_SP00621" HPOS="898" VPOS="1931" WIDTH="16"/>
							<String ID="P2_ST00805" HPOS="914" VPOS="1906" WIDTH="42" HEIGHT="25" CONTENT="the" WC="0.96" CC="010" STYLEREFS="TXT_3"/>
							<SP ID="P2_SP00622" HPOS="956" VPOS="1931" WIDTH="11"/>
							<String ID="P2_ST00806" HPOS="967" VPOS="1906" WIDTH="101" HEIGHT="25" CONTENT="U.M.F." WC="0.96" CC="110011" STYLEREFS="TXT_3"/>
							<SP ID="P2_SP00623" HPOS="1068" VPOS="1931" WIDTH="13"/>
							<String ID="P2_ST00807" HPOS="1081" VPOS="1906" WIDTH="106" HEIGHT="25" CONTENT="Church." WC="0.96" CC="0210010" STYLEREFS="TXT_3"/>
						</TextLine>
						<TextLine ID="P2_TL00174" HPOS="695" VPOS="1983" WIDTH="492" HEIGHT="28">
							<String ID="P2_ST00808" HPOS="695" VPOS="1984" WIDTH="34" HEIGHT="22" CONTENT="To" WC="0.89" CC="21" STYLEREFS="TXT_3"/>
							<SP ID="P2_SP00624" HPOS="729" VPOS="2006" WIDTH="12"/>
							<String ID="P2_ST00809" HPOS="741" VPOS="1984" WIDTH="28" HEIGHT="22" CONTENT="be" WC="0.94" CC="01" STYLEREFS="TXT_3"/>
							<SP ID="P2_SP00625" HPOS="769" VPOS="2006" WIDTH="12"/>
							<String ID="P2_ST00810" HPOS="781" VPOS="1984" WIDTH="123" HEIGHT="22" CONTENT="exhibited" WC="0.90" CC="121101114" STYLEREFS="TXT_3"/>
							<SP ID="P2_SP00626" HPOS="904" VPOS="2006" WIDTH="20"/>
							<String ID="P2_ST00811" HPOS="924" VPOS="1984" WIDTH="37" HEIGHT="22" CONTENT="for" WC="0.91" CC="211" STYLEREFS="TXT_3"/>
							<SP ID="P2_SP00627" HPOS="961" VPOS="2006" WIDTH="22"/>
							<String ID="P2_ST00812" HPOS="983" VPOS="1985" WIDTH="40" HEIGHT="22" CONTENT="the" WC="0.96" CC="110" STYLEREFS="TXT_3"/>
							<SP ID="P2_SP00628" HPOS="1023" VPOS="2007" WIDTH="21"/>
							<String ID="P2_ST00813" HPOS="1044" VPOS="1984" WIDTH="54" HEIGHT="23" CONTENT="first" WC="0.96" CC="11010" STYLEREFS="TXT_3"/>
							<SP ID="P2_SP00629" HPOS="1098" VPOS="2007" WIDTH="22"/>
							<String ID="P2_ST00814" HPOS="1120" VPOS="1983" WIDTH="67" HEIGHT="28" CONTENT="time," WC="0.93" CC="00311" STYLEREFS="TXT_3"/>
						</TextLine>
						<TextLine ID="P2_TL00175" HPOS="664" VPOS="2020" WIDTH="525" HEIGHT="32">
							<String ID="P2_ST00815" HPOS="664" VPOS="2020" WIDTH="121" HEIGHT="31" CONTENT="Stanley's" WC="0.91" CC="110110131" STYLEREFS="TXT_3"/>
							<SP ID="P2_SP00630" HPOS="785" VPOS="2051" WIDTH="22"/>
							<String ID="P2_ST00816" HPOS="807" VPOS="2022" WIDTH="111" HEIGHT="29" CONTENT="portrait," WC="0.98" CC="000100011" STYLEREFS="TXT_3"/>
							<SP ID="P2_SP00631" HPOS="918" VPOS="2051" WIDTH="23"/>
							<String ID="P2_ST00817" HPOS="941" VPOS="2022" WIDTH="127" HEIGHT="30" CONTENT="presented" WC="0.98" CC="100110101" STYLEREFS="TXT_3"/>
							<SP ID="P2_SP00632" HPOS="1068" VPOS="2052" WIDTH="22"/>
							<String ID="P2_ST00818" HPOS="1090" VPOS="2025" WIDTH="26" HEIGHT="22" CONTENT="to" WC="1.00" CC="00" STYLEREFS="TXT_3"/>
							<SP ID="P2_SP00633" HPOS="1116" VPOS="2052" WIDTH="33"/>
							<String ID="P2_ST00819" HPOS="1149" VPOS="2023" WIDTH="40" HEIGHT="23" CONTENT="Mr" WC="1.00" CC="00" STYLEREFS="TXT_3"/>
						</TextLine>
						<TextLine ID="P2_TL00176" HPOS="661" VPOS="2059" WIDTH="525" HEIGHT="33">
							<String ID="P2_ST00820" HPOS="661" VPOS="2060" WIDTH="38" HEIGHT="24" CONTENT="De" WC="0.83" CC="13" STYLEREFS="TXT_3"/>
							<SP ID="P2_SP00634" HPOS="699" VPOS="2084" WIDTH="6"/>
							<String ID="P2_ST00821" HPOS="705" VPOS="2059" WIDTH="76" HEIGHT="25" CONTENT="Loree" WC="0.98" CC="00010" STYLEREFS="TXT_3"/>
							<SP ID="P2_SP00635" HPOS="781" VPOS="2084" WIDTH="12"/>
							<String ID="P2_ST00822" HPOS="793" VPOS="2060" WIDTH="29" HEIGHT="30" CONTENT="by" WC="0.93" CC="11" STYLEREFS="TXT_3"/>
							<SP ID="P2_SP00636" HPOS="822" VPOS="2090" WIDTH="22"/>
							<String ID="P2_ST00823" HPOS="844" VPOS="2060" WIDTH="41" HEIGHT="24" CONTENT="the" WC="0.95" CC="020" STYLEREFS="TXT_3"/>
							<SP ID="P2_SP00637" HPOS="885" VPOS="2090" WIDTH="23"/>
							<String ID="P2_ST00824" HPOS="908" VPOS="2060" WIDTH="134" HEIGHT="25" CONTENT="celebrated" WC="0.95" CC="1001010112" STYLEREFS="TXT_3"/>
							<SP ID="P2_SP00638" HPOS="1042" VPOS="2090" WIDTH="24"/>
							<String ID="P2_ST00825" HPOS="1066" VPOS="2062" WIDTH="120" HEIGHT="30" CONTENT="explorer," WC="0.93" CC="021101011" STYLEREFS="TXT_3"/>
						</TextLine>
						<TextLine ID="P2_TL00177" HPOS="661" VPOS="2098" WIDTH="524" HEIGHT="32">
							<String ID="P2_ST00826" HPOS="661" VPOS="2098" WIDTH="51" HEIGHT="25" CONTENT="also" WC="0.99" CC="0010" STYLEREFS="TXT_3"/>
							<SP ID="P2_SP00639" HPOS="712" VPOS="2123" WIDTH="20"/>
							<String ID="P2_ST00827" HPOS="732" VPOS="2098" WIDTH="134" HEIGHT="32" CONTENT="autograph" WC="0.93" CC="012001112" STYLEREFS="TXT_3"/>
							<SP ID="P2_SP00640" HPOS="866" VPOS="2130" WIDTH="23"/>
							<String ID="P2_ST00828" HPOS="889" VPOS="2098" WIDTH="80" HEIGHT="25" CONTENT="letters" WC="0.83" CC="0011019" STYLEREFS="TXT_3"/>
							<SP ID="P2_SP00641" HPOS="969" VPOS="2130" WIDTH="24"/>
							<String ID="P2_ST00829" HPOS="993" VPOS="2098" WIDTH="110" HEIGHT="25" CONTENT="received" WC="0.97" CC="00011011" STYLEREFS="TXT_3"/>
							<SP ID="P2_SP00642" HPOS="1103" VPOS="2130" WIDTH="21"/>
							<String ID="P2_ST00830" HPOS="1124" VPOS="2098" WIDTH="61" HEIGHT="26" CONTENT="from" WC="0.94" CC="1002" STYLEREFS="TXT_3"/>
						</TextLine>
						<TextLine ID="P2_TL00178" HPOS="661" VPOS="2135" WIDTH="283" HEIGHT="31">
							<String ID="P2_ST00831" HPOS="661" VPOS="2136" WIDTH="41" HEIGHT="23" CONTENT="Mr" WC="0.91" CC="11" STYLEREFS="TXT_3"/>
							<SP ID="P2_SP00643" HPOS="702" VPOS="2159" WIDTH="11"/>
							<String ID="P2_ST00832" HPOS="713" VPOS="2135" WIDTH="49" HEIGHT="24" CONTENT="and" WC="0.95" CC="002" STYLEREFS="TXT_3"/>
							<SP ID="P2_SP00644" HPOS="762" VPOS="2159" WIDTH="11"/>
							<String ID="P2_ST00833" HPOS="773" VPOS="2135" WIDTH="52" HEIGHT="24" CONTENT="Mrs" WC="0.89" CC="012" STYLEREFS="TXT_3"/>
							<SP ID="P2_SP00645" HPOS="825" VPOS="2159" WIDTH="19"/>
							<String ID="P2_ST00834" HPOS="844" VPOS="2135" WIDTH="100" HEIGHT="31" CONTENT="Stanley" WC="0.95" CC="1101101" STYLEREFS="TXT_3"/>
						</TextLine>
						<TextLine ID="P2_TL00179" HPOS="661" VPOS="2211" WIDTH="525" HEIGHT="33">
							<String ID="P2_ST00835" HPOS="661" VPOS="2211" WIDTH="141" HEIGHT="25" CONTENT="Admission" WC="0.89" CC="111111600" STYLEREFS="TXT_3"/>
							<SP ID="P2_SP00646" HPOS="802" VPOS="2236" WIDTH="12"/>
							<String ID="P2_ST00836" HPOS="814" VPOS="2212" WIDTH="36" HEIGHT="32" CONTENT="2/-" WC="0.88" CC="202" STYLEREFS="TXT_3"/>
							<SP ID="P2_SP00647" HPOS="850" VPOS="2244" WIDTH="13"/>
							<String ID="P2_ST00837" HPOS="863" VPOS="2212" WIDTH="48" HEIGHT="24" CONTENT="and" WC="0.97" CC="011" STYLEREFS="TXT_3"/>
							<SP ID="P2_SP00648" HPOS="911" VPOS="2244" WIDTH="25"/>
							<String ID="P2_ST00838" HPOS="936" VPOS="2211" WIDTH="44" HEIGHT="33" CONTENT="1/-," WC="0.97" CC="0001" STYLEREFS="TXT_3"/>
							<SP ID="P2_SP00649" HPOS="980" VPOS="2244" WIDTH="21"/>
							<String ID="P2_ST00839" HPOS="1001" VPOS="2211" WIDTH="119" HEIGHT="26" CONTENT="Children" WC="0.94" CC="11102100" STYLEREFS="TXT_3"/>
							<SP ID="P2_SP00650" HPOS="1120" VPOS="2244" WIDTH="23"/>
							<String ID="P2_ST00840" HPOS="1143" VPOS="2211" WIDTH="43" HEIGHT="27" CONTENT="6d." WC="0.93" CC="111" STYLEREFS="TXT_3"/>
						</TextLine>
						<TextLine ID="P2_TL00180" HPOS="727" VPOS="2251" WIDTH="393" HEIGHT="31">
							<String ID="P2_ST00841" HPOS="727" VPOS="2251" WIDTH="49" HEIGHT="24" CONTENT="For" WC="0.97" CC="011" STYLEREFS="TXT_3"/>
							<SP ID="P2_SP00651" HPOS="776" VPOS="2275" WIDTH="9"/>
							<String ID="P2_ST00842" HPOS="785" VPOS="2251" WIDTH="144" HEIGHT="31" CONTENT="particulars" WC="0.92" CC="00110011502" STYLEREFS="TXT_3"/>
							<SP ID="P2_SP00652" HPOS="929" VPOS="2282" WIDTH="10"/>
							<String ID="P2_ST00843" HPOS="939" VPOS="2258" WIDTH="40" HEIGHT="17" CONTENT="see" WC="0.97" CC="100" STYLEREFS="TXT_3"/>
							<SP ID="P2_SP00653" HPOS="979" VPOS="2282" WIDTH="11"/>
							<String ID="P2_ST00844" HPOS="990" VPOS="2251" WIDTH="130" HEIGHT="24" CONTENT="handbills." WC="0.95" CC="1211001111" STYLEREFS="TXT_3"/>
						</TextLine>
						<TextLine ID="P2_TL00181" HPOS="832" VPOS="2341" WIDTH="172" HEIGHT="46">
							<String ID="P2_ST00845" HPOS="832" VPOS="2341" WIDTH="172" HEIGHT="46" CONTENT="LOST." WC="0.96" CC="10101" STYLEREFS="TXT_14"/>
						</TextLine>
						<TextLine ID="P2_TL00182" HPOS="694" VPOS="2446" WIDTH="491" HEIGHT="32">
							<String ID="P2_ST00846" HPOS="694" VPOS="2446" WIDTH="21" HEIGHT="24" CONTENT="A" WC="1.00" CC="0" STYLEREFS="TXT_3"/>
							<SP ID="P2_SP00654" HPOS="715" VPOS="2470" WIDTH="17"/>
							<String ID="P2_ST00847" HPOS="732" VPOS="2446" WIDTH="89" HEIGHT="26" CONTENT="Brown" WC="0.96" CC="11011" STYLEREFS="TXT_3"/>
							<SP ID="P2_SP00655" HPOS="821" VPOS="2472" WIDTH="24"/>
							<String ID="P2_ST00848" HPOS="845" VPOS="2447" WIDTH="49" HEIGHT="24" CONTENT="and" WC="0.91" CC="121" STYLEREFS="TXT_3"/>
							<SP ID="P2_SP00656" HPOS="894" VPOS="2472" WIDTH="28"/>
							<String ID="P2_ST00849" HPOS="922" VPOS="2446" WIDTH="64" HEIGHT="32" CONTENT="Grey" WC="0.94" CC="2001" STYLEREFS="TXT_3"/>
							<SP ID="P2_SP00657" HPOS="986" VPOS="2478" WIDTH="28"/>
							<String ID="P2_ST00850" HPOS="1014" VPOS="2446" WIDTH="80" HEIGHT="32" CONTENT="Sheep" WC="0.98" CC="10001" STYLEREFS="TXT_3"/>
							<SP ID="P2_SP00658" HPOS="1094" VPOS="2478" WIDTH="28"/>
							<String ID="P2_ST00851" HPOS="1122" VPOS="2447" WIDTH="63" HEIGHT="31" CONTENT="Dog," WC="0.97" CC="1011" STYLEREFS="TXT_3"/>
						</TextLine>
						<TextLine ID="P2_TL00183" HPOS="661" VPOS="2484" WIDTH="525" HEIGHT="32">
							<String ID="P2_ST00852" HPOS="661" VPOS="2492" WIDTH="56" HEIGHT="22" CONTENT="very" WC="0.94" CC="0021" STYLEREFS="TXT_3"/>
							<SP ID="P2_SP00659" HPOS="717" VPOS="2514" WIDTH="22"/>
							<String ID="P2_ST00853" HPOS="739" VPOS="2484" WIDTH="66" HEIGHT="31" CONTENT="largo" WC="0.84" CC="11124" STYLEREFS="TXT_3"/>
							<SP ID="P2_SP00660" HPOS="805" VPOS="2515" WIDTH="22"/>
							<String ID="P2_ST00854" HPOS="827" VPOS="2488" WIDTH="110" HEIGHT="28" CONTENT="stoppers" WC="0.98" CC="10010101" STYLEREFS="TXT_3"/>
							<SP ID="P2_SP00661" HPOS="937" VPOS="2516" WIDTH="34"/>
							<String ID="P2_ST00855" HPOS="971" VPOS="2492" WIDTH="33" HEIGHT="17" CONTENT="on" WC="1.00" CC="00" STYLEREFS="TXT_3"/>
							<SP ID="P2_SP00662" HPOS="1004" VPOS="2516" WIDTH="30"/>
							<String ID="P2_ST00856" HPOS="1034" VPOS="2485" WIDTH="60" HEIGHT="24" CONTENT="hind" WC="0.98" CC="0100" STYLEREFS="TXT_3"/>
							<SP ID="P2_SP00663" HPOS="1094" VPOS="2516" WIDTH="32"/>
							<String ID="P2_ST00857" HPOS="1126" VPOS="2486" WIDTH="60" HEIGHT="30" CONTENT="legs." WC="0.95" CC="10111" STYLEREFS="TXT_3"/>
						</TextLine>
						<TextLine ID="P2_TL00184" HPOS="661" VPOS="2522" WIDTH="525" HEIGHT="32">
							<String ID="P2_ST00858" HPOS="661" VPOS="2522" WIDTH="55" HEIGHT="31" CONTENT="Any" WC="0.99" CC="010" STYLEREFS="TXT_3"/>
							<SP ID="P2_SP00664" HPOS="716" VPOS="2553" WIDTH="12"/>
							<String ID="P2_ST00859" HPOS="728" VPOS="2530" WIDTH="84" HEIGHT="23" CONTENT="person" WC="0.77" CC="001309" STYLEREFS="TXT_3"/>
							<SP ID="P2_SP00665" HPOS="812" VPOS="2553" WIDTH="23"/>
							<String ID="P2_ST00860" HPOS="835" VPOS="2522" WIDTH="127" HEIGHT="32" CONTENT="returning" WC="0.89" CC="111411111" STYLEREFS="TXT_3"/>
							<SP ID="P2_SP00666" HPOS="962" VPOS="2554" WIDTH="21"/>
							<String ID="P2_ST00861" HPOS="983" VPOS="2523" WIDTH="42" HEIGHT="24" CONTENT="the" WC="0.97" CC="010" STYLEREFS="TXT_3"/>
							<SP ID="P2_SP00667" HPOS="1025" VPOS="2554" WIDTH="22"/>
							<String ID="P2_ST00862" HPOS="1047" VPOS="2530" WIDTH="68" HEIGHT="17" CONTENT="same" WC="0.93" CC="0220" STYLEREFS="TXT_3"/>
							<SP ID="P2_SP00668" HPOS="1115" VPOS="2554" WIDTH="22"/>
							<String ID="P2_ST00863" HPOS="1137" VPOS="2522" WIDTH="49" HEIGHT="25" CONTENT="will" WC="0.94" CC="1110" STYLEREFS="TXT_3"/>
						</TextLine>
						<TextLine ID="P2_TL00185" HPOS="662" VPOS="2559" WIDTH="170" HEIGHT="25">
							<String ID="P2_ST00864" HPOS="662" VPOS="2560" WIDTH="28" HEIGHT="24" CONTENT="be" WC="0.96" CC="10" STYLEREFS="TXT_3"/>
							<SP ID="P2_SP00669" HPOS="690" VPOS="2584" WIDTH="14"/>
							<String ID="P2_ST00865" HPOS="704" VPOS="2559" WIDTH="128" HEIGHT="24" CONTENT="rewarded." WC="0.90" CC="122111021" STYLEREFS="TXT_3"/>
						</TextLine>
						<TextLine ID="P2_TL00186" HPOS="769" VPOS="2598" WIDTH="310" HEIGHT="29">
							<String ID="P2_ST00866" HPOS="769" VPOS="2599" WIDTH="33" HEIGHT="28" CONTENT="H,." WC="0.89" CC="131" STYLEREFS="TXT_3"/>
							<SP ID="P2_SP00670" HPOS="802" VPOS="2627" WIDTH="20"/>
							<String ID="P2_ST00867" HPOS="822" VPOS="2598" WIDTH="257" HEIGHT="26" CONTENT="SOMMERFIELD." WC="0.94" CC="100103100111" STYLEREFS="TXT_3"/>
						</TextLine>
						<TextLine ID="P2_TL00187" HPOS="984" VPOS="2637" WIDTH="169" HEIGHT="26">
							<String ID="P2_ST00868" HPOS="984" VPOS="2638" WIDTH="63" HEIGHT="24" CONTENT="East" WC="0.92" CC="1121" STYLEREFS="TXT_3"/>
							<SP ID="P2_SP00671" HPOS="1047" VPOS="2662" WIDTH="8"/>
							<String ID="P2_ST00869" HPOS="1055" VPOS="2637" WIDTH="98" HEIGHT="26" CONTENT="Oxford." WC="0.95" CC="0111011" STYLEREFS="TXT_3"/>
						</TextLine>
						<TextLine ID="P2_TL00188" HPOS="830" VPOS="2726" WIDTH="212" HEIGHT="57">
							<String ID="P2_ST00870" HPOS="830" VPOS="2726" WIDTH="212" HEIGHT="57" CONTENT="LOST." WC="0.98" CC="00001" STYLEREFS="TXT_15"/>
						</TextLine>
						<TextLine ID="P2_TL00189" HPOS="695" VPOS="2830" WIDTH="491" HEIGHT="32">
							<String ID="P2_ST00871" HPOS="695" VPOS="2830" WIDTH="95" HEIGHT="25" CONTENT="FROM" WC="0.93" CC="1201" STYLEREFS="TXT_3"/>
							<SP ID="P2_SP00672" HPOS="790" VPOS="2855" WIDTH="28"/>
							<String ID="P2_ST00872" HPOS="818" VPOS="2830" WIDTH="60" HEIGHT="25" CONTENT="Cust" WC="0.80" CC="1151" STYLEREFS="TXT_3"/>
							<SP ID="P2_SP00673" HPOS="878" VPOS="2855" WIDTH="23"/>
							<String ID="P2_ST00873" HPOS="901" VPOS="2831" WIDTH="75" HEIGHT="25" CONTENT="Hotel" WC="0.98" CC="00110" STYLEREFS="TXT_3"/>
							<SP ID="P2_SP00674" HPOS="976" VPOS="2856" WIDTH="29"/>
							<String ID="P2_ST00874" HPOS="1005" VPOS="2839" WIDTH="32" HEIGHT="18" CONTENT="on" WC="0.85" CC="03" STYLEREFS="TXT_3"/>
							<SP ID="P2_SP00675" HPOS="1037" VPOS="2857" WIDTH="33"/>
							<String ID="P2_ST00875" HPOS="1070" VPOS="2832" WIDTH="116" HEIGHT="30" CONTENT="Monday," WC="0.96" CC="1011010" STYLEREFS="TXT_3"/>
						</TextLine>
						<TextLine ID="P2_TL00190" HPOS="662" VPOS="2868" WIDTH="524" HEIGHT="33">
							<String ID="P2_ST00876" HPOS="662" VPOS="2868" WIDTH="108" HEIGHT="31" CONTENT="January" WC="0.97" CC="1010110" STYLEREFS="TXT_3"/>
							<SP ID="P2_SP00676" HPOS="770" VPOS="2899" WIDTH="12"/>
							<String ID="P2_ST00877" HPOS="782" VPOS="2869" WIDTH="67" HEIGHT="28" CONTENT="28rd," WC="0.92" CC="11121" STYLEREFS="TXT_3"/>
							<SP ID="P2_SP00677" HPOS="849" VPOS="2899" WIDTH="13"/>
							<String ID="P2_ST00878" HPOS="862" VPOS="2877" WIDTH="44" HEIGHT="16" CONTENT="one" WC="1.00" CC="000" STYLEREFS="TXT_3"/>
							<SP ID="P2_SP00678" HPOS="906" VPOS="2899" WIDTH="12"/>
							<String ID="P2_ST00879" HPOS="918" VPOS="2869" WIDTH="66" HEIGHT="24" CONTENT="black" WC="0.87" CC="11410" STYLEREFS="TXT_3"/>
							<SP ID="P2_SP00679" HPOS="984" VPOS="2899" WIDTH="13"/>
							<String ID="P2_ST00880" HPOS="997" VPOS="2869" WIDTH="48" HEIGHT="25" CONTENT="and" WC="0.99" CC="100" STYLEREFS="TXT_3"/>
							<SP ID="P2_SP00680" HPOS="1045" VPOS="2899" WIDTH="12"/>
							<String ID="P2_ST00881" HPOS="1057" VPOS="2873" WIDTH="43" HEIGHT="21" CONTENT="tan" WC="0.93" CC="111" STYLEREFS="TXT_3"/>
							<SP ID="P2_SP00681" HPOS="1100" VPOS="2899" WIDTH="12"/>
							<String ID="P2_ST00882" HPOS="1112" VPOS="2869" WIDTH="74" HEIGHT="32" CONTENT="sheep" WC="0.97" CC="10001" STYLEREFS="TXT_3"/>
						</TextLine>
						<TextLine ID="P2_TL00191" HPOS="661" VPOS="2908" WIDTH="525" HEIGHT="29">
							<String ID="P2_ST00883" HPOS="661" VPOS="2908" WIDTH="55" HEIGHT="27" CONTENT="slut," WC="0.95" CC="00102" STYLEREFS="TXT_3"/>
							<SP ID="P2_SP00682" HPOS="716" VPOS="2935" WIDTH="7"/>
							<String ID="P2_ST00884" HPOS="723" VPOS="2908" WIDTH="133" HEIGHT="29" CONTENT="cock-ears," WC="0.95" CC="1010111111" STYLEREFS="TXT_3"/>
							<SP ID="P2_SP00683" HPOS="856" VPOS="2937" WIDTH="23"/>
							<String ID="P2_ST00885" HPOS="879" VPOS="2910" WIDTH="75" HEIGHT="24" CONTENT="about" WC="0.97" CC="01011" STYLEREFS="TXT_3"/>
							<SP ID="P2_SP00684" HPOS="954" VPOS="2937" WIDTH="23"/>
							<String ID="P2_ST00886" HPOS="977" VPOS="2911" WIDTH="13" HEIGHT="21" CONTENT="6" WC="0.67" CC="3" STYLEREFS="TXT_3"/>
							<SP ID="P2_SP00685" HPOS="990" VPOS="2937" WIDTH="24"/>
							<String ID="P2_ST00887" HPOS="1014" VPOS="2909" WIDTH="99" HEIGHT="24" CONTENT="months" WC="0.94" CC="101121" STYLEREFS="TXT_3"/>
							<SP ID="P2_SP00686" HPOS="1113" VPOS="2937" WIDTH="22"/>
							<String ID="P2_ST00888" HPOS="1135" VPOS="2909" WIDTH="51" HEIGHT="24" CONTENT="old." WC="0.99" CC="0001" STYLEREFS="TXT_3"/>
						</TextLine>
						<TextLine ID="P2_TL00192" HPOS="661" VPOS="2945" WIDTH="532" HEIGHT="32">
							<String ID="P2_ST00889" HPOS="661" VPOS="2945" WIDTH="90" HEIGHT="24" CONTENT="Finder" WC="0.99" CC="100100" STYLEREFS="TXT_3"/>
							<SP ID="P2_SP00687" HPOS="751" VPOS="2969" WIDTH="9"/>
							<String ID="P2_ST00890" HPOS="760" VPOS="2946" WIDTH="48" HEIGHT="24" CONTENT="will" WC="0.95" CC="1011" STYLEREFS="TXT_3"/>
							<SP ID="P2_SP00688" HPOS="808" VPOS="2970" WIDTH="12"/>
							<String ID="P2_ST00891" HPOS="820" VPOS="2946" WIDTH="29" HEIGHT="24" CONTENT="be" WC="1.00" CC="00" STYLEREFS="TXT_3"/>
							<SP ID="P2_SP00689" HPOS="849" VPOS="2970" WIDTH="12"/>
							<String ID="P2_ST00892" HPOS="861" VPOS="2946" WIDTH="120" HEIGHT="24" CONTENT="rewarded" WC="0.95" CC="00300100" STYLEREFS="TXT_3"/>
							<SP ID="P2_SP00690" HPOS="981" VPOS="2970" WIDTH="21"/>
							<String ID="P2_ST00893" HPOS="1002" VPOS="2954" WIDTH="33" HEIGHT="16" CONTENT="on" WC="1.00" CC="00" STYLEREFS="TXT_3"/>
							<SP ID="P2_SP00691" HPOS="1035" VPOS="2970" WIDTH="22"/>
							<String ID="P2_ST00894" HPOS="1057" VPOS="2946" WIDTH="136" HEIGHT="31" CONTENT="returning!" WC="0.85" CC="9000101113" STYLEREFS="TXT_3"/>
						</TextLine>
						<TextLine ID="P2_TL00193" HPOS="662" VPOS="2984" WIDTH="531" HEIGHT="29">
							<String ID="P2_ST00895" HPOS="662" VPOS="2984" WIDTH="41" HEIGHT="26" CONTENT="the" WC="0.91" CC="111" STYLEREFS="TXT_3"/>
							<SP ID="P2_SP00692" HPOS="703" VPOS="3010" WIDTH="12"/>
							<String ID="P2_ST00896" HPOS="715" VPOS="2993" WIDTH="67" HEIGHT="16" CONTENT="same" WC="0.94" CC="1110" STYLEREFS="TXT_3"/>
							<SP ID="P2_SP00693" HPOS="782" VPOS="3010" WIDTH="12"/>
							<String ID="P2_ST00897" HPOS="794" VPOS="2986" WIDTH="25" HEIGHT="24" CONTENT="to" WC="0.96" CC="10" STYLEREFS="TXT_3"/>
							<SP ID="P2_SP00694" HPOS="819" VPOS="3010" WIDTH="11"/>
							<String ID="P2_ST00898" HPOS="830" VPOS="2985" WIDTH="25" HEIGHT="25" CONTENT="J." WC="0.98" CC="01" STYLEREFS="TXT_3"/>
							<SP ID="P2_SP00695" HPOS="855" VPOS="3010" WIDTH="13"/>
							<String ID="P2_ST00899" HPOS="868" VPOS="2984" WIDTH="138" HEIGHT="29" CONTENT="Nankevill," WC="0.95" CC="0121010111" STYLEREFS="TXT_3"/>
							<SP ID="P2_SP00696" HPOS="1006" VPOS="3013" WIDTH="13"/>
							<String ID="P2_ST00900" HPOS="1019" VPOS="2985" WIDTH="69" HEIGHT="26" CONTENT="Cust." WC="0.95" CC="11200" STYLEREFS="TXT_3"/>
							<SP ID="P2_SP00697" HPOS="1088" VPOS="3013" WIDTH="103"/>
							<String ID="P2_ST00901" HPOS="1191" VPOS="2987" WIDTH="2" HEIGHT="25" CONTENT="]" WC="0.85" CC="2" STYLEREFS="TXT_5"/>
						</TextLine>
						<TextLine ID="P2_TL00194" HPOS="769" VPOS="3099" WIDTH="309" HEIGHT="61">
							<String ID="P2_ST00902" HPOS="769" VPOS="3099" WIDTH="109" HEIGHT="61" CONTENT="TQ" WC="1.00" CC="00" STYLEREFS="TXT_16"/>
							<SP ID="P2_SP00698" HPOS="878" VPOS="3160" WIDTH="38"/>
							<String ID="P2_ST00903" HPOS="916" VPOS="3099" WIDTH="162" HEIGHT="57" CONTENT="LET." WC="0.96" CC="0200" STYLEREFS="TXT_16"/>
						</TextLine>
						<TextLine ID="P2_TL00195" HPOS="664" VPOS="3205" WIDTH="523" HEIGHT="59">
							<String ID="P2_ST00904" HPOS="664" VPOS="3207" WIDTH="132" HEIGHT="57" CONTENT="HOUriE" WC="0.67" CC="000990" STYLEREFS="TXT_3"/>
							<SP ID="P2_SP00699" HPOS="796" VPOS="3264" WIDTH="18"/>
							<String ID="P2_ST00905" HPOS="814" VPOS="3207" WIDTH="73" HEIGHT="30" CONTENT="lately" WC="0.98" CC="000111" STYLEREFS="TXT_3"/>
							<SP ID="P2_SP00700" HPOS="887" VPOS="3264" WIDTH="11"/>
							<String ID="P2_ST00906" HPOS="898" VPOS="3206" WIDTH="113" HEIGHT="30" CONTENT="occupied" WC="0.95" CC="00211001" STYLEREFS="TXT_3"/>
							<SP ID="P2_SP00701" HPOS="1011" VPOS="3264" WIDTH="12"/>
							<String ID="P2_ST00907" HPOS="1023" VPOS="3205" WIDTH="31" HEIGHT="31" CONTENT="by" WC="0.96" CC="01" STYLEREFS="TXT_3"/>
							<SP ID="P2_SP00702" HPOS="1054" VPOS="3264" WIDTH="19"/>
							<String ID="P2_ST00908" HPOS="1073" VPOS="3205" WIDTH="40" HEIGHT="26" CONTENT="the" WC="0.60" CC="912" STYLEREFS="TXT_3"/>
							<SP ID="P2_SP00703" HPOS="1113" VPOS="3264" WIDTH="23"/>
							<String ID="P2_ST00909" HPOS="1136" VPOS="3206" WIDTH="51" HEIGHT="25" CONTENT="Roy" WC="0.94" CC="110" STYLEREFS="TXT_3"/>
						</TextLine>
						<TextLine ID="P2_TL00196" HPOS="741" VPOS="3238" WIDTH="443" HEIGHT="31">
							<String ID="P2_ST00910" HPOS="741" VPOS="3239" WIDTH="24" HEIGHT="25" CONTENT="J." WC="1.00" CC="00" STYLEREFS="TXT_3"/>
							<SP ID="P2_SP00704" HPOS="765" VPOS="3264" WIDTH="13"/>
							<String ID="P2_ST00911" HPOS="778" VPOS="3239" WIDTH="118" HEIGHT="30" CONTENT="Benning," WC="0.96" CC="01101111" STYLEREFS="TXT_3"/>
							<SP ID="P2_SP00705" HPOS="896" VPOS="3269" WIDTH="13"/>
							<String ID="P2_ST00912" HPOS="909" VPOS="3238" WIDTH="142" HEIGHT="31" CONTENT="containing" WC="0.98" CC="0010101100" STYLEREFS="TXT_3"/>
							<SP ID="P2_SP00706" HPOS="1051" VPOS="3269" WIDTH="11"/>
							<String ID="P2_ST00913" HPOS="1062" VPOS="3240" WIDTH="13" HEIGHT="21" CONTENT="6" WC="0.85" CC="2" STYLEREFS="TXT_3"/>
							<SP ID="P2_SP00707" HPOS="1075" VPOS="3269" WIDTH="13"/>
							<String ID="P2_ST00914" HPOS="1088" VPOS="3238" WIDTH="96" HEIGHT="28" CONTENT="Rooms," WC="0.90" CC="200211" STYLEREFS="TXT_3"/>
						</TextLine>
						<TextLine ID="P2_TL00197" HPOS="663" VPOS="3275" WIDTH="523" HEIGHT="29">
							<String ID="P2_ST00915" HPOS="663" VPOS="3278" WIDTH="49" HEIGHT="24" CONTENT="and" WC="0.95" CC="011" STYLEREFS="TXT_3"/>
							<SP ID="P2_SP00708" HPOS="712" VPOS="3302" WIDTH="11"/>
							<String ID="P2_ST00916" HPOS="723" VPOS="3285" WIDTH="15" HEIGHT="17" CONTENT="a" WC="0.89" CC="1" STYLEREFS="TXT_3"/>
							<SP ID="P2_SP00709" HPOS="738" VPOS="3302" WIDTH="12"/>
							<String ID="P2_ST00917" HPOS="750" VPOS="3279" WIDTH="151" HEIGHT="25" CONTENT="store-room," WC="0.90" CC="32020410011" STYLEREFS="TXT_3"/>
							<SP ID="P2_SP00710" HPOS="901" VPOS="3304" WIDTH="14"/>
							<String ID="P2_ST00918" HPOS="915" VPOS="3277" WIDTH="24" HEIGHT="24" CONTENT="to" WC="0.98" CC="10" STYLEREFS="TXT_3"/>
							<SP ID="P2_SP00711" HPOS="939" VPOS="3304" WIDTH="12"/>
							<String ID="P2_ST00919" HPOS="951" VPOS="3276" WIDTH="29" HEIGHT="26" CONTENT="be" WC="0.74" CC="05" STYLEREFS="TXT_3"/>
							<SP ID="P2_SP00712" HPOS="980" VPOS="3304" WIDTH="18"/>
							<String ID="P2_ST00920" HPOS="998" VPOS="3275" WIDTH="36" HEIGHT="26" CONTENT="let" WC="0.86" CC="212" STYLEREFS="TXT_3"/>
							<SP ID="P2_SP00713" HPOS="1034" VPOS="3304" WIDTH="19"/>
							<String ID="P2_ST00921" HPOS="1053" VPOS="3279" WIDTH="26" HEIGHT="23" CONTENT="at" WC="0.91" CC="21" STYLEREFS="TXT_3"/>
							<SP ID="P2_SP00714" HPOS="1079" VPOS="3304" WIDTH="22"/>
							<String ID="P2_ST00922" HPOS="1101" VPOS="3284" WIDTH="15" HEIGHT="17" CONTENT="a" WC="0.96" CC="1" STYLEREFS="TXT_3"/>
							<SP ID="P2_SP00715" HPOS="1116" VPOS="3304" WIDTH="22"/>
							<String ID="P2_ST00923" HPOS="1138" VPOS="3276" WIDTH="48" HEIGHT="24" CONTENT="low" WC="0.90" CC="003" STYLEREFS="TXT_3"/>
						</TextLine>
						<TextLine ID="P2_TL00198" HPOS="663" VPOS="3314" WIDTH="220" HEIGHT="32">
							<String ID="P2_ST00924" HPOS="663" VPOS="3317" WIDTH="62" HEIGHT="24" CONTENT="rent." WC="0.92" CC="11111" STYLEREFS="TXT_3"/>
							<SP ID="P2_SP00716" HPOS="725" VPOS="3341" WIDTH="34"/>
							<String ID="P2_ST00925" HPOS="759" VPOS="3314" WIDTH="79" HEIGHT="32" CONTENT="Apply" WC="0.90" CC="11111" STYLEREFS="TXT_3"/>
							<SP ID="P2_SP00717" HPOS="838" VPOS="3346" WIDTH="12"/>
							<String ID="P2_ST00926" HPOS="850" VPOS="3316" WIDTH="33" HEIGHT="27" CONTENT="to," WC="0.94" CC="102" STYLEREFS="TXT_3"/>
						</TextLine>
						<TextLine ID="P2_TL00199" HPOS="892" VPOS="3349" WIDTH="264" HEIGHT="33">
							<String ID="P2_ST00927" HPOS="892" VPOS="3350" WIDTH="75" HEIGHT="25" CONTENT="Office" WC="0.93" CC="011110" STYLEREFS="TXT_3"/>
							<SP ID="P2_SP00718" HPOS="967" VPOS="3375" WIDTH="10"/>
							<String ID="P2_ST00928" HPOS="977" VPOS="3350" WIDTH="28" HEIGHT="25" CONTENT="of" WC="0.94" CC="11" STYLEREFS="TXT_3"/>
							<SP ID="P2_SP00719" HPOS="1005" VPOS="3375" WIDTH="8"/>
							<String ID="P2_ST00929" HPOS="1013" VPOS="3349" WIDTH="51" HEIGHT="26" CONTENT="this" WC="0.95" CC="1011" STYLEREFS="TXT_3"/>
							<SP ID="P2_SP00720" HPOS="1064" VPOS="3375" WIDTH="8"/>
							<String ID="P2_ST00930" HPOS="1072" VPOS="3349" WIDTH="84" HEIGHT="33" CONTENT="Paper." WC="0.96" CC="101011" STYLEREFS="TXT_3"/>
						</TextLine>
						<TextLine ID="P2_TL00200" HPOS="814" VPOS="3461" WIDTH="225" HEIGHT="46">
							<String ID="P2_ST00931" HPOS="814" VPOS="3461" WIDTH="225" HEIGHT="46" CONTENT="DRINK" WC="0.90" CC="12012" STYLEREFS="TXT_8"/>
						</TextLine>
						<TextLine ID="P2_TL00201" HPOS="683" VPOS="3523" WIDTH="483" HEIGHT="45">
							<String ID="P2_ST00932" HPOS="683" VPOS="3523" WIDTH="205" HEIGHT="44" CONTENT="HYSLOP'S" WC="0.85" CC="34101211" STYLEREFS="TXT_13"/>
							<SP ID="P2_SP00721" HPOS="888" VPOS="3567" WIDTH="14"/>
							<String ID="P2_ST00933" HPOS="902" VPOS="3523" WIDTH="119" HEIGHT="45" CONTENT="PTJ&amp;E" WC="0.73" CC="22173" STYLEREFS="TXT_13"/>
							<SP ID="P2_SP00722" HPOS="1021" VPOS="3568" WIDTH="22"/>
							<String ID="P2_ST00934" HPOS="1043" VPOS="3523" WIDTH="123" HEIGHT="40" CONTENT="TEAS." WC="0.88" CC="11310" STYLEREFS="TXT_13"/>
						</TextLine>
						<TextLine ID="P2_TL00202" HPOS="665" VPOS="3574" WIDTH="523" HEIGHT="40">
							<String ID="P2_ST00935" HPOS="665" VPOS="3575" WIDTH="64" HEIGHT="32" CONTENT="The-" WC="0.85" CC="0124"/>
							<SP ID="P2_SP00723" HPOS="729" VPOS="3607" WIDTH="15"/>
							<String ID="P2_ST00936" HPOS="744" VPOS="3576" WIDTH="90" HEIGHT="31" CONTENT="finest" WC="0.72" CC="442141"/>
							<SP ID="P2_SP00724" HPOS="834" VPOS="3607" WIDTH="13"/>
							<String ID="P2_ST00937" HPOS="847" VPOS="3575" WIDTH="52" HEIGHT="32" CONTENT="the" WC="0.91" CC="112"/>
							<SP ID="P2_SP00725" HPOS="899" VPOS="3607" WIDTH="14"/>
							<String ID="P2_ST00938" HPOS="913" VPOS="3574" WIDTH="103" HEIGHT="30" CONTENT="World" WC="0.95" CC="10101"/>
							<SP ID="P2_SP00726" HPOS="1016" VPOS="3607" WIDTH="17"/>
							<String ID="P2_ST00939" HPOS="1033" VPOS="3575" WIDTH="155" HEIGHT="39" CONTENT="produces." WC="0.95" CC="020011111"/>
						</TextLine>
						<TextLine ID="P2_TL00203" HPOS="667" VPOS="3619" WIDTH="522" HEIGHT="41">
							<String ID="P2_ST00940" HPOS="667" VPOS="3621" WIDTH="73" HEIGHT="31" CONTENT="Sold" WC="0.96" CC="1011"/>
							<SP ID="P2_SP00727" HPOS="740" VPOS="3652" WIDTH="11"/>
							<String ID="P2_ST00941" HPOS="751" VPOS="3622" WIDTH="42" HEIGHT="38" CONTENT="by" WC="0.93" CC="11"/>
							<SP ID="P2_SP00728" HPOS="793" VPOS="3660" WIDTH="30"/>
							<String ID="P2_ST00942" HPOS="823" VPOS="3619" WIDTH="49" HEIGHT="31" CONTENT="Mr" WC="0.93" CC="02"/>
							<SP ID="P2_SP00729" HPOS="872" VPOS="3660" WIDTH="14"/>
							<String ID="P2_ST00943" HPOS="886" VPOS="3619" WIDTH="34" HEIGHT="32" CONTENT="F." WC="0.83" CC="31"/>
							<SP ID="P2_SP00730" HPOS="920" VPOS="3660" WIDTH="16"/>
							<String ID="P2_ST00944" HPOS="936" VPOS="3619" WIDTH="38" HEIGHT="31" CONTENT="A." WC="0.85" CC="12"/>
							<SP ID="P2_SP00731" HPOS="974" VPOS="3660" WIDTH="29"/>
							<String ID="P2_ST00945" HPOS="1003" VPOS="3619" WIDTH="186" HEIGHT="36" CONTENT="Waterman," WC="0.81" CC="410224122"/>
						</TextLine>
						<TextLine ID="P2_TL00204" HPOS="706" VPOS="3661" WIDTH="216" HEIGHT="33">
							<String ID="P2_ST00946" HPOS="706" VPOS="3661" WIDTH="78" HEIGHT="31" CONTENT="East" WC="0.94" CC="1111"/>
							<SP ID="P2_SP00732" HPOS="784" VPOS="3692" WIDTH="12"/>
							<String ID="P2_ST00947" HPOS="796" VPOS="3661" WIDTH="126" HEIGHT="33" CONTENT="Oxford." WC="0.90" CC="2120111"/>
						</TextLine>
						<TextLine ID="P2_TL00205" HPOS="666" VPOS="3700" WIDTH="483" HEIGHT="38">
							<String ID="P2_ST00948" HPOS="666" VPOS="3701" WIDTH="51" HEIGHT="31" CONTENT="Mr" WC="0.96" CC="11"/>
							<SP ID="P2_SP00733" HPOS="717" VPOS="3732" WIDTH="18"/>
							<String ID="P2_ST00949" HPOS="735" VPOS="3702" WIDTH="38" HEIGHT="36" CONTENT="R," WC="0.87" CC="12"/>
							<SP ID="P2_SP00734" HPOS="773" VPOS="3738" WIDTH="16"/>
							<String ID="P2_ST00950" HPOS="789" VPOS="3701" WIDTH="115" HEIGHT="32" CONTENT="Fisher." WC="0.88" CC="4111121"/>
							<SP ID="P2_SP00735" HPOS="904" VPOS="3738" WIDTH="18"/>
							<String ID="P2_ST00951" HPOS="922" VPOS="3700" WIDTH="87" HEIGHT="31" CONTENT="West" WC="0.94" CC="2011"/>
							<SP ID="P2_SP00736" HPOS="1009" VPOS="3738" WIDTH="12"/>
							<String ID="P2_ST00952" HPOS="1021" VPOS="3700" WIDTH="128" HEIGHT="31" CONTENT="Oxford." WC="0.94" CC="0210011"/>
						</TextLine>
						<TextLine ID="P2_TL00206" HPOS="667" VPOS="3740" WIDTH="524" HEIGHT="41">
							<String ID="P2_ST00953" HPOS="667" VPOS="3741" WIDTH="48" HEIGHT="31" CONTENT="Mr" WC="0.98" CC="01"/>
							<SP ID="P2_SP00737" HPOS="715" VPOS="3772" WIDTH="17"/>
							<String ID="P2_ST00954" HPOS="732" VPOS="3742" WIDTH="35" HEIGHT="30" CONTENT="E." WC="0.94" CC="11"/>
							<SP ID="P2_SP00738" HPOS="767" VPOS="3772" WIDTH="17"/>
							<String ID="P2_ST00955" HPOS="784" VPOS="3741" WIDTH="48" HEIGHT="31" CONTENT="W." WC="0.96" CC="11"/>
							<SP ID="P2_SP00739" HPOS="832" VPOS="3772" WIDTH="31"/>
							<String ID="P2_ST00956" HPOS="863" VPOS="3741" WIDTH="125" HEIGHT="40" CONTENT="Cooper," WC="0.91" CC="0000411"/>
							<SP ID="P2_SP00740" HPOS="988" VPOS="3781" WIDTH="29"/>
							<String ID="P2_ST00957" HPOS="1017" VPOS="3741" WIDTH="84" HEIGHT="39" CONTENT="Cust," WC="0.93" CC="01111"/>
							<SP ID="P2_SP00741" HPOS="1101" VPOS="3781" WIDTH="30"/>
							<String ID="P2_ST00958" HPOS="1131" VPOS="3740" WIDTH="60" HEIGHT="33" CONTENT="and" WC="0.85" CC="221"/>
						</TextLine>
						<TextLine ID="P2_TL00207" HPOS="708" VPOS="3782" WIDTH="218" HEIGHT="40">
							<String ID="P2_ST00959" HPOS="708" VPOS="3792" WIDTH="91" HEIGHT="30" CONTENT="mauy" WC="0.80" CC="1124"/>
							<SP ID="P2_SP00742" HPOS="799" VPOS="3822" WIDTH="19"/>
							<String ID="P2_ST00960" HPOS="818" VPOS="3782" WIDTH="108" HEIGHT="32" CONTENT="others." WC="0.95" CC="1011111"/>
						</TextLine>
					</TextBlock>
				</ComposedBlock>
				<ComposedBlock ID="P2_CB00004" HPOS="27" VPOS="179" WIDTH="580" HEIGHT="3669" TYPE="Advertisement">
					<TextBlock ID="P2_TB00007" HPOS="27" VPOS="179" WIDTH="580" HEIGHT="3669" STYLEREFS="TXT_2 PAR_LEFT">
						<TextLine ID="P2_TL00208" HPOS="48" VPOS="179" WIDTH="521" HEIGHT="30">
							<String ID="P2_ST00961" HPOS="48" VPOS="179" WIDTH="169" HEIGHT="28" CONTENT="OXFORD" WC="0.86" CC="024030"/>
							<SP ID="P2_SP00743" HPOS="217" VPOS="207" WIDTH="16"/>
							<String ID="P2_ST00962" HPOS="233" VPOS="179" WIDTH="112" HEIGHT="30" CONTENT="ROAD" WC="0.87" CC="3011"/>
							<SP ID="P2_SP00744" HPOS="345" VPOS="209" WIDTH="18"/>
							<String ID="P2_ST00963" HPOS="363" VPOS="179" WIDTH="206" HEIGHT="29" CONTENT="DISTRICT." WC="0.97" CC="000010111"/>
						</TextLine>
						<TextLine ID="P2_TL00209" HPOS="173" VPOS="276" WIDTH="276" HEIGHT="30">
							<String ID="P2_ST00964" HPOS="173" VPOS="276" WIDTH="131" HEIGHT="30" CONTENT="Special" WC="0.83" CC="4411111"/>
							<SP ID="P2_SP00745" HPOS="304" VPOS="306" WIDTH="25"/>
							<String ID="P2_ST00965" HPOS="329" VPOS="276" WIDTH="120" HEIGHT="29" CONTENT="Order." WC="0.84" CC="052030"/>
						</TextLine>
						<TextLine ID="P2_TL00210" HPOS="50" VPOS="327" WIDTH="522" HEIGHT="30">
							<String ID="P2_ST00966" HPOS="50" VPOS="328" WIDTH="151" HEIGHT="29" CONTENT="Cooper's" WC="0.91" CC="01040211"/>
							<SP ID="P2_SP00746" HPOS="201" VPOS="357" WIDTH="16"/>
							<String ID="P2_ST00967" HPOS="217" VPOS="328" WIDTH="107" HEIGHT="29" CONTENT="Creek" WC="0.90" CC="01031"/>
							<SP ID="P2_SP00747" HPOS="324" VPOS="357" WIDTH="27"/>
							<String ID="P2_ST00968" HPOS="351" VPOS="327" WIDTH="120" HEIGHT="29" CONTENT="Water," WC="0.94" CC="110021"/>
							<SP ID="P2_SP00748" HPOS="471" VPOS="357" WIDTH="15"/>
							<String ID="P2_ST00969" HPOS="486" VPOS="327" WIDTH="86" HEIGHT="29" CONTENT="Race" WC="0.96" CC="0011"/>
						</TextLine>
						<TextLine ID="P2_TL00211" HPOS="231" VPOS="374" WIDTH="159" HEIGHT="30">
							<String ID="P2_ST00970" HPOS="231" VPOS="374" WIDTH="159" HEIGHT="30" CONTENT="District." WC="0.95" CC="101020100"/>
						</TextLine>
						<TextLine ID="P2_TL00212" HPOS="50" VPOS="435" WIDTH="522" HEIGHT="78">
							<String ID="P2_ST00971" HPOS="50" VPOS="435" WIDTH="164" HEIGHT="78" CONTENT="NOTICE" WC="0.97" CC="100001"/>
							<SP ID="P2_SP00749" HPOS="214" VPOS="513" WIDTH="16"/>
							<String ID="P2_ST00972" HPOS="230" VPOS="436" WIDTH="24" HEIGHT="28" CONTENT="is" WC="0.93" CC="02"/>
							<SP ID="P2_SP00750" HPOS="254" VPOS="513" WIDTH="11"/>
							<String ID="P2_ST00973" HPOS="265" VPOS="435" WIDTH="112" HEIGHT="39" CONTENT="hereby" WC="0.88" CC="111312"/>
							<SP ID="P2_SP00751" HPOS="377" VPOS="513" WIDTH="16"/>
							<String ID="P2_ST00974" HPOS="393" VPOS="435" WIDTH="87" HEIGHT="38" CONTENT="given" WC="0.70" CC="41028"/>
							<SP ID="P2_SP00752" HPOS="480" VPOS="513" WIDTH="26"/>
							<String ID="P2_ST00975" HPOS="506" VPOS="435" WIDTH="66" HEIGHT="28" CONTENT="that" WC="0.97" CC="0101"/>
						</TextLine>
						<TextLine ID="P2_TL00213" HPOS="133" VPOS="475" WIDTH="439" HEIGHT="39">
							<String ID="P2_ST00976" HPOS="133" VPOS="481" WIDTH="31" HEIGHT="24" CONTENT="at" WC="1.00" CC="00"/>
							<SP ID="P2_SP00753" HPOS="164" VPOS="505" WIDTH="29"/>
							<String ID="P2_ST00977" HPOS="193" VPOS="486" WIDTH="17" HEIGHT="19" CONTENT="a" WC="1.00" CC="0"/>
							<SP ID="P2_SP00754" HPOS="210" VPOS="505" WIDTH="28"/>
							<String ID="P2_ST00978" HPOS="238" VPOS="475" WIDTH="109" HEIGHT="39" CONTENT="special" WC="0.93" CC="2011020"/>
							<SP ID="P2_SP00755" HPOS="347" VPOS="514" WIDTH="27"/>
							<String ID="P2_ST00979" HPOS="374" VPOS="475" WIDTH="132" HEIGHT="38" CONTENT="meeting" WC="0.96" CC="0111011"/>
							<SP ID="P2_SP00756" HPOS="506" VPOS="514" WIDTH="34"/>
							<String ID="P2_ST00980" HPOS="540" VPOS="476" WIDTH="32" HEIGHT="27" CONTENT="of" WC="0.91" CC="12"/>
						</TextLine>
						<TextLine ID="P2_TL00214" HPOS="49" VPOS="515" WIDTH="522" HEIGHT="30">
							<String ID="P2_ST00981" HPOS="49" VPOS="517" WIDTH="53" HEIGHT="27" CONTENT="the" WC="0.95" CC="011"/>
							<SP ID="P2_SP00757" HPOS="102" VPOS="544" WIDTH="16"/>
							<String ID="P2_ST00982" HPOS="118" VPOS="517" WIDTH="117" HEIGHT="28" CONTENT="Oxford" WC="0.90" CC="221011"/>
							<SP ID="P2_SP00758" HPOS="235" VPOS="545" WIDTH="13"/>
							<String ID="P2_ST00983" HPOS="248" VPOS="516" WIDTH="83" HEIGHT="29" CONTENT="Road" WC="0.92" CC="2020"/>
							<SP ID="P2_SP00759" HPOS="331" VPOS="545" WIDTH="17"/>
							<String ID="P2_ST00984" HPOS="348" VPOS="515" WIDTH="97" HEIGHT="29" CONTENT="Board" WC="0.95" CC="10101"/>
							<SP ID="P2_SP00760" HPOS="445" VPOS="545" WIDTH="30"/>
							<String ID="P2_ST00985" HPOS="475" VPOS="526" WIDTH="31" HEIGHT="17" CONTENT="to" WC="1.00" CC="00"/>
							<SP ID="P2_SP00761" HPOS="506" VPOS="545" WIDTH="28"/>
							<String ID="P2_ST00986" HPOS="534" VPOS="516" WIDTH="37" HEIGHT="28" CONTENT="be" WC="1.00" CC="00"/>
						</TextLine>
						<TextLine ID="P2_TL00215" HPOS="52" VPOS="555" WIDTH="518" HEIGHT="39">
							<String ID="P2_ST00987" HPOS="52" VPOS="555" WIDTH="69" HEIGHT="30" CONTENT="held" WC="0.97" CC="1010"/>
							<SP ID="P2_SP00762" HPOS="121" VPOS="585" WIDTH="14"/>
							<String ID="P2_ST00988" HPOS="135" VPOS="560" WIDTH="33" HEIGHT="24" CONTENT="at" WC="0.50" CC="91" STYLEREFS="TXT_12"/>
							<SP ID="P2_SP00763" HPOS="168" VPOS="585" WIDTH="11"/>
							<String ID="P2_ST00989" HPOS="179" VPOS="558" WIDTH="16" HEIGHT="26" CONTENT="2" WC="0.93" CC="1"/>
							<SP ID="P2_SP00764" HPOS="195" VPOS="585" WIDTH="10"/>
							<String ID="P2_ST00990" HPOS="205" VPOS="556" WIDTH="115" HEIGHT="29" CONTENT="o'clock" WC="0.82" CC="1120062"/>
							<SP ID="P2_SP00765" HPOS="320" VPOS="585" WIDTH="13"/>
							<String ID="P2_ST00991" HPOS="333" VPOS="566" WIDTH="17" HEIGHT="28" CONTENT="p" WC="0.93" CC="1"/>
							<SP ID="P2_SP00766" HPOS="350" VPOS="594" WIDTH="13"/>
							<String ID="P2_ST00992" HPOS="363" VPOS="566" WIDTH="37" HEIGHT="18" CONTENT="m." WC="0.98" CC="01"/>
							<SP ID="P2_SP00767" HPOS="400" VPOS="594" WIDTH="11"/>
							<String ID="P2_ST00993" HPOS="411" VPOS="566" WIDTH="37" HEIGHT="18" CONTENT="on" WC="0.93" CC="02"/>
							<SP ID="P2_SP00768" HPOS="448" VPOS="594" WIDTH="12"/>
							<String ID="P2_ST00994" HPOS="460" VPOS="556" WIDTH="110" HEIGHT="28" CONTENT="Thurs-" WC="0.95" CC="111011"/>
						</TextLine>
						<TextLine ID="P2_TL00216" HPOS="51" VPOS="595" WIDTH="521" HEIGHT="39">
							<String ID="P2_ST00995" HPOS="51" VPOS="596" WIDTH="69" HEIGHT="38" CONTENT="day," WC="0.84" CC="1132"/>
							<SP ID="P2_SP00769" HPOS="120" VPOS="634" WIDTH="29"/>
							<String ID="P2_ST00996" HPOS="149" VPOS="596" WIDTH="106" HEIGHT="29" CONTENT="March" WC="0.89" CC="04111"/>
							<SP ID="P2_SP00770" HPOS="255" VPOS="634" WIDTH="27"/>
							<String ID="P2_ST00997" HPOS="282" VPOS="597" WIDTH="35" HEIGHT="28" CONTENT="17" WC="0.96" CC="10"/>
							<SP ID="P2_SP00771" HPOS="317" VPOS="634" WIDTH="6"/>
							<String ID="P2_ST00998" HPOS="323" VPOS="596" WIDTH="40" HEIGHT="33" CONTENT="th," WC="0.94" CC="111"/>
							<SP ID="P2_SP00772" HPOS="363" VPOS="634" WIDTH="29"/>
							<String ID="P2_ST00999" HPOS="392" VPOS="596" WIDTH="84" HEIGHT="34" CONTENT="189*," WC="0.79" CC="10090"/>
							<SP ID="P2_SP00773" HPOS="476" VPOS="634" WIDTH="42"/>
							<String ID="P2_ST01000" HPOS="518" VPOS="595" WIDTH="54" HEIGHT="30" CONTENT="the" WC="0.89" CC="013"/>
						</TextLine>
						<TextLine ID="P2_TL00217" HPOS="51" VPOS="635" WIDTH="521" HEIGHT="38">
							<String ID="P2_ST01001" HPOS="51" VPOS="635" WIDTH="79" HEIGHT="30" CONTENT="Boar" WC="0.93" CC="0021"/>
							<SP ID="P2_SP00774" HPOS="130" VPOS="665" WIDTH="8"/>
							<String ID="P2_ST01002" HPOS="138" VPOS="637" WIDTH="13" HEIGHT="27" CONTENT="I" WC="0.93" CC="1"/>
							<SP ID="P2_SP00775" HPOS="151" VPOS="665" WIDTH="15"/>
							<String ID="P2_ST01003" HPOS="166" VPOS="637" WIDTH="58" HEIGHT="28" CONTENT="will" WC="0.94" CC="1111"/>
							<SP ID="P2_SP00776" HPOS="224" VPOS="665" WIDTH="25"/>
							<String ID="P2_ST01004" HPOS="249" VPOS="646" WIDTH="67" HEIGHT="26" CONTENT="pass" WC="0.94" CC="1011"/>
							<SP ID="P2_SP00777" HPOS="316" VPOS="672" WIDTH="25"/>
							<String ID="P2_ST01005" HPOS="341" VPOS="636" WIDTH="52" HEIGHT="29" CONTENT="the" WC="0.94" CC="111"/>
							<SP ID="P2_SP00778" HPOS="393" VPOS="672" WIDTH="21"/>
							<String ID="P2_ST01006" HPOS="414" VPOS="635" WIDTH="158" HEIGHT="38" CONTENT="following" WC="0.94" CC="100011121"/>
						</TextLine>
						<TextLine ID="P2_TL00218" HPOS="49" VPOS="675" WIDTH="523" HEIGHT="39">
							<String ID="P2_ST01007" HPOS="49" VPOS="676" WIDTH="175" HEIGHT="34" CONTENT="resolution," WC="0.82" CC="01901111160"/>
							<SP ID="P2_SP00779" HPOS="224" VPOS="710" WIDTH="14"/>
							<String ID="P2_ST01008" HPOS="238" VPOS="675" WIDTH="155" HEIGHT="39" CONTENT="declaring" WC="0.93" CC="111111012"/>
							<SP ID="P2_SP00780" HPOS="393" VPOS="714" WIDTH="14"/>
							<String ID="P2_ST01009" HPOS="407" VPOS="686" WIDTH="18" HEIGHT="19" CONTENT="a" WC="0.93" CC="1"/>
							<SP ID="P2_SP00781" HPOS="425" VPOS="714" WIDTH="27"/>
							<String ID="P2_ST01010" HPOS="452" VPOS="675" WIDTH="120" HEIGHT="39" CONTENT="portion" WC="0.95" CC="0011012"/>
						</TextLine>
						<TextLine ID="P2_TL00219" HPOS="49" VPOS="715" WIDTH="523" HEIGHT="32">
							<String ID="P2_ST01011" HPOS="49" VPOS="716" WIDTH="33" HEIGHT="29" CONTENT="of" WC="0.96" CC="01"/>
							<SP ID="P2_SP00782" HPOS="82" VPOS="745" WIDTH="12"/>
							<String ID="P2_ST01012" HPOS="94" VPOS="716" WIDTH="50" HEIGHT="29" CONTENT="the" WC="0.94" CC="111"/>
							<SP ID="P2_SP00783" HPOS="144" VPOS="745" WIDTH="16"/>
							<String ID="P2_ST01013" HPOS="160" VPOS="715" WIDTH="113" HEIGHT="30" CONTENT="Oxford" WC="0.95" CC="021010"/>
							<SP ID="P2_SP00784" HPOS="273" VPOS="745" WIDTH="16"/>
							<String ID="P2_ST01014" HPOS="289" VPOS="715" WIDTH="83" HEIGHT="30" CONTENT="Road" WC="0.94" CC="2011"/>
							<SP ID="P2_SP00785" HPOS="372" VPOS="745" WIDTH="16"/>
							<String ID="P2_ST01015" HPOS="388" VPOS="715" WIDTH="129" HEIGHT="32" CONTENT="Di-trict," WC="0.85" CC="008111013"/>
							<SP ID="P2_SP00786" HPOS="517" VPOS="747" WIDTH="23"/>
							<String ID="P2_ST01016" HPOS="540" VPOS="719" WIDTH="32" HEIGHT="25" CONTENT="to" WC="1.00" CC="00"/>
						</TextLine>
						<TextLine ID="P2_TL00220" HPOS="50" VPOS="755" WIDTH="439" HEIGHT="30">
							<String ID="P2_ST01017" HPOS="50" VPOS="755" WIDTH="38" HEIGHT="30" CONTENT="be" WC="0.96" CC="01"/>
							<SP ID="P2_SP00787" HPOS="88" VPOS="785" WIDTH="11"/>
							<String ID="P2_ST01018" HPOS="99" VPOS="766" WIDTH="18" HEIGHT="19" CONTENT="a" WC="0.89" CC="1"/>
							<SP ID="P2_SP00788" HPOS="117" VPOS="785" WIDTH="15"/>
							<String ID="P2_ST01019" HPOS="132" VPOS="755" WIDTH="104" HEIGHT="30" CONTENT="Water" WC="0.93" CC="00122"/>
							<SP ID="P2_SP00789" HPOS="236" VPOS="785" WIDTH="14"/>
							<String ID="P2_ST01020" HPOS="250" VPOS="757" WIDTH="81" HEIGHT="28" CONTENT="Race" WC="0.94" CC="1110"/>
							<SP ID="P2_SP00790" HPOS="331" VPOS="785" WIDTH="24"/>
							<String ID="P2_ST01021" HPOS="355" VPOS="755" WIDTH="134" HEIGHT="30" CONTENT="District." WC="0.94" CC="003111010"/>
						</TextLine>
						<TextLine ID="P2_TL00221" HPOS="92" VPOS="805" WIDTH="485" HEIGHT="39">
							<String ID="P2_ST01022" HPOS="92" VPOS="809" WIDTH="17" HEIGHT="12" CONTENT='"' WC="0.89" CC="1"/>
							<SP ID="P2_SP00791" HPOS="109" VPOS="821" WIDTH="11"/>
							<String ID="P2_ST01023" HPOS="120" VPOS="805" WIDTH="79" HEIGHT="30" CONTENT="That" WC="0.96" CC="0111"/>
							<SP ID="P2_SP00792" HPOS="199" VPOS="835" WIDTH="27"/>
							<String ID="P2_ST01024" HPOS="226" VPOS="806" WIDTH="40" HEIGHT="29" CONTENT="all" WC="0.94" CC="110"/>
							<SP ID="P2_SP00793" HPOS="266" VPOS="835" WIDTH="29"/>
							<String ID="P2_ST01025" HPOS="295" VPOS="806" WIDTH="68" HEIGHT="29" CONTENT="that" WC="0.94" CC="0111"/>
							<SP ID="P2_SP00794" HPOS="363" VPOS="835" WIDTH="27"/>
							<String ID="P2_ST01026" HPOS="390" VPOS="806" WIDTH="119" HEIGHT="38" CONTENT="portion" WC="0.97" CC="1001001"/>
							<SP ID="P2_SP00795" HPOS="509" VPOS="844" WIDTH="33"/>
							<String ID="P2_ST01027" HPOS="542" VPOS="806" WIDTH="35" HEIGHT="28" CONTENT="of" WC="0.96" CC="01"/>
						</TextLine>
						<TextLine ID="P2_TL00222" HPOS="50" VPOS="845" WIDTH="522" HEIGHT="30">
							<String ID="P2_ST01028" HPOS="50" VPOS="846" WIDTH="52" HEIGHT="28" CONTENT="the" WC="0.94" CC="011"/>
							<SP ID="P2_SP00796" HPOS="102" VPOS="874" WIDTH="39"/>
							<String ID="P2_ST01029" HPOS="141" VPOS="846" WIDTH="118" HEIGHT="29" CONTENT="Oxford" WC="0.81" CC="091001"/>
							<SP ID="P2_SP00797" HPOS="259" VPOS="875" WIDTH="50"/>
							<String ID="P2_ST01030" HPOS="309" VPOS="845" WIDTH="82" HEIGHT="30" CONTENT="Road" WC="0.97" CC="1001"/>
							<SP ID="P2_SP00798" HPOS="391" VPOS="875" WIDTH="54"/>
							<String ID="P2_ST01031" HPOS="445" VPOS="846" WIDTH="127" HEIGHT="29" CONTENT="District" WC="0.75" CC="11108800"/>
						</TextLine>
						<TextLine ID="P2_TL00223" HPOS="49" VPOS="886" WIDTH="524" HEIGHT="35">
							<String ID="P2_ST01032" HPOS="49" VPOS="886" WIDTH="141" HEIGHT="29" CONTENT="bounded" WC="0.97" CC="0010020"/>
							<SP ID="P2_SP00799" HPOS="190" VPOS="915" WIDTH="28"/>
							<String ID="P2_ST01033" HPOS="218" VPOS="896" WIDTH="32" HEIGHT="19" CONTENT="as" WC="0.96" CC="11"/>
							<SP ID="P2_SP00800" HPOS="250" VPOS="915" WIDTH="28"/>
							<String ID="P2_ST01034" HPOS="278" VPOS="886" WIDTH="153" HEIGHT="29" CONTENT="described" WC="0.95" CC="112011000"/>
							<SP ID="P2_SP00801" HPOS="431" VPOS="915" WIDTH="35"/>
							<String ID="P2_ST01035" HPOS="466" VPOS="887" WIDTH="107" HEIGHT="34" CONTENT="below," WC="0.98" CC="010001"/>
						</TextLine>
						<TextLine ID="P2_TL00224" HPOS="51" VPOS="926" WIDTH="521" HEIGHT="29">
							<String ID="P2_ST01036" HPOS="51" VPOS="926" WIDTH="37" HEIGHT="29" CONTENT="be" WC="0.98" CC="10"/>
							<SP ID="P2_SP00802" HPOS="88" VPOS="955" WIDTH="23"/>
							<String ID="P2_ST01037" HPOS="111" VPOS="926" WIDTH="185" HEIGHT="29" CONTENT="constituted" WC="0.96" CC="00111111010"/>
							<SP ID="P2_SP00803" HPOS="296" VPOS="955" WIDTH="27"/>
							<String ID="P2_ST01038" HPOS="323" VPOS="936" WIDTH="19" HEIGHT="19" CONTENT="a" WC="0.93" CC="1"/>
							<SP ID="P2_SP00804" HPOS="342" VPOS="955" WIDTH="27"/>
							<String ID="P2_ST01039" HPOS="369" VPOS="926" WIDTH="128" HEIGHT="29" CONTENT="District" WC="0.98" CC="11100000"/>
							<SP ID="P2_SP00805" HPOS="497" VPOS="955" WIDTH="27"/>
							<String ID="P2_ST01040" HPOS="524" VPOS="927" WIDTH="48" HEIGHT="28" CONTENT="for" WC="0.93" CC="201"/>
						</TextLine>
						<TextLine ID="P2_TL00225" HPOS="53" VPOS="965" WIDTH="519" HEIGHT="39">
							<String ID="P2_ST01041" HPOS="53" VPOS="965" WIDTH="51" HEIGHT="29" CONTENT="the" WC="0.96" CC="110"/>
							<SP ID="P2_SP00806" HPOS="104" VPOS="994" WIDTH="15"/>
							<String ID="P2_ST01042" HPOS="119" VPOS="975" WIDTH="130" HEIGHT="29" CONTENT="purpose" WC="0.96" CC="0100011"/>
							<SP ID="P2_SP00807" HPOS="249" VPOS="1004" WIDTH="15"/>
							<String ID="P2_ST01043" HPOS="264" VPOS="966" WIDTH="33" HEIGHT="28" CONTENT="of" WC="0.96" CC="01"/>
							<SP ID="P2_SP00808" HPOS="297" VPOS="1004" WIDTH="7"/>
							<String ID="P2_ST01044" HPOS="304" VPOS="965" WIDTH="52" HEIGHT="29" CONTENT="the" WC="0.99" CC="010"/>
							<SP ID="P2_SP00809" HPOS="356" VPOS="1004" WIDTH="12"/>
							<String ID="P2_ST01045" HPOS="368" VPOS="966" WIDTH="204" HEIGHT="29" CONTENT="construction" WC="0.98" CC="001101101001"/>
						</TextLine>
						<TextLine ID="P2_TL00226" HPOS="54" VPOS="1005" WIDTH="518" HEIGHT="38">
							<String ID="P2_ST01046" HPOS="54" VPOS="1006" WIDTH="33" HEIGHT="28" CONTENT="of" WC="0.96" CC="01"/>
							<SP ID="P2_SP00810" HPOS="87" VPOS="1034" WIDTH="10"/>
							<String ID="P2_ST01047" HPOS="97" VPOS="1005" WIDTH="103" HEIGHT="30" CONTENT="Water" WC="0.95" CC="11101"/>
							<SP ID="P2_SP00811" HPOS="200" VPOS="1035" WIDTH="14"/>
							<String ID="P2_ST01048" HPOS="214" VPOS="1006" WIDTH="95" HEIGHT="29" CONTENT="Races" WC="0.95" CC="10101"/>
							<SP ID="P2_SP00812" HPOS="309" VPOS="1035" WIDTH="11"/>
							<String ID="P2_ST01049" HPOS="320" VPOS="1006" WIDTH="123" HEIGHT="37" CONTENT="therein," WC="0.92" CC="01114011"/>
							<SP ID="P2_SP00813" HPOS="443" VPOS="1043" WIDTH="25"/>
							<String ID="P2_ST01050" HPOS="468" VPOS="1006" WIDTH="33" HEIGHT="29" CONTENT="m" WC="1.00" CC="0"/>
							<SP ID="P2_SP00814" HPOS="501" VPOS="1043" WIDTH="24"/>
							<String ID="P2_ST01051" HPOS="525" VPOS="1016" WIDTH="47" HEIGHT="19" CONTENT="ac-" WC="0.97" CC="001"/>
						</TextLine>
						<TextLine ID="P2_TL00227" HPOS="53" VPOS="1046" WIDTH="521" HEIGHT="40">
							<String ID="P2_ST01052" HPOS="53" VPOS="1046" WIDTH="147" HEIGHT="30" CONTENT="cordance" WC="0.88" CC="10313111"/>
							<SP ID="P2_SP00815" HPOS="200" VPOS="1076" WIDTH="25"/>
							<String ID="P2_ST01053" HPOS="225" VPOS="1047" WIDTH="71" HEIGHT="28" CONTENT="with" WC="0.93" CC="2111"/>
							<SP ID="P2_SP00816" HPOS="296" VPOS="1076" WIDTH="27"/>
							<String ID="P2_ST01054" HPOS="323" VPOS="1048" WIDTH="53" HEIGHT="27" CONTENT="the" WC="1.00" CC="000"/>
							<SP ID="P2_SP00817" HPOS="376" VPOS="1076" WIDTH="27"/>
							<String ID="P2_ST01055" HPOS="403" VPOS="1047" WIDTH="171" HEIGHT="39" CONTENT="provisions" WC="0.95" CC="1100012021"/>
						</TextLine>
						<TextLine ID="P2_TL00228" HPOS="51" VPOS="1086" WIDTH="521" HEIGHT="40">
							<String ID="P2_ST01056" HPOS="51" VPOS="1087" WIDTH="32" HEIGHT="28" CONTENT="of" WC="0.81" CC="04"/>
							<SP ID="P2_SP00818" HPOS="83" VPOS="1115" WIDTH="29"/>
							<String ID="P2_ST01057" HPOS="112" VPOS="1087" WIDTH="82" HEIGHT="29" CONTENT="'The" WC="0.95" CC="2000"/>
							<SP ID="P2_SP00819" HPOS="194" VPOS="1116" WIDTH="28"/>
							<String ID="P2_ST01058" HPOS="222" VPOS="1087" WIDTH="106" HEIGHT="29" CONTENT="Water" WC="0.96" CC="10101"/>
							<SP ID="P2_SP00820" HPOS="328" VPOS="1116" WIDTH="23"/>
							<String ID="P2_ST01059" HPOS="351" VPOS="1086" WIDTH="115" HEIGHT="40" CONTENT="Supply" WC="0.97" CC="111001"/>
							<SP ID="P2_SP00821" HPOS="466" VPOS="1126" WIDTH="37"/>
							<String ID="P2_ST01060" HPOS="503" VPOS="1088" WIDTH="69" HEIGHT="31" CONTENT="Act," WC="0.93" CC="1112"/>
						</TextLine>
						<TextLine ID="P2_TL00229" HPOS="52" VPOS="1126" WIDTH="518" HEIGHT="31">
							<String ID="P2_ST01061" HPOS="52" VPOS="1126" WIDTH="75" HEIGHT="31" CONTENT="1891" WC="1.00" CC="0000"/>
							<String ID="P2_ST01062" HPOS="135" VPOS="1127" WIDTH="17" HEIGHT="29" CONTENT=".'" WC="0.89" CC="12"/>
							<SP ID="P2_SP00822" HPOS="152" VPOS="1157" WIDTH="44"/>
							<String ID="P2_ST01063" HPOS="196" VPOS="1126" WIDTH="42" HEIGHT="31" CONTENT="To" WC="1.00" CC="00"/>
							<SP ID="P2_SP00823" HPOS="238" VPOS="1157" WIDTH="14"/>
							<String ID="P2_ST01064" HPOS="252" VPOS="1128" WIDTH="37" HEIGHT="29" CONTENT="be" WC="0.98" CC="01"/>
							<SP ID="P2_SP00824" HPOS="289" VPOS="1157" WIDTH="15"/>
							<String ID="P2_ST01065" HPOS="304" VPOS="1127" WIDTH="96" HEIGHT="30" CONTENT="called" WC="0.96" CC="010010"/>
							<SP ID="P2_SP00825" HPOS="400" VPOS="1157" WIDTH="10"/>
							<String ID="P2_ST01066" HPOS="410" VPOS="1128" WIDTH="51" HEIGHT="29" CONTENT="the" WC="0.94" CC="102"/>
							<SP ID="P2_SP00826" HPOS="461" VPOS="1157" WIDTH="15"/>
							<String ID="P2_ST01067" HPOS="476" VPOS="1131" WIDTH="7" HEIGHT="12" CONTENT="'" WC="0.85" CC="2"/>
							<SP ID="P2_SP00827" HPOS="483" VPOS="1157" WIDTH="13"/>
							<String ID="P2_ST01068" HPOS="496" VPOS="1127" WIDTH="74" HEIGHT="30" CONTENT="Coo-" WC="0.97" CC="0001"/>
						</TextLine>
						<TextLine ID="P2_TL00230" HPOS="51" VPOS="1166" WIDTH="521" HEIGHT="40">
							<String ID="P2_ST01069" HPOS="51" VPOS="1168" WIDTH="80" HEIGHT="38" CONTENT="per's" WC="0.93" CC="11121"/>
							<SP ID="P2_SP00828" HPOS="131" VPOS="1206" WIDTH="6"/>
							<String ID="P2_ST01070" HPOS="137" VPOS="1166" WIDTH="93" HEIGHT="31" CONTENT="Creek" WC="0.98" CC="01001"/>
							<SP ID="P2_SP00829" HPOS="230" VPOS="1206" WIDTH="5"/>
							<String ID="P2_ST01071" HPOS="235" VPOS="1168" WIDTH="104" HEIGHT="29" CONTENT="Water" WC="0.97" CC="10001"/>
							<SP ID="P2_SP00830" HPOS="339" VPOS="1206" WIDTH="13"/>
							<String ID="P2_ST01072" HPOS="352" VPOS="1168" WIDTH="80" HEIGHT="29" CONTENT="Race" WC="0.95" CC="1101"/>
							<SP ID="P2_SP00831" HPOS="432" VPOS="1206" WIDTH="15"/>
							<String ID="P2_ST01073" HPOS="447" VPOS="1168" WIDTH="125" HEIGHT="29" CONTENT="distrct.'" WC="0.83" CC="109111111"/>
						</TextLine>
						<TextLine ID="P2_TL00231" HPOS="52" VPOS="1207" WIDTH="521" HEIGHT="40">
							<String ID="P2_ST01074" HPOS="52" VPOS="1207" WIDTH="212" HEIGHT="40" CONTENT="Commenciug" WC="0.97" CC="0000101021"/>
							<SP ID="P2_SP00832" HPOS="264" VPOS="1247" WIDTH="23"/>
							<String ID="P2_ST01075" HPOS="287" VPOS="1213" WIDTH="32" HEIGHT="24" CONTENT="at" WC="0.96" CC="10"/>
							<SP ID="P2_SP00833" HPOS="319" VPOS="1247" WIDTH="27"/>
							<String ID="P2_ST01076" HPOS="346" VPOS="1208" WIDTH="51" HEIGHT="30" CONTENT="the" WC="0.97" CC="110"/>
							<SP ID="P2_SP00834" HPOS="397" VPOS="1247" WIDTH="28"/>
							<String ID="P2_ST01077" HPOS="425" VPOS="1208" WIDTH="148" HEIGHT="30" CONTENT="Northen-" WC="0.88" CC="41111121"/>
						</TextLine>
						<TextLine ID="P2_TL00232" HPOS="51" VPOS="1248" WIDTH="521" HEIGHT="29">
							<String ID="P2_ST01078" HPOS="51" VPOS="1252" WIDTH="81" HEIGHT="24" CONTENT="most" WC="0.90" CC="2111"/>
							<SP ID="P2_SP00835" HPOS="132" VPOS="1276" WIDTH="24"/>
							<String ID="P2_ST01079" HPOS="156" VPOS="1258" WIDTH="105" HEIGHT="19" CONTENT="corner" WC="0.94" CC="101111"/>
							<SP ID="P2_SP00836" HPOS="261" VPOS="1277" WIDTH="27"/>
							<String ID="P2_ST01080" HPOS="288" VPOS="1248" WIDTH="32" HEIGHT="29" CONTENT="of" WC="0.96" CC="01"/>
							<SP ID="P2_SP00837" HPOS="320" VPOS="1277" WIDTH="28"/>
							<String ID="P2_ST01081" HPOS="348" VPOS="1249" WIDTH="81" HEIGHT="28" CONTENT="rural" WC="0.97" CC="10101"/>
							<SP ID="P2_SP00838" HPOS="429" VPOS="1277" WIDTH="29"/>
							<String ID="P2_ST01082" HPOS="458" VPOS="1249" WIDTH="114" HEIGHT="28" CONTENT="section" WC="0.98" CC="1001100"/>
						</TextLine>
						<TextLine ID="P2_TL00233" HPOS="54" VPOS="1288" WIDTH="519" HEIGHT="38">
							<String ID="P2_ST01083" HPOS="54" VPOS="1288" WIDTH="108" HEIGHT="33" CONTENT="17978," WC="0.81" CC="910001"/>
							<SP ID="P2_SP00839" HPOS="162" VPOS="1321" WIDTH="15"/>
							<String ID="P2_ST01084" HPOS="177" VPOS="1288" WIDTH="107" HEIGHT="29" CONTENT="thence" WC="0.97" CC="110110"/>
							<SP ID="P2_SP00840" HPOS="284" VPOS="1321" WIDTH="11"/>
							<String ID="P2_ST01085" HPOS="295" VPOS="1288" WIDTH="90" HEIGHT="38" CONTENT="along" WC="0.92" CC="11003"/>
							<SP ID="P2_SP00841" HPOS="385" VPOS="1326" WIDTH="34"/>
							<String ID="P2_ST01086" HPOS="419" VPOS="1289" WIDTH="52" HEIGHT="28" CONTENT="the" WC="0.99" CC="010"/>
							<SP ID="P2_SP00842" HPOS="471" VPOS="1326" WIDTH="28"/>
							<String ID="P2_ST01087" HPOS="499" VPOS="1289" WIDTH="74" HEIGHT="28" CONTENT="road" WC="0.98" CC="0011"/>
						</TextLine>
						<TextLine ID="P2_TL00234" HPOS="53" VPOS="1328" WIDTH="519" HEIGHT="38">
							<String ID="P2_ST01088" HPOS="53" VPOS="1328" WIDTH="133" HEIGHT="38" CONTENT="forming" WC="0.94" CC="0010211"/>
							<SP ID="P2_SP00843" HPOS="186" VPOS="1366" WIDTH="11"/>
							<String ID="P2_ST01089" HPOS="197" VPOS="1328" WIDTH="51" HEIGHT="29" CONTENT="the" WC="0.97" CC="011"/>
							<SP ID="P2_SP00844" HPOS="248" VPOS="1366" WIDTH="14"/>
							<String ID="P2_ST01090" HPOS="262" VPOS="1328" WIDTH="218" HEIGHT="29" CONTENT="Northenmost" WC="0.93" CC="20111112011"/>
							<SP ID="P2_SP00845" HPOS="480" VPOS="1366" WIDTH="15"/>
							<String ID="P2_ST01091" HPOS="495" VPOS="1329" WIDTH="77" HEIGHT="28" CONTENT="houn" WC="0.94" CC="1012"/>
						</TextLine>
						<TextLine ID="P2_TL00235" HPOS="52" VPOS="1368" WIDTH="520" HEIGHT="37">
							<String ID="P2_ST01092" HPOS="52" VPOS="1368" WIDTH="77" HEIGHT="37" CONTENT="dary" WC="0.91" CC="1121"/>
							<SP ID="P2_SP00846" HPOS="129" VPOS="1405" WIDTH="16"/>
							<String ID="P2_ST01093" HPOS="145" VPOS="1369" WIDTH="33" HEIGHT="27" CONTENT="of" WC="0.96" CC="10"/>
							<SP ID="P2_SP00847" HPOS="178" VPOS="1405" WIDTH="13"/>
							<String ID="P2_ST01094" HPOS="191" VPOS="1368" WIDTH="68" HEIGHT="29" CONTENT="that" WC="0.94" CC="1111"/>
							<SP ID="P2_SP00848" HPOS="259" VPOS="1405" WIDTH="11"/>
							<String ID="P2_ST01095" HPOS="270" VPOS="1369" WIDTH="124" HEIGHT="34" CONTENT="section," WC="0.94" CC="11011012"/>
							<SP ID="P2_SP00849" HPOS="394" VPOS="1405" WIDTH="8"/>
							<String ID="P2_ST01096" HPOS="402" VPOS="1369" WIDTH="57" HEIGHT="28" CONTENT="and" WC="0.96" CC="101"/>
							<SP ID="P2_SP00850" HPOS="459" VPOS="1405" WIDTH="8"/>
							<String ID="P2_ST01097" HPOS="467" VPOS="1379" WIDTH="18" HEIGHT="18" CONTENT="a" WC="1.00" CC="0"/>
							<SP ID="P2_SP00851" HPOS="485" VPOS="1405" WIDTH="19"/>
							<String ID="P2_ST01098" HPOS="504" VPOS="1379" WIDTH="68" HEIGHT="19" CONTENT="con-" WC="0.96" CC="0011"/>
						</TextLine>
						<TextLine ID="P2_TL00236" HPOS="52" VPOS="1408" WIDTH="520" HEIGHT="29">
							<String ID="P2_ST01099" HPOS="52" VPOS="1408" WIDTH="150" HEIGHT="28" CONTENT="tinuation" WC="0.92" CC="113201001"/>
							<SP ID="P2_SP00852" HPOS="202" VPOS="1436" WIDTH="30"/>
							<String ID="P2_ST01100" HPOS="232" VPOS="1408" WIDTH="115" HEIGHT="28" CONTENT="thereof" WC="0.93" CC="2110101"/>
							<SP ID="P2_SP00853" HPOS="347" VPOS="1436" WIDTH="25"/>
							<String ID="P2_ST01101" HPOS="372" VPOS="1413" WIDTH="31" HEIGHT="23" CONTENT="to" WC="1.00" CC="00"/>
							<SP ID="P2_SP00854" HPOS="403" VPOS="1436" WIDTH="14"/>
							<String ID="P2_ST01102" HPOS="417" VPOS="1408" WIDTH="155" HEIGHT="29" CONTENT="Sladden's" WC="0.93" CC="111111111"/>
						</TextLine>
						<TextLine ID="P2_TL00237" HPOS="49" VPOS="1446" WIDTH="524" HEIGHT="37">
							<String ID="P2_ST01103" HPOS="49" VPOS="1446" WIDTH="84" HEIGHT="30" CONTENT="Bush" WC="0.95" CC="1011"/>
							<SP ID="P2_SP00855" HPOS="133" VPOS="1476" WIDTH="15"/>
							<String ID="P2_ST01104" HPOS="148" VPOS="1446" WIDTH="93" HEIGHT="37" CONTENT="Road," WC="0.95" CC="10011"/>
							<SP ID="P2_SP00856" HPOS="241" VPOS="1483" WIDTH="14"/>
							<String ID="P2_ST01105" HPOS="255" VPOS="1448" WIDTH="110" HEIGHT="29" CONTENT="thence" WC="0.97" CC="100111"/>
							<SP ID="P2_SP00857" HPOS="365" VPOS="1483" WIDTH="13"/>
							<String ID="P2_ST01106" HPOS="378" VPOS="1458" WIDTH="100" HEIGHT="19" CONTENT="across" WC="0.93" CC="111111"/>
							<SP ID="P2_SP00858" HPOS="478" VPOS="1483" WIDTH="27"/>
							<String ID="P2_ST01107" HPOS="505" VPOS="1449" WIDTH="68" HEIGHT="28" CONTENT="that" WC="0.97" CC="0101"/>
						</TextLine>
						<TextLine ID="P2_TL00238" HPOS="50" VPOS="1486" WIDTH="522" HEIGHT="40">
							<String ID="P2_ST01108" HPOS="50" VPOS="1486" WIDTH="95" HEIGHT="36" CONTENT="Road," WC="0.79" CC="30611"/>
							<SP ID="P2_SP00859" HPOS="145" VPOS="1522" WIDTH="15"/>
							<String ID="P2_ST01109" HPOS="160" VPOS="1488" WIDTH="60" HEIGHT="29" CONTENT="and" WC="0.97" CC="011"/>
							<SP ID="P2_SP00860" HPOS="220" VPOS="1522" WIDTH="15"/>
							<String ID="P2_ST01110" HPOS="235" VPOS="1488" WIDTH="91" HEIGHT="38" CONTENT="along" WC="0.95" CC="00012"/>
							<SP ID="P2_SP00861" HPOS="326" VPOS="1526" WIDTH="13"/>
							<String ID="P2_ST01111" HPOS="339" VPOS="1488" WIDTH="52" HEIGHT="29" CONTENT="the" WC="0.96" CC="110"/>
							<SP ID="P2_SP00862" HPOS="391" VPOS="1526" WIDTH="28"/>
							<String ID="P2_ST01112" HPOS="419" VPOS="1488" WIDTH="153" HEIGHT="30" CONTENT="Northern" WC="0.94" CC="20111011"/>
						</TextLine>
						<TextLine ID="P2_TL00239" HPOS="50" VPOS="1526" WIDTH="520" HEIGHT="40">
							<String ID="P2_ST01113" HPOS="50" VPOS="1526" WIDTH="159" HEIGHT="40" CONTENT="boundary" WC="0.88" CC="12011123"/>
							<SP ID="P2_SP00863" HPOS="209" VPOS="1566" WIDTH="30"/>
							<String ID="P2_ST01114" HPOS="239" VPOS="1528" WIDTH="33" HEIGHT="29" CONTENT="of" WC="0.98" CC="01"/>
							<SP ID="P2_SP00864" HPOS="272" VPOS="1566" WIDTH="39"/>
							<String ID="P2_ST01115" HPOS="311" VPOS="1528" WIDTH="129" HEIGHT="29" CONTENT="sections" WC="0.98" CC="00011011"/>
							<SP ID="P2_SP00865" HPOS="440" VPOS="1566" WIDTH="43"/>
							<String ID="P2_ST01116" HPOS="483" VPOS="1530" WIDTH="87" HEIGHT="33" CONTENT="1909," WC="0.97" CC="01010"/>
						</TextLine>
						<TextLine ID="P2_TL00240" HPOS="50" VPOS="1568" WIDTH="520" HEIGHT="35">
							<String ID="P2_ST01117" HPOS="50" VPOS="1568" WIDTH="89" HEIGHT="35" CONTENT="4853," WC="0.90" CC="20301"/>
							<SP ID="P2_SP00866" HPOS="139" VPOS="1603" WIDTH="18"/>
							<String ID="P2_ST01118" HPOS="157" VPOS="1569" WIDTH="86" HEIGHT="34" CONTENT="7883," WC="0.96" CC="10011"/>
							<SP ID="P2_SP00867" HPOS="243" VPOS="1603" WIDTH="18"/>
							<String ID="P2_ST01119" HPOS="261" VPOS="1569" WIDTH="78" HEIGHT="28" CONTENT="1980" WC="0.96" CC="0110"/>
							<SP ID="P2_SP00868" HPOS="339" VPOS="1603" WIDTH="16"/>
							<String ID="P2_ST01120" HPOS="355" VPOS="1572" WIDTH="30" HEIGHT="25" CONTENT="to" WC="1.00" CC="00"/>
							<SP ID="P2_SP00869" HPOS="385" VPOS="1603" WIDTH="15"/>
							<String ID="P2_ST01121" HPOS="400" VPOS="1569" WIDTH="52" HEIGHT="29" CONTENT="the" WC="0.96" CC="101"/>
							<SP ID="P2_SP00870" HPOS="452" VPOS="1603" WIDTH="21"/>
							<String ID="P2_ST01122" HPOS="473" VPOS="1568" WIDTH="97" HEIGHT="29" CONTENT="North" WC="0.96" CC="10101"/>
						</TextLine>
						<TextLine ID="P2_TL00241" HPOS="50" VPOS="1606" WIDTH="522" HEIGHT="31">
							<String ID="P2_ST01123" HPOS="50" VPOS="1606" WIDTH="78" HEIGHT="30" CONTENT="East" WC="0.94" CC="1111"/>
							<SP ID="P2_SP00871" HPOS="128" VPOS="1636" WIDTH="15"/>
							<String ID="P2_ST01124" HPOS="143" VPOS="1617" WIDTH="106" HEIGHT="20" CONTENT="corner" WC="0.97" CC="101100"/>
							<SP ID="P2_SP00872" HPOS="249" VPOS="1637" WIDTH="19"/>
							<String ID="P2_ST01125" HPOS="268" VPOS="1610" WIDTH="31" HEIGHT="27" CONTENT="of" WC="0.98" CC="01"/>
							<SP ID="P2_SP00873" HPOS="299" VPOS="1637" WIDTH="24"/>
							<String ID="P2_ST01126" HPOS="323" VPOS="1609" WIDTH="53" HEIGHT="28" CONTENT="the" WC="0.96" CC="101"/>
							<SP ID="P2_SP00874" HPOS="376" VPOS="1637" WIDTH="23"/>
							<String ID="P2_ST01127" HPOS="399" VPOS="1608" WIDTH="60" HEIGHT="29" CONTENT="last" WC="0.94" CC="1121"/>
							<SP ID="P2_SP00875" HPOS="459" VPOS="1637" WIDTH="23"/>
							<String ID="P2_ST01128" HPOS="482" VPOS="1619" WIDTH="90" HEIGHT="18" CONTENT="men-" WC="0.96" CC="1011"/>
						</TextLine>
						<TextLine ID="P2_TL00242" HPOS="50" VPOS="1648" WIDTH="521" HEIGHT="39">
							<String ID="P2_ST01129" HPOS="50" VPOS="1648" WIDTH="103" HEIGHT="29" CONTENT="tioned" WC="0.93" CC="011110"/>
							<SP ID="P2_SP00876" HPOS="153" VPOS="1677" WIDTH="28"/>
							<String ID="P2_ST01130" HPOS="181" VPOS="1649" WIDTH="125" HEIGHT="34" CONTENT="section," WC="0.94" CC="12111011"/>
							<SP ID="P2_SP00877" HPOS="306" VPOS="1683" WIDTH="28"/>
							<String ID="P2_ST01131" HPOS="334" VPOS="1648" WIDTH="108" HEIGHT="30" CONTENT="thence" WC="0.93" CC="020111"/>
							<SP ID="P2_SP00878" HPOS="442" VPOS="1683" WIDTH="38"/>
							<String ID="P2_ST01132" HPOS="480" VPOS="1650" WIDTH="91" HEIGHT="37" CONTENT="along" WC="0.89" CC="10014"/>
						</TextLine>
						<TextLine ID="P2_TL00243" HPOS="49" VPOS="1688" WIDTH="521" HEIGHT="38">
							<String ID="P2_ST01133" HPOS="49" VPOS="1688" WIDTH="52" HEIGHT="29" CONTENT="the" WC="0.99" CC="100"/>
							<SP ID="P2_SP00879" HPOS="101" VPOS="1717" WIDTH="16"/>
							<String ID="P2_ST01134" HPOS="117" VPOS="1689" WIDTH="127" HEIGHT="28" CONTENT="Eastern" WC="0.95" CC="1101011"/>
							<SP ID="P2_SP00880" HPOS="244" VPOS="1717" WIDTH="19"/>
							<String ID="P2_ST01135" HPOS="263" VPOS="1688" WIDTH="156" HEIGHT="38" CONTENT="boundary" WC="0.94" CC="00121111"/>
							<SP ID="P2_SP00881" HPOS="419" VPOS="1726" WIDTH="29"/>
							<String ID="P2_ST01136" HPOS="448" VPOS="1690" WIDTH="32" HEIGHT="28" CONTENT="of" WC="0.96" CC="01"/>
							<SP ID="P2_SP00882" HPOS="480" VPOS="1726" WIDTH="26"/>
							<String ID="P2_ST01137" HPOS="506" VPOS="1700" WIDTH="64" HEIGHT="19" CONTENT="sec-" WC="0.91" CC="1111"/>
						</TextLine>
						<TextLine ID="P2_TL00244" HPOS="49" VPOS="1728" WIDTH="523" HEIGHT="35">
							<String ID="P2_ST01138" HPOS="49" VPOS="1729" WIDTH="63" HEIGHT="28" CONTENT="tion" WC="0.95" CC="1101"/>
							<SP ID="P2_SP00883" HPOS="112" VPOS="1757" WIDTH="17"/>
							<String ID="P2_ST01139" HPOS="129" VPOS="1730" WIDTH="86" HEIGHT="33" CONTENT="1980," WC="0.86" CC="15111"/>
							<SP ID="P2_SP00884" HPOS="215" VPOS="1763" WIDTH="16"/>
							<String ID="P2_ST01140" HPOS="231" VPOS="1733" WIDTH="30" HEIGHT="25" CONTENT="to" WC="0.98" CC="10"/>
							<SP ID="P2_SP00885" HPOS="261" VPOS="1763" WIDTH="19"/>
							<String ID="P2_ST01141" HPOS="280" VPOS="1728" WIDTH="52" HEIGHT="30" CONTENT="the" WC="0.95" CC="111"/>
							<SP ID="P2_SP00886" HPOS="332" VPOS="1763" WIDTH="28"/>
							<String ID="P2_ST01142" HPOS="360" VPOS="1730" WIDTH="101" HEIGHT="29" CONTENT="North" WC="0.95" CC="10111"/>
							<SP ID="P2_SP00887" HPOS="461" VPOS="1763" WIDTH="28"/>
							<String ID="P2_ST01143" HPOS="489" VPOS="1730" WIDTH="83" HEIGHT="29" CONTENT="West" WC="0.96" CC="1011"/>
						</TextLine>
						<TextLine ID="P2_TL00245" HPOS="50" VPOS="1770" WIDTH="521" HEIGHT="35">
							<String ID="P2_ST01144" HPOS="50" VPOS="1778" WIDTH="105" HEIGHT="19" CONTENT="corner" WC="0.91" CC="102201"/>
							<SP ID="P2_SP00888" HPOS="155" VPOS="1797" WIDTH="14"/>
							<String ID="P2_ST01145" HPOS="169" VPOS="1770" WIDTH="32" HEIGHT="27" CONTENT="of" WC="0.98" CC="01"/>
							<SP ID="P2_SP00889" HPOS="201" VPOS="1797" WIDTH="8"/>
							<String ID="P2_ST01146" HPOS="209" VPOS="1770" WIDTH="113" HEIGHT="29" CONTENT="section" WC="0.97" CC="1100101"/>
							<SP ID="P2_SP00890" HPOS="322" VPOS="1799" WIDTH="26"/>
							<String ID="P2_ST01147" HPOS="348" VPOS="1770" WIDTH="86" HEIGHT="35" CONTENT="1790," WC="0.95" CC="10101"/>
							<SP ID="P2_SP00891" HPOS="434" VPOS="1805" WIDTH="29"/>
							<String ID="P2_ST01148" HPOS="463" VPOS="1770" WIDTH="108" HEIGHT="30" CONTENT="thence" WC="0.98" CC="010100"/>
						</TextLine>
						<TextLine ID="P2_TL00246" HPOS="50" VPOS="1809" WIDTH="522" HEIGHT="39">
							<String ID="P2_ST01149" HPOS="50" VPOS="1809" WIDTH="89" HEIGHT="39" CONTENT="along" WC="0.88" CC="50011"/>
							<SP ID="P2_SP00892" HPOS="139" VPOS="1848" WIDTH="11"/>
							<String ID="P2_ST01150" HPOS="150" VPOS="1810" WIDTH="52" HEIGHT="28" CONTENT="the" WC="0.94" CC="111"/>
							<SP ID="P2_SP00893" HPOS="202" VPOS="1848" WIDTH="14"/>
							<String ID="P2_ST01151" HPOS="216" VPOS="1809" WIDTH="151" HEIGHT="32" CONTENT="Northern" WC="0.89" CC="10211014"/>
							<SP ID="P2_SP00894" HPOS="367" VPOS="1848" WIDTH="24"/>
							<String ID="P2_ST01152" HPOS="391" VPOS="1811" WIDTH="181" HEIGHT="29" CONTENT="boundaries" WC="0.97" CC="0021001000"/>
						</TextLine>
						<TextLine ID="P2_TL00247" HPOS="48" VPOS="1850" WIDTH="523" HEIGHT="36">
							<String ID="P2_ST01153" HPOS="48" VPOS="1850" WIDTH="34" HEIGHT="28" CONTENT="of" WC="0.89" CC="12"/>
							<SP ID="P2_SP00895" HPOS="82" VPOS="1878" WIDTH="27"/>
							<String ID="P2_ST01154" HPOS="109" VPOS="1850" WIDTH="128" HEIGHT="29" CONTENT="sections" WC="0.96" CC="11011000"/>
							<SP ID="P2_SP00896" HPOS="237" VPOS="1879" WIDTH="29"/>
							<String ID="P2_ST01155" HPOS="266" VPOS="1851" WIDTH="89" HEIGHT="35" CONTENT="1790," WC="0.95" CC="11101"/>
							<SP ID="P2_SP00897" HPOS="355" VPOS="1886" WIDTH="36"/>
							<String ID="P2_ST01156" HPOS="391" VPOS="1851" WIDTH="59" HEIGHT="29" CONTENT="and" WC="0.95" CC="110"/>
							<SP ID="P2_SP00898" HPOS="450" VPOS="1886" WIDTH="44"/>
							<String ID="P2_ST01157" HPOS="494" VPOS="1851" WIDTH="77" HEIGHT="30" CONTENT="1789" WC="0.95" CC="0210"/>
						</TextLine>
						<TextLine ID="P2_TL00248" HPOS="50" VPOS="1891" WIDTH="524" HEIGHT="35">
							<String ID="P2_ST01158" HPOS="50" VPOS="1900" WIDTH="101" HEIGHT="19" CONTENT="across" WC="0.96" CC="110011"/>
							<SP ID="P2_SP00899" HPOS="151" VPOS="1919" WIDTH="51"/>
							<String ID="P2_ST01159" HPOS="202" VPOS="1891" WIDTH="119" HEIGHT="28" CONTENT="Clark's" WC="0.95" CC="0011011"/>
							<SP ID="P2_SP00900" HPOS="321" VPOS="1919" WIDTH="44"/>
							<String ID="P2_ST01160" HPOS="365" VPOS="1891" WIDTH="94" HEIGHT="35" CONTENT="Road," WC="0.91" CC="20112"/>
							<SP ID="P2_SP00901" HPOS="459" VPOS="1926" WIDTH="54"/>
							<String ID="P2_ST01161" HPOS="513" VPOS="1891" WIDTH="61" HEIGHT="29" CONTENT="and" WC="0.94" CC="111"/>
						</TextLine>
						<TextLine ID="P2_TL00249" HPOS="50" VPOS="1930" WIDTH="523" HEIGHT="38">
							<String ID="P2_ST01162" HPOS="50" VPOS="1930" WIDTH="92" HEIGHT="38" CONTENT="along" WC="0.98" CC="00011"/>
							<SP ID="P2_SP00902" HPOS="142" VPOS="1968" WIDTH="13"/>
							<String ID="P2_ST01163" HPOS="155" VPOS="1930" WIDTH="52" HEIGHT="29" CONTENT="the" WC="0.99" CC="100"/>
							<SP ID="P2_SP00903" HPOS="207" VPOS="1968" WIDTH="15"/>
							<String ID="P2_ST01164" HPOS="222" VPOS="1930" WIDTH="155" HEIGHT="29" CONTENT="Northern" WC="0.98" CC="10100000"/>
							<SP ID="P2_SP00904" HPOS="377" VPOS="1968" WIDTH="15"/>
							<String ID="P2_ST01165" HPOS="392" VPOS="1931" WIDTH="181" HEIGHT="30" CONTENT="boundaries" WC="0.98" CC="0001001101"/>
						</TextLine>
						<TextLine ID="P2_TL00250" HPOS="27" VPOS="1970" WIDTH="580" HEIGHT="31">
							<String ID="P2_ST01166" HPOS="27" VPOS="1970" WIDTH="63" HEIGHT="28" CONTENT="-jot" WC="0.56" CC="6173" STYLEREFS="TXT_12"/>
							<SP ID="P2_SP00905" HPOS="90" VPOS="1998" WIDTH="7"/>
							<String ID="P2_ST01167" HPOS="97" VPOS="1970" WIDTH="135" HEIGHT="29" CONTENT="sections." WC="0.81" CC="111111129"/>
							<SP ID="P2_SP00906" HPOS="232" VPOS="1999" WIDTH="10"/>
							<String ID="P2_ST01168" HPOS="242" VPOS="1970" WIDTH="163" HEIGHT="31" CONTENT="lßlX_and" WC="0.80" CC="13072121"/>
							<SP ID="P2_SP00907" HPOS="405" VPOS="2001" WIDTH="33"/>
							<String ID="P2_ST01169" HPOS="438" VPOS="1971" WIDTH="77" HEIGHT="26" CONTENT="IRO2" WC="0.84" CC="0214"/>
							<SP ID="P2_SP00908" HPOS="515" VPOS="2001" WIDTH="25"/>
							<String ID="P2_ST01170" HPOS="540" VPOS="1975" WIDTH="34" HEIGHT="22" CONTENT="to" WC="0.94" CC="10"/>
							<SP ID="P2_SP00909" HPOS="574" VPOS="2001" WIDTH="7"/>
							<String ID="P2_ST01171" HPOS="581" VPOS="1994" WIDTH="26" HEIGHT="2" CONTENT="-.." WC="0.85" CC="212"/>
						</TextLine>
						<TextLine ID="P2_TL00251" HPOS="51" VPOS="2005" WIDTH="519" HEIGHT="33">
							<String ID="P2_ST01172" HPOS="51" VPOS="2005" WIDTH="52" HEIGHT="29" CONTENT="the" WC="0.95" CC="111"/>
							<SP ID="P2_SP00910" HPOS="103" VPOS="2034" WIDTH="15"/>
							<String ID="P2_ST01173" HPOS="118" VPOS="2005" WIDTH="98" HEIGHT="30" CONTENT="North" WC="0.94" CC="20101"/>
							<SP ID="P2_SP00911" HPOS="216" VPOS="2035" WIDTH="15"/>
							<String ID="P2_ST01174" HPOS="231" VPOS="2006" WIDTH="72" HEIGHT="30" CONTENT="Bast" WC="0.94" CC="1111"/>
							<SP ID="P2_SP00912" HPOS="303" VPOS="2036" WIDTH="24"/>
							<String ID="P2_ST01175" HPOS="327" VPOS="2017" WIDTH="108" HEIGHT="20" CONTENT="corner" WC="0.96" CC="001101"/>
							<SP ID="P2_SP00913" HPOS="435" VPOS="2037" WIDTH="25"/>
							<String ID="P2_ST01176" HPOS="460" VPOS="2009" WIDTH="31" HEIGHT="28" CONTENT="of" WC="0.94" CC="01"/>
							<SP ID="P2_SP00914" HPOS="491" VPOS="2037" WIDTH="26"/>
							<String ID="P2_ST01177" HPOS="517" VPOS="2009" WIDTH="53" HEIGHT="29" CONTENT="the" WC="0.95" CC="002"/>
						</TextLine>
						<TextLine ID="P2_TL00252" HPOS="50" VPOS="2044" WIDTH="522" HEIGHT="39">
							<String ID="P2_ST01178" HPOS="50" VPOS="2044" WIDTH="59" HEIGHT="30" CONTENT="last" WC="0.91" CC="1210"/>
							<SP ID="P2_SP00915" HPOS="109" VPOS="2074" WIDTH="13"/>
							<String ID="P2_ST01179" HPOS="122" VPOS="2047" WIDTH="173" HEIGHT="30" CONTENT="mentioned" WC="0.96" CC="010110111"/>
							<SP ID="P2_SP00916" HPOS="295" VPOS="2077" WIDTH="14"/>
							<String ID="P2_ST01180" HPOS="309" VPOS="2048" WIDTH="126" HEIGHT="35" CONTENT="section," WC="0.95" CC="10102002"/>
							<SP ID="P2_SP00917" HPOS="435" VPOS="2083" WIDTH="28"/>
							<String ID="P2_ST01181" HPOS="463" VPOS="2049" WIDTH="109" HEIGHT="30" CONTENT="thence" WC="0.95" CC="011101"/>
						</TextLine>
						<TextLine ID="P2_TL00253" HPOS="50" VPOS="2086" WIDTH="522" HEIGHT="39">
							<String ID="P2_ST01182" HPOS="50" VPOS="2086" WIDTH="30" HEIGHT="28" CONTENT="m" WC="0.94" CC="1"/>
							<SP ID="P2_SP00918" HPOS="80" VPOS="2114" WIDTH="17"/>
							<String ID="P2_ST01183" HPOS="97" VPOS="2095" WIDTH="18" HEIGHT="19" CONTENT="a" WC="1.00" CC="0"/>
							<SP ID="P2_SP00919" HPOS="115" VPOS="2114" WIDTH="13"/>
							<String ID="P2_ST01184" HPOS="128" VPOS="2087" WIDTH="133" HEIGHT="38" CONTENT="straight" WC="0.95" CC="10100210"/>
							<SP ID="P2_SP00920" HPOS="261" VPOS="2125" WIDTH="14"/>
							<String ID="P2_ST01185" HPOS="275" VPOS="2087" WIDTH="61" HEIGHT="30" CONTENT="line" WC="0.94" CC="0110"/>
							<SP ID="P2_SP00921" HPOS="336" VPOS="2125" WIDTH="12"/>
							<String ID="P2_ST01186" HPOS="348" VPOS="2097" WIDTH="101" HEIGHT="21" CONTENT="across" WC="0.97" CC="001011"/>
							<SP ID="P2_SP00922" HPOS="449" VPOS="2125" WIDTH="10"/>
							<String ID="P2_ST01187" HPOS="459" VPOS="2089" WIDTH="113" HEIGHT="30" CONTENT="section" WC="0.98" CC="1011001"/>
						</TextLine>
						<TextLine ID="P2_TL00254" HPOS="52" VPOS="2128" WIDTH="518" HEIGHT="33">
							<String ID="P2_ST01188" HPOS="52" VPOS="2128" WIDTH="108" HEIGHT="33" CONTENT="23705," WC="0.95" CC="210010"/>
							<SP ID="P2_SP00923" HPOS="160" VPOS="2161" WIDTH="16"/>
							<String ID="P2_ST01189" HPOS="176" VPOS="2128" WIDTH="59" HEIGHT="28" CONTENT="and" WC="0.95" CC="011"/>
							<SP ID="P2_SP00924" HPOS="235" VPOS="2161" WIDTH="12"/>
							<String ID="P2_ST01190" HPOS="247" VPOS="2128" WIDTH="212" HEIGHT="30" CONTENT="McCandish's" WC="0.95" CC="01111111111"/>
							<SP ID="P2_SP00925" HPOS="459" VPOS="2161" WIDTH="25"/>
							<String ID="P2_ST01191" HPOS="484" VPOS="2130" WIDTH="86" HEIGHT="29" CONTENT="Road" WC="0.97" CC="1000"/>
						</TextLine>
						<TextLine ID="P2_TL00255" HPOS="50" VPOS="2165" WIDTH="522" HEIGHT="34">
							<String ID="P2_ST01192" HPOS="50" VPOS="2171" WIDTH="32" HEIGHT="23" CONTENT="to" WC="0.96" CC="10"/>
							<SP ID="P2_SP00926" HPOS="82" VPOS="2194" WIDTH="15"/>
							<String ID="P2_ST01193" HPOS="97" VPOS="2165" WIDTH="98" HEIGHT="30" CONTENT="North" WC="0.95" CC="10110"/>
							<SP ID="P2_SP00927" HPOS="195" VPOS="2195" WIDTH="16"/>
							<String ID="P2_ST01194" HPOS="211" VPOS="2167" WIDTH="86" HEIGHT="30" CONTENT="West" WC="0.97" CC="1100"/>
							<SP ID="P2_SP00928" HPOS="297" VPOS="2197" WIDTH="15"/>
							<String ID="P2_ST01195" HPOS="312" VPOS="2177" WIDTH="106" HEIGHT="21" CONTENT="corner" WC="0.92" CC="101111"/>
							<SP ID="P2_SP00929" HPOS="418" VPOS="2198" WIDTH="27"/>
							<String ID="P2_ST01196" HPOS="445" VPOS="2170" WIDTH="32" HEIGHT="28" CONTENT="of" WC="0.93" CC="02"/>
							<SP ID="P2_SP00930" HPOS="477" VPOS="2198" WIDTH="24"/>
							<String ID="P2_ST01197" HPOS="501" VPOS="2179" WIDTH="71" HEIGHT="20" CONTENT="sec-" WC="0.90" CC="1003"/>
						</TextLine>
						<TextLine ID="P2_TL00256" HPOS="48" VPOS="2206" WIDTH="526" HEIGHT="42">
							<String ID="P2_ST01198" HPOS="48" VPOS="2206" WIDTH="64" HEIGHT="29" CONTENT="tion" WC="0.97" CC="0100"/>
							<SP ID="P2_SP00931" HPOS="112" VPOS="2235" WIDTH="31"/>
							<String ID="P2_ST01199" HPOS="143" VPOS="2208" WIDTH="88" HEIGHT="35" CONTENT="1670," WC="0.92" CC="04001"/>
							<SP ID="P2_SP00932" HPOS="231" VPOS="2243" WIDTH="30"/>
							<String ID="P2_ST01200" HPOS="261" VPOS="2208" WIDTH="108" HEIGHT="29" CONTENT="thence" WC="0.93" CC="110111"/>
							<SP ID="P2_SP00933" HPOS="369" VPOS="2243" WIDTH="28"/>
							<String ID="P2_ST01201" HPOS="397" VPOS="2210" WIDTH="92" HEIGHT="38" CONTENT="along" WC="0.93" CC="01012"/>
							<SP ID="P2_SP00934" HPOS="489" VPOS="2248" WIDTH="32"/>
							<String ID="P2_ST01202" HPOS="521" VPOS="2210" WIDTH="53" HEIGHT="29" CONTENT="the" WC="0.94" CC="110"/>
						</TextLine>
						<TextLine ID="P2_TL00257" HPOS="48" VPOS="2246" WIDTH="525" HEIGHT="42">
							<String ID="P2_ST01203" HPOS="48" VPOS="2246" WIDTH="98" HEIGHT="30" CONTENT="North" WC="0.95" CC="10110"/>
							<SP ID="P2_SP00935" HPOS="146" VPOS="2276" WIDTH="30"/>
							<String ID="P2_ST01204" HPOS="176" VPOS="2247" WIDTH="83" HEIGHT="30" CONTENT="West" WC="0.97" CC="0011"/>
							<SP ID="P2_SP00936" HPOS="259" VPOS="2277" WIDTH="24"/>
							<String ID="P2_ST01205" HPOS="283" VPOS="2248" WIDTH="158" HEIGHT="40" CONTENT="boundary" WC="0.99" CC="00001100"/>
							<SP ID="P2_SP00937" HPOS="441" VPOS="2288" WIDTH="20"/>
							<String ID="P2_ST01206" HPOS="461" VPOS="2250" WIDTH="33" HEIGHT="29" CONTENT="of" WC="0.93" CC="02"/>
							<SP ID="P2_SP00938" HPOS="494" VPOS="2288" WIDTH="26"/>
							<String ID="P2_ST01207" HPOS="520" VPOS="2250" WIDTH="53" HEIGHT="29" CONTENT="the" WC="0.97" CC="010"/>
						</TextLine>
						<TextLine ID="P2_TL00258" HPOS="50" VPOS="2286" WIDTH="522" HEIGHT="37">
							<String ID="P2_ST01208" HPOS="50" VPOS="2286" WIDTH="61" HEIGHT="30" CONTENT="last" WC="0.97" CC="1001"/>
							<SP ID="P2_SP00939" HPOS="111" VPOS="2316" WIDTH="40"/>
							<String ID="P2_ST01209" HPOS="151" VPOS="2288" WIDTH="181" HEIGHT="35" CONTENT="mentioned," WC="0.91" CC="1110140111"/>
							<SP ID="P2_SP00940" HPOS="332" VPOS="2323" WIDTH="39"/>
							<String ID="P2_ST01210" HPOS="371" VPOS="2290" WIDTH="59" HEIGHT="28" CONTENT="and" WC="0.97" CC="011"/>
							<SP ID="P2_SP00941" HPOS="430" VPOS="2323" WIDTH="42"/>
							<String ID="P2_ST01211" HPOS="472" VPOS="2300" WIDTH="100" HEIGHT="19" CONTENT="across" WC="0.98" CC="010011"/>
						</TextLine>
						<TextLine ID="P2_TL00259" HPOS="50" VPOS="2326" WIDTH="521" HEIGHT="33">
							<String ID="P2_ST01212" HPOS="50" VPOS="2326" WIDTH="172" HEIGHT="30" CONTENT="Gammon's" WC="0.94" CC="21120110"/>
							<SP ID="P2_SP00942" HPOS="222" VPOS="2356" WIDTH="17"/>
							<String ID="P2_ST01213" HPOS="239" VPOS="2327" WIDTH="96" HEIGHT="30" CONTENT="Creek" WC="0.93" CC="11121"/>
							<SP ID="P2_SP00943" HPOS="335" VPOS="2357" WIDTH="13"/>
							<String ID="P2_ST01214" HPOS="348" VPOS="2331" WIDTH="33" HEIGHT="27" CONTENT="to" WC="1.00" CC="00"/>
							<SP ID="P2_SP00944" HPOS="381" VPOS="2358" WIDTH="14"/>
							<String ID="P2_ST01215" HPOS="395" VPOS="2330" WIDTH="52" HEIGHT="29" CONTENT="the" WC="0.97" CC="110"/>
							<SP ID="P2_SP00945" HPOS="447" VPOS="2359" WIDTH="28"/>
							<String ID="P2_ST01216" HPOS="475" VPOS="2330" WIDTH="96" HEIGHT="29" CONTENT="North" WC="0.98" CC="10000"/>
						</TextLine>
						<TextLine ID="P2_TL00260" HPOS="48" VPOS="2366" WIDTH="521" HEIGHT="40">
							<String ID="P2_ST01217" HPOS="48" VPOS="2366" WIDTH="87" HEIGHT="30" CONTENT="West" WC="0.99" CC="0010"/>
							<SP ID="P2_SP00946" HPOS="135" VPOS="2396" WIDTH="23"/>
							<String ID="P2_ST01218" HPOS="158" VPOS="2377" WIDTH="105" HEIGHT="20" CONTENT="corner" WC="0.94" CC="101121"/>
							<SP ID="P2_SP00947" HPOS="263" VPOS="2397" WIDTH="23"/>
							<String ID="P2_ST01219" HPOS="286" VPOS="2368" WIDTH="32" HEIGHT="30" CONTENT="of" WC="0.96" CC="01"/>
							<SP ID="P2_SP00948" HPOS="318" VPOS="2398" WIDTH="25"/>
							<String ID="P2_ST01220" HPOS="343" VPOS="2370" WIDTH="113" HEIGHT="29" CONTENT="section" WC="0.96" CC="1001101"/>
							<SP ID="P2_SP00949" HPOS="456" VPOS="2399" WIDTH="27"/>
							<String ID="P2_ST01221" HPOS="483" VPOS="2371" WIDTH="86" HEIGHT="35" CONTENT="1575," WC="0.95" CC="11111"/>
						</TextLine>
						<TextLine ID="P2_TL00261" HPOS="48" VPOS="2407" WIDTH="520" HEIGHT="40">
							<String ID="P2_ST01222" HPOS="48" VPOS="2407" WIDTH="107" HEIGHT="31" CONTENT="theuce" WC="0.93" CC="002211"/>
							<SP ID="P2_SP00950" HPOS="155" VPOS="2438" WIDTH="35"/>
							<String ID="P2_ST01223" HPOS="190" VPOS="2409" WIDTH="91" HEIGHT="38" CONTENT="along" WC="0.95" CC="00012"/>
							<SP ID="P2_SP00951" HPOS="281" VPOS="2447" WIDTH="39"/>
							<String ID="P2_ST01224" HPOS="320" VPOS="2409" WIDTH="52" HEIGHT="29" CONTENT="the" WC="0.99" CC="100"/>
							<SP ID="P2_SP00952" HPOS="372" VPOS="2447" WIDTH="44"/>
							<String ID="P2_ST01225" HPOS="416" VPOS="2410" WIDTH="152" HEIGHT="30" CONTENT="Northern" WC="0.96" CC="10111010"/>
						</TextLine>
						<TextLine ID="P2_TL00262" HPOS="47" VPOS="2448" WIDTH="522" HEIGHT="40">
							<String ID="P2_ST01226" HPOS="47" VPOS="2448" WIDTH="158" HEIGHT="40" CONTENT="boundary" WC="0.96" CC="10010111"/>
							<SP ID="P2_SP00953" HPOS="205" VPOS="2488" WIDTH="14"/>
							<String ID="P2_ST01227" HPOS="219" VPOS="2450" WIDTH="30" HEIGHT="28" CONTENT="of" WC="0.94" CC="01"/>
							<SP ID="P2_SP00954" HPOS="249" VPOS="2488" WIDTH="7"/>
							<String ID="P2_ST01228" HPOS="256" VPOS="2450" WIDTH="111" HEIGHT="29" CONTENT="section" WC="0.94" CC="1101201"/>
							<SP ID="P2_SP00955" HPOS="367" VPOS="2488" WIDTH="13"/>
							<String ID="P2_ST01229" HPOS="380" VPOS="2451" WIDTH="76" HEIGHT="28" CONTENT="1575" WC="0.93" CC="0112"/>
							<SP ID="P2_SP00956" HPOS="456" VPOS="2488" WIDTH="13"/>
							<String ID="P2_ST01230" HPOS="469" VPOS="2461" WIDTH="100" HEIGHT="20" CONTENT="across" WC="0.96" CC="101011"/>
						</TextLine>
						<TextLine ID="P2_TL00263" HPOS="48" VPOS="2488" WIDTH="521" HEIGHT="42">
							<String ID="P2_ST01231" HPOS="48" VPOS="2488" WIDTH="107" HEIGHT="30" CONTENT="Luer's" WC="0.92" CC="111111"/>
							<SP ID="P2_SP00957" HPOS="155" VPOS="2518" WIDTH="13"/>
							<String ID="P2_ST01232" HPOS="168" VPOS="2488" WIDTH="84" HEIGHT="31" CONTENT="Bush" WC="0.94" CC="1111"/>
							<SP ID="P2_SP00958" HPOS="252" VPOS="2519" WIDTH="29"/>
							<String ID="P2_ST01233" HPOS="281" VPOS="2490" WIDTH="92" HEIGHT="36" CONTENT="Road," WC="0.98" CC="10011"/>
							<SP ID="P2_SP00959" HPOS="373" VPOS="2526" WIDTH="27"/>
							<String ID="P2_ST01234" HPOS="400" VPOS="2491" WIDTH="91" HEIGHT="39" CONTENT="along" WC="0.97" CC="01011"/>
							<SP ID="P2_SP00960" HPOS="491" VPOS="2530" WIDTH="26"/>
							<String ID="P2_ST01235" HPOS="517" VPOS="2492" WIDTH="52" HEIGHT="29" CONTENT="the" WC="0.96" CC="110"/>
						</TextLine>
						<TextLine ID="P2_TL00264" HPOS="48" VPOS="2528" WIDTH="524" HEIGHT="33">
							<String ID="P2_ST01236" HPOS="48" VPOS="2528" WIDTH="152" HEIGHT="30" CONTENT="Northern" WC="0.95" CC="10011211"/>
							<SP ID="P2_SP00961" HPOS="200" VPOS="2558" WIDTH="22"/>
							<String ID="P2_ST01237" HPOS="222" VPOS="2531" WIDTH="61" HEIGHT="28" CONTENT="and" WC="0.97" CC="011"/>
							<SP ID="P2_SP00962" HPOS="283" VPOS="2559" WIDTH="28"/>
							<String ID="P2_ST01238" HPOS="311" VPOS="2530" WIDTH="125" HEIGHT="30" CONTENT="Kastern" WC="0.95" CC="1101111"/>
							<SP ID="P2_SP00963" HPOS="436" VPOS="2560" WIDTH="34"/>
							<String ID="P2_ST01239" HPOS="470" VPOS="2532" WIDTH="102" HEIGHT="29" CONTENT="boun-" WC="0.93" CC="10121"/>
						</TextLine>
						<TextLine ID="P2_TL00265" HPOS="52" VPOS="2569" WIDTH="519" HEIGHT="38">
							<String ID="P2_ST01240" HPOS="52" VPOS="2569" WIDTH="96" HEIGHT="30" CONTENT="daries" WC="0.96" CC="201011"/>
							<SP ID="P2_SP00964" HPOS="148" VPOS="2599" WIDTH="29"/>
							<String ID="P2_ST01241" HPOS="177" VPOS="2570" WIDTH="33" HEIGHT="29" CONTENT="of" WC="0.94" CC="01"/>
							<SP ID="P2_SP00965" HPOS="210" VPOS="2599" WIDTH="23"/>
							<String ID="P2_ST01242" HPOS="233" VPOS="2571" WIDTH="111" HEIGHT="31" CONTENT="section" WC="0.92" CC="1100104"/>
							<SP ID="P2_SP00966" HPOS="344" VPOS="2602" WIDTH="41"/>
							<String ID="P2_ST01243" HPOS="385" VPOS="2571" WIDTH="87" HEIGHT="36" CONTENT="1687," WC="0.96" CC="01011"/>
							<SP ID="P2_SP00967" HPOS="472" VPOS="2607" WIDTH="39"/>
							<String ID="P2_ST01244" HPOS="511" VPOS="2573" WIDTH="60" HEIGHT="29" CONTENT="and" WC="0.97" CC="011"/>
						</TextLine>
						<TextLine ID="P2_TL00266" HPOS="50" VPOS="2610" WIDTH="521" HEIGHT="42">
							<String ID="P2_ST01245" HPOS="50" VPOS="2610" WIDTH="90" HEIGHT="37" CONTENT="along" WC="0.92" CC="10021"/>
							<SP ID="P2_SP00968" HPOS="140" VPOS="2647" WIDTH="21"/>
							<String ID="P2_ST01246" HPOS="161" VPOS="2610" WIDTH="53" HEIGHT="29" CONTENT="the" WC="0.99" CC="010"/>
							<SP ID="P2_SP00969" HPOS="214" VPOS="2647" WIDTH="23"/>
							<String ID="P2_ST01247" HPOS="237" VPOS="2610" WIDTH="154" HEIGHT="30" CONTENT="Northern" WC="0.93" CC="10011211"/>
							<SP ID="P2_SP00970" HPOS="391" VPOS="2647" WIDTH="22"/>
							<String ID="P2_ST01248" HPOS="413" VPOS="2612" WIDTH="158" HEIGHT="40" CONTENT="boundary" WC="0.97" CC="00011011"/>
						</TextLine>
						<TextLine ID="P2_TL00267" HPOS="50" VPOS="2650" WIDTH="520" HEIGHT="33">
							<String ID="P2_ST01249" HPOS="50" VPOS="2650" WIDTH="32" HEIGHT="28" CONTENT="of" WC="0.96" CC="11"/>
							<SP ID="P2_SP00971" HPOS="82" VPOS="2678" WIDTH="13"/>
							<String ID="P2_ST01250" HPOS="95" VPOS="2650" WIDTH="114" HEIGHT="29" CONTENT="section" WC="0.97" CC="1110001"/>
							<SP ID="P2_SP00972" HPOS="209" VPOS="2679" WIDTH="18"/>
							<String ID="P2_ST01251" HPOS="227" VPOS="2652" WIDTH="75" HEIGHT="29" CONTENT="1709" WC="0.96" CC="1101"/>
							<SP ID="P2_SP00973" HPOS="302" VPOS="2681" WIDTH="23"/>
							<String ID="P2_ST01252" HPOS="325" VPOS="2654" WIDTH="31" HEIGHT="26" CONTENT="to" WC="1.00" CC="00"/>
							<SP ID="P2_SP00974" HPOS="356" VPOS="2681" WIDTH="36"/>
							<String ID="P2_ST01253" HPOS="392" VPOS="2652" WIDTH="50" HEIGHT="29" CONTENT="the" WC="0.99" CC="010"/>
							<SP ID="P2_SP00975" HPOS="442" VPOS="2681" WIDTH="30"/>
							<String ID="P2_ST01254" HPOS="472" VPOS="2653" WIDTH="98" HEIGHT="30" CONTENT="North" WC="0.88" CC="50011"/>
						</TextLine>
						<TextLine ID="P2_TL00268" HPOS="50" VPOS="2690" WIDTH="520" HEIGHT="37">
							<String ID="P2_ST01255" HPOS="50" VPOS="2690" WIDTH="76" HEIGHT="29" CONTENT="East" WC="0.94" CC="1102"/>
							<SP ID="P2_SP00976" HPOS="126" VPOS="2719" WIDTH="27"/>
							<String ID="P2_ST01256" HPOS="153" VPOS="2701" WIDTH="108" HEIGHT="19" CONTENT="corner" WC="0.94" CC="001121"/>
							<SP ID="P2_SP00977" HPOS="261" VPOS="2720" WIDTH="37"/>
							<String ID="P2_ST01257" HPOS="298" VPOS="2691" WIDTH="124" HEIGHT="36" CONTENT="thereof" WC="0.85" CC="0000109"/>
							<SP ID="P2_SP00978" HPOS="422" VPOS="2727" WIDTH="42"/>
							<String ID="P2_ST01258" HPOS="464" VPOS="2692" WIDTH="106" HEIGHT="31" CONTENT="thence" WC="0.96" CC="111110"/>
						</TextLine>
						<TextLine ID="P2_TL00269" HPOS="50" VPOS="2731" WIDTH="522" HEIGHT="41">
							<String ID="P2_ST01259" HPOS="50" VPOS="2731" WIDTH="90" HEIGHT="38" CONTENT="along" WC="0.94" CC="10012"/>
							<SP ID="P2_SP00979" HPOS="140" VPOS="2769" WIDTH="15"/>
							<String ID="P2_ST01260" HPOS="155" VPOS="2731" WIDTH="52" HEIGHT="29" CONTENT="the" WC="0.96" CC="111"/>
							<SP ID="P2_SP00980" HPOS="207" VPOS="2769" WIDTH="13"/>
							<String ID="P2_ST01261" HPOS="220" VPOS="2731" WIDTH="131" HEIGHT="30" CONTENT="Eastern" WC="0.90" CC="0110051"/>
							<SP ID="P2_SP00981" HPOS="351" VPOS="2769" WIDTH="18"/>
							<String ID="P2_ST01262" HPOS="369" VPOS="2732" WIDTH="157" HEIGHT="40" CONTENT="boundary" WC="0.99" CC="01011000"/>
							<SP ID="P2_SP00982" HPOS="526" VPOS="2772" WIDTH="14"/>
							<String ID="P2_ST01263" HPOS="540" VPOS="2734" WIDTH="32" HEIGHT="29" CONTENT="of" WC="0.96" CC="01"/>
						</TextLine>
						<TextLine ID="P2_TL00270" HPOS="52" VPOS="2772" WIDTH="517" HEIGHT="34">
							<String ID="P2_ST01264" HPOS="52" VPOS="2772" WIDTH="113" HEIGHT="28" CONTENT="section" WC="0.97" CC="0101001"/>
							<SP ID="P2_SP00983" HPOS="165" VPOS="2800" WIDTH="31"/>
							<String ID="P2_ST01265" HPOS="196" VPOS="2772" WIDTH="87" HEIGHT="34" CONTENT="1709," WC="0.97" CC="11010"/>
							<SP ID="P2_SP00984" HPOS="283" VPOS="2806" WIDTH="30"/>
							<String ID="P2_ST01266" HPOS="313" VPOS="2772" WIDTH="57" HEIGHT="29" CONTENT="and" WC="0.95" CC="111"/>
							<SP ID="P2_SP00985" HPOS="370" VPOS="2806" WIDTH="31"/>
							<String ID="P2_ST01267" HPOS="401" VPOS="2782" WIDTH="18" HEIGHT="19" CONTENT="a" WC="1.00" CC="0"/>
							<SP ID="P2_SP00986" HPOS="419" VPOS="2806" WIDTH="24"/>
							<String ID="P2_ST01268" HPOS="443" VPOS="2772" WIDTH="61" HEIGHT="31" CONTENT="line" WC="0.95" CC="1200"/>
							<SP ID="P2_SP00987" HPOS="504" VPOS="2806" WIDTH="33"/>
							<String ID="P2_ST01269" HPOS="537" VPOS="2774" WIDTH="32" HEIGHT="29" CONTENT="m" WC="1.00" CC="0"/>
						</TextLine>
						<TextLine ID="P2_TL00271" HPOS="50" VPOS="2812" WIDTH="520" HEIGHT="36">
							<String ID="P2_ST01270" HPOS="50" VPOS="2812" WIDTH="207" HEIGHT="29" CONTENT="continuation" WC="0.94" CC="001111111102"/>
							<SP ID="P2_SP00988" HPOS="257" VPOS="2841" WIDTH="25"/>
							<String ID="P2_ST01271" HPOS="282" VPOS="2813" WIDTH="126" HEIGHT="35" CONTENT="thereof," WC="0.94" CC="11013010"/>
							<SP ID="P2_SP00989" HPOS="408" VPOS="2848" WIDTH="37"/>
							<String ID="P2_ST01272" HPOS="445" VPOS="2817" WIDTH="32" HEIGHT="26" CONTENT="to" WC="1.00" CC="00"/>
							<SP ID="P2_SP00990" HPOS="477" VPOS="2848" WIDTH="42"/>
							<String ID="P2_ST01273" HPOS="519" VPOS="2814" WIDTH="51" HEIGHT="31" CONTENT="the" WC="0.90" CC="112"/>
						</TextLine>
						<TextLine ID="P2_TL00272" HPOS="52" VPOS="2852" WIDTH="518" HEIGHT="32">
							<String ID="P2_ST01274" HPOS="52" VPOS="2852" WIDTH="89" HEIGHT="29" CONTENT="south" WC="0.95" CC="10110"/>
							<SP ID="P2_SP00991" HPOS="141" VPOS="2881" WIDTH="15"/>
							<String ID="P2_ST01275" HPOS="156" VPOS="2853" WIDTH="64" HEIGHT="28" CONTENT="side" WC="0.95" CC="1011"/>
							<SP ID="P2_SP00992" HPOS="220" VPOS="2881" WIDTH="22"/>
							<String ID="P2_ST01276" HPOS="242" VPOS="2853" WIDTH="33" HEIGHT="28" CONTENT="of" WC="0.96" CC="01"/>
							<SP ID="P2_SP00993" HPOS="275" VPOS="2881" WIDTH="22"/>
							<String ID="P2_ST01277" HPOS="297" VPOS="2853" WIDTH="52" HEIGHT="31" CONTENT="the" WC="0.88" CC="211"/>
							<SP ID="P2_SP00994" HPOS="349" VPOS="2884" WIDTH="26"/>
							<String ID="P2_ST01278" HPOS="375" VPOS="2852" WIDTH="82" HEIGHT="30" CONTENT="Main" WC="0.94" CC="0021"/>
							<SP ID="P2_SP00995" HPOS="457" VPOS="2884" WIDTH="29"/>
							<String ID="P2_ST01279" HPOS="486" VPOS="2853" WIDTH="84" HEIGHT="30" CONTENT="Bush" WC="0.96" CC="1011"/>
						</TextLine>
						<TextLine ID="P2_TL00273" HPOS="52" VPOS="2890" WIDTH="518" HEIGHT="40">
							<String ID="P2_ST01280" HPOS="52" VPOS="2890" WIDTH="95" HEIGHT="36" CONTENT="Road," WC="0.84" CC="41111"/>
							<SP ID="P2_SP00996" HPOS="147" VPOS="2926" WIDTH="16"/>
							<String ID="P2_ST01281" HPOS="163" VPOS="2892" WIDTH="107" HEIGHT="29" CONTENT="thence" WC="0.93" CC="112011"/>
							<SP ID="P2_SP00997" HPOS="270" VPOS="2926" WIDTH="24"/>
							<String ID="P2_ST01282" HPOS="294" VPOS="2892" WIDTH="92" HEIGHT="38" CONTENT="along" WC="0.81" CC="10008"/>
							<SP ID="P2_SP00998" HPOS="386" VPOS="2930" WIDTH="25"/>
							<String ID="P2_ST01283" HPOS="411" VPOS="2893" WIDTH="50" HEIGHT="32" CONTENT="the" WC="0.91" CC="112"/>
							<SP ID="P2_SP00999" HPOS="461" VPOS="2930" WIDTH="28"/>
							<String ID="P2_ST01284" HPOS="489" VPOS="2893" WIDTH="81" HEIGHT="30" CONTENT="Main" WC="0.98" CC="1001"/>
						</TextLine>
						<TextLine ID="P2_TL00274" HPOS="51" VPOS="2931" WIDTH="521" HEIGHT="33">
							<String ID="P2_ST01285" HPOS="51" VPOS="2931" WIDTH="84" HEIGHT="30" CONTENT="Bush" WC="0.94" CC="1011"/>
							<SP ID="P2_SP01000" HPOS="135" VPOS="2961" WIDTH="17"/>
							<String ID="P2_ST01286" HPOS="152" VPOS="2932" WIDTH="83" HEIGHT="29" CONTENT="Road" WC="0.94" CC="1011"/>
							<SP ID="P2_SP01001" HPOS="235" VPOS="2961" WIDTH="12"/>
							<String ID="P2_ST01287" HPOS="247" VPOS="2935" WIDTH="31" HEIGHT="26" CONTENT="to" WC="1.00" CC="00"/>
							<SP ID="P2_SP01002" HPOS="278" VPOS="2961" WIDTH="14"/>
							<String ID="P2_ST01288" HPOS="292" VPOS="2933" WIDTH="53" HEIGHT="29" CONTENT="the" WC="0.99" CC="100"/>
							<SP ID="P2_SP01003" HPOS="345" VPOS="2962" WIDTH="26"/>
							<String ID="P2_ST01289" HPOS="371" VPOS="2932" WIDTH="98" HEIGHT="31" CONTENT="North" WC="0.97" CC="00111"/>
							<SP ID="P2_SP01004" HPOS="469" VPOS="2963" WIDTH="28"/>
							<String ID="P2_ST01290" HPOS="497" VPOS="2934" WIDTH="75" HEIGHT="30" CONTENT="East" WC="0.92" CC="1121"/>
						</TextLine>
						<TextLine ID="P2_TL00275" HPOS="50" VPOS="2973" WIDTH="521" HEIGHT="37">
							<String ID="P2_ST01291" HPOS="50" VPOS="2982" WIDTH="105" HEIGHT="19" CONTENT="corner" WC="0.92" CC="001311"/>
							<SP ID="P2_SP01005" HPOS="155" VPOS="3001" WIDTH="14"/>
							<String ID="P2_ST01292" HPOS="169" VPOS="2973" WIDTH="33" HEIGHT="28" CONTENT="of" WC="0.96" CC="01"/>
							<SP ID="P2_SP01006" HPOS="202" VPOS="3001" WIDTH="13"/>
							<String ID="P2_ST01293" HPOS="215" VPOS="2976" WIDTH="114" HEIGHT="26" CONTENT="section" WC="0.93" CC="1301010"/>
							<SP ID="P2_SP01007" HPOS="329" VPOS="3002" WIDTH="23"/>
							<String ID="P2_ST01294" HPOS="352" VPOS="2975" WIDTH="11" HEIGHT="26" CONTENT="1" WC="1.00" CC="0"/>
							<String ID="P2_ST01295" HPOS="370" VPOS="2975" WIDTH="66" HEIGHT="35" CONTENT="965," WC="0.96" CC="1001"/>
							<SP ID="P2_SP01008" HPOS="436" VPOS="3010" WIDTH="26"/>
							<String ID="P2_ST01296" HPOS="462" VPOS="2973" WIDTH="109" HEIGHT="31" CONTENT="thence" WC="0.97" CC="011000"/>
						</TextLine>
						<TextLine ID="P2_TL00276" HPOS="48" VPOS="3012" WIDTH="521" HEIGHT="41">
							<String ID="P2_ST01297" HPOS="48" VPOS="3013" WIDTH="90" HEIGHT="38" CONTENT="along" WC="0.87" CC="21031"/>
							<SP ID="P2_SP01009" HPOS="138" VPOS="3051" WIDTH="14"/>
							<String ID="P2_ST01298" HPOS="152" VPOS="3012" WIDTH="51" HEIGHT="30" CONTENT="the" WC="0.85" CC="221"/>
							<SP ID="P2_SP01010" HPOS="203" VPOS="3051" WIDTH="16"/>
							<String ID="P2_ST01299" HPOS="219" VPOS="3013" WIDTH="130" HEIGHT="30" CONTENT="Eastern" WC="0.87" CC="1311113"/>
							<SP ID="P2_SP01011" HPOS="349" VPOS="3051" WIDTH="13"/>
							<String ID="P2_ST01300" HPOS="362" VPOS="3013" WIDTH="161" HEIGHT="40" CONTENT="boundary" WC="0.91" CC="11112021"/>
							<SP ID="P2_SP01012" HPOS="523" VPOS="3053" WIDTH="14"/>
							<String ID="P2_ST01301" HPOS="537" VPOS="3015" WIDTH="32" HEIGHT="29" CONTENT="of" WC="0.74" CC="14"/>
						</TextLine>
						<TextLine ID="P2_TL00277" HPOS="52" VPOS="3053" WIDTH="521" HEIGHT="31">
							<String ID="P2_ST01302" HPOS="52" VPOS="3053" WIDTH="50" HEIGHT="29" CONTENT="the" WC="0.93" CC="111"/>
							<SP ID="P2_SP01013" HPOS="102" VPOS="3082" WIDTH="16"/>
							<String ID="P2_ST01303" HPOS="118" VPOS="3053" WIDTH="57" HEIGHT="29" CONTENT="last" WC="0.93" CC="1211"/>
							<SP ID="P2_SP01014" HPOS="175" VPOS="3082" WIDTH="22"/>
							<String ID="P2_ST01304" HPOS="197" VPOS="3053" WIDTH="171" HEIGHT="30" CONTENT="mentioned" WC="0.94" CC="110100211"/>
							<SP ID="P2_SP01015" HPOS="368" VPOS="3083" WIDTH="29"/>
							<String ID="P2_ST01305" HPOS="397" VPOS="3055" WIDTH="114" HEIGHT="29" CONTENT="section" WC="0.92" CC="1121101"/>
							<SP ID="P2_SP01016" HPOS="511" VPOS="3084" WIDTH="30"/>
							<String ID="P2_ST01306" HPOS="541" VPOS="3058" WIDTH="32" HEIGHT="26" CONTENT="to" WC="1.00" CC="00"/>
						</TextLine>
						<TextLine ID="P2_TL00278" HPOS="48" VPOS="3093" WIDTH="528" HEIGHT="41">
							<String ID="P2_ST01307" HPOS="48" VPOS="3094" WIDTH="53" HEIGHT="28" CONTENT="the" WC="0.78" CC="016"/>
							<SP ID="P2_SP01017" HPOS="101" VPOS="3122" WIDTH="13"/>
							<String ID="P2_ST01308" HPOS="114" VPOS="3093" WIDTH="79" HEIGHT="30" CONTENT="Main" WC="0.94" CC="1111"/>
							<SP ID="P2_SP01018" HPOS="193" VPOS="3123" WIDTH="9"/>
							<String ID="P2_ST01309" HPOS="202" VPOS="3094" WIDTH="93" HEIGHT="35" CONTENT="Road," WC="0.93" CC="10012"/>
							<SP ID="P2_SP01019" HPOS="295" VPOS="3129" WIDTH="9"/>
							<String ID="P2_ST01310" HPOS="304" VPOS="3094" WIDTH="105" HEIGHT="29" CONTENT="thence" WC="0.90" CC="112211"/>
							<SP ID="P2_SP01020" HPOS="409" VPOS="3129" WIDTH="7"/>
							<String ID="P2_ST01311" HPOS="416" VPOS="3095" WIDTH="92" HEIGHT="39" CONTENT="a'ong" WC="0.91" CC="03011"/>
							<SP ID="P2_SP01021" HPOS="508" VPOS="3134" WIDTH="17"/>
							<String ID="P2_ST01312" HPOS="525" VPOS="3096" WIDTH="51" HEIGHT="29" CONTENT="the" WC="0.91" CC="112"/>
						</TextLine>
						<TextLine ID="P2_TL00279" HPOS="50" VPOS="3133" WIDTH="525" HEIGHT="35">
							<String ID="P2_ST01313" HPOS="50" VPOS="3133" WIDTH="82" HEIGHT="31" CONTENT="Main" WC="0.84" CC="1311"/>
							<SP ID="P2_SP01022" HPOS="132" VPOS="3164" WIDTH="12"/>
							<String ID="P2_ST01314" HPOS="144" VPOS="3134" WIDTH="94" HEIGHT="34" CONTENT="Road," WC="0.93" CC="10112"/>
							<SP ID="P2_SP01023" HPOS="238" VPOS="3168" WIDTH="11"/>
							<String ID="P2_ST01315" HPOS="249" VPOS="3135" WIDTH="58" HEIGHT="30" CONTENT="and" WC="0.94" CC="111"/>
							<SP ID="P2_SP01024" HPOS="307" VPOS="3168" WIDTH="30"/>
							<String ID="P2_ST01316" HPOS="337" VPOS="3134" WIDTH="138" HEIGHT="31" CONTENT="Brown's" WC="0.90" CC="1102122"/>
							<SP ID="P2_SP01025" HPOS="475" VPOS="3168" WIDTH="16"/>
							<String ID="P2_ST01317" HPOS="491" VPOS="3135" WIDTH="84" HEIGHT="30" CONTENT="Road" WC="0.98" CC="1010"/>
						</TextLine>
						<TextLine ID="P2_TL00280" HPOS="52" VPOS="3174" WIDTH="526" HEIGHT="33">
							<String ID="P2_ST01318" HPOS="52" VPOS="3175" WIDTH="52" HEIGHT="29" CONTENT="the" WC="0.97" CC="001"/>
							<SP ID="P2_SP01026" HPOS="104" VPOS="3204" WIDTH="24"/>
							<String ID="P2_ST01319" HPOS="128" VPOS="3174" WIDTH="98" HEIGHT="32" CONTENT="North" WC="0.90" CC="10131"/>
							<SP ID="P2_SP01027" HPOS="226" VPOS="3206" WIDTH="33"/>
							<String ID="P2_ST01320" HPOS="259" VPOS="3177" WIDTH="64" HEIGHT="28" CONTENT="side" WC="0.93" CC="2110"/>
							<SP ID="P2_SP01028" HPOS="323" VPOS="3206" WIDTH="24"/>
							<String ID="P2_ST01321" HPOS="347" VPOS="3176" WIDTH="33" HEIGHT="30" CONTENT="of" WC="0.76" CC="32"/>
							<SP ID="P2_SP01029" HPOS="380" VPOS="3206" WIDTH="25"/>
							<String ID="P2_ST01322" HPOS="405" VPOS="3176" WIDTH="51" HEIGHT="31" CONTENT="Hie" WC="0.86" CC="310"/>
							<SP ID="P2_SP01030" HPOS="456" VPOS="3207" WIDTH="29"/>
							<String ID="P2_ST01323" HPOS="485" VPOS="3177" WIDTH="93" HEIGHT="30" CONTENT="Kiver" WC="0.90" CC="22101"/>
						</TextLine>
						<TextLine ID="P2_TL00281" HPOS="49" VPOS="3215" WIDTH="527" HEIGHT="40">
							<String ID="P2_ST01324" HPOS="49" VPOS="3215" WIDTH="83" HEIGHT="40" CONTENT="Eyre" WC="0.89" CC="2111"/>
							<SP ID="P2_SP01031" HPOS="132" VPOS="3255" WIDTH="33"/>
							<String ID="P2_ST01325" HPOS="165" VPOS="3217" WIDTH="88" HEIGHT="38" CONTENT="aloni;" WC="0.87" CC="210141"/>
							<SP ID="P2_SP01032" HPOS="253" VPOS="3255" WIDTH="34"/>
							<String ID="P2_ST01326" HPOS="287" VPOS="3218" WIDTH="52" HEIGHT="29" CONTENT="the" WC="0.94" CC="011"/>
							<SP ID="P2_SP01033" HPOS="339" VPOS="3255" WIDTH="39"/>
							<String ID="P2_ST01327" HPOS="378" VPOS="3217" WIDTH="98" HEIGHT="30" CONTENT="North" WC="0.90" CC="11211"/>
							<SP ID="P2_SP01034" HPOS="476" VPOS="3255" WIDTH="36"/>
							<String ID="P2_ST01328" HPOS="512" VPOS="3218" WIDTH="64" HEIGHT="30" CONTENT="side" WC="0.94" CC="1111"/>
						</TextLine>
						<TextLine ID="P2_TL00282" HPOS="27" VPOS="3257" WIDTH="546" HEIGHT="40">
							<String ID="P2_ST01329" HPOS="27" VPOS="3259" WIDTH="53" HEIGHT="27" CONTENT="kot" WC="0.53" CC="914"/>
							<SP ID="P2_SP01035" HPOS="80" VPOS="3286" WIDTH="11"/>
							<String ID="P2_ST01330" HPOS="91" VPOS="3257" WIDTH="50" HEIGHT="30" CONTENT="the" WC="0.93" CC="111"/>
							<SP ID="P2_SP01036" HPOS="141" VPOS="3287" WIDTH="10"/>
							<String ID="P2_ST01331" HPOS="151" VPOS="3257" WIDTH="92" HEIGHT="30" CONTENT="River" WC="0.92" CC="10211"/>
							<SP ID="P2_SP01037" HPOS="243" VPOS="3287" WIDTH="19"/>
							<String ID="P2_ST01332" HPOS="262" VPOS="3257" WIDTH="78" HEIGHT="40" CONTENT="Eyre" WC="0.92" CC="1121"/>
							<SP ID="P2_SP01038" HPOS="340" VPOS="3297" WIDTH="9"/>
							<String ID="P2_ST01333" HPOS="349" VPOS="3261" WIDTH="32" HEIGHT="26" CONTENT="to" WC="0.96" CC="10"/>
							<SP ID="P2_SP01039" HPOS="381" VPOS="3297" WIDTH="13"/>
							<String ID="P2_ST01334" HPOS="394" VPOS="3258" WIDTH="50" HEIGHT="30" CONTENT="the" WC="0.99" CC="010"/>
							<SP ID="P2_SP01040" HPOS="444" VPOS="3297" WIDTH="30"/>
							<String ID="P2_ST01335" HPOS="474" VPOS="3258" WIDTH="72" HEIGHT="30" CONTENT="Soul" WC="0.88" CC="1113"/>
							<SP ID="P2_SP01041" HPOS="546" VPOS="3297" WIDTH="9"/>
							<String ID="P2_ST01336" HPOS="555" VPOS="3259" WIDTH="18" HEIGHT="29" CONTENT="h" WC="0.93" CC="1"/>
						</TextLine>
						<TextLine ID="P2_TL00283" HPOS="27" VPOS="3295" WIDTH="544" HEIGHT="49">
							<String ID="P2_ST01337" HPOS="27" VPOS="3295" WIDTH="230" HEIGHT="49" CONTENT="Hk^corner" WC="0.70" CC="499001011"/>
							<SP ID="P2_SP01042" HPOS="257" VPOS="3344" WIDTH="25"/>
							<String ID="P2_ST01338" HPOS="282" VPOS="3299" WIDTH="33" HEIGHT="29" CONTENT="of" WC="1.00" CC="00"/>
							<SP ID="P2_SP01043" HPOS="315" VPOS="3344" WIDTH="23"/>
							<String ID="P2_ST01339" HPOS="338" VPOS="3300" WIDTH="113" HEIGHT="29" CONTENT="section" WC="0.88" CC="2105001"/>
							<SP ID="P2_SP01044" HPOS="451" VPOS="3344" WIDTH="31"/>
							<String ID="P2_ST01340" HPOS="482" VPOS="3301" WIDTH="89" HEIGHT="34" CONTENT="6913," WC="0.72" CC="17221"/>
						</TextLine>
						<TextLine ID="P2_TL00284" HPOS="279" VPOS="3339" WIDTH="293" HEIGHT="33">
							<String ID="P2_ST01341" HPOS="279" VPOS="3339" WIDTH="49" HEIGHT="30" CONTENT="the" WC="0.94" CC="111"/>
							<SP ID="P2_SP01045" HPOS="328" VPOS="3369" WIDTH="11"/>
							<String ID="P2_ST01342" HPOS="339" VPOS="3339" WIDTH="129" HEIGHT="29" CONTENT="Eastern" WC="0.97" CC="1010110"/>
							<SP ID="P2_SP01046" HPOS="468" VPOS="3369" WIDTH="11"/>
							<String ID="P2_ST01343" HPOS="479" VPOS="3340" WIDTH="93" HEIGHT="32" CONTENT="boun-" WC="0.91" CC="10221"/>
						</TextLine>
						<TextLine ID="P2_TL00285" HPOS="253" VPOS="3379" WIDTH="321" HEIGHT="31">
							<String ID="P2_ST01344" HPOS="253" VPOS="3381" WIDTH="58" HEIGHT="29" CONTENT="last" WC="0.84" CC="0051"/>
							<SP ID="P2_SP01047" HPOS="311" VPOS="3410" WIDTH="14"/>
							<String ID="P2_ST01345" HPOS="325" VPOS="3379" WIDTH="173" HEIGHT="31" CONTENT="mentioned" WC="0.83" CC="212101162"/>
							<SP ID="P2_SP01048" HPOS="498" VPOS="3410" WIDTH="12"/>
							<String ID="P2_ST01346" HPOS="510" VPOS="3390" WIDTH="64" HEIGHT="20" CONTENT="sec-" WC="0.81" CC="2214"/>
						</TextLine>
						<TextLine ID="P2_TL00286" HPOS="223" VPOS="3417" WIDTH="352" HEIGHT="42">
							<String ID="P2_ST01347" HPOS="223" VPOS="3417" WIDTH="91" HEIGHT="42" CONTENT="along" WC="0.94" CC="11011" STYLEREFS="TXT_17"/>
							<SP ID="P2_SP01049" HPOS="314" VPOS="3459" WIDTH="24"/>
							<String ID="P2_ST01348" HPOS="338" VPOS="3420" WIDTH="52" HEIGHT="30" CONTENT="the" WC="0.95" CC="111" STYLEREFS="TXT_17"/>
							<SP ID="P2_SP01050" HPOS="390" VPOS="3459" WIDTH="28"/>
							<String ID="P2_ST01349" HPOS="418" VPOS="3421" WIDTH="157" HEIGHT="29" CONTENT="Northern" WC="0.95" CC="10100211" STYLEREFS="TXT_17"/>
						</TextLine>
						<TextLine ID="P2_TL00287" HPOS="258" VPOS="3461" WIDTH="314" HEIGHT="29">
							<String ID="P2_ST01350" HPOS="258" VPOS="3464" WIDTH="31" HEIGHT="26" CONTENT="ot" WC="0.96" CC="01"/>
							<SP ID="P2_SP01051" HPOS="289" VPOS="3490" WIDTH="32"/>
							<String ID="P2_ST01351" HPOS="321" VPOS="3461" WIDTH="129" HEIGHT="29" CONTENT="sections" WC="0.89" CC="21131012"/>
							<SP ID="P2_SP01052" HPOS="450" VPOS="3490" WIDTH="44"/>
							<String ID="P2_ST01352" HPOS="494" VPOS="3462" WIDTH="78" HEIGHT="28" CONTENT="(5913" WC="0.84" CC="32103"/>
						</TextLine>
						<TextLine ID="P2_TL00288" HPOS="226" VPOS="3500" WIDTH="348" HEIGHT="40">
							<String ID="P2_ST01353" HPOS="226" VPOS="3505" WIDTH="31" HEIGHT="26" CONTENT="to" WC="0.87" CC="12"/>
							<SP ID="P2_SP01053" HPOS="257" VPOS="3531" WIDTH="11"/>
							<String ID="P2_ST01354" HPOS="268" VPOS="3501" WIDTH="173" HEIGHT="38" CONTENT="Mounsey's" WC="0.84" CC="021114115"/>
							<SP ID="P2_SP01054" HPOS="441" VPOS="3539" WIDTH="13"/>
							<String ID="P2_ST01355" HPOS="454" VPOS="3500" WIDTH="120" HEIGHT="40" CONTENT="Swan»p" WC="0.90" CC="221021"/>
						</TextLine>
						<TextLine ID="P2_TL00289" HPOS="286" VPOS="3540" WIDTH="288" HEIGHT="41">
							<String ID="P2_ST01356" HPOS="286" VPOS="3541" WIDTH="92" HEIGHT="38" CONTENT="along" WC="0.92" CC="10022"/>
							<SP ID="P2_SP01055" HPOS="378" VPOS="3579" WIDTH="22"/>
							<String ID="P2_ST01357" HPOS="400" VPOS="3540" WIDTH="174" HEIGHT="41" CONTENT="Mouiney's" WC="0.88" CC="000071012"/>
						</TextLine>
						<TextLine ID="P2_TL00290" HPOS="284" VPOS="3581" WIDTH="292" HEIGHT="40">
							<String ID="P2_ST01358" HPOS="284" VPOS="3589" WIDTH="31" HEIGHT="24" CONTENT="to" WC="0.98" CC="10"/>
							<SP ID="P2_SP01056" HPOS="315" VPOS="3613" WIDTH="16"/>
							<String ID="P2_ST01359" HPOS="331" VPOS="3591" WIDTH="18" HEIGHT="21" CONTENT="a" WC="0.96" CC="1"/>
							<SP ID="P2_SP01057" HPOS="349" VPOS="3613" WIDTH="14"/>
							<String ID="P2_ST01360" HPOS="363" VPOS="3581" WIDTH="86" HEIGHT="40" CONTENT="point" WC="0.98" CC="10010"/>
							<SP ID="P2_SP01058" HPOS="449" VPOS="3621" WIDTH="27"/>
							<String ID="P2_ST01361" HPOS="476" VPOS="3591" WIDTH="100" HEIGHT="30" CONTENT="oppo-" WC="0.97" CC="01001"/>
						</TextLine>
						<TextLine ID="P2_TL00291" HPOS="305" VPOS="3621" WIDTH="269" HEIGHT="31">
							<String ID="P2_ST01362" HPOS="305" VPOS="3621" WIDTH="79" HEIGHT="31" CONTENT="East" WC="0.81" CC="1161"/>
							<SP ID="P2_SP01059" HPOS="384" VPOS="3652" WIDTH="23"/>
							<String ID="P2_ST01363" HPOS="407" VPOS="3631" WIDTH="107" HEIGHT="19" CONTENT="corner" WC="0.90" CC="101131"/>
							<SP ID="P2_SP01060" HPOS="514" VPOS="3652" WIDTH="29"/>
							<String ID="P2_ST01364" HPOS="543" VPOS="3621" WIDTH="31" HEIGHT="30" CONTENT="of" WC="0.85" CC="03"/>
						</TextLine>
						<TextLine ID="P2_TL00292" HPOS="332" VPOS="3663" WIDTH="243" HEIGHT="29">
							<String ID="P2_ST01365" HPOS="332" VPOS="3663" WIDTH="109" HEIGHT="29" CONTENT="thence" WC="0.93" CC="111102"/>
							<SP ID="P2_SP01061" HPOS="441" VPOS="3692" WIDTH="34"/>
							<String ID="P2_ST01366" HPOS="475" VPOS="3671" WIDTH="100" HEIGHT="20" CONTENT="across" WC="0.94" CC="011012"/>
						</TextLine>
						<TextLine ID="P2_TL00293" HPOS="393" VPOS="3701" WIDTH="183" HEIGHT="32">
							<String ID="P2_ST01367" HPOS="393" VPOS="3702" WIDTH="50" HEIGHT="31" CONTENT="the" WC="0.99" CC="001"/>
							<SP ID="P2_SP01062" HPOS="443" VPOS="3733" WIDTH="25"/>
							<String ID="P2_ST01368" HPOS="468" VPOS="3701" WIDTH="108" HEIGHT="31" CONTENT="South-" WC="0.89" CC="101015"/>
						</TextLine>
						<TextLine ID="P2_TL00294" HPOS="420" VPOS="3742" WIDTH="154" HEIGHT="30">
							<String ID="P2_ST01369" HPOS="420" VPOS="3742" WIDTH="154" HEIGHT="30" CONTENT="Northern" WC="0.95" CC="10110102"/>
						</TextLine>
						<TextLine ID="P2_TL00295" HPOS="391" VPOS="3784" WIDTH="186" HEIGHT="30">
							<String ID="P2_ST01370" HPOS="391" VPOS="3784" WIDTH="59" HEIGHT="30" CONTENT="lat-t" WC="0.70" CC="11715"/>
							<SP ID="P2_SP01063" HPOS="450" VPOS="3814" WIDTH="40"/>
							<String ID="P2_ST01371" HPOS="490" VPOS="3793" WIDTH="87" HEIGHT="21" CONTENT="men-" WC="0.67" CC="1534"/>
						</TextLine>
					</TextBlock>
				</ComposedBlock>
			</PrintSpace>
		</Page>
	</Layout>
</alto>
