2470 3880
49 172 125 30 instinct
188 172 34 29 of
232 170 51 31 the
296 175 59 33 rat,
370 172 58 30 and
443 172 84 31 leave
552 183 18 19 a

49 212 124 38 sinking
183 212 77 37 ship,
269 212 48 29 for
326 215 78 26 most
414 212 156 40 assuredly

50 252 52 30 the
117 252 169 40 opposition
300 250 61 31 will
379 252 78 31 have
470 252 56 31 but
554 263 18 20 a

53 302 73 30 poor
153 291 113 31 chance
293 292 32 30 of
352 294 160 39 returning
543 297 33 26 to

53 342 100 32 power
167 332 86 41 agaij
269 341 35 21 or
327 333 164 40 rendering
515 344 60 29 any

56 373 164 32 assistance
233 376 33 27 to
276 373 79 31 their
370 377 123 36 present
503 384 71 30 sup-

54 420 118 34 porters
187 413 95 31 either
296 413 33 30 m
357 418 51 26 the
436 413 78 31 East
541 426 33 19 or

54 457 85 27 West
163 453 89 31 Coast
281 453 34 29 of
336 453 51 30 the
431 454 147 30 favoured

56 493 115 32 Island.

96 534 64 31 The
188 533 141 32 Ballance
372 532 208 33 Government

57 575 60 30 will
131 575 120 39 expiate
267 574 76 30 their
357 584 92 30 many
461 576 62 29 sins
547 575 33 30 of

56 615 141 32 omission
220 614 58 31 and
315 615 200 36 commission,
554 615 25 30 if

57 656 74 39 they
155 655 124 30 succeed
304 654 31 30 m
356 654 142 40 bursting
538 664 42 30 up

58 694 52 31 the
125 694 83 41 large
221 694 108 31 landed
346 698 109 26 estates
470 695 31 29 m
529 694 52 31 the

56 734 117 40 colony.
214 733 96 32 These
334 739 68 25 vast
425 744 83 21 areas
548 735 32 29 of

56 774 137 31 freehold
207 774 77 30 have
312 774 141 30 retarded
480 775 101 29 settle-

57 817 91 28 ment.
192 813 92 32 Their
310 814 89 31 value
427 813 55 31 has
503 814 76 31 been

58 856 153 30 increased
237 856 40 38 by
305 855 91 30 roads
421 855 59 30 and
508 854 72 31 rail-

59 905 92 30 ways,
164 895 73 39 paid
246 895 48 29 for
317 895 42 39 by
387 894 52 31 the
466 895 113 39 people,

58 935 57 30 but
127 939 56 26 not
204 945 58 20 one
290 944 100 31 penny
413 934 167 31 additional

59 974 134 31 taxation
207 974 75 31 have
293 974 80 31 their
383 984 116 21 owners
510 975 70 39 paid

59 1015 32 29 m
106 1015 219 30 consideration
340 1015 33 29 of
386 1015 51 29 the
452 1016 129 28 enhanc-

60 1054 39 31 ed
113 1054 87 31 value
228 1054 33 30 of
286 1054 81 31 their
394 1054 81 30 land.
517 1054 64 31 The

60 1097 57 28 tax
143 1094 137 40 required
311 1097 32 27 to
366 1095 38 28 be
445 1095 136 38 imposed

62 1134 105 31 should
181 1135 35 28 be
226 1134 148 30 sufficient
389 1138 31 25 to
444 1134 87 30 make
558 1134 25 30 it

62 1175 165 39 expensive
237 1177 31 26 to
296 1185 18 18 a
335 1184 69 19 man
432 1177 35 27 to
494 1174 91 40 enjoy

61 1214 53 30 the
138 1214 112 39 luxury
277 1214 33 29 of
336 1214 125 39 holding
501 1225 83 18 more

62 1255 74 29 land
162 1254 75 30 than
260 1254 37 30 he
334 1255 142 37 requires.
520 1254 64 30 The

61 1305 142 29 progress
217 1295 32 29 of
263 1294 76 31 New
367 1294 133 30 Zealand
527 1294 56 29 has

61 1336 78 29 been
154 1335 118 39 greatly
286 1334 139 30 retarded
451 1334 132 40 through

62 1376 149 38 difficulty
225 1376 28 28 m
266 1375 53 29 the
347 1385 67 25 way
439 1375 33 29 of
496 1369 87 36 small

61 1416 120 29 settlers
195 1416 61 28 and
270 1415 136 35 fanners,
431 1415 67 30 who
521 1415 64 30 find

59 1456 54 29 the
140 1456 67 29 best
234 1454 73 30 land
335 1455 104 30 locked
468 1464 42 30 up
548 1456 33 29 m

61 1496 84 38 large
173 1499 119 26 estates.
337 1495 44 29 Dr
418 1496 83 29 Bake
506 1496 77 41 well,

60 1535 147 39 formerly
222 1546 18 18 a
249 1535 133 30 resident
396 1536 32 29 of
437 1536 51 29 the
499 1537 85 29 West

61 1576 102 34 Coast,
179 1576 54 29 but
253 1586 67 19 now
331 1575 96 41 living
437 1576 32 29 m
479 1576 99 30 Auck-

61 1616 81 34 land,
157 1616 135 39 recently
305 1614 128 32 touched
458 1627 38 19 on
522 1617 60 30 this

62 1656 120 39 subject
195 1657 32 29 m
240 1666 20 20 a
286 1656 89 30 letter
402 1660 33 26 to
462 1667 19 19 a
507 1668 78 19 con-

63 1701 181 36 temporary,
258 1708 19 19 a
291 1697 116 39 portion
430 1697 33 30 of
484 1697 99 33 which

63 1746 47 21 we
123 1742 90 33 quote
227 1748 33 19 as
274 1737 118 30 follows
402 1749 7 18 :
409 1755 42 4 —

106 1777 44 29 '*I
164 1777 76 30 have
253 1777 106 30 driven
373 1788 40 19 on
427 1788 19 19 a
453 1788 133 21 summer

63 1817 142 39 morning
218 1818 91 37 along
322 1828 18 19 a
361 1818 224 31 well-metalled

61 1857 75 29 road
150 1857 32 29 m
196 1857 188 39 Canterbury
407 1859 51 28 for
487 1859 96 39 eight-

59 1908 57 19 een
143 1897 95 36 miles,
273 1897 132 39 through
442 1897 71 31 land
554 1899 32 30 of

61 1937 99 30 which
174 1948 91 28 every
279 1947 69 20 acre
361 1947 40 20 on
415 1937 73 30 both
503 1939 78 30 sides

61 1977 34 28 of
108 1977 52 29 the
173 1977 74 29 road
261 1986 62 21 was
338 1977 96 30 either
455 1978 67 30 sold
549 1988 35 21 or

63 2016 110 36 leased,
181 2017 62 30 and
256 2016 17 31 I
287 2017 77 30 have
377 2021 55 26 not
445 2028 70 21 seen
529 2029 56 20 one

59 2057 114 30 human
188 2058 90 40 being
293 2058 31 29 m
339 2058 41 29 all
394 2059 67 29 that
486 2059 98 39 eight-

59 2108 56 19 een
129 2098 95 35 miles,
252 2108 35 20 or
314 2108 19 19 a
359 2098 111 30 human
499 2099 84 30 habi-

59 2138 108 29 tation.
207 2138 18 29 I
253 2138 76 30 have
357 2148 70 19 seen
460 2138 31 30 m
533 2139 52 31 the

59 2187 84 21 same
158 2178 221 38 neighborhood
405 2178 51 29 the
476 2178 107 31 'home-

61 2217 87 30 stead
175 2218 34 30 of
235 2228 19 20 a
282 2227 70 20 man
393 2218 67 31 who
500 2227 84 23 owns

61 2261 108 35 ninety
183 2257 153 30 thousand
350 2267 93 26 acres,
458 2269 18 19 a
498 2269 87 29 mag-

62 2298 136 29 nificient
211 2298 103 35 house,
329 2298 148 31 beautiful
503 2299 82 30 stab-

61 2338 55 36 les,
131 2338 80 30 built
223 2338 75 30 with
312 2338 43 31 all
380 2339 54 30 the
460 2340 126 30 modern

58 2379 241 39 improvements,
315 2379 86 39 lofty,
413 2379 69 30 well
493 2380 90 39 light-

63 2419 49 35 ed,
127 2419 69 31 well
209 2419 174 36 ventilated,
404 2419 61 31 and
488 2421 98 40 paved

63 2459 75 30 with
152 2459 52 30 the
218 2461 88 30 finest
327 2463 144 28 concrete.
514 2462 72 30 And

63 2499 17 32 I
108 2499 78 30 have
213 2500 75 29 been
315 2500 33 29 m
376 2500 51 30 the
470 2502 7 15 '
488 2502 97 34 men'fc

62 2543 139 36 quarters
213 2540 7 12 '
235 2540 30 29 m
281 2539 53 31 the
348 2540 141 40 shearing
509 2542 76 38 yard

60 2591 62 20 —a
134 2581 58 30 low
206 2581 132 29 erection
352 2581 79 28 built
457 2581 33 30 of
517 2583 68 29 sods

60 2621 34 28 of
107 2620 95 34 earth,
218 2620 87 29 fitted
315 2620 75 29 with
402 2621 84 29 three
510 2621 73 30 tiers

60 2659 35 30 of
105 2659 99 29 bunks
218 2670 39 19 on
272 2659 76 30 each
372 2659 64 31 side
464 2661 61 30 and
552 2664 33 29 at

61 2710 58 19 one
133 2700 68 34 end,
216 2710 19 19 a
247 2700 82 29 table
339 2700 135 38 running
496 2700 90 32 down

61 2741 53 29 the
125 2740 119 36 middle,
260 2740 61 29 and
331 2743 61 26 two
414 2740 102 36 forms,
545 2742 40 30 its

61 2780 73 40 only
148 2780 160 31 furniture.
349 2780 72 31 This
433 2790 61 21 was
507 2782 79 37 good

62 2821 122 37 enough
210 2821 49 31 for
283 2821 51 31 the
362 2832 78 24 men,
469 2821 116 40 though

61 2861 105 31 horses
180 2861 100 30 would
304 2861 77 30 have
409 2861 70 30 died
505 2862 33 30 m
560 2863 27 32 it

63 2902 33 29 m
111 2911 18 20 a
143 2902 115 29 month.
299 2901 17 29 I
329 2902 78 29 have
418 2912 69 19 seen
502 2903 83 39 large

63 2951 119 20 owners
192 2941 33 28 af
229 2941 74 29 land
310 2941 68 32 who
390 2942 77 29 have
477 2943 108 38 picked

63 2981 81 32 their
158 2981 72 31 land
245 2991 34 19 so
293 2991 33 19 as
354 2985 32 26 to
415 2982 89 31 block
531 2987 54 27 out

63 3021 43 30 j»U
120 3025 107 35 except
240 3025 34 24 to
289 3021 51 29 the
354 3021 78 29 back
446 3027 139 35 country,

63 3062 71 29 thus
149 3061 142 40 enabling
303 3061 84 29 them
403 3065 33 26 to
460 3062 74 30 hold
561 3064 26 29 it

61 3112 40 21 on
115 3102 78 29 lease
208 3107 31 24 at
266 3112 18 19 a
310 3102 113 30 mereV
453 3104 134 29 nominal

63 3145 79 27 rent.
183 3141 68 30 And
265 3142 80 29 lam
373 3141 83 40 daily
482 3143 105 38 seeing

62 3183 53 30 the
129 3182 119 29 victims
272 3182 32 29 of
326 3181 60 32 this
413 3186 111 35 systen*
553 3183 32 31 m

63 3226 53 26 tie
129 3222 93 39 shape
235 3223 33 29 of
284 3222 105 36 feeble,
418 3222 168 44 unhealthy

62 3272 104 29 you^g
180 3263 114 38 people,
310 3261 67 31 who
404 3262 78 31 have
509 3263 76 30 been

63 3303 76 30 born
153 3303 60 30 and
228 3302 132 38 brought
374 3313 42 28 up
430 3302 31 29 m
486 3305 98 28 towns

61 3343 101 32 where
190 3343 126 38 healthy
345 3342 167 31 conditions
552 3344 34 29 of

61 3383 54 29 life
170 3393 51 21 are
275 3383 207 29 unattainable
484 3400 37 5 —
523 3384 61 28 and

59 3423 104 38 why?
204 3421 131 32 Because
371 3423 52 30 life
460 3423 31 28 m
534 3423 51 30 the

59 3462 84 34 rural
158 3463 136 32 districts
308 3463 54 29 has
376 3463 74 29 been
474 3463 62 35 imp
546 3473 38 19 )s-

60 3503 85 32 ----sible.
188 3502 48 30 Do
250 3514 62 28 you
326 3502 88 32 think
442 3513 37 20 an
508 3503 75 29 edu-

60 3545 88 28 cated
154 3543 59 30 and
223 3543 172 38 intelligent
404 3544 179 39 democracy

58 3584 27 32 is
98 3584 95 39 going
203 3587 32 26 to
244 3584 125 29 tolerate
378 3583 89 32 much
479 3583 106 40 longer

59 3635 19 21 a
92 3628 116 35 system
221 3624 97 29 under
331 3623 99 30 which
453 3634 19 19 a
500 3623 81 30 bank

58 3674 144 29 manager
211 3675 35 18 or
260 3664 179 32 run-holder
462 3665 25 28 is
515 3664 67 30 able

57 3710 32 29 to
105 3715 55 28 say
174 3705 68 30 that
265 3714 37 22 on
331 3715 19 19 a
376 3705 145 38 territory
548 3714 33 21 as

55 3748 86 36 large
152 3756 33 19 as
198 3756 93 28 many
305 3755 18 19 a
337 3744 133 29 German
498 3744 83 39 prin-

54 3783 136 47 cipality,
206 3796 40 22 no
260 3784 82 34 child
357 3784 78 33 shall
444 3785 37 31 be
491 3785 87 37 bord,

661 173 58 30 and
745 184 38 19 no
809 184 72 21 man
902 173 74 32 with
1016 185 19 20 a
1075 175 107 42 family

661 213 77 30 shall
754 213 96 32 reside
860 217 11 28 ?
914 215 61 30 But
988 215 61 30 this
1063 215 26 30 is
1103 215 78 31 done

660 250 39 33 oh
727 253 109 32 almost
863 264 92 30 every
989 253 90 42 sheep
1121 256 61 31 and

661 294 92 30 cattle
780 306 56 19 run
862 295 32 30 m
919 296 51 29 the
999 297 115 38 colony.
1156 297 26 29 A

661 335 130 30 married
816 336 106 39 couple
948 337 27 29 is
1017 337 165 40 employed,

661 374 56 31 but
731 374 73 41 only
832 375 86 32 those
945 376 77 34 who:
1039 377 77 30 have
1143 388 40 19 no

662 414 145 36 children,
821 426 35 19 or
865 420 31 25 at
907 420 79 26 most
1008 426 56 20 one
1091 416 92 37 child,

662 463 50 20 are
727 453 146 41 engaged.
916 455 64 31 The
994 456 83 30 birth
1107 457 31 29 of
1166 467 19 20 a

663 494 110 31 s«cond
788 492 80 33 child
889 495 26 32 is
944 495 51 32 the
1013 495 100 41 signal
1136 498 49 29 for

663 535 158 32 dismissal.
878 536 64 30 Our
1006 537 179 40 plutocracy

665 575 86 30 make
779 587 18 19 a
821 576 129 31 solitude
978 578 60 29 and
1066 577 57 31 call
1161 579 26 29 it

665 617 177 39 prosperity.
867 617 84 39 They
960 618 44 29 fill
1015 618 79 29 their
1117 629 67 19 own

665 655 132 39 pockets,
823 657 58 28 and
906 656 73 41 they
1006 656 90 31 think
1121 656 66 31 that

664 695 48 28 for
726 695 42 30 all
781 695 51 30 the
842 697 75 30 time
930 701 34 26 to
992 706 92 28 come,
1113 697 74 40 they

665 734 60 30 and
745 735 79 30 their
851 735 197 32 descendants
1076 746 51 21 are
1155 742 32 26 to

665 775 36 28 be
716 774 126 32 allowed
865 781 31 24 to
924 780 179 36 perpetuate
1126 777 62 30 and

665 814 93 40 profit
771 815 42 40 by
827 826 18 19 a
855 820 113 36 system
978 818 98 29 under
1086 818 101 30 which

663 855 131 30 millions
808 865 52 20 are
875 857 86 30 made
975 857 109 39 sickly,
1112 859 73 28 mis-

667 895 109 36 erable,
792 896 60 29 and
863 896 161 40 degraded,
1039 897 31 30 m
1099 898 90 30 order

666 935 67 30 that
747 946 18 19 a
778 937 59 30 few
865 937 155 31 hundreds
1046 949 64 28 maj
1109 949 8 9 T
1139 949 50 19 en-

665 975 54 39 joy
745 976 120 36 wealth,
895 977 123 40 luxury,
1046 978 59 29 and
1136 978 52 30 the

667 1014 121 39 highest
815 1016 79 30 ideal
921 1018 34 30 of
978 1017 79 30 their
1097 1018 91 36 lives,

667 1054 95 30 There
777 1055 24 30 is
816 1059 52 26 not
892 1067 19 19 a
937 1057 61 40 day
1025 1068 104 29 passes
1156 1059 33 29 m

666 1094 100 30 which
780 1095 16 29 I
811 1095 38 30 do
863 1099 56 26 not
933 1108 49 19 see
1010 1107 84 20 cases
1121 1097 69 30 that

666 1134 100 30 would
780 1135 38 30 be
832 1137 89 30 curcl
936 1137 42 39 by
992 1147 18 20 a
1023 1136 79 31 little
1126 1141 64 27 rest

667 1174 61 29 and
742 1185 19 19 a
773 1175 125 40 healthy
912 1181 129 35 country
1064 1176 62 37 life,
1154 1188 35 20 or

667 1214 128 31 diseases
823 1215 99 31 which
960 1217 101 30 would
1098 1228 93 19 never

667 1254 77 30 have
772 1256 144 30 attacked
943 1257 53 30 the
1020 1257 118 39 patient
1166 1259 24 29 if

668 1294 46 30 his
736 1296 179 39 occupation
942 1298 59 29 and
1031 1298 160 30 surround-

667 1334 69 40 ings
764 1336 60 30 had
865 1337 77 30 been
982 1338 135 36 healthy,
1156 1349 34 20 or

668 1376 89 38 again
771 1386 84 21 cases
872 1377 79 31 from
980 1377 53 31 the
1061 1383 130 35 country

670 1416 99 29 where
783 1417 124 39 anxiety
935 1418 60 29 and
1023 1420 166 37 overwork,

668 1455 60 31 bad
742 1457 98 38 roads,
858 1457 172 31 difficulties
1045 1459 32 29 of
1091 1462 100 27 trans-

668 1500 69 35 port
750 1497 49 30 for
813 1498 141 39 produce,
974 1498 77 31 have
1079 1500 111 30 caused

668 1538 75 29 such
771 1539 146 40 grinding
954 1542 128 39 poverty
1122 1538 69 33 that

667 1589 74 19 even
758 1579 177 31 wholesome
949 1581 61 29 and
1029 1591 161 32 necessary

667 1619 73 30 food
753 1619 26 31 is
794 1624 54 26 not

709 1720 85 31 THE
808 1721 95 32 NEW
921 1722 218 31 TAXATION.

707 1816 28 31 A
747 1817 61 30 few
823 1819 98 29 weeks
942 1830 57 27 ago
1023 1819 87 30 when
1138 1821 52 29 the

668 1866 148 22 assessors
832 1861 80 27 went
926 1863 31 26 to
973 1870 19 19 a
1018 1861 171 38 gentleman

668 1897 68 30 who
776 1908 85 21 owns
910 1910 19 18 a
983 1900 207 32 considerable

667 1948 127 29 acreage
815 1939 31 29 of
872 1939 73 30 land
973 1940 89 30 down
1089 1941 100 36 south,

668 1977 38 30 he
719 1977 123 32 became
870 1988 33 21 so
931 1978 93 32 bitter
1051 1981 68 30 that
1147 1981 39 31 he

667 2018 201 31 denunciated
893 2020 121 41 against
1045 2021 144 31 Ballance

668 2059 58 30 and
754 2059 54 30 the
836 2060 97 31 whole
961 2061 79 31 tribe
1068 2062 32 30 of
1138 2062 52 30 the

667 2099 205 30 Government
902 2104 186 36 supporters,
1130 2103 60 29 and

667 2139 215 40 emphatically
893 2141 138 30 declared
1041 2141 68 31 that
1122 2153 69 20 now

667 2179 51 30 the
733 2183 130 35 country
877 2190 61 21 was
962 2182 93 38 going
1081 2186 33 26 to
1138 2183 52 29 the

667 2219 69 35 bad,
754 2219 38 30 he
820 2220 101 32 would
944 2221 57 30 sell
1027 2221 47 31 off
1096 2233 94 30 every

666 2269 69 20 acre
749 2261 60 29 and
822 2260 95 31 shake
931 2261 51 30 the
997 2261 73 31 dust
1082 2262 35 30 of
1139 2263 52 30 the

667 2310 69 22 now
762 2300 128 31 doomed
917 2302 108 40 colony
1065 2303 43 29 off
1142 2304 48 30 his

667 2340 68 31 feet.
766 2340 101 33 .Since
894 2342 69 31 that
989 2345 201 38 protestation

667 2380 38 30 h*>
719 2381 55 30 has
788 2382 138 30 invested
939 2383 31 30 m
985 2393 19 19 a
1016 2383 61 31 few
1103 2385 86 29 thou-

668 2422 76 30 sand
759 2432 83 20 acres
858 2433 81 21 more
953 2424 33 30 of
999 2423 52 32 the
1060 2425 129 31 doomed

667 2462 132 39 colony's
826 2463 82 31 land.

684 2574 21 25 A
716 2575 79 25 TRIP
806 2576 43 24 TO
858 2576 120 24 MOUNT
990 2577 182 24 TOELESSE.

668 2649 51 23 Our
729 2649 82 24 horses
825 2649 92 31 having
938 2649 61 25 been
1020 2649 111 33 liberally
1152 2651 38 24 fed

667 2686 49 26 and
728 2686 56 26 with
796 2686 70 26 other
876 2688 48 24 two
935 2686 65 26 feeds
1016 2687 23 24 m
1051 2696 44 16 our
1116 2690 74 29 traps,

668 2725 83 31 kindly
763 2725 108 31 supplied
882 2727 25 23 to
919 2733 29 17 us
959 2726 31 31 by
1001 2726 40 24 Mr
1051 2727 92 31 Hardy,
1157 2735 14 15 v.
1178 2736 14 17 c

667 2762 129 31 proceeded
807 2763 173 32 accompanied
990 2763 31 32 by
1033 2764 50 26 him
1103 2766 27 24 to.
1151 2766 41 24 the

668 2804 53 28 spot
733 2804 79 22 where
824 2811 32 15 we
868 2811 58 16 were
938 2806 25 22 to
985 2811 108 23 encamp.
1128 2802 62 27 Tak-

667 2842 43 30 ing
721 2841 42 26 tW
775 2841 84 26 horses
870 2844 42 23 out
921 2842 24 25 of
954 2842 42 25 the
1003 2844 67 30 traps
1079 2844 47 23 and
1136 2847 54 28 put-

667 2880 54 32 ting
731 2881 139 31 everything
881 2882 27 24 m
918 2882 69 24 order
988 2905 6 12 f
1011 2889 36 18 we
1057 2890 135 18 commenc-

668 2919 29 23 ed
708 2920 27 23 to
745 2919 72 23 make
828 2920 162 29 preper&tions
1001 2919 38 26 for
1049 2927 45 18 our
1107 2920 85 30 nights

667 2956 58 24 rest.
761 2955 88 32 Nights
861 2957 48 23 rest
919 2955 42 25 did
972 2955 13 24 I
997 2957 56 30 cay?
1064 2956 48 24 Not
1121 2957 72 26 much

668 2992 68 25 there
758 3000 49 16 was
818 2993 26 25 of
865 2992 20 25 it
907 2992 14 24 I
942 2994 95 24 reokon.
1072 2994 20 23 A
1115 2994 78 24 better

668 3032 67 29 place
757 3031 108 26 however
887 3031 37 25 for
945 3032 108 31 pitching
1075 3040 45 18 our
1141 3034 51 24 tent

668 3070 70 25 oould
759 3072 45 23 not
836 3070 62 25 have
930 3071 61 24 been
1024 3072 66 24 fixed
1118 3080 72 23 upon.

668 3110 75 24 Wood
755 3118 51 18 was
816 3110 27 26 m
858 3109 141 26 abundance
1011 3110 33 26 all
1056 3111 72 33 along
1149 3112 42 25 the

667 3149 69 26 creek
748 3148 79 25 where
839 3148 19 25 it
872 3148 50 26 had
933 3148 61 26 been
1006 3149 92 25 washed
1120 3150 71 25 down

668 3188 87 31 during
766 3187 42 25 the
820 3188 94 24 storms.
948 3187 52 26 The
1011 3187 44 27 fire
1070 3196 49 17 was
1131 3197 59 17 soon

668 3227 98 31 blazing
776 3227 104 31 cheerily
893 3227 47 26 and
962 3227 43 24 the
1027 3228 40 25 tea
1088 3228 102 30 infused,

667 3267 58 24 with
737 3266 42 27 the
790 3265 74 26 result
876 3265 54 24 that
941 3266 20 23 it
972 3274 48 16 was
1031 3274 27 17 as
1070 3266 70 27 black
1162 3274 28 20 as

667 3303 61 25 coal.
763 3302 67 25 After
842 3310 86 23 supper
940 3309 35 20 we
992 3302 63 26 tried
1065 3305 26 24 to
1112 3307 42 27 get
1176 3312 14 17 a

667 3340 64 26 little
741 3340 72 31 sleep,
830 3340 45 26 but
893 3340 68 24 there
982 3347 50 17 was
1054 3341 39 23 too
1115 3341 74 25 much

667 3379 96 30 larking
774 3379 37 23 for
821 3387 14 15 a
846 3386 87 23 person
946 3386 60 18 even
1017 3380 26 23 to
1065 3381 40 29 get
1127 3378 63 33 forty

666 3416 84 25 winks.
785 3416 82 28 Jokes,
874 3417 45 23 ect.
932 3415 71 27 make
1020 3423 33 24 up
1065 3423 30 18 an
1107 3417 82 32 enjoy-

666 3453 53 26 able
728 3453 72 31 night
810 3453 48 25 and
870 3455 26 22 at
903 3454 47 25 two
962 3453 99 28 o'clock,
1071 3453 42 24 the
1121 3454 67 25 Gen-

665 3490 48 26 eral
724 3498 49 17 was
785 3489 75 25 heard
872 3489 198 40 breakingjSticks
1082 3491 49 25 and
1140 3493 38 33 try
1180 3507 8 6 •

666 3528 44 31 ing
721 3530 25 22 to
766 3528 82 25 kindle
860 3528 41 24 the
912 3528 53 24 fire-
985 3527 78 26 TSoon
1077 3536 33 17 w©
1129 3538 58 17 were

666 3565 34 25 all
711 3565 60 25 astir
782 3564 48 26 and
842 3564 106 30 hunting
959 3564 43 25 the
1012 3564 62 25 river
1086 3565 43 25 bed
1150 3566 39 25 for

665 3602 75 26 sticks
752 3604 24 24 to
788 3602 47 27 boil
846 3602 41 25 the
908 3601 67 31 billy,
1009 3601 87 27 Before
1118 3602 69 27 three

663 3642 43 27 the
717 3641 122 26 breakfast
849 3648 49 17 was
919 3641 80 30 ready,
1016 3641 48 27 and
1081 3642 21 26 it
1113 3650 48 19 was
1171 3650 16 17 a

662 3680 126 32 laughable
801 3679 65 33 sight
877 3681 26 23 to
914 3688 39 19 see
964 3688 29 18 us
1005 3681 86 31 sitting
1109 3683 76 24 round

660 3721 28 26 m
696 3728 15 16 a
721 3719 72 26 cirole
801 3719 136 31 munching
948 3728 74 23 away,
1035 3721 58 25 with
1105 3729 15 18 a
1126 3729 57 16 can-

660 3757 125 25 dle'about
794 3756 55 25 half
856 3764 30 16 an
898 3757 54 24 inch
972 3756 58 31 long
1041 3759 25 23 to
1077 3758 54 30 give
1153 3766 30 17 us

661 3794 71 35 light,
766 3794 53 27 The
841 3795 40 26 tea
903 3794 72 34 again
985 3802 50 19 was
1057 3797 65 25 most
1141 3804 46 18 un.

1272 180 136 27 successful.
1442 182 44 26 We
1497 186 68 22 must
1573 186 40 29 get
1624 193 13 15 a
1646 183 77 26 lesson
1730 184 63 25 from

1272 225 68 18 aome
1374 220 26 24 of
1425 227 45 18 our
1507 219 58 33 lady
1624 221 89 25 friends
1762 228 32 18 on

1272 253 54 28 how
1338 257 25 24 to
1375 254 79 28 infuse
1465 257 47 29 tea,
1536 255 81 28 before
1639 259 89 31 setting
1752 261 42 24 out

1269 299 30 19 on
1321 293 102 27 another
1455 294 146 33 expedition.
1636 295 102 33 Boiling
1760 304 33 25 up

1263 338 45 17 our
1328 330 110 27 blankets
1460 333 47 24 and
1529 334 98 31 putting
1649 333 142 34 everything

1263 367 26 25 m
1301 368 142 32 ship-shape
1460 370 71 24 order
1541 379 36 16 we
1599 372 155 24 commenced
1766 373 24 23 to

1263 404 79 24 tackle
1365 405 43 24 the
1430 407 61 30 lofty
1503 407 61 24 Bet..
1599 408 53 23 The
1674 408 58 30 path
1756 416 36 17 we

1263 440 58 25 took
1333 445 24 20 to
1370 441 41 25 tho
1423 443 127 24 mountain
1562 451 50 18 was
1623 453 14 16 a
1653 444 61 25 little
1726 453 63 17 mar-

1263 477 46 32 shy
1321 477 43 26 but
1376 485 49 19 was
1436 479 46 25 full
1490 481 27 24 of
1522 479 110 27 interest.
1669 481 68 26 Clo»e
1749 490 44 24 up-

1263 521 32 19 on
1307 515 50 25 four
1371 516 70 26 miles
1453 517 49 25 had
1512 520 26 22 to
1558 520 29 23 be
1609 520 119 24 traversed
1751 520 41 25 be-

1263 554 53 25 fore
1326 561 37 18 we
1374 563 60 17 were
1446 558 26 23 at
1484 556 40 25 the
1535 557 50 25 foot
1597 558 25 24 of
1643 559 41 24 the
1706 567 85 17 moun-

1265 591 60 25 tain.
1361 591 52 26 The
1425 601 100 25 scenery
1536 598 26 21 at
1573 603 67 17 80*36
1651 596 81 31 places
1744 605 48 17 was

1265 629 85 32 lovely.
1385 631 77 25 There
1485 640 50 17 was
1557 642 13 15 a
1594 634 97 25 natural
1712 643 80 23 power

1265 666 79 25 whioh
1356 667 71 25 could
1444 671 44 22 not
1500 669 43 25 but
1554 672 75 23 arrest
1647 678 44 17 our
1714 673 78 23 atten-

1265 704 59 24 tion.
1359 704 33 24 As
1406 712 45 18 one
1463 706 27 24 of
1505 707 39 23 the
1556 709 68 30 party
1647 708 63 32 truly
1731 709 61 29 said;

1265 742 84 25 'What
1363 743 78 24 would
1453 753 14 15 a
1483 746 138 29 gentleman
1632 751 45 20 not
1692 748 54 30 give
1768 752 26 20 to

1265 778 63 27 have
1341 780 40 25 the
1394 789 67 16 same
1481 789 78 24 power
1580 784 98 31 planted
1700 785 26 24 m
1747 786 44 24 the

1265 817 91 25 middle
1378 819 27 24 of
1436 819 38 25 his
1500 820 97 31 park?'
1632 822 60 25 This
1715 822 79 25 bower

1265 862 49 16 was
1326 855 112 25 bordered
1450 856 33 24 all
1492 858 92 23 around
1596 859 59 24 with
1674 861 64 23 trees
1760 859 33 24 all

1269 893 27 24 m
1308 893 87 25 bloom.
1430 894 52 26 The
1494 896 71 25 white
1577 896 120 27 blossoms
1720 899 75 24 shone

1267 934 42 21 out
1320 931 26 24 m
1358 934 66 28 great
1447 932 70 26 relief
1543 935 96 30 against
1664 935 43 25 the
1734 935 60 25 dark

1267 967 68 25 black
1363 969 92 30 ground
1483 970 26 24 of
1553 979 77 23 green.
1665 972 130 24 Entwined

1267 1011 91 25 among
1370 1005 42 24 the
1424 1006 118 25 branches
1553 1015 51 17 was
1615 1008 42 25 the
1669 1008 54 25 wild
1730 1008 64 30 vine,

1266 1041 26 24 m
1303 1042 80 24 bloom
1396 1043 59 28 also,
1468 1043 49 25 and
1529 1045 101 31 sending
1642 1048 42 22 out
1695 1046 33 24 its
1737 1046 59 31 long

1267 1080 101 24 tendrils
1380 1081 80 24 which
1468 1090 63 17 were
1542 1083 108 32 hanging
1660 1083 35 26 all
1702 1085 94 24 around

1267 1118 92 25 formed
1370 1127 15 17 a
1396 1120 97 31 picture
1504 1129 73 17 never
1588 1124 25 23 to
1625 1123 28 25 be
1664 1123 130 32 forgotten.

1267 1158 39 23 On
1314 1158 43 24 the
1368 1160 109 29 opposite
1498 1160 51 25 side
1574 1162 26 23 of
1620 1162 42 24 the
1684 1162 110 24 Eubicon

1267 1195 78 24 Creek
1366 1196 104 24 another
1490 1197 93 31 picture
1603 1198 27 24 of
1648 1206 14 17 a
1684 1199 111 25 different

1267 1236 85 22 nature
1364 1236 128 29 presented
1514 1235 75 26 itself.
1622 1236 80 33 Large
1724 1238 70 25 rocks

1266 1273 77 31 rising
1353 1273 62 25 from
1427 1274 43 25 the
1481 1278 88 22 waters
1580 1276 59 32 edge
1651 1280 25 22 to
1686 1286 14 15 a
1709 1277 86 32 height

1265 1310 26 24 of
1300 1311 83 31 nearly
1394 1320 14 16 a
1420 1311 110 26 hundred
1544 1313 48 25 feet
1611 1315 98 25 covered
1731 1315 60 26 with

1265 1348 73 28 ferns,
1351 1356 100 21 mosses,
1464 1350 92 25 lichens
1566 1351 47 24 and
1625 1359 74 24 many
1719 1352 72 25 other

1267 1387 113 31 creeping
1397 1391 79 28 plants
1502 1397 49 17 was
1578 1390 87 25 indeed
1692 1400 15 16 a
1735 1400 57 23 very

1267 1426 118 24 beautiful
1398 1427 74 31 sight.
1506 1428 53 25 The
1571 1429 93 25 colours
1683 1438 62 17 were
1768 1438 27 18 so

1266 1463 80 32 nicely
1357 1463 110 29 blended,
1481 1465 54 24 that
1555 1466 20 24 it
1597 1467 71 24 could
1689 1469 44 23 not
1751 1467 45 25 but

1267 1502 88 23 attract
1366 1508 45 17 our
1422 1502 128 26 attention.

1299 1539 135 35 Following
1446 1539 44 29 the
1506 1541 69 28 ftieek
1598 1552 67 17 some
1684 1543 109 27 distance

1267 1586 35 17 we
1314 1581 67 23 enter
1392 1580 39 25 the
1443 1581 69 29 bush,
1525 1582 78 24 which
1614 1583 22 24 is
1646 1591 56 24 very
1722 1583 73 25 dense

1267 1617 24 24 m
1302 1624 65 18 some
1378 1620 66 29 parts
1456 1619 49 24 and
1517 1619 102 24 difficult
1641 1620 26 24 of
1684 1628 110 24 passage.

1267 1654 50 26 Not
1333 1654 37 25 far
1387 1656 77 24 ahead
1492 1664 34 16 we
1554 1657 85 25 startle
1667 1659 45 24 two
1740 1658 56 25 blue

1269 1694 121 25 mountain
1403 1694 76 25 ducks
1502 1696 64 24 from
1594 1697 64 24 their
1684 1697 111 25 solitude.

1269 1733 67 32 They
1347 1734 64 24 skim
1423 1734 74 32 along
1508 1736 43 24 the
1563 1736 70 24 creek
1643 1738 26 22 at
1690 1745 14 15 a
1726 1737 70 30 rapid

1267 1774 61 24 rate.
1363 1772 45 26 We
1420 1781 59 17 soon
1492 1783 69 17 come
1573 1777 24 23 to
1610 1775 78 25 where
1699 1776 39 24 Mr
1750 1776 45 31 Pig

1265 1812 45 24 has
1319 1812 61 25 been
1391 1813 134 31 ploughing
1535 1822 33 23 up
1577 1814 43 24 the
1637 1816 94 29 ground
1748 1816 45 23 but

1266 1858 34 17 we
1312 1858 61 17 were
1382 1850 157 27 unfortunate
1550 1852 25 25 m
1587 1853 95 31 getting
1693 1861 14 17 a
1718 1854 72 31 glim-

1265 1897 42 24 pse
1319 1890 25 24 of
1355 1898 54 24 any.
1427 1892 37 23 As
1473 1899 33 16 we
1513 1893 41 29 get
1564 1893 66 24 clear
1641 1892 27 25 of
1677 1893 42 24 the
1732 1893 60 25 bush

1263 1936 36 17 we
1310 1928 46 25 feel
1362 1936 15 17 a
1385 1929 63 24 little
1456 1929 67 28 tired,
1536 1937 27 17 so
1574 1930 34 25 all
1618 1931 28 24 of
1665 1939 29 16 us
1718 1933 72 29 squat

1265 1965 118 26 ourselves
1390 1973 33 18 on
1432 1965 41 26 the
1484 1967 93 30 ground
1585 1967 49 24 and
1643 1967 56 26 take
1708 1975 15 18 a
1732 1968 62 32 good

1264 2007 58 24 rest.

1378 2112 305 24 ODDFELLOWSHIP.

1302 2191 51 25 The
1365 2193 71 24 usual
1447 2193 141 32 foitnightly
1599 2193 106 32 meeting
1721 2194 26 24 of
1754 2194 42 25 the

1272 2229 77 32 Loyal
1360 2230 41 24 Nil
1413 2230 181 31 Desperanduni
1607 2231 82 31 Lodge
1705 2231 35 25 M.
1764 2231 32 25 U.

1269 2268 61 25 East
1351 2268 90 25 Oxford
1469 2277 50 17 was
1541 2268 58 27 held
1620 2277 33 19 on
1677 2270 119 33 Saturday

1266 2307 126 31 February
1406 2308 68 26 18th.

1298 2347 31 25 In
1340 2347 42 25 the
1397 2348 103 25 absence
1517 2348 26 24 of
1569 2349 30 25 N.
1630 2349 31 26 G.
1688 2350 108 25 Thomas

1265 2385 91 24 Baxter
1383 2385 156 33 presumably
1575 2388 104 31 through
1724 2388 72 33 being

1263 2424 81 32 busily
1357 2425 108 31 engaged
1477 2427 26 23 at
1521 2426 141 32 harvesting
1681 2428 57 26 Bro.
1762 2429 29 25 P.

1269 2462 30 24 G.
1315 2463 79 23 Smith
1403 2463 84 31 kindly
1502 2463 57 24 took
1587 2466 41 22 the
1655 2466 66 24 chair
1748 2467 48 24 and

1265 2501 92 30 oponod
1371 2501 42 25 the
1429 2501 69 31 locge
1520 2503 26 24 m
1570 2505 40 22 the
1632 2505 69 24 usual
1723 2505 71 26 form.

1266 2538 55 25 The
1333 2539 70 24 other
1414 2540 94 24 officers
1519 2543 98 28 present
1639 2543 70 30 being
1730 2543 31 25 V.
1773 2545 22 22 G

1269 2578 149 26 Waterman,
1439 2579 30 23 P.
1479 2579 23 23 G
1526 2579 130 29 Mehrtens,
1690 2581 49 25 Bro
1769 2583 25 24 J.

1267 2614 76 24 Mann
1357 2614 49 24 and
1417 2614 29 24 P.
1460 2616 17 23 B
1490 2616 95 24 Morris.
1620 2617 50 23 The
1693 2618 102 25 minutes

1268 2651 26 24 of
1305 2651 40 24 the
1364 2651 108 31 previous
1496 2653 107 31 meeting
1625 2654 27 24 of
1671 2654 50 25 .Tan
1731 2658 29 21 16
1768 2657 26 23 th

1269 2689 9 30 (
1288 2689 56 23 that
1354 2689 27 23 of
1390 2689 49 24 Jan
1451 2690 33 23 80
1492 2689 28 24 th
1532 2690 82 30 lapsed
1626 2691 37 24 for
1674 2694 61 23 want
1747 2693 25 24 of
1780 2702 14 16 a

1268 2726 113 31 quorum)
1395 2733 58 17 were
1465 2727 55 23 read
1529 2727 49 24 and
1589 2730 139 24 confhmed.

1296 2762 209 31 Correspondence
1517 2772 47 16 was
1587 2766 106 25 received
1704 2767 62 25 from
1778 2777 14 16 a

1267 2802 146 24 Conference
1425 2803 25 22 of
1462 2803 40 23 the
1511 2802 59 25 New
1578 2804 107 25 Zealand
1694 2806 99 26 Friend-

1267 2839 24 24 ly
1317 2839 122 28 Societies,
1464 2840 125 32 enclosing
1608 2842 107 26 Circular
1736 2846 58 23 with

1265 2877 119 31 proposed
1395 2877 66 25 rules
1473 2877 78 26 which
1561 2879 66 24 show
1637 2880 44 25 the
1703 2882 89 25 advan-

1265 2916 68 30 tages
1344 2918 26 21 to
1382 2915 28 24 be
1429 2915 96 26 derived
1546 2920 62 21 from
1620 2926 15 15 a
1657 2919 99 25 soheme
1768 2920 27 25 of

1266 2952 156 31 interchange
1477 2953 28 23 of
1545 2955 105 25 medical
1689 2957 103 26 benefits

1266 2990 150 30 throughout
1428 2990 32 24 all
1470 2990 62 25 lheir
1543 2991 128 27 brandies.
1707 2995 85 32 Owing

1265 3028 26 23 to
1303 3027 42 24 the
1357 3027 72 25 small
1441 3029 144 25 attendance
1596 3030 19 24 it
1625 3038 49 18 was
1684 3033 108 25 resolved

1267 3065 56 24 that
1329 3065 41 24 the
1378 3067 86 22 matter
1472 3067 70 24 stanJ
1552 3075 63 21 over,
1624 3067 37 26 for
1672 3070 120 26 oonsider.

1265 3104 67 27 a&on
1355 3105 48 23 and
1427 3105 105 24 deoision
1547 3107 25 22 to
1595 3107 39 24 the
1644 3110 60 23 next
1728 3117 63 16 sum-

1265 3141 87 25 moned
1364 3141 108 30 meeting
1490 3150 30 16 on
1543 3143 86 25 March
1652 3145 60 24 26th
1724 3148 66 23 next.

1298 3179 71 24 From
1385 3180 74 31 Loyal
1481 3180 153 31 Antipodean
1657 3185 47 23 and
1726 3185 65 25 Brit-

1265 3218 76 24 annia
1352 3218 102 31 Lodges,
1474 3219 151 32 Wellington,
1657 3225 136 31 respecting

1266 3254 178 27 contributions
1466 3256 62 25 from
1550 3258 91 24 distant
1664 3261 126 27 members*

1265 3291 94 25 Several
1370 3292 122 26 members
1505 3301 59 18 ware
1576 3296 110 31 reported
1698 3306 31 16 on
1749 3299 42 25 the

1264 3331 52 24 sick
1324 3331 47 25 list.
1406 3332 38 25 All
1455 3333 42 24 the
1504 3341 128 26 necessary
1642 3336 149 29 Certificates

1263 3376 70 16 came
1343 3371 25 21 to
1380 3369 75 28 hand,
1469 3371 111 31 together
1592 3373 58 24 with
1663 3381 14 17 a
1700 3381 90 18 recom-

1262 3406 136 24 mendation
1411 3407 43 24 fro.
1458 3414 14 15 n
1484 3408 40 24 the
1541 3408 16 26 d
1567 3410 57 24 'Ctor
1634 3411 56 24 fiat
1702 3413 45 23 two
1763 3415 24 22 of

1263 3442 42 23 the
1316 3442 99 24 number
1427 3442 28 25 be
1465 3443 99 26 allowed
1577 3448 25 22 to
1611 3447 30 23 do
1653 3448 62 31 light
1723 3449 66 26 work

1262 3479 37 26 for
1321 3481 40 24 the
1385 3481 88 26 benefit
1495 3482 28 25 of
1540 3484 63 26 their
1624 3486 92 28 health,
1752 3488 36 26 On

1260 3519 139 34 consulting
1411 3522 41 26 the
1476 3522 73 29 rules,
1575 3524 40 25 the
1627 3525 69 32 lodge
1717 3528 72 25 coWd

1262 3559 42 22 not
1314 3557 47 27 feel
1370 3557 110 31 justified
1491 3560 26 26 m
1529 3562 143 33 permitting
1694 3564 41 26 the
1747 3565 40 25 ad-

1262 3596 50 26 vice
1324 3597 25 24 to
1359 3596 28 25 be
1399 3597 70 25 acted
1481 3606 32 19 on
1526 3599 71 26 while
1621 3601 43 27 the
1675 3602 62 27 Bros
1748 3611 40 19 are

1261 3634 25 25 m
1298 3634 89 31 receipt
1397 3635 25 24 of
1439 3636 70 26 .their
1527 3640 98 28 present
1637 3641 51 24 rate
1700 3640 23 25 oi
1737 3641 49 26 siok

1260 3679 53 25 pay,
1326 3670 42 27 but
1381 3673 39 23 the
1432 3677 122 28 secretary,
1563 3683 49 17 was
1624 3678 125 32 requested
1761 3681 26 22 to

1259 3711 67 25 write
1337 3713 26 22 to
1380 3712 64 24 them
1455 3714 47 25 and
1521 3715 98 33 explain
1631 3717 39 25 the
1693 3726 49 23 way
1760 3718 27 24 m

1258 3750 78 24 which
1347 3750 19 23 it
1376 3750 23 25 is
1410 3751 105 32 thought
1532 3754 20 25 it
1575 3755 71 24 could
1667 3756 29 24 be
1714 3756 70 26 done.

1256 3787 53 27 The
1315 3787 122 35 following
1446 3794 101 24 amount
1556 3792 61 28 £12.
1627 3794 23 26 6,
1661 3795 15 25 8
1687 3794 37 27 for
1728 3796 56 26 -sick

1884 196 47 25 pay
1943 197 45 17 was
2000 190 85 31 passed
2107 190 38 26 for
2166 195 122 28 payment,
2311 193 41 24 the
2375 202 34 16 re-

1885 230 75 31 ceipts
1973 230 69 31 being
2053 231 45 25 £1.
2107 233 23 22 9.
2140 231 39 25 10.
2213 230 53 27 The
2277 233 72 31 lodge
2359 241 52 17 was

1887 268 60 26 then
1969 268 87 26 closed.

2042 402 208 24 IRRIGATION.

1929 484 72 25 From
2011 493 48 17 opr
2070 494 52 16 own
2140 485 216 26 Correspondent.

1913 525 13 25 I
1936 527 81 24 notice
2029 526 31 32 by
2070 536 11 24 j
2087 537 44 16 our
2142 530 48 23 last
2202 529 65 24 issue
2286 529 54 25 that
2362 530 44 25 the

1879 562 170 33 indefatigable
2060 566 83 25 efforts
2155 567 27 24 of
2204 567 38 24 Mr
2265 568 30 23 R.
2321 567 83 25 Marsh

1881 603 48 23 and
1948 604 40 24 his
2011 604 144 30 colleagues,
2179 606 26 24 m
2227 606 117 32 inducing
2366 607 42 24 the

1882 640 80 24 Board
1974 643 25 22 to
2010 649 72 23 agree
2093 645 26 21 to
2132 642 42 25 the
2197 644 167 24 construction
2386 644 28 25 of

1882 678 43 25 the
1937 679 113 32 Cooper's
2063 681 75 25 Creek
2162 682 82 24 Water
2269 682 73 29 Race,
2368 690 42 18 are

1882 715 75 32 likely
1968 718 26 23 to
2006 717 29 25 be
2047 718 109 25 crowned
2169 720 60 23 with
2241 727 105 21 success,
2360 720 52 25 and

1884 753 14 25 I
1919 762 40 17 am
1984 762 57 26 very
2060 757 97 31 pleased
2180 758 171 33 authoritively
2381 761 28 24 to

1883 793 63 25 state
1958 793 54 25 that
2024 793 64 26 their
2098 795 82 25 efforts
2200 798 62 23 meet
2284 797 59 26 with
2368 798 41 25 the

1884 830 113 30 approval
2008 832 27 23 of
2044 832 39 23 Mr
2095 832 29 24 M.
2133 833 80 24 Dixon
2235 833 62 25 than
2319 834 89 27 whom,

1884 875 33 17 no
1929 869 75 25 better
2016 870 124 32 authority
2149 872 74 24 exists
2235 871 25 25 m
2283 873 48 25 this
2353 875 58 30 part

1883 905 27 26 of
1926 906 40 25 the
1988 905 94 33 colony.
2116 903 24 29 It
2162 908 126 32 happened
2310 910 26 24 m
2359 910 52 25 this

1883 953 57 23 way.
1974 946 114 31 Arriving
2112 950 25 22 at
2161 947 52 25 that
2247 948 164 31 gentleman's

1884 982 138 24 homestead
2041 990 33 17 on
2096 984 90 31 Friday
2209 985 106 31 evening,
2338 986 72 25 when

1884 1018 41 25 the
1936 1018 112 26 business
2059 1019 13 25 I
2083 1020 46 24 had
2143 1021 59 25 with
2215 1022 48 24 him
2285 1030 50 17 was
2357 1023 52 25 des-
2442 1015 6 13 '

1884 1055 105 31 patched
2001 1056 25 24 m
2038 1056 39 24 his
2088 1058 71 24 usual
2179 1061 98 28 prompt
2299 1068 108 21 manner,

1882 1093 33 24 he
1926 1101 48 17 was
1986 1096 44 23 not
2042 1095 59 31 long
2112 1096 158 33 discovering,
2284 1098 54 25 that
2350 1107 60 24 your

1882 1131 189 30 correspondent
2096 1141 47 16 was
2174 1133 48 25 like
2255 1134 106 30 himself,
2395 1145 16 15 a

1881 1169 74 23 water
1966 1176 54 17 race
2033 1170 145 28 enthusiast,
2191 1171 47 24 and
2252 1179 60 21 gave
2323 1180 39 17 me
2374 1181 32 16 an

1882 1204 129 26 invitation
2032 1207 26 23 to
2077 1206 58 26 visit
2157 1207 41 25 the
2221 1216 70 17 scene
2315 1209 27 25 of
2371 1211 40 23 ins

1883 1246 100 29 present
2005 1246 124 31 irrigation
2152 1247 146 31 operations,
2327 1249 82 25 which

1884 1283 110 25 business
2018 1286 134 31 compelled
2176 1296 37 16 me
2232 1296 45 23 per
2297 1291 64 28 force
2383 1291 26 23 to

1882 1321 96 25 decline
1990 1324 26 22 at
2027 1326 106 27 present,
2147 1324 44 26 but
2213 1325 62 32 hope
2297 1329 25 22 to
2345 1327 63 25 avail

1884 1361 90 31 myself
1983 1362 28 24 of
2020 1362 38 25 his
2080 1365 128 24 courteous
2230 1366 127 24 invitation
2380 1369 27 22 at

1882 1408 32 15 an
1926 1400 64 32 early
1999 1401 62 29 datp,
2074 1402 67 25 when
2153 1403 13 24 I
2187 1403 62 25 shall
2272 1404 136 26 endeavour

1881 1440 26 21 to
1918 1438 83 24 obtain
2012 1439 34 24 all
2057 1440 43 23 the
2110 1439 155 26 information
2285 1441 75 31 likely
2381 1445 27 22 to

1884 1474 29 25 be
1925 1475 79 25 useful
2016 1476 47 25 and
2074 1477 146 32 interesting
2230 1480 26 23 to
2267 1486 62 23 your
2342 1480 66 23 read-

1882 1520 46 16 ers.
1963 1512 13 24 I
1992 1512 76 26 found
2090 1513 39 25 Mr
2150 1514 82 26 Dixon
2255 1515 107 26 brimfull
2384 1517 27 24 of

1882 1548 141 33 knowledge
2035 1558 32 17 on
2079 1550 42 26 the
2133 1552 92 25 science
2236 1554 27 24 of
2282 1554 125 31 irrigation

1881 1588 49 25 and
1940 1589 78 24 better
2029 1590 59 29 still,
2103 1592 92 31 willing
2206 1595 26 21 to
2254 1594 91 30 impart
2367 1594 41 24 his

1882 1628 139 32 knowledge
2034 1632 24 22 to
2067 1638 48 23 any
2126 1631 56 25 that
2204 1640 63 17 were
2289 1641 71 23 eager
2382 1636 27 22 to

1882 1667 78 30 learn,
1983 1669 48 24 and
2054 1670 13 24 I
2088 1671 52 24 also
2164 1672 96 24 noticed
2280 1672 55 25 that
2369 1673 40 24 Mr

1883 1705 158 25 Marmaduke
2063 1707 89 25 Junior
2173 1709 22 24 is
2228 1718 13 15 a
2274 1717 58 23 very
2365 1714 43 27 apt

1882 1743 103 28 scholar,
1999 1743 59 25 with
2070 1746 84 30 plenty
2166 1745 28 24 of
2202 1754 30 23 go
2241 1747 24 23 m
2275 1747 60 28 him,
2359 1747 49 24 and

1882 1783 139 31 possessing
2032 1792 14 16 a
2058 1784 61 30 good
2130 1785 111 31 phisique
2262 1786 99 30 capable
2382 1786 28 23 of

1881 1821 103 31 bearing
1995 1821 43 24 the
2050 1823 74 23 strain
2136 1823 80 25 which
2228 1823 14 25 I
2253 1822 73 26 think
2338 1823 12 25 I
2361 1831 47 17 can

1883 1860 79 25 forsee
1973 1860 27 25 m
2011 1861 41 25 the
2060 1862 139 31 prominent
2211 1863 101 31 position
2325 1863 81 25 which

1882 1899 28 23 he
1924 1900 45 22 will
1981 1908 87 22 occupy
2081 1901 24 23 m
2116 1901 41 24 the
2168 1903 64 22 work
2244 1903 24 22 of
2279 1903 131 30 improving

1882 1938 43 24 the
1936 1938 82 31 plains
2034 1938 32 31 by
2087 1939 135 31 irrigation.
2256 1940 14 24 I
2292 1940 116 25 ventured

1882 1976 25 24 to
1919 1975 44 24 ask
1975 1975 38 25 Mr
2025 1975 82 26 Dixon
2117 1977 111 25 whether
2237 1977 40 25 his
2300 1985 54 17 own
2376 1978 31 24 ir-

1882 2015 103 31 rigation
2016 2015 111 26 schemes
2159 2017 38 24 m.
2218 2017 190 31 contemplation

1883 2062 63 17 were
1958 2056 43 23 not
2010 2055 75 30 likely
2093 2057 24 23 to
2129 2056 67 24 clash
2218 2055 59 25 with
2300 2064 45 16 our
2368 2061 40 26 pet

1881 2093 96 24 scheme
1990 2094 59 32 (viz)
2062 2094 52 24 The
2125 2095 67 24 Rock
2210 2095 72 24 Ford.
2315 2095 38 31 By
2375 2102 34 17 no

1884 2137 92 20 means,
2007 2130 30 24 he
2070 2131 129 28 answered,
2234 2131 69 25 there
2335 2140 73 17 never

1881 2176 49 16 was
1942 2176 14 16 a
1968 2171 93 29 greater
2073 2170 102 25 mistake
2186 2170 61 25 than
2259 2172 26 23 to
2303 2178 105 24 suppose

1882 2206 54 24 that
1948 2205 60 25 lam
2021 2207 25 23 at
2058 2206 33 24 all
2100 2206 74 32 likely
2185 2209 25 23 to
2222 2209 40 23 act
2270 2208 27 24 m
2308 2215 33 17 an
2362 2215 44 17 an-

1882 2243 131 31 tagonistic
2032 2251 109 18 manner.
2176 2244 53 25 The
2251 2245 110 31 capacity
2382 2244 27 25 of

1883 2290 60 24 your
1954 2290 52 17 race
2018 2283 58 24 from
2090 2283 42 26 the
2145 2284 66 25 Rock
2235 2285 68 28 Ford,
2326 2285 82 25 would

1882 2325 45 22 not
1938 2322 30 24 be
1978 2322 71 32 equal
2062 2324 25 23 to
2099 2331 41 23 my
2151 2324 183 32 requirements,
2359 2324 49 25 and

1883 2359 67 31 large
1962 2368 28 16 as
2001 2360 20 24 it
2031 2360 22 24 is
2065 2368 46 16 can
2122 2361 56 31 only
2190 2361 30 24 be
2231 2361 86 24 looked
2340 2369 66 23 upon

1883 2405 27 17 as
1921 2406 30 15 an
1964 2397 108 32 auxilary
2083 2398 25 24 m
2126 2399 40 23 the
2188 2399 95 31 general
2305 2399 103 28 scheme,

1883 2437 53 24 The
1948 2437 68 24 Rock
2028 2437 65 25 Ford
2105 2439 64 24 Race
2190 2439 22 23 is
2234 2446 33 16 an
2288 2438 120 31 indisput-

1882 2474 54 24 able
1948 2475 121 31 necessity
2081 2475 37 25 for
2140 2484 59 21 your
2218 2476 121 31 township
2361 2476 48 24 and

1883 2511 41 25 the
1936 2519 74 23 upper
2018 2513 98 30 portion
2128 2514 26 23 of
2162 2522 61 22 your
2234 2514 101 28 district,
2359 2513 47 25 and

1882 2558 60 16 even
1954 2551 60 24 then
2025 2551 33 24 all
2081 2559 59 23 your
2162 2553 176 30 requirements
2359 2552 51 25 will

1881 2589 42 22 not
1936 2587 28 24 be
1975 2590 59 26 met,
2046 2588 49 24 and
2105 2589 40 23 the
2155 2589 89 30 higher
2262 2589 76 24 levels
2360 2590 49 23 will

1882 2624 60 24 have
1964 2625 26 23 to
2014 2624 29 24 be
2067 2625 102 25 watered
2197 2625 64 25 from
2293 2625 116 32 Cooper's

1879 2662 76 25 Creek
1966 2663 48 24 and
2025 2664 70 24 other
2110 2664 115 24 available
2247 2664 44 25 hill
2314 2666 90 23 stream

1882 2710 102 16 sources.
2018 2702 52 24 The
2092 2703 75 25 farms
2196 2705 85 26 below,
2314 2703 95 32 leaving

1882 2740 44 23 out
1938 2740 92 30 myself,
2042 2740 47 25 will
2112 2740 86 25 absorb
2212 2741 35 24 all
2269 2740 43 26 the
2333 2742 76 24 water

1882 2785 49 22 you
1943 2777 61 25 have
2016 2779 26 23 to
2053 2785 76 23 spare.
2163 2779 35 23 As
2209 2780 26 23 to
2256 2778 43 24 the
2321 2779 87 24 consti-

1885 2815 81 25 tution
1978 2815 26 25 of
2013 2816 41 24 the
2065 2816 85 25 Water
2171 2817 64 25 Race
2258 2817 90 28 Board,
2371 2817 37 25 al-

1880 2854 95 32 though
1998 2855 13 24 I
2034 2855 77 26 admit
2133 2856 43 25 the
2209 2855 122 26 members
2366 2865 42 16 are

1881 2893 80 31 wisely
1973 2895 113 27 selected,
2098 2894 56 25 Ido
2165 2897 42 22 not
2218 2894 72 26 think
2307 2895 54 25 that
2383 2896 26 25 m

1879 2932 94 29 respeot
1985 2933 25 22 to
2021 2938 56 18 area
2088 2931 41 26 the
2139 2931 95 25 various
2246 2931 111 27 districts'
2364 2940 42 18 are

1877 2967 71 31 fairly
1959 2970 163 29 represented,
2140 2970 127 30 especially
2281 2978 37 22 my
2343 2978 63 18 own.

1910 3006 39 26 Mr
1959 3006 81 26 Dixon
2054 3008 118 30 produoed
2183 3016 14 18 a
2206 3008 73 25 letter
2289 3008 64 26 from
2365 3009 43 26 the

1880 3043 67 27 Hon.
1960 3044 82 27 Alfred
2063 3045 106 29 Deakin,
2191 3046 107 32 relating
2321 3049 26 23 to
2349 3050 3 6 :
2367 3047 42 26 the

1879 3083 123 31 irrigation
2014 3084 26 26 of
2051 3084 43 25 the
2106 3084 148 32 Canterbury
2269 3086 79 30 plains
2359 3086 50 25 and

1881 3121 117 31 although
2011 3123 78 30 ourtly
2101 3123 94 25 written
2207 3124 24 25 m
2249 3124 53 25 well
2319 3125 90 24 chosen

1881 3159 151 31 expressions
2055 3159 65 25 there
2144 3161 81 31 might
2240 3161 29 24 be
2291 3162 58 25 r?ad
2371 3163 39 24 be-

1882 3197 78 25 tween
1977 3197 43 24 the
2031 3197 71 28 lines,
2128 3198 41 25 the
2191 3198 59 32 high
2273 3205 89 19 esteem
2383 3200 28 26 m.

1881 3234 81 24 which
1996 3235 69 25 these
2096 3235 143 27 Gentlemen
2271 3237 60 25 hold
2350 3224 98 51 ea^^

1881 3270 78 25 other.
2305 3260 143 51 c^M^^M

1913 3308 14 27 I
1938 3309 47 26 had
1996 3310 91 24 several
2098 3312 177 30 opportunities

1882 3346 97 31 versing
1991 3347 62 23 with
2063 3347 101 25 farmer?
2192 3349 26 23 m
2240 3340 208 43 the^^^^^^H

1881 3382 95 25 district
1987 3391 64 23 upon
2075 3385 44 24 the
2140 3387 75 24 water
2234 3375 214 47 supjj^^^^^H

1881 3422 62 30 tion,
1955 3423 49 25 and
2016 3423 14 25 I
2041 3423 75 27 found
2128 3424 69 26 them
2217 3425 32 25 all
2269 3411 179 54 fri^^^^l

1879 3462 26 23 to
1915 3461 33 24 its
1955 3461 150 32 importance
2117 3463 49 25 and
2175 3465 44 23 not
2227 3472 13 16 a
2251 3465 44 23 few
2304 3452 144 50 Q^^^^|

1877 3499 44 30 ing
1936 3508 13 14 a
1965 3499 62 31 good
2053 3499 54 26 deal
2134 3500 27 24 of
2184 3500 78 25 sound
2289 3491 159 47 P^^^^^l

1880 3536 176 32 knowledge~of
2068 3538 41 25 the
2121 3538 100 30 subject,
2235 3528 213 51 and^^^^^J

1881 3573 13 27 I
1905 3582 49 19 saw
1966 3575 49 24 and
2027 3574 72 25 hoard
2110 3575 25 24 m
2148 3583 36 22 my
2197 3566 251 47 pleasai^^^^^H

1882 3619 56 17 over
1950 3612 41 24 the
2013 3612 88 29 plains,
2114 3611 14 24 I
2139 3619 39 17 am

1880 3650 43 27 the
1936 3650 58 31 days
2006 3650 26 24 of
2042 3650 59 33 deep
2124 3642 324 47 wc>ll^^^^^^^^^^|

1879 3687 47 26 and
1940 3686 126 27 windmills
2078 3687 50 26 will
2141 3680 307 43 sqc^^^^^^^^^^^M

1878 3725 114 29 amongst
2004 3723 82 31 things
2098 3723 26 24 of
2133 3714 315 47 thc^^^^^^^^^^H

1910 3760 40 25 Mr
1962 3760 81 24 Dixon
2054 3760 44 24 has
2110 3751 338 47 giwn^^^^^^^^^^H

1880 3797 120 27 attention
2011 3798 25 24 to
2055 3798 40 24 the

447 59 167 34 OXFORD
656 62 88 33 AND
786 62 104 33 CUST
933 62 224 33 OBSERVER
1201 64 228 42 SATURDAY,
1451 69 221 31 FEBRUARY
1715 72 46 34 20,
1788 73 75 31 1802
