2470 3880
62 152 28 24 of
100 157 70 20 water
181 154 140 32 explaining
333 154 54 25 that
397 155 42 25 the
457 156 129 33 fertilizing

62 191 108 24 material
184 192 55 27 held
260 193 26 23 m
307 194 140 30 suspension
471 203 49 16 was
542 198 44 22 not

62 227 90 32 always
173 230 143 28 inanimate,
339 231 26 23 m
387 231 57 29 fact,
473 233 113 24 scientific

62 269 110 23 reseaich
184 269 47 24 had
243 270 120 30 produced
375 273 83 28 strong
475 273 111 23 evidence

63 306 55 23 that
136 306 41 24 the
199 307 131 30 fertilizing
351 309 127 29 properties
500 309 25 24 of
547 309 39 23 the

64 345 75 23 Trent
153 346 84 30 (where
249 355 15 15 a
276 350 85 28 system
378 348 26 22 of
424 348 120 31 irrigation
565 349 21 23 is

62 383 94 23 carried
164 391 30 15 on
208 384 28 29 by
249 392 14 15 a
273 384 57 29 plan
342 384 77 24 called
431 386 115 29 warping)
567 386 19 22 is

60 421 93 31 largely
163 421 45 24 duo
218 424 25 22 to
256 422 39 24 the
305 421 88 32 killing
400 423 26 23 of
433 423 153 24 anitnakuloa

62 459 31 31 by
106 469 15 14 a
132 461 60 22 tidal
216 461 117 22 influence
356 461 107 29 peculiar
486 464 25 22 to
534 463 52 23 that

61 497 71 27 river,
146 497 40 23 the
197 497 48 24 salt
256 500 74 21 water
341 497 86 30 killing
440 498 67 23 those
530 506 56 16 con-

62 534 82 24 tained
155 542 24 15 m
193 535 40 23 thf
245 535 62 23 fresh
321 538 72 20 water
403 535 49 23 and
466 537 45 23 vice
520 544 66 16 versa

62 570 25 24 It
106 579 52 22 may
177 572 29 23 be
232 572 53 23 that
313 572 43 23 the
383 573 53 23 rich
466 572 70 24 lands
563 575 23 22 of

60 607 103 31 Kiiia-poi
175 609 48 23 and
236 609 103 30 Taitapu
351 618 48 15 owe
412 610 61 23 their
486 610 99 32 fertility

60 650 26 18 to
99 647 41 22 the
149 655 65 15 same
227 655 79 15 cause.
341 647 137 30 Irrigation-,
491 647 95 24 Deakin

60 683 105 23 remarks
179 683 20 23 is
211 683 55 30 only
276 684 26 22 m
314 683 33 24 its
358 683 99 31 infancy
470 684 42 23 but
524 685 18 23 it
564 685 22 24 is

62 729 16 15 a
90 722 68 29 giant
171 722 84 27 infant,
269 722 47 24 and
328 723 91 30 pmnit
429 730 37 16 me
476 725 24 22 to
513 723 47 23 add
572 732 14 15 a

60 761 93 23 science
168 760 78 24 which
274 762 46 24 will
350 769 89 24 occupy
471 762 47 29 the,
532 762 53 25 best

61 798 81 23 Imiins
153 800 24 21 oi'
187 798 59 24 New
262 799 146 23 Zealanders
436 800 38 23 for
500 808 84 22 gener-

59 836 76 23 ations
151 838 22 21 to
184 843 75 16 come.

158 952 24 22 A
209 951 109 25 SHARP
347 951 130 25 LESSON.

223 1035 115 24 Chapter
355 1035 48 24 111.

94 1098 5 10 '
123 1094 79 24 These
224 1096 79 30 pretty
325 1094 80 25 hands
428 1097 64 22 must
515 1103 70 16 never

61 1134 66 23 wash
137 1133 48 24 and
195 1133 76 28 scrub,
281 1141 40 22 my
331 1133 64 28 dear,
407 1136 5 8 '
423 1134 51 23 said
485 1134 100 30 George.

94 1171 82 24 Yon'll
188 1178 39 16 see
239 1171 50 23 said
301 1171 84 23 Edith.
421 1176 5 9 '
437 1171 101 24 Thanks
558 1173 25 22 to

61 1210 99 30 cookery
169 1209 87 24 classes
268 1209 71 30 being
348 1210 42 23 the
400 1209 102 25 fashion.
513 1210 13 23 I
539 1217 46 16 can

60 1256 98 22 prepare
170 1256 35 21 go.
209 1247 20 23 id
255 1247 150 24 Substantial
428 1248 85 27 meals;
538 1243 46 27 and

60 1286 74 29 you'll
146 1293 37 15 see
196 1285 63 23 we'll
270 1286 40 28 get
322 1293 29 14 on
372 1284 127 32 famously.
514 1287 4 9 '

94 1322 75 30 Many
191 1329 67 16 more
290 1321 62 31 good
377 1322 147 25 resolutions
546 1322 40 24 did

60 1361 77 24 Edith
151 1361 77 27 make,
241 1361 47 23 and
311 1360 70 25 there
400 1361 21 24 is
445 1369 32 16 no
500 1361 85 31 saying

60 1399 54 23 how
126 1406 71 23 many
211 1406 62 16 more
285 1398 44 24 she
341 1398 78 31 might
431 1399 59 24 have
513 1399 70 24 made

59 1438 48 23 had
118 1440 44 21 not
174 1447 12 13 a
198 1438 84 23 visitor
295 1438 60 23 been
371 1438 147 23 announced.

93 1477 24 24 It
130 1485 46 15 was
186 1477 38 23 Mr
235 1477 101 31 Ledger,
346 1477 47 23 and
406 1477 30 23 he
445 1484 49 17 was
504 1477 81 23 shewn

58 1516 53 24 into
123 1515 42 24 the
177 1522 68 17 room
255 1522 58 17 were
325 1522 57 16 man
392 1515 45 23 and
449 1515 53 24 wife
510 1522 69 17 were.

95 1573 4 8 ,
109 1552 59 24 This
180 1552 20 22 is
214 1560 38 16 mv
265 1552 61 26 wife,
340 1552 48 26 sir,'
402 1552 51 23 said
481 1552 91 29 George

61 1590 108 30 drawing
182 1589 96 24 himself
288 1597 32 22 up
332 1591 25 22 to
369 1589 37 23 his
423 1588 44 25 full
490 1589 91 31 height,

61 1634 5 8 '
78 1629 49 25 She
139 1629 82 24 knows
233 1629 32 24 all
279 1636 45 20 you
341 1628 51 23 said
410 1628 56 24 both
494 1628 27 25 of
541 1628 44 25 her

60 1668 48 24 and
120 1677 36 15 me
169 1671 24 20 to
205 1669 51 29 day,
269 1675 47 23 you
329 1667 102 24 insulted
446 1667 44 24 her
498 1668 26 23 m
541 1668 38 23 hpi

60 1707 109 26 absence,
181 1706 10 22 I
205 1706 62 30 hope
284 1713 45 23 you
358 1705 61 24 have
445 1708 42 22 not
515 1714 68 16 come

59 1743 59 23 with
128 1743 40 26 the
176 1743 123 24 intention
308 1742 26 25 of
344 1742 73 32 doing
434 1750 26 17 so
489 1749 23 19 to
541 1743 42 25 her

57 1781 53 23 face
118 1781 11 22 ?
139 1783 5 7 '

93 1822 5 9 '
107 1818 13 23 I
132 1820 85 25 come,'
230 1817 52 24 said
297 1816 40 25 Mr
353 1816 100 32 Ledger,
482 1818 59 24 with
569 1827 15 16 a

59 1858 44 23 low
116 1858 132 30 apologetic
260 1857 58 27 bow,
333 1861 5 9 '
349 1859 25 22 to
386 1858 70 23 make
468 1858 41 24 the
522 1861 61 22 most

59 1894 80 30 ample
151 1893 47 24 and
209 1893 99 24 humble
320 1894 100 30 apology
432 1895 53 23 that
496 1895 13 23 I
520 1895 63 24 have

60 1933 20 22 it
92 1933 23 22 m
128 1940 41 21 my
181 1940 79 21 power
271 1934 25 21 to
308 1932 71 23 make
391 1941 6 19 ;
415 1933 55 27 and,
482 1934 54 23 first
558 1936 26 22 to

59 1978 56 24 you,
129 1971 51 23 Mrs
192 1971 138 31 Eingstone,
342 1971 11 23 I
365 1971 83 26 make.
454 1980 40 23 my
517 1976 66 21 most

59 2010 89 24 sincere
156 2010 108 31 apology.
274 2011 13 23 I
293 2010 47 24 had
347 2018 32 16 no
388 2011 64 30 right
459 2013 24 22 to
491 2012 61 24 refer
557 2015 25 22 to

57 2055 47 24 you
117 2050 24 21 at
153 2047 39 28 all,
206 2048 56 28 and,
275 2048 12 24 I
299 2056 56 23 may
364 2048 109 25 mention
485 2050 53 24 that
555 2050 25 24 m

60 2086 72 30 doing
144 2093 26 15 so
181 2085 12 23 I
206 2086 88 23 abused
303 2093 40 22 my
350 2086 76 24 wife's
435 2087 146 25 confidence.

59 2122 64 24 lam
136 2130 31 16 an
179 2122 41 24 old
231 2130 66 20 man,
322 2122 47 24 and
381 2123 48 24 like
441 2125 25 22 to
484 2125 97 31 indulge

59 2168 42 22 my
112 2168 80 23 young
203 2160 53 24 wife
275 2168 26 17 as
324 2161 74 24 much
420 2169 27 16 as
469 2162 112 31 possible,

59 2199 49 23 and
136 2198 42 22 she
203 2198 80 24 knows
329 2198 57 24 this.
420 2199 31 23 In
494 2200 89 25 honest

60 2237 152 27 admiration,
228 2237 47 23 and
293 2237 102 24 without
416 2246 15 16 a
459 2239 72 26 spark
558 2241 25 22 of

60 2282 69 23 envy,
143 2275 41 23 she
197 2274 50 25 told
258 2282 36 17 me
306 2282 47 23 you
370 2282 61 18 were
459 2277 42 23 the
531 2276 52 26 best

60 2311 97 24 dressed
169 2319 90 16 woman
271 2317 25 18 at
308 2312 43 25 the.
365 2314 145 28 promenade
527 2321 56 17 con-

58 2354 60 19 cert.
154 2350 49 24 She
237 2350 51 23 said
321 2355 44 18 not
392 2359 45 16 one
464 2352 66 24 word
557 2354 26 22 of

58 2391 180 28 extravagance,
252 2389 48 24 and
311 2387 19 26 it
342 2397 48 16 was
407 2398 71 17 mean
501 2391 26 24 of
545 2400 37 16 me

57 2429 26 22 to
96 2435 87 21 convey
197 2427 40 24 the
248 2427 145 30 impression
405 2428 54 25 that
471 2429 43 24 she
531 2430 48 23 did.

59 2465 101 24 Instead
173 2465 25 24 of
207 2465 55 25 that
276 2467 18 23 si
304 2474 12 15 c
329 2466 73 32 spoke
418 2467 56 32 only
491 2468 26 25 of
541 2470 42 24 the

59 2505 134 25 excellence
205 2505 26 24 of
239 2514 60 22 your
310 2507 70 28 taste,
400 2507 47 24 and
469 2508 115 32 knowing

63 2545 43 23 her
118 2553 51 15 own
181 2545 130 31 deficiency
324 2546 24 23 m
360 2546 49 24 this
423 2550 98 28 respect,
534 2549 49 23 and

61 2587 43 21 not
123 2583 98 32 putting
235 2585 39 23 too
291 2584 74 26 much
382 2585 58 25 faith
468 2587 27 23 m
522 2589 61 22 viol-

63 2626 60 27 istes,
136 2624 43 23 she
190 2623 92 25 wished
301 2624 43 24 she
367 2625 70 23 could
459 2626 60 24 have
541 2627 42 25 the

62 2662 89 25 benefit
163 2663 25 23 of
198 2670 60 23 your
271 2663 80 25 advice
378 2664 25 24 m
433 2665 42 23 the
503 2666 81 26 choice

61 2702 49 24 and
121 2704 166 27 arrangement
299 2702 26 23 of
334 2702 42 23 her
391 2705 127 27 costumes,
536 2705 48 25 and

61 2738 13 25 I
87 2738 70 30 hope,
170 2739 105 27 madam,
288 2739 55 24 that
352 2747 48 23 you
412 2740 47 24 will
470 2749 59 17 soon
555 2743 30 24 be

61 2778 54 25 able
127 2786 26 15 so
164 2778 37 23 far
212 2780 24 23 to
247 2778 90 31 forgive
347 2787 39 16 me
397 2787 28 17 as
442 2781 25 23 to
485 2780 34 26 let
540 2781 45 25 her

61 2815 61 25 have
135 2817 52 23 toat
198 2815 89 25 benefit
298 2823 27 18 as
337 2823 14 18 a
361 2816 93 25 friend.'
489 2819 96 27 Excuse

62 2862 44 17 me,
122 2855 36 24 Mr
176 2854 109 31 Ledger,'
308 2855 151 31 interrupted
483 2857 101 33 George,

60 2891 50 25 had
122 2900 45 21 you
179 2899 32 17 no
223 2892 70 25 other
304 2892 144 29 foundation
460 2895 37 24 for
518 2896 66 25 what

60 2937 46 25 you
117 2930 50 23 said
176 2932 9 22 ?
193 2931 5 9 '

93 2968 39 24 Mr
143 2967 94 32 Ledger
261 2976 49 17 was
337 2969 143 32 awkwardly
503 2971 80 26 silent.

63 3008 38 23 He
114 3016 46 15 was
172 3017 12 15 a
197 3008 106 24 truthful
314 3016 64 21 man,
388 3010 48 24 and
447 3010 42 24 the
506 3014 79 30 quest-

63 3048 41 23 ion
117 3055 48 16 was
177 3047 121 31 decidedly
310 3055 31 17 an
352 3049 116 24 awkward
496 3058 46 16 one
557 3051 28 25 m

62 3086 41 25 cite
115 3094 113 23 presence
237 3087 27 25 of
280 3087 51 25 Mrs
352 3088 142 31 Bingstono.
529 3090 57 26 Mr

66 3124 44 23 bed
114 3126 56 29 gar,'
184 3124 52 25 said
255 3124 51 28 she,
337 3125 27 23 'I
392 3134 41 16 am
461 3128 125 24 conscious

61 3171 51 16 now
125 3164 51 24 that,
188 3164 12 23 I
212 3172 49 16 was
279 3166 166 30 extravagant,
468 3167 48 25 and
538 3175 48 23 you

61 3204 62 23 need
135 3205 42 24 not
189 3204 49 24 fear
250 3207 24 20 to
287 3211 42 23 say
341 3204 53 25 that
398 3213 50 23 .you
460 3206 76 25 heard
544 3215 40 18 me

60 3241 59 30 epok
130 3250 17 15 -H
162 3241 26 24 of
195 3242 23 25 m
227 3242 53 25 that
291 3245 111 27 respect.'
414 3264 3 3 .

221 3287 47 20 me,
280 3280 117 28 madam,'
409 3281 29 23 he
449 3281 59 28 said,
523 3286 62 26 'you

166 3316 25 23 m
204 3325 14 15 a
238 3319 98 28 strange
357 3318 165 29 predicament
543 3319 43 25 but

204 3356 75 24 heard
301 3356 61 25 such
384 3365 14 16 a
421 3357 71 32 thing
514 3358 73 25 whis-

155 3394 42 25 but
209 3396 19 23 it
237 3403 45 17 was
294 3397 203 31 unge-itlemanly
509 3398 27 25 of
544 3405 41 19 me

186 3438 24 21 to
223 3436 34 22 it.'

111 3474 49 23 For
172 3474 53 25 that
237 3474 13 25 I
272 3474 90 31 forgive
380 3483 51 24 you.
449 3475 71 34 fully,
543 3478 42 28 sir,

124 3512 85 24 Edita.

176 3560 59 19 now,
249 3552 40 24 Mr
299 3545 143 37 BiHfjs'wne,
455 3552 14 25 I
480 3553 61 24 have
561 3557 25 23 to

195 3595 24 18 to
230 3598 55 22 you,
299 3589 47 25 and
357 3589 14 25 I
382 3590 29 25 do
424 3598 27 16 so
469 3591 59 24 with
551 3593 34 23 all

283 3627 26 24 of
329 3636 41 21 my
392 3629 100 30 apology
515 3628 72 32 being

261 3667 42 25 the
315 3667 49 25 face
377 3667 61 28 that,
452 3667 64 26 since
538 3676 48 23 you

267 3714 13 16 a
304 3706 53 29 boy,
383 3714 34 16 we
441 3714 72 18 never
535 3707 50 26 had

271 3744 14 23 I
309 3751 47 16 was
378 3752 91 22 wrong,
492 3746 94 29 grossly

266 3784 60 28 tluit,
339 3783 48 25 and
406 3791 46 26 you
477 3783 44 28 will
544 3792 41 19 see

669 163 52 28 how
744 177 89 24 wrong.

704 207 92 33 George
808 210 57 25 took
874 212 40 24 the
932 214 89 24 offered
1043 215 78 31 letter,
1144 218 47 24 and

673 245 55 23 read
741 254 29 15 au
784 247 155 30 explanaiion
951 252 46 23 and
1010 255 101 30 apology
1133 255 62 25 from

674 283 41 24 the
727 284 165 28 Dror.theims.
927 290 51 24 The
989 293 145 25 remittance
1151 295 46 23 had

674 324 44 22 not
731 323 60 25 been
803 330 54 20 sent
868 328 80 32 owing
972 334 25 20 to
1019 331 42 24 the
1085 334 114 24 careless-

674 369 57 17 ness
743 367 24 20 ot
779 372 43 16 one
834 367 27 22 of
870 367 41 24 the
920 368 85 30 junior
1016 376 117 24 partners.

725 401 12 22 I
749 402 63 24 have
823 405 94 24 written
932 408 24 23 to
980 415 42 24 say
1046 410 53 24 that
1121 410 13 24 I
1153 417 46 17 can

675 438 61 24 have
748 448 32 17 no
791 442 94 26 further
1036 447 59 25 with
1120 449 78 24 Dros-

676 476 76 24 theim
773 480 18 21 &
815 480 49 28 Co,'
888 481 52 24 said
963 483 39 23 Mr
1024 485 95 30 Ledger
1128 482 16 32 ;'
1151 486 49 23 and

676 520 58 21 now,
749 515 39 23 Mr
807 515 144 33 Ringstone,
975 520 49 25 will
1046 529 48 23 you
1116 524 82 29 accept

674 559 41 23 my
727 554 109 32 apology,
850 557 45 23 and
908 566 31 16 an
950 559 102 25 interest
1061 569 27 15 as
1097 570 14 15 a
1117 561 83 32 junior

675 593 99 26 partner
785 592 25 23 m
822 600 46 17 our
876 595 59 24 firm,
948 604 26 16 as
986 605 15 15 a
1020 598 70 30 proof
1111 598 54 25 that
1186 598 14 26 I

674 634 40 15 am
728 628 96 31 sincere,
838 632 48 23 and
898 634 62 23 trust
972 642 45 20 you
1040 643 26 16 as
1089 636 61 31 fully
1172 644 26 16 as

674 671 54 17 ever
750 665 14 23 I
786 666 48 28 did,
858 669 48 23 and
928 659 48 35 wili
1000 678 72 17 never
1094 673 69 24 allow
1186 682 13 14 a

674 701 96 26 shadow
781 704 27 23 of
814 706 121 29 suspicion
948 709 25 22 to
984 708 74 24 cloud
1078 716 40 24 my
1141 718 56 16 con-

674 738 91 25 fidence
772 740 26 23 m
810 749 47 23 you
867 743 70 31 again
950 745 18 22 ?'

707 775 75 27 There
801 778 22 24 is
845 781 44 23 not
913 782 70 24 much
1008 791 62 16 more
1093 786 24 21 to
1146 784 50 25 tell.

674 813 49 23 The
734 817 180 25 reconciliation
926 827 48 16 was
996 822 127 29 complete,
1149 822 47 23 and

674 852 93 31 George
788 855 134 31 Ringstone
945 859 57 24 took
1024 860 61 23 rank
1108 868 88 24 among

674 889 42 24 the
727 892 141 24 merchants
880 894 27 24 of
913 895 42 25 the
977 896 56 31 city,

706 926 76 25 Edith
794 936 48 17 was
855 932 44 22 not
911 932 97 24 allowed
1020 935 25 22 to
1063 941 69 24 carry
1154 937 46 21 out

673 963 30 23 all
715 963 45 26 her
770 965 61 31 good
843 967 151 29 resolutions,
1019 971 42 24 but
1084 971 42 25 she
1149 971 53 29 had.

674 1004 41 27 got
727 1010 14 16 a
749 1003 72 31 sharp
832 1005 89 24 lesson.
957 1007 50 24 She
1019 1009 96 24 became
1134 1009 64 31 quite

673 1047 14 15 a
700 1040 76 24 model
789 1041 162 32 housekeeper
963 1053 5 20 ;
988 1046 48 23 and
1048 1046 92 30 though
1153 1047 43 24 she

674 1075 46 24 had
732 1085 71 16 never
814 1083 25 20 to
851 1080 64 23 wash
928 1081 49 24 and
989 1082 80 29 scrub,
1082 1083 42 25 she
1146 1091 50 17 was

673 1120 74 17 never
772 1115 53 24 idle.
859 1116 113 27 Without
1005 1120 120 31 anything
1155 1128 41 23 ap-

673 1154 134 30 proaching
817 1157 180 31 extravagance.
1033 1159 47 24 She
1092 1167 49 17 was
1163 1160 33 24 al-

673 1196 66 24 ways
761 1191 176 32 distinguished
958 1195 38 23 for
1017 1195 45 24 her
1084 1197 61 23 taste
1170 1196 27 24 m

674 1226 74 29 dress,
758 1228 48 24 and
818 1231 120 23 corrected
949 1231 42 25 the
1003 1233 108 30 vagaries
1122 1233 26 24 m
1156 1233 42 24 the

674 1265 70 31 fancy
756 1267 25 23 of
791 1267 45 24 her
847 1268 85 31 friend,
950 1270 50 24 Mrs
1027 1271 102 31 Ledger,
1158 1272 39 25 till

674 1304 54 25 that
739 1306 57 31 lady
804 1310 42 27 got
857 1308 80 25 talked
949 1309 73 26 about
1033 1311 37 23 for
1082 1311 42 25 her
1135 1313 62 23 taste

673 1344 26 23 m
711 1344 66 25 dress
793 1348 48 23 too.

707 1384 51 25 Nor
769 1389 67 20 must
847 1386 13 24 I
871 1387 76 31 forget
958 1390 25 22 to
995 1390 41 24 tell
1046 1397 43 17 one
1101 1391 97 30 strange

675 1421 71 32 thing
757 1424 51 23 that
821 1424 124 31 happened
955 1426 52 30 just
1019 1427 74 25 about
1104 1436 15 16 a
1141 1436 57 23 year

674 1459 61 23 after
746 1460 77 24 Edith
841 1462 134 30 Ringstone
999 1464 75 31 began
1094 1466 26 23 to
1142 1465 56 24 take

674 1504 67 18 more
763 1499 99 25 interest
884 1501 27 24 m
933 1502 74 25 home
1028 1504 41 23 life
1092 1506 57 22 than
1173 1504 25 25 m

674 1537 98 31 shining
789 1538 26 24 m
838 1540 97 31 society.
970 1541 21 23 A
1011 1543 63 23 little
1108 1543 90 31 George

673 1576 43 23 the
735 1577 87 23 second
854 1586 49 16 was
935 1580 141 25 introduced
1109 1590 90 24 among

673 1615 73 29 them,
759 1617 49 23 and
817 1618 91 31 though
920 1619 40 25 his
970 1619 82 26 father
1069 1629 49 17 was
1137 1621 59 25 fond

674 1653 47 24 and
732 1655 75 30 proud
819 1656 26 24 of
855 1656 38 24 his
905 1664 52 22 son,
970 1658 38 25 his
1020 1659 112 25 fondness
1151 1660 48 25 and

674 1692 67 26 pride
755 1703 59 16 were
825 1704 27 16 as
863 1696 107 32 nothing
981 1699 24 23 to
1018 1699 70 25 those
1111 1699 28 25 of
1155 1700 42 25 the

674 1732 45 24 fair
730 1732 83 30 Edith,
826 1735 54 25 who
892 1736 85 31 forgot,
989 1737 25 25 m
1023 1738 43 24 the
1073 1738 41 32 joy
1123 1739 26 25 of
1155 1739 44 26 her

674 1772 118 32 motherly
804 1773 58 29 love,
886 1775 55 24 that
953 1776 42 24 she
1007 1785 53 15 ever
1071 1778 70 24 cared
1163 1778 36 24 for

673 1808 96 26 fashion
781 1811 48 24 and
841 1812 96 25 became
954 1821 68 17 more
1044 1814 48 24 and
1104 1823 67 17 more
1183 1823 15 17 a

674 1850 53 22 true
739 1850 71 24 home
819 1850 54 25 bird
905 1859 74 18 never
990 1853 65 31 truly
1063 1854 80 31 happy
1153 1863 44 16 un-

673 1887 48 25 less
732 1889 69 23 when
815 1891 25 22 at
858 1890 44 23 her
925 1899 52 16 own
999 1891 102 26 fireside.

869 1927 54 24 The
939 1928 66 24 End.

673 2037 223 63 LOCALS
936 2041 79 59 and
1015 2041 183 59 GENERAL

701 2175 85 26 Beaok
800 2176 89 25 Sheep.
924 2178 40 25 Mr
974 2179 94 25 Walter
1075 2180 125 32 Chapman

675 2218 45 24 has
732 2219 59 24 been
803 2220 192 32 experimenting
1006 2222 58 24 with
1080 2231 16 16 a
1106 2224 58 24 view
1176 2225 25 23 of

674 2260 133 33 producing
819 2270 14 16 a
844 2262 64 25 flock
919 2264 69 24 black
998 2272 26 17 as
1036 2265 42 25 the
1122 2265 14 25 I
1155 2267 45 31 beg

673 2311 61 21 your
745 2305 100 29 pardon,
858 2314 27 15 as
897 2306 70 24 black
990 2315 27 17 as
1040 2308 70 24 black
1137 2311 61 26 cats,

675 2344 43 24 but
730 2353 27 16 so
768 2346 37 23 far
816 2347 57 23 with
887 2347 44 25 few
942 2349 137 30 exceptions
1087 2351 45 24 has
1140 2351 57 31 only

675 2388 130 25 succeeded
835 2389 27 25 m
895 2391 135 33 producing
1062 2393 135 31 variagated

674 2431 113 26 animals.
821 2433 38 24 As
870 2433 69 26 there
950 2434 22 24 is
984 2442 14 17 a
1009 2436 62 30 good
1093 2436 105 25 demand

675 2473 37 24 for
724 2473 69 26 black
805 2476 61 24 wool
886 2476 49 24 and
957 2476 42 26 the
1021 2478 85 31 nigger
1127 2478 71 29 sheep

675 2524 98 23 appears
786 2519 24 22 to
822 2517 29 25 be
863 2526 15 17 a
897 2526 57 25 very
965 2519 77 32 hardy
1053 2521 97 28 animal,
1163 2530 35 17 we

675 2559 64 25 shall
751 2560 79 25 watoh
841 2561 39 25 his
892 2563 157 31 experiment,
1059 2563 58 25 with

675 2602 107 25 interest.

708 2645 33 25 St
763 2645 128 26 Andrew's
914 2647 97 26 Sunday
1040 2648 104 32 School,
1178 2651 20 23 A

675 2689 87 31 gooily
774 2690 103 24 number
904 2691 27 23 of
955 2692 53 23 nice
1035 2692 74 25 books
1136 2693 63 26 have

676 2730 61 24 been
746 2732 133 24 forwarded
890 2734 25 23 to
937 2733 42 25 the
1002 2735 198 31 superintendent

677 2773 24 25 of
713 2773 50 25 this
774 2774 82 25 school
868 2775 37 25 for
915 2776 87 31 prizes,
1015 2778 25 23 to
1058 2777 41 26 the
1122 2779 76 24 child-

675 2824 52 20 ren,
739 2817 31 30 by
782 2814 39 27 Mr
831 2817 110 33 Allpress
957 2818 114 33 formerly
1092 2820 107 27 resident

675 2862 114 28 amongst
801 2867 35 17 us.

710 2901 32 25 St
772 2902 129 23 Andrew's
933 2903 112 29 Church,
1080 2905 47 24 We
1160 2914 40 16 are

677 2943 54 31 glad
738 2945 26 23 to
775 2943 30 25 be
821 2952 14 16 a
884 2946 26 22 to
933 2953 126 18 announce
1080 2947 55 25 that
1157 2948 42 26 the

677 2987 89 31 repairs
777 2986 47 24 and
836 2987 112 32 painting
960 2987 26 25 of
995 2989 50 25 this
1056 2989 90 25 church
1158 2999 41 16 are

677 3037 52 16 now
743 3029 83 32 nearly
843 3031 136 30 completed
988 3039 5 21 ;
1012 3040 27 17 so
1066 3033 61 29 that,
1157 3034 43 25 the

677 3071 108 33 building
798 3073 21 23 is
835 3080 54 17 now
917 3074 124 25 redeemed
1068 3076 63 24 from
1157 3077 42 24 the

676 3121 74 18 mean
758 3123 148 22 appearance
917 3116 20 25 it
953 3116 44 24 has
1009 3125 27 16 so
1063 3117 58 32 long
1146 3127 53 22 pre-

677 3158 85 24 sented
772 3160 26 22 to
810 3158 42 24 the
863 3159 81 29 public
972 3167 50 23 eye.
1057 3160 52 25 The
1133 3161 67 24 work

675 3200 45 24 has
732 3201 58 23 been
802 3201 114 24 executed
925 3201 30 30 by
964 3201 93 26 Messrs
1066 3202 134 26 Cederman

676 3243 49 25 and
738 3243 152 25 Woodward.
924 3244 24 24 It
960 3252 49 17 was
1020 3253 14 16 a
1045 3247 68 29 great
1129 3246 69 25 satis-

675 3285 91 24 faction
777 3287 26 22 to
819 3285 39 24 Mr
870 3285 110 29 Garbett,
1004 3294 31 16 on
1056 3287 40 25 his
1115 3290 85 23 return

675 3328 61 24 from
750 3327 179 29 Chrisiohureh;
943 3330 23 22 to
978 3327 49 26 fiiid
1040 3330 40 24 the
1092 3331 62 25 work
1174 3339 26 16 so

676 3369 53 26 well
751 3370 129 25 advanced.
915 3370 49 26 The
991 3372 101 24 exterior
1099 3373 42 25 -of
1160 3374 40 24 the

675 3413 111 31 building
797 3412 20 26 is
828 3421 54 16 now
898 3414 100 30 perfect;
1011 3415 49 24 and
1071 3415 31 25 all
1115 3418 52 25 that
1178 3417 22 25 is

675 3455 92 25 needed
777 3455 37 24 for
825 3457 41 23 the
876 3457 103 25 enterior
990 3457 22 26 ig
1024 3466 14 17 a
1059 3464 82 26 carpet
1161 3460 39 24 for

677 3499 38 24 the
728 3495 107 28 chancel.

708 3541 116 25 Lecture
858 3542 40 23 Mr
920 3542 38 25 W.
972 3542 41 25 W.
1047 3544 90 25 Collins
1167 3553 32 17 on

677 3579 127 32 Thursday
814 3581 73 31 night
897 3589 60 23 gave
966 3590 45 17 one
1020 3583 24 25 of
1055 3584 37 25 his
1102 3585 98 31 popular

678 3617 103 26 lectures
795 3619 24 24 at
831 3619 42 24 the
890 3619 72 25 Town
976 3620 68 29 Hall,
1069 3623 25 23 to
1117 3631 14 15 a
1143 3630 57 25 very

675 3655 62 30 good
755 3656 115 24 audience
893 3657 149 33 considering
1063 3659 42 25 nhe
1126 3660 73 25 incle-

675 3700 87 23 mency
774 3693 24 23 of
816 3694 41 24 the
879 3695 111 25 weather.
1028 3697 21 23 A
1071 3699 82 29 report
1175 3698 24 25 of

673 3732 42 24 the
721 3731 89 26 lecture
821 3733 47 25 will
877 3741 87 23 appear
971 3735 27 23 m
1004 3744 47 19 .our
1058 3738 58 23 next
1122 3737 75 26 issue.

675 3770 24 27 It
711 3779 54 23 may
776 3772 101 28 interest
888 3781 66 19 some
965 3775 26 25 to
1002 3775 68 27 know
1077 3776 52 26 that
1141 3776 58 27 with

1283 182 43 25 the
1348 183 85 32 charge
1445 185 27 24 of
1489 186 111 31 sixpence
1611 185 37 25 for
1664 187 140 29 admission,

1282 219 43 25 the
1336 224 100 22 amount
1447 223 86 25 relised
1555 219 46 29 Was
1623 231 57 17 over
1702 224 49 31 fifty
1763 233 42 23 per

1283 261 55 22 cent
1349 267 75 23 more,
1428 261 62 24 than
1501 263 41 24 the
1553 270 56 17 sum
1631 264 115 24 collected
1758 267 25 21 at
1795 273 14 15 a

1281 299 108 28 previous
1401 300 89 25 lecture
1504 301 69 24 when
1586 302 18 23 it
1615 309 48 17 was
1673 302 129 25 admission

1282 337 58 30 free,
1353 339 47 23 and
1412 339 42 24 the
1465 339 49 25 free
1526 340 90 25 lecture
1628 341 64 24 drew
1704 342 42 24 the
1757 343 47 24 lar-

1281 377 53 29 gest
1345 377 114 24 audience
1470 379 81 24 which
1563 388 56 22 goes
1630 382 25 21 to
1666 388 82 22 prove,
1763 382 42 23 the

1283 413 69 23 truth
1363 415 27 22 of
1396 414 58 24 Sam
1463 414 87 26 Slick's
1558 416 86 31 saying
1678 418 129 30 voluntary

1284 448 67 25 don't
1360 457 100 18 answer.

1318 492 42 23 Mr
1373 492 117 30 Stanley,
1525 495 38 23 Mr
1574 495 28 25 P.
1620 495 37 25 De
1680 497 83 28 Loree,
1786 498 26 23 of

1284 534 98 29 Oxford,
1395 535 42 25 has
1447 538 132 30 completed
1591 546 14 15 a
1612 546 57 24 very
1676 539 49 24 fine
1736 540 71 23 series

1283 575 28 25 of
1318 576 103 31 pictures
1433 578 36 24 for
1485 579 58 24 lime
1566 581 58 29 light
1647 581 160 25 illustrations

1283 618 61 24 from
1355 618 38 25 Mr
1407 620 120 33 Stanley's
1539 621 61 26 book
1611 626 27 20 of
1661 624 31 23 In
1703 624 105 24 Darkest

1285 660 98 25 Africa.'
1419 663 92 25 Whilst
1527 664 39 24 Mr
1590 666 99 30 Stanley
1711 675 47 15 was
1782 667 27 23 m

1285 703 176 26 Christchurch
1473 707 28 23 he
1511 707 123 30 inspected
1647 708 40 24 the
1695 709 112 30 pictures,

1285 746 49 23 and
1344 748 127 29 expressed
1484 748 39 24 his
1532 749 56 31 high
1600 751 165 29 appreciation,
1784 751 27 25 of

1285 787 78 25 them.
1398 789 40 24 Mr
1448 789 37 26 De
1497 790 75 25 Loree
1584 792 42 24 has
1637 793 52 24 also
1700 794 107 24 received

1285 829 80 25 letters
1377 831 58 25 both
1445 831 64 26 from
1521 833 35 23 Mi
1571 835 48 22 and
1632 835 52 24 Mrs
1697 835 108 32 Stanley,

1285 872 115 32 speaking
1410 874 27 23 m
1449 874 41 25 the
1502 875 96 31 highest
1610 878 75 23 terms
1713 878 27 23 of
1764 878 43 24 the

1283 915 12 23 f
1306 915 74 24 ithful
1393 924 101 17 manner
1504 918 27 23 iv
1542 918 81 24 which
1633 918 42 24 the
1701 920 106 30 pictures

1284 956 63 25 have
1365 958 56 25 been
1449 960 153 31 reproduced,
1631 962 47 23 and
1706 963 103 32 sending

1285 1000 51 24 him
1348 1009 15 15 a
1374 1002 151 31 photograph
1537 1003 25 25 of
1573 1004 39 24 Mr
1631 1004 109 32 Stanley,
1762 1014 47 16 one

1285 1043 27 24 of
1321 1043 39 24 the
1371 1043 74 25 latest
1455 1045 32 24 he
1497 1046 44 23 has
1570 1047 80 24 taken.
1685 1047 60 26 This
1773 1050 34 23 to-

1284 1085 85 31 gether
1379 1086 57 25 with
1449 1087 43 25 tlie
1494 1089 3 8 !
1502 1089 84 24 letters
1596 1090 46 24 has
1653 1090 59 25 been
1723 1092 84 30 photo-

1285 1129 106 31 graphed
1402 1129 31 32 by
1442 1130 40 24 Mr
1492 1130 37 24 De
1537 1131 83 29 Loree,
1636 1134 51 22 and
1711 1134 32 24 he
1772 1135 36 23 in-

1285 1171 71 24 tends
1370 1173 133 30 exhibiting
1519 1174 67 23 them
1614 1176 109 29 together
1750 1177 59 23 with

1285 1213 42 24 the
1338 1214 77 24 whole
1426 1215 25 23 of
1462 1215 41 24 the
1515 1216 71 24 series
1597 1217 74 24 when'
1679 1217 32 25 be
1719 1218 67 31 gives
1795 1226 14 16 a

1284 1256 91 24 lecture
1386 1256 64 28 here.
1455 1257 91 32 shortly
1558 1267 33 16 on
1603 1259 99 32 Stanley
1711 1261 47 24 and
1769 1261 39 24 his

1284 1299 73 24 work.
1408 1300 51 24 The
1503 1303 76 23 whole
1620 1304 188 25 entertainment

1285 1341 87 26 should
1377 1343 27 24 be
1410 1343 26 23 of
1445 1351 14 16 a
1464 1351 56 24 very
1527 1344 144 33 interesting
1679 1346 129 26 character.

1325 1450 30 28 A
1370 1449 141 31 CREEK
1539 1451 216 31 SCRAMBLE.

1316 1551 14 24 I
1340 1551 46 25 feel
1397 1552 105 26 inclined
1525 1555 25 23 to
1561 1554 29 25 be
1611 1554 142 27 benevolent
1771 1556 37 24 for

1284 1597 66 21 once,
1363 1598 27 17 so
1401 1591 48 25 will
1462 1595 38 29 try
1521 1593 49 24 and
1589 1594 106 24 describe
1707 1603 14 16 a
1743 1597 64 24 most

1286 1630 128 32 delightful
1435 1632 86 32 outing
1542 1633 36 25 for
1608 1633 40 25 the
1672 1635 89 24 benefit
1783 1635 28 25 of

1286 1669 68 25 those
1377 1672 54 30 lazy
1453 1673 183 31 stay-at-homes
1658 1674 53 24 who
1729 1674 79 31 prefer

1283 1708 91 30 picnics
1386 1716 32 16 on
1429 1717 74 23 paper
1513 1711 83 23 rather
1611 1711 58 24 than
1681 1712 62 23 their
1754 1720 53 15 own

1286 1745 136 31 experience
1433 1747 26 24 m
1472 1747 54 25 that
1543 1749 57 23 line.
1635 1748 65 29 Sala,
1712 1756 64 23 says,
1787 1750 21 25 it

1285 1785 22 23 is
1319 1785 179 25 characteristic
1509 1787 26 24 of
1542 1786 120 26 Colonials
1674 1789 52 23 that
1737 1789 69 26 when

1286 1822 42 24 the
1340 1822 59 32 days
1410 1831 41 17 are
1459 1824 57 28 fine,
1529 1825 46 23 and
1585 1826 65 23 there
1660 1825 22 25 is
1704 1825 104 32 nothing

1286 1860 132 30 particular
1430 1862 25 23 to
1467 1861 38 28 do,
1526 1870 43 16 one
1587 1862 50 24 will
1660 1871 42 22 say
1724 1864 26 23 to
1769 1864 39 23 his

1286 1897 142 30 neighbour,
1442 1898 61 24 'Let
1514 1905 29 17 us
1555 1899 61 24 have
1627 1907 13 15 a
1647 1900 105 30 holiday'
1762 1901 48 23 and

1286 1933 58 32 they
1360 1934 164 32 straight-way
1547 1936 68 23 shut-
1625 1944 33 24 up
1681 1937 61 31 shop
1763 1938 48 23 and

1286 1972 67 24 leave
1365 1972 64 24 their
1442 1972 86 25 homes
1539 1973 37 25 for
1597 1981 65 17 some
1684 1976 42 29 pet
1747 1977 62 29 spot,

1286 2010 138 31 picnic.and
1434 2011 59 25 then
1502 2013 83 23 return
1597 2015 25 21 at
1630 2013 73 31 night
1721 2013 90 32 feeling

1287 2047 58 32 they
1356 2047 61 25 have
1428 2048 63 25 done
1502 2049 59 32 duty
1573 2050 31 32 by
1616 2050 72 32 King,
1702 2050 51 25 Self
1762 2051 48 25 and

1286 2085 113 32 Ccuutry.
1434 2086 31 25 In
1487 2087 51 25 this
1571 2088 108 25 Colonial
1703 2090 68 29 spirit
1793 2098 15 16 a

1284 2126 68 28 party
1364 2123 27 25 of
1397 2123 84 25 eleven
1489 2125 107 31 planned
1604 2128 25 22 to
1639 2134 31 24 go
1681 2126 38 25 for
1729 2134 14 18 a
1760 2127 48 24 real

1283 2163 61 31 good
1354 2163 118 26 scramble
1481 2164 148 33 Wednesday
1635 2165 108 33 January
1748 2166 58 27 27th

1285 2203 85 24 Luers'
1379 2203 75 31 Gully
1462 2206 26 23 to
1500 2204 28 25 ba
1540 2205 41 24 the
1602 2213 71 17 scene
1682 2206 26 23 of
1725 2207 79 24 action

1284 2242 47 23 and
1355 2241 41 25 the
1418 2242 117 25 beautiful
1564 2245 68 22 creek
1660 2245 147 31 thoroughly

1284 2278 119 32 explored.
1437 2280 63 26 Half
1508 2283 58 29 past'
1575 2281 80 26 eleven
1667 2290 49 17 saw
1730 2290 29 17 us
1782 2284 25 24 at

1285 2316 129 28 Rossiters,
1436 2324 65 18 none
1508 2342 4 4 .
1523 2318 27 24 of
1556 2319 41 23 the
1608 2321 69 30 party
1700 2320 106 30 missing.

1285 2353 53 24 The
1348 2353 72 24 horse
1432 2354 48 23 and
1491 2355 54 29 trap
1557 2354 73 31 being
1642 2356 72 30 safely
1737 2358 70 22 atow-

1284 2389 30 25 ed
1325 2389 63 26 close
1400 2392 26 23 to
1437 2390 125 32 Sharplins
1575 2393 62 27 mill,
1649 2401 34 16 we
1692 2393 116 31 gathered

1283 2436 31 23 up
1326 2436 45 16 our
1389 2428 74 31 goods
1475 2429 47 24 and
1535 2429 104 26 chattels
1657 2431 47 24 and
1716 2431 92 25 started

1284 2466 37 25 for
1354 2474 80 24 camp.
1468 2467 98 33 Having
1598 2469 58 25 been
1689 2477 56 18 over
1770 2470 39 25 the

1284 2506 95 31 ground
1390 2507 92 25 before?
1494 2507 91 27 elected
1603 2509 86 30 myself
1698 2517 27 17 as
1736 2510 73 31 guide

1284 2544 48 24 and
1343 2545 103 30 trudged
1456 2553 31 17 on
1498 2546 27 24 m
1536 2546 65 25 front
1623 2547 58 24 with
1703 2555 14 17 a
1739 2548 68 31 plum

1283 2581 38 31 pie
1333 2582 48 23 and
1393 2589 15 18 a
1419 2582 47 26 box
1482 2582 28 25 of
1529 2590 83 17 scones
1634 2584 26 24 m
1681 2593 41 23 my
1743 2593 66 17 arms

1284 2619 65 32 quite
1360 2619 135 32 regardless
1506 2621 27 25 of
1542 2621 89 30 sundry
1651 2622 87 30 growls
1760 2623 48 24 arid

1282 2659 120 31 grumbles
1416 2661 60 22 from
1485 2667 41 24 my
1538 2660 97 27 humble
1639 2662 30 32 (?)
1688 2661 120 26 followers

1284 2696 53 24 who
1354 2696 104 31 thought
1479 2704 68 17 some
1569 2699 68 22 other
1659 2707 50 21 way
1731 2700 77 24 would

1283 2734 62 23 have
1356 2732 61 26 been
1428 2735 85 25 better.
1548 2734 68 33 They
1624 2743 68 18 came
1701 2736 58 25 with
1767 2737 41 24 the

1284 2765 120 26 intention
1416 2766 27 23 of
1451 2766 91 32 having
1552 2775 15 17 a
1583 2767 62 25 hard
1656 2769 47 31 day
1724 2770 49 23 and
1794 2770 14 23 I

1283 2800 83 22 meant
1377 2802 24 20 to
1413 2798 58 31 keep
1482 2799 70 24 them
1562 2801 29 23 to-
1599 2800 28 25 it.
1660 2801 87 25 Lunch
1758 2810 48 16 was

1285 2834 35 21 set
1331 2831 26 24 m
1366 2839 14 15 a
1390 2831 78 30 lovely
1480 2833 54 29 spot
1545 2832 64 25 close
1620 2834 26 23 to
1665 2833 43 25 the
1730 2834 76 28 creak,

1284 2862 49 25 and
1349 2863 60 25 with
1420 2864 145 24 convenient
1580 2866 49 23 tree
1651 2866 87 24 trunks
1760 2867 48 23 and

1284 2897 95 27 stumps
1390 2895 42 24 for
1439 2899 71 24 seats,
1536 2904 35 17 we
1583 2906 59 15 were
1653 2901 44 21 not
1707 2899 59 30 long
1781 2899 26 24 m

1284 2927 124 31 disposing
1419 2927 25 24 of
1453 2928 41 23 the
1502 2929 59 29 good
1575 2929 91 31 things,
1679 2930 49 24 and
1747 2931 60 24 thon

1284 2960 42 23 the
1333 2959 73 26 decks
1417 2967 60 17 were
1488 2960 93 26 cleared
1592 2961 38 25 for
1641 2963 88 28 action,
1752 2963 54 25 that

1283 2993 20 23 is
1314 2993 26 23 to
1351 3000 50 23 say,
1413 2991 40 26 old
1465 2993 67 24 boots
1554 2995 109 29 replaced
1686 2996 39 23 the
1744 2996 62 32 good

1283 3032 65 20 ones,
1361 3031 55 24 caps
1427 3025 95 24 instead
1533 3026 25 23 of
1571 3027 68 30 hats',"
1647 3028 88 31 gloves,
1759 3029 48 24 and

1284 3057 35 24 all
1330 3058 129 23 etcetteras
1469 3057 48 25 laid
1541 3059 74 28 aside,
1639 3063 92 21 dresses
1752 3062 56 25 well

1284 3089 87 25 tucked
1382 3097 40 23 up,
1435 3090 47 25 and
1495 3090 57 25 each
1573 3092 87 29 taking
1681 3101 33 15 an
1735 3094 71 30 apple

1284 3121 31 31 by
1327 3129 53 22 way
1391 3121 27 25 of
1425 3122 158 25 refreshment
1594 3131 32 17 on
1637 3124 43 26 the
1691 3126 63 28 road,
1772 3134 36 16 we

1285 3161 62 16 were
1358 3153 39 25 off.
1432 3153 59 26 This
1502 3156 69 24 creek
1593 3156 22 25 is
1637 3157 82 25 unlike
1742 3161 65 22 most

1284 3186 26 24 of
1319 3186 70 25 those
1400 3186 25 24 m
1437 3186 42 25 the
1502 3188 97 25 various
1620 3189 94 30 gullies,
1736 3199 26 16 as
1785 3192 19 23 it

1284 3218 46 24 has
1341 3226 31 20 so.
1376 3218 73 25 much
1461 3221 79 27 water,
1552 3221 49 26 and
1621 3222 21 24 is
1664 3222 60 25 both
1746 3224 62 25 wide

1284 3250 47 25 and
1342 3250 68 32 deep,
1423 3259 26 17 so
1461 3252 46 29 the.
1511 3261 57 24 very
1581 3253 54 25 first
1656 3257 103 31 attempt
1774 3258 32 25 -to

1284 3290 64 17 cross
1360 3290 60 21 grave
1431 3292 30 16 us
1472 3287 47 23 wet
1529 3285 47 24 feet
1585 3293 27 17 as
1623 3294 14 16 a
1648 3287 51 26 fore
1710 3290 64 23 taste
1783 3290 25 23 of

1284 3315 42 24 the
1338 3315 107 31 duoking
1456 3321 25 20 to
1493 3325 73 17 come.
1601 3318 52 26 The
1664 3320 63 26 bend
1743 3321 65 25 close

1283 3348 25 23 to
1320 3354 72 25 camp
1402 3355 49 17 was
1463 3356 56 23 very
1531 3348 87 33 pretty!
1637 3360 13 16 a
1672 3353 61 31 deep
1751 3355 57 29 pool

1283 3379 45 24 full
1340 3379 26 24 of
1375 3379 52 33 tiny
1438 3379 56 26 fish,
1507 3383 132 33 over-hung
1654 3385 32 32 by
1709 3393 14 17 a
1745 3387 64 25 bank

1284 3412 100 25 covered
1395 3412 58 26 with
1464 3414 52 24 fern
1528 3415 33 25 all
1571 3417 24 22 ol
1604 3424 45 19 one
1672 3418 77 29 kind,-
1761 3419 48 24 and

1285 3445 57 23 then
1353 3443 37 25 for
1401 3453 65 17 some
1477 3447 106 24 distance
1595 3456 41 24 up,
1649 3450 43 25 the
1709 3459 99 23 scenery

1283 3476 22 24 is
1316 3476 105 32 nothing
1432 3481 42 21 out
1491 3479 27 24 of
1536 3480 43 24 the
1599 3489 123 19 common.
1757 3485 52 24 Our

1284 3508 116 32 climbing
1411 3518 55 17 over
1477 3511 134 27 the/stones
1622 3522 60 17 soon
1693 3524 69 18 came
1780 3519 26 23 to

1284 3549 31 17 an
1328 3541 53 28 end,
1402 3543 48 23 and
1469 3551 34 16 we
1522 3544 47 25 had
1592 3550 26 20 to
1641 3548 55 26 take
1716 3550 26 23 to
1764 3551 41 23 the

1284 3577 73 21 water
1369 3574 94 31 though
1474 3577 26 23 at
1510 3576 54 26 first
1575 3578 20 24 it
1606 3586 49 18 was
1666 3588 55 23 very
1742 3581 64 25 little

1284 3614 56 17 over
1361 3614 45 17 our
1427 3607 78 26 boots.
1540 3609 60 27 On.
1609 3612 104 32 starting
1744 3613 60 25 from

1284 3646 77 24 oamp,
1385 3647 45 17 one
1452 3642 27 23 of
1495 3641 42 24 the
1559 3643 59 30 girls
1626 3645 58 24 took
1706 3653 13 16 a
1740 3648 67 23 stout

1282 3670 62 31 pole,
1368 3672 47 24 and
1437 3673 113 31 carefully
1572 3675 95 26 cltared
1698 3677 32 24 al]
1764 3678 43 25 the

1282 3703 98 31 deepest
1390 3704 77 32 pools.
1501 3706 61 27 This
1573 3715 59 18 soon
1652 3710 96 26 became
1769 3710 38 25 far

1281 3738 40 22 too
1328 3736 74 24 much
1414 3735 101 32 trouble,
1539 3739 47 26 and
1609 3746 44 30 mp
1674 3741 84 26 waded
1779 3743 26 25 m

1281 3767 57 26 with
1350 3769 40 25 the
1401 3770 59 25 rest.
1493 3770 14 25 I
1518 3770 48 27 told
1566 3772 3 25 i
1581 3771 65 28 them
1659 3773 37 28 of;
1701 3769 30 31 ji!
1742 3774 64 32 <jlrip-

1896 202 59 25 ping
1966 199 51 23 well
2030 207 32 18 on
2074 201 84 27 ahead,
2172 206 46 24 and
2232 215 117 25 everyone
2370 218 52 17 was

1897 235 71 24 eager
1978 232 24 22 to
2014 234 71 24 reach
2097 235 27 28 it,
2138 241 39 20 too
2189 246 69 24 eager
2269 241 23 24 m
2316 242 56 30 fact,
2392 252 28 16 as

1897 263 41 21 the
1950 270 44 15 one
2006 268 139 26 gentleman
2158 271 27 22 of
2194 273 38 22 the
2244 277 77 28 party,
2336 277 23 22 m
2384 277 38 24 Lis

1900 296 65 21 haste
1977 298 26 21 to
2012 299 82 30 spring
2105 309 29 15 on
2148 310 13 15 a
2174 305 62 27 rock,
2258 306 91 32 slipped
2372 310 49 23 and

1900 325 40 24 fell
1963 327 33 25 fill
2027 331 82 31 length
2129 334 7 22 j
2140 341 12 16 n
2177 335 41 25 ihc
2249 339 75 25 cveAu
2359 341 19 23 p
2380 350 42 16 oor

1897 360 88 44 JeJlow,
1998 360 31 26 he
2037 371 17 15 tv
2060 371 26 16 as
2099 367 55 29 only
2164 368 104 31 laughed
2281 374 33 25 at,
2325 373 94 31 though

1897 390 39 23 his
1947 395 57 21 neat
2013 396 48 23 suit
2072 397 27 22 of
2107 398 101 25 flannels
2225 409 67 17 come
2316 409 23 18 fo
2361 414 16 18 K
2380 407 45 22 -kf

1898 421 142 32 altogether.
2076 428 52 25 The
2149 430 111 34 chipping
2282 437 53 24 well
2369 446 51 16 was

1897 456 102 23 reached
2011 460 26 22 at
2048 460 55 27 last,
2114 462 48 24 and
2185 472 32 15 so-
2232 466 75 29 lovely
2331 477 48 16 was
2391 472 27 26 it,

1897 486 51 24 that
1959 488 71 25 when
2042 491 32 23 all
2086 493 41 23 the
2149 498 70 28 party
2243 493 56 29 hud'
2310 508 12 16 a
2331 501 88 25 Imired

1897 520 36 21 nil
1945 520 68 24 there
2025 525 90 23 seemed
2127 533 32 17 no
2170 535 64 17 more
2255 532 24 22 to
2303 541 47 21 say,
2372 543 47 16 one

1897 551 23 22 ol
1931 552 40 22 the
1984 555 58 28 girls
2051 556 56 24 .who
2120 559 46 23 had
2179 560 57 25 been
2251 563 72 26 silent
2347 567 71 25 broke

1896 589 25 16 m
1933 585 57 22 with
2029 587 92 27 Nature
2132 592 30 27 is.
2339 598 78 25 When

1895 621 47 23 you
1955 618 71 24 stand
2038 628 29 16 on
2081 621 41 25 the
2133 630 92 19 narrow
2238 629 64 29 piece
2314 630 26 23 of
2359 632 59 24 rock
2438 628 6 21 i

1896 650 45 20 left
1952 651 42 23 out
2005 651 27 23 of
2041 652 42 25 the
2095 661 76 22 water,
2184 660 45 22 and
2243 660 53 25 look
2317 665 100 27 around,

1894 686 47 22 you
1954 689 39 16 see
2004 684 66 30 right
2081 686 25 24 m
2118 688 66 25 front
2199 698 14 16 a
2236 693 57 30 high
2316 696 55 23 wall
2394 696 28 24 of

1893 712 58 23 rock
1971 717 99 23 covered
2102 720 59 23 with
2194 722 221 35 Hymenophillum

1893 744 61 28 fern,
1978 748 45 22 and
2047 748 41 25 the
2110 753 95 27 various
2235 757 91 26 litchen
2362 761 56 23 that

1895 783 61 23 grow
1968 785 26 16 m
2006 779 73 32 damp
2091 784 95 30 places;
2205 788 85 33 falling
2300 800 58 16 over
2376 793 42 24 the

1893 810 41 28 top
1954 811 47 23 and
2013 812 31 24 all
2058 814 70 25 down
2140 819 40 23 the
2192 821 49 23 side
2252 823 27 23 of
2296 824 42 23 the
2359 826 58 23 rock

1928 841 42 24 the
1981 846 74 22 water
2074 851 44 19 not
2129 853 114 31 running,
2256 854 44 26 but
2321 857 26 23 m
2369 858 48 24 fast

1893 872 73 52 2
2013 908 6 16 i
2078 913 10 11 +
2088 887 14 37 ?
2104 881 14 22 k
2138 913 6 11 ,
2140 882 49 25 like
2211 887 88 30 Sfrin^
2322 889 24 23 of
2366 889 49 25 dia-

1893 906 88 23 monds
1993 908 74 25 where
2078 910 42 26 the
2137 913 62 32 light
2221 919 96 25 catches
2338 921 77 29 them,

1894 936 63 25 dose
1969 941 24 20 to
2005 940 50 24 this
2067 950 31 16 on
2109 952 60 22 your
2179 949 66 31 right
2267 952 66 24 hand
2355 954 23 23 is
2401 962 16 16 a

1895 969 70 25 small
1977 973 113 25 waterfall
2102 976 26 25 m
2142 978 40 26 the
2194 983 68 24 creek
2274 983 45 26 bed
2331 986 57 25 with
2400 995 15 16 a
2426 1002 8 7 ,

1895 1002 59 30 deep
1962 1004 54 29 pool
2029 1010 24 19 ot
2065 1008 62 25 clear
2149 1015 74 23 water
2245 1018 26 22 at
2292 1018 41 24 the
2354 1017 59 31 foot,

1894 1034 91 24 behind
2006 1044 56 23 you,
2074 1048 27 16 as
2112 1042 36 25 far
2159 1053 33 22 up
2209 1055 26 17 as
2246 1056 47 23 you
2305 1058 46 16 can
2367 1059 39 16 see

1894 1072 22 16 is
1925 1074 46 17 one
1982 1075 65 19 mass
2059 1072 27 23 of
2095 1080 66 20 moss
2172 1077 109 34 hanging
2291 1082 63 25 from
2372 1083 43 24 the

1895 1099 62 24 trees
1970 1100 48 25 and
2029 1107 123 31 carpeting
2164 1109 41 25 the
2217 1111 71 31 bank,
2309 1118 41 20 not
2373 1117 44 29 dry

1895 1133 61 21 stuff
1971 1133 44 24 but
2026 1143 15 15 a
2051 1140 65 22 most
2128 1139 116 28 beautiful
2257 1152 74 23 green
2352 1146 63 25 from

1894 1162 39 24 the
1956 1165 68 30 damp
2044 1168 34 23 air
2105 1174 94 24 around.
2234 1176 33 23 To
2295 1171 71 37 pW
2377 1180 40 22 the

1895 1196 95 27 well.we
2001 1197 48 25 had
2060 1202 26 22 to
2097 1203 74 24 climb
2182 1206 43 25 the
2232 1208 65 24 hank
2308 1211 47 23 and
2376 1213 41 26 get

1895 1228 77 23 round
1984 1231 26 26 it,
2024 1231 40 24 the
2076 1235 72 27 creek,
2156 1244 29 16 on
2199 1239 42 26 the
2252 1241 69 25 other
2332 1243 50 24 side
2392 1244 24 23 is

1893 1261 74 23 much
1980 1261 89 32 deeper,
2083 1266 40 25 but
2135 1276 26 17 so
2175 1272 56 24 nsed
2253 1275 25 21 to
2289 1275 41 23 the
2342 1278 73 22 water

1895 1298 60 18 were
1966 1302 41 20 we,
2020 1295 54 26 that
2085 1299 34 24 all
2129 1302 112 29 splashed
2264 1306 104 31 through
2388 1316 27 17 as

1894 1326 93 30 though
2000 1329 25 23 to
2037 1329 42 25 the
2090 1338 99 20 manner
2199 1336 66 26 bom.
2275 1338 48 24 like
2331 1340 82 26 ducks.

1893 1359 80 35 ii;very
1985 1362 56 23 turn
2053 1363 27 23 of
2089 1365 42 24 the
2154 1369 87 24 stream
2264 1370 102 32 brought
2387 1374 28 24 m

1893 1392 66 28 sight
1990 1399 54 18 new
2067 1396 107 27 beauties
2207 1402 39 24 till
2275 1411 36 17 we
2344 1406 71 24 could

1893 1423 93 25 admire
1997 1432 32 17 no
2040 1435 72 20 more.
2147 1431 139 29 Waterfalls
2308 1437 104 26 abound,

1892 1458 37 25 ect,
1942 1462 62 18 none
2017 1460 24 22 of
2052 1461 65 25 them
2130 1471 48 24 any
2188 1465 93 32 height,
2293 1469 44 24 but
2356 1471 58 24 each

1894 1493 46 18 one
1951 1488 111 28 different
2079 1495 26 21 to
2127 1495 41 25 the
2190 1497 49 27 last
2260 1508 36 17 we
2318 1503 95 29 passed.

1894 1536 56 19 .
1964 1528 27 17 m
1990 1554 6 9 ,
2010 1525 132 29 Particular
2163 1529 108 27 deserves
2294 1535 119 28 mention,

1893 1553 42 23 the
1944 1553 62 25 bush
2016 1558 26 22 at
2053 1557 49 25 thus
2114 1563 53 27 spot
2178 1562 21 24 is
2210 1563 80 29 dense,
2301 1566 48 23 and
2356 1575 57 21 very

1891 1587 63 22 little
1965 1587 62 31 light
2036 1596 44 17 can
2091 1590 53 26 find
2154 1593 31 25 its
2197 1603 52 24 way
2258 1596 104 32 through
2371 1599 44 24 the

1893 1619 71 28 trees,
1978 1626 25 17 so
2016 1629 35 17 we
2073 1625 132 26 scrambled
2224 1636 33 24 up
2279 1630 42 24 the
2342 1631 73 31 rocky

1891 1652 58 27 side,
1962 1653 45 23 and
2021 1655 56 24 took
2089 1664 14 15 a
2114 1660 42 28 top
2172 1660 67 25 view.
2272 1662 25 24 It
2320 1664 95 24 seemed

1894 1691 26 16 as
1931 1685 21 23 if
1961 1685 42 24 the
2014 1691 74 21 water
2100 1690 103 31 divided,
2215 1694 48 23 and
2274 1695 71 24 while
2368 1703 45 18 one

1895 1718 62 29 large
1968 1719 36 23 lot
2015 1721 88 23 rushed
2124 1731 58 16 over
2199 1733 14 16 a
2234 1726 69 31 ledge
2335 1729 52 23 into
2399 1736 15 17 a

1897 1749 59 31 deep
1978 1752 61 29 pool,
2063 1760 25 17 so
2112 1755 60 32 deep
2192 1759 54 23 that
2274 1759 43 24 the
2338 1763 75 22 water

1898 1782 86 24 looked
1995 1783 77 30 black,
2091 1789 102 23 another
2214 1791 98 24 smaller
2323 1794 90 23 stream

1896 1813 42 25 fell
1949 1817 26 22 at
1986 1815 43 26 the
2041 1818 50 24 side
2103 1820 53 24 into
2168 1829 14 16 a
2194 1822 64 24 clear
2269 1823 77 29 basin,
2359 1825 49 24 and

1895 1846 59 24 then
1965 1848 53 24 into
2035 1857 15 17 a
2072 1851 52 32 tiny
2144 1861 58 18 cave
2224 1855 79 25 before
2314 1857 92 31 joining
2431 1872 13 9 -

1895 1878 43 25 the
1949 1881 65 23 main
2027 1887 104 22 current.
2166 1886 54 24 Add
2232 1890 25 21 to
2268 1888 33 24 all
2314 1889 48 23 this
2371 1890 42 24 the

1897 1912 172 32 surroundings
2079 1916 26 23 of
2114 1918 84 36 yergin
2208 1919 63 24 bush
2295 1921 46 23 and
2359 1922 54 25 fern

1895 1943 27 23 of
1930 1951 69 24 every
2011 1945 146 33 description
2169 1951 48 24 and
2227 1959 45 24 you
2284 1960 57 24 may
2352 1953 61 25 have

1896 1986 68 17 some
1981 1979 62 25 faint
2064 1981 53 25 idea
2140 1983 25 23 of
2186 1984 41 24 the
2249 1984 60 31 fafry
2310 1986 72 23 -land
2391 1987 21 23 it

1895 2018 58 18 was.
1997 2011 14 25 I
2044 2020 50 17 was
2126 2016 66 30 quite
2226 2017 114 28 satisfied,
2364 2018 47 24 and

1896 2044 105 32 thought
2030 2046 20 24 it
2072 2048 70 24 could
2183 2050 42 24 not
2258 2050 28 24 be
2318 2050 27 24 m
2356 2058 47 23 any

1898 2077 84 32 degree
1995 2077 78 27 better
2083 2079 92 26 further
2196 2090 40 20 on,
2260 2083 48 23 and
2321 2091 26 16 as
2359 2091 44 16 our

1897 2111 156 31 time-keeper
2064 2112 52 25 said
2126 2113 21 24 it
2158 2121 49 17 was
2218 2114 115 31 half-past
2346 2115 67 24 three

1897 2143 99 28 o'clock,
2009 2144 13 23 I
2034 2145 99 25 decided
2232 2147 75 24 hours
2329 2148 25 23 m
2366 2151 46 21 wet

1895 2175 91 25 clothes
1997 2184 47 17 was
2063 2178 65 30 quite
2150 2180 105 30 enough.
2291 2180 64 29 Only
2366 2187 44 17 one

1895 2215 50 17 was
1952 2208 26 24 of
1987 2217 42 23 my
2041 2211 106 29 opinion,
2159 2212 41 24 the
2211 2213 83 24 others
2303 2212 110 24 declared

1895 2239 57 32 they
1964 2242 79 23 would
2055 2243 64 29 push
2131 2251 30 16 on
2172 2244 37 23 till
2222 2244 57 31 they
2290 2245 55 24 coul
2354 2246 6 21 I
2373 2246 40 28 get

1893 2281 31 16 no
1935 2272 103 30 further,
2047 2275 50 25 and
2107 2284 28 16 as
2145 2276 54 31 they
2211 2276 52 26 told
2285 2286 37 16 me
2344 2277 69 28 later,
2439 2300 5 6 .

1893 2313 48 15 was
1963 2307 54 24 well
2040 2309 76 22 worth
2149 2309 41 23 the
2222 2311 106 22 venture.
2363 2310 52 23 The

1895 2337 56 27 last,
1964 2338 46 24 and
2018 2340 141 29 unpassable
2171 2340 113 26 waterfall
2296 2341 56 25 took
2364 2342 40 24 the

1893 2369 78 24 whole
1992 2370 77 25 width
2091 2371 27 25 of
2137 2371 17 26 t'
2167 2380 13 16 c
2202 2373 78 28 creek,
2313 2373 102 31 rushing

1894 2402 58 23 with
1960 2403 58 23 such
2030 2404 65 24 force
2104 2412 56 17 over
2168 2413 15 17 a
2194 2405 57 26 rock
2263 2413 27 18 as
2301 2408 24 21 to
2345 2413 69 18 oause

1894 2442 13 15 a
1921 2435 87 24 second
2019 2437 57 25 arch
2088 2437 28 24 of
2135 2445 71 24 spray
2227 2438 62 24 from
2313 2439 41 24 the
2376 2446 35 16 re-

1893 2465 91 30 bound,
1996 2469 46 23 aiid
2060 2467 57 26 with
2139 2478 15 17 a
2176 2468 112 34 dripping
2309 2467 54 29 well
2375 2478 30 17 on

1895 2499 58 24 each
1965 2500 59 29 side,
2036 2502 21 23 it
2067 2504 68 22 must
2145 2502 63 25 have
2218 2503 63 25 been
2300 2511 15 17 a
2336 2504 77 30 lovely
2422 2507 14 28 !j

1893 2531 73 32 sight.
2000 2533 131 32 Eetraoing
2152 2542 46 18 our
2219 2544 53 22 way
2293 2544 49 17 was
2363 2540 43 21 not

1893 2565 80 30 nearly
1985 2566 58 24 such
2055 2567 62 29 good
2126 2567 54 28 fun,
2188 2568 48 24 and
2245 2576 68 25 camp
2321 2568 93 25 seemed
2439 2585 5 2 -

1892 2604 15 16 a
1917 2605 57 22 very
1984 2598 60 31 long
2053 2606 51 23 way
2116 2599 49 27 off..
2192 2600 51 24 Our
2263 2600 70 25 boots
2354 2607 61 18 were

1891 2629 84 31 nearly
1996 2631 83 24 minus
2102 2632 48 24 and
2172 2632 32 26 all
2225 2634 40 23 the
2285 2633 127 28 scratches,

1893 2662 94 30 sandfly
1998 2662 62 25 bites
2068 2664 51 24 and
2131 2665 58 23 such
2197 2665 47 23 like
2252 2666 95 25 worries
2354 2673 60 17 were

1892 2693 53 28 felt,
1958 2694 55 25 chat
2024 2703 48 16 oe
2081 2703 59 22 gave
2151 2704 33 16 no
2203 2697 59 24 heed
2274 2700 24 23 to
2321 2706 30 16 on
2374 2698 47 23 the-

1891 2733 54 24 way
1954 2734 41 23 up.
2027 2727 33 26 In
2066 2728 62 30 spite
2137 2728 26 24 of
2171 2729 33 24 all
2226 2730 59 28 this,
2308 2737 46 17 one,
2374 2737 39 16 en-

1893 2758 103 24 thusiast
2007 2759 75 31 clung
2092 2762 25 22 to
2129 2768 15 17 a
2155 2761 36 25 kit
2203 2762 26 24 of
2237 2762 65 24 ferns
2310 2762 103 31 tnrough

1893 2791 150 31 everything,
2063 2793 48 23 and
2144 2794 76 31 really
2243 2794 41 25 she
2305 2794 113 25 deserve'

1891 2822 55 25 that
1968 2823 56 32 they
2047 2824 86 26 should
2156 2834 72 23 grow,
2267 2827 70 25 when
2350 2827 3 4 '
2369 2828 54 34 onej

1892 2855 82 25 thinks
1996 2857 26 24 of
2041 2857 43 24 the
2117 2858 110 25 dreadful
2259 2860 81 30 places
2371 2859 42 24 she

1893 2887 106 31 dragged
2021 2889 74 28 them,
2118 2890 60 24 both
2201 2899 33 23 up
2257 2892 48 24 and
2335 2892 76 23 down.

1893 2919 38 23 Ah
1955 2920 93 24 arrived
2070 2923 25 23 at
2117 2930 70 23 camp
2210 2924 74 30 safely
2307 2923 30 31 by
2366 2924 46 23 five

1892 2951 98 29 o'olock,
2008 2954 26 24 to
2055 2953 52 25 find
2130 2962 44 17 our
2196 2956 108 26 mothers
2326 2955 87 32 calmly

1891 2984 108 31 working
2020 2986 49 24 and
2091 2987 119 32 chatting.
2244 2988 50 24 Our
2315 2995 96 24 appear-

1890 3024 58 17 ance
1959 3017 74 26 broke
2051 3018 41 24 the
2114 3020 61 31 spell
2196 3021 49 24 and
2255 3029 33 17 no
2309 3021 102 25 wonder.
2425 3027 7 13 >

1893 3048 94 26 Soaked
1998 3052 26 23 to
2035 3051 42 25 the
2088 3053 78 28 waist,
2178 3052 70 26 boots
2262 3061 64 17 worn
2338 3058 72 25 away,

1890 3081 57 25 hats
1957 3085 61 26 torn,
2030 3083 53 24 hair
2095 3085 78 28 down,
2185 3086 49 25 and
2250 3093 15 17 a
2286 3093 66 16 more
2371 3085 40 26 &.<

1892 3114 114 31 draggled
2018 3118 37 22 set
2065 3124 49 16 was
2124 3125 75 17 never
2211 3126 55 16 seen
2277 3118 27 26 m
2316 3111 128 32 Oxford^

1893 3146 53 25 The
1956 3147 44 25 fire
2011 3156 49 16 was
2070 3149 38 28 ]it,
2120 3150 54 24 that
2185 3151 48 24 and
2244 3158 14 15 a
2266 3150 93 31 blazing
2366 3157 45 17 sun
2418 3163 10 4 -

1892 3186 59 18 soon
1967 3180 96 25 worked
2084 3189 15 17 a
2121 3184 198 24 transformation
2336 3190 75 20 scene,

1893 3211 95 32 though
1999 3214 37 23 for
2044 3221 15 17 a
2070 3214 60 25 time
2141 3215 43 25 the
2194 3216 125 25 out-skirt?
2331 3215 26 26 of
2370 3215 41 24 the

1893 3252 72 24 camp
1976 3245 85 26 looked
2071 3247 49 26 like
2131 3248 107 32 washing
2258 3248 47 33 day
2326 3250 25 23 at
2372 3248 39 26 the

1895 3277 120 31 diggings,
2027 3280 49 22 and
2087 3288 45 16 our
2144 3283 88 23 maters
2244 3281 103 31 thought
2358 3281 53 29 they

1893 3316 49 18 saw
1963 3309 127 27 Influenza
2112 3312 48 24 and
2182 3313 142 26 Bheumatic
2350 3312 63 25 fever
2433 3315 11 35 '^

1892 3342 97 25 written
2001 3351 33 17 on
2045 3351 45 19 our
2100 3344 72 26 faces.
2206 3346 52 24 Hot
2269 3347 40 24 tea
2331 3345 46 24 and
2398 3351 14 18 a

1893 3377 51 23 rest
1955 3375 66 30 quite
2032 3377 106 25 restored
2149 3386 36 20 us,
2196 3379 48 24 and
2261 3386 33 17 we
2315 3376 43 28 left
2377 3376 36 25 for

1894 3407 73 26 home
1978 3407 81 26 before
2071 3416 93 25 anyone
2173 3413 42 29 got
2232 3410 81 25 chilled
2336 3410 75 31 again.

1927 3440 33 24 So
1971 3441 77 23 ended
2059 3450 45 16 our
2111 3443 82 31 jaunt,
2205 3444 54 31 and,
2265 3452 32 16 on
2316 3443 97 30 sending

1893 3473 77 24 round
1981 3474 26 23 to
2018 3474 104 32 enquire,
2140 3478 84 30 except
2245 3476 112 27 stiffness,
2378 3482 35 17 we

1895 3512 41 17 are
1947 3505 33 25 all
1990 3507 69 30 quite
2071 3504 52 28 well
2131 3508 79 27 thank
2220 3518 55 23 you,
2288 3509 46 26 and
2344 3507 69 32 ready

1893 3537 37 25 for
1941 3538 43 24 the
1996 3546 64 17 same
2071 3541 49 31 trip
2131 3542 70 30 again
2212 3544 58 23 next
2286 3550 64 23 year.

469 40 166 33 OXFORD
699 45 88 30 AND
831 48 104 30 CUST
979 49 221 34 OBSERVER
1244 55 231 40 SATURDAY,
1517 61 224 34 FEBRUARY
1769 65 50 36 <?/),
1845 68 13 29 i
1864 69 35 30 S9
1904 70 18 29 2,

1892 3620 101 27 Printed
2016 3623 50 25 and
2104 3625 134 27 Published
2248 3629 31 32 ly
2306 3629 108 24 Richard

1925 3673 106 27 Holmak
2052 3676 99 31 Parish,
2174 3681 27 24 at
2217 3680 42 26 his
2277 3680 136 34 Begistere

1921 3726 117 34 Printing
2049 3728 84 31 Office
2155 3732 67 32 Hig-b
2246 3734 89 29 Street-,
2347 3735 68 30 r^ast

1925 3779 96 27 Oxford.
2033 3782 89 28 Carter
2124 3784 67 31 bum,
2325 3785 29 23 .1
2409 3788 23 27 V
