3280 4290
82 121 203 44 Visitors'
324 119 119 46 List.

174 223 100 30 Geyser
285 223 80 24 Hotel

43 263 43 17 Mrs
94 262 38 17 and
139 262 47 17 Miss
195 262 73 22 Olivcn,
277 263 77 23 Sydney

183 286 77 22 Briggs,
309 299 11 8 „

182 310 115 20 Alexander,
306 310 111 17 Melbourne

79 331 98 22 Ricbards,
186 332 77 23 Sydney

43 358 68 16 Misses
118 356 80 22 Murray
207 355 33 23 (2),
250 355 75 24 Sydney

43 381 48 18 Miss
99 379 85 20 Perkin3,
191 379 91 16 Brisbane

78 407 112 19 r-nmimflc,
204 406 111 17 Melbourne

175 428 84 18 tichards.
270 428 76 21 Sydney

85 461 10 9 i.
104 455 23 16 P.
136 455 38 15 and
181 453 40 15 Mrs
229 451 85 21 Porkius,
323 449 91 19 Brisbane

80 500 38 17 and
126 499 72 18 Master
207 497 93 20 Blundoil,
309 497 117 20 Wellington

78 523 23 17 E.
111 522 84 19 Perkins,
205 520 90 18 Brisbano

78 546 39 18 und
124 546 41 17 Mrs
174 545 90 22 Soynlour
272 543 63 21 Allan,
344 542 92 17 Brisbane

80 571 92 20 Courage,
179 567 90 23 England

80 593 113 20 Gill-Carey,
203 588 107 25 Wanganui

80 613 38 20 and
125 616 41 16 Mrs
174 615 97 18 Patorson,
281 611 90 19 Adelaide

80 637 156 24 Smyth,-Dublin

79 661 66 21 Wood,
155 660 76 26 Sydney

80 685 38 17 and
125 685 41 16 Mrs
175 681 110 21 Grimwade,
296 680 111 18 Melbourne

79 707 87 20 Bastard,
177 705 99 19 Auckland

80 730 87 21 Smib'ert,
179 729 90 18 Scotland

80 755 61 19 Hunt,
151 752 91 23 England

80 777 74 19 Atkins,
170 777 2 19 -
186 787 11 9 ~

79 800 41 17 Sirs
128 799 38 17 and
174 799 46 17 Miss
228 797 87 21 Koonan,
329 796 92 18 Gisbomo

79 823 39 17 and
125 823 47 16 Miss
181 822 85 19 Stewart,
276 821 77 21 Sydney

79 846 126 19 Whiteliouse,
216 843 88 23 England

79 869 38 17 and
125 869 40 17 Mrs
173 868 37 17 Lee
218 868 85 20 Murray,
313 865 76 23 Sydney

79 892 38 18 and
125 892 47 16 Miss
184 891 80 19 Palmer,
273 889 71 23 Napier

79 916 86 21 Hiiggas,
179 913 90 21 England

78 939 87 19 Thomas,
179 936 90 23 England

78 961 70 22 Miller,
158 959 99 19 Auckland

78 984 38 17 and
124 984 41 17 Mrs
173 983 98 18 Moßcath.
282 981 76 23 Sydney

44 1008 70 17 Messrs
122 1008 59 16 Blake
190 1005 32 22 (2),
233 1006 75 21 Sydney

114 1030 66 21 Irving
189 1029 32 23 (2),
232 1029 111 16 Melbourne

43 1053 46 19 Rev.
98 1053 71 19 Father
176 1052 100 22 Dorrigen,
286 1051 90 17 Brisbano

43 1077 28 17 Dr
80 1076 71 22 Hardy,
163 1075 75 22 Sydney

45 1100 79 22 Captain
133 1099 67 19 Kevin,
210 1097 90 18 Scotland

43 1122 77 18 Colonel
129 1120 109 22 Townsond,
249 1119 88 23 England

162 1178 69 23 Lake
247 1176 94 23 House.

43 1211 41 16 Mrs
96 1209 29 17 W.
135 1209 22 17 G.
167 1208 102 19 Robinson,
278 1206 72 23 Napier

43 1233 47 16 Miss
99 1233 65 19 Yates,
177 1230 91 23 England

90 1255 94 18 Goodson,
194 1253 86 18 Te-Puke

43 1279 28 17 Dr
79 1279 65 19 Yates,
154 1277 89 22 England

43 1302 40 17 Col.
93 1301 37 17 and
139 1302 40 16 Mrs
188 1299 88 20 Burstall,
287 1298 89 23 England

43 1325 33 17 Mr
83 1325 23 17 E.
116 1324 22 18 G,
149 1324 92 21 Simpson,
251 1323 46 17 New
307 1322 58 17 South
376 1321 61 17 Wales

78 1348 22 16 E.
111 1347 18 17 S.
139 1347 63 18 Wade,
213 1345 90 23 England

78 1369 133 21 Maebiechnio,
222 1368 98 18 Auckland

78 1393 78 22 Frenoh,
169 1391 98 20 Auckland

78 1417 60 22 Davy,
149 1415 98 18 Auckland

78 1438 185 22 Fordor,-Auckland

78 1461 167 21 Moss,~Auoiiland

78 1486 103 22 Mowbray,
191 1484 99 19 Auckland

76 1507 69 21 Davis7
151 1507 99 19 Auckland

76 1533 39 16 and
122 1532 41 17 Mrs
171 1528 119 22 Block-wood,
301 1527 99 20 Auckland
412 1526 35 23 ■'.'..

158 1554 119 20 Blockwowdj
287 1552 90 18 Duuedin

78 1578 66 20 Grant,
155 1578 78 18 Galatea

78 1602 78 20 Fowles,
169 1600 99 18 Auckland
290 1600 4 22 -

78 1625 57 21 Gray,
158 1624 36 15 •■•■■■'
207 1622 43 22 ,;•'•-

43 1648 50 17 Hon.
103 1648 71 19 Tairoa,
184 1646 81 20 M.L.C.,
274 1644 118 25 Wellington

44 1672 52 17 Hon.
106 1671 31 17 Mr
144 1670 56 21 Hikej
210 1669 100 17 Auckland

75 1730 102 23 Brent's
195 1729 129 23 Bathgate
341 1729 96 23 House.

43 1761 28 18 Dr
80 1761 59 22 Larry
148 1761 20 16 T.
178 1759 79 20 Russell,
267 1759 157 17 Wcst'Maitland

43 1785 40 16 Mrs
92 1784 28 17 W.
131 1783 21 18 F.
163 1782 103 21 Crawford,
276 1782 92 17 Gisborno

78 1807 37 17 and
123 1807 47 16 Miss
178 1806 85 20 Muocke,
273 1804 90 18 Adelaide

78 1830 109 20 McKenzie,
199 1829 91 17 Gisborrio

78 1853 103 19 Chisbolni,
193 1852 75 22 Sydney

43 1876 47 17 Miss
99 1876 89 19 Graham,
198 1874 99 18 Auckland

90 1898 178 23 Macky,..Otahubu

89 1923 52 19 Hall,

90 1945 66 20 Steele,
169 1945 122 20 Otorohanga

89 1966 156 24 Thompson,'(2V
257 1967 115 22 Whangarci

89 1991 112 19 Alexander,
212 1990 32 23 (2),
254 1990 100 17 Auckland

89 2015 80 20 Ritchie,
179 2014 99 16 Tasmania

89 2037 74 20 Home;
170 2037 99 17 Tasmania

43 2062 32 15 Mr
83 2063 67 20 Jjamg,
160 2060 117 22 WeiiingLuu

78 2084 37 17 and
123 2084 40 17 Mrs
172 2083 28 17 W;
210 2083 17 17 I.
237 2083 63 20 Coote,
311 2083 96 17 Australia

148 2106 62 20 Baird,
223 2106 90 17 Otahubu

77 2130 83 22 Aubrey,
175 2129 116 22 Whangarei

78 2153 80 22 Lumley
166 2152 47 20 Hill,
224 2152 89 17 Brisbane

78 2175 117 23 Handyside,
205 2175 82 17 Hawkes
297 2175 40 22 Bay-

78 2199 49 18 Hals
130 2199 47 19 tead,
187 2198 89 22 England

79 2224 79 19 Burton,
170 2220 98 19 Auckland

79 2245 37 17 and
125 2246 39 16 Mrs
174 2245 20 17 F.
205 2245 18 17 S.
233 2244 72 21 Clarke,
316 2244 82 18 Hawkes
407 2244 41 22 Bay

80 2268 102 20 Buckland,
193 2268 78 16 Thames

79 2291 111 20 Alexander,
200 2291 100 17 Auckland

79 2315 71 22 Henry,
161 2314 32 23 (2),
203 2314 99 17 Tasmania

78 2337 38 18 and
125 2338 39 17 Mrs
173 2338 67 20 Anion,
250 2337 99 17 Auckland
392 2343 5 8 »
417 2343 6 3 -

43 2361 71 17 Master
123 2361 101 20 Chisholm,
239 2360 76 23 Sydney

42 2384 28 17 Dr
79 2385 21 16 P.
110 2384 71 20 Callan,
191 2384 79 17 Thames

42 2408 72 16 Master
122 2406 59 23 Percy
190 2406 103 21 Crawford,
303 2406 92 18 Gisborno

44 2431 71 16 Master
124 2430 38 17 and
169 2430 47 17 Miss
224 2430 108 20 McKenzie,
343 2430 93 17 Gisbornc

155 2493 104 23 Mokoia
278 2493 83 25 View.

42 2527 41 17 Mrs
93 2526 72 20 Elliott,
177 2525 90 22 England

146 2555 24 17 rg,
181 2549 24 17 Te
216 2549 64 17 Aroba

100 2582 16 8 iu
128 2573 46 16 .miss
182 2572 77 20 Barton,
270 2572 100 18 Hamilton

78 2597 77 19 Barton,
167 2595 100 17 Hamilton

78 2619 92 22 Fleming,
182 2618 75 22 Sydney

43 2643 47 17 Miss
100 2643 76 19 Wilson,
186 2641 90 22 England

90 2665 66 20 Green,
167 2664 32 23 (4),
212 2664 106 23 Onebunga

90 2689 82 19 Kender,
181 2688 99 17 Hamilton

44 2712 32 17 Mr
85 2712 66 20 Green,
162 2711 106 22 Onchunga

78 2735 93 22 Simpson,
181 2734 47 17 New
235 2734 59 17 South
303 2733 62 18 Wales

78 2758 38 18 and
124 2758 39 17 Mrs
172 2757 85 22 Thorley,
269 2757 125 17 Coromandel

80 2782 38 16 and
126 2781 40 17 Mrs
175 2780 60 20 Firth,
245 2780 117 23 Wellington

78 2805 85 18 Jenkins,
174 2803 100 17 Auckland

78 2827 71 20 Peters,
160 2827 99 16 Auckland

78 2850 67 19 Green,
155 2850 75 22 Raglan

79 2874 88 19 Costello,
177 2874 25 16 To
211 2872 64 19 Aroba

78 2897 75 19 Brown,
164 2896 76 22 Sydney

78 2920 38 17 and
125 2919 40 18 Mrs
173 2919 114 21 McDonald,
301 2919 113 18 Melbourne

78 2944 64 19 Knox,
152 2942 111 17 Melbourne

78 2966 64 21 Jones,
200 2979 11 7 ~

78 2990 58 19 Milis,
146 2989 97 17 Auckland

78 3012 108 22 MacElroy,
198 3012 105 17 Auckland.

78 3036 43 17 Von
130 3035 91 20 Stunner,
231 3035 99 17 Auckland

78 3059 38 17 and
125 3059 40 17 Mrs
174 3058 64 20 Eriell,
249 3058 76 22 Sydney

145 3112 138 23 Tarawera
296 3111 90 23 House

44 3143 41 18 Mrs
92 3143 36 17 and
137 3143 46 17 Miss
192 3143 81 19 Garlick,
286 3142 104 18 Auckland

78 3167 65 20 Raike,
153 3166 76 17 Nurse's
239 3167 67 19 Home,
316 3165 103 18 Auckland

78 3190 26 17 H.
115 3189 66 20 Smith,
191 3188 77 23 Syduoy

46 3213 81 22 Captain
133 3212 37 17 and
178 3212 40 17 Mrs
227 3213 63 22 Perry,
301 3212 101 17 Auckland

44 3237 32 16 Mr
85 3236 82 23 Boagey,
177 3233 63 19 Patea/
254 3231 11 9 ''
273 3229 17 29 fj
297 3250 6 8 t

80 3259 50 20 Be3t,
140 3259 110 21 Devonport

80 3282 38 17 and
127 3282 39 17 Mrs
176 3281 57 21 Cxjk,
242 3281 84 18 Victoria

79 3305 37 17 and
125 3305 39 16 Mrs
174 3304 82 24 Danielsj,
266 3302 116 25 Whangami

79 3328 38 17 and
125 3328 40 17 Mrs
174 3328 78 21 Cappor,
264 3327 75 22 Sydney

79 3351 64 17 Smith'
150 3350 96 18 'Adelaides

45 3375 115 16 Lieutenant
167 3374 95 19 Tamatua,
272 3374 100 21 Tauranga

47 3398 81 22 Captain
136 3398 19 16 of
165 3397 96 17 Salvation
269 3397 65 22 Army,
348 3393 101 26 Tauranga

159 3451 116 23 Rotorua
288 3451 86 23 Hotel.

46 3483 41 17 Mrs
96 3482 106 20 Shaiiaban,
212 3481 119 23 Wellington

82 3506 53 20 Reid,
145 3505 95 22 Rangiriri
248 3505 2 22 ■

47 3529 47 17 Miss
102 3528 89 22 Murphy,
202 3528 117 22 Wellington

46 3553 31 17 Mr
86 3551 100 19 Johnston,
195 3551 112 17 Melbourne

82 3575 43 20 Gill,
136 3575 98 21 Tauranga

82 3597 110 20 Schmledol,
203 3596 106 23 Onahunga

82 3621 52 22 Keys
142 3620 38 22 and
188 3620 67 18 friend,
265 3620 100 17 Auckland

83 3645 66 19 Smith,
160 3642 100 19 Auckland

83 3668 72 20 Hardy,

83 3690 68 20 Pin-oil,
162 3688 99 18 Auckland

84 3713 77 22 Philips,
174 3711 99 19 Auckland

83 3736 72 22 Logan,
165 3735 100 18 Auckland

959 2219 57 22 THE
1035 2219 57 22 HOT
1111 2219 94 22 LAKES
1224 2219 170 22 CHRONICLE

959 2261 435 14 AND

1061 2290 108 21 Tourists'
1194 2290 200 21 Journal.

1080 2357 51 13 fact
1140 2351 11 20 I
1161 2358 52 13 will

1002 2407 171 22 WEDNESDAY,
1186 2409 79 17 APRIL
1274 2410 17 20 3,
1301 2410 51 18 1895.

960 2453 30 20 Of
1004 2457 69 16 rooont
1089 2460 58 19 years
1166 2455 114 25 politiciaus
1305 2457 22 18 of
1345 2456 52 26 high

960 2480 97 26 standing
1066 2480 21 19 in
1098 2480 34 19 the
1142 2481 34 19 old
1185 2484 85 22 country
1278 2482 53 20 have
1341 2489 44 12 exer-

960 2506 54 19 cised
1024 2506 53 19 their
1087 2507 66 19 minds
1164 2507 49 19 with
1229 2508 75 25 regard
1320 2512 21 15 to
1359 2509 38 19 Old

960 2533 45 24 Age
1016 2532 104 19 Pensions.
1138 2533 42 19 But
1197 2540 22 12 as
1236 2534 34 19 the
1287 2535 80 25 subject
1380 2536 17 18 is

960 2565 38 12 one
1017 2558 21 19 of
1052 2559 49 18 such
1115 2559 118 25 magnitude
1249 2560 21 19 in
1286 2567 12 12 a
1312 2564 84 22 country

960 2591 23 12 so
1002 2584 78 25 thickly
1093 2585 111 25 populated
1218 2592 22 13 as
1254 2587 21 18 in
1293 2586 102 26 England,

960 2610 87 25 nothing
1057 2610 42 23 has,
1111 2617 23 13 as
1143 2613 40 23 yet,
1202 2612 52 19 been
1270 2613 52 19 done
1340 2614 57 19 thoro

960 2636 28 24 by
1006 2636 122 25 legislation,
1146 2638 59 18 other
1223 2638 51 19 than
1294 2645 13 13 a
1331 2639 66 25 Eoyal

960 2662 139 24 Commission,
1122 2663 41 19 and
1188 2663 16 19 it
1227 2664 17 19 is
1264 2665 71 19 feared
1352 2666 44 19 that

960 2695 62 18 many
1040 2695 59 18 years
1119 2690 40 18 wiil
1173 2696 45 18 pass
1232 2690 27 24 by
1272 2691 71 19 beforo
1356 2698 40 19 any

960 2714 96 26 practical
1065 2715 80 19 sehemo
1155 2716 21 19 of
1186 2716 120 26 alleviating
1314 2718 83 19 distress

960 2740 22 20 of
997 2740 35 20 the
1047 2741 53 24 aged
1116 2747 49 20 poor
1181 2742 28 24 by
1228 2745 56 16 State
1303 2744 92 24 pension.

960 2767 58 19 Good
1028 2773 46 13 men
1084 2767 45 19 who
1140 2768 50 19 have
1202 2768 72 25 passed
1285 2775 58 19 away
1355 2777 42 12 saw

960 2793 35 19 the
1013 2793 99 24 necessity
1131 2794 21 19 of
1169 2794 38 20 Old
1225 2794 45 25 Age
1289 2794 106 21 Pensions.

960 2819 43 19 The
1014 2819 143 25 Birmingham
1167 2821 174 26 philanthropical
1352 2822 45 21 mil*

960 2845 91 22 liouaire,
1084 2845 90 20 William
1202 2847 87 26 Dudley,
1312 2846 85 23 relative

959 2872 128 18 connections
1098 2872 21 18 of
1130 2873 64 19 whom
1204 2879 35 13 are
1248 2878 98 21 amongst
1360 2882 37 12 our

960 2897 100 19 rosidents
1079 2897 21 19 in
1120 2897 98 26 Eotorua,
1239 2899 38 20 left
1297 2901 71 25 nearly
1385 2908 12 12 a

961 2924 123 24 cpiarterofa
1091 2924 78 20 million
1176 2926 85 23 pouuds,
1267 2927 35 19 the
1311 2927 84 20 interest

962 2955 53 19 upon
1025 2949 64 19 which
1097 2952 20 17 to
1127 2951 25 19 be
1162 2952 176 25 apprjpriatod'as
1347 2960 37 19 pen-

962 2975 54 19 sions
1023 2979 19 16 to
1052 2977 130 19 irifortunnto
1190 2978 150 25 agedbnsinoss
1350 2986 50 16 men,

961 3002 22 18 of
993 3001 31 20 his
1031 3003 68 18 native
1108 3005 59 21 town,
1177 3003 149 27 Birmingham.
1348 3006 26 18 In
1385 3012 11 13 a

962 3030 73 17 matter
1042 3029 21 18 of
1074 3028 41 19 this
1126 3029 50 19 kind
1186 3036 28 12 we
1225 3030 25 19 do
1261 3033 35 17 not
1307 3038 32 12 see
1356 3038 41 19 any

962 3058 57 20 great
1033 3054 89 19 obstacle
1138 3055 22 19 in
1175 3055 34 20 the
1220 3063 43 18 way
1273 3058 23 18 of
1306 3064 37 12 our
1352 3065 44 12 own

962 3079 82 26 Colony,
1054 3080 51 19 New
1115 3081 96 22 Zealand,
1222 3082 64 26 doing
1296 3090 28 18 so,
1335 3090 23 13 as
1367 3091 28 13 we

962 3105 52 20 have
1025 3106 125 26 advantages
1160 3115 47 12 over
1214 3115 26 13 an
1247 3109 57 19 older
1312 3113 85 22 country

962 3133 45 18 that
1016 3134 68 23 places
1094 3139 24 12 us
1131 3134 19 19 in
1161 3141 12 12 a
1180 3134 119 21 favourable
1307 3137 89 24 position

962 3160 21 17 to
992 3158 62 25 adopt
1065 3165 54 12 some
1129 3160 48 18 such
1188 3160 84 24 scheme,
1285 3162 46 23 and,
1341 3162 54 22 thus,

962 3190 49 13 once
1020 3191 55 12 more
1083 3184 58 20 shine
1148 3186 21 19 in
1177 3187 34 18 the
1219 3193 41 14 van
1267 3188 22 18 of
1295 3195 100 18 progress,

963 3216 27 13 we
999 3213 84 16 venture
1093 3212 20 17 to
1124 3217 35 19 say
1173 3213 45 18 that
1233 3214 16 18 it
1265 3214 18 19 is
1300 3214 95 25 possible,

963 3236 39 19 and
1013 3243 50 12 even
1073 3236 105 25 probable,
1189 3241 21 16 at
1218 3246 25 12 no
1253 3243 58 21 great
1320 3240 76 20 distant

962 3262 75 23 future,
1055 3263 32 19 for
1099 3262 42 20 this
1152 3266 20 17 to
1182 3264 25 19 be
1216 3266 87 19 realised
1313 3267 17 18 if
1345 3267 49 24 pub.

962 3289 26 18 lie
1005 3288 83 25 opinion
1102 3295 38 13 can
1159 3290 48 25 only
1225 3291 25 19 be
1270 3292 87 19 aroused
1376 3293 21 19 in

963 3315 50 19 Now
1030 3315 92 19 Zealand
1138 3317 19 17 to
1173 3317 48 19 take
1237 3318 43 19 into
1296 3319 90 19 consider-

963 3341 56 19 ation
1028 3341 35 19 the
1073 3341 52 19 solid
1134 3342 54 24 good
1198 3343 44 19 that
1251 3344 67 19 would
1333 3351 61 13 ensue

963 3368 20 17 to
993 3373 37 12 our
1040 3366 82 25 Colony,
1136 3369 44 23 (the
1199 3372 81 21 present
1299 3370 59 19 modo
1376 3371 21 19 of

962 3393 111 19 charitable
1094 3394 34 18 aid
1149 3395 133 24 expenditure
1306 3396 21 19 in
1347 3397 50 19 New

962 3418 91 19 Zealand
1075 3419 17 19 is
1117 3420 31 18 far
1180 3421 52 19 from
1260 3422 135 26 satisfactory,

963 3444 40 19 and
1019 3451 108 18 moreover,
1145 3447 17 18 is
1179 3447 123 26 alarmingly
1319 3455 26 12 on
1362 3450 34 18 the

962 3470 106 26 increase.)
1105 3471 21 19 It
1147 3478 47 19 may
1217 3473 25 19 be
1261 3474 89 25 thought
1369 3475 28 24 by

963 3502 56 13 some
1028 3496 45 19 that
1084 3497 34 19 the
1129 3498 138 26 undertaking
1277 3500 17 18 is
1305 3502 34 17 too
1349 3501 36 19 bur-

962 3522 101 24 densome,
1074 3523 99 23 however,
1183 3524 16 19 it
1209 3529 52 15 must
1272 3528 36 16 not
1320 3527 26 18 be
1357 3526 38 20 fori

962 3551 71 22 gotten
1042 3549 45 19 that
1096 3549 29 19 all
1134 3553 58 21 great
1206 3557 105 13 raoasuras
1321 3552 32 19 for
1362 3553 35 19 tho

963 3574 71 25 people
1053 3574 53 20 have
1128 3576 41 19 had
1192 3580 21 15 to
1233 3580 106 17 surmount
1362 3579 35 19 the

962 3602 89 22 greatest
1061 3601 22 19 of
1091 3602 121 24 opposition,
1231 3603 37 19 but
1279 3604 34 19 the
1324 3605 73 18 results

962 3625 52 20 have
1023 3626 75 25 always
1108 3629 70 18 shown
1188 3628 81 20 infinite
1287 3629 113 27 blessings.-

962 3650 43 21 The
1019 3651 128 27 Canterbury
1164 3653 132 26 Progressive
1313 3656 84 19 Liberal

961 3677 128 20 Association
1097 3678 80 21 scheme
1187 3680 31 19 for
1232 3680 38 20 Old
1284 3682 45 25 Aga
1340 3682 42 19 Pen-

961 3703 55 23 sions
1027 3703 18 20 is
1063 3704 77 25 worthy
1158 3705 34 19 the
1209 3706 150 21 consideration
1376 3709 21 18 of

962 3735 61 18 every
1044 3731 124 24 community
1193 3731 127 26 throughout
1343 3734 52 19 Now

961 3754 98 25 Zealand,
1078 3756 41 19 and
1137 3763 37 13 one
1184 3757 45 20 that
1239 3765 36 16 we,
1287 3760 108 23 ourselves,

960 3779 89 26 hoartily
1062 3782 50 19 wish
1126 3788 82 14 success.
1237 3784 40 19 We
1295 3786 102 18 therefore

961 3807 83 24 publish
1054 3807 21 19 iu
1084 3808 40 18 this
1134 3808 53 19 issuo
1199 3812 90 17 extracts
1297 3812 58 18 -from
1363 3812 34 18 the

962 3832 129 25 Progressive
1098 3833 82 19 Liberal
1193 3835 147 20 Association's
1353 3843 32 18 pro-

961 3859 58 24 posal
1028 3859 61 19 taken
1100 3860 53 18 from
1164 3861 33 18 the
1207 3861 108 20 Lvtteitoa
1323 3863 73 24 Times,

963 3885 72 19 March
1047 3887 35 22 Ist,
1094 3887 57 17 18'J.3.

1004 3916 24 16 In
1037 3917 52 17 those
1097 3917 46 23 days
1152 3918 20 16 of
1184 3918 47 18 keen
1245 3920 124 22 competition
1383 3921 16 17 it

960 3937 34 18 has
997 3939 76 18 become
1077 3946 44 11 nece
1124 3937 50 27 asiry
1178 3943 19 15 to
1201 3941 62 19 devise
1268 3949 52 11 soma
1324 3944 75 18 scheme

961 3962 88 22 whereby
1060 3963 53 17 those
1122 3964 42 17 who
1173 3964 47 17 have
1231 3965 59 18 borne
1307 3967 33 17 the-
1353 3967 46 17 heat

961 3984 38 17 and
1007 3984 73 18 burden
1088 3986 20 17 of
1117 3986 31 18 tho
1155 3986 38 23 day
1207 3988 70 23 during
1290 3989 49 18 their
1353 3990 46 17 time

961 4007 20 17 of
986 4008 98 18 manhood
1092 4009 38 17 and
1138 4015 76 17 energy,
1225 4011 68 18 should
1301 4014 40 19 not,
1349 4013 50 18 after

961 4030 58 22 being
1028 4030 63 20 thrust
1099 4033 34 16 out
1141 4032 20 19 of
1169 4033 32 18 the
1209 4034 57 18 ranks
1273 4035 20 17 of
1301 4035 68 17 labour
1373 4037 27 21 by

961 4058 86 18 younger
1055 4054 38 17 and
1101 4061 51 12 more
1160 4056 60 18 active
1232 4058 128 22 competitors,
1375 4059 24 17 be

962 4076 35 17 loft
1006 4076 106 22 dependent
1120 4084 24 11 on
1153 4078 78 24 charity.
1258 4081 38 16 For
1304 4081 32 18 the
1350 4087 50 12 mass

962 4099 21 18 of
990 4099 83 18 workers
1081 4100 15 17 it
1105 4101 15 17 is
1134 4102 68 22 simply
1216 4103 108 24 impossible
1338 4105 20 17 to
1371 4106 29 16 set

1413 128 55 21 apart
1475 127 49 16 from
1532 126 49 17 their
1589 131 43 12 own
1645 126 76 22 savings
1735 126 33 16 the
1784 130 64 12 means

1412 149 86 24 required
1510 150 20 16 to
1546 154 63 12 secure
1625 150 80 21 suppoi't
1721 148 20 18 in
1757 148 32 18 old
1805 154 41 16 age.

1412 174 51 16 Here
1472 172 37 17 and
1516 172 53 17 there
1578 178 35 11 one
1622 172 44 17 does
1675 171 77 18 succeed
1760 171 20 17 in
1790 171 58 22 doing

1412 202 27 15 so,
1455 196 36 17 but
1503 195 62 18 where
1579 200 36 12 one
1631 195 86 17 succeeds
1733 200 58 15 many
1807 193 39 18 fail.

1409 220 39 17 The
1456 218 106 18 committee
1571 218 94 17 considers
1674 218 43 17 that
1726 223 25 11 an
1764 216 32 18 old
1811 223 37 17 age

1408 243 79 22 pension
1495 241 73 18 scheme
1576 241 39 17 will
1623 241 24 17 bo
1662 241 32 17 the
1709 242 82 21 greatest
1806 241 41 21 step

1408 267 34 21 yet
1449 265 57 17 taken
1514 264 19 16 in
1542 264 90 22 practical
1640 264 99 18 socialism,
1749 260 97 20 insomuch

1409 295 20 11 as
1437 289 16 16 it
1461 287 39 18 will
1508 288 78 21 prevent
1594 288 81 21 poverty
1683 293 26 11 on
1721 287 33 16 the
1766 287 44 21 part
1827 287 19 16 of

1409 312 54 17 those
1472 312 59 15 above
1539 316 11 11 a
1559 310 71 17 certain
1641 315 42 17 ago.
1709 310 44 17 This
1766 310 39 16 will
1816 315 20 11 re-

1409 336 47 16 lieve
1465 339 56 16 many
1527 333 146 21 hard-working
1681 338 45 12 man
1737 339 22 11 or
1771 338 75 11 woman

1410 359 48 16 from
1467 357 42 17 that
1517 356 49 21 grim
1575 357 73 21 spectre
1654 356 62 17 wliich
1720 356 52 17 often
1776 355 70 18 haunts

1409 381 58 17 them,
1478 380 31 17 the
1518 379 57 17 dread
1583 380 21 17 of
1611 379 59 22 being
1684 378 117 23 unprovided
1816 378 30 17 for

1409 405 19 16 in
1438 403 32 17 old
1478 408 41 17 age.

1432 427 40 17 The
1477 425 105 19 committee
1591 425 78 17 decided
1675 425 42 17 that
1724 425 67 17 twelve
1799 424 46 23 (12s)

1409 450 87 22 shillings
1505 454 10 11 a
1528 447 52 18 week
1593 448 19 17 in
1626 449 32 16 the
1674 454 41 11 case
1729 448 20 17 of
1765 454 44 11 men
1825 454 21 10 or

1410 478 78 14 women,
1498 472 59 17 either
1566 471 108 17 unmarried
1682 477 22 11 or
1717 472 62 16 where
1796 471 48 17 their

1410 496 56 17 wives
1475 501 20 11 or
1503 494 96 18 husbands
1608 500 48 11 were
1662 494 60 18 under
1728 494 33 17 the
1768 494 77 22 pension

1409 526 42 14 a»e,
1461 524 21 12 or
1494 519 72 21 twenty
1582 517 88 22 shillings
1682 517 21 17 in
1719 517 33 17 the
1768 522 42 12 case
1827 517 19 17 of

1410 541 80 19 married
1498 540 75 23 couples
1581 540 63 17 where
1651 537 48 21 both
1708 545 48 12 were
1765 540 20 17 of
1799 545 35 17 pen-

1410 566 41 17 sion
1459 570 41 17 age,
1509 569 38 12 was
1555 564 33 17 the
1596 564 67 17 lowest
1672 564 48 17 scale
1728 565 21 15 at
1754 564 61 16 which
1822 570 24 11 an

1410 588 78 22 old-age
1496 587 77 22 pension
1582 587 56 17 could
1646 587 23 17 bo
1686 587 50 17 fixed
1753 592 20 12 so
1789 592 21 12 as
1826 588 20 16 to

1410 616 63 12 secure
1482 617 11 10 a
1500 609 109 18 reasonable
1617 611 80 16 amount
1705 611 20 16 of
1733 610 81 18 comfort
1826 612 20 15 to

1410 635 53 17 those
1472 633 106 23 dependent
1586 639 51 16 upon
1646 633 21 17 it.

1434 658 39 17 The
1481 656 106 18 committee
1594 656 119 18 recommend
1723 656 43 18 that
1773 656 33 18 the
1811 663 35 15 ago

1411 681 19 17 of
1439 679 97 24 sixty-five
1543 679 23 17 bo
1575 679 58 17 taken
1641 679 19 17 in
1670 680 32 16 the
1708 679 41 17 first
1755 679 89 21 instance,

1411 704 46 17 with
1466 709 11 11 a
1484 702 51 18 fixed
1550 703 95 17 intention
1660 703 43 17 that
1719 703 32 17 the
1768 703 78 22 pension

1411 732 35 17 ago
1455 725 67 18 should
1536 725 108 23 ultimately
1657 726 24 17 be
1694 726 50 17 fixed
1761 727 21 16 at
1796 726 50 22 sixty

1411 755 53 17 years
1473 750 20 16 of
1501 754 40 17 age.
1567 748 23 18 In
1606 749 25 17 all
1648 755 51 12 cases
1712 750 33 16 the
1756 749 90 22 recipient

1411 773 20 17 of
1439 773 32 17 the
1480 772 77 22 pension
1566 772 68 17 should
1642 773 48 17 have
1699 772 73 18 resided
1780 773 19 16 in
1814 772 32 17 the

1411 795 72 23 Colony
1492 795 29 17 for
1529 796 73 21 twenty
1609 801 55 17 years
1672 795 64 18 before
1746 795 58 23 being
1813 801 22 12 en-

1411 819 56 17 titled
1475 820 20 15 to
1503 818 29 17 his
1541 824 21 11 or
1569 818 35 17 her
1611 819 85 22 pension.

1435 843 39 16 The
1490 842 106 17 committee
1610 848 66 16 agreos
1694 842 42 17 that
1752 841 33 17 the
1801 842 45 21 only

1411 865 113 23 practicable
1533 865 54 17 mode
1596 865 20 17 of
1631 865 87 21 working
1731 871 24 11 an
1769 865 78 22 old-age

1410 889 78 22 pension
1497 889 72 16 scheme
1578 889 16 16 is
1602 889 25 21 by
1644 895 11 10 a
1671 889 91 21 payment
1778 889 33 16 out
1828 888 20 17 of

1411 912 32 17 the
1452 911 127 18 consolidated
1588 917 80 11 revenue
1682 912 21 16 of
1719 911 32 17 the
1768 910 77 22 Colony,

1411 936 19 16 in
1439 936 32 16 the
1480 940 49 12 same
1538 940 42 16 way
1587 940 20 12 as
1614 935 32 17 the
1652 934 118 17 educational
1778 935 69 21 system

1411 960 16 15 is
1436 957 119 18 maintained.

1435 982 39 17 The
1481 981 79 16 number
1568 980 20 17 of
1601 985 78 17 persons
1691 980 19 17 in
1728 980 33 17 the
1776 980 72 21 Colony

1411 1011 45 11 over
1464 1005 50 20 sixty
1522 1009 54 16 years
1585 1004 20 16 of
1618 1009 35 15 ajro
1667 1004 15 16 is
1695 1003 59 17 about
1771 1004 65 16 '27.000
1843 1003 3 22 ;

1411 1028 54 16 those
1474 1033 43 11 over
1526 1025 97 23 sixty-five
1640 1026 69 20 15,000.
1743 1025 39 18 The
1796 1031 39 11 com-

1411 1051 65 16 mittee
1485 1049 93 18 considers
1591 1049 43 16 that
1647 1049 32 17 the
1693 1049 111 21 stipulation
1819 1049 30 16 for

1411 1074 73 22 twenty
1489 1073 58 22 years'
1554 1072 95 17 residence
1655 1072 62 17 would
1724 1071 67 18 reduce
1797 1072 51 17 these

1411 1096 89 17 numbers
1509 1096 25 21 by
1543 1095 110 17 one-fourth
1670 1095 19 17 in
1705 1096 31 16 the
1750 1095 41 17 first
1808 1101 40 11 ease

1412 1119 38 17 and
1458 1119 25 22 by
1493 1119 77 17 onefit'th
1585 1118 19 17 in
1621 1119 32 16 the
1670 1118 37 17 last
1724 1124 47 11 ease.
1804 1119 45 16 This

1412 1142 63 17 would
1484 1142 42 22 give
1535 1148 10 11 a
1559 1142 49 17 total
1623 1142 19 17 of
1658 1143 65 17 20,200
1738 1147 44 12 over
1798 1141 50 22 sixty

1412 1166 38 17 and
1461 1166 61 19 12,000
1531 1171 44 11 over
1589 1164 104 23 sixty-five.
1724 1165 23 17 In
1762 1164 54 17 order
1829 1166 20 16 to

1412 1188 77 24 provide
1498 1188 31 18 fhe
1537 1188 88 22 pensions
1634 1188 93 22 proposed
1740 1187 80 23 payable
1829 1190 20 15 to

1413 1213 25 16 all
1446 1218 77 16 persons
1532 1216 44 13 over
1584 1211 51 22 sixty
1644 1217 54 16 years
1707 1211 19 17 of
1736 1217 36 16 age
1785 1217 11 11 a
1808 1217 41 12 sum

1413 1236 20 16 of
1441 1235 92 21 £540,000
1541 1241 33 16 per
1580 1239 71 12 annum
1658 1234 62 19 would
1727 1234 23 17 be
1756 1234 92 23 required,

1413 1265 21 11 or
1442 1259 16 17 if
1466 1258 31 18 the
1505 1258 78 22 pension
1592 1257 120 17 commenced
1721 1259 20 15 at
1752 1257 98 22 sixty-five

1413 1288 11 10 a
1434 1288 40 10 sum
1483 1282 19 16 of
1514 1280 97 22 £320,000.
1645 1281 59 17 These
1717 1282 88 16 amounts
1816 1287 22 16 ap-

1413 1311 46 16 pear
1467 1305 57 23 large,
1534 1304 34 17 but
1578 1304 19 17 in
1606 1303 68 24 reality
1682 1310 32 11 are
1722 1305 34 16 not
1764 1310 21 11 so
1797 1305 53 20 groat

1414 1335 24 10 an
1447 1328 65 22 outlay
1521 1333 19 11 as
1549 1328 15 16 it
1576 1333 49 11 seem
1628 1325 3 25 1
1631 1333 10 10 !.
1667 1327 26 17 At
1707 1327 48 17 least
1770 1325 80 22 £50,000

1414 1358 11 10 a
1434 1357 44 16 year
1486 1351 63 17 would
1557 1350 23 18 be
1589 1350 57 18 saved
1658 1350 48 17 from
1720 1350 34 17 the
1766 1351 83 22 hospital

1414 1375 30 16 aid
1454 1373 128 26 expenditure.
1613 1374 39 16 The
1669 1373 56 17 funds
1740 1375 20 15 to
1775 1373 65 24 supple-

1415 1397 52 18 ment
1475 1398 32 16 tin;
1515 1397 128 17 consolidated
1653 1403 79 10 revenue
1747 1397 68 17 should
1828 1397 22 18 be

1414 1421 75 16 derived
1499 1421 48 16 from
1555 1426 25 11 an
1596 1420 83 17 increase
1694 1420 18 17 in
1729 1420 33 17 the
1778 1421 72 16 income

1415 1444 83 17 taxation
1509 1444 36 16 and
1554 1444 31 16 the
1596 1443 55 18 death
1661 1444 67 17 duties.

1438 1467 20 18 It
1466 1468 15 17 is
1489 1467 108 18 considered
1605 1468 43 17 that
1657 1467 50 18 £10!)
1716 1473 33 17 per
1756 1473 71 11 annum
1836 1467 15 18 is

1415 1491 32 16 the
1456 1490 82 17 smallest
1547 1497 42 10 sum
1598 1491 60 16 which
1669 1491 38 17 will
1716 1490 66 18 enable
1791 1497 11 10 a
1807 1497 44 10 man

1415 1515 20 16 to
1444 1514 78 23 support
1530 1513 76 19 himself
1614 1514 37 16 and
1669 1514 67 23 family
1750 1519 11 11 a
1775 1519 66 11 reason-

1415 1537 41 17 able
1465 1538 77 16 amount
1551 1537 20 16 of
1580 1537 87 19 comfort,
1677 1537 37 17 and
1727 1537 43 18 that
1783 1537 25 17 all
1822 1537 20 17 in-

1417 1566 61 11 comes
1487 1560 20 17 of
1512 1565 43 12 over
1569 1560 42 17 that
1628 1562 79 15 amount
1724 1560 67 17 should
1806 1566 34 11 con-

1415 1584 70 16 tribute
1495 1583 18 17 fo
1522 1583 32 17 the
1562 1585 54 15 extra
1626 1584 56 16 funds
1692 1584 86 21 required
1785 1584 28 16 for
1820 1584 31 16 Ihe

1415 1606 32 18 old
1456 1613 35 14 age
1499 1606 84 22 pension.
1613 1606 39 18 The
1667 1606 48 18 scale
1729 1607 20 17 of
1766 1606 85 18 taxation

1415 1629 74 21 should,
1500 1629 91 21 however,
1601 1629 24 17 be
1634 1629 108 23 graduated
1750 1636 20 11 so
1779 1635 20 11 as
1818 1631 34 16 not

1415 1654 20 15 to
1445 1659 50 16 press
1509 1652 72 23 unduly
1598 1659 25 11 ou
1639 1653 54 17 those
1710 1653 47 17 least
1774 1653 42 17 able
1832 1654 20 16 to

1415 1676 45 17 boar
1469 1676 20 17 it.

1439 1699 38 17 The
1494 1699 107 17 committee
1614 1699 45 17 does
1672 1700 34 16 not
1723 1699 129 18 reccommend

1416 1723 42 16 that
1467 1728 36 16 any
1513 1723 84 21 separate
1606 1724 80 16 account
1695 1722 66 17 should
1770 1723 23 16 he
1807 1722 45 22 kept

1416 1746 19 17 of
1444 1746 31 17 the
1485 1745 95 18 increased
1588 1751 80 11 revenue
1677 1746 75 17 derived
1760 1746 48 16 from
1816 1745 37 18 this

1416 1769 92 17 taxation,
1518 1769 44 17 with
1573 1769 32 17 the
1612 1769 42 17 idea
1663 1770 19 16 of
1691 1769 84 22 forming
1783 1775 11 11 a
1806 1775 35 16 pen-

1416 1792 40 17 sion
1467 1792 51 18 fund,
1528 1792 34 16 but
1571 1792 43 17 that
1622 1792 33 17 the
1663 1798 80 11 revenue
1752 1792 67 16 should
1829 1799 24 14 go

1416 1815 40 17 into
1465 1815 31 17 the
1506 1815 133 18 Consolidated
1649 1815 54 17 Fund
1712 1815 38 17 and
1758 1815 24 17 be
1797 1815 44 17 with-

1416 1838 65 17 drawn
1491 1838 47 17 from
1547 1839 43 16 that
1599 1838 47 17 fund
1655 1839 19 16 in
1683 1839 32 16 the
1724 1845 51 10 same
1783 1844 42 16 way
1834 1845 19 10 as

1416 1862 33 17 the
1458 1861 97 18 education

1441 1912 16 16 A
1465 1911 39 17 ball
1514 1913 37 16 will
1561 1912 43 18 take
1613 1913 53 22 place
1683 1913 19 17 in
1719 1913 33 16 the
1768 1911 86 19 Pukeroa

1418 1935 51 19 llall,
1480 1941 23 11 on
1512 1935 67 18 Easter
1588 1935 85 23 Monday
1681 1936 62 21 night,
1760 1935 32 18 the
1811 1935 42 18 loth

1418 1958 50 20 inst.,
1478 1960 20 15 to
1507 1963 106 14 commence
1622 1960 19 16 at
1655 1961 10 14 8
1674 1959 77 17 o'clock.
1778 1959 33 16 Sec
1820 1959 22 16 ad-

1418 1982 118 16 vertisement
1548 1982 106 17 elsewhere.

1441 2010 39 18 The
1495 2010 55 17 Band
1567 2011 20 17 of
1607 2011 57 23 Hope
1686 2011 38 17 will
1744 2010 46 18 hold
1806 2010 48 17 their

1418 2033 87 22 monthly
1513 2034 147 18 ontortainment
1676 2040 24 11 on
1714 2033 73 24 Tesday
1801 2035 52 18 next,

1418 2057 32 16 the
1459 2057 32 17 i)th
1500 2057 50 20 inst.,
1561 2057 74 18 instead
1644 2058 19 16 of
1673 2057 69 23 Friday
1757 2058 32 16 the
1804 2057 49 21 12th,

1418 2080 64 22 owiug
1491 2081 18 16 to
1520 2080 30 17 the
1559 2080 120 23 Ijitterbeing
1688 2081 54 17 Good
1754 2081 75 21 Friday.

1441 2108 52 17 Lake
1502 2109 64 17 House
1575 2109 15 18 is
1598 2110 58 20 again
1665 2109 59 18 under
1731 2109 32 18 the
1768 2109 86 23 personal

1419 2133 132 21 management
1562 2133 20 16 of
1597 2133 42 17 Mrs
1653 2133 89 18 Graham,
1757 2133 33 16 the
1804 2139 50 10 same

1419 2154 44 22 lady
1471 2155 38 17 still
1518 2155 70 18 retains
1596 2156 33 17 the
1638 2156 71 22 Geyser
1722 2156 64 19 Hotel,
1803 2156 38 16 Wai-

1419 2178 56 20 rakei,
1486 2184 19 11 so
1514 2178 42 17 that
1564 2179 20 17 in
1599 2180 64 16 future
1676 2179 47 17 both
1738 2179 61 22 places
1816 2179 38 17 will

1419 2201 51 18 work
1484 2201 112 23 conjointly.

1442 2243 33 16 We
1484 2242 46 17 have
1539 2243 86 22 pleasure
1641 2244 19 16 in
1674 2243 122 23 aunouncing
1813 2243 42 17 that

1419 2265 63 22 Judge
1491 2265 77 20 Wilson,
1578 2267 20 16 of
1613 2267 32 17 the
1659 2267 47 17 East
1723 2267 63 19 Coast,
1803 2267 16 17 is
1835 2268 20 17 to

1420 2288 76 18 succeed
1504 2290 19 16 to
1532 2290 33 16 the
1573 2295 84 17 vacancy
1666 2290 19 17 in
1694 2290 33 17 the
1735 2290 69 17 Native
1817 2290 26 18 De-

1420 2312 99 22 partment,
1536 2313 75 17 created
1624 2313 26 22 by
1664 2313 32 17 the
1711 2313 109 17 retirement
1836 2314 21 17 of

1420 2335 31 17 Mr
1460 2336 40 16 Von
1510 2336 90 16 Sturm'::'.

1444 2363 30 16 Mr
1490 2362 37 18 Gill
1542 2363 35 18 left
1593 2363 43 17 here
1652 2370 24 11 on
1690 2364 70 22 Friday
1775 2364 37 17 last
1828 2365 29 16 for

1420 2385 104 24 Tauranga,
1535 2385 61 19 where
1608 2387 23 18 he
1649 2387 38 18 will
1704 2389 42 20 stay
1761 2387 30 18 for
1807 2393 50 12 some

1419 2409 60 17 weeks
1488 2409 37 17 and
1534 2410 46 17 then
1590 2412 75 15 returns
1674 2410 44 17 here
1725 2410 28 17 'to
1770 2411 87 16 continue

1420 2432 28 16 liis
1464 2432 104 22 important
1582 2433 97 17 functions
1692 2439 21 11 as
1721 2434 136 18 /Government

1420 2455 54 17 Lind
1483 2455 118 22 Purchasing
1610 2457 70 20 Agent.

1443 2484 38 18 The
1486 2484 61 18 Maori
1554 2485 115 18 Parliament
1679 2485 76 23 sittings
1760 2485 97 19 continues

1419 2507 35 17 but
1462 2507 81 24 nothing
1552 2508 20 17 of
1580 2514 37 16 any
1633 2511 55 20 great
1702 2514 126 18 consequence
1841 2509 16 17 is

1420 2530 58 22 being
1486 2531 47 16 done
1547 2532 45 22 only
1606 2538 47 16 prop
1659 2532 50 23 iring
1725 2532 38 17 and
1780 2533 78 22 signing

1423 2554 20 17 of
1451 2554 94 22 petitions.

1443 2582 38 17 The
1498 2582 84 18 distance
1598 2584 86 17 batw>ri
1701 2584 101 22 Tauranga
1819 2584 37 17 and

1420 2606 83 17 Rotorua
1512 2606 37 17 will
1559 2612 46 12 soon
1613 2607 23 17 bo
1646 2606 100 19 shortened
1760 2607 26 22 by
1799 2607 59 17 about

1420 2629 42 17 four
1471 2629 57 17 miles.
1554 2630 62 17 Mi-11.
1635 2631 20 17 C.
1673 2631 78 19 Jordan,
1770 2631 20 16 of
1807 2631 36 17 Tau-

1419 2658 65 16 ranga,
1494 2652 15 17 is
1521 2658 44 12 now
1579 2653 50 23 busy
1646 2654 103 22 surveying
1765 2653 33 18 the
1814 2660 42 11 new

1419 2677 33 15 cut
1460 2677 20 15 at
1489 2676 63 22 Oropi.

1443 2703 57 17 Much
1509 2704 103 22 sympathy
1627 2704 16 17 is
1658 2704 66 17 shown
1739 2705 19 16 to
1772 2704 31 17 Mr
1817 2705 26 17 An-

1419 2726 59 17 drews
1486 2726 20 17 in
1514 2726 72 23 having
1603 2728 19 16 to
1638 2727 76 22 destroy
1728 2727 28 18 his
1770 2728 87 17 valuable

1419 2749 54 17 horse
1481 2750 42 16 that
1532 2752 34 20 got
1575 2750 75 18 scalded
1659 2757 11 10 a
1680 2751 52 17 short
1749 2751 45 17 time
1812 2757 43 16 ago,

1419 2773 83 23 through
1519 2773 84 23 slipping
1622 2773 40 18 into
1680 2780 10 11 a
1707 2774 73 22 boiling
1799 2776 58 15 water

1420 2796 50 17 hole.

1443 2827 58 18 There
1510 2833 37 13 was
1556 2834 11 11 a
1576 2829 69 22 falling
1659 2829 27 17 off
1697 2829 20 17 in
1733 2829 75 17 visitors
1825 2829 33 18 the

1419 2851 36 17 end
1464 2851 19 17 of
1492 2851 36 17 last
1537 2852 57 19 week,
1604 2852 36 17 but
1656 2858 28 11 we
1699 2858 31 11 are
1745 2852 76 22 pleased
1838 2854 19 15 to

1419 2880 33 16 say
1461 2880 11 11 a
1480 2874 50 23 good
1536 2874 80 18 number
1624 2875 75 17 arrivad
1708 2876 26 21 by
1742 2876 116 22 yesterday's

1419 2898 57 15 train.

1442 2926 38 17 The
1490 2926 68 18 Xative
1566 2927 56 17 Brass
1631 2927 55 17 Band
1702 2927 35 17 has
1753 2927 106 22 postponed

1420 2949 48 17 their
1476 2949 100 22 departure
1585 2951 49 16 until
1643 2952 46 16 next
1697 2950 125 21 Wednesday.

1442 2977 33 17 We
1483 2977 117 17 understand
1606 2978 42 17 that
1654 2979 74 16 neither
1733 2978 32 16 the
1773 2978 72 18 Church-

1419 3000 90 20 wardens,
1528 3000 103 23 Secretary,
1641 3007 22 11 or
1681 3001 113 18 Committee
1811 3002 47 17 have

1419 3022 83 18 received
1533 3029 39 16 any
1600 3024 161 17 communication
1794 3025 50 17 what-

1419 3052 43 11 ever
1481 3047 49 17 from
1550 3047 33 17 the
1605 3047 71 22 Bishop
1697 3054 21 10 or
1735 3048 123 17 Archdeacon

1420 3069 91 18 Williams
1531 3070 20 16 in
1567 3072 74 20 respect
1657 3072 20 15 to
1694 3071 74 17 Church
1786 3071 70 17 affairs.

1419 3093 38 16 But
1466 3093 15 16 it
1489 3093 15 16 is
1513 3094 102 17 rumoured
1622 3094 44 17 that
1674 3094 32 17 the
1718 3094 109 22 Pacsonago
1841 3095 15 16 is

1419 3117 33 16 not
1462 3117 19 16 to
1490 3116 23 17 be
1522 3116 47 18 sold.

1443 3143 32 17 We
1485 3143 50 17 draw
1544 3144 94 17 attention
1650 3146 20 15 to
1679 3151 24 10 an
1712 3144 146 18 advertisement

1419 3167 19 16 in
1447 3167 78 16 another
1533 3167 77 17 column
1619 3168 80 21 offering
1708 3168 59 21 prizes
1777 3168 19 17 of
1808 3168 50 17 £loo

1419 3189 38 18 and
1466 3189 48 18 £IOO
1523 3190 30 17 for
1561 3191 77 22 designs
1652 3191 29 17 for
1696 3197 11 11 a
1721 3197 42 11 now
1776 3191 49 17 issue
1839 3193 19 15 of

1419 3213 82 22 Postage
1509 3213 38 16 and
1554 3214 88 17 Revenue
1651 3215 79 20 stamps.

1443 3242 18 16 It
1470 3241 15 17 is
1494 3242 106 22 gratifying
1609 3243 20 16 to
1637 3243 54 16 learn
1699 3242 26 23 by
1733 3243 58 17 latest
1805 3243 52 18 c:iblo

1419 3270 93 17 messages
1520 3264 44 18 that
1572 3265 53 17 there
1633 3266 16 17 is
1658 3266 80 17 another
1746 3266 83 18 advance
1838 3267 19 16 in

1419 3288 32 16 the
1460 3288 51 20 price
1520 3288 20 17 of
1548 3289 55 17 wool.

1442 3316 31 18 Mr
1481 3315 22 19 S.'
1508 3316 87 18 Howard
1600 3316 63 20 draws
1671 3317 95 19 atteation
1782 3318 21 17 in
1816 3318 40 18 this

1419 3339 49 17 issue
1484 3339 43 17 that
1543 3340 23 16 he
1582 3339 20 25 ha
1612 3339 10 25 3
1632 3339 41 25 just
1689 3341 73 22 opened
1779 3347 11 11 a
1804 3341 54 23 large

1418 3362 54 17 stock
1480 3362 21 17 of
1508 3368 42 11 now
1560 3363 66 17 winter
1632 3364 86 22 clothing
1724 3364 37 17 and
1769 3364 87 23 drapery,

1418 3385 40 17 also
1466 3391 11 11 a
1486 3386 35 16 full
1530 3391 58 19 range
1598 3387 20 16 of
1630 3387 51 17 dross
1691 3393 18 12 m
1716 3387 77 18 iterials.
1819 3388 39 17 Tin

1418 3409 64 21 public
1492 3410 69 16 cannot
1570 3409 24 18 do
1602 3410 63 17 bettor
1673 3410 47 17 than
1734 3414 21 14 to
1769 3411 43 22 give
1826 3411 32 17 Jir

1418 3431 85 18 Howard
1511 3438 11 11 a
1531 3432 50 18 trial.

1442 3460 39 17 The
1491 3460 31 17 old
1531 3461 118 17 Courthouse
1663 3462 97 21 buildings
1776 3468 32 12 are
1822 3462 23 18 ad-

1418 3483 81 17 vertised
1507 3484 20 17 to
1535 3483 23 18 be
1568 3485 41 16 sold
1615 3485 26 22 by
1654 3485 68 18 Public
1736 3486 82 17 Auction
1834 3491 24 12 on

1419 3506 94 20 Saturday
1521 3508 48 16 next
1578 3508 9 16 2
1597 3508 78 21 o'clock,
1688 3510 21 15 at
1719 3508 33 17 the
1765 3509 52 16 Mart
1832 3509 26 21 by

1418 3529 32 17 Mr
1458 3529 19 17 J.
1487 3530 25 16 H.
1522 3530 75 22 Taylor,
1608 3531 114 19 auctioneer.

1443 3556 22 18 In
1475 3557 38 17 this
1522 3557 49 17 issue
1585 3558 33 18 the
1633 3558 65 18 Direst
1713 3558 75 23 Supply
1802 3559 42 17 Com-

1418 3585 57 17 pany;,
1485 3580 105 21 Auckland,
1600 3581 53 17 draw
1668 3582 94 16 attention
1776 3583 20 15 to
1809 3581 50 19 their

1418 3603 53 21 large
1480 3603 52 17 stock
1546 3604 20 17 of
1580 3604 105 18 household
1699 3605 101 20 furniture,
1816 3610 27 13 car-

1418 3627 48 21 pets,
1477 3626 88 19 curtains,
1582 3629 103 19 cretonnes,
1702 3628 106 20 linoleums,
1825 3629 31 16 &c.

1419 3649 26 17 As
1453 3649 32 17 the
1494 3648 98 25 Company
1600 3656 32 12 are
1642 3657 44 15 very
1696 3650 52 23 large
1759 3651 99 22 importers

1419 3671 20 18 of
1447 3671 52 18 those
1507 3673 65 21 goods,
1583 3679 77 17 persons
1674 3674 20 16 in
1708 3675 52 15 want
1776 3675 20 16 of
1812 3675 45 16 such

1419 3694 39 17 will
1467 3694 38 17 find
1514 3696 15 16 it
1536 3697 9 14 t
1548 3702 8 11 j
1564 3696 56 17 'their
1636 3696 79 19 interest
1731 3698 21 16 to
1768 3697 24 17 do
1809 3697 49 18 their

1419 3718 84 17 business
1512 3718 46 18 with
1567 3719 38 17 this
1618 3719 158 18 old-established
1785 3720 48 17 firm.

1444 3750 24 17 At
1484 3750 31 17 the
1532 3751 38 17 last
1586 3752 85 22 meeting
1687 3753 19 16 of
1724 3752 31 17 the
1773 3752 85 17 Rotorua

1420 3773 12 17 S
1438 3774 49 16 j'.iool
1504 3774 101 17 Comuiitto
1614 3774 16 17 it
1639 3781 38 10 was
1685 3774 86 18 resolved
1784 3776 20 16 to
1813 3781 33 17 pro-

1419 3797 63 16 secute
1490 3797 25 16 all
1524 3798 76 21 pareuts
1609 3797 39 17 and
1657 3797 102 24 guardians
1768 3798 20 18 of
1797 3798 50 18 child-

1419 3825 33 11 ren
1461 3825 44 11 over
1513 3826 56 11 seven
1577 3826 54 16 years
1640 3821 20 16 of
1675 3827 42 16 age,
1730 3821 43 17 who
1786 3821 25 17 do
1824 3823 35 15 not

1419 3847 19 12 m
1444 3842 29 17 ike
1482 3842 32 17 the
1523 3843 87 22 required
1618 3844 80 17 number
1707 3844 20 17 of
1734 3844 124 18 attendances

1419 3866 21 16 at
1448 3864 69 19 school.
1526 3866 17 17 A
1553 3866 61 17 notice
1623 3868 20 16 to
1652 3867 42 17 that
1710 3867 54 17 effect
1778 3873 80 16 appears

1419 3888 20 16 in
1448 3888 37 16 this
1494 3889 47 17 issue
1548 3889 67 22 giving
1621 3890 31 16 the
1659 3891 77 20 parents
1741 3890 38 17 and
1786 3890 60 23 guard-

1419 3911 42 18 ians
1469 3917 11 11 a
1488 3911 61 18 weeks
1557 3912 69 20 notice,
1637 3913 48 17 after
1694 3913 62 18 which
1765 3913 46 22 they
1820 3914 39 17 will

1419 3934 23 17 bo
1451 3935 111 22 prosecuted
1570 3936 102 21 according
1681 3937 19 16 to
1709 3937 43 16 lav/.

1444 3962 54 18 Some
1506 3964 46 17 time
1560 3967 37 19 ago
1606 3970 12 11 a
1626 3962 127 21 FeatHersibn
1762 3971 45 11 man
1821 3971 39 10 was

1420 3985 90 18 rendered
1530 3992 24 12 an
1574 3989 82 16 account
1675 3988 26 21 by
1724 3994 11 11 a
1763 3988 96 22 publican.

1420 4009 76 22 Among
1510 4010 54 17 other
1578 4011 55 17 items
1647 4016 38 12 was
1701 4011 33 17 181
1751 4011 65 17 drnk3
1831 4011 30 16 for

1421 4037 35 12 one
1465 4031 41 23 day.

1444 4063 85 22 Ayoung
1535 4070 43 11 man
1583 4065 69 17 named
1658 4065 80 17 Nichols
1744 4070 38 12 was
1788 4064 72 18 burned

1421 4086 21 17 to
1451 4085 55 18 death
1516 4087 20 16 at
1549 4087 98 17 Kuriheka
1661 4087 99 24 (Oamaru)
1776 4088 85 23 through

1423 4108 30 18 his
1462 4109 70 18 clothes
1542 4110 90 22 catching
1640 4111 39 18 fird.

1893 123 17 17 A
1927 124 38 17 suit
1982 124 29 16 for
2027 123 70 20 £;i,000
2113 123 89 22 damages
2218 123 35 17 has
2265 123 40 22 just

1869 147 48 17 been
1924 147 85 20 brought
2017 146 25 22 by
2051 153 12 10 a
2071 147 97 16 Victorian
2177 152 44 11 man
2230 147 75 20 against

1869 176 12 11 a
1889 170 107 22 neighbour
2003 169 49 21 who,
2062 169 26 22 by
2093 174 64 12 means
2163 169 19 17 of
2188 176 11 10 a
2206 175 34 11 sun
2246 169 57 22 glass,

1869 192 73 19 burned
1950 193 27 16 all
1985 193 33 16 the
2026 192 43 17 hair
2077 192 27 17 off
2115 192 32 17 the
2161 192 144 22 complainant's

1869 217 48 17 head
1926 217 56 18 while
1990 217 23 17 he
2022 221 38 13 was
2069 216 38 16 fast
2119 214 68 23 asleep.

1893 249 19 17 It
1920 248 39 17 will
1968 249 23 16 be
1999 253 44 12 seen
2051 247 50 16 from
2113 246 32 17 the
2160 246 145 17 advertisement

1869 272 21 17 of
1897 272 70 17 Messrs
1975 270 99 23 Wynyard
2082 269 37 17 ami
2128 268 83 18 Purchas
2224 268 42 18 that
2279 275 25 11 an

1869 295 124 22 opportunity
2001 294 16 17 is
2025 298 44 13 now
2083 291 69 19 offered
2165 293 20 15 to
2201 291 67 23 people
2284 293 19 16 in

1869 319 64 16 search
1954 319 20 15 of
1994 317 109 17 allotments
2119 314 59 17 under
2194 315 110 16 favourable

1869 341 111 17 conditions.
2004 340 77 17 Lessees
2090 338 38 17 will
2137 338 23 16 be
2172 338 38 16 free
2227 338 20 17 to
2259 338 33 17 sub-

1869 364 26 17 let
1903 364 38 17 and
1949 364 42 17 deal
2007 362 47 17 with
2067 361 52 18 these
2135 361 79 16 sections
2230 361 20 16 in
2267 367 37 15 any

1869 393 78 11 manner
1955 387 45 21 they
2016 385 69 22 please.
2118 383 59 18 Block
2194 383 28 17 IV
2238 384 18 17 st
2262 383 42 18 tnds

1868 410 128 22 pre-eminent
2004 415 19 11 as
2032 409 20 16 to
2061 407 81 23 position
2151 406 38 17 and
2197 406 53 17 there
2255 406 16 17 is
2279 413 25 10 no

1868 433 35 17 site
1910 433 21 16 in
1943 432 34 17 the
1992 428 96 25 township
2105 430 20 17 of
2142 430 84 17 Rotorua
2242 430 62 16 where

1868 456 96 22 buildings
1974 456 37 16 will
2021 455 53 16 show
2083 454 19 18 to
2111 454 74 21 greater
2197 453 107 21 advantage

1868 485 22 11 or
1905 479 32 17 the
1957 479 66 17 lessees
2040 478 48 16 have
2104 478 74 20 greater
2197 475 105 23 privileges.

1868 503 39 17 The
1915 502 106 18 conditions
2030 501 20 17 of
2058 501 49 17 lease
2113 500 20 17 in
2138 499 33 17 the
2177 498 128 17 Government

1869 526 38 17 sale
1915 526 20 17 of
1943 526 46 21 May
1997 526 47 15 next
2052 524 39 16 will
2099 523 76 17 become
2181 528 51 11 more
2239 523 55 16 exact-

1868 548 34 23 ing
1910 549 47 17 than
1966 547 96 23 formerly.

1891 577 18 17 A
1924 576 112 22 deputation
2050 574 20 18 of
2083 573 107 23 gentlemen
2203 572 102 17 interested

1868 599 19 17 in
1896 599 33 17 the
1936 599 89 22 proposal
2034 599 20 16 to
2064 597 38 18 test
2116 597 33 16 the
2164 595 46 22 deep
2224 595 47 17 level
2284 597 21 16 at

1868 622 33 17 the
1909 623 80 16 Thames
1997 621 70 17 waited
2075 625 51 17 upon
2142 619 31 17 Mr
2187 618 85 17 Cadman
2285 621 20 15 at

1869 646 31 17 the
1909 646 128 17 Government
2045 643 107 22 Buildings,
2161 642 38 17 and
2214 647 20 11 as
2249 648 11 10 a
2274 648 20 11 re-

1869 669 38 17 sult
1915 669 20 17 of
1943 668 33 18 the
1985 666 98 19 interview
2091 666 33 17 the
2140 665 112 23 deputation
2267 671 38 11 was

1868 692 77 17 assured
1953 692 33 16 the
1995 691 73 22 project
2077 688 39 18 will
2124 689 23 16 be
2156 688 71 18 carried
2243 689 33 16 out
2290 688 16 17 if

1868 715 33 17 the
1910 715 106 22 companies
2024 712 102 19 interested
2142 712 39 17 will
2196 712 109 22 co-operate

1868 738 46 17 with
1924 738 32 17 the
1964 738 112 22 promoters.
2093 736 66 17 Cables
2168 736 48 16 from
2225 735 80 17 London

1868 761 48 17 have
1924 762 48 16 been
1980 759 85 19 received
2074 759 71 21 stating
2152 759 42 17 that
2199 758 33 17 the
2238 764 68 16 money

1869 785 39 17 will
1916 785 23 17 be
1948 783 129 22 forthcoming
2085 783 16 16 if
2109 782 31 17 the
2149 782 50 17 mine
2208 787 72 12 owners
2286 783 20 15 at

1869 808 32 17 the
1909 808 80 17 Thames
1998 807 52 17 show
2059 813 11 10 a
2081 806 110 22 disposition
2204 806 21 16 to
2239 804 67 18 render

1869 832 108 16 assistance.

1893 863 16 17 A
1917 863 53 21 large
1979 862 71 17 station
2058 861 19 16 in
2086 861 32 17 the
2128 860 89 17 Biverina
2232 860 35 16 disi
2272 859 35 18 rict

1869 886 47 17 New
1929 886 60 17 South
2004 884 68 21 Wales,
2084 884 16 17 is
2115 883 41 17 said
2168 884 20 16 to
2204 883 49 17 have
2269 882 38 18 lost

1869 910 65 18 40,000
1943 909 56 21 sheep
2008 908 49 16 from
2067 908 70 16 footrot
2146 907 70 21 during
2224 906 33 16 the
2270 906 37 16 last

1871 933 20 16 12
1905 932 83 17 months.
2018 930 61 18 Other
2091 929 80 18 stations
2189 935 31 11 are
2234 929 73 22 boiling

1869 954 57 18 down
1938 954 37 17 and
1990 954 84 21 treating
2090 953 32 17 the
2135 952 90 22 products
2242 957 24 11 on
2283 958 24 11 an

1870 978 96 16 extensive
1975 977 55 17 scab;.

1893 1009 87 17 Mention
1989 1008 15 17 is
2013 1008 55 17 made
2079 1008 20 16 in
2114 1013 11 11 a
2138 1007 39 17 late
2190 1006 81 17 number
2288 1007 21 16 of

1871 1032 31 17 the
1911 1032 80 17 Lincoln
2004 1032 77 16 Gazette
2099 1031 20 17 of
2135 1036 11 11 a
2160 1036 45 16 very
2220 1029 88 19 valuable

1871 1055 95 22 longwool
1975 1061 43 14 ewe,
2029 1055 33 16 the
2070 1055 90 21 property
2177 1055 20 15 of
2211 1053 33 17 Mr
2256 1053 53 17 John

1871 1079 62 20 Pears,
1949 1078 61 17 which
2024 1079 52 16 must
2089 1077 23 18 bo
2126 1083 11 10 a
2153 1082 50 11 more
2220 1077 88 16 valuable

1871 1102 44 17 stud
1927 1101 70 18 animal
2011 1101 48 16 than
2076 1102 49 15 most
2140 1100 107 22 high-class
2264 1099 45 17 stud

1871 1131 65 11 mares.
1951 1125 46 17 Last
2003 1129 45 18 year
2057 1124 32 16 she
2095 1123 46 17 bred
2147 1125 37 15 two
2191 1129 40 11 ram
2240 1123 67 20 lambs,

1871 1148 61 17 which
1947 1154 48 11 were
2011 1147 42 18 sold
2070 1152 35 12 one
2126 1147 29 16 for
2171 1147 33 16 200
2222 1147 85 21 guineas,

1871 1171 38 17 and
1917 1171 33 17 the
1959 1171 54 18 other
2022 1171 30 16 for
2061 1171 22 16 70
2092 1169 83 23 guineas.
2205 1169 45 18 This
2264 1175 45 16 year

1871 1194 34 17 her
1919 1194 86 22 yearling
2018 1193 51 18 lamb
2083 1192 80 17 realised
2181 1192 32 17 152
2231 1193 78 21 guineas

1872 1223 19 11 so
1901 1218 42 16 that
1951 1218 34 16 her
1993 1216 82 24 produce
2084 1216 30 17 for
2121 1218 38 15 two
2168 1222 54 15 years
2231 1216 78 16 realised

1871 1241 33 17 the
1912 1241 103 17 handsome
2024 1246 42 11 sum
2075 1240 20 16 of
2102 1240 34 16 322
2146 1239 83 23 guineas.

1895 1273 39 17 The
1943 1272 134 18 Christohuroh
2086 1271 60 20 Press,
2156 1271 61 17 which
2227 1277 38 11 was
2274 1277 36 11 one

1872 1296 21 17 of
1900 1296 33 17 the
1947 1297 50 16 most
2013 1294 174 24 uncompromising
2204 1296 106 20 opponents

1872 1319 21 17 of
1901 1319 32 18 the
1942 1319 79 17 Cheviot
2029 1318 97 23 purchase,
2140 1318 67 22 crying
2222 1318 15 17 it
2254 1317 56 18 down

1873 1343 48 16 from
1930 1342 56 23 pillar
1994 1344 20 15 to
2023 1343 49 21 post,
2082 1341 37 17 and
2128 1340 94 24 laughing
2226 1341 21 17 to
2257 1346 54 12 scorn

1872 1366 33 17 the
1921 1366 42 17 idea
1980 1365 42 18 that
2037 1365 17 17 it
2070 1364 63 17 would
2150 1369 42 13 ever
2208 1370 43 16 pay,
2267 1370 44 11 now

1872 1389 85 22 qualifies
1966 1389 24 17 its
1997 1387 79 24 original
2084 1387 82 18 attitude
2171 1387 26 23 by
2201 1387 111 23 remarking

1873 1413 43 16 that
2005 1412 15 17 is
2030 1418 10 11 a
2049 1411 37 18 fair
2094 1411 88 23 prospect
2196 1411 20 16 of
2230 1416 11 11 a
2254 1416 42 12 num-

1872 1435 34 18 ber
1915 1436 20 16 of
1942 1435 54 18 those
2005 1435 43 17 who
2057 1434 47 18 have
2110 1436 34 20 got
2153 1434 92 21 tolerably
2258 1434 53 23 largo

1873 1458 89 23 holdings
1971 1458 52 17 there
2033 1457 78 24 making
2120 1463 11 11 a
2135 1457 111 18 reasonable
2251 1457 61 23 living

1874 1483 33 16 out
1916 1483 21 16 of
2070 1480 83 24 Finding
2161 1479 52 19 itself
2226 1481 20 16 to
2264 1480 48 17 have

1873 1505 48 18 been
1930 1505 71 21 utterly
2010 1510 72 16 wrong,
2093 1509 34 12 our
2139 1505 144 20 contemporary
2297 1504 15 17 is

1874 1528 135 22 withdrawing
2018 1527 88 25 gingerly
2115 1526 38 18 and
2162 1526 24 18 its
2195 1526 45 17 loud
2257 1526 46 18 stric-

1874 1553 51 16 tures
1933 1552 48 16 have
1990 1557 42 11 now
2041 1551 47 17 been
2097 1549 85 24 replaced
2189 1549 25 23 by
2222 1556 10 11 a
2239 1549 73 19 modest

1874 1575 41 17 fear
1943 1575 43 16 that
1994 1575 16 16 it
2018 1574 39 17 will
2064 1580 24 15 go
2097 1573 48 18 hard
2156 1574 28 16 for
2192 1580 11 9 a
2212 1573 46 21 long
2268 1573 44 17 time

1874 1599 20 16 to
1903 1604 52 11 come
1965 1598 45 17 with
2020 1603 57 16 man}'
2086 1598 20 16 of
2114 1596 54 18 those
2173 1596 43 18 who
2225 1597 47 16 have
2279 1598 34 21 got

1874 1627 45 17 very
1928 1622 54 16 small
2131 1620 44 17 This
2189 1619 50 20 little
2254 1625 47 17 prog-

1874 1644 132 18 nosticationis
2013 1645 20 16 of
2038 1650 20 11 so
2065 1643 154 17 non-committal
2226 1650 11 9 a
2245 1645 68 15 nature

1874 1668 43 17 that
1925 1668 15 17 it
1949 1674 34 11 can
1992 1667 59 23 easily
2059 1667 24 17 bo
2092 1666 112 17 withdrawn
2217 1665 54 18 when
2281 1666 32 17 the

1874 1691 93 17 necessity
1976 1691 62 16 arises.

1898 1723 41 17 Her
1947 1722 84 24 Majesty
2040 1722 32 17 the
2082 1722 64 18 Queen
2155 1722 20 17 of
2180 1721 89 21 England
2276 1721 37 17 had

1875 1752 56 11 never
1940 1746 47 17 been
1996 1747 19 16 to
2025 1752 10 11 a
2044 1745 68 18 bazaar
2121 1745 28 16 till
2159 1745 31 16 the
2199 1745 55 16 other
2269 1744 43 23 day,

1876 1772 20 14 at
1907 1769 101 21 Balmoral,
2027 1769 37 17 and
2081 1768 74 18 intends
2174 1770 19 15 to
2211 1769 33 20 get
2260 1773 26 17 up
2304 1774 10 10 a

1876 1792 71 18 similar
1964 1792 86 17 function
2066 1797 56 16 every
2144 1797 45 17 year
2211 1791 29 17 for
2263 1796 51 12 some

1876 1816 22 18 oh
1906 1815 73 19 iritablo
1991 1821 88 17 purpose.

1900 1848 25 16 At
1936 1847 107 19 Masterton
2061 1854 11 10 a
2092 1852 44 12 man
2152 1846 68 17 named
2237 1845 76 24 Bignall

1877 1871 46 17 took
1931 1869 67 24 nearly
2005 1869 43 19 half
2056 1876 24 11 an
2095 1875 59 11 ounce
2170 1869 19 17 of
2203 1869 109 19 laudanum,

1877 1894 37 17 all
1924 1900 37 11 was
1971 1894 46 22 only
2030 1893 56 17 saved
2100 1893 26 23 by
2140 1893 33 17 the
2185 1892 129 19 intervention

1877 1917 19 18 of
1906 1924 11 10 a
1932 1917 71 17 doctor.
2037 1917 39 16 The
2095 1922 54 11 cause
2165 1916 20 17 of
2202 1916 32 17 the
2252 1918 31 15 act
2300 1916 14 17 is

1877 1940 88 22 reported
1973 1941 20 17 to
2002 1940 23 17 be
2034 1939 111 23 unrequited
2154 1939 49 17 love.

1900 1968 39 17 The
1956 1967 83 19 Premier
2055 1968 33 16 has
2102 1967 47 17 been
2163 1967 94 17 informed
2272 1968 44 16 that

1877 1998 11 10 a
1897 1991 80 18 Russian
1986 1991 102 17 nobleman
2097 1990 34 18 has
2140 1990 73 17 arrived
2222 1991 20 15 at
2251 1991 51 16 Auck-

1877 2014 45 17 land
1938 2016 21 15 to
1975 2014 55 17 mike
2046 2013 90 23 inquiries
2152 2013 109 23 respecting
2277 2013 38 18 this

1877 2038 79 21 Colony,
1966 2037 37 17 and
2010 2038 44 16 that
2062 2037 23 17 he
2093 2036 39 17 will
2142 2036 72 23 shortly
2223 2037 60 16 arrive
2296 2038 19 15 in

1877 2060 123 24 Wellington.
2035 2060 19 17 It
2070 2060 16 17 is
2100 2060 84 16 believed
2201 2059 29 18 his
2246 2060 70 23 special

1877 2084 77 18 mission
1970 2083 16 18 is
2003 2085 19 15 to
2041 2084 63 22 report
2124 2089 20 11 as
2159 2083 20 18 to
2196 2083 118 23 population.

1878 2113 74 12 sources
1961 2107 19 17 of
1989 2107 93 21 industry,
2092 2106 37 17 and
2138 2107 24 16 its
2175 2106 105 22 suitability
2296 2113 20 10 as

1878 2137 11 10 a
1897 2130 76 21 ground
1982 2131 29 16 for
2020 2130 80 17 Russian
2109 2129 135 22 immigration.

1902 2160 16 17 A
1927 2165 66 18 young
2001 2159 37 23 girl
2047 2159 30 17 art
2094 2158 76 19 student
2183 2160 21 15 at
2217 2159 33 16 the
2266 2158 37 17 Mel-

1878 2183 71 17 bourne
1958 2182 91 19 National
2058 2181 76 23 Gallery
2142 2182 33 17 lias
2189 2181 40 23 just
2242 2187 62 12 accom-

1878 2206 75 23 plished
1955 2206 32 18 the
1991 2206 39 18 feat
2037 2206 20 16 of
2064 2205 63 22 riding
2134 2206 33 16 :!()()
2172 2205 54 17 miles
2233 2205 83 23 through

1879 2230 61 22 rough
1961 2228 105 24 Gippsland
2083 2229 80 22 country
2177 2228 19 17 in
2213 2230 33 15 ten
2263 2228 52 23 days.

1879 2253 39 17 Tlie
1926 2252 76 19 notable
2012 2252 72 18 feature
2091 2252 20 17 of
2120 2252 31 17 the
2160 2252 129 22 performance
2302 2252 14 17 is

1879 2276 43 17 that
1930 2276 33 17 the
1976 2276 37 17 fair
2026 2275 129 22 equestrienne
2169 2279 49 13 wore
2235 2275 81 17 rational

1880 2298 56 21 dress,
1954 2299 38 17 and
2009 2304 38 12 was
2063 2298 69 17 astride
2149 2298 32 17 the
2197 2298 55 17 horse
2268 2298 48 17 male

1880 2323 74 16 fashion
1963 2323 25 16 all
1998 2322 32 17 the
2041 2322 51 17 time;

1881 2376 120 25 POLICE
2021 2376 111 27 COURT,
2154 2376 154 23 ROTORUA.

1881 2447 83 26 (Before-
1974 2447 22 20 C.
2007 2446 96 26 Malfroy,
2116 2446 55 25 Esq.,
2184 2446 40 20 and
2246 2447 20 19 J.
2290 2446 27 20 11.

1982 2474 80 24 Taylor,
2076 2473 56 25 Esq.,
2143 2473 13 20 J
2166 2472 42 27 Ps.)

1934 2535 90 25 Friday,
2039 2535 77 20 March
2131 2538 58 22 29th,
2208 2537 56 17 189.5.

1908 2572 27 18 Te
1946 2571 47 18 Tari
2007 2571 92 25 Rapaua,
2111 2579 12 12 a
2134 2572 67 19 native
2216 2571 65 25 youth
2297 2571 22 19 of

1881 2598 63 19 about
1959 2598 22 18 19
1991 2604 60 18 years
2066 2598 21 19 of
2104 2605 44 18 age,
2166 2604 41 13 was
2229 2597 88 25 charged

1882 2631 25 12 on
1920 2624 34 19 the
1965 2623 130 20 information
2111 2625 21 18 of
2141 2624 109 19 Constable
2262 2624 40 18 Mrr-

1882 2657 35 18 ray
1928 2650 44 18 that
1983 2656 25 12 on
2019 2657 22 11 or
2051 2650 62 19 about
2124 2650 34 19 the
2174 2650 35 18 7th
2226 2650 21 19 of
2266 2650 39 19 Feb-

1882 2683 60 17 ruary
1956 2678 54 21 1893,
2024 2676 24 18 lie
2058 2676 34 19 did
2105 2676 51 19 steal
2175 2676 41 19 and
2237 2679 81 16 convert

1882 2705 20 16 to
1911 2702 31 19 his
1950 2709 45 12 own
2006 2709 35 12 uso
2052 2709 12 12 a
2081 2703 77 24 cheque
2174 2703 33 18 for
2226 2702 42 19 £6O
2288 2703 28 22 7s,

1882 2728 69 19 drawn
1962 2728 26 25 by
2000 2728 72 19 Alfred
2084 2728 106 19 Buckland
2204 2729 40 18 and
2258 2729 57 22 Sons,

1883 2755 21 18 of
1914 2754 115 22 Auckland,
2041 2755 20 18 in
2072 2755 72 18 favour
2154 2756 21 17 of
2182 2754 105 26 Ngarimu,
2306 2760 12 12 a

1883 2781 68 19 native
1962 2782 21 18 of
1995 2780 135 26 Wabo-tapu.

1908 2806 33 20 Mr
1951 2807 23 19 E.
1986 2806 18 20 G
2022 2807 23 19 B.
2057 2806 54 20 Moss
2123 2806 101 26 appeared
2242 2807 31 19 for
2284 2806 34 19 the

1881 2833 93 19 accused.

1908 2859 43 19 The
1965 2860 62 18 Court
2037 2866 40 12 was
2087 2859 83 24 deasely
2183 2859 98 19 crowded.

1909 2885 34 19 Mr
1953 2886 87 22 Walter,
2048 2885 136 26 storekeeper,
2193 2886 21 18 of
2223 2885 93 24 Maketu,

1881 2912 88 25 deposed
1982 2914 21 17 to
2013 2912 85 25 cashing
2107 2911 34 19 the
2151 2912 78 24 cheque
2239 2918 27 12 ou
2282 2912 36 18 tbo

1883 2939 35 17 7th
1927 2937 112 26 February,
2059 2939 32 18 for
2106 2937 62 24 goods
2186 2937 43 19 sold
2247 2939 19 17 to
2281 2944 25 12 ac-

1881 2964 67 22 cused,
1960 2967 21 16 to
1993 2965 34 18 the
2041 2965 44 18 best
2101 2965 21 17 of
2132 2964 31 18 his
2181 2963 69 23 belief,
2272 2965 46 17 who

1881 2991 99 19 endorsed
1990 2991 16 19 it
2020 2991 49 19 witli
2085 2990 34 19 the
2137 2996 59 13 name
2215 2990 20 18 of
2256 2992 50 23 JNga-

1881 3018 53 18 rimu
1951 3018 21 18 in
1989 3017 32 19 his
2040 3022 101 19 presence.
2175 3016 44 18 Tlio
2238 3017 80 24 change

1882 3050 40 13 was
1932 3044 57 19 made
2000 3050 27 18 up
2037 3045 21 17 of
2071 3045 38 16 two
2120 3043 21 18 of
2158 3042 99 19 witness's
2272 3049 44 12 own

1881 3071 88 23 cheques
1979 3076 38 13 one
2027 3069 32 19 for
2070 3069 41 19 £2O
2127 3069 40 18 and
2177 3074 38 13 one
2225 3068 32 20 for
2267 3069 49 23 £lO,

1881 3097 41 18 and
1934 3096 41 19 £2O
1988 3098 34 17 Hs
2032 3095 20 19 in
2064 3095 54 19 ca-h.

1911 3123 35 19 Mr
1954 3122 108 20 Galbraith
2073 3121 21 19 of
2104 3121 27 18 To
2142 3120 65 24 Puke,
2229 3121 89 25 deposed

1882 3151 21 17 to
1913 3149 35 19 the
1960 3149 90 23 accused,
2060 3147 64 19 whom
2132 3147 25 18 he
2168 3146 65 24 know,
2243 3147 75 26 calling

1882 3177 21 17 at
1913 3175 34 19 tho
1958 3175 33 19 his
2001 3177 53 16 store
2065 3174 74 22 during
2150 3173 109 25 February
2278 3174 40 19 last

1882 3201 40 20 and
1942 3201 124 25 purchasing
2082 3200 62 24 goods
2161 3200 32 17 for
2207 3200 65 19 which
2293 3201 25 18 he

1882 3228 97 19 tendered
1990 3227 32 18 Mr
2031 3225 97 20 "Walter's
2138 3225 77 25 cheque
2225 3226 32 19 for
2275 3226 43 21 £2Q

1882 3254 40 19 and
1932 3253 92 20 received
2040 3253 21 18 in
2076 3252 78 24 chaugo
2172 3258 12 12 a
2201 3252 78 25 cheque
2297 3253 21 18 of

1882 3280 34 19 the
1928 3279 99 20 witness's
2037 3279 31 18 for
2085 3280 30 18 £8
2135 3278 40 19 and
2193 3278 85 19 balance
2297 3279 21 19 in

1882 3306 53 18 cash.

1908 3331 98 20 Pnrarolci
2016 3330 89 25 deposed
2123 3332 20 17 to
2159 3330 62 25 being
2243 3330 21 19 in
2283 3332 35 18 the

1881 3365 99 17 company
1990 3357 21 19 of
2025 3357 35 19 the
2071 3356 84 20 accusod
2172 3356 59 20 when
2247 3359 21 17 at
2285 3357 34 19 Mr

1882 3383 126 20 Galbraith's
2020 3385 53 17 store
2086 3382 38 20 but
2144 3389 41 13 saw
2201 3389 27 13 no
2244 3389 73 19 money

1881 3416 53 19 pass.

1903 3435 33 19 Mr
1945 3436 19 18 J.
1975 3435 84 24 Larkin,
2079 3435 21 19 of
2115 3435 98 23 Eotorua,
2230 3435 89 26 deposed

1882 3464 20 16 to
1912 3461 35 19 the
1957 3461 90 22 accusod,
2067 3461 64 19 whom
2147 3462 25 18 ho
2187 3461 66 23 know,
2269 3468 38 19 pur-

1882 3488 87 25 chasing
1986 3494 13 12 a
2013 3487 45 25 pair
2073 3487 21 19 of
2113 3487 58 19 boots
2189 3487 75 25 during
2284 3488 34 19 the

1884 3514 62 19 latter
1956 3514 39 18 end
2006 3514 20 18 of
2040 3513 111 25 February,
2165 3514 32 18 for
2214 3513 66 19 which
2292 3513 26 19 he

1882 3540 97 19 tendered
1993 3539 33 19 Mr
2044 3539 126 19 Galbraith's
2189 3540 78 24 cheque
2285 3539 33 19 for

1882 3567 37 20 £B,
1931 3566 40 19 and
1981 3565 100 20 endorsed
2094 3565 16 19 it
2124 3565 107 19 Karekaro
2246 3565 21 19 in
2286 3565 33 19 his

1881 3598 101 19 presence.

1909 3619 77 19 Messrs
2005 3617 100 23 Mitchell,
2131 3617 79 19 cashier
2235 3617 33 18 for
2292 3617 25 19 A.

1882 3645 106 18 Buckland
2005 3644 41 19 and
2060 3643 57 23 Sons,
2136 3643 108 25 Ngarimu,
2264 3643 41 20 Con-

1881 3670 66 19 stable
1957 3670 89 26 Hughes
2056 3670 40 19 and
2107 3669 110 20 Constable
2233 3668 85 26 Murray

1881 3696 42 19 also
1933 3703 51 18 gave
1994 3696 101 19 evidenco.

1907 3722 44 19 The
1964 3722 84 19 accusod
2058 3721 58 19 made
2126 3727 12 12 a
2150 3722 115 22 statement,
2278 3721 40 18 and

1881 3748 142 19 corroborated
2046 3748 28 23 by
2092 3746 85 19 another
2197 3746 70 19 native
2290 3747 29 19 To

1882 3774 102 22 Meihana,
2011 3774 45 19 that
2082 3772 59 19 while
2169 3772 70 25 riding
2265 3772 54 20 from

1882 3800 85 19 Mourea
1977 3802 20 16 to
2009 3799 119 24 Paengaroa
2138 3798 26 19 ho
2174 3798 73 25 picked
2261 3806 28 18 up
2308 3806 11 12 a

1884 3824 212 24 pooket'haukei'chief
2106 3831 26 12 on
2148 3824 35 19 tho
2201 3825 56 22 road,
2277 3826 42 18 tied

1882 3859 27 18 up
1919 3852 22 18 in
1951 3851 67 19 which
2027 3850 25 20 lie
2062 3850 64 19 found
2135 3850 34 19 tho
2183 3851 44 19 .£2O
2241 3851 78 25 cheque

1882 3877 89 20 referred
1985 3879 26 21 to,
2030 3876 65 20 which
2112 3877 25 19 lie
2153 3877 75 19 cashed
2248 3879 22 17 at
2286 3878 33 18 Mr

1882 3902 127 21 Galbraith's
2032 3904 53 17 ntore
2115 3902 21 20 in
2164 3906 97 22 payment
2286 3904 32 18 for

1883 3929 68 25 goods,
1962 3930 36 17 not
2007 3928 98 25 knowing
2115 3929 44 19 that
2173 3929 25 19 ho
2218 3935 40 13 was
2278 3932 31 16 act-

1882 3956 37 22 ing
1929 3956 97 22 wrongly,
2038 3961 22 12 as
2070 3954 25 19 he
2107 3954 41 19 had
2157 3955 66 19 found
2233 3955 22 19 it.

1908 3980 44 19 Tho
1974 3981 84 19 accusod
2083 3987 41 13 was
2146 3981 117 19 committed
2287 3981 32 19 for

1884 4005 47 21 trial
1939 4007 21 19 at
1971 4006 34 20 the
2016 4008 49 16 next
2075 4007 86 24 Sittings
2171 4007 21 19 of
2210 4007 34 19 tho
2265 4007 55 25 Sup«

1883 4038 54 13 reme
1953 4032 63 19 Court
2027 4035 21 16 at
2059 4032 107 19 Auckland
2175 4039 24 12 on
2209 4033 54 18 Juno
2275 4033 43 18 Brd.

1909 4058 65 20 There
1986 4065 40 13 was
2046 4058 85 19 another
2145 4059 75 25 charge
2237 4059 83 25 against

1884 4085 33 18 tho
1926 4085 84 18 accused
2020 4085 31 18 for
2060 4084 82 26 forgery
2152 4084 68 20 which
2232 4085 35 19 tho
2277 4084 43 26 pol>

1884 4111 28 18 ice
1924 4110 114 19 withdrew.

2330 119 428 46 CABLEGRAMS

2366 210 89 35 KCiE
2485 214 64 31 AND
2590 212 149 35 rGREION.

2455 290 82 22 Home
2552 289 73 23 Rale.

2354 326 91 23 London,
2461 326 68 21 Muroh
2541 329 21 18 31
2574 328 51 19 —ln
2638 329 34 19 tlte
2690 330 70 18 Homo

2327 353 22 19 of
2357 351 49 21 Coin
2409 359 56 13 uiuus
2475 359 13 13 a
2495 354 76 19 motion
2582 354 69 20 tailed
2669 355 26 19 bv
2716 356 43 19 Dib

2327 378 44 23 ziel,
2385 378 54 20 M.P.
2450 379 32 19 for
2492 379 118 26 Kirkcaldy,
2627 381 20 19 in
2740 382 21 17 of

2327 405 98 23 granting
2448 405 128 24 legislatures
2598 407 34 19 for
2657 407 102 26 England,

2327 429 102 24 Shetland,
2441 431 82 19 Ireland
2533 433 38 18 and
2587 433 71 19 Wales
2675 434 49 18 each
2741 437 19 15 to

2327 455 13 19 h
2349 462 30 12 tve
2396 456 75 19 control
2492 458 20 17 of
2531 459 52 18 their
2601 467 45 11 own
2665 460 96 18 domestic

2327 481 75 19 affairs,
2415 489 40 12 was
2465 484 76 18 carried
2553 486 25 18 by
2590 486 35 18 128
2636 489 19 15 to
2665 488 41 16 102.

2354 507 104 21 Ministers
2465 511 108 24 supported
2582 511 95 20 Dulziel's
2686 512 75 18 motion

2328 533 64 20 which
2404 540 40 12 was
2455 535 87 24 opposed
2554 537 25 24 by
2587 537 35 19 the
2632 537 127 20 Parnellites.

2354 559 42 19 The
2409 559 53 20 Hon.
2474 560 31 19 Mr
2520 561 84 21 Balfour
2617 563 118 19 denounced
2747 564 14 18 it

2328 592 22 11 as
2362 585 70 25 laving
2443 586 34 19 the
2490 588 120 19 foundation
2627 591 21 17 of
2664 596 12 12 a
2693 591 68 17 future

2328 611 97 24 difficulty
2436 611 27 25 by
2473 612 35 19 the
2514 614 84 20 colossal
2607 615 79 26 change
2697 615 63 19 which

2328 639 54 17 must
2397 637 113 26 ultimately
2530 641 80 19 weaken
2630 642 35 18 the
2684 641 77 19 United

2328 663 112 25 Kingdom.

2382 698 54 23 The
2446 699 142 25 Armenian
2598 702 110 23 horrors.

2354 729 93 25 London,
2466 731 70 20 March
2553 734 103 20 31.—The
2675 734 46 19 Karl
2742 734 21 19 of

2329 756 114 24 Kimberly,
2462 758 94 25 replying
2572 762 20 16 to
2610 763 106 23 questions
2733 767 20 12 re-

2329 782 89 25 garding
2428 782 34 19 tho
2477 784 110 19 Armenian
2599 787 108 22 atrocities,
2719 786 43 19 said

2329 809 45 18 that
2385 812 88 15 extreme
2483 810 80 19 caution
2573 819 40 12 was
2624 819 108 19 necessary
2744 815 19 16 to

2329 834 60 19 avoid
2399 834 78 25 raising
2492 842 39 18 any
2549 838 76 19 serious
2643 839 80 19 trouble
2743 838 20 19 in

2329 860 35 19 the
2375 860 49 18 East
2458 861 43 19 Tho
2512 862 68 19 efforts
2597 865 21 18 of
2634 866 76 22 Currie,
2729 864 34 19 the

2330 886 78 18 British
2415 887 137 20 Ambassador
2559 889 20 19 in
2588 890 173 26 Constantinople,

2330 912 21 18 in
2378 912 99 25 bringing
2495 914 34 18 tho
2547 912 83 25 matter'
2639 917 71 19 before
2730 916 33 20 the

2331 937 72 20 Sultan
2414 945 52 12 were
2476 939 79 24 beyond
2570 943 66 23 praise
2646 944 40 18 and
2705 942 59 21 while

2332 964 137 19 Government
2488 965 33 21 did
2541 971 34 15 not
2594 968 65 20 desire
2678 975 85 18 secrecy,

2331 991 35 17 the
2375 990 106 25 revealing
2486 993 21 17 of
2515 994 91 19 consular
2614 998 78 22 repoits
2698 995 66 24 might

2331 1017 49 18 tend
2390 1019 20 15 to
2420 1017 35 19 tho
2467 1018 169 22 embarrassment
2646 1022 22 18 of
2678 1022 34 18 the
2724 1022 27 18 Go-

2331 1045 113 17 vernment.

2358 1068 49 19 Earl
2418 1069 124 26 Kimberley,
2554 1072 18 18 in
2583 1073 58 25 reply
2651 1076 21 16 to
2682 1081 12 11 a
2704 1073 48 26 depu-

2332 1094 71 24 tation,
2415 1095 43 19 said
2467 1095 44 19 that
2522 1097 33 19 tho
2566 1098 97 25 Imperial
2676 1099 87 21 Govern'
2773 1091 1 35 j

2332 1123 56 17 ment
2411 1128 40 12 was
2473 1122 123 27 irrevocably
2629 1126 87 25 pledged
2745 1128 21 16 to

2332 1147 112 19 undertake
2454 1154 11 12 a
2479 1148 99 26 thorough
2603 1152 40 18 and
2657 1152 109 23 searching

2332 1173 82 25 inquiry
2422 1174 39 18 and
2470 1174 23 19 he
2502 1176 76 18 trusted
2587 1177 33 18 tho
2627 1178 64 18 result
2700 1177 65 19 would

2332 1199 25 18 bo
2368 1206 12 12 a
2387 1203 119 21 permanent
2517 1202 80 24 remedy
2605 1204 32 18 for
2648 1204 35 18 the
2691 1204 74 18 future.

2332 1225 84 23 Franco,
2436 1226 74 19 ltussia
2528 1228 38 19 and
2590 1229 102 25 Germany
2715 1236 51 12 were

2333 1251 109 19 convinced
2452 1252 22 19 of
2483 1252 34 19 the
2533 1255 97 25 necessity
2648 1256 21 19 of
2684 1256 82 18 reform.

2415 1283 91 24 Welsh
2517 1285 100 24 Church
2627 1287 58 23 Bill.

2359 1313 92 24 London,
2456 1315 59 26 April
2519 1317 18 17 2.
2549 1317 50 18 -Tho
2608 1318 71 19 Welsh
2684 1318 81 19 Church

2334 1340 192 20 Disestablishment
2542 1342 41 20 Bill
2599 1345 72 23 passed
2687 1346 34 17 the
2738 1351 20 12 se-

2334 1366 50 19 cond
2394 1367 87 25 reading
2490 1368 27 24 by
2528 1370 36 17 30i
2575 1371 21 17 to
2605 1372 45 17 200.

2361 1392 42 19 The
2417 1392 121 22 Parnellites
2548 1395 39 19 and
2606 1396 32 19 Mr
2655 1396 96 19 Chamber-

2335 1418 41 18 lain
2389 1419 61 19 voted
2467 1419 48 19 with
2535 1421 35 19 tho
2589 1422 136 20 Government
2743 1429 25 13 on

2336 1444 34 18 tho
2382 1445 45 18 Bill.

2363 1471 33 18 Mr
2411 1471 85 20 Balfour
2514 1474 64 23 urged
2599 1475 171 19 nonconformists

2335 1500 21 16 to
2375 1498 76 18 eschew
2471 1500 102 18 Sectarian
2599 1501 105 27 prejudice
2730 1501 40 19 and

2336 1530 93 18 preserve
2439 1524 35 18 tho
2483 1525 74 19 church
2567 1526 64 19 which
2643 1528 40 18 had
2693 1527 76 26 a'ways

2336 1549 97 20 laboured
2444 1551 31 18 for
2485 1551 34 19 tho
2528 1558 90 13 common
2634 1554 59 24 good.

2404 1585 53 23 The
2471 1584 86 31 Egypt
2575 1588 128 28 question.

2362 1615 91 24 London-,
2465 1616 58 25 April
2540 1619 67 17 2.—it
2624 1619 17 18 is
2662 1619 108 19 rumoured

2337 1641 45 19 that
2392 1642 77 19 Franco
2479 1643 80 19 intends
2569 1646 20 16 to
2599 1650 85 19 propose
2700 1646 44 18 that
2759 1652 12 12 a

2336 1668 117 19 conference
2465 1668 26 19 be
2501 1669 46 18 held
2566 1673 20 16 to
2596 1670 78 20 discuss
2689 1671 35 19 tho
2741 1678 19 12 oc-

2336 1694 96 24 cupation
2450 1694 40 19 and
2507 1695 69 20 future
2594 1696 137 20 Government
2750 1697 21 19 of

2337 1719 75 26 Egypt.

2364 1745 66 25 Bir_G.
2441 1746 54 26 Grey
2502 1746 22 20 in
2533 1747 57 27 reply
2607 1750 21 17 to
2646 1755 12 14 a
2677 1749 93 25 question

2338 1772 20 18 in
2369 1772 34 19 the
2416 1772 70 19 House
2497 1774 20 17 of
2535 1774 114 24 Commons,
2666 1776 44 18 said
2727 1775 44 20 that

2338 1800 136 23 negotiations
2495 1800 47 19 with
2561 1800 76 19 Franco
2657 1802 114 25 respecting

2338 1824 34 19 the
2383 1824 71 26 Upper
2468 1825 46 20 Nile
2530 1826 101 24 Territory
2650 1828 66 24 began
2733 1828 39 18 last

2337 1857 53 18 year,
2401 1852 40 18 and
2456 1852 59 19 while
2526 1852 75 19 British
2611 1853 70 19 claims
2700 1856 21 16 to
2738 1853 34 20 the

2339 1877 47 19 i\ile
2397 1877 72 25 Valley
2484 1878 94 19 continue
2594 1878 96 26 England
2706 1879 67 19 would

2338 1905 35 17 not
2382 1904 73 24 permit
2468 1904 34 19 tho
2510 1904 70 19 Mahdi
2588 1908 20 15 to
2617 1908 44 16 oust
2668 1906 104 24 Egyptian

2338 1929 66 25 rights
2415 1936 36 12 nor
2469 1930 66 19 would
2551 1931 99 25 Turkey's
2669 1932 59 19 claim
2748 1931 25 19 be

2339 1956 90 24 ignored.

2366 1981 68 24 Pahis,
2447 1982 57 25 April
2523 1983 63 19 2.—A
2605 1984 76 19 section
2700 1984 21 19 of
2739 1984 34 19 the

2340 2008 78 18 French
2436 2015 55 18 press
2510 2016 49 18 urge
2578 2010 122 19 arbitration
2719 2016 54 20 upon

2340 2033 34 19 tho
2383 2033 116 28 conflicting
2510 2036 68 18 claims
2591 2036 21 18 of
2622 2036 95 26 England
2734 2037 40 19 and

2340 2060 76 18 France
2426 2060 20 19 in
2461 2061 75 19 Africa.

2366 2085 32 19 No
2410 2086 56 27 reply
2477 2087 35 19 bos
2523 2089 33 24 yet
2566 2087 51 17 been
2634 2092 45 14 sent
2689 2091 20 15 to
2720 2089 52 18 Lord

2340 2111 139 26 Kimberley's
2489 2114 101 25 enquiries
2601 2120 26 14 on
2643 2115 35 19 the
2694 2115 79 24 subject

2340 2138 114 18 addressed.

2366 2164 42 20 The
2418 2165 77 19 French
2510 2166 104 19 Governor
2630 2167 21 18 of
2668 2166 103 25 Dahomey

2340 2190 86 20 reached
2441 2191 34 19 the
2492 2191 60 20 Const
2569 2199 25 12 on
2610 2193 72 19 March
2695 2194 28 21 18,
2734 2193 39 19 and

2341 2217 61 19 wired
2412 2221 20 15 to
2442 2217 34 19 the
2495 2218 79 19 French
2590 2219 92 19 Premier
2700 2219 74 25 urging

2340 2242 80 20 further
2430 2244 94 19 advance.

2432 2278 83 23 China
2527 2279 51 23 and
2588 2279 91 30 Japan.

2367 2312 116 25 Shanghai,
2498 2313 69 19 March
2579 2316 30 17 29.
2612 2314 69 18 —The
2698 2314 64 25 Japan-

2341 2344 33 13 ese
2398 2339 51 19 have
2472 2340 96 23 captured
2590 2340 35 18 the
2654 2340 77 19 islands
2754 2341 21 18 of

2342 2365 90 18 Yuekow
2441 2365 40 19 and
2491 2364 98 22 Haichow
2603 2365 50 21 with
2670 2372 12 12 a
2697 2366 40 19 loss
2755 2368 21 18 to

2341 2392 35 17 the
2386 2398 70 17 euemy
2474 2391 20 19 of
2510 2391 56 19 three
2585 2392 100 18 hundred.
2722 2392 21 19 It
2759 2393 17 19 is

2343 2416 89 21 believed
2442 2419 44 17 that
2497 2417 46 24 thoy
2554 2418 71 19 intend
2644 2422 21 14 to
2685 2418 90 20 ad/ance

2341 2449 54 19 upon
2414 2443 84 19 Nankin
2516 2444 39 18 and
2576 2448 84 20 capture
2678 2445 97 19 Naichow

2343 2469 47 19 with
2402 2476 12 12 a
2425 2470 50 18 view
2493 2471 20 16 to
2531 2471 52 18 seize
2599 2471 36 18 the
2654 2471 67 22 canal,
2741 2471 35 19 the

2341 2495 55 19 chief
2406 2499 56 15 route
2477 2495 24 23 by
2517 2495 65 20 which
2601 2496 67 19 Fekiu
2688 2497 88 19 receives

2341 2522 96 24 supplies.

2368 2549 114 23 Shanghai,
2494 2547 58 25 April
2570 2549 169 19 2.—Thousands
2755 2549 21 19 of

2341 2574 87 20 Chinese
2443 2580 34 13 are
2500 2575 91 25 arriving
2613 2577 21 17 at
2653 2575 84 19 Nankin
2757 2578 19 16 to

2341 2600 47 19 take
2399 2603 45 22 part
2456 2601 20 18 in
2486 2601 35 18 the
2531 2601 84 19 defence
2627 2602 21 18 of
2656 2601 35 19 the
2703 2601 61 19 South-

2341 2633 35 12 trn
2386 2629 56 22 ports
2451 2633 25 12 on
2487 2627 34 19 the
2538 2627 57 25 fang
2609 2627 40 19 Tse
2661 2628 77 25 Kiang,

2430 2661 95 23 Affairs
2544 2662 29 23 in
2590 2662 106 23 Chitral.

2367 2695 112 25 Calcutta,
2491 2695 71 21 March
2569 2699 80 17 29.—it
2656 2697 18 18 is
2682 2696 94 25 reported

2341 2723 44 18 that
2396 2723 34 18 the
2440 2723 73 19 second
2524 2723 130 19 detachment
2665 2723 21 19 of
2699 2721 77 21 British

2341 2751 67 22 troops
2419 2750 16 17 is
2446 2749 84 19 isolated
2541 2749 20 19 in
2572 2749 79 19 Chitral
2667 2749 37 19 but
2719 2749 44 18 noth-

2341 2774 35 26 ing
2387 2775 84 19 definite
2489 2775 37 19 lias
2546 2776 50 18 been
2610 2774 126 20 Ascertained
2755 2781 21 13 as

2340 2801 34 18 the
2391 2801 107 26 telegraph
2514 2802 47 18 wire
2579 2801 37 19 has
2633 2802 51 19 been
2700 2804 34 17 cut
2750 2801 26 25 by

2341 2827 72 19 rebels.

2367 2853 101 20 Rumours
2484 2859 34 14 are
2531 2856 82 17 current
2630 2855 46 18 that
2691 2854 35 19 tho
2742 2854 23 19 de-

2340 2880 103 18 tachment
2454 2880 63 19 under
2526 2881 60 18 Lieut
2594 2881 79 18 Fowler
2682 2881 37 18 has
2727 2880 49 19 been

2341 2908 33 16 cut
2385 2912 27 18 up
2422 2908 22 16 at
2453 2906 90 19 li3shun.

2341 2979 210 32 AUSTRALIAN
2569 2981 206 31 TELEGRAMS.

2421 3060 142 30 Dynamite
2582 3063 114 27 outrage,

2367 3095 92 22 Sydney,
2470 3095 57 26 April
2538 3098 20 24 2,
2560 3097 75 18 —Two
2654 3097 45 18 iron
2719 3095 56 26 pipes

2342 3121 99 21 exploded
2452 3121 20 19 in
2488 3122 34 19 the
2537 3123 43 18 free
2599 3122 97 19 laborers'
2719 3128 56 18 camp

2341 3150 21 16 at
2379 3146 66 20 Minni
2462 3148 39 19 last
2516 3149 65 25 night,
2602 3149 41 19 and
2663 3148 112 19 somewhat

2341 3174 99 24 seriously
2467 3174 92 26 injuring
2590 3179 40 14 two
2656 3174 118 26 policemen.

2342 3200 143 18 Fxamination
2504 3201 76 24 proved
2602 3201 35 18 tho
2656 3200 58 26 pipea
2736 3199 40 19 had

2341 3226 51 21 been
2401 3226 76 24 packed
2485 3226 48 19 with
2541 3227 104 24 djmamite
2652 3226 40 19 and
2693 3240 5 10 t
2702 3228 71 20 stones,

2341 3252 40 18 and
2390 3258 59 18 every
2460 3252 109 19 indication
2582 3254 46 17 that
2645 3259 25 12 an
2692 3254 83 22 outrage

2342 3284 41 12 was
2393 3278 96 19 intended
2498 3285 25 12 on
2535 3279 34 18 tho
2580 3280 43 17 free
2634 3279 96 18 laborers.

2367 3304 20 17 A
2396 3306 71 22 strong
2479 3304 54 19 forco
2552 3311 10 12 o
2581 3306 65 24 police
2666 3304 37 19 has
2724 3303 51 19 been

2341 3332 45 16 sent
2395 3332 21 16 to
2427 3330 67 19 Minni
2505 3337 22 12 as
2538 3334 57 21 great
2606 3330 91 25 hostility
2707 3329 17 20 is
2739 3329 24 19 be-

2341 3356 37 23 ing
2387 3356 106 25 displayed
2503 3357 87 18 towards
2601 3357 41 18 free
2651 3357 88 18 laborors
2748 3355 27 24 by

2341 3382 107 18 Unionists
2458 3382 40 19 and
2508 3383 53 19 their
2575 3383 68 19 wives.

2367 3407 82 19 Crowds
2471 3409 100 19 surround
2589 3409 56 19 them
2667 3408 40 20 and
2726 3407 48 19 take

2341 3433 84 20 forcible
2450 3441 102 13 measures
2573 3437 20 17 to
2616 3436 85 24 prevent
2721 3434 52 18 their

2341 3459 63 26 going
2413 3462 20 16 to
2443 3461 62 19 work.

2576 3497 115 24 farmers-

2367 3527 92 24 Sydney,
2471 3528 59 26 April
2546 3530 18 18 2.
2566 3529 109 24 —Daring
2684 3529 34 17 the
2728 3530 47 22 past

2341 3554 56 18 week
2419 3560 48 13 over
2488 3561 38 13 one
2550 3555 94 19 hundred
2670 3553 105 20 Victorian

2341 3579 86 19 farmers
2453 3581 80 19 arrived
2554 3581 22 19 in
2595 3580 120 19 Narandera
2733 3579 40 19 and

2341 3605 138 26 surrounding
2512 3607 89 19 districts
2624 3609 21 16 to
2674 3605 47 19 take
2747 3612 28 19 up

2341 3631 94 20 sections.

2367 3662 80 25 News
2454 3663 65 24 from
2529 3664 66 23 New
2604 3662 136 26 Australia

2367 3694 115 23 Adelaide,
2502 3695 59 25 April
2571 3696 40 17 2
2619 3694 46 20 Mrs>
2675 3693 98 20 Cameron

2341 3721 38 18 has
2388 3720 43 24 just
2440 3721 96 18 returned
2545 3721 52 18 from
2606 3719 52 20 New
2668 3719 107 20 Australia

2342 3746 41 19 and
2392 3748 62 17 states
2465 3747 43 18 that
2519 3747 58 18 when
2586 3746 36 19 she
2637 3745 45 24 left,
2691 3744 36 20 tfe«
2736 3748 30 17 set-

2343 3772 48 19 tlers
2402 3779 51 12 were
2461 3773 63 25 doing
2533 3772 61 24 fairly
2604 3772 52 19 well.

2369 3799 63 18 Flour
2446 3799 40 18 and
2501 3798 119 26 vegetables
2636 3803 52 14 were
2703 3803 72 18 scarce,

2343 3825 40 18 and
2392 3825 60 18 cattlo
2467 3825 40 18 had
2519 3827 21 16 to
2549 3824 25 19 be
2584 3823 44 20 sold
2641 3826 20 16 to
2675 3824 101 25 purchase

2343 3851 62 19 these.

2370 3876 40 20 She
2418 3876 72 21 brings
2500 3883 12 12 a
2522 3876 58 19 letter
2590 3875 110 19 nddressod
2714 3877 20 17 to
2745 3876 35 19 the

2343 3903 91 19 Premier
2444 3904 21 17 oi!
2474 3902 135 23 Queensland,
2623 3901 74 26 asking
2707 3902 62 19 assist-

2344 3935 48 13 anoe
2402 3929 32 18 for
2444 3935 54 13 somo
2510 3929 21 19 of
2545 3929 35 18 tho
2594 3928 67 18 others
2675 3930 20 16 to
2706 3928 72 19 enable

2344 3955 55 19 them
2409 3956 20 17 to
2442 3957 76 18 return.

2370 3981 43 19 The
2426 3981 60 19 letter
2502 3983 62 17 states
2573 3979 45 19 that
2628 3986 61 19 many
2699 3981 51 19 wish
2759 3983 21 17 to

2345 4007 55 18 leave
2411 4007 35 19 tho
2462 4006 119 23 settlement,
2599 4005 38 19 but
2653 4012 33 13 nre
2703 4007 75 19 unablo

2345 4035 26 20 to,
2382 4033 67 24 owing
2460 4035 19 16 to
2489 4033 35 18 tho
2534 4034 53 17 want
2604 4032 21 18 of
2641 4039 78 18 money,
2742 4033 39 19 and

2345 4058 44 19 that
2397 4059 49 24 they
2453 4059 40 19 will
2503 4058 33 19 dio
2545 4058 22 18 of
2582 4059 114 19 starvation,
2712 4059 16 19 if
2748 4061 34 17 not

2345 4085 91 23 assisted,
2447 4091 23 12 as
2480 4085 34 18 the
2527 4090 58 19 crops
2602 4091 34 12 are
2647 4088 35 16 not
2698 4085 79 25 comihg

2345 4117 26 12 on
2381 4117 22 12 as
2414 4111 49 23 they
2474 4110 78 19 should.

2950 122 103 23 Cricket

2811 154 114 21 Adelaide,
2945 154 57 25 April
3011 154 89 20 2.—The
3121 154 85 26 English-

2784 186 43 13 men
2838 179 72 19 wound
2926 187 27 17 up
2970 180 52 19 their
3041 184 45 15 tour
3103 181 66 25 fu-lxji
3192 182 26 18 dv

2783 206 156 24 administering
2949 212 11 12 .a
2978 206 110 19 handsome
3104 206 83 26 beating
3198 210 20 16 to

2783 232 34 19 the
2827 231 63 20 tSuutli
2904 232 127 19 Australians
3045 239 24 13 on
3087 233 34 18 (!io
3138 232 79 26 ground

2784 257 65 19 whore
2860 257 47 19 thev
2921 261 38 15 nu-t
2971 258 48 19 with
3029 258 52 20 their
3090 259 46 19 first
3149 259 69 19 defeat

2783 283 75 25 during
2869 283 52 19 tb<*ir
2932 288 50 15 tour.

2911 314 97 25 Rabbit
3022 314 68 25 Pest-

2810 344 113 24 Adelaide,
2939 346 59 24 April
3015 348 45 16 2.
3074 345 88 21 Rabbits
3184 353 33 12 nro

2783 370 129 26 devisfujiug
2934 372 34 18 the
2986 375 83 22 country
3091 373 21 18 iu
3130 372 88 26 Coopers

2784 396 62 19 Creels
2861 396 87 20 District.

2810 422 56 24 They
2881 422 52 20 liave
2949 423 118 25 completely
3077 426 58 17 eaten
3145 431 28 18 up
3182 424 35 19 'he

2785 448 44 18 feed
2840 448 39 19 aud
2888 449 96 20 numbers
2994 450 21 18 of
3027 450 59 18 cattle
3103 457 34 12 are
3153 455 51 14 starv-

2784 474 41 25 ing.

2810 500 42 18 The
2864 507 17 18 pi
2889 503 28 16 sts
2928 507 34 12 are
2970 502 92 24 reported
3073 504 20 16 to
3100 502 26 18 ho
3134 502 80 25 spread)

2784 526 36 24 ing
2829 528 21 16 at
2860 533 12 11 a
2881 530 59 20 great
2950 531 42 15 rate
3003 531 20 15 to
3033 528 34 18 the
3077 534 57 13 surro
3143 527 72 26 lading

2784 552 94 18 districts.

2876 620 236 33 TELEGRAPHIC.

2838 685 53 24 The
2908 686 126 24 Museum
3049 688 117 29 robbery.

2811 719 121 25 Auckland,
2943 721 235 26 Monday.—Yesterday
3185 721 34 21 Mr

2786 746 81 22 Boston,
2891 747 70 25 gaoler
2970 749 22 17 of
3002 748 72 18 Mount
3093 748 58 19 Eden
3170 749 48 24 gaol

2786 772 39 18 and
2837 771 58 21 Chief
2912 773 105 19 Detective
3032 774 63 19 Grace
3112 774 106 19 recovered

2786 798 34 18 the
2831 798 64 19 whole
2904 800 22 17 of
2943 800 34 18 tho
2992 800 86 24 missing
3093 801 61 21 coins,
3172 803 45 20 etc.,

2786 826 34 16 the
2827 825 94 23 proceeds
2931 826 21 18 of
2963 826 34 19 the
3013 826 94 19 Museum
3124 826 95 24 robbery.

2805 848 56 27 They
2869 851 65 19 found
2943 853 37 18 700
2988 859 10 12 e
3005 853 38 18 >ins
3050 852 20 19 in
3077 852 34 19 the
3119 852 101 26 Symonds

2787 876 65 19 Street
2862 876 106 27 Cemetery
2984 879 71 18 buried
3071 878 62 19 under
3145 885 12 12 a
3168 878 53 19 bush

2787 902 66 19 where
2863 909 12 13 a
2884 910 63 18 grave
2956 905 40 18 had
3006 905 63 18 caved
3078 906 27 17 in.

2888 940 95 32 Buggy
2994 943 125 23 accident.

2813 972 122 24 Auckland,
2952 974 180 24 Wednesday.—A
3150 974 70 27 buggy

2787 998 91 20 accident
2888 1000 47 18 took
2949 1000 56 24 place
3016 1007 25 12 on
3054 1000 91 25 Monday
3160 1002 61 25 night

2787 1027 21 16 at
2818 1024 124 20 Mechanic's
2952 1026 44 25 Bay
3008 1027 26 24 by
3044 1027 65 18 which
3123 1027 33 19 Mr
3165 1028 55 19 John

2788 1051 72 19 Burns,
2872 1051 136 26 ironmonger,
3029 1055 35 22 got
3081 1053 31 18 his
3129 1053 38 19 left
3186 1054 34 24 log

2788 1076 83 21 broken,
2900 1077 45 20 Tho
2951 1078 60 19 horse
3021 1078 48 20 took
3088 1079 66 25 fright
3171 1083 21 16 at

2788 1103 53 18 train
2865 1103 39 18 and
2919 1103 76 20 bolted.
3029 1104 42 19 Tho
3088 1106 45 24 trap
3151 1106 69 19 struck

2789 1128 80 25 against
2879 1130 35 18 tho
2925 1129 107 20 kerbstone
3050 1131 40 18 and
3107 1131 31 18 Mr
3156 1132 66 19 Bums

2789 1161 41 12 was
2839 1155 80 19 thrown
2930 1158 41 21 out,
2984 1156 36 19 but
3028 1156 25 19 he
3062 1157 16 18 is
3089 1163 44 13 now
3141 1158 77 19 favour'

2789 1180 48 25 ably
2848 1182 137 25 progressing.

2837 1214 115 31 Damage
2963 1217 26 23 to
2996 1217 45 23 the
3048 1217 120 30 Dolphin.

2816 1247 121 25 Auckland,
2948 1248 192 26 Wednesday.—At
3147 1254 74 16 ameot'

2791 1274 35 25 ing
2836 1274 22 18 of
2872 1274 34 19 tho
2923 1274 97 21 Harbour
3034 1275 67 20 Board
3116 1277 108 25 yesterday

2790 1301 170 24 correspondence
2979 1302 47 18 took
3045 1302 57 25 place
3120 1308 48 13 over
3189 1303 35 19 the

2791 1326 86 25 damage
2887 1329 20 16 to
2918 1327 34 19 tho
2963 1327 83 26 dolphin
3057 1331 21 15 at
3088 1328 34 20 the
3128 1330 95 19 entrance

2791 1355 20 15 to
2825 1352 34 18 the
2876 1353 91 25 Calliope
2987 1354 57 19 Hock
3060 1355 28 24 by
3106 1355 34 19 tho
3159 1355 65 25 Tyser

2791 1378 122 25 Company's
2924 1382 92 19 steamer,
3025 1379 91 21 Hawkes
3125 1381 49 25 Bay,
3184 1382 41 19 and

2791 1404 34 18 tho
2837 1405 81 25 issuing
2928 1406 21 18 of
2959 1412 11 12 a
2983 1407 44 17 writ
3041 1407 31 18 for
3088 1407 34 19 tho
3140 1413 84 14 amount

2791 1430 22 18 of
2822 1430 87 25 damage
2919 1432 82 23 against
3020 1432 34 20 the
3071 1432 90 21 Hawkes
3180 1435 45 22 Bay

2793 1462 40 13 was
2843 1457 48 19 read
2901 1458 41 18 and
2952 1459 122 22 considered,
3083 1459 39 19 and
3130 1466 12 12 a
3149 1461 76 19 motion

2792 1488 41 13 was
2843 1483 78 19 carried
2937 1484 45 18 that
3003 1491 26 12 no
3046 1485 79 19 further
3143 1490 84 21 present

2792 1509 133 25 proceedings
2935 1509 21 20 in
2973 1511 33 18 tho
3025 1511 66 19 action
3110 1511 25 19 be
3155 1512 73 24 taken,'

2793 1534 39 19 and
2843 1535 44 19 that
2902 1535 35 20 tho
2954 1535 104 27 Company
3078 1537 24 19 bo
3118 1539 108 24 requested

2794 1562 20 17 to
2824 1560 85 26 proceed
2919 1565 20 16 to
2949 1563 127 19 arbitration.

2879 1595 169 26 Assessment
3067 1599 82 23 Court.

2820 1630 120 25 Hamilton,
2961 1633 156 25 Tuesday.—At
3132 1635 45 19 the'
3188 1635 26 19 As-

2794 1660 98 16 sessment
2903 1658 63 19 Court
2982 1659 47 19 held
3046 1662 21 16 at
3085 1660 92 25 Huntley
3196 1664 22 17 to-

2794 1683 39 24 day
2841 1683 31 19 for
2891 1683 98 21 Waikato
3008 1685 78 24 County
3109 1686 118 25 Valuation,

2794 1708 34 19 tho
2954 1711 55 19 Land
3019 1711 126 20 Association
3156 1713 71 19 Estate

2794 1741 41 12 was
2845 1736 87 20 reduced
2942 1737 28 24 by
2989 1737 118 25 ninety-one
3126 1739 103 19 thousand

2795 1762 39 18 and
2846 1762 38 19 odd
2895 1763 87 25 pounds.

2876 1798 135 30 Shipment
3022 1800 28 23 of
3062 1800 87 31 sheep.

2822 1834 106 26 Donedln,
2955 1836 130 27 Wednesday
3095 1834 4 29 .
3154 1838 76 20 Advico

2796 1860 36 19 has
2843 1861 51 19 been
2911 1863 91 19 received
3018 1863 45 19 that
3079 1864 21 19 of
3117 1866 35 17 12J
3168 1865 62 25 sheep

2795 1889 45 17 sent
2850 1890 20 16 to
2881 1889 84 19 London
2977 1889 26 25 by
3016 1889 34 19 tho
3058 1889 107 21 Buteshire
3182 1891 48 25 only

2796 1916 39 16 two
2846 1914 47 19 died
2905 1922 26 12 on
2940 1915 35 19 the
2986 1921 85 20 voyage,

2844 1975 122 23 SCHOOL
2978 1976 193 24 COMMITTEE.

2823 2027 42 19 Tlio
2883 2028 96 25 ordinary
2995 2029 93 25 monthly
3102 2030 90 25 mooting
3212 2031 21 19 of

2797 2053 34 19 tlio
2842 2053 65 20 above
2918 2061 40 12 was
2969 2055 47 19 hold
3025 2054 21 20 in
3057 2056 33 18 tho
3100 2055 92 27 Library,
3205 2064 26 11 on

2797 2079 93 25 Tnesday
2892 2079 4 25 ;
2909 2080 71 20 March
2992 2082 55 18 2Gth.
3085 2082 148 21 Present—Mr

2797 2105 25 18 E.
2846 2105 89 26 Dansey,
2961 2107 30 25 (in
3001 2107 33 19 the
3056 2108 77 23 UJiair),
3157 2109 76 20 Messrs

2940 2131 84 25 Corlott,
3042 2133 83 21 PureeU
3140 2134 40 20 and
3199 2136 36 18 tlio

2797 2156 112 26 Secretary.

2824 2183 42 18 The
2881 2184 91 19 minutes
2990 2185 22 18 of
3029 2185 95 25 previous
3143 2188 90 25 meeting

2798 2215 52 13 were
2859 2210 50 18 road
2919 2210 40 18 and
2969 2211 114 19 confirmed.

2824 2235 43 18 Tho
2877 2235 107 21 Teacher's
2999 2240 68 22 report
3075 2244 40 13 was
3125 2239 48 19 road
3191 2240 42 19 and

2798 2261 118 20 considered

2824 2286 102 22 Resolved
2936 2289 44 19 that
2989 2296 12 12 a
3011 2289 65 19 notice
3086 2290 25 19 bo
3121 2293 37 22 put
3167 2291 21 19 id
3198 2292 35 18 tho

2798 2319 64 19 paper
2885 2316 92 24 warning
2994 2319 82 21 parents
3095 2317 45 19 that
3164 2319 70 18 unless

2799 2339 53 19 their
2866 2340 92 21 children
2975 2342 59 19 make
3049 2342 35 19 tho
3102 2343 39 19 full
3156 2345 76 17 attend'

2799 2371 58 14 anees
2867 2367 66 20 unr>er
2942 2368 35 19 tho
2986 2368 38 19 Act
3034 2368 45 19 that
3088 2369 48 25 they
3151 2370 41 18 will
3208 2371 25 18 bo

2799 2393 120 19 summoned
2940 2395 54 18 after
3015 2401 12 12 a
3050 2395 57 19 week
3125 2395 52 20 from
3194 2397 41 19 thia

2799 2417 53 22 date,

2825 2442 101 23 Resolved
2937 2445 44 20 that
2992 2447 34 18 tho
3038 2449 82 17 acconnt
3129 2448 31 19 for
3168 2448 67 20 cleant

2799 2470 73 24 ing£2
2885 2472 35 19 10s
2928 2472 26 19 be
2963 2472 73 26 passed
3052 2472 33 20 for
3100 2474 35 18 tho
3151 2477 84 23 quaiter

2799 2496 77 25 ending
2886 2497 106 26 February
3003 2499 55 23 28th,
3072 2501 56 17 189.5.

2825 2521 101 22 Resolved
2938 2525 44 18 that
2993 2527 39 17 two
3043 2528 46 16 ti.ns
3105 2526 21 19 of
3140 2526 95 20 firerc-ood

2799 2548 26 19 bo
2842 2550 105 23 procured.

2825 2575 49 19 This
2883 2576 109 19 concluded
3003 2577 35 19 the
3048 2578 96 25 mooting.

2819 2641 109 24 ROTOR
2932 2643 48 22 UA
2994 2643 95 23 TOWN
3103 2643 111 23 BOARD.

2821 2699 39 17 The
2870 2700 89 22 ordinary
2968 2701 83 22 meeting
3060 2702 20 17 of
3090 2702 31 16 the
3130 2702 59 18 above
3198 2709 39 11 was

2798 2722 44 17 held
2851 2728 24 12 on
2884 2723 125 23 Wednesday,
3020 2725 28 19 27,
3058 2725 73 19 March,
3142 2727 19 15 at
3170 2727 10 15 2
3189 2732 46 16 p.m.

2799 2746 215 23 Present—C.Maifroy,
3025 2748 44 22 Esq.
3077 2748 117 24 (Chairman)
3199 2749 36 18 Mr.

2799 2769 18 17 S.
2824 2770 20 16 T.
2851 2770 65 20 brent,
2923 2770 118 22 DrGinders,
3049 2772 66 17 andll.
3122 2772 114 22 D..Dansey.

2821 2792 39 18 The
2869 2793 82 17 minutes
2966 2794 21 19 of
3002 2794 33 17 the
3051 2795 86 21 previous
3151 2796 96 23 mooting*

2799 2821 47 11 were
2855 2816 45 17 read
2908 2817 39 16 and
2955 2817 110 17 confirmed.

2822 2839 92 17 Outward
2930 2841 159 21 correspondence
3102 2841 45 17 road
3156 2842 37 17 and
3201 2848 24 16 ap-

2800 2862 76 21 proved.

2877 2899 21 12 IX
2901 2899 59 13 WARD
2973 2899 186 14 COHItESTOXDEXCE.

2821 2922 58 17 From
2893 2923 31 17 Mr
2938 2923 51 17 John
3000 2924 18 16 J.
3029 2925 51 20 Keys
3087 2925 91 22 applying
3187 2926 30 16 for
3225 2932 12 10 a

2798 2945 44 17 road
2860 2947 19 16 to
2899 2946 23 17 bo
2938 2947 73 18 formed
3023 2947 78 23 leading
3114 2950 19 15 to
3142 2949 29 17 his
3185 2949 52 17 rural

2799 2968 76 18 section.

2821 2991 94 19 Resolved
2930 2993 43 17 that
2989 2993 32 17 Mr
3037 2994 51 21 Keys
3102 2994 24 16 ho
3142 2995 94 17 informed

2797 3014 43 17 that
2848 3015 33 17 the
2889 3018 71 15 matter
2968 3017 15 16 is
2990 3016 59 18 under
3057 3017 32 16 the
3098 3017 139 19 consideration
3246 3014 1 22 .

2798 3038 19 16 of
2825 3038 33 17 the
2867 3039 175 22 Under-Sc«retary
3051 3040 30 17 for
3089 3040 69 18 Lands.

2820 3061 58 18 From
2891 3062 32 17 Mr
2936 3062 108 23 Fitzgerald
3053 3062 93 25 applying
3154 3065 30 16 for
3192 3070 33 17 per-

2797 3084 77 17 mission
2882 3086 21 16 to
2912 3087 89 15 excavate
3010 3086 30 17 for
3048 3092 12 11 a
3067 3087 44 17 well
3119 3087 59 17 about
3189 3088 20 16 10
3219 3088 18 17 ft

2797 3107 52 22 deep.

2820 3130 94 18 Itesolvcd
2928 3131 43 18 that
2987 3132 111 22 permission
3114 3133 23 17 ho
3155 3134 82 22 granted

2797 3153 35 17 hut
2840 3153 32 17 tho
2881 3153 63 19 Board
2961 3160 71 12 reserve
3042 3157 20 15 to
3070 3156 52 17 itself
3143 3156 32 18 the
3183 3153 53 28 fight

2797 3177 19 16 to
2826 3176 103 18 determine
2944 3178 32 16 the
2985 3179 111 21 permission
3104 3179 15 17 if
3128 3180 31 17 the
3168 3181 43 18 well
3219 3181 17 18 is

2797 3199 45 18 used
2851 3200 30 17 for
2889 3201 55 17 other
2957 3201 47 17 than
3013 3202 33 17 the
3055 3207 80 18 purpose
3144 3203 20 18 of
3173 3203 48 18 draw-

2797 3222 34 23 ing
2839 3224 59 16 water
2907 3224 30 17 for
2945 3224 91 17 domestic
3044 3231 96 17 purposes.

2820 3246 39 16 The
2868 3247 100 22 following
2976 3250 89 15 accounts
3074 3255 47 11 were
3131 3250 67 21 passed
3208 3250 31 16 for'

2797 3271 100 19 payment:
2919 3271 129 17 Government
3064 3272 89 23 Printing
3169 3272 65 20 Office,

2798 3292 25 17 £2
2832 3293 20 16 2s
2861 3292 29 22 Od;
2905 3294 59 17 Town
2973 3294 60 20 Clerk,
3037 3295 104 20 Auckland,
3153 3296 36 22 103;
3203 3297 33 16 Mr

2797 3315 81 22 D.nsey,
2897 3318 71 21 urgent
2983 3317 98 24 telegram,
3100 3319 19 16 2s
3140 3318 29 19 3d.
3203 3320 33 16 Mr

2797 3338 85 18 Mimro's
2891 3342 80 15 account
2980 3342 20 16 to
3008 3341 24 17 be
3040 3341 94 22 adjusted.

2820 3362 39 17 The
2868 3363 84 23 meeting
2960 3364 46 17 then
3014 3364 111 22 adjourned.

1289 54 59 22 THE
1375 54 58 21 HOT
1459 53 92 22 LAKES
1578 54 173 26 CHRONICLE,
1780 54 190 26 WEDNESDAY,
1999 58 89 21 APRIL
2116 57 17 24 3,
2164 56 49 20 1835

590 120 87 23 MAIL
699 119 144 24 NOTICES.

590 172 120 20 Letter-box
722 172 42 19 will
778 173 26 17 be
813 171 79 19 cleared
900 171 32 19 for

523 193 8 22 L
561 198 87 21 Despatch
658 198 17 16 of
686 197 144 21 correspondence
845 197 44 16 from
898 197 33 16 this

523 223 11 10 Ji
540 225 9 10 e
557 220 17 15 to
581 219 29 16 tho
618 218 163 17 under-mentioned
793 218 56 21 pluces
863 223 19 10 as
896 218 25 15 fol-

500 240 41 15 lows
547 240 4 16 .-

520 260 35 17 For
563 261 89 16 Auckland
660 261 34 16 and
711 260 119 17 intermediate
839 260 61 17 Offices
908 261 23 20 by

501 283 49 19 train,
561 283 90 19 Mondavs,
670 282 117 20 Wednesdays
801 282 35 16 and
851 282 78 21 Fridays,

500 304 10 15 8
517 308 42 11 a.m.

521 324 34 16 For
562 324 92 21 Taurnnga
662 324 34 16 and
708 324 24 16 Te
740 324 54 19 Puke,
804 324 85 21 Mondays
898 324 34 16 and

500 345 78 21 Fridays,
588 346 37 15 6.30
634 351 40 11 a.m.

521 366 34 15 For
572 367 72 19 Matati,
668 367 114 18 Whakatauo,
811 367 62 15 Ohiwa
898 366 34 15 and

501 388 75 19 Opotiki,
592 388 90 21 Mondays,
703 388 38 16 6:30
759 393 49 14 a.m.,
823 387 107 20 Thursdays,

501 409 37 16 7.30
547 414 41 14 p.m.

521 429 35 16 For
564 430 92 20 Athmuri,
670 430 96 20 Wairakei,
780 430 61 21 Taupo
860 428 71 22 Napier,

500 450 94 22 Tuesdays,
604 453 38 15 7.1)0
651 457 42 15 p.m.

522 471 34 16 For
562 472 92 20 Atiamuri,
661 472 89 17 Wairakei
756 473 34 15 and
795 472 65 21 Taupo,
866 472 55 15 Thurs-

500 493 42 19 days
550 494 33 15 and
590 494 99 19 Saturdays,
700 494 40 16 7.30
748 499 42 15 p.m.

522 513 33 16 For
564 515 77 20 Galatea,
651 515 94 21 Tuesdays,
757 516 37 16 7.30
803 520 42 16 p.m.

522 540 137 17 N.B.—Letters
681 542 102 20 containing
806 541 87 21 anything
915 541 18 16 of

501 562 50 16 value
556 562 60 16 should
623 562 20 16 be
649 563 69 16 handed
732 566 18 14 to
762 563 30 16 the
802 563 105 16 Postmaster
914 564 19 14 to

500 583 22 16 be
530 583 99 20 registered.

522 604 67 16 Letters
595 606 102 20 containing
703 606 44 22 coin,
759 606 15 15 if
785 605 61 21 posted
863 604 70 21 Unrcgis

501 625 52 15 tered.
572 626 34 15 will
624 626 20 16 bo
660 627 123 20 e.ompulsorily
794 626 94 21 registered
899 625 34 17 and

501 646 75 20 charged
581 647 61 16 double
649 648 112 20 registration
769 649 33 15 fee.

515 667 44 16 -The
566 668 139 21 Heceiviug-box
713 672 18 13 at
740 669 29 16 Mr
778 668 71 17 Wake's
860 668 44 21 shop
918 668 15 16 is

501 688 65 16 clearei
574 689 45 21 daily
628 693 18 12 at
658 691 9 14 5
675 696 49 15 p.m.,
734 693 61 17 except
804 695 21 10 on
844 689 88 21 Sundays.

658 716 26 20 R.
694 717 26 19 D.
733 715 120 25 DANSEY,

774 743 133 19 Postmaster.

516 905 72 37 'HOT
604 911 104 32 LAKES
723 910 207 33 CHRONICLE'

585 990 52 13 ■WILL
651 990 25 13 BE
691 990 115 13 PUBLISHED
820 990 27 14 ON

609 1048 110 20 SESDAY
747 1048 188 20 AFTERNOONS

617 1080 46 13 TILL
672 1081 98 13 I'UKTIIEit
780 1081 78 14 NOTICE.

501 1178 141 26 Subscription
653 1182 21 17 2s
687 1181 26 19 6d
722 1187 37 19 per
768 1182 85 24 quarter
863 1180 21 19 ia
903 1180 26 20 ad

565 1212 62 14 vuuce
634 1213 5 16 ;
654 1206 27 19 Gd
691 1210 57 16 extra
758 1207 17 18 if
785 1206 85 20 booked.

523 1322 74 21 Casual
608 1324 169 21 advertisements
789 1328 20 16 3s
820 1332 36 18 per
866 1325 53 20 inch.

721 1432 55 17 must
786 1430 25 19 be
821 1432 44 17 sent
875 1430 21 18 in
906 1430 19 25 by-

594 1476 53 13 noon
657 1477 27 12 on
693 1470 148 25 Wednesdays.

502 1620 250 19 MANUFACTURING
773 1620 161 25 JEWELLER,

612 1654 90 25 Queen
726 1655 93 28 Street,

656 1693 122 19 Auckland.

502 1752 41 12 and
566 1745 27 23 B.
609 1745 174 24 PETERSON
797 1747 22 22 &
834 1746 48 29 Co.,

613 1783 76 22 HIGH
710 1785 110 23 STREET,

637 1828 168 20 GIIIUSTCIIUItCII.

527 1890 43 19 The
579 1890 78 25 largest
675 1890 40 19 and
733 1893 53 17 most
801 1891 61 19 select
881 1891 54 19 stock

502 1916 20 19 of
531 1916 103 25 jewellery
645 1916 56 25 kept.

142 3810 27 31 J.
189 3810 28 32 F.
238 3809 160 38 PEATSON,

177 3856 168 24 FU/aiTEttER,

76 3901 56 19 Next
142 3900 100 20 Saddler's
252 3899 56 26 shop,
321 3899 133 23 Ohinemutu,

48 3934 44 19 Has
103 3932 73 24 always
188 3938 11 12 a
208 3932 52 24 good
282 3931 76 25 supply
376 3930 22 20 of
417 3930 63 20 Fresh

118 3958 64 24 Fruit,
194 3958 49 19 boch
254 3958 51 19 local
316 3958 39 19 and
365 3956 25 21 im-

174 3984 69 25 ported
255 3991 24 12 on
291 3984 60 19 hand.

235 4010 58 20 Also

46 4039 19 19 A
73 4035 147 22 well-assorted
230 4036 56 19 stock
294 4036 22 20 of
323 4035 98 24 Biscuits,
428 4035 37 21 Con-

85 4063 113 24 fectionery
208 4061 39 20 and
258 4062 90 20 Summer
359 4062 84 24 Drinks,

124 4090 56 19 all-at
189 4094 119 14 MODEEAXB
318 4094 85 14 PJiICES.

954 208 101 21 PRIZES
1072 211 34 18 OF
1122 211 57 19 £l5O
1197 209 59 19 AND
1269 211 58 19 £IOO
1343 209 30 19 OF-

972 234 94 21 FERED
1070 237 55 18 FOR
1129 235 119 19 DESIGNS
1253 235 132 19 FORPOST.

980 261 56 19 AGE
1048 263 61 19 AND
1122 261 136 21 REVENUE
1273 261 114 19 STAMPS.

955 313 153 46 DESIGNS
1118 321 34 13 are
1168 313 76 20 invited
1263 314 32 19 for
1314 320 12 12 a
1343 319 33 13 new-

1032 341 55 19 issue
1102 341 21 19 of
1138 340 124 20 POSTAGE
1281 340 42 19 aud
1341 339 31 18 RE-

954 365 99 21 VENUE
1063 366 113 21 STAMPS.
1204 366 40 18 For
1254 366 34 18 the
1298 366 63 18 series
1368 364 21 19 of

954 391 89 26 Designs
1055 393 65 20 which,
1131 399 45 17 may
1194 392 26 19 bo
1237 391 105 25 adjudged
1361 390 27 25 by

954 418 36 19 the
999 418 125 20 Postmaster
1135 418 87 19 General
1232 420 20 16 to
1263 418 23 18 be
1297 418 35 18 the
1343 417 45 18 best

955 444 57 19 there
1022 444 41 21 will
1075 447 23 16 be
1109 444 67 20 Prizes
1185 444 87 20 of£lso
1283 443 41 19 and
1333 443 56 19 £IOO

955 470 138 25 respectively.

982 496 149 24 Specifications
1147 502 45 18 may
1209 496 24 19 bo
1251 501 47 13 seen
1314 498 21 16 at
1354 494 35 20 the

955 520 87 21 General
1062 522 48 19 Post
1127 522 66 23 Office,
1211 522 136 25 Wellington,
1366 527 23 12 or

954 548 22 17 at
985 554 41 18 any
1036 547 60 20 Chief
1105 548 50 19 Post
1164 548 67 19 Office.

955 572 88 21 General
1052 575 48 19 Post
1107 574 66 23 Office,
1206 574 34 20 W.
1248 573 37 20 GR
1290 573 43 23 A.Y,
1345 573 42 19 Sec.

981 599 135 27 Wellington,
1128 601 49 19 20th
1186 600 77 23 March,
1276 601 58 17 1895.

1283 625 105 27 [1491-95.

1035 679 23 24 S.
1086 677 223 28 HOWARD,

1098 713 139 20 ROTORUA.

955 749 23 20 Is
1002 756 46 13 now
1072 748 90 26 opening
1183 754 29 19 up
1236 748 50 19 New
1307 747 83 19 Winter

1044 774 91 26 Drapery
1147 774 39 18 and
1196 773 102 25 Clothing.

982 826 47 19 Full
1040 832 63 19 range
1117 826 20 18 of
1156 825 41 19 this
1215 825 94 19 Season's
1326 824 64 20 Dress

955 852 75 19 Goods.

1072 900 191 24 NOTICE.

957 954 56 43 TO
1027 953 129 20 PARENTS
1173 954 40 19 and
1233 953 119 20 Gaurdians
1368 954 22 19 of

1022 980 29 19 all
1069 980 91 19 children
1177 980 64 19 above
1260 980 35 19 the
1314 986 39 18 age
1369 980 21 18 of

956 1013 61 13 seven
1026 1013 66 19 years.

982 1033 43 19 The
1037 1033 89 19 Rotorua
1136 1032 84 19 District
1237 1032 73 19 School
1331 1032 45 19 Com-

956 1060 70 18 mittee
1041 1059 37 19 has
1093 1058 91 19 resolved
1202 1060 21 17 to
1237 1061 106 21 prosecute
1360 1063 20 12 ac-

957 1085 84 25 cording
1053 1086 20 17 to
1082 1084 45 24 law,
1140 1084 52 19 after
1208 1090 38 13 one
1262 1082 56 20 week
1338 1084 52 18 from

957 1112 41 18 this
1007 1111 47 18 date
1063 1110 86 20 without
1166 1110 80 18 further
1263 1108 127 21 notification

957 1137 26 18 all
994 1138 82 24 parents
1084 1136 41 19 and
1135 1135 111 26 guardians
1262 1136 21 18 of
1298 1135 92 19 children

957 1163 44 19 who
1011 1162 26 20 do
1047 1164 35 18 not
1092 1162 60 19 mako
1161 1162 35 18 tho
1212 1167 105 19 necessary
1335 1168 54 12 num'

957 1189 36 19 ber
1002 1189 21 19 of
1034 1188 136 20 attendances.

1067 1224 34 19 W.
1116 1223 24 19 A.
1156 1222 153 23 WILLIAMS,

1251 1249 54 19 Hon.
1321 1248 43 20 Sec.

982 1276 33 21 Bv
1024 1276 64 19 order.

1029 1590 349 46 A.NCOCKS

1082 1663 184 21 CELEBRATED

1136 1716 87 32 xxxx

1070 1774 211 53 /VLES,

1091 1842 58 13 MADE
1157 1841 55 14 FROM
1222 1841 40 12 THE

961 1886 115 33 FINEST
1103 1886 87 32 Mil
1212 1886 64 31 AND
1295 1884 97 37 HOPS,

999 1981 52 15 FREE
1064 1981 55 13 FROM
1132 1981 38 13 ALL
1184 1980 128 14 ANTISEPTICS
1326 1980 25 13 Oil

1065 2018 140 13 DELETERIOUS
1223 2018 65 13 ACIDS.

961 2081 139 31 CAPTAIN
1122 2081 82 31 COOK
1223 2080 171 38 BREW£RY,

1065 2139 194 19 NEWMARKET.

615 1987 89 23 JOHN
724 1987 99 28 HALL,

508 2037 149 30 PAINTER,
677 2039 227 24 PAPER-HANGER,
922 2041 16 18 &

504 2069 24 11 JL

619 2091 195 24 SIGNWRTTER,

504 2242 96 45 Ehf
603 2241 195 47 enMed
813 2241 121 47 Bros

645 2321 146 24 BREWERS,

583 2362 109 21 ALBERT
708 2363 151 24 BREWERY,

527 2404 218 25 QUKEN'STREET,
760 2405 158 20 AUCKLAND

523 2467 68 17 WINE
603 2467 49 15 AND
664 2467 81 16 SPIRIT
755 2466 156 22 MERCHANTS,

545 2494 122 16 BOTTLERS
679 2495 51 15 AND
747 2495 145 20 IMPORTERS,

588 2522 26 20 •13,
629 2526 133 12 QOEKN-STREEr
779 2526 68 12 WdA.Br.

595 2573 50 12 PKIZS
657 2573 60 12 MSDAL
729 2574 35 11 AND
776 2573 69 13 AWARD.3

504 2599 23 16 At
536 2599 27 16 tho
577 2599 90 20 following
684 2599 112 17 Exhibitions
812 2600 26 15 for
848 2605 31 11 our
887 2600 38 16 well-

597 2621 62 15 known
672 2620 45 16 B.Uk
726 2620 33 16 and
770 2620 67 17 BVttled

616 2646 48 16 ALE
675 2646 52 16 AND
738 2646 86 17 STOUT:

504 2676 67 20 Sydney
579 2676 125 16 International
714 2676 107 19 Exhibition,
833 2677 49 16 1879.

504 2697 99 16 Melbourne
612 2696 127 17 International
746 2698 108 18 Exhibition,
864 2699 70 15 18S0-S1

504 2719 42 16 New
552 2719 22 16 Ze
634 2718 94 17 Industrial
732 2719 109 20 Exhibition,
847 2719 76 21 Welling-

546 2742 35 16 ton,
592 2740 46 16 1885.

504 2761 43 17 New
565 2760 75 17 Zealand
654 2761 34 16 and
702 2762 55 15 South
770 2761 40 16 Seas
826 2761 108 17 Exhibition.

545 2782 86 17 Dunedin.
643 2783 79 16 1881-93.

504 2804 21 16 In
533 2804 76 16 addition
617 2806 18 14 to
645 2804 53 16 above
707 2804 43 16 have
769 2804 41 16 bain
824 2804 80 16 awardod
918 2806 18 14 at

545 2825 104 16 Tasruaniau
682 2825 108 20 Exhibition,
817 2825 16 16 L
840 2827 94 19 luneestou,

547 2846 78 17 1831-92.

591 2872 56 16 FIVE
658 2872 71 16 FIRST
746 2872 91 17 AWARD
889 2872 51 17 3

706 2903 33 11 TOR

504 2924 66 17 BULK
581 2925 110 16 BOTTLED
706 2925 63 17 ALES
786 2924 51 18 AND
856 2925 81 17 STOUT

699 2955 48 18 Also,

530 3030 65 23 Gold
607 3030 87 25 Medal
704 3032 28 23 of
742 3032 167 23 Australasia

611 3066 73 11 AGAINST
694 3067 98 11 ALLCOMERS
804 3067 33 11 POR

601 3153 73 19 Havir.p
682 3159 10 10 a
699 3154 57 16 Lar<ro
765 3154 51 16 Stock
824 3154 19 16 of

619 3183 49 16 ALE
680 3184 51 15 AND
743 3184 82 20 STOUT,

505 3214 68 15 Bottled
581 3214 17 15 in
605 3216 52 18 quart
666 3215 35 15 and
717 3215 40 20 pint
770 3215 67 18 bDttlei,
855 3216 83 20 specially

506 3236 65 15 brewed
579 3236 26 15 for
614 3236 28 16 tha
650 3241 75 10 summer
733 3236 53 19 trale,
798 3236 57 16 which
863 3242 28 11 are
899 3243 39 13 no.w

505 3256 104 20 thoroughly
617 3257 84 19 raitured,
713 3262 33 10 ctu
760 3258 42 14 with
816 3263 52 15 every
882 3259 47 15 confi-

505 3277 51 16 dence
567 3278 106 16 recommend
689 3283 46 11 sam)
751 3281 18 12 to
783 3284 120 11 uonnoisieuM
920 3285 19 11 as

505 3298 60 16 Becond
573 3300 18 14 to
598 3304 44 12 noao
652 3299 18 16 in
679 3300 29 16 tho
717 3299 72 21 Colony.

542 3366 155 23 ROTORUA
710 3367 186 25 TOWNSHIP.

567 3417 133 21 SECTIONS
713 3418 56 20 FOR
781 3419 96 20 LEASE.

524 3470 22 21 3
553 3470 72 19 LOCK
639 3470 37 24 IV,
686 3471 63 19 Town
766 3471 20 19 of
804 3471 97 26 Rotorua,
922 3473 18 19 is

523 3491 26 23 3
579 3496 131 20 sub-divided
734 3497 43 19 into
797 3498 86 19 sections
908 3499 31 19 for

506 3521 52 20 lease
568 3522 31 18 for
607 3523 24 17 94
642 3529 66 18 years.
737 3523 84 19 Rontals
837 3523 55 21 fixed
908 3525 32 19 for

506 3547 34 19 the
560 3548 64 19 whole
649 3548 77 25 period.
767 3549 55 19 Well
843 3550 95 24 situated,

506 3573 56 25 large
571 3574 91 24 sections,
675 3575 42 19 and
730 3575 89 19 suitable
834 3575 32 20 for
883 3577 45 19 busi-

506 3605 45 13 ness
562 3606 22 12 or
593 3599 102 20 residence
711 3601 49 19 sites
776 3601 49 20 with
844 3602 95 25 splendid

506 3625 60 19 views
576 3625 40 20 and
626 3626 54 25 good
689 3627 94 24 position.
798 3627 40 19 For
847 3628 81 25 particu-

506 3651 40 19 lars
557 3651 61 25 apply

692 3678 21 17 F.
727 3678 22 17 B.
764 3678 81 21 SCOTT,

803 3703 90 17 Rotorua.

571 3729 20 11 or
599 3723 59 18 WYIN
664 3724 69 16 YARD
743 3725 15 16 &
767 3725 124 21 PURCHAS,

528 3751 75 17 To7)M)lc
612 3751 110 21 Chambers,
729 3751 51 23 High
788 3752 35 21 St.,
833 3753 105 18 Auckland.

609 3813 127 19 AUCTION
759 3813 75 20 SALE.

505 3864 42 19 Tho
557 3865 137 25 undersigned
704 3866 40 19 has
755 3866 92 19 received
856 3867 82 19 instruc

530 3890 53 19 tions
592 3893 21 16 to
630 3892 38 18 sell
683 3892 28 26 by
727 3892 74 19 Public
815 3892 88 19 Auction
918 3895 20 17 at

531 3916 35 19 the
580 3916 55 19 Mart
651 3924 26 12 on
696 3919 113 18 Saturday
829 3920 54 22 next,
904 3919 34 19 6th

530 3942 65 24 April,
604 3944 21 17 at
635 3944 11 17 2
659 3950 49 18 p.m.

504 3975 97 47 THE
626 3977 68 20 OLD
722 3978 216 20 COURTHOUSE

569 4002 165 25 BUILDINGS,
746 4005 106 19 Rotorcja.

609 4033 121 21 Conditions
746 4038 21 17 at
783 4036 52 19 Sale,

595 4064 64 26 (sigd)
671 4064 20 21 J.
703 4064 29 20 H.
743 4065 116 25 TAYLOR,

781 4092 127 20 Auctioneer.

963 4189 100 40 Ask
1089 4191 73 40 for
1187 4193 263 42 Hancock's
1477 4197 278 42 Celebrated
1781 4200 189 41 XXXX
1994 4202 114 40 Ales
2137 4204 94 38 and
2257 4203 155 39 Stout.

2820 3422 39 18 The
2868 3424 58 23 Daily
2935 3425 51 19 Post,
2997 3425 82 23 Sydney,
3089 3427 34 16 has
3133 3433 11 11 a
3157 3428 49 21 style
3214 3428 21 17 of

2798 3445 23 17 its
2830 3452 43 11 own
2881 3447 16 17 if
2906 3454 28 11 wo
2943 3455 43 16 may
2995 3448 59 23 judge
3062 3450 49 16 from
3120 3450 32 17 the
3159 3451 65 17 follow-

2798 3468 33 24 ing
2839 3468 3 24 :
2936 3471 66 18 House
3010 3472 16 17 is
3039 3473 87 17 enriched
3140 3474 47 18 with
3201 3475 32 16 the

2798 3492 190 20 broad-mindedness
3004 3495 21 17 of
3040 3501 11 12 a
3067 3496 83 17 member
3166 3498 70 17 named

2798 3515 105 19 Anderson.
2917 3518 50 17 How
2975 3518 24 17 he
3007 3520 34 21 got
3049 3519 26 20 in,
3082 3519 23 16 he
3112 3520 44 22 only
3162 3520 72 18 knows.

2798 3538 50 17 How
2856 3539 23 17 he
2889 3541 39 17 will
2936 3542 53 16 trout
2997 3542 34 16 out
3039 3542 63 22 again,
3115 3544 21 16 at
3149 3549 24 11 an
3186 3544 39 17 elec-

2798 3561 41 18 tion
2847 3563 20 16 to
2876 3569 59 15 come,
2944 3564 15 17 is
2968 3564 76 23 already
3053 3571 11 11 a
3072 3565 103 22 laughable
3183 3567 51 22 joke.

2798 3584 36 18 His
2842 3586 54 17 mind
2905 3588 14 16 is
2928 3593 25 11 no
2961 3588 80 17 broader
3049 3588 46 17 than
3104 3589 33 17 the
3145 3590 54 22 point
3214 3591 20 17 of

2799 3608 52 22 apin.
2866 3609 30 17 He
2905 3610 65 18 knows
2979 3617 20 11 as
3004 3612 56 16 much
3067 3612 58 17 about
3130 3614 105 17 economic-.'

2799 3636 19 13 as
2833 3632 81 22 Captain
2935 3633 67 18 Cook's
3019 3634 62 17 statue
3095 3635 65 18 knows
3176 3636 60 18 about

2799 3654 196 24 circuni-navigation.
3022 3657 16 17 A
3047 3657 37 21 few
3092 3658 60 18 weeks
3167 3665 37 17 ago
3213 3661 23 16 he

2798 3677 68 18 kicked
2874 3685 27 16 up
2909 3685 11 11 a
2929 3678 78 19 hubbub
3015 3680 79 18 because
3108 3681 23 18 he
3148 3688 38 12 was
3202 3685 35 15 not

2799 3701 58 17 asked
2865 3703 20 16 to
2893 3702 74 22 preside
2979 3705 21 15 at
3013 3709 12 11 a
3037 3704 85 22 meeting
3134 3706 20 16 of
3168 3711 55 12 unem-

2799 3724 69 23 ployed
2876 3725 20 17 in
2905 3725 29 18 his
2943 3725 105 18 electorate.
3066 3727 30 17 He
3102 3728 38 17 had
3149 3729 89 22 audacity

2800 3748 76 22 enough
2884 3748 38 18 last
2931 3749 56 22 night
2995 3751 20 14 to
3029 3755 33 16 say
3077 3751 43 16 that
3133 3751 23 18 he
3173 3753 64 17 would

2799 3772 35 16 not
2842 3774 81 19 support
2931 3778 37 16 any
2976 3772 117 23 proposition
3102 3775 20 16 to
3135 3775 54 17 make
3197 3776 27 17 it-

2801 3800 64 10 er—or
2872 3795 57 22 penal
2938 3795 29 17 for
2975 3800 35 16 any
3021 3801 44 11 man
3074 3797 109 19 to—to—to
3194 3799 43 17 seek

2801 3819 20 15 to
2841 3823 45 11 earn
2903 3817 96 18 his—nr—
3133 3821 45 17 This
3198 3822 41 22 jusr,

2802 3840 60 17 shows
2871 3841 43 16 that
2922 3846 11 11 a
2941 3840 93 24 nine-day
3042 3848 40 15 pap
3090 3843 34 17 his
3133 3850 11 11 a
3152 3850 73 18 compre-

2802 3863 77 17 hension
2889 3870 19 10 as
2917 3863 38 19 bisr,
2971 3870 21 10 or
3008 3870 10 11 a
3035 3865 50 17 little
3100 3866 75 22 bigger,
3192 3868 45 17 than

2803 3885 41 18 that
2853 3886 20 17 of
2881 3886 32 17 Mr
2921 3886 104 18 Anderson,

2949 3955 19 18 A
2992 3955 16 18 13
3025 3956 19 19 A
3058 3957 17 18 L
3090 3957 17 18 L

2806 3997 110 25 ■XTTfTjTj
2928 3996 46 23 take
2985 4000 55 25 plass
3051 4001 20 19 i;i
3088 4001 33 20 thg
3140 3996 3 29 '.

2820 4022 29 18 »T
2905 4024 56 25 Hall,
2991 4033 25 12 m
3145 4027 92 21 Mo.ydvit

2805 4050 70 24 Night,
2888 4050 35 20 the
2936 4052 47 19 15fch
3001 4052 47 20 irist.

2857 4085 75 26 Prioe3,
2944 4087 81 19 Double
3036 4087 68 26 ticket,
3124 4090 25 17 is.

2945 4113 70 19 SiusHe
3054 4128 12 9 ~
3109 4116 24 17 2s
3142 4115 33 19 61.
