3280 4290
120 125 19 20 A
147 123 98 21 LITTLE
254 121 94 20 DODGE
357 121 34 20 OF
400 120 18 20 A

149 148 142 20 DAHOMEY
303 148 92 19 CHIEF.

85 208 42 20 Tho
133 207 83 20 African
222 205 113 24 Steamship
341 203 57 25 Coy's
405 203 84 18 steamer

60 235 109 23 Dahomey,
181 232 66 20 which
257 230 78 20 arrived
346 231 21 16 at
384 227 105 25 Liverpool

59 260 67 25 lately,
135 258 90 24 brought
235 264 55 13 news
300 256 21 19 of
335 255 33 19 the
386 253 103 20 execution

59 287 21 19 of
88 286 35 19 the
132 284 54 20 chief
194 284 78 25 Logan,
283 289 37 12 ono
330 281 21 18 of
360 280 34 18 the
412 278 77 19 Nana's

59 313 36 24 big
104 318 52 12 men.
183 310 71 25 Logan
269 314 40 14 was
325 305 89 25 brought
419 304 4 33 _
431 304 56 19 down

59 341 20 17 to
88 337 66 20 Benin
163 337 31 19 for
212 336 53 22 trial,
275 340 36 13 one
328 332 21 19 of
366 331 34 18 the
418 330 61 19 indict-

59 365 64 19 ments
135 362 63 25 being
207 362 44 19 that
260 360 25 19 he
295 358 39 20 had
350 356 63 19 killed
431 356 57 25 eight

59 390 64 20 slaves
141 389 64 19 under
222 388 35 18 tho
272 386 51 19 most
342 382 98 23 shocking
452 382 28 18 cir-

58 417 130 19 cumstances.
215 414 21 19 It
243 417 61 14 seems
310 409 45 19 that
362 409 58 18 when
427 407 60 19 Nana

59 442 40 19 and
108 441 33 19 his
150 440 63 19 chiefs
219 436 79 22 learned
307 436 44 18 that
357 434 35 19 tho
401 433 87 24 English

57 474 53 14 were
124 466 73 25 taking
217 466 52 23 steps
287 461 80 24 against
381 459 56 19 them
454 459 34 19 the

60 493 57 25 eight
132 492 64 19 slaves
221 495 50 14 were
297 485 110 24 beheaded,
435 485 53 18 their

59 520 71 19 bodies
148 518 60 24 being
225 513 69 28 placed
311 513 21 18 in
350 513 63 18 water
436 510 51 19 until

59 545 50 20 such
118 545 47 19 time
175 549 21 14 as
205 541 50 19 their
264 539 47 19 baro
321 537 46 19 skin
386 537 58 19 could
462 537 25 18 be

59 571 70 24 peeled
137 570 33 19 off.
196 568 42 19 The
250 565 69 20 bodies
328 563 49 20 then
396 562 41 20 had
452 562 35 19 the

61 601 121 21 appearance
200 594 21 18 of
237 591 62 25 being
315 589 57 20 those
389 589 21 19 of
425 588 62 19 white

60 629 46 14 men
124 621 39 20 and
176 619 48 24 they
239 623 51 14 were
317 615 70 20 shown
413 616 20 17 to
452 614 35 19 the

61 649 74 24 people,
146 646 44 20 who
199 650 51 14 wero
268 642 42 19 told
328 641 44 18 that
381 640 45 19 that
445 645 42 14 was

60 675 34 19 the
103 680 43 18 way
154 672 60 19 Nana
224 669 38 20 and
271 668 32 19 his
318 666 63 19 chiefs
391 665 95 20 intended

60 703 20 17 to
87 705 55 13 sorve
151 697 33 19 the
193 694 91 26 English,
304 692 40 20 and
366 698 53 13 were
427 691 60 19 made

59 729 21 17 to
97 724 75 20 believe
190 722 34 19 the
241 720 69 21 bodies
328 724 51 14 wero
398 718 57 19 those
466 716 21 20 of

58 751 60 20 whito
127 755 50 14 men.
205 748 70 24 Logan
283 751 41 14 was
341 743 65 20 found
416 743 67 25 guilty

59 777 40 20 and
108 774 94 21 executed
211 775 20 18 at
240 770 103 22 Biohemie
358 770 28 24 by
403 776 14 12 a
424 769 62 24 firing

59 804 57 24 party
126 802 43 19 sent
186 806 28 19 up
229 799 61 18 there,
318 796 43 20 Tho
379 795 105 23 Dahomey

58 828 77 21 arrived
146 828 21 18 at
174 825 68 20 Grand
250 824 84 19 Bassam
348 828 26 13 on
391 821 35 19 the
438 820 47 19 19th

57 855 21 19 of
87 852 119 23 November,
215 850 40 20 and
263 849 55 19 there
328 847 81 20 leai.ied
420 847 21 18 of
448 846 35 19 the

58 880 74 20 serious
144 878 67 19 defeat
228 877 20 18 of
266 882 12 12 a
295 874 54 25 body
367 874 22 18 of
405 871 79 21 French

57 909 71 22 troops,
138 910 60 19 many
205 903 21 19 of
234 902 65 20 whom
308 906 52 14 wero
444 897 39 20 and

56 930 104 22 wounded.
199 927 67 21 Grand
294 928 74 18 Basam
398 925 18 19 is
449 924 35 19 the

55 957 99 27 principfl
170 957 45 24 port
230 954 21 19 of
266 953 34 19 the
317 951 79 19 French
422 950 61 24 Ivory

56 985 59 23 coast,
127 982 38 20 and
174 984 38 17 two
222 979 122 26 expeditions
354 983 51 14 were
421 982 63 19 going

55 1010 42 20 into
119 1009 34 19 tho
174 1007 87 23 interior,
276 1011 37 13 one
327 1005 20 18 to
362 1003 63 24 Kong
443 1001 40 19 and

55 1036 34 19 the
108 1035 56 19 other
177 1033 78 24 against
271 1038 12 13 a
306 1028 96 28 powerfi'
429 1027 54 20 chief

54 1061 75 19 behind
139 1059 68 21 Grand
215 1058 89 19 Bassam.

97 1114 158 22 LIGHTNING
264 1113 31 19 IN
302 1110 116 22 CHURCH.

79 1169 42 20 The
134 1170 60 18 tower
215 1167 20 19 of
253 1165 29 21 St.
288 1163 101 22 Columbs'
399 1161 80 24 church,

53 1195 104 23 Cornwall,
168 1200 40 13 was
218 1191 66 21 struck
293 1191 28 25 by
335 1189 102 26 lightning
455 1194 24 13 on

53 1221 87 25 Sunday,
163 1219 90 24 January
276 1217 41 19 Gth.
344 1215 43 20 The
405 1219 74 14 service

52 1247 40 20 had
101 1247 43 25 just
157 1243 123 21 commenced
293 1242 59 20 when
370 1247 11 14 a
391 1240 57 22 flash,
459 1240 20 19 of

53 1273 67 20 bluish
138 1271 67 20 colour
221 1270 39 20 and
273 1269 77 19 intense
366 1267 112 23 bri'Hancy,

52 1305 39 14 was
107 1297 92 20 followed
222 1297 27 24 by
258 1302 12 13 a
288 1294 108 24 deafening
422 1292 57 20 crash

53 1325 40 19 like
109 1324 34 19 the
157 1322 101 26 explosion
283 1321 20 18 of
313 1327 11 12 a
342 1319 67 20 bomb.
436 1318 43 19 The

52 1349 140 27 congregation
199 1347 73 20 rushed
290 1345 97 25 excitedly
404 1346 35 18 out
458 1344 21 19 of

52 1377 34 20 tho
95 1375 96 25 building,
203 1374 40 19 and
251 1374 34 18 the
295 1372 73 19 service
377 1370 40 20 had
427 1372 20 17 to
453 1370 25 19 be

53 1401 122 22 abandoned.
211 1400 42 19 The
286 1398 78 19 electric
399 1397 80 19 current

52 1428 94 21 travelled
156 1427 57 20 down
221 1428 20 17 to
251 1425 34 19 the
294 1424 25 19 be
320 1423 4 26 1
328 1424 38 24 fry,
378 1423 40 19 and
429 1423 49 18 then

52 1461 27 19 up
88 1454 34 19 tho
131 1452 72 20 middle
213 1451 53 20 aisle,
275 1450 67 20 where
347 1450 16 18 it
373 1448 104 27 presented

53 1481 33 20 the
96 1485 120 21 appearance
230 1478 20 18 of
257 1483 12 13 a
282 1476 55 25 huge
399 1475 21 19 of
442 1475 36 18 fire

53 1506 39 21 and
101 1506 75 26 sparks.
203 1504 41 19 One
254 1503 20 19 of
288 1502 34 19 tho
341 1501 79 25 ringers
436 1506 42 13 was

53 1533 77 20 thrown
138 1533 34 18 out
182 1537 45 13 over
236 1529 33 19 tho
277 1527 86 26 railings
381 1527 43 19 into
443 1526 35 19 tho

53 1558 78 24 church,
142 1564 12 13 a
171 1556 86 20 distance
279 1554 21 20 of
323 1555 25 17 2
369 1553 46 24 feet,
437 1552 40 19 and

53 1584 100 21 sustained
163 1589 11 14 a
182 1582 40 20 bad
232 1583 32 18 cut
273 1587 25 13 on
307 1579 34 21 the
350 1579 58 19 head.
437 1578 39 19 His

51 1610 125 26 companions
183 1615 50 14 were
247 1606 83 20 stunned
344 1605 27 26 by
380 1605 35 19 the
422 1604 54 19 force

53 1637 21 20 of
83 1637 33 19 the
123 1637 81 19 current.
232 1633 33 20 All
287 1633 33 19 the
338 1631 54 26 glass
405 1630 22 20 in
440 1630 35 19 the

51 1663 65 25 belfry
125 1661 81 21 window
217 1666 40 14 was
271 1658 74 21 broken
364 1660 20 17 to
402 1657 70 26 pieces,

51 1689 40 21 and
97 1689 34 19 the
150 1687 62 21 inside
225 1686 19 20 of
254 1686 33 19 the
297 1684 45 20 wall
364 1690 40 13 was
422 1685 52 17 torn.

51 1715 42 21 The
98 1721 36 19 gas
140 1716 61 17 meter
206 1719 40 13 was
256 1711 83 21 affected
347 1710 39 19 and
393 1717 11 13 a
412 1709 63 25 slight

52 1741 100 26 explosion
162 1739 96 20 ocared,
269 1737 73 25 setting
351 1736 36 21 fire
404 1738 20 17 to
439 1735 35 20 the

51 1768 53 23 floor,
114 1767 36 19 but
160 1766 34 20 tho
203 1765 50 19 flanu
262 1770 8 13 s
279 1770 40 13 was
333 1762 141 26 extinguished

51 1792 66 22 before
127 1792 58 20 much
194 1791 83 25 damage
284 1797 40 13 was
334 1789 56 19 done.

109 1844 66 20 HOW
184 1843 56 20 THE
249 1842 71 19 POPE
327 1840 79 21 LIVES.

76 1897 41 21 The
135 1897 54 25 Pope
206 1896 37 19 has
261 1896 31 18 for
311 1901 10 12 a
340 1894 56 24 great
413 1899 59 18 many

51 1929 56 21 years
117 1925 56 18 eaten
182 1928 48 19 very
242 1920 128 24 moderately,
387 1919 40 18 and
436 1918 36 19 has

51 1951 49 19 been
114 1955 47 19 very
177 1948 120 19 abstemious
315 1946 21 19 in
353 1945 35 20 tho
403 1951 35 13 use
454 1944 20 20 of

52 1976 117 20 stimulants.
190 1974 42 19 The
241 1973 103 24 following
353 1972 17 19 is
378 1971 32 19 his
419 1971 54 24 daily

50 2000 241 28 regimen:Breakfast,
307 2005 12 13 a
328 2004 38 19 cup
384 1997 20 19 of
413 1997 61 19 coffee

51 2029 47 20 with
106 2027 49 20 milk
169 2026 39 20 and
218 2032 12 13 a
246 2025 52 20 little
307 2023 73 26 bread;
398 2023 74 24 dinner,

51 2061 54 19 soup,
116 2053 66 20 boiled
190 2054 54 17 meat
253 2058 22 13 or
283 2052 54 18 roast
347 2049 60 24 lamb,
425 2049 49 19 with

50 2082 88 26 potatoes
160 2085 22 13 or
199 2078 57 19 other
271 2076 111 25 vegetable,
403 2075 39 19 and
462 2081 11 13 a

50 2106 56 21 email
116 2104 133 26 v.i'.ioglassful
263 2110 22 11 or
294 2102 105 19 Bordeaux
410 2101 62 23 wino;

51 2138 77 20 Slipper,
139 2137 48 19 soup
197 2130 40 20 and
244 2129 68 23 bread,
323 2127 38 20 and
374 2127 34 19 tho
418 2133 54 13 same

50 2157 92 26 quantity
150 2157 21 19 of
181 2157 50 19 wine
241 2162 21 12 as
279 2155 32 18 for
328 2153 76 19 dinner.
432 2152 40 19 His

51 2184 93 20 Holiness
152 2183 56 19 takes
218 2188 25 13 no
253 2181 56 19 other
323 2179 102 19 stimulant
434 2178 38 20 but

51 2211 65 22 claret,
126 2209 39 19 and
175 2208 84 20 eschews
272 2207 33 19 tho
315 2205 79 20 heavier
404 2205 67 19 wines.

51 2236 30 20 On
91 2235 95 20 occasions
196 2235 25 19 ho
230 2233 56 19 takes
297 2238 53 14 some
368 2238 50 19 soup
436 2231 24 19 be-

51 2264 61 18 tween
121 2261 66 19 mca?s.
213 2260 39 18 His
274 2258 99 26 digestion
389 2258 17 19 is
424 2263 47 19 very

51 2288 56 26 good.
134 2287 41 20 The
188 2286 53 25 daily
250 2285 92 27 quantity
352 2284 21 19 of
390 2284 48 19 food
446 2283 14 18 h

53 2316 40 18 eats
102 2314 16 18 is
126 2320 47 18 very
182 2312 62 24 small,
259 2318 21 13 so
289 2311 59 19 much
358 2317 21 12 so
389 2310 44 19 that
443 2309 29 19 Dr

51 2340 89 25 Lapponi
161 2339 42 20 said
220 2338 44 19 that
281 2337 25 19 he
324 2336 58 19 could
400 2338 32 17 eat
450 2341 22 14 as

52 2366 58 20 much
119 2367 20 19 at
148 2372 36 13 one
192 2364 52 21 meal
257 2371 22 12 as
288 2364 33 18 the
330 2363 55 25 Pope
395 2362 47 19 does
451 2361 20 20 in

53 2399 12 13 a
74 2392 59 20 week.
159 2391 31 25 By
199 2390 33 21 the
246 2390 67 20 advice
323 2389 21 19 of
352 2389 34 18 the
404 2388 68 19 doctor

53 2418 26 20 he
100 2418 63 24 rarely
181 2417 93 23 abstains,
298 2414 98 26 although
413 2414 26 19 he
454 2414 17 19 is

51 2451 47 19 very
108 2443 85 20 desirous
207 2443 20 18 of
236 2442 59 24 doing
309 2448 26 13 so.
364 2442 33 18 On
415 2440 56 19 those

53 2470 96 20 occasions
156 2470 25 19 he
190 2471 41 17 cats
240 2468 39 19 sole
299 2475 22 12 or
330 2466 81 20 codfish.
438 2466 33 19 He

52 2497 57 19 takes
118 2496 52 25 daily
178 2494 93 21 excercise
278 2494 20 19 in
304 2494 33 19 the
345 2492 34 21 the
386 2492 85 20 Vatican

53 2522 89 26 gardens,
153 2522 56 19 when
227 2521 33 18 the
277 2520 86 19 weather
381 2519 88 26 peimits,

53 2549 40 19 and
108 2548 55 20 when
181 2546 117 25 unsuitable,
317 2546 21 19 in
356 2545 31 19 his
406 2551 55 20 apart-

53 2576 68 19 ments.
167 2573 83 26 'though
261 2573 25 19 ho
295 2572 56 20 looks
369 2578 48 19 very
431 2571 26 20 ka-

55 2600 45 26 gile,
109 2600 25 19 he
143 2606 96 20 possesses
251 2599 59 19 much
319 2604 53 14 more
381 2597 90 26 physical

54 2626 89 25 strength
152 2626 47 19 than
208 2625 64 26 might
281 2625 25 19 be
316 2624 106 25 imagined.
438 2623 33 19 He

53 2653 17 19 is
77 2652 120 20 accustomed
210 2653 20 18 to
245 2651 50 19 little
314 2651 58 24 sleep,
392 2649 79 25 usually

112 2679 54 19 three
175 2680 19 18 to
204 2678 44 19 four
257 2677 59 19 hours
326 2682 11 14 a
346 2676 65 25 night,
422 2675 49 21 with

53 2705 34 19 tho
106 2704 86 19 addition
212 2703 20 20 of
249 2709 12 13 a
283 2703 54 19 short
359 2709 39 19 nap
418 2703 54 19 after

53 2730 75 20 dinner.
153 2730 33 19 Ho
194 2730 118 23 retiresvery
321 2728 45 25 late,
378 2729 39 19 and
427 2731 44 23 gets

53 2763 28 19 up
89 2762 46 19 very
141 2756 58 25 early.
226 2756 41 18 The
276 2755 21 19 cl'
300 2756 5 10 :
308 2756 20 18 ef
336 2755 108 19 indication
450 2755 21 18 of

53 2783 31 19 his
93 2788 37 19 age
135 2783 16 18 is
160 2782 33 19 the
200 2781 98 21 muscular
302 2780 108 27 trembling
419 2780 52 21 from

53 2808 64 21 which
126 2808 24 20 ho
164 2809 77 19 suffers.

88 2864 67 21 LIME
164 2863 58 20 AND
231 2862 197 21 AGRICULTURE.

79 2918 62 20 There
149 2917 18 22 is
181 2923 25 13 an
215 2916 95 25 agitation
322 2922 25 13 on
356 2916 41 19 foot
407 2918 20 17 at
436 2915 34 19 the

55 2946 76 23 present
141 2941 52 26 time,
202 2941 120 27 originating
331 2942 21 19 in
361 2942 111 20 Southland

55 2971 74 24 having
137 2970 31 18 for
177 2969 25 19 its
212 2969 65 24 object
294 2968 34 19 the
345 2968 88 26 carriage
452 2968 20 19 of

55 2998 45 19 lime
114 3003 25 12 on
155 2995 132 19 Government
300 2994 91 25 railways
400 2994 42 19 free
451 2994 20 19 of

56 3023 77 24 charge.
159 3021 20 19 It
188 3021 16 19 is
213 3023 35 17 not
256 3027 37 13 our
301 3026 85 21 pvrpose
401 3022 20 18 at
438 3020 34 20 the

56 3050 76 25 present
137 3048 47 19 time
193 3049 19 18 to
222 3047 73 19 discuss
309 3047 33 19 tho
352 3048 91 23 question
452 3048 21 18 of

56 3074 87 21 whether
152 3074 33 19 tho
194 3075 78 23 request
278 3072 71 20 should
355 3073 25 19 ho
389 3073 83 25 granted

58 3107 21 13 or
88 3099 45 26 not;
142 3100 36 20 but
187 3106 8 12 s
197 3099 4 26 ;
204 3099 53 26 mply
267 3102 19 16 to
294 3099 39 19 add
338 3099 105 25 testimony
452 3101 21 17 to

58 3126 33 20 the
104 3128 42 18 vast
162 3126 73 19 benefit
252 3132 52 12 some
322 3125 47 19 lnnd
387 3127 85 17 receives

57 3153 50 19 from
115 3153 34 19 the
157 3151 117 26 application
288 3151 21 19 of
317 3151 52 19 lime.
396 3151 25 19 In
439 3151 35 20 tho

56 3178 132 21 Tokomairiro
206 3177 80 24 district,
305 3177 64 19 where
383 3178 34 18 the
426 3177 48 19 land

55 3211 45 14 now
112 3205 35 19 has
164 3204 45 25 only
225 3206 21 17 to
263 3203 25 20 be
305 3203 73 20 tickled
395 3204 46 19 with
462 3210 12 14 a

57 3231 75 26 plough
141 3233 19 17 to
169 3233 33 22 get
215 3229 15 20 it
239 3231 20 18 to
269 3229 55 19 sudlo
333 3229 49 20 with
399 3236 12 13 a
428 3230 34 19 har-

58 3259 48 22 vest,
115 3263 21 13 as
149 3257 57 19 much
223 3262 21 13 as
263 3257 23 17 0G
303 3255 81 19 bushels
402 3258 20 18 to
439 3256 35 20 the

58 3289 43 14 acre
110 3283 20 19 of
143 3283 63 19 wheat
222 3282 36 19 has
276 3281 51 20 been
344 3282 73 26 reaped
434 3283 40 19 this

58 3315 73 14 season.
157 3309 46 19 This
212 3309 17 19 is
246 3308 61 25 solely
322 3308 34 19 the
374 3309 61 19 result
453 3311 21 17 of

58 3335 70 25 liming
149 3335 39 19 and
213 3334 96 25 draining.
354 3334 77 20 Twelve
453 3342 21 13 or

57 3361 68 20 fifteen
133 3367 54 19 years
197 3367 37 19 ago
242 3360 34 19 the
290 3367 52 13 same
352 3361 47 19 land
408 3362 66 20 would

57 3388 35 19 not
102 3387 49 20 have
168 3387 76 26 yielded
261 3388 23 17 :25
302 3386 81 21 bushels
401 3389 21 18 to
439 3389 35 19 tho

55 3419 51 15 acre.

509 109 19 19 A
541 109 68 20 NEW
622 109 73 19 RACE
708 109 94 20 HORSE
819 109 120 20 THEORY.

534 162 20 18 A
572 161 124 19 contributor
705 163 20 18 to
741 162 35 19 tho
790 160 62 26 Spirit
871 162 21 19 of
905 163 34 18 the

508 187 66 19 Times
581 187 117 25 (America),
707 187 22 19 iu
736 188 102 24 outlining
847 194 12 12 a
869 188 69 24 theory

490 212 1 33 j
508 213 22 18 of
538 212 99 26 breeding
654 213 122 23 racehorses,
787 219 46 19 says
843 213 45 19 that
906 215 32 18 too

508 238 60 19 much
586 238 99 19 attention
694 239 18 18 is
720 239 49 25 paid
783 241 20 16 to
820 238 118 25 bloodlines,

490 260 1 29 \
508 267 40 16 and
570 266 35 17 not
635 264 80 25 enough
738 267 20 16 to
788 264 148 25 individuality.

490 290 1 25 !
507 290 57 19 Even
572 290 66 19 where
646 290 144 25 individuality
798 290 58 25 plays
864 297 11 12 a
885 293 52 22 part,

490 312 1 28 1
507 316 15 18 it
531 316 23 23 is,
566 316 12 18 I
586 316 50 23 fear,
656 318 33 16 too
699 316 56 19 often
764 316 121 24 considered,
903 320 33 16 not

506 348 54 19 upon
579 348 40 18 any
638 341 147 25 well-digested
804 342 50 24 plan
873 349 21 12 as
917 346 20 16 to

506 368 54 18 what
571 367 67 19 effects
648 374 34 12 are
691 368 78 19 desired
779 370 20 17 to
812 368 26 19 be
847 368 87 25 brought

506 393 63 19 about
578 393 22 19 in
609 393 34 19 the
652 393 94 25 produce.
774 393 43 19 One
826 395 110 24 particular

506 426 54 12 mare
579 425 22 12 or
610 419 58 19 horse
678 419 17 19 is
709 419 86 19 selected
813 420 32 19 for
858 421 41 18 foot
915 428 21 12 or

490 445 1 26 |
506 445 47 24 legs,
566 445 84 19 another
659 445 32 19 for
699 445 94 23 stamina,
804 446 85 19 another
904 447 32 19 for

490 467 1 29 |
505 471 66 25 speed,
581 472 35 17 etc.
645 471 53 23 This,
710 472 20 18 to
739 478 34 18 my
783 478 45 18 way
838 472 21 18 of
868 472 55 19 think-

505 497 41 24 ing,
567 497 17 18 is
593 503 12 12 a
614 496 118 26 haphazard
745 499 75 23 system
836 497 44 19 that
898 504 36 13 can

504 529 61 12 nover
583 522 25 19 bo
618 522 104 26 depended
736 529 55 19 upon
809 525 21 17 to
847 523 88 25 produce

504 548 127 24 satisfactory
645 548 79 19 results.
752 549 53 19 That
815 555 54 13 some
886 549 48 26 plan

504 574 21 18 of
543 574 95 19 scientific
656 574 103 26 breeding,
775 575 22 19 in
815 575 65 20 which
900 576 34 19 the

504 599 111 19 individual
637 600 53 19 shall
713 600 25 19 be
760 601 35 19 the
821 602 113 24 prominent

503 625 84 24 feature,
598 626 18 18 is
633 631 45 14 now
688 626 57 24 sadly
754 627 82 23 needed,
847 627 12 18 I
876 628 56 19 think

504 658 25 12 no
539 657 38 13 one
586 651 42 19 will
637 651 91 25 gainsay.
757 652 116 20 Bloodlines
882 654 52 19 have

503 676 81 20 become
593 683 22 13 so
631 677 73 25 widely
712 678 120 25 diversified,
851 679 39 19 and
899 680 35 18 tho

503 703 87 25 original
612 703 87 19 families
727 704 54 20 have
802 704 82 20 become
912 712 21 12 so

503 729 78 19 crossed
591 729 39 19 and
647 729 143 26 intermingled
801 730 89 25 through
903 731 20 19 in-

503 754 103 25 breeding,
618 755 44 19 that
677 755 17 19 it
704 756 16 18 is
731 756 73 20 almost
817 757 116 26 impossible

502 782 20 17 to
529 782 54 18 trace
593 781 79 25 exactly
680 781 35 19 tho
720 788 81 14 sources
807 783 53 19 from
867 783 65 19 which

502 806 110 19 excellence
621 807 37 19 has
668 807 51 19 been
729 807 89 21 derived.
845 809 40 19 For
903 810 20 18 in-

501 834 74 22 stance,
595 832 45 20 how
658 833 85 19 difficult
756 834 16 19 it
788 834 67 20 would
872 835 26 19 be
912 837 20 17 to

502 858 91 19 estimate
616 858 34 19 tho
672 861 57 17 exact
757 861 127 24 proportions
911 862 21 18 of

500 884 86 25 Eclipse,
605 884 109 25 Matchem,
733 886 40 18 and
787 885 71 21 Herod
872 887 59 19 blood

500 910 45 19 that
563 916 47 18 may
626 910 25 19 be
665 912 128 24 represented
811 913 21 18 in
846 919 12 12 a
872 913 47 24 high-

501 936 50 18 class
561 936 152 25 thoroughbred
720 937 23 20 of
751 937 35 20 tho
795 940 81 24 present
885 939 45 23 day.

499 961 47 19 And
556 961 77 25 having
649 964 125 19 ascertained
783 964 41 19 this
839 965 46 23 fact,
897 965 34 19 the

499 987 81 20 further
594 988 92 25 problem
702 990 102 19 confronts
814 990 116 20 oneHow

499 1012 53 20 shall
570 1013 12 19 I
598 1014 59 19 breed
676 1021 22 13 so
712 1021 22 13 as
752 1017 20 18 to
786 1016 91 19 combine
896 1016 35 20 tho

499 1045 54 13 same
572 1039 112 20 bloodlines
694 1041 21 19 in
729 1042 79 25 exactly
826 1042 34 19 the
876 1049 55 13 same

499 1066 126 24 proportions
635 1066 9 18 ?
670 1066 22 19 Is
710 1067 16 19 it
736 1070 35 17 not
779 1068 89 25 possible
885 1069 46 19 that

498 1091 67 19 better
582 1092 74 19 results
669 1092 66 25 might
756 1094 25 19 bo
800 1094 95 20 obtained
913 1095 18 18 if

498 1124 37 12 our
552 1117 95 20 breeders
661 1124 52 14 were
727 1121 21 17 to
767 1120 67 19 utiliso
849 1127 12 12 a
874 1120 44 26 prin-

498 1143 57 25 ciple,
566 1144 50 23 that,
628 1150 22 12 as
666 1144 16 19 is
692 1144 46 20 well
747 1145 79 25 known,
844 1153 83 19 governs

498 1169 34 19 tho
541 1170 134 25 propagation
685 1171 21 18 of
715 1172 75 25 species
804 1172 21 19 in
834 1172 84 19 horticul-

497 1197 45 17 ture
551 1195 10 19 ?
596 1195 29 19 To
643 1202 81 19 express
745 1198 41 19 this
807 1198 45 20 idea
873 1205 55 13 more

498 1221 121 25 clearlylf
635 1228 12 12 a
656 1222 148 21 horticulturist
818 1224 74 20 desires
907 1227 21 17 to

497 1247 84 25 develop
598 1254 12 12 a
620 1254 44 13 new
678 1249 78 25 variety
771 1250 21 18 of
808 1251 119 25 strawberry

496 1273 68 19 whose
579 1273 160 27 distinguishing
748 1275 79 21 feature
840 1277 53 18 shall
903 1277 24 19 be

497 1301 88 17 oxtiomo
600 1300 101 24 earliness,
712 1301 26 19 ho
754 1301 71 20 selects
834 1305 20 17 to
869 1303 49 19 earli-

496 1331 52 13 ncss.
576 1325 53 20 That
638 1326 23 23 is,
680 1327 21 18 in
712 1327 35 19 the
756 1329 134 24 propagation
906 1329 21 19 of

496 1351 33 19 the
539 1358 44 13 now
592 1352 76 25 species
678 1352 25 19 ho
713 1353 98 26 carefully
818 1355 64 19 weeds
892 1357 35 17 out

496 1377 26 18 all
532 1377 67 25 plants
610 1378 44 19 that
663 1385 35 12 are
707 1382 36 16 not
752 1380 21 18 of
789 1381 35 18 tho
833 1381 93 25 accepted

496 1404 52 24 type.
577 1404 25 18 In
612 1403 41 20 like
662 1411 85 13 manner
756 1405 16 19 if
781 1406 26 19 ho
822 1405 74 21 desires
906 1409 20 17 to

495 1429 83 25 develop
585 1437 11 11 a
606 1436 44 13 new
659 1431 78 25 variety
743 1432 22 18 of
774 1432 151 26 extraordinary

495 1455 39 18 size
543 1455 26 18 ho
579 1456 70 19 selects
659 1458 19 17 to
688 1457 46 19 size.
762 1458 57 25 AVhy
835 1459 66 19 would
910 1459 16 19 it
939 1455 1 28 '

495 1483 34 16 not
551 1481 26 18 bo
595 1482 88 25 possible
702 1485 20 16 to
740 1484 69 19 follow
828 1486 35 17 out
885 1485 41 19 this
939 1481 1 26 i

495 1507 96 25 principle
614 1508 21 19 in
664 1508 34 19 tho
721 1508 99 27 breeding
848 1512 21 18 of
891 1511 35 20 the
939 1507 1 28 '

495 1533 157 25 thoroughbred,
673 1535 40 18 and
732 1535 63 20 breed
814 1538 19 17 to
852 1543 13 13 a
878 1539 48 23 type
939 1533 1 29 :

494 1559 71 19 within
581 1562 92 23 accepted
684 1560 111 21 bloodlines
805 1563 9 18 ?
841 1563 40 18 For
895 1564 29 18 in-
939 1559 1 26 i

494 1587 73 22 stance,
579 1592 86 19 suppose
676 1586 44 20 that
730 1594 12 12 a
752 1588 85 19 breeder
852 1589 73 20 should
939 1586 1 27 ]

494 1611 58 19 select
563 1618 22 12 as
593 1612 33 19 his
635 1612 54 20 ideal
698 1615 48 24 type
755 1614 22 19 of
786 1614 54 20 what
850 1621 12 13 a
871 1621 52 14 race-
939 1611 1 28 *

493 1637 58 19 horse
561 1637 73 20 should
640 1638 26 20 be
675 1640 21 18 to
706 1639 91 20 combine
805 1640 49 20 both
864 1642 60 25 speed
939 1637 1 30 J

493 1663 39 19 and
551 1665 92 23 stamina,
655 1671 26 13 an
695 1665 81 25 animal,
797 1673 42 19 say,
855 1670 35 17 not
904 1670 20 17 to
939 1663 1 29 '

493 1689 72 20 excoed
586 1691 21 18 15
618 1692 20 18 to
658 1692 22 18 16
695 1691 65 20 hands
774 1692 21 20 in
810 1693 77 26 height,
904 1695 20 18 of
939 1689 1 30 <

492 1716 53 24 good
562 1722 69 20 range,
656 1717 148 26 deep-cliested,
828 1720 96 25 standing
939 1716 1 29 1

492 1742 38 20 low
539 1748 26 13 on
576 1743 34 19 tho
617 1743 39 25 leg,
667 1744 39 18 and
716 1745 50 19 with
775 1745 35 19 the
819 1746 103 25 generally
939 1742 1 29 J

492 1769 94 24 accopted
595 1769 146 26 requirements
757 1778 21 12 as
788 1774 20 16 to
824 1774 97 23 quarters,
939 1769 1 28 i

492 1794 111 25 shoulders,
622 1797 47 22 feet,
687 1795 49 26 legs,
753 1799 37 18 etc.
818 1798 42 20 The
878 1806 44 19 pro-
939 1794 1 31 (

491 1820 54 20 blom
563 1821 49 19 then
621 1822 129 27 confronting
763 1823 44 20 him
816 1825 66 19 would
897 1825 26 20 be
939 1820 1 29 ]

492 1849 19 17 to
530 1847 60 19 select
598 1849 168 24 representatives
780 1851 22 18 of
819 1851 41 19 this
876 1853 46 24 type
939 1847 1 30 s

492 1873 39 19 and
539 1875 55 18 mate
604 1873 61 20 them.
694 1875 26 19 Of
735 1882 77 19 course,
823 1877 100 19 desirable
939 1873 1 28 s

491 1899 72 20 results
581 1900 66 25 might
657 1902 35 18 not
701 1901 26 19 bo
741 1903 148 25 accomplished
901 1904 21 18 in
939 1899 1 29 t

492 1925 33 19 the
543 1926 44 19 first
596 1926 95 26 crossing,
707 1934 22 12 or
738 1934 51 14 even
799 1929 20 18 in
830 1929 34 19 the
879 1930 43 19 first
939 1925 1 27 i

492 1953 38 18 two
548 1959 23 12 or
585 1952 57 19 three
656 1953 106 26 crossings,
781 1954 38 20 but
833 1955 89 26 through
939 1952 1 29 i

492 1980 90 17 constant
599 1978 94 20 selection
703 1987 47 18 may
764 1981 15 18 it
789 1983 34 17 not
840 1981 26 20 be
875 1988 46 19 sup-
939 1978 1 29 i

492 2004 61 24 posed
563 2004 44 19 that
617 2004 21 19 in
654 2011 69 14 course
732 2007 22 18 of
763 2007 49 19 time
826 2007 41 20 this
876 2014 44 19 par-
939 2004 1 29 t

492 2030 71 19 titular
581 2033 47 23 typo
642 2032 21 18 of
681 2032 58 19 horso
753 2033 67 20 would
840 2033 81 20 become
939 2030 1 26 (

491 2056 118 26 reasonably
631 2057 46 20 well
694 2058 60 24 fixed,
771 2059 40 19 and
824 2060 46 19 that
887 2060 34 19 the
939 2056 1 28 J

491 2082 73 19 results
574 2084 21 17 of
611 2083 97 25 breeding
724 2085 57 19 could
792 2086 47 19 then
849 2086 26 19 bo
891 2093 29 13 re-
939 2082 1 26 f

616 2122 45 5 ..IUI
670 2122 13 6 u
696 2122 139 9 vwiiwuvxuuiy
848 2120 72 17 UI'JJIUt!
938 2120 2 17 C

490 2133 20 19 of
520 2134 98 26 certainty
627 2135 9 19 ?
939 2133 1 27 i

515 2187 107 20 WHERE
636 2188 92 21 WIVES
741 2190 57 21 ARE
813 2192 68 19 SOLD.

514 2239 19 19 A
542 2241 127 19 remarkable
684 2245 75 17 custom
770 2244 150 27 exists-among

489 2265 34 20 tho
544 2265 140 21 Roumanians
702 2269 65 25 living
787 2270 21 18 in
829 2271 91 26 westerly

490 2292 139 25 Carpathians.
657 2293 67 26 Every
730 2302 54 17 year,
794 2298 21 18 at
825 2297 34 19 tho
869 2297 50 19 feast

489 2318 21 19 of
528 2318 33 19 the
575 2318 94 26 Apostles
691 2320 62 20 Peter
771 2322 40 19 and
829 2323 58 24 Paul,
909 2330 10 13 a

489 2344 78 19 market
576 2344 18 20 is
603 2345 46 20 held
669 2352 26 13 on
705 2347 33 19 tho
749 2351 52 17 crest
810 2349 22 19 of
848 2349 70 24 Gaina,

489 2370 51 19 from
555 2372 58 22 5,000
631 2373 21 18 to
667 2373 58 23 G,OOO
743 2374 42 19 feet
804 2375 64 20 above
886 2376 34 19 the

489 2396 51 19 level
563 2396 21 20 of
598 2397 34 20 the
655 2405 39 17 sea,
710 2399 40 20 and
769 2400 49 20 here
836 2401 28 19 all
886 2402 33 20 the

490 2422 146 25 marriageable
643 2424 48 25 girls
702 2425 21 19 of
729 2425 34 20 tho
773 2427 64 19 entire
843 2427 76 20 district

490 2449 99 18 assemble
596 2450 48 19 with
650 2450 143 26 theirparcnts.
822 2453 95 25 Mothers,

490 2477 64 22 aunts,
587 2476 159 26 grandmothers,
771 2479 41 19 and
839 2481 80 19 various

489 2501 57 19 other
555 2501 74 20 female
638 2502 76 20 friends
724 2505 114 21 contribute
855 2509 20 17 to
885 2507 34 19 tlie

489 2527 72 25 dowry,
582 2528 40 19 and
631 2528 41 19 this
686 2530 116 26 completed,
820 2533 16 18 it
846 2533 17 19 is
877 2539 30 13 car-

489 2553 42 19 ried
550 2560 26 12 on
585 2556 21 17 to
616 2554 34 19 the
663 2556 79 19 market,
756 2564 26 12 on
796 2558 35 19 tho
848 2559 71 24 Gaina,

489 2579 20 19 in
519 2580 69 25 neatly
597 2580 58 19 made
665 2582 72 19 trunks
756 2584 105 20 decorated
871 2575 48 30 with'

489 2606 76 20 (lowers
585 2606 76 20 carried
679 2607 27 25 by
721 2609 33 19 tho
773 2610 89 26 family's
875 2612 44 19 best

488 2632 75 19 horses.
592 2632 70 25 Cattle,
670 2633 53 25 bees,
734 2636 41 18 and
782 2637 57 19 other
848 2637 60 20 house-

488 2659 48 19 hold
545 2659 106 25 requisites
665 2666 33 13 arc
714 2661 42 20 also
775 2662 64 21 added
849 2665 20 18 to
886 2664 33 20 the

488 2685 75 24 dowry.

515 2711 30 19 On
564 2711 35 19 the
609 2712 65 20 Gaina
691 2719 59 19 every
765 2714 72 28 family
855 2717 64 19 which

489 2736 37 20 has
535 2743 13 13 a
556 2737 147 28 marriageable
714 2740 101 25 daughter
830 2744 89 24 occupies

489 2770 12 12 a
510 2763 82 19 distinct
608 2766 48 22 tent,
667 2765 21 19 in
697 2766 66 19 which
782 2766 34 21 the
826 2769 68 25 dowry
904 2770 16 18 is

490 2789 108 25 exhibited,
618 2791 40 19 and
681 2791 20 19 in
716 2792 66 20 which
803 2794 33 19 the
855 2794 55 21 bride-

489 2815 82 21 viewers
582 2822 33 13 are
626 2818 102 24 expected.
756 2819 42 19 The
808 2820 110 25 bachelors,

489 2843 38 23 too,
547 2848 34 13 are
595 2845 142 24 accompanied
757 2845 28 25 by
803 2850 82 23 parents
899 2854 22 13 or

489 2867 100 25 relatives,
608 2869 22 19 in
639 2870 66 19 whoso
720 2877 99 20 company
828 2874 48 25 they
891 2874 20 19 in-

490 2897 54 23 spect
553 2894 35 19 tho
598 2895 50 25 girls
657 2896 45 19 who
712 2902 33 14 are
761 2897 89 26 eligible.
879 2900 42 20 Tho

489 2927 69 19 young
564 2927 47 13 men
618 2921 61 26 bring
686 2922 35 20 the
730 2923 45 19 best
781 2925 48 26 they
835 2932 84 19 possess,

489 2947 40 19 and
552 2947 54 23 each,
626 2951 52 16 most
698 2949 137 28 particularly,
857 2959 64 13 comes

490 2973 48 20 with
547 2979 12 14 a
569 2973 65 25 girdle
644 2974 21 19 of
674 2975 48 25 gold
731 2982 22 12 or
763 2977 66 21 silver.

514 3000 60 19 After
597 3000 33 19 tho
649 3000 67 20 brides
737 3007 34 15 are
793 3004 73 20 chosen
886 3006 35 20 the

489 3026 68 25 public
575 3026 116 20 bethrothal
705 3028 58 19 takes
777 3029 62 26 place,
859 3032 62 25 being

490 3052 110 19 conducted
617 3052 27 26 by
658 3059 13 14 a
684 3054 73 19 hermit
773 3056 45 20 who
832 3057 50 21 lives
900 3059 21 19 in

491 3079 40 19 tbis
542 3078 68 27 loDely
621 3083 52 22 spot.
702 3081 41 19 The
756 3083 55 19 maik
823 3084 21 20 of
855 3084 55 20 betro-

491 3104 42 20 thal
552 3105 16 19 is
588 3108 36 17 not
639 3113 11 12 a
669 3106 50 26 ring,
735 3107 38 21 but
796 3116 11 13 a
822 3111 97 20 beautiful

491 3132 138 19 embroidered
649 3132 150 24 handkerchief.
828 3137 41 21 The
888 3138 22 19 be-

493 3158 74 19 trothal
578 3158 17 20 is
606 3158 19 20 in
637 3165 60 21 many
707 3167 54 14 cases
772 3165 149 25 pre-arranged,

493 3184 35 20 but
552 3184 35 20 the
610 3193 105 24 ceiemony
741 3191 55 18 must
825 3190 23 20 bo
871 3198 50 18 gone

493 3210 85 26 through
591 3212 46 19 with
653 3212 28 20 ail
691 3220 34 13 tno
735 3222 59 14 same,
824 3217 20 19 if
863 3225 11 13 a
884 3218 37 25 giii

491 3244 47 18 goes
557 3240 21 17 to
589 3238 33 21 the
639 3240 78 20 market
732 3241 95 28 knowing
844 3244 65 20 before-

494 3264 51 19 hand
554 3264 45 19 that
608 3273 24 12 an
644 3266 87 21 admirer
741 3268 41 21 will
792 3269 24 21 be
834 3270 56 20 there
900 3273 21 17 to

492 3291 57 18 claim
561 3291 42 25 her,
617 3299 21 13 so
649 3295 58 19 much
719 3295 33 19 the
760 3295 69 21 better
839 3297 32 19 fnr
881 3297 39 20 ber.

493 3316 52 26 Still,
564 3317 35 20 she
615 3322 54 17 must
686 3321 47 20 take
747 3321 36 21 her
801 3324 67 25 dowry
883 3325 36 19 and

492 3350 75 20 occupy
578 3344 35 21 ber
623 3348 51 22 tent,
684 3349 39 18 and
735 3348 56 27 place
810 3350 76 20 herself
896 3358 23 12 cr

491 3372 47 19 view
549 3372 40 19 like
599 3373 34 20 the
644 3377 45 17 rest.

1009 113 19 19 A
1041 112 176 20 MERCENARY
1240 112 96 19 CRIME.

938 164 1 25 ?
982 165 98 24 Becently
1090 165 22 18 in
1129 165 35 18 the
1173 164 56 19 State
1246 164 20 19 of
1274 165 114 19 Minnesota

956 198 13 11 a
1105 190 74 19 middle
1189 190 52 24 aged
1254 197 78 12 woman
1347 197 41 13 was

955 216 87 20 induced
1054 218 21 17 to
1084 217 68 18 insure
1165 216 37 19 her
1211 216 36 18 lifo
1256 216 32 19 for
1306 223 12 12 a
1331 216 57 25 large

955 245 90 16 amount.
1072 243 43 18 The
1141 249 46 12 man
1210 241 44 19 who
1286 242 57 19 acted
1366 249 22 12 as

955 270 61 22 agent
1025 269 33 18 for
1072 269 34 18 the
1124 268 106 19 insurance
1239 273 99 19 compary
1347 274 40 13 was

955 300 37 13 one
1002 294 66 19 whom
1085 294 37 19 she
1140 293 72 25 highly
1226 293 108 24 respected,
1348 294 37 19 and

954 319 36 19 she
1007 320 49 19 took
1071 322 34 17 out
1121 320 35 18 the
1174 319 106 19 insurance
1292 325 56 13 more
1354 320 33 18 for

954 344 34 20 tho
1011 352 87 19 purpose
1117 346 21 18 of
1160 345 84 24 helping
1259 344 43 19 him
1326 345 60 25 along

954 371 49 19 than
1019 372 101 24 anything
1127 371 47 19 else.
1203 370 34 19 He
1246 376 40 14 was
1296 370 59 20 aided
1364 371 21 19 in

953 396 32 19 his
1002 398 128 24 persuasions
1146 397 27 24 by
1183 395 57 20 anotl
1246 402 21 12 er
1280 402 47 12 man
1336 397 48 19 with

953 422 66 19 whom
1037 423 36 19 sho
1082 429 41 13 was
1141 423 42 18 also
1197 421 45 20 well
1258 422 126 24 acquainted.

1052 455 13 12 a
1079 448 57 20 woek
1155 449 52 17 after
1219 447 73 24 taking
1306 451 35 15 out
1350 449 35 18 the

953 473 105 20 insurance
1072 475 36 17 sho
1117 480 42 14 was
1176 472 89 25 brutally
1279 473 104 19 murdered

953 499 40 19 and
1014 499 38 19 her
1069 500 55 25 body
1145 499 78 19 thrown
1237 498 42 19 into
1302 505 11 12 a
1331 499 52 19 well.

951 525 66 19 Thero
1039 526 17 19 it
1077 532 42 13 was
1146 524 114 20 discovered
1280 524 27 24 by
1329 531 54 12 more

952 551 95 24 accident,
1059 551 40 20 and
1106 551 33 20 ths
1146 550 124 22 authorities,
1279 550 104 25 following

951 583 28 18 up
988 576 44 20 cluo
1039 578 53 19 after
1101 578 49 22 clue,
1165 575 92 20 fastened
1274 576 34 18 tho
1322 576 60 19 crime

951 609 54 18 upon
1015 605 40 17 two
1064 610 53 13 men.
1145 603 41 18 One
1202 602 21 19 of
1233 602 54 18 them
1297 607 41 13 was
1347 602 34 18 tho

951 628 67 19 friend
1035 629 45 19 who
1100 628 57 19 acted
1175 635 22 12 as
1212 627 79 19 adviser
1306 627 32 19 for
1348 628 33 18 the

952 660 77 13 woman
1038 656 21 17 to
1069 655 48 18 take
1125 656 36 17 out
1171 654 33 19 the
1218 654 112 22 insurance,
1341 653 39 19 and

951 679 34 19 the
995 680 57 19 other
1061 687 13 12 a
1083 687 47 12 man
1140 680 45 19 who
1194 679 41 19 had
1252 685 26 13 no
1287 678 93 26 personal

950 706 145 24 acquaintance
1118 706 49 19 with
1179 705 44 19 her.
1251 705 55 24 They
1329 711 51 13 wore

950 732 94 23 arrested,
1057 732 39 19 and
1106 732 34 19 tho
1148 732 32 19 old
1190 731 52 19 trick
1249 737 40 13 was
1298 730 52 19 tried
1360 731 21 18 of

950 758 82 24 putting
1050 758 56 18 them
1115 758 21 19 in
1148 759 91 24 separate
1257 757 47 19 cells
1317 763 22 12 so
1348 756 32 19 far

950 785 57 22 apart
1017 783 46 19 that
1080 783 49 26 they
1146 783 59 19 could
1218 785 36 17 not
1272 783 94 18 communi-

949 811 49 21 cate,
1018 809 40 19 and
1075 809 49 19 thon
1142 809 72 25 telling
1228 808 49 20 each
1292 808 44 19 that
1346 808 33 18 tho

949 834 58 20 other
1015 835 43 19 had
1066 835 59 19 made
1134 842 12 12 a
1155 835 38 19 full
1203 834 117 20 confession.
1338 833 41 20 The

949 866 46 14 ruse
1012 867 43 13 was
1071 861 114 23 successful,
1202 860 40 19 and
1260 866 37 13 ono
1315 860 21 19 of
1346 860 33 19 the

949 892 51 18 men,
1010 887 34 19 tho
1055 893 37 12 ono
1102 886 45 20 who
1154 887 41 19 had
1200 892 26 13 no
1236 886 143 25 acquaintance

949 912 49 19 with
1019 913 35 18 tho
1072 919 85 17 woman,
1172 912 104 19 confessed
1298 912 44 19 that
1354 912 25 19 he

949 945 40 12 was
998 938 35 19 the
1042 939 110 23 murderer,
1161 939 39 18 and
1213 938 57 19 acted
1279 945 22 12 as
1310 938 26 19 he
1346 938 33 19 did

949 964 63 19 under
1021 964 35 19 tho
1065 964 87 26 promiso
1166 965 21 18 of
1203 966 48 17 1000
1266 964 73 19 dollars
1357 971 22 12 as

948 996 49 13 soon
1014 997 23 12 as
1056 991 34 18 tho
1108 990 37 19 lifo
1163 991 105 18 insurance
1282 997 40 12 was
1341 991 28 18 col-

948 1016 69 19 lected.
1045 1016 40 19 His
1093 1020 55 21 story
1157 1023 39 13 was
1202 1016 140 19 corroborated
1352 1016 26 25 by

948 1042 158 24 circumstances,
1131 1042 26 19 ho
1179 1048 41 13 was
1243 1042 84 19 allowed
1345 1042 33 19 the

946 1068 99 25 privilege
1064 1068 21 19 of
1100 1064 63 29 being
1181 1074 12 13 a
1207 1068 80 19 witness
1305 1068 31 19 for
1345 1068 33 19 the

947 1094 62 23 State,
1020 1094 41 19 aud
1070 1101 45 12 now
1131 1094 34 19 tho
1180 1093 57 20 other
1246 1100 46 12 man
1303 1094 41 19 will
1353 1094 25 19 be

946 1119 52 20 tried
1007 1120 32 18 for
1046 1120 122 25 instigating
1178 1120 33 18 tho
1220 1119 88 20 murder.
1336 1120 42 19 The

947 1145 63 19 wholo
1028 1146 60 25 thing
1101 1146 38 19 has
1158 1145 72 20 turned
1244 1148 35 16 out
1296 1148 21 16 to
1331 1146 25 19 bo
1366 1153 10 13 a

946 1171 140 20 cold-blooded
1104 1172 60 19 affair
1177 1172 32 18 for
1230 1171 35 19 tho
1286 1172 48 19 sako
1357 1173 20 18 of

945 1197 106 26 collecting
1061 1198 33 19 tlio
1104 1198 35 18 life
1146 1198 112 19 insurance.

970 1223 94 26 Nothing
1072 1224 48 19 thus
1134 1225 32 17 far
1183 1224 38 19 has
1234 1224 114 25 transpired
1357 1226 19 17 to

945 1249 53 20 show
1009 1249 44 19 that
1064 1250 33 18 the
1113 1250 106 19 insurance
1228 1253 62 22 agent
1306 1256 40 14 was
1355 1250 21 19 in

945 1275 33 19 tho
1001 1276 123 25 conspiracy,
1144 1275 100 26 although
1257 1275 57 20 there
1328 1277 17 18 is
1364 1284 11 11 a

944 1304 70 22 strong
1037 1301 101 26 suspicion
1157 1302 44 19 that
1219 1301 26 19 ho
1259 1308 46 13 was.
1334 1302 42 20 The

943 1334 20 12 en
967 1333 21 14 so
1007 1327 38 19 has
1063 1327 72 20 turned
1150 1328 97 19 attention
1261 1330 21 16 to
1299 1327 77 21 similar

943 1360 60 16 cases,
1015 1354 40 19 and
1066 1354 38 19 has
1122 1354 93 19 revealed
1232 1354 35 19 tho
1280 1354 42 19 fact
1332 1354 44 20 that

944 1379 39 19 this
993 1380 17 19 is
1019 1380 34 18 the
1062 1380 55 19 third
1127 1386 21 13 or
1157 1380 70 19 fourth
1242 1380 59 19 affair
1312 1381 20 18 of
1340 1381 35 19 the

943 1405 47 19 kind
1006 1406 45 18 that
1061 1406 33 18 tho
1113 1412 47 13 man
1174 1406 63 19 about
1254 1408 20 17 to
1289 1406 25 19 bo
1323 1406 51 20 tried

943 1431 36 19 has
998 1431 51 19 been
1068 1432 108 19 connected
1193 1432 55 23 with,
1264 1432 40 19 and
1315 1432 59 20 while

943 1457 33 19 tho
986 1458 105 19 insurance
1106 1458 72 25 pooplo
1187 1464 34 13 aro
1239 1458 106 26 unwilling
1355 1461 19 17 to

942 1483 63 20 admit
1020 1483 45 19 that
1083 1484 49 19 such
1141 1484 70 25 things
1229 1490 34 13 are
1272 1484 100 25 frequent,

942 1516 54 13 some
1005 1510 21 18 of
1037 1510 54 18 them
1106 1516 35 18 say
1155 1510 44 19 that
1213 1510 48 25 they
1271 1517 34 12 aro
1315 1511 59 19 much

942 1542 54 13 moro
1010 1542 109 13 numerous
1137 1536 48 19 than
1200 1536 35 19 tho
1253 1536 69 25 public
1340 1543 33 13 are

942 1568 65 13 aware
1030 1562 27 19 of.
1085 1562 55 19 Most
1167 1563 21 18 of
1211 1562 35 19 tho
1268 1562 106 21 insurance

941 1588 81 25 policies
1035 1588 81 19 contain
1125 1588 54 20 what
1189 1588 17 20 is
1225 1588 73 20 known
1308 1595 21 13 as
1339 1589 34 20 the

942 1614 74 19 suicide
1031 1614 72 25 clause,
1123 1614 34 19 the
1171 1614 66 27 policy
1253 1615 62 26 being
1332 1615 31 20 for-

941 1640 62 20 feited
1025 1641 21 19 in
1065 1647 44 13 case
1129 1640 33 20 the
1183 1641 82 19 insured
1284 1642 89 19 commits

941 1667 75 19 suicide
1034 1667 71 19 within
1124 1666 56 20 three
1200 1673 59 20 years
1273 1667 52 20 from
1339 1668 34 20 the

941 1693 39 25 day
990 1693 21 19 of
1019 1693 72 26 taking
1098 1695 35 17 out
1143 1693 35 19 the
1185 1693 71 26 policy.
1284 1694 59 20 Some
1353 1695 20 19 of

940 1719 35 19 the
985 1720 113 25 companies
1116 1720 21 18 in
1146 1719 53 20 their
1217 1720 43 19 zeal
1277 1720 32 20 for
1319 1721 42 19 busi-

941 1752 45 12 ness
995 1746 56 19 leave
1061 1748 35 17 out
1105 1746 35 18 tho
1148 1746 75 20 suicide
1227 1746 59 20 when
1296 1754 11 12 a
1317 1748 55 25 point

940 1772 17 18 is
975 1772 66 19 raised
1060 1773 80 24 against
1158 1773 22 23 it,
1195 1772 40 20 and
1249 1779 54 13 somo
1321 1774 52 19 have

940 1797 51 20 dono
1011 1804 22 14 to
1053 1801 22 16 to
1089 1798 52 20 their
1164 1801 47 17 cost.
1239 1799 81 19 Within
1338 1800 35 19 tho

939 1826 46 23 past
993 1830 49 19 year
1049 1825 56 19 there
1122 1825 51 19 have
1191 1825 51 19 been
1256 1825 77 20 several
1343 1826 19 18 in-

940 1852 77 18 stances
1034 1850 67 20 where
1117 1857 46 13 men
1185 1851 51 19 have
1257 1852 114 19 committed

940 1877 74 18 suicide
1033 1877 52 19 after
1107 1877 78 25 having
1198 1877 63 19 taken
1283 1881 36 16 out
1341 1879 20 18 in-

940 1909 93 13 surances
1049 1910 26 12 on
1093 1903 53 19 their
1155 1903 36 21 live
1200 1903 9 21 3
1218 1903 28 21 for
1256 1904 33 18 tho
1298 1904 73 20 benefit

940 1929 21 18 of
970 1929 53 19 their
1038 1929 93 19 families.
1159 1930 26 18 In
1204 1936 11 12 a
1229 1932 67 18 recent
1305 1936 45 14 case
1360 1937 11 13 a
1388 1929 1 21 1

940 1961 46 13 man
1002 1955 48 20 took
1073 1957 35 18 out
1136 1956 69 25 nearly
1228 1958 83 22 100,000
1321 1957 49 19 dols.

940 1981 93 19 inurance
1061 1989 26 12 on
1096 1982 32 19 his
1143 1982 41 24 life,
1196 1982 39 19 and
1245 1982 21 19 in
1275 1983 40 19 loss
1322 1983 48 19 than

939 2009 39 18 two
987 2007 81 20 months
1075 2008 26 18 ho
1109 2008 105 25 destroyed
1222 2009 87 20 himself.
1338 2010 33 19 He

939 2032 92 26 objected
1041 2035 20 17 to
1078 2034 34 19 the
1131 2034 74 19 suicide
1219 2034 67 20 clause
1305 2035 21 19 in
1339 2035 32 20 his

939 2060 65 24 policy
1013 2066 22 13 as
1045 2066 27 13 an
1080 2060 121 26 unpleasant
1216 2060 61 26 thing
1286 2063 20 17 to
1315 2062 54 23 read,

939 2086 39 18 and
1000 2086 21 18 in
1040 2086 58 19 order
1120 2089 21 16 to
1154 2086 67 25 oblige
1235 2086 43 19 him
1296 2088 16 18 it
1329 2094 42 13 was

938 2113 68 17 otriiCii
1028 2113 42 18 Out.
1103 2112 92 19 >Vlictliui
1219 2112 27 19 liO
1267 2122 39 9 Jiuu
1330 2122 36 16 UIIJ

939 2137 98 19 intention
1057 2138 21 18 of
1097 2138 171 19 self-dostruetiou
1290 2139 79 25 nobody

939 2169 35 13 can
984 2163 40 24 tell,
1036 2164 38 19 but
1083 2164 16 19 it
1108 2164 17 19 is
1143 2165 43 18 safe
1203 2169 20 14 to
1232 2171 36 18 say
1282 2165 44 19 that
1336 2166 33 19 tho

938 2196 97 19 company
1045 2189 65 20 which
1122 2196 51 19 gave
1183 2190 42 19 him
1235 2191 33 19 the
1278 2191 66 26 policy
1353 2192 16 19 is

938 2222 48 19 very
995 2216 92 25 unlikely
1105 2219 20 17 to
1135 2216 53 20 issuo
1207 2216 84 20 another
1301 2218 21 19 of
1335 2218 34 19 the

938 2248 54 14 same
1007 2243 195 19 sort.Molbourno
1219 2244 62 25 Age's
1296 2251 62 13 corres-

938 2268 94 25 pondent.

977 2340 19 19 A
1009 2339 189 21 MARVELLOUS
1218 2340 104 19 ESCAPE.

963 2392 22 19 If
1000 2399 45 13 over
1055 2399 40 18 any
1108 2399 48 13 muu
1172 2399 55 13 came
1245 2399 48 13 near
1307 2394 62 26 being

938 2418 84 20 crushed
1032 2421 20 17 to
1060 2419 66 23 death,
1138 2419 40 19 and
1192 2421 33 23 yet
1236 2420 89 25 escaped,
1335 2420 34 20 Mr

938 2444 82 20 Charles
1037 2445 47 19 Sills
1100 2445 40 24 did,
1152 2452 25 12 on
1195 2445 71 20 March
1278 2447 29 18 15.
1335 2446 33 19 He

939 2477 39 13 was
988 2471 93 24 working
1091 2471 49 20 with
1154 2471 32 19 his
1196 2471 82 20 brother
1293 2472 75 25 Harry,

938 2497 79 25 getting
1026 2497 33 19 Mr
1069 2498 106 24 ilarliug's
1185 2498 73 19 timber
1272 2501 35 17 out
1316 2499 52 19 from

938 2530 11 12 a
958 2523 74 19 section
1043 2530 48 12 near
1102 2524 33 18 the
1151 2524 144 24 Mai.ngarahu
1305 2524 62 25 Peak,

938 2549 39 19 and
987 2549 86 25 hauling
1083 2550 15 18 it
1107 2553 21 16 to
1138 2549 133 20 Whakahara
1279 2549 4 26 ;
1299 2551 39 19 and
1349 2555 19 15 at

937 2575 34 19 the
980 2575 49 19 time
1038 2577 21 17 of
1069 2575 34 19 the
1111 2575 94 25 accident,
1218 2583 51 13 were
1277 2578 91 24 engaged

937 2601 20 19 in
967 2602 83 25 putting
1059 2608 12 13 a
1080 2601 34 26 log
1128 2608 24 13 ?u
1162 2602 34 19 the
1206 2609 92 18 waggon.
1327 2604 42 19 One

938 2629 38 17 end
985 2628 41 18 had
1034 2629 51 18 been
1095 2631 35 22 got
1142 2636 25 11 ou
1178 2631 19 16 to
1208 2629 33 19 the
1250 2629 68 24 wheel,
1330 2631 38 18 and

938 2654 33 19 tho
981 2654 57 19 other
1053 2655 39 18 end
1110 2661 41 13 was
1165 2655 42 25 just
1226 2657 20 17 at
1260 2656 35 18 the
1304 2658 34 23 top
1349 2658 20 17 of

938 2679 33 21 die
981 2680 51 24 skid,
1053 2681 58 19 when
1127 2681 17 19 it
1157 2687 41 13 was
1211 2688 48 12 seen
1272 2682 45 19 that
1335 2683 34 18 the

937 2706 69 19 chains
1025 2713 52 13 were
1095 2709 35 17 not
1144 2707 58 19 clear.
1231 2707 33 19 Mr
1287 2707 82 21 Charles

938 2732 46 20 Sills
1007 2735 53 18 went
1081 2733 59 20 down
1158 2740 26 12 on
1198 2733 31 19 his
1251 2734 60 19 knees
1330 2735 38 19 and

938 2759 70 23 hands,
1020 2759 40 19 and
1069 2766 41 13 was
1119 2759 98 25 reaching
1225 2760 21 18 in
1262 2761 64 18 under
1335 2761 34 20 the

938 2791 92 19 waggon,
1041 2787 20 17 to
1071 2787 37 24 put
1118 2786 34 19 tho
1161 2786 69 19 chains
1239 2786 62 25 right,
1311 2787 58 19 when

938 2811 33 18 tho
990 2812 34 24 log
1038 2812 76 24 slipped
1127 2812 28 19 oil'
1165 2812 34 19 the
1213 2812 51 24 skid,
1285 2813 40 19 and
1334 2813 35 20 fell

938 2843 65 13 across
1019 2838 32 19 his
1069 2838 57 24 back,
1142 2839 40 18 and
1201 2838 61 26 being
1276 2845 12 13 a
1305 2839 64 25 heavy

938 2869 42 18 one,
997 2864 67 19 would
1082 2864 52 19 have
1149 2864 118 26 completely
1285 2866 84 19 crushed

938 2889 47 24 him,
1005 2890 37 19 but
1064 2890 17 19 it
1098 2890 77 26 caught
1192 2892 130 25 temporarily
1344 2899 25 12 on

938 2921 53 13 some
1001 2916 57 19 other
1067 2916 73 26 object,
1156 2916 120 26 sufficiently
1291 2918 49 25 long
1350 2921 19 17 to

938 2941 58 20 allow
1005 2942 31 19 his
1046 2942 83 20 brother
1142 2945 19 17 to
1171 2946 35 22 get
1224 2950 12 13 a
1249 2944 47 25 jack
1307 2945 62 19 under

938 2968 22 19 it.
987 2968 29 19 As
1038 2969 16 18 it
1078 2975 45 18 was,
1148 2970 34 19 the
1201 2970 35 24 log
1249 2971 82 25 pressed
1348 2977 21 13 so

938 2994 80 25 heavily
1024 3001 25 12 on
1059 2994 34 20 tho
1107 2996 132 19 unfortunate
1257 3003 54 17 man,
1325 2997 44 20 that

938 3020 25 19 ho
973 3027 41 13 was
1032 3021 75 26 pinned
1123 3024 21 17 to
1162 3022 35 19 tho
1211 3022 63 25 earth,
1285 3023 32 18 his
1326 3024 43 19 face

938 3047 73 19 turned
1026 3047 64 24 black,
1102 3048 40 19 and
1157 3048 32 19 his
1199 3055 46 18 eyes
1264 3055 52 13 were
1325 3057 33 18 pro-

938 3073 89 25 truding.
1055 3073 34 19 Ho
1104 3075 117 19 afterwards
1231 3075 44 19 said
1285 3075 44 20 that
1338 3076 31 19 his

938 3099 72 19 breath
1020 3106 40 13 was
1069 3100 43 26 just
1121 3100 82 27 leaving
1211 3101 47 24 hiin,
1268 3102 58 19 when
1336 3102 33 19 the

938 3125 75 25 weight
1023 3126 21 18 of
1052 3126 34 18 tho
1105 3127 33 24 log
1157 3134 41 12 was
1211 3128 62 19 taken
1283 3128 29 19 off
1321 3128 48 19 him.

938 3151 58 19 Even
1005 3158 26 12 on
1040 3152 34 18 the
1084 3152 105 27 following
1205 3153 45 26 day,
1269 3154 33 19 Mr
1316 3154 53 20 Sills'

939 3177 43 19 face
992 3184 40 12 was
1042 3184 48 19 very
1105 3178 56 25 dark,
1171 3179 39 20 and
1219 3180 33 19 his
1261 3179 51 21 back
1322 3187 47 20 very

939 3203 60 19 much
1008 3203 87 22 bruised.

940 3270 140 21 TERRIBLE
1100 3273 58 19 END
1172 3274 34 19 TO
1226 3274 20 20 A
1259 3274 94 21 CHRIST-

1030 3297 56 21 MAS
1105 3299 173 22 GATHERING.

965 3351 79 20 Details
1093 3353 52 21 have
1186 3355 51 19 boon
1280 3357 91 20 received

939 3377 88 26 recently
1037 3378 21 19 of
1067 3385 12 13 a
1089 3379 99 27 Bhodring
1197 3381 59 20 affair
1265 3382 66 21 which
1340 3391 20 12 oc-

939 3404 71 19 curred
1019 3405 21 19 at
1049 3404 65 21 Silver
1122 3407 63 23 Lake,
1196 3407 21 19 in
1225 3408 79 25 Oregon
1315 3408 56 22 State

939 3436 26 13 on
974 3429 111 21 Christmas
1094 3432 49 19 Eve.
1171 3432 64 21 There
1242 3441 42 12 was
1293 3441 12 13 a
1314 3435 57 27 large

939 3456 109 25 gathering
1058 3457 20 19 of
1096 3458 71 25 people
1177 3459 20 19 in
1213 3459 35 20 the
1258 3461 112 20 settlement

939 3483 21 18 in
971 3489 11 12 a
990 3482 42 20 hall
1048 3484 50 18 used
1108 3485 110 25 ordinarily
1232 3486 31 18 for
1280 3488 91 24 storoage

939 3514 103 20 purposes.
1070 3509 56 26 They
1142 3517 52 13 -were
1204 3511 124 27 celebrating
1337 3514 34 19 the

939 3535 90 19 occasion
1038 3535 28 25 by
1074 3536 90 25 feasting
1178 3537 39 19 and
1228 3537 92 26 dancing,
1332 3540 39 18 and

939 3561 76 24 during
1033 3561 34 19 the
1085 3563 131 26 proceedings
1232 3570 12 12 a
1261 3563 56 26 lamp
1331 3571 40 14 was

939 3587 128 25 overturned,
1087 3589 40 19 and
1142 3592 30 17 set
1181 3590 35 19 firo
1235 3592 21 16 to
1270 3590 33 19 the
1313 3591 48 19 floor-

939 3613 42 25 ing.
1008 3613 20 19 A
1049 3614 60 25 panic
1137 3615 136 26 immediately
1296 3617 73 19 ensued

939 3646 75 19 among
1027 3640 35 19 the
1072 3641 71 19 crowd.
1171 3642 19 19 A
1199 3642 50 19 rush
1263 3648 40 14 was
1313 3644 58 18 made

939 3666 32 19 for
979 3666 35 19 tho
1023 3666 54 20 door.
1106 3667 43 19 The
1159 3669 46 23 exit,
1216 3668 99 25 however,
1331 3676 40 13 was

939 3698 22 13 so
984 3692 58 20 small
1065 3693 45 19 that
1132 3694 34 19 tho
1189 3694 71 25 people
1289 3695 82 20 became

938 3718 90 25 jammed
1049 3718 22 19 in
1089 3719 34 19 tho
1146 3719 100 26 doorway.
1273 3721 19 19 A
1315 3721 56 26 largo

939 3744 86 19 number
1047 3745 22 18 of
1091 3745 57 20 thoso
1176 3747 21 18 in
1219 3747 35 19 the
1277 3747 94 26 building

939 3770 86 19 climbed
1043 3772 21 17 to
1077 3771 35 20 tho
1127 3772 74 25 higher
1214 3773 102 24 windows,
1331 3775 40 18 and

939 3796 84 26 jumped
1033 3798 40 20 out,
1102 3798 36 19 All
1146 3798 57 22 those
1218 3799 45 20 who
1277 3800 93 19 survived

941 3822 84 26 escaped
1035 3822 20 19 in
1066 3823 39 19 this
1115 3831 50 19 way,
1176 3825 38 19 but
1228 3826 77 19 sixteen
1320 3832 51 14 were

939 3848 90 24 severely
1045 3848 80 25 injured
1136 3851 21 18 in
1172 3851 35 18 the
1220 3851 101 25 jumping,
1332 3852 39 20 five

939 3874 146 26 subsecjiicntly
1103 3876 63 26 dying
1185 3877 20 18 of
1219 3877 53 20 their
1282 3878 88 19 wounds.

939 3900 68 19 When
1024 3901 34 21 the
1068 3902 56 20 ruins
1141 3909 51 13 were
1211 3904 94 19 searched
1320 3904 51 19 after

939 3926 35 19 the
996 3926 37 20 fire
1050 3926 42 20 had
1110 3927 52 20 been
1181 3929 143 25 extinguished
1338 3930 33 19 the

940 3952 85 19 charred
1039 3959 79 19 corpses
1136 3954 23 19 of
1176 3956 24 17 40
1214 3961 83 20 persons
1320 3963 51 12 were

939 3977 120 21 discovered.

1102 57 58 20 THE
1172 56 61 21 HOT
1247 57 92 20 LAKES
1354 58 175 24 CHRONICLE,
1546 58 190 24 WEDNESDAY,
1751 57 88 20 APRIL
1853 58 18 23 3,
1887 56 56 23 1805,

82 3466 19 20 A
119 3464 102 20 Transvaal
240 3464 53 20 force
307 3466 21 19 of
343 3466 108 27 Burghers,
461 3474 12 13 a

57 3491 96 21 thousand
164 3493 73 23 strorg,
250 3491 15 20 is
284 3496 106 22 encamped
404 3500 24 13 on
439 3494 34 19 the

58 3517 108 21 Swaziland
175 3517 75 24 border,
267 3518 38 19 and
314 3518 34 20 has
359 3521 113 19 summoned

58 3544 35 20 the
102 3544 47 24 king
165 3543 20 20 of
195 3543 32 20 the
246 3544 57 20 latter
317 3545 93 27 territory
421 3548 20 18 to
449 3547 25 19 he

58 3570 92 21 installed
167 3572 117 23 paramount
301 3571 58 25 chief,
374 3579 22 13 or
409 3573 55 19 other-

56 3597 48 20 wise
113 3596 23 20 be
145 3596 88 25 deposed.

83 3622 47 21 Two
151 3622 42 19 lads
216 3622 51 25 aged
288 3623 60 20 about
373 3626 22 17 16
417 3632 57 19 years

57 3648 79 21 walked
152 3648 40 19 into
202 3654 11 13 a
221 3648 50 20 Gore
284 3649 54 20 bank
352 3651 40 19 and
406 3652 43 19 sold
463 3659 11 12 a

56 3675 59 20 email
123 3674 66 26 parcel
197 3674 20 19 of
226 3674 50 24 gold,
286 3676 99 26 receiving
401 3678 28 19 4
441 3679 33 18 13s

56 3701 33 20 for
98 3701 22 19 it.
147 3699 41 20 The
195 3699 49 20 Gore
254 3700 96 21 Standard
357 3709 25 13 on
392 3704 82 26 making

57 3726 101 26 enquiries
164 3725 62 20 learnt
235 3726 42 20 that
284 3727 33 20 the
326 3728 42 19 lads
377 3730 40 19 had
424 3730 50 20 been

56 3752 92 26 working
165 3751 31 19 for
208 3752 66 25 nearly
289 3753 55 25 eight
357 3754 48 27 days
424 3763 25 14 on
463 3764 11 13 a

56 3778 63 21 beach
138 3778 21 20 of
176 3777 34 19 the
223 3777 89 21 Mataura
325 3787 48 13 near
392 3782 71 21 Jlande-

56 3805 52 24 ville,
127 3812 22 12 so
159 3803 44 20 that
220 3803 45 26 they
274 3805 39 19 had
325 3807 56 20 made
392 3814 11 13 a
421 3809 51 26 daily

54 3837 58 19 wage
121 3831 21 19 of
152 3837 21 13 os
184 3830 43 24 6^d.

81 3857 42 19 The
133 3857 78 26 growth
221 3856 21 19 of
256 3857 33 19 the
298 3858 74 22 Omaha
391 3862 83 24 (United

54 3884 75 25 States)
139 3883 104 21 Woman's
257 3883 49 19 Club
313 3886 16 18 is
338 3887 136 24 phenomenal.

55 3910 125 26 Oraganized
189 3910 21 18 in
219 3909 54 26 May,
286 3912 52 23 1893,
357 3914 19 18 at
394 3914 34 19 the
437 3916 37 18 end

56 3937 22 19 of
83 3937 34 19 the
120 3937 94 24 f-styear
220 3935 16 19 it
242 3935 40 20 had
286 3943 45 13 over
338 3940 34 16 350
378 3941 96 20 members

56 3963 40 19 and
104 3963 36 20 has
160 3970 46 13 now
224 3968 46 14 ovor
287 3964 44 23 450,
348 3965 47 19 with
413 3968 51 24 appli-

53 3989 74 20 cations
137 3988 113 26 constantly
258 3989 86 26 pouring
352 3989 26 21 in.

80 4015 127 24 MrShelton,
223 4015 23 19 th
250 4021 8 13 a
267 4015 128 25 agricultural
408 4022 66 23 expert

54 4041 23 20 of
86 4041 132 26 Queensland,
228 4048 46 19 says
291 4041 45 20 that
353 4043 68 20 within
439 4046 35 19 five

53 4074 58 19 years
120 4069 21 19 of
150 4069 34 19 the
193 4069 80 26 present
291 4067 47 20 time
355 4068 65 20 wheat
437 4071 37 19 will

53 4093 27 20 be
87 4100 54 14 more
148 4095 86 26 popu'ar
243 4101 22 14 as
274 4101 13 13 a
296 4094 127 22 Queensland
432 4103 43 20 crop

53 4119 50 25 than
111 4127 125 20 sugar-cane,

518 3431 42 20 The
570 3432 39 25 boy
620 3433 54 25 leper
684 3436 21 17 at
715 3434 99 21 Brisbane
827 3436 35 19 haa
873 3437 47 20 been

493 3458 92 20 removed
606 3460 21 18 to
642 3458 34 21 the
690 3460 103 21 lazarettc.
828 3462 36 20 AH
887 3463 34 20 the

494 3485 61 19 books
571 3485 40 20 and
622 3485 58 20 oilier
689 3486 81 21 articles
785 3489 19 18 in
816 3488 34 20 the
866 3497 54 12 room

492 3511 22 19 of
524 3511 34 19 the
576 3511 68 20 school
656 3514 21 17 to
692 3513 62 20 which
765 3514 25 19 he
800 3515 39 20 had
856 3522 65 14 access

493 3537 48 20 have
560 3538 51 20 been
628 3538 104 27 destroyed
748 3540 41 20 and
808 3542 34 19 the
856 3549 65 14 rooms

492 3563 124 22 disinfected,

519 3597 19 19 A
562 3596 94 21 Calcutta
685 3598 72 26 cyclist
786 3600 101 27 imported
911 3608 10 13 a

492 3624 81 21 tandem
598 3623 82 26 bicycle,
701 3625 38 20 and
754 3627 48 19 with
825 3635 11 13 a
856 3628 64 20 friend

493 3652 52 17 went
553 3657 25 12 on
585 3657 11 12 a
607 3651 44 19 trial
663 3651 40 26 trip
713 3652 21 19 of
744 3653 39 23 J25
791 3654 62 20 miles.
880 3654 41 20 The

494 3676 75 26 Cyclist
579 3683 46 19 says
635 3677 44 20 that
690 3685 53 13 some
753 3680 56 20 miles
823 3683 36 17 out
869 3688 52 13 some

493 3703 118 25 large-sized
628 3704 95 26 monkeys
732 3711 54 15 came
797 3707 57 19 down
869 3708 51 20 from

492 3728 34 20 the
546 3732 54 16 trees
617 3732 20 17 to
656 3737 33 13 see
705 3732 52 19 what
773 3739 44 14 new
832 3737 89 17 creature

494 3755 40 20 this
558 3756 63 24 might
640 3757 25 19 be
678 3764 79 20 coming
780 3759 87 26 through
888 3761 33 19 the

492 3782 77 25 jungle,
588 3782 38 19 and
644 3784 21 19 in
679 3785 91 26 sporting
788 3787 57 23 spirit
861 3794 48 12 Bcam-

494 3808 59 26 pered
564 3808 59 25 along
633 3810 34 19 tha
677 3811 54 23 road,
742 3812 79 25 making
832 3820 48 18 pace
891 3813 30 19 for

492 3842 11 12 a
515 3834 45 20 mile
570 3841 22 13 or
602 3838 46 17 two.
675 3836 54 26 They
741 3845 47 12 soon
799 3839 63 19 found
879 3839 42 20 that

492 3862 58 19 there
569 3868 40 13 was
624 3862 85 26 nothing
732 3864 102 21 whatever
848 3866 21 19 in
889 3866 32 19 the

493 3895 62 19 game,
566 3888 39 19 and
617 3888 49 24 that,
677 3895 22 14 so
709 3889 32 20 far
750 3897 22 13 as
786 3892 81 25 earthly
877 3899 33 18 pro-

493 3914 88 26 gression
595 3917 59 22 went,
662 3922 53 18 paws
726 3916 81 20 weren't
817 3917 20 20 in
849 3919 16 18 it
875 3918 45 19 with

494 3941 66 26 pedals
572 3941 4 27 ;
592 3947 22 14 eo
633 3942 96 26 climbing
739 3949 27 18 up
781 3943 55 20 their
854 3944 67 19 native

493 3971 52 17 trees
556 3967 49 27 they
620 3968 119 21 bombarded
758 3969 36 20 the
812 3970 109 19 wheelmen

493 3995 47 20 with
551 3998 115 22 cocoanuts,
677 4003 21 12 so
710 3996 45 20 that
765 3996 48 26 they
824 3996 97 26 narrowly

492 4022 84 25 escaped
586 4023 75 24 injury.

785 4077 29 15 out
826 4081 6 11 1

494 4095 71 19 cjaches,
576 4095 41 20 Mies,
630 4097 42 18 ants,
687 4095 89 21 l>ed-l>ugs,
788 4097 52 14 iu?ec_
849 4095 4 21 ,

494 4115 95 17 ock-raliits,
607 4120 85 15 sparrows,
705 4116 75 19 gopliera.
801 4116 23 15 At
845 4116 75 16 chemisth

497 4134 23 15 Dd
531 4134 83 19 dlJggiats

959 4049 210 16 RHELMATISM.Itr
1181 4052 20 16 E.
1209 4052 82 17 Gordon's
1306 4053 64 21 remedy

940 4071 58 14 KBVEB
1016 4072 50 12 fails
1081 4070 18 15 iu
1117 4071 115 20 permanently
1248 4072 58 20 curing
1317 4073 43 17 Rheu-

940 4088 70 19 iiiiiti.su-,
1024 4088 91 20 Luinbugo,
1126 4090 80 21 Sciatica,
1218 4092 51 19 Gout,
1281 4093 38 18 etc.,
1338 4093 32 16 and

939 4108 77 16 nobottlo
1025 4109 47 18 ftlvcs
1078 4109 53 16 relief.
1154 4109 54 22 Pilco,
1217 4111 32 19 103,
1256 4112 39 18 post
1302 4111 16 17 fr
1327 4118 43 10 eo.

940 4127 28 17 W.
980 4128 87 19 Clayton,
1078 4127 73 18 P.OBox
1162 4130 34 15 234.
1206 4129 61 17 Donod
1281 4137 9 9 i.

1413 181 134 20 TTTHITE
1566 181 61 19 AND
1650 180 57 19 RED
1728 180 67 20 PINE
1818 181 22 18 of

1425 213 11 13 w
1443 201 19 27 V
1504 209 34 18 the
1549 206 61 21 finest
1628 206 78 26 quality
1724 207 40 19 and
1783 213 45 12 care-

1409 234 28 19 ful
1441 234 19 20 lv
1470 235 41 18 cut.

1579 259 80 19 ALSO

1409 281 97 23 MATAI,
1535 280 136 19 PUKATKA
1687 280 39 19 and
1752 279 65 19 TAW
1820 279 17 19 A

1406 306 99 26 Shingles,
1521 305 109 27 Palinges,,
1640 306 72 18 Blocks
1723 306 39 19 and
1770 305 67 19 Posts.

1445 355 12 20 A
1465 355 41 26 good
1516 354 32 21 and
1558 354 73 20 assorted
1646 355 61 24 supply
1714 355 64 25 always
1789 359 22 15 oil

1492 379 44 21 band
1543 380 18 19 at
1571 378 28 22 the
1605 378 67 22 Timber
1687 380 48 20 Yard.

1550 404 151 30 I^OTOI^UA.

1406 446 180 26 N.E.Special
1599 452 57 14 care
1666 445 75 21 taken
1759 447 23 20 in
1792 446 44 21 the

1486 474 145 24 seasoning.

1432 513 85 39 Prices
1544 513 26 38 at
1591 512 105 40 Current
1717 512 87 45 Rates,

1521 592 35 20 W.
1570 591 158 25 HENSHAW,

1701 620 107 26 Manager.

1470 681 92 31 H.C
1583 681 192 35 WRIGHT,

1476 728 139 19 SURGEON
1625 729 130 22 DENTIST.

1450 780 118 25 (Successor
1578 783 21 17 to
1610 783 27 17 A.
1648 782 23 19 L.

1427 832 88 21 Notifies
1525 832 46 20 that
1581 833 25 20 he
1624 834 18 19 is
1661 836 121 26 continuing
1799 836 35 20 the

1400 858 92 21 business
1502 858 22 21 of
1534 866 11 12 a
1556 860 85 19 Dentist
1650 864 22 17 at
1681 863 35 19 the
1727 863 105 19 Premises.

1400 886 228 24 SIIOKTLAND-ST.,
1643 889 87 20 assisted
1749 889 26 25 by
1794 889 40 20 Mb

1401 912 32 19 \V.
1446 912 24 18 H.
1482 912 106 19 Weight.
1607 912 43 21 The
1660 914 110 26 high-class
1779 915 53 20 work

1399 937 21 20 of
1433 944 33 13 luc
1476 938 41 19 Jato
1527 938 36 19 Mr
1572 939 25 19 A.
1609 939 23 19 L.
1643 941 86 26 Wright
1749 942 40 19 will
1809 942 23 19 be

1399 963 87 21 adhered
1497 964 27 25 to,
1533 965 38 18 and
1582 972 40 17 any
1632 966 38 20 left
1681 968 115 19 unfinished
1806 968 26 24 by

1402 990 37 19 bat
1451 990 117 25 gentleman
1580 992 41 18 will
1639 993 25 20 be
1681 995 113 25 completed
1805 995 26 24 by

1493 1016 4 28 t
1503 1016 23 20 lie
1536 1023 43 14 new
1589 1023 149 21 management.

1467 1077 214 31 Established
1703 1089 12 19 i
1715 1089 48 19 876-

1463 1136 96 36 John
1590 1135 36 38 J.
1657 1135 106 47 Keys,

1399 1190 119 27 Builder
1550 1190 60 27 and
1642 1190 187 34 Contractor,

1466 1227 297 28 EOTORUA.

1398 1262 107 19 Estimates
1524 1262 59 24 given
1597 1262 33 19 for
1641 1261 116 27 Buildings,
1767 1262 52 21 alter-

1413 1288 78 20 tations
1500 1289 39 18 and
1550 1288 77 25 repairs
1636 1289 21 18 in
1668 1289 25 19 all
1704 1289 99 20 branches

1552 1315 22 19 of
1585 1315 35 19 the
1627 1316 64 19 trade.

1434 1368 139 19 FUNERAL
1603 1368 174 21 FURNISHER.

1893 136 30 30 J-
1947 134 37 32 H.
2008 134 250 37 BUCHANAN,

1898 181 118 21 STOXE
2031 181 217 21 MERCHANT.

1955 214 171 17 ESTABLISHED
2137 216 47 14 1592.

1858 264 105 21 Statuary,
1984 263 143 18 Monumental
2149 262 38 18 aed
2206 262 72 18 Genera

2029 284 81 17 Mason.

1885 305 118 20 MARBLE
2022 306 61 19 AiSD
2102 304 165 20 FREESTONE

1858 338 136 19 CDIMNEY
2015 337 106 24 PIECES,
2135 336 100 24 MASES,
2246 337 32 19 Etc

1897 373 130 31 VICTORIA
2047 371 109 32 STREET
2184 371 73 35 LAST,

1948 415 250 33 AUCKLAND.

1881 482 66 24 Dcsig
1988 480 40 20 and
2048 479 68 21 Prices
2132 478 114 20 forwarded
2265 485 13 12 oi

1855 508 125 25 application
1989 509 22 17 to
2020 513 40 19 any
2069 508 47 24 part
2123 505 22 20 of
2151 504 127 20 theProvine

1855 535 84 24 Colony.

1878 610 70 46 W.
1973 606 290 54 THOMAS,

1861 669 260 24 JIOXI'MEKTAL
2131 666 128 23 MASON.

1902 703 139 23 VICTORIA
2051 702 105 20 STREET
2166 702 75 23 EAST,

1985 738 173 21 AUCKLAND.

1888 792 94 25 Orders
2001 791 29 25 in
2050 790 111 28 Marble,
2182 789 92 25 Granit

1853 827 50 24 and
1912 826 86 29 Stone,
2009 824 133 32 promptly
2151 822 52 26 and
2210 822 68 25 faith

1853 860 68 33 fully
1934 858 135 26 executed.

1880 919 111 32 Designs
2003 918 52 25 and
2067 917 83 33 prices
2159 916 56 24 free
2227 924 34 16 on

1985 951 168 33 application.

1912 1049 101 32 GEO-
2034 1049 31 31 S.
2083 1048 144 37 WOOD,

1947 1094 79 16 EPSOM
2047 1093 142 17 AUCKLAND.

1886 1131 125 21 Itiiildcr
2027 1131 24 20 Si
2062 1130 141 21 Contract
2206 1135 56 15 or.s

1934 1183 158 21 ESTIMATES
2104 1182 101 21 GIVEN.

1876 1237 85 20 Houses
1968 1236 55 20 built
2032 1237 41 19 and
2087 1234 116 22 Furnished
2214 1235 20 20 in
2245 1242 33 19 anj

1850 1263 56 26 Style
1916 1265 23 18 at
1949 1263 71 20 lowest
2031 1263 62 20 Rates
2104 1262 32 19 for
2144 1261 60 20 Cash.

1850 1316 114 20 Furniture
1982 1316 22 19 of
2023 1322 38 18 any
2082 1314 135 24 Description
2236 1321 32 20 sup-

1901 1342 55 26 plied
1967 1344 21 17 at
1998 1342 73 19 lowest
2081 1342 65 24 prices
2156 1343 23 18 at
2198 1341 34 20 the

1967 1368 94 21 Shortest
2083 1368 82 20 Notice.

1591 1557 36 20 Six
1636 1558 59 19 miles
1704 1558 54 20 from
1767 1558 58 20 Lake
1834 1558 71 26 Taupo
1916 1559 100 25 (JKotorua
2027 1558 59 26 side).

1517 1598 221 33 SUPERIOR
1771 1599 392 32 ACCOMMODATION

1585 1645 56 21 ALL
1651 1646 58 21 THE
1719 1646 145 22 COMFORTS
1875 1647 35 20 OF
1921 1647 17 20 A
1948 1646 82 21 HOME
2040 1647 56 21 FOR

1545 1686 215 33 TOURISTS
1797 1686 91 33 AND
1924 1687 207 32 INVALIDS.

1392 1773 70 28 Hot
1476 1773 203 33 Swimming
1693 1773 108 28 Baths
1938 1773 71 28 Hot
2022 1772 142 29 Douche
2175 1771 99 30 Bath}

1691 1806 120 28 Grand
1829 1806 153 28 Climate.

1492 1845 303 28 Elevationl3so
1815 1846 69 28 feet
1897 1846 110 27 above
2018 1853 60 21 sea
2087 1845 97 31 level,

1392 1925 258 27 COMPETENT
1666 1925 163 28 GUIDES
1840 1935 157 24 accompany
2008 1926 109 25 tourists
2126 1927 26 24 to
2161 1926 45 25 the
2218 1925 56 26 vari

1491 1967 46 16 ous
1550 1959 85 32 places
1648 1959 27 24 of
1686 1959 117 32 interest,
1818 1961 87 24 which
1914 1961 75 23 bailie
2002 1961 46 24 the
2060 1961 66 23 most
2138 1959 77 25 facile
2225 1968 49 24 pen

1491 1992 50 25 and
1554 2000 47 17 can
1613 1992 61 32 only
1686 1993 32 24 be
1731 1994 110 25 realized
1853 1994 77 25 when
1948 2002 68 17 seen.

1524 2039 88 27 MRS
1627 2039 37 27 R.
1684 2040 197 32 GRAHAM,
1902 2040 245 33 Proprietress.

1684 2091 279 18 c-r^e^&^j^j-BT)

1391 2127 194 25 GEYSER
1600 2127 194 25 VALLEY
1805 2128 93 20 contains
1905 2128 37 20 the
1950 2128 106 26 following
2062 2127 123 27 unequalled
2195 2127 81 20 Natura

1469 2155 94 18 wonders
1572 2154 4 26 :
1578 2154 152 24 Tuhuatahi,
1751 2162 22 12 or
1793 2155 67 20 Great
1879 2155 132 25 Champagne
2031 2155 107 20 Cauldron
2147 2154 4 26 ;
2166 2154 35 19 the
2219 2154 54 20 Groa

1468 2180 105 20 Wairakti
1583 2180 79 26 Geyser
1672 2180 4 27 ;
1685 2180 34 20 tho
1731 2182 88 25 Donkey
1830 2182 80 25 Engine
1919 2180 4 27 ;
1935 2181 35 20 the
1981 2181 84 20 Fairies'
2074 2181 53 20 Bath
2138 2180 4 27 ;
2152 2180 37 20 the
2199 2180 68 26 Lightn-

1470 2207 37 25 ing
1519 2207 47 19 Pool
1576 2207 4 27 ;
1592 2207 35 19 the
1637 2208 51 19 Case
1702 2208 26 19 do
1740 2208 85 25 Geyser,
1839 2215 23 13 or
1874 2207 103 27 Dragon's
1988 2208 70 19 mouth
2069 2217 5 16 ;
2084 2207 37 21 the
2128 2207 61 20 black
2199 2207 78 26 Geyser

1469 2233 34 20 the
1512 2234 51 19 Mud
1576 2234 79 23 Geyser
1665 2233 4 28 ;
1687 2234 34 19 tho
1733 2233 52 21 Blue
1795 2234 56 21 Lake
1861 2243 5 18 ;
1875 2234 35 20 the
1930 2234 33 20 Oil
1975 2234 53 20 Bath
2038 2233 4 28 ;
2060 2234 37 21 the
2118 2234 81 26 Eagle's
2218 2234 54 20 Nest

1470 2260 35 20 the
1517 2260 79 19 Devil's
1606 2260 71 19 Punch
1689 2260 54 20 Bowl
1756 2260 3 26 ;
1771 2261 34 20 the
1817 2261 73 20 Prince
1905 2260 21 20 of
1937 2261 77 20 Wales'
2025 2261 100 20 Feathers
2133 2260 4 26 ;
2145 2262 34 18 the
2196 2260 78 21 Mirror

1470 2287 33 20 the
1512 2286 57 20 Twin
1579 2286 79 27 Geyser
1668 2286 4 27 ;
1684 2287 34 20 the
1730 2288 58 19 Coral
1801 2288 78 25 Geyser
1890 2286 3 27 ;
1906 2288 35 19 the
1951 2287 67 20 Green
2035 2286 62 27 Pool;
2117 2286 133 26 Terekerehe,
2262 2295 12 12 o

1469 2313 49 20 Hell
1530 2313 79 24 Geyser
1618 2313 4 27 ;
1633 2313 35 20 the
1679 2313 69 20 Steam
1759 2314 105 21 Hammer.
1893 2314 85 21 Guide's
1989 2314 32 21 fee
2032 2316 21 19 to
2065 2315 80 25 Geyser
2164 2313 79 26 Valley,
2255 2317 21 18 5s

1470 2340 93 20 distance
1573 2339 52 21 from
1636 2340 34 19 the
1680 2340 62 25 hotel,
1752 2347 38 14 one
1801 2341 53 20 mile.

1390 2402 96 25 THE
1507 2401 353 33 AREATEATEA,
1879 2410 22 14 or
1911 2403 82 21 Ladder
2002 2403 86 26 Rapids.
2117 2403 43 20 The
2178 2403 100 22 Grandest

1469 2433 79 24 Rapids
1559 2433 19 19 in
1590 2433 35 19 the
1636 2433 102 20 Southern
1749 2434 137 26 Hemisphere
1895 2433 4 27 ;
1909 2434 75 26 falling
1994 2434 21 20 in
2036 2435 30 20 six
2084 2434 89 21 distinct
2190 2436 88 20 cascades

1469 2461 94 24 amongst
1579 2460 61 20 weird
1653 2460 38 19 and
1703 2462 76 24 rugged
1795 2467 91 20 scenery.
1914 2461 98 20 Distance
2024 2461 52 20 from
2088 2461 35 20 the
2143 2462 63 24 hotel,
2225 2462 53 21 three

1469 2487 64 19 uiile3.
1562 2487 75 19 Saddle
1645 2487 72 20 horses
1731 2489 22 18 to
1764 2488 47 19 visit
1820 2488 35 19 the
1864 2488 83 25 Rapids,
1959 2488 22 20 7s
1992 2488 26 20 <>d
2029 2488 55 21 each.

1537 2535 12 2 _
1587 2535 5 2 _
1822 2518 21 12 :o:

1391 2535 160 25 K.ERAF
1551 2534 62 24 MTI
1643 2542 22 12 or
1676 2535 34 19 the
1721 2536 76 20 Devil's
1808 2537 98 24 Trumpet
1917 2537 16 19 is
1950 2537 43 19 said
2013 2539 21 17 to
2056 2537 50 19 emit
2126 2544 12 13 a
2159 2544 92 19 pressure
2262 2539 16 18 oF

1468 2557 72 23 ISOlbs
1551 2561 21 19 of
1586 2563 64 17 steam
1661 2563 21 17 to
1693 2562 33 20 the
1735 2561 52 25 inch,
1803 2563 53 19 from
1867 2570 25 12 an
1908 2565 98 23 aperture
2015 2563 22 19 of
2057 2565 65 19 about
2142 2565 24 18 .12
2182 2565 69 19 inches
2261 2566 17 18 in

1468 2588 105 19 diameter.
1601 2588 99 19 Distance
1714 2588 52 20 from
1777 2589 56 20 hotel
1841 2589 57 21 three
1909 2591 38 19 and
1961 2598 10 12 a
1982 2589 45 21 half
2036 2590 56 20 miles
2100 2599 5 15 ;
2126 2591 70 20 saddle
2213 2591 65 21 horses

1468 2617 21 17 to
1502 2615 47 19 visit
1560 2614 35 21 the
1605 2615 68 23 above,
1686 2615 53 19 2s(id
1750 2616 56 20 each.

1803 2649 53 13 ALSO

1392 2677 94 24 THE
1508 2676 133 25 HUKA
1661 2676 171 33 FALLS,
1851 2678 34 21 the
1903 2678 107 21 Grandest
2018 2678 58 22 Falls
2084 2680 21 19 in
2127 2680 33 19 the
2180 2680 98 20 Southern

1468 2707 142 25 Hemisphere.
1639 2707 42 21 The
1693 2708 54 20 Falls
1759 2716 44 19 may
1818 2710 25 19 be
1853 2710 71 19 visited
1933 2716 26 12 on
1969 2710 34 19 the
2013 2716 54 14 same
2074 2709 117 26 expedition
2205 2718 21 12 as
2247 2711 31 21 the

1469 2734 78 20 Devil's
1554 2734 105 25 Trumpet.
1688 2732 162 24 Distance'from
1861 2736 54 20 hotel
1926 2736 59 20 three
1993 2737 39 19 and
2043 2744 12 12 a
2065 2737 44 19 half
2120 2737 62 19 miles.
2208 2738 70 20 Saddle

1468 2761 60 20 horse
1536 2768 23 12 or
1568 2760 71 26 buggy
1653 2763 22 17 2s
1686 2761 24 20 9d
1721 2762 56 20 each.

1511 2849 266 50 LKKE
1835 2852 333 48 HOUSe

1803 2921 77 25 AND

1440 2974 394 49 PHLKC6
1890 2972 341 51 HOT6L,

1549 3052 85 34 (Both
1648 3055 102 25 Houses
1763 3056 81 25 under
1859 3064 69 17 same
1937 3055 195 33 management)

1390 3127 201 35 Pleasantly
1610 3129 163 30 situated.

1430 3167 222 33 Magnificent
1663 3168 90 28 view
1763 3169 36 27 of
1804 3170 112 28 Maori
1925 3169 48 27 Pa
1983 3168 28 28 &
2020 3169 157 28 Rotorua
2187 3167 91 28 Lake

1491 3209 71 27 Hot
1571 3209 149 29 Mineral
1733 3211 28 27 &
1777 3212 154 34 Sulphur
1945 3210 108 30 Baths
2064 3210 37 29 in
2118 3210 160 35 grounds.

1460 3306 198 45 Buggies
1676 3309 45 33 to
1740 3309 300 35 Government
2057 3306 152 42 Baths.

1625 3402 253 43 JOSEPH
1903 3403 239 53 MCRAE,

1931 3464 281 30 PROPRIETOR.

1662 3690 349 31 THURHNGK

1392 3725 81 41 Smith
1502 3725 48 40 and
1568 3725 115 51 Carriage
1704 3725 106 47 Works,
1841 3726 81 40 Coach
1949 3728 49 39 and
2029 3727 111 53 Wjjajjon
2175 3729 103 52 Factory

1597 3793 214 22 ESTABLISHED
1827 3795 82 20 OVER
1926 3795 26 21 10
1967 3795 107 22 YEARS.

1410 3841 37 16 The
1455 3840 117 20 undersigned
1581 3845 29 11 are
1617 3840 139 17 manufacturers
1763 3842 19 16 of
1790 3842 23 16 all
1822 3842 62 18 classes
1893 3843 18 16 of
1919 3843 80 16 Vehicles
2008 3843 14 16 &
2031 3844 121 20 Agricultural
2161 3845 117 21 Implements.

1411 3863 37 15 Our
1456 3862 112 17 well-known
1576 3861 100 20 reputation
1684 3866 19 11 ns
1710 3862 86 17 Practical
1810 3863 102 17 Mechanica
1928 3864 34 16 and
1976 3864 58 18 W.P's
2047 3866 20 16 27
2082 3872 51 15 years
2145 3868 101 20 experience
2264 3869 14 16 in

1390 3885 29 15 tho
1429 3884 118 16 Australasian
1556 3882 84 19 Colonies,
1649 3883 63 20 justify
1720 3889 20 10 us
1749 3884 17 15 in
1783 3885 83 21 claiming
1877 3887 40 15 that
1932 3891 25 10 we
1973 3892 31 10 can
2022 3887 66 17 furnish
2104 3894 10 10 a
2130 3889 57 16 better
2203 3889 43 17 class
2265 3891 13 15 of

1390 3905 79 19 vet'icles,
1479 3905 94 15 consistent
1582 3903 41 16 with
1630 3903 62 16 honest
1700 3905 47 15 work
1756 3908 19 14 at
1782 3911 11 11 a
1801 3906 74 21 cheaper
1886 3909 37 14 rate
1932 3907 41 15 than
1983 3913 34 11 nv
2025 3908 19 16 of
2052 3913 31 11 cur
2093 3910 112 20 competitors

1411 3927 36 15 The
1455 3926 61 16 Public
1524 3925 36 16 will
1571 3925 36 15 find
1616 3924 14 16 it
1641 3925 18 15 to
1673 3925 44 16 their
1733 3927 98 21 advantage
1849 3929 16 14 to
1882 3928 150 17 ENCOURAGE
2051 3930 81 17 LOCAL
2151 3931 125 18 INDUSTjtY

1392 3948 54 16 where
1458 3948 42 20 they
1511 3952 31 10 can
1551 3946 44 16 have
1601 3946 29 15 the
1636 3945 79 20 pleasure
1722 3948 18 15 cf
1749 3948 59 21 seeing
1822 3949 93 16 first-class
1931 3950 79 16 material
2023 3951 34 16 an-1
2073 3952 129 20 workmanship
2218 3956 33 16 put
2265 3955 13 15 in

1389 3969 80 16 Vehicles
1477 3969 49 15 made
1535 3969 17 14 to
1561 3967 45 16 their
1612 3967 62 15 valued
1683 3967 64 17 orders.
1782 3967 3 18 .

1410 3989 152 20 N.B.Vehiclos
1570 3988 17 16 of
1594 3988 24 16 all
1625 3988 115 21 descriptions
1750 3991 85 21 repaired,
1846 3992 79 21 paluted,
1936 3993 95 16 renovated
2040 3995 34 16 and
2093 3996 51 16 mado
2160 3997 18 15 to
2193 3996 40 17 look
2250 4003 28 14 cqu

1396 4017 44 11 IIJ.V.
1645 4017 4 11 .
1955 4017 4 11 -

1392 4058 201 29 WILLIAM
1818 4061 261 35 Ooachbuilder,

1747 4098 141 27 JAMES
1908 4099 135 34 HATJA,
2064 4102 214 30 Blacksmith

1643 4129 153 17 DEVONrORT
1808 4130 76 20 ROAD,
1897 4131 149 19 TATJRANGA.
2176 4122 102 10 ******

780 4188 128 52 Ask
931 4187 94 53 for
1070 4188 289 56 Hanocks'
1393 4192 346 56 Celebrated
1785 4205 207 44 XXXX
2014 4198 144 52 Ales
2181 4193 119 57 and
2324 4194 192 54 Stout.

2509 152 122 48 ;SjA

2343 506 71 69 E.
2453 507 270 76 HARE,

2351 637 355 48 HERBALIST,

2278 797 11 21 q
2307 770 162 37 .Medical
2507 772 235 41 Eleetpieian.

2408 851 246 35 AUCKLAND.

2470 967 107 28 BEST

2332 1023 163 39 Electric
2521 1027 198 42 .Machines

2431 1097 57 20 FOE
2498 1098 71 21 SALE
2580 1100 36 20 AT

2339 1151 181 32 LOWEST
2547 1154 160 29 PRICES.

2357 1263 176 22 INSPECTION
2557 1265 130 23 INVITED.

2335 1370 78 24 From
2418 1371 46 24 the
2471 1379 79 25 many
2558 1372 66 27 facts
2632 1373 36 26 all
2672 1375 72 25 must

2302 1424 100 26 believe
2426 1426 59 25 that
2514 1427 75 26 there
2612 1429 22 24 is
2659 1431 47 23 not
2728 1438 13 17 a

2302 1479 82 33 single
2395 1481 98 25 disease
2501 1481 29 26 in
2542 1491 61 17 man
2612 1484 60 25 that
2683 1493 61 25 may

2302 1537 46 23 not
2358 1536 67 25 have
2438 1535 34 25 its
2484 1538 106 33 remedy
2603 1547 28 16 or
2640 1547 63 18 curs
2716 1540 27 25 in

2302 1601 70 17 some
2385 1591 65 27 herb
2467 1600 28 17 or
2507 1593 76 26 other
2602 1594 23 25 if
2644 1603 38 18 we
2694 1596 50 25 but

2302 1648 76 26 knew
2403 1648 85 26 which
2511 1649 85 32 plant.
2650 1651 94 34 Thirty

2302 1703 82 34 years'
2414 1704 46 25 life
2484 1703 27 26 in
2535 1704 66 26 New
2631 1705 113 27 Zealand

2303 1760 67 25 have
2384 1761 47 24 not
2441 1760 66 25 been
2517 1761 100 25 wasted
2641 1762 28 25 in
2690 1761 54 27 this

2303 1817 110 31 respect,
2427 1822 28 18 so
2467 1824 40 17 we
2520 1816 65 25 offer
2597 1820 27 21 to
2638 1817 35 25 all
2685 1817 59 26 who

2304 1871 80 24 suffer
2396 1871 56 31 just
2464 1872 71 25 what
2547 1872 64 25 each
2624 1881 58 17 case
2703 1881 28 17 re

2338 2054 54 24 Our
2406 2053 115 26 Electric
2534 2055 83 24 Baths
2629 2063 44 18 are
2696 2056 46 25 the

2303 2108 43 14 i,
2349 2109 10 12 t.
2377 2109 26 12 .:
2430 2109 27 11 at.
2464 2117 8 3 -
2507 2110 51 10 -'J.
2688 2111 29 11 mi

2278 2155 7 19 '
2302 2163 82 28 them.
2464 2165 55 24 Our
2548 2165 116 26 Mineral
2691 2166 51 26 and

2280 2215 4 37 i
2302 2219 108 33 Vapour
2422 2219 82 26 Baths
2518 2229 42 16 are
2573 2221 54 25 also
2652 2222 27 24 of
2698 2222 43 26 the

2335 2405 342 68 rIINEMOA

2305 2678 33 28 y
2375 2678 140 31 Buying
2550 2685 36 19 m
2624 2678 113 34 Large

2302 2709 206 30 Quantities,
2530 2711 17 25 I
2573 2718 56 20 am
2653 2711 84 28 thus

2300 2742 146 28 enabled
2499 2744 35 27 to
2587 2751 150 26 procure

2300 2776 106 32 goods
2449 2777 37 26 at
2521 2777 59 28 the
2616 2777 121 29 lowest

2298 2810 154 31 possible
2495 2811 123 32 prices,
2667 2812 70 27 and

2298 2843 176 27 therefore
2489 2850 56 21 am
2561 2844 37 27 in
2612 2851 20 20 a
2645 2845 72 33 posi-

2299 2876 75 27 tion
2382 2877 36 27 to
2439 2876 65 28 sell
2516 2878 38 26 at
2572 2877 164 34 cheapest

2298 2910 105 30 rates.
2439 2911 47 26 As
2512 2917 46 21 an
2577 2912 158 33 example

2299 2943 16 27 I
2338 2944 105 32 quote
2465 2943 60 27 the
2554 2944 182 35 following

2299 2976 142 28 articles
2459 2977 53 27 for
2532 2977 90 28 Gash
2636 2979 98 33 Only.

2298 3029 54 24 Jam,
2362 3028 130 21 Australian,
2511 3029 64 20 dozen
2586 3029 41 20 tins
2681 3032 12 18 G
2723 3032 13 18 0

2317 3071 13 9 ~
2349 3055 50 21 Men
2403 3055 32 21 Die
2446 3057 17 19 &
2473 3055 65 27 Dcy's
2683 3059 11 17 C
2723 3059 12 19 6

2299 3082 114 24 Kerosene,
2445 3082 69 20 White
2542 3082 54 20 Hose
2624 3083 39 20 and

2325 3108 119 25 Snowflake,
2457 3111 38 18 150
2509 3111 40 18 test
2669 3111 26 19 15
2723 3112 12 19 6

2298 3135 67 26 Sugar
2375 3136 36 20 No
2429 3137 11 19 1
2456 3136 48 20 561b
2511 3136 50 26 bags
2670 3137 25 20 14
2724 3139 12 19 6

2325 3177 12 11 ,
2382 3177 10 11 ~
2420 3163 12 19 2
2671 3165 25 19 13
2724 3166 13 18 6

2325 3202 12 12 i
2380 3205 11 9 ..
2420 3190 12 19 3
2670 3191 26 19 12
2724 3193 13 18 6

2298 3217 98 23 Tobacco,
2408 3217 33 19 Gib
2451 3216 112 27 quantiliea
2684 3219 12 18 5
2724 3219 13 19 8

2298 3243 47 23 Tea,
2356 3243 24 19 L.
2391 3243 27 19 D.
2429 3242 104 21 Nathan's
2539 3243 39 20 and
2586 3243 78 20 Nelson

2325 3268 88 22 Moate's
2425 3271 21 18 at
2457 3270 25 20 Id
2493 3270 30 20 off
2533 3270 33 20 for
2575 3270 35 20 61b
2622 3270 38 20 lots

2302 3296 64 24 Flour,
2396 3296 49 20 50lb
2474 3297 120 20 Housewife
2614 3297 41 21 and

2325 3322 113 27 Champion
2449 3330 23 13 03
2485 3324 40 18 and
2536 3325 22 18 5s
2570 3324 31 19 6d.

2300 3349 96 21 Waikato
2407 3349 100 20 Potatoes
2517 3351 22 18 8s
2550 3356 11 12 a
2575 3350 54 20 sack.

2325 3376 41 20 The
2377 3376 65 20 above
2461 3376 118 26 quotations
2598 3383 34 14 are
2655 3378 82 27 subjeot

2298 3405 21 18 to
2328 3402 79 20 market
2414 3402 137 21 fluctuations.

2325 3429 67 20 Other
2402 3429 63 25 goods
2478 3430 80 26 equally
2573 3430 70 27 cheap.

2325 3497 100 27 Monthly
2434 3499 104 23 accounts,
2553 3497 47 21 that
2612 3498 17 20 is
2638 3502 99 18 accounts

2298 3525 46 24 paid
2357 3523 113 22 deforethe
2480 3524 49 20 10th
2540 3524 23 20 of
2577 3525 72 20 month
2660 3525 66 21 follow-

2297 3551 36 26 ing
2344 3551 47 21 date
2401 3551 23 20 of
2430 3551 42 20 sale
2479 3551 41 19 will
2528 3551 24 19 be
2563 3552 80 20 treated
2651 3558 21 14 as
2679 3553 56 19 cash.

2441 3586 136 21 WILLIAM
2589 3586 120 21 ROGERS.

2362 3691 38 46 J.
2437 3691 232 48 LARKIN,

2318 3774 406 31 BOOTmHKSR,

2361 3842 324 64 F^OTORUA.

2462 3977 24 27 [a
2502 3976 72 26 card.]

2302 4019 50 49 J.
2386 4019 81 47 W
2498 4016 67 42 W
2568 4015 160 23 EieLEI

2420 4077 168 24 ARCHITECT,

2405 4120 149 20 BOTO'B
2568 4119 21 19 U
2604 4119 26 20 A;

2768 108 235 39 piTZROY
3047 108 146 23 HOTEL

2878 146 94 22 Wakefield
2982 146 34 26 St.,
3025 146 95 23 Auckland.
3129 141 32 13 '"

2816 194 135 34 Newman
2999 198 124 32 Meider

2784 649 68 20 Having
2862 649 50 16 taken
2923 648 27 15 the
2964 648 52 15 above
3026 647 108 15 well-known
3144 646 50 15 Hotsl

2765 669 33 16 will
2808 670 20 14 be
2839 668 39 20 glad
2888 670 17 14 to
2916 672 25 11 see
2951 667 34 15 and
2994 667 78 15 welcome
3082 666 22 14 all
3123 665 24 16 his
3167 665 27 16 old

2944 686 69 16 friends.

2852 723 52 17 ONLY
2915 722 39 18 THE
2961 721 53 17 BEST
3022 720 82 18 BRANDS

2823 759 18 15 of
2848 759 56 15 Wines
2909 758 33 15 and
2948 757 63 19 Spirits
3018 757 42 19 kept
3066 755 18 16 in
3090 755 49 16 Stock

2807 795 114 18 SPARKLING
2928 794 56 17 XXXX
2991 793 40 17 ALE
3038 797 21 14 on
3073 792 78 22 draught.

2764 830 55 18 Every
2826 828 108 16 convenience
2945 827 87 17 combined
3042 826 41 15 with
3090 825 62 19 civjity
3162 825 32 16 and

2784 849 71 16 comfort
2861 849 27 14 for
2895 848 70 19 country
2977 846 66 15 visitors
3050 846 33 14 and
3089 845 94 18 Boarders.!
3188 847 8 16 |

2765 919 241 46 STEELE
3040 919 153 42 Bros.

2800 1006 164 39 Mararoa
2991 1003 170 37 Sawmill:

2765 1081 116 39 DESIRE
2904 1081 23 17 to
2938 1078 67 20 thank
3022 1077 35 18 the
3076 1077 72 23 public,
3165 1077 31 19 for

2825 1103 47 22 past
2880 1102 76 18 favors,
2968 1100 42 19 and
3017 1099 37 22 beg
3062 1100 23 17 to
3093 1103 103 15 announce

2762 1125 48 18 that
2832 1124 76 21 having
2919 1128 13 13 a
2946 1122 56 21 large
3025 1121 60 19 stock
3095 1121 22 19 of
3138 1120 47 20 well-

2762 1145 98 19 seasoned
2882 1143 106 21 first-class
3010 1142 74 19 timber
3102 1147 26 15 on
3141 1142 56 19 hand

2761 1168 51 21 they
2834 1171 35 14 are
2887 1165 100 23 prepared
2998 1165 23 18 to
3033 1164 53 19 fulfil
3094 1164 69 19 orders
3174 1164 23 18 at

2761 1189 87 19 reduced
2859 1189 65 18 rates.
3146 1186 4 22 i

2762 1281 188 33 JECKLIN
2972 1280 26 31 &
3016 1275 176 38 COTTR

2768 1329 113 20 TTTISH
2892 1330 21 18 to
2920 1333 107 15 announce
3034 1326 47 21 tbat
3088 1325 47 27 they
3143 1326 51 21 hare

2761 1383 77 28 oponed
2848 1388 11 15 a
2869 1381 108 21 Butcher's
2987 1380 55 27 Shop
3058 1378 93 27 opposite
3160 1378 34 20 the

2761 1436 145 22 Court-House
2923 1435 40 20 and
2980 1435 83 26 request
3081 1440 11 13 a
3106 1431 57 21 share
3173 1430 21 21 of

2762 1490 69 28 public
2845 1491 117 25 patronage.

2836 1564 17 21 0
2869 1563 21 21 K
2906 1562 17 21 0
2939 1562 11 21 I
2965 1562 19 20 A
2999 1566 8 20 ;

2918 1613 126 24 PRIVATE

2767 1662 227 38 BOARDING
3035 1658 149 37 HOUSE

2764 1778 131 21 OPPOSITE
2913 1779 50 17 ifIHE
2981 1775 126 22 OSIVAND
3117 1771 70 22 SbLs

2980 1804 96 19 OPPIGB
3116 1815 16 10 .
3146 1804 10 15 :

2763 1837 49 21 And
2826 1844 49 13 near
2895 1837 33 19 the
2952 1835 120 21 Celebrated
3094 1832 99 21 PRIEST

2817 1870 114 23 RACHEL
2940 1869 40 20 and
2986 1869 58 19 other
3050 1866 97 24 BATHS,

2913 1900 137 21 ROTORUA.

2787 1956 120 35 MRS
2933 1952 212 40 YOUNG,

2880 2028 70 20 Terms
2965 2027 115 21 Moderate..

2761 2081 47 36 B.
2839 2081 54 43 S..
2922 2077 274 42 OORLETIS

2845 2151 258 30 ARCHITECT.
3164 2167 6 10 :

2763 2231 197 22 BUILDING
2993 2227 201 23 SURVEYOR

2795 2307 91 33 COMET
2905 2306 94 36 STORE,
3024 2305 132 33 ROTORUA.

2761 2410 210 22 DRESSMAKING
2982 2410 20 20 in
3012 2409 28 20 all
3050 2409 26 20 its
3086 2408 100 22 branches

2783 2493 60 36 M.
2869 2491 294 41 BRENNEN,

2780 2608 133 22 GENERAL
2923 2608 91 24 STORE,
3025 2607 136 20 ROTORUA.

2757 2655 67 25 Every
2838 2655 122 26 description
2972 2654 22 20 of
3012 2654 59 20 Fruit
3084 2653 40 20 and
3137 2653 39 20 Con-

2796 2682 117 25 fectionery,
2929 2681 97 24 Tobacco,
3042 2681 118 24 Cigarettes,
3179 2693 5 4 .

2839 2709 34 18 &c.
2953 2708 33 19 &c.
3066 2707 34 19 &c.

2861 2738 69 20 Finest
2940 2737 88 20 Smoked
3035 2737 49 20 Fish
3168 2737 16 26 -|

2834 2770 71 19 Finest
2919 2770 82 25 Oysters
3011 2776 26 13 on
3046 2768 72 27 hand..
3167 2779 5 10 ,-
3179 2770 7 24 f

2756 2841 50 28 7*.
2842 2838 344 31 WKRBRICK,

2756 2896 39 22 TD
2802 2895 182 20 OATBUILDER
2988 2895 15 19 &
3008 2892 182 22 CONTRACTOR

2902 2992 141 21 ROTORUA.

2787 3044 109 20 Estimates
2905 3042 106 20 furnished
3019 3041 17 19 fi
3036 3041 3 23 -
3040 3047 22 13 ee
3072 3041 22 19 of
3104 3043 50 17 cost.

2755 3100 41 40 J.
2825 3100 50 40 B.
2912 3096 272 47 BARKER,

2875 3233 189 25 Hamilton.

2768 3274 87 27 Repairs
2879 3277 20 17 to
2922 3273 93 24 watches,
3040 3271 71 24 clocks,
3135 3271 40 22 &c,

2808 3301 98 20 executed
2927 3300 102 26 promptly
3047 3298 41 20 and
3106 3300 21 16 at

2885 3327 101 19 moderate
2996 3327 60 17 rates.

2755 3354 69 25 Agent
2833 3353 32 20 for
2878 3353 99 19 Rotorua:
3015 3351 20 20 J.
3059 3349 123 21 SEVERIN

2758 3403 130 49 A.N.
2928 3402 45 46 B
3002 3401 22 21 v
3053 3401 14 20 s
3096 3402 18 19 B
3142 3401 20 20 r
3190 3410 9 6 '

2883 3455 57 20 THE
2949 3454 134 21 ORGINAL

2756 3488 150 23 VENETIAN
2913 3488 62 19 AND
2994 3487 80 20 WIRE
3092 3486 97 21 GAUZE

2862 3521 93 21 BLIND
2970 3520 111 26 MAKER,

2798 3575 28 28 J.
2845 3574 52 28 W.
2918 3572 218 32 WBIGLEY,

2833 3629 199 22 RCHIT
3066 3629 18 19 E
3116 3629 16 19 C
3164 3628 23 24 T,

2790 3657 6 13 i

2899 3682 139 21 ROTORUA.

2782 3713 71 25 Agent
2869 3711 32 19 for
2913 3711 34 19 tho
2968 3709 63 20 South
3051 3707 81 20 British
3141 3706 47 21 Fire

2755 3741 17 19 &
2783 3739 82 19 Marine
2874 3738 114 19 Insurance
2998 3736 110 24 Company.
3186 3739 7 14 ;

2805 3794 163 35 Rotorua
2982 3790 160 41 Library.

2756 3902 114 49 OPEN
2885 3901 53 21 from
2949 3902 25 19 10
2986 3908 44 12 a.m.
3040 3901 22 17 to
3072 3901 11 17 5
3091 3904 44 20 p.m.
3146 3894 36 22 and

2815 3931 13 18 6
2836 3931 26 18 30
2871 3930 21 18 to
2900 3930 27 18 10
2934 3935 16 18 p.
2956 3934 24 13 m.
2991 3926 95 25 Sundays
3094 3924 30 20 till
3131 3925 52 23 9p.ui

2756 3960 196 22 Subscription:
2961 3959 52 17 20s
3026 3962 48 18 per
3085 3956 96 18 milium

2781 3992 88 20 Visitors
2888 3996 45 19 may
2951 3995 85 20 procure
3051 3986 67 21 Books
3132 3984 50 20 from

2755 4021 34 19 the
2806 4018 86 24 Library
2909 4023 26 13 on
2951 4015 82 26 making
3051 4021 11 12 a
3074 4010 77 27 deposit
3161 4009 21 19 of

2754 4047 38 19 not
2807 4045 40 19 less
2865 4043 49 19 than
2931 4044 29 22 ss,
2978 4042 39 20 and
3033 4038 116 28 purchasing
3158 4036 22 18 Is

2754 4077 80 20 coupon
2844 4069 32 20 for
2886 4075 61 19 every
2957 4068 55 20 Four
3022 4066 68 21 books.

2780 4104 43 19 The
2841 4101 87 26 Library
2946 4101 19 20 is
2987 4105 51 20 open
3061 4095 67 23 during
3146 4090 33 21 the

2754 4129 93 25 evening.
3053 4141 7 8 .
