3280 4290
2770 157 25 21 A
2820 157 274 21 BOY-BISHOP.

2808 209 25 20 In
2863 209 75 25 stately
2962 216 51 14 nave
3029 211 23 19 of
3076 210 34 20 the
3134 210 81 20 ancient

2782 235 103 21 cathedra!
2900 236 21 18 of
2945 236 110 25 Salisbury,
3161 237 17 19 is
3203 242 12 12 a

2783 262 89 25 singular
2883 263 117 19 monument
3012 263 60 19 which
3088 265 59 17 dates
3162 263 53 18 from

2783 289 33 18 the
2834 287 111 20 thirteenth
2970 291 91 22 century.
3090 290 21 18 Jt
3139 289 17 19 is
3179 288 36 19 the

2783 314 118 20 recumbent
2918 314 64 25 figure
3006 315 23 18 of
3053 322 12 12 a
3088 318 37 22 boy
3146 315 70 19 twelve

2783 347 58 17 years
2853 341 40 18 old.
2923 343 31 16 jte
2962 340 16 18 is
2988 340 81 20 clothed
3087 341 20 19 in
3124 341 35 19 the
3175 340 40 20 full

2783 365 103 26 pontifical
2895 366 57 19 robes
2960 366 22 19 of
2992 373 25 12 an
3038 367 83 25 English
3138 367 76 24 bishop,

2784 399 62 13 wears
2853 400 10 12 a
2873 393 65 23 mitre,
2945 392 39 19 and
2991 392 59 20 holds
3058 395 33 18 the
3098 393 118 26 shepherd's

2783 419 66 25 crook,
2861 418 63 19 which
2935 425 35 13 ore
2989 418 33 20 the
3039 419 88 25 insignia
3145 420 21 18 of
3181 419 36 19 the

2782 445 103 25 episcopal
2894 444 62 20 office.

2772 470 3 27 I
2810 471 105 20 Tradition
2924 478 46 18 says
2980 471 50 23 that,
3041 472 94 25 previous
3152 474 20 17 to
3182 471 35 20 the

2784 497 104 20 sixteenth
2904 500 91 22 century,
3010 504 12 12 a
3041 498 80 19 curious
3138 500 79 18 custom

2785 531 38 12 was
2832 523 96 20 observed
2938 524 26 23 by
2976 523 34 20 the
3019 524 48 24 boys
3077 525 21 18 in
3108 524 35 20 the
3162 524 56 19 choir

2785 550 21 19 of
2824 550 41 18 this
2884 549 108 23 cathedral,
3012 550 41 18 and
3070 550 43 19 also
3136 550 21 19 in
3184 550 35 19 the

2783 576 86 24 colleges
2879 576 21 18 of
2909 575 54 19 Eton
2970 575 39 19 and
3018 575 135 20 AVinchester.

2810 602 25 18 In
2846 600 111 20 December
2966 600 21 20 of
2996 601 48 19 each
3052 608 49 18 year
3106 602 49 25 they
3161 602 59 19 chose

2784 628 52 18 from
2846 633 75 19 among
2926 626 54 20 their
2989 627 86 19 number
3084 628 35 19 the
3124 628 40 24 boy
3175 627 45 20 who

2786 660 39 12 was
2843 656 53 16 most
2912 652 88 20 eminent
3023 654 33 18 for
3069 654 31 19 his
3115 660 50 19 pure
3184 654 36 18 life

2769 678 1 21 '
2785 679 40 20 and
2834 678 33 21 bis
2871 678 133 20 faithfulness
3011 678 23 20 in
3053 679 35 20 the
3105 680 75 19 service
3198 679 22 19 of

2785 705 44 19 God
2839 705 21 19 in
2870 705 34 19 the
2919 705 80 19 church.

2811 731 34 19 He
2855 738 41 12 was
2906 731 76 19 elected
2990 730 79 25 bishop,
3082 731 40 19 and
3131 731 32 19 for
3173 731 46 19 four

2787 757 65 19 weeks
2861 757 49 18 bore
2919 757 34 18 the
2963 757 49 19 title,
3023 757 41 18 and
3073 757 103 20 receieved
3185 757 35 19 the

2786 783 79 19 honour
2871 783 39 18 due
2919 786 21 15 to
2949 783 44 18 that
3004 783 109 25 dignitary.
3140 783 21 19 It
3178 790 41 12 was

2786 816 11 12 a
2807 809 96 19 tradition
2914 808 44 19 that
2967 808 16 19 if
2992 815 40 17 any
3047 809 39 24 boy
3097 809 73 19 should
3187 809 33 19 die

2787 835 75 24 during
2880 835 32 18 his
2933 834 50 19 brief
3001 837 51 16 term
3067 835 22 19 of
3107 835 61 24 office,
3192 835 26 19 he

2787 861 73 18 should
2869 860 26 19 be
2904 860 72 19 buried
2983 867 22 12 as
3015 860 17 19 if
3043 861 24 18 he
3078 868 51 12 were
3147 868 12 12 a
3178 861 42 19 real

2786 887 83 25 pi-elate,
2879 887 22 18 in
2910 886 32 19 his
2951 886 58 19 robes
3025 887 22 18 of
3064 888 62 23 office,
3146 887 22 19 in
3185 887 36 19 the

2787 920 50 12 nave
2848 913 21 18 of
2877 913 35 18 the
2922 912 80 19 church.

2813 939 42 19 'ihe
2865 938 47 24 only
2922 938 41 25 boy
2976 938 73 25 bishop
3067 939 46 19 who
3128 938 91 20 received

2785 965 41 19 this
2836 965 48 18 final
2894 965 78 18 honour
2980 971 40 12 was
3029 965 35 19 the
3070 965 99 19 nameless
3178 965 40 23 lad,

2787 991 66 19 whose
2863 990 74 25 gentle,
2954 990 58 19 meek
3027 991 44 19 faco
3090 991 56 19 looks
3163 997 55 19 upon

2785 1023 24 13 us
2827 1018 54 18 after
2898 1016 35 19 the
2950 1016 56 26 lapse
3023 1017 21 19 of
3071 1018 32 19 six
3124 1016 94 20 hundred

2783 1050 66 18 years.

1212 84 58 20 TIIE
1284 84 59 21 HOT
1358 84 93 21 LAKES
1467 84 177 25 CHRONICLE,
1661 84 192 25 WEDNESDAY,
1868 84 87 20 APRIL
1970 86 17 23 3,
2004 86 57 23 1595,

2756 4081 69 16 Printed
2837 4082 34 15 and
2883 4082 90 25 published
2992 4084 28 17 for
3031 4086 29 15 the
3071 4086 116 20 propriootors

2776 4102 19 15 at
2808 4102 28 15 his
2850 4104 94 19 roistered
2950 4106 79 19 printing
3039 4107 48 15 oftioo
3109 4107 78 18 Rotorra

2775 4123 23 21 by
2806 4123 59 17 Pebcy
2876 4125 57 17 James
2942 4125 100 23 Hamxond,
3055 4128 17 15 of
3079 4127 84 20 Rotorua.

3053 4155 15 21 3,
3083 4155 49 21 1895,

66 141 4 21 .
92 141 20 19 A
124 142 31 18 lad
165 141 43 19 jvJ.o
219 148 53 12 some
282 141 49 19 time
338 148 36 14 aso
386 148 40 13 was
436 141 63 19 fou~d

65 167 21 20 in
98 174 26 13 an
135 167 108 20 insensible
258 167 102 20 condition
372 174 25 13 on
409 168 33 19 the
453 167 37 20 rail-

64 200 43 14 s?
133 199 48 14 near
209 193 125 26 Dajlesford
360 194 66 25 (Vic),
445 194 53 18 after

64 220 7 18 1
85 220 8 19 i
110 227 12 18 g
133 218 18 22 in
165 219 33 20 the
209 219 89 26 hospital
310 220 33 20 for
353 227 52 12 more
421 220 48 19 than
488 226 10 12 a

179 253 9 8 n
225 253 19 11 |i'
254 252 21 16 po
305 246 3 22 .
317 246 3 22 ;
338 253 21 8 ..<-
396 248 41 14 *'tr
463 246 23 10 '~
494 246 3 22 .

89 282 17 10 !..
116 279 18 12 in

85 298 47 19 eari
194 298 4 21 i
235 299 26 19 it
296 298 15 21 i;
319 298 8 21 5
335 298 7 21 i
368 299 16 18 ni
408 305 11 12 a
437 301 15 16 ti
493 298 3 21 ,

80 324 4 26 i
93 325 12 18 d
117 324 43 19 that
172 331 19 12 ii.
202 326 49 24 j>;ni]
263 333 28 14 'ii;
305 324 26 19 ofi
345 331 35 12 ilea
402 325 30 18 bid
442 324 19 19 Ik
468 331 21 12 nu-

69 351 10 18 ll
82 358 10 11 t-
104 351 69 19 miioeii
185 351 29 19 his
225 350 80 25 footing
314 350 39 19 and
364 350 41 21 fell.

57 407 3 27 .
67 413 57 21 gnc
147 409 22 18 <f
185 407 34 20 the
244 407 67 22 woild,
332 410 36 17 not
395 407 103 26 including

66 435 137 21 Iccomotire*,
233 434 23 19 <f
287 434 64 19 which
386 434 56 20 there
465 441 33 12 are

68 460 92 22 305.CC9,
176 460 48 19 with
242 466 10 13 a
263 460 50 19 total
329 460 139 25 borpc-power
478 461 20 18 of

58 487 121 23 3,0C0,0C0,
190 486 17 19 is
216 488 125 22 46,000,000,
358 485 63 22 which
432 493 55 18 repre-

67 516 57 16 sents
146 512 27 19 all
197 512 35 20 the
254 513 56 18 force
328 512 45 19 that
395 512 59 20 cculd
475 513 23 19 be

67 538 83 21 cxeited
173 537 26 27 by
226 540 153 22 1.G00,C00,000
401 545 52 17 men,
476 545 23 13 or

68 571 13 13 n
89 571 35 13 ore
143 564 48 20 than
216 564 56 21 twice
295 564 35 20 the
344 565 49 19 total
409 564 89 27 woiking

68 590 120 27 population
198 592 22 18 of
230 590 35 21 the
272 590 65 21 entire
346 591 63 25 globe.

92 623 19 21 A
122 631 76 13 women
207 625 21 19 in
238 624 115 24 Columbus,
362 625 49 23 Mo.,
419 625 40 19 bad
478 627 20 17 to

66 650 62 25 briDg
146 651 42 18 suit
203 651 81 24 against
304 650 37 19 her
356 649 100 26 husband,
477 658 21 12 as

63 679 75 21 eounty
145 679 106 21 treasurer,
259 679 21 16 to
285 676 72 19 reduce
367 677 34 19 the
407 677 91 19 taxation

66 708 26 14 on
99 708 55 13 some
164 703 21 18 of
193 702 37 19 her
239 705 102 23 property.

170 769 23 12 on
289 766 55 16 Clears
357 768 29 14 out
400 767 39 18 rats,
453 771 43 11 ivre

148 785 40 19 flies,
259 785 89 20 bed-hugs,
363 785 4 20 :
368 788 58 16 'jrrcl?,
440 786 56 15 bLji':

63 804 97 18 ock-rabits,
178 808 87 17 cpairows,
278 804 75 21 gophers.
374 806 23 14 At
419 805 23 15 '..
451 805 44 15 xikts

76 823 9 15 d
97 823 84 21 diaggists

547 142 17 18 A
585 141 59 19 novel
663 148 45 12 case
727 141 22 19 of
764 140 143 22 cisbandmest
917 141 34 19 has

520 167 95 20 recurred
626 174 71 18 amorg
708 167 34 19 the
762 166 125 25 QueenscJifE
914 168 37 19 Per

520 196 82 17 manent
621 194 106 22 Artillery.
756 193 42 20 Ihe
815 194 135 19 Government

521 220 34 18 had
564 219 118 20 announced
694 219 44 19 that
755 226 45 12 men
816 220 43 19 who
879 220 71 19 wished

521 245 3 25 ;
552 246 46 19 'nkf
609 246 52 19 their
670 245 106 24 discharge
786 246 65 19 would
862 246 25 19 be
906 246 44 24 paid

520 273 42 19 25
572 272 42 19 >V>ni
632 271 62 20 ensati
712 279 9 12 n

586 305 47 18 prop
661 298 20 19 id
706 300 21 17 to
746 297 71 21 reduce
835 299 35 18 the
897 298 54 20 force

519 324 88 25 slightly,
619 324 37 20 but
668 325 37 18 KM)
715 327 35 16 out
761 324 22 19 of
796 325 36 19 170
843 332 43 12 nun
902 325 49 18 have

518 352 45 18 sent
572 351 20 18 in
601 350 54 19 their
676 357 79 18 papers,
774 351 39 18 and
830 354 67 16 others
916 356 34 14 are

517 376 96 26 expected
623 381 20 14 to
651 376 75 19 follow.

543 418 33 19 An
585 418 80 25 inquest
673 417 89 19 hasbeeu
769 417 45 20 held
823 417 115 25 atirming-

519 444 43 19 ham
572 451 26 12 on
610 451 10 12 a
632 444 38 23 girl
682 444 21 18 of
715 444 30 21 17,
755 444 66 19 whose
832 444 61 19 death
910 451 40 12 was

517 469 115 21 attributed
653 472 20 16 to
687 469 39 19 drit
735 470 49 23 king
811 470 82 24 vinegar
910 470 38 19 and

517 496 57 19 other
582 496 123 25 compounds
724 495 33 20 for
771 496 36 19 the
824 503 86 19 purpose
929 496 21 19 of

517 522 103 25 becoming
630 522 82 19 thinner
722 522 38 19 and
773 522 61 24 paler.

590 578 147 20 INSURE
764 578 106 21 WITH

517 616 21 14 li
552 615 11 15 B
579 615 41 15 SOU
626 614 27 14 111
665 613 92 17 BEITCSH
767 614 53 15 FIltE
832 613 12 17 &
858 613 91 17 MARINE

595 642 42 16 Coy.
647 642 30 15 OF
686 642 54 15 NEW
750 642 113 15 ZEALAND.

516 675 18 15 C.
553 678 38 11 wal
853 672 97 21 .1,900,000

576 705 90 16 Unlimited
674 705 64 19 libalily
743 705 17 14 of
766 705 121 16 Shareholders.

517 729 53 20 Being
576 735 10 10 a
594 729 72 15 Colonial
673 729 95 14 Institution
775 729 60 14 l'roiits
840 734 28 10 are
874 729 74 15 invested

698 747 65 21 locally.

800 816 18 16 3.
825 815 29 18 W.
861 815 87 20 Wiijley.,

442 1004 14 34 T

663 1093 33 34 4.

370 1184 166 84 W*>

886 1305 35 30 m

294 1349 52 25 KM\

831 1517 121 94 m

832 1577 120 40 MM

164 1564 45 28 m

280 1643 36 24 &

335 1688 33 24 m

323 1719 26 20 **

273 1745 26 23 (s>

307 1743 26 25 0

225 1798 78 26 D.C.L.
307 1800 74 24 BRAND

241 2011 53 24 K

569 1648 71 32 OLD
662 1656 72 25 and
758 1650 161 32 MELLOW

440 1691 62 32 fHt
525 1689 143 35 FINEST
690 1685 164 44 WttiSKT

416 1731 208 35 SCOTLAND
657 1733 229 37 PRODUCES

432 1863 190 46 Proprietors-

336 1913 104 59 m
463 1912 282 66 DISTILLERS
779 1914 52 64 C?
860 1916 51 67 Ip

58 2074 273 36 WHOLESALE
352 2074 182 45 AGENTS,

343 2137 50 23 j.
421 2135 54 25 U.
504 2135 35 26 X\
548 2133 41 28 ii
597 2137 23 24 J.
630 2139 126 24 JELjnLJL*
790 2145 38 19 uo
857 2133 41 33 (J(

287 2242 98 65 D.
460 2242 74 67 S

55 2549 484 64 .Manufacturers
559 2554 59 58 &
630 2554 311 72 Importers

59 2918 416 76 Curtains.

58 3371 370 76 Household
484 3376 127 73 and

51 3739 297 82 Tailoring,
388 3741 404 75 Dressmaking
826 3746 108 58 and

346 3818 302 75 .Millinery,

198 4096 159 68 Queen

422 3968 325 121 olllLllo,
797 4020 64 60 LID.

425 4101 49 63 t,
513 4097 258 58 Auckland.

1019 982 57 22 Under
1087 983 128 26 Distinguished
1225 983 90 26 Patronage
1325 984 52 21 ofliis
1389 985 100 26 Excellency
1500 986 27 21 the
1538 986 83 21 Governor
1628 986 27 21 the
1667 986 36 20 Earl
1713 986 18 21 of
1736 986 72 22 Onslow.

1035 1079 137 64 HOT
1204 1079 301 67 SPRINGS
1549 1082 253 74 HOTEL,

1155 1178 125 45 TE
1310 1179 364 48 KRGHH.

1011 1272 54 23 The
1090 1272 56 24 best
1166 1272 128 28 Situated,
1316 1274 43 22 the
1381 1276 67 22 most
1471 1275 187 30 Comfortable,
1684 1275 45 26 the
1756 1277 60 25 best

1193 1306 141 32 appointed
1348 1307 80 24 Hotel
1440 1316 28 16 in
1479 1310 33 23 Te
1525 1309 96 26 Aroha.

1000 1345 50 33 Adj
1063 1347 47 24 tins
1138 1347 75 33 (with
1236 1349 105 24 Private
1364 1350 140 33 Entrance)
1524 1351 45 24 the
1594 1352 123 24 Thermal
1743 1352 112 33 Springs

969 1378 120 32 Domain,
1110 1381 88 25 Tennis
1210 1382 82 24 Court
1301 1383 28 23 in
1342 1383 119 26 Domain.

1152 1446 94 24 Terms
1247 1448 61 23 6s
1319 1455 47 24 per
1380 1446 55 35 day*,
1455 1450 45 24 30s
1519 1457 46 26 per
1582 1449 74 26 week

1141 1513 55 39 W.
1218 1513 40 39 H.
1281 1513 93 41 KNO
1402 1516 28 39 K
1482 1517 207 48 Proprietor.

993 1594 42 21 The
1045 1594 64 21 Baths
1119 1596 40 20 and
1175 1596 97 28 drinking
1291 1600 71 18 waters
1380 1604 33 14 are
1433 1599 108 27 especially
1560 1601 112 20 efficacious
1691 1601 20 21 in
1731 1601 67 28 Gouty
1816 1603 39 22 and

967 1620 122 22 Rheumatic
1097 1622 112 27 affections,
1218 1622 76 27 Oronio,
1306 1624 121 29 Dyspepsia,
1444 1626 106 20 Disorders
1569 1626 22 22 of
1609 1627 34 20 the
1662 1627 89 29 Uriuery
1769 1629 85 28 Organs,

967 1646 115 22 Outoneous
1091 1648 100 27 Diseases,
1212 1648 80 33 Splenic
1310 1650 41 22 and
1360 1650 87 29 Hepalic
1456 1652 114 27 Disorders,
1588 1653 96 22 Diseases
1702 1654 40 22 due
1751 1657 22 20 ot
1780 1655 75 23 Excess

966 1674 86 26 Acidity,
1064 1674 119 28 Neuralgia,
1199 1675 92 22 Sciatica.

1072 1726 73 23 Public
1154 1728 52 21 nail
1225 1729 40 20 and
1284 1729 80 27 Sample
1383 1730 64 22 Room
1458 1733 109 20 connected
1578 1733 48 21 with
1636 1733 35 22 the
1681 1733 69 21 Hotel.

965 2679 452 76 CENTRAL
1502 2681 347 86 HOTEL,

1113 2765 58 28 HIGH
1190 2765 34 26 ST.
1245 2764 38 26 and
1301 2764 110 28 VICTORIA
1421 2767 33 26 ST.
1471 2767 64 31 EAST,
1559 2767 128 26 AUCKLAND.

1014 2827 43 20 The
1076 2826 64 19 nhovo
1160 2824 108 21 Favourite
1285 2824 40 19 and
1348 2824 142 21 Commodious
1509 2825 63 20 Hotel
1591 2826 76 19 affords
1685 2827 166 20 EXCELLENT

962 2850 242 25 ACCOMMODATION
1237 2850 32 19 for
1294 2850 141 27 TOURISTS,
1471 2852 182 21 TRAVELLERS
1680 2854 16 19 &
1723 2854 128 20 VISITORS

962 2881 45 19 who
1016 2880 42 19 will
1067 2879 76 20 receive
1154 2883 60 19 every
1223 2876 90 21 Comfort
1327 2877 41 19 and
1383 2878 111 21 Attention.

1397 2911 10 12 o

1003 2931 81 27 Sample
1094 2931 75 20 Rooms
1179 2930 32 19 for
1220 2928 184 21 COMMERCIAL
1414 2930 182 21 TRAVELLERS
1606 2931 101 20 available
1717 2934 20 19 at
1747 2933 28 20 all
1785 2934 64 20 times.

1400 2963 20 13 o-

1014 2984 91 26 Charges
1115 2983 110 20 Moderate,
1250 2981 116 22 SPECIAL
1372 2982 88 21 RATES
1467 2984 33 19 TO
1510 2984 176 20 PERMANENT
1693 2985 155 22 BOARDERS.

1401 3017 10 10 o

1011 3036 106 21 Excellent
1126 3036 89 20 Cuisine.
1243 3034 96 26 Spacious
1353 3036 40 19 and
1411 3036 181 21 Well-Ventilated
1610 3037 116 20 Bedrooms.
1762 3039 86 20 Billiard

958 3064 65 21 Room
1034 3062 48 23 with
1092 3066 39 17 two
1141 3061 104 20 first-class
1254 3061 72 19 tables.
1355 3061 43 21 Hot
1412 3062 16 20 &
1438 3063 51 19 Cold
1502 3063 81 25 Plunge
1594 3064 15 18 &
1620 3063 81 20 Shower
1710 3064 71 20 Baths.

1124 3093 78 24 Wines,
1215 3093 72 26 Spirits
1297 3092 39 20 and
1346 3093 48 20 Ales
1404 3094 21 19 of
1435 3094 34 20 the
1481 3095 42 19 best
1534 3094 79 20 Brands
1621 3095 53 25 only.
1854 3092 1 28 >

1108 3154 41 39 S.
1181 3153 39 39 C.
1249 3135 459 67 CAULTONTProprletor.

961 3275 515 49 SPECIAL
1536 3275 2 49 i

1005 3406 193 44 Cutlery,
1235 3404 258 41 Hardware,
1532 3404 265 44 Brasswass,

1096 3473 149 35 House
1263 3471 275 46 Furnishing
1539 3484 5 8 1
1559 3473 143 36 Goods

1238 3529 54 33 (in
1303 3530 99 32 great
1414 3530 147 33 variety)

957 3595 156 34 Nickle
1141 3594 87 35 and
1254 3593 96 35 E.P.
1378 3594 166 44 Spoons
1580 3593 87 35 and
1701 3594 141 35 Forks

1257 3654 95 38 E.P.
1382 3656 156 34 Cruets

1094 3715 89 35 Tea
1207 3714 116 41 Pots,
1348 3714 157 35 Butter
1534 3713 158 36 Dishes

955 3783 103 35 Jam
1077 3784 167 45 Spoons
1499 3783 158 35 Butter
1674 3783 166 35 Knives

1214 3835 146 45 Sugar
1409 3836 150 44 Tongs

1134 3893 80 32 etc.
1357 3892 78 37 etc.
1581 3892 79 32 etc.

1042 3973 272 39 SPLENDID
1364 3972 387 40 ASSORTMENT.

1075 4069 81 46 &c
1200 4067 79 46 J\
1327 4066 303 46 DICK

1159 4125 93 44 234,
1288 4124 148 46 Queen
1472 4127 154 41 Street.

1111 142 631 58 WAIWERA
1850 142 777 70 SANATORIUM,

1816 215 123 35 AND

1666 264 664 71 UsMHefcllSriH

972 370 87 33 Only
1087 371 43 26 30
1160 370 100 27 miles
1291 371 113 27 North
1434 372 37 26 of
1497 371 190 31 Auckland,
1719 370 88 27 with
1836 371 97 33 daily
1963 371 295 27 communication
2289 373 87 26 with
2404 373 114 27 Coach
2549 380 40 20 or
2609 372 155 28 steamer

1301 412 54 21 See
1369 413 167 20 advertised
1546 413 84 20 Time
1647 412 77 21 table
1736 412 30 20 of
1774 419 45 14 s.s.
1835 412 79 21 Rose
1924 413 99 27 Casey
2035 414 57 19 and
2110 413 129 20 Butler's
2249 414 32 20 R.
2295 414 37 20 M.
2350 414 105 21 Coach.

971 448 104 63 fHE
1100 447 119 24 ABOVE
1234 447 297 25 ESTABLISHMENT
1541 447 139 25 STANDS
1695 448 232 24 UNRIVALLED
1940 457 27 16 as
1984 458 15 15 a
2009 449 92 24 Health
2111 457 28 16 or
2152 449 111 31 pleasure
2276 450 97 28 Resort,
2385 450 48 24 and
2446 451 42 24 has
2502 450 89 32 special
2613 450 153 30 advantages

1057 480 39 23 for
1108 480 77 24 either
1209 480 111 24 Tourists
1336 490 26 14 or
1377 482 114 27 Invalids,

1209 579 250 31 BEAUTIFUL
1479 580 210 37 SCENERY,
1710 580 303 35 SEA-BATHING,
2037 581 200 36 BOATING,
2260 581 186 38 FISHING,
2467 582 57 32 &c

1406 621 162 31 CUSINE
1597 622 86 30 AND
1715 622 265 32 ATTENANCE
2011 623 54 31 OF
2094 623 91 30 THE
2209 623 119 31 BEST

977 662 92 23 Famed
1081 662 37 24 for
1131 663 29 23 its
1174 663 116 23 Curative
1303 662 92 23 natural
1409 663 103 23 medical
1526 663 53 23 Hot
1591 662 102 32 Springs
1705 664 46 23 and
1766 664 81 24 Baths.
1883 665 37 23 As
1933 664 40 24 the
1988 665 101 31 Springs
2101 664 48 24 and
2163 664 74 24 Baths
2250 673 41 14 are
2301 664 40 24 the
2355 670 113 26 property
2481 666 26 23 of
2518 666 40 24 the
2572 664 84 28 Hotel,
2669 664 98 24 visitors

1007 704 42 15 are
1059 696 110 31 supplied
1179 696 58 24 with
1247 695 103 27 Towels,
1363 696 48 22 and
1424 704 43 15 can
1476 696 57 23 take
1542 704 31 15 an
1586 696 125 24 unlimited
1724 697 102 24 number
1839 698 25 23 of
1877 697 73 24 Baths
1962 703 25 19 at
1999 706 46 23 any
2058 698 59 24 time
2130 698 25 23 of
2165 698 40 23 the
2218 697 47 32 day
2281 697 76 27 FREE
2370 698 64 24 from
2447 706 46 24 any
2502 699 88 32 charge
2602 699 131 23 whatever.

1207 736 226 39 TARIFF
1451 738 121 38 PER
1586 738 142 46 DAY,
1750 741 53 37 8s
1818 740 71 45 6d;
1926 740 121 38 PER
2061 739 194 46 WEEK,
2277 740 71 37 2
2367 739 66 39 10.

1171 791 233 31 COTTAGES
1423 792 60 31 TO
1524 793 82 30 LET
1633 793 51 31 BY
1707 794 92 30 THE
1823 794 137 37 WEEK,.
1984 794 170 37 MONTH,
2175 795 56 29 OR
2253 794 89 30 THE
2380 794 183 32 SEASON-

972 833 50 23 For
1039 840 46 23 any
1099 832 155 24 information
1267 832 111 32 required
1393 833 80 31 please
1486 835 71 31 apply
1570 840 25 18 to
1609 835 126 31 Manager.

1527 876 59 44 A.
1614 876 54 39 A.
1696 876 203 49 SMITH,
2021 878 279 45 Proprietor.

1877 1211 816 73 COACHIMGLIN

2062 1418 525 51 BETWEEN

2390 1604 18 22 3
2448 1605 44 19 m
2576 1618 32 7 __

1991 1614 269 41 Kotorua
2297 1619 116 37 ana
2451 1611 214 62 Taupo.

2061 1759 217 27 OFFICIAL
2301 1760 283 29 TESTIMONY.

1978 1818 133 38 HITCH
2119 1820 101 38 EN'S
2246 1806 150 54 bIoOD
2419 1824 243 38 RESTORER

1876 1865 41 15 Won
1925 1865 39 21 high
1972 1866 72 16 honours
2051 1867 18 16 at
2077 1867 27 17 the
2112 1868 74 16 Colonial
2194 1868 91 18 Industrial
2292 1870 97 17 Exhibition
2400 1872 38 15 held
2446 1872 17 17 in
2472 1873 109 19 Wellington,
2589 1873 33 16 and
2635 1873 17 16 in
2667 1873 26 15 the
2704 1873 50 16 oflici;i

1913 1888 57 17 report
1977 1887 88 15 submitted
2074 1888 16 14 to
2098 1887 28 16 the
2134 1887 113 18 Government
2258 1889 27 17 the
2293 1889 85 22 following
2385 1892 84 15 reference
2477 1898 33 9 was
2518 1893 47 16 made
2572 1894 17 14 to
2596 1893 36 15 it.-
2651 1887 3 24 .

1905 1905 58 21 Henry
1971 1907 20 14 A.
2004 1905 23 17 H.
2033 1905 87 21 Hitebons,
2126 1906 94 21 A.uokland,
2229 1909 47 15 sends
2282 1914 9 10 a
2298 1910 53 18 small,
2359 1910 32 16 but
2398 1912 78 15 valuable
2483 1912 69 18 exhibit,
2561 1912 90 19 consisting
2664 1914 19 15 of
2695 1918 11 11 a
2713 1919 40 12 vege

1881 1925 37 15 able-
1925 1926 92 19 compound
2025 1926 43 15 from
2076 1926 42 16 New
2126 1927 15 14 Z,
2148 1933 8 8 a
2160 1927 37 16 land
2205 1927 53 21 herbs,
2264 1929 27 14 for
2297 1929 26 16 the
2330 1934 39 11 euro
2377 1931 18 15 of
2409 1931 107 19 Indigestion,
2532 1933 119 17 Rheumatism,
2666 1933 88 17 Rhcumati

1874 1944 47 16 Gout
1930 1944 33 16 and
1970 1945 97 20 Impurities
2072 1946 19 15 of
2095 1945 29 17 the
2135 1947 56 17 Blood.
2213 1947 96 18 Themaker
2315 1948 34 17 and
2355 1950 83 17 exhibitor
2452 1951 57 16 claims
2523 1952 26 15 for
2566 1952 32 15 this
2610 1953 78 15 medicine
2700 1959 54 10 sevcra

1874 1964 90 19 important
1971 1969 22 16 qu
2000 1964 53 20 ihties,
2062 1966 32 14 and
2104 1966 28 15 has
2140 1967 58 19 gained
2206 1966 28 17 the
2245 1967 35 17 first
2288 1967 47 18 order
2342 1969 18 16 of
2370 1969 49 16 merit
2426 1971 43 15 from
2478 1972 28 15 the
2516 1971 66 20 judges.
2610 1973 35 14 The
2659 1974 95 18 preparatio:

1874 1988 13 9 is
1893 1985 31 14 not
1932 1985 17 15 to
1957 1985 20 14 be
1984 1985 104 14 confounded
2097 1985 38 15 with
2143 1986 78 20 ordinary
2229 1987 54 20 quack
2291 1988 93 19 medicines,
2392 1988 86 18 inasmuch
2485 1995 17 11 as
2510 1992 11 14 it
2537 1991 14 16 is
2565 1992 26 14 the
2599 1992 69 18 product
2682 1993 18 14 of
2713 1998 38 10 man

1874 2006 48 16 years
1929 2006 18 13 of
1956 2006 52 18 study
2015 2006 34 14 and
2055 2006 120 19 investigation
2178 2006 22 20 by
2208 2011 21 10 an
2237 2008 72 14 eminent
2316 2008 83 19 physician
2408 2010 18 14 of
2431 2010 28 15 the
2468 2012 50 18 Army
2526 2011 71 15 Medical
2608 2011 45 18 Stall,
2662 2011 39 17 with
2709 2009 45 19 who/

1875 2024 27 13 the
1909 2024 83 14 exhibitor
1999 2024 58 15 served
2064 2024 48 15 durn.
2114 2029 11 14 K
2133 2025 28 15 the
2173 2025 41 15 New
2223 2026 69 14 Zealand
2305 2032 34 10 v,a\-
2352 2033 18 9 as
2383 2028 78 17 assistant
2472 2029 89 21 Dispenser
2567 2031 19 15 to
2603 2031 27 15 the
2644 2031 110 17 NewZealaa

1874 2042 58 15 i'orces
1959 2043 28 14 Mr
1994 2043 23 15 Hi
2026 2044 49 14 chcus
2083 2045 74 18 explains
2165 2045 37 15 that
2210 2046 28 14 the
2245 2051 46 9 cures
2298 2047 18 14 of
2323 2047 122 21 Rheumatism,
2453 2051 30 16 etc,
2492 2050 68 15 elfected
2568 2051 21 18 by
2603 2050 25 15 bis
2639 2050 86 20 medioine,
2736 2057 18 10 ar

1874 2062 31 15 due
1911 2063 71 19 entirely
1989 2067 17 11 ,o
2013 2063 21 15 its
2041 2062 92 17 wonderful
2142 2065 47 14 ehoct
2197 2070 43 14 upon
2248 2065 28 15 the
2283 2065 48 17 blood
2344 2067 22 19 by
2380 2067 22 16 its
2409 2068 90 21 cleansing,
2507 2070 91 19 purifying,
2610 2070 33 16 and
2652 2070 99 19 invigoraliu

1874 2084 60 16 power-
1956 2082 18 16 It
1983 2086 15 12 is
2003 2082 48 17 made
2057 2082 45 16 from
2108 2082 43 18 New
2157 2083 74 18 Zealand
2239 2084 49 17 herbs
2293 2086 35 16 and

2111 2131 221 26 NOTABLE
2366 2134 162 26 CURES.

1963 2162 2 27 i
1974 2162 17 18 is
2001 2162 58 19 made
2069 2162 22 19 of
2100 2162 34 20 the
2144 2162 106 27 fellcv/ing
2257 2171 22 12 as
2289 2171 10 13 a
2309 2164 39 21 few
2356 2166 21 19 of
2385 2166 34 21 the
2429 2167 108 21 multitude
2547 2167 21 20 of
2577 2174 57 13 cures
2643 2168 111 21 effected:-

1893 2194 136 21 SciaticaGapt
2053 2197 92 18 Farquhar,
2154 2202 12 11 s.
2177 2202 12 10 s.
2210 2197 101 18 'Clansman'
2385 2206 16 9 t\
2556 2207 27 8 it.
2642 2194 3 21 i
2729 2194 4 21 ,

1875 2214 88 17 Auckland
1966 2214 57 18 whose
2028 2220 77 12 case-was
2109 2216 97 17 considered
2210 2218 20 16 to
2235 2217 20 16 be
2260 2218 51 19 hope-
2329 2211 8 11 fe
2338 2207 7 25 t
2345 2207 31 16 ant
2385 2206 105 22 Dysentery,
2499 2207 63 18 caused
2573 2207 24 21 by
2605 2208 79 21 working
2693 2209 18 16 in
2728 2209 26 18 bat

1874 2229 4 21 |
1879 2238 26 12 esg
1907 2229 4 21 ,
2282 2232 6 5 *
2330 2233 24 10 air
2363 2229 33 15 and
2405 2231 32 13 wet
2445 2234 54 10 mines
2508 2229 11 21 a
2530 2229 11 21 1
2552 2229 133 21 tbelhamosD.
2702 2231 51 16 Elkiu

1893 2253 115 17 Rheumatism
2011 2254 19 16 of
2034 2255 28 16 the
2065 2256 108 21 FeetOapt
2192 2256 59 18 James
2251 2256 59 18 Avo-
2351 2249 173 18 RheumatismMr
2532 2249 60 18 James
2599 2250 54 21 Pook,
2662 2252 91 17 Auckland

1873 2273 43 18 dale,
1923 2274 90 16 Auckland
2027 2275 18 17 17
2051 2280 49 16 years
2107 2275 84 23 standing.
2286 2281 6 3 -
2350 2271 97 16 Cancerous
2475 2272 51 15 Ulcer
2546 2272 19 16 in
2583 2272 96 17 FaceMr
2695 2273 28 17 W.
2741 2274 13 16 C

1893 2293 100 17 Rheumatic
2001 2295 51 18 Gout,
2060 2300 18 10 so
2084 2295 34 16 bad
2126 2295 37 16 that
2170 2296 28 15 the
2204 2296 67 19 patient
2278 2297 31 16 had
2329 2292 78 20 Walker,
2417 2293 99 15 Auckland,

1874 2312 37 16 obe
1917 2313 50 17 lifted
1973 2313 19 17 in
1999 2314 35 16 and
2040 2315 31 15 out
2077 2314 18 16 of
2102 2315 80 16 >edMr
2189 2317 28 14 W.
2232 2316 75 20 Hunter,
2349 2314 104 17 Rheumatio
2473 2314 98 17 (toutMr
2589 2315 84 16 Edwards
2685 2315 69 18 Watore

1874 2332 74 17 Ormond
1954 2333 73 21 Poverty
2039 2334 41 20 Bay.
2328 2336 126 19 Confectiuner,
2471 2335 95 20 Auckland;
2574 2336 30 16 Mr
2608 2336 101 18 Alexander
2716 2338 35 17 Bar

1895 2352 105 17 Rheumatic
2007 2353 107 18 FeverMi-
2129 2355 70 20 Bro-vn,
2217 2355 92 18 Britannia
2328 2359 38 16 rett,
2377 2356 59 20 Queen
2453 2357 62 20 Street,
2532 2357 104 19 Auckland;
2652 2357 28 17 Mr
2699 2359 20 16 E.
2737 2360 16 16 i)

1876 2373 73 22 Height,
1964 2374 72 18 Nelson.
2330 2378 89 19 ETalstead,
2429 2378 105 22 Veterinary
2541 2378 85 21 Surgeon,
2639 2380 100 17 Auckland.

1894 2395 105 18 Rheumatio
2015 2397 52 20 Gout,
2084 2397 77 22 Dropsy,
2182 2399 58 19 Ague,
2257 2399 52 17 Liver
2337 2399 122 17 Rheumatism
2467 2401 18 15 in
2490 2400 31 16 the
2526 2399 59 18 Knees
2590 2401 34 16 and
2628 2400 49 21 Feet,
2684 2401 67 22 broogh

1874 2416 104 21 Complaint,
1987 2419 36 16 and
2029 2419 82 16 Stomach
2128 2420 68 21 Cough,
2212 2421 89 16 mostdis-
2327 2427 21 11 on
2356 2421 24 22 by
2390 2421 79 21 working
2476 2421 19 17 in
2504 2421 105 17 waterMr
2620 2421 87 19 Matthew
2724 2424 30 17 Bo:

1874 2439 127 21 tressiogMr
2018 2440 76 21 Waugh.
2112 2441 84 21 Bombay,
2219 2441 87 18 Waikalo'
2326 2444 81 16 Thames.

1874 2459 49 20 given
1933 2466 29 15 up,
1971 2466 23 11 no
2003 2461 43 21 hope
2055 2462 40 16 held
2103 2465 37 17 out,
2151 2463 128 17 recommended
2290 2467 15 12 to
2348 2465 34 16 Rhi
2390 2464 87 19 umatism,
2488 2465 73 19 causing
2572 2465 67 16 intense
2646 2466 50 22 pair,
2705 2467 48 17 whicl

1874 2486 21 14 go
1904 2482 48 16 home
1960 2483 34 15 and
2005 2483 34 17 dij.
2326 2486 93 21 prevented
2428 2486 28 16 th
2465 2487 67 19 patient
2540 2487 44 15 from
2594 2487 51 20 being
2653 2489 101 16 overturned

1896 2502 126 19 liiflammation
2039 2506 17 16 nf
2071 2505 29 16 ibe
2118 2505 52 17 Liver
2189 2507 35 15 and
2240 2507 67 15 Gastric
2326 2509 16 15 in
2352 2508 16 15 b.
2374 2508 10 15 d
2408 2507 30 17 Mr
2444 2507 58 17 David
2511 2507 63 22 Barry,
2582 2507 84 19 Newton.

1872 2524 51 17 Juice
1928 2525 18 16 of
1954 2526 30 15 tho
1994 2526 135 18 StomachMr
2145 2527 73 17 Iboraas
2234 2527 70 23 Macky,
2347 2529 74 16 Chronic
2428 2528 153 22 DysenteryMr
2589 2531 23 17 A,
2620 2529 77 23 Bettany
2713 2532 41 15 Ton-

1871 2545 98 23 Merchant,
1978 2548 98 18 Auckland.
2325 2552 53 19 soaby
2387 2550 55 18 Road,
2460 2551 96 16 Auckland.

1893 2568 86 21 Lupusof
1984 2569 219 21 theFnoeMrDiokfon,
2213 2571 92 16 Auckland
2347 2572 75 16 Chroniu
2438 2571 120 19 Rheumatism
2579 2573 17 15 in
2617 2573 29 17 the
2654 2574 55 21 spine,
2721 2575 33 21 bip,

1895 2589 104 18 Rheumatic
2006 2591 100 19 GoutMr
2127 2592 100 21 BUckman,
2243 2592 62 16 'Even-
2325 2594 47 19 knee,
2380 2594 60 20 join's,
2455 2593 35 16 calf
2497 2593 19 17 of
2525 2594 31 16 the
2570 2594 33 21 leg,
2624 2595 35 16 and
2679 2589 35 24 toe's
2737 2588 17 25 'l'!

1871 2611 30 21 ing
1911 2611 44 16 Star'
1965 2613 53 19 cilice,
2031 2613 101 17 Auckland.
2324 2615 80 21 Morgan.
2413 2615 63 16 Mount
2485 2615 49 16 Eden
2545 2615 54 20 Kond,
2609 2616 96 18 Auckland.

1893 2633 122 17 Rheumatism
2024 2635 18 16 of
2058 2637 20 15 2o
2098 2635 56 21 years'
2171 2635 134 21 standingMr
2324 2636 105 17 Rheumatio
2436 2636 56 21 Gout,
2501 2636 60 17 which
2569 2637 77 17 confined
2655 2638 30 17 the
2690 2639 64 21 patienl

1874 2654 75 16 WPliam
1958 2655 84 21 McEvoy,
2051 2657 40 17 Pitt
2096 2657 81 25 Terrace,
2185 2657 98 16 Auckland.
2324 2660 16 13 to
2349 2658 28 16 bin
2384 2658 32 16 bed
2424 2658 28 16 for
2464 2658 108 16 weaksMr
2578 2659 21 16 T.
2610 2659 17 16 J.
2644 2659 110 23 Bainbridge,

1892 2676 78 20 Sciatica,
1981 2677 34 16 and
2024 2674 112 24 Lumbago
2138 2678 28 17 Mr
2174 2679 24 16 N.
2205 2678 98 20 McMillan,
2324 2679 96 21 Ponsonby,
2431 2680 97 16 Auckland.

1871 2697 67 17 Vulcau
1947 2698 53 20 Lane,
2011 2700 97 16 Auckland.
2351 2701 74 15 General
2444 2701 80 21 Debility
2537 2702 33 15 and
2591 2702 113 21 Indigestion,
2723 2704 31 15 and

1892 2719 152 21 LumbagoMrs
2055 2722 51 21 Mary
2115 2722 60 19 Knox,
2184 2721 73 21 Rokcby
2270 2721 32 16 St..
2323 2722 82 20 inability
2414 2724 17 14 to
2441 2722 42 22 keep
2489 2722 86 21 anything
2590 2729 21 10 on
2620 2724 29 16 iho
2657 2725 97 16 etoniuth

1872 2740 97 19 Auckland.
2325 2743 26 16 Mr
2359 2743 65 16 Gvruld
2434 2744 61 20 Gra?e,
2505 2744 60 21 Kyber
2572 2744 46 20 P.iss,
2626 2745 97 18 Auckland.

1891 2762 134 18 SciaticaMrs
2032 2764 18 17 J.
2061 2764 90 21 Renwick,
2165 2764 59 17 Drake
2239 2764 63 19 Street,
2357 2764 127 19 SciaticaMr
2499 2766 46 16 John
2561 2765 50 20 Ross,
2627 2766 51 17 Duke
2693 2768 61 17 Street.

1871 2783 97 18 Auokland.
2323 2786 99 17 Auckland.

1891 2805 120 18 Rheumatism
2019 2808 19 15 of
2046 2809 19 14 20
2074 2808 57 21 years'
2147 2808 83 19 atanding
2247 2807 55 16 which
2344 2808 96 21 Discharge
2446 2809 19 16 of
2473 2809 54 16 Blood
2536 2811 44 14 from
2587 2809 29 16 the
2622 2809 132 23 BowelsCapt

1872 2827 75 21 brought
1954 2833 21 10 on
1982 2829 73 16 Asthma
2064 2830 34 15 and
2104 2829 121 22 DropyMr
2232 2829 70 15 Samuel
2322 2829 19 17 T.
2351 2829 93 22 Aldridge.

1870 2848 54 18 Field,
1935 2848 46 17 Lorn
1990 2849 55 17 Stuet
2052 2851 99 16 Aucklund.
2343 2851 53 16 Great
2405 2851 79 21 Debility
2492 2853 33 16 nnd
2531 2852 85 20 Bleeding
2624 2854 19 15 at
2650 2853 30 16 the
2688 2853 66 17 Nose-

1891 2869 171 19 RheumatismMr
2067 2872 26 17 H.
2102 2872 63 21 Lewis,
2176 2872 60 19 Queen
2245 2871 58 17 Street
2321 2872 28 16 Mr
2358 2872 75 16 Thomas
2441 2870 82 23 Peliienn,
2539 2874 99 21 Ponsonby.

1872 2891 94 18 Auckland.
2342 2893 98 22 Neuralgia
2448 2895 33 16 and
2492 2895 80 17 Nervous
2581 2895 137 22 DebilityMrs
2729 2896 24 18 H.

1891 2913 73 17 Sciatica
1973 2914 33 17 and
2014 2914 144 22 LumbagoMr
2166 2915 51 17 Chas.
2227 2916 73 22 Honey-
2323 2914 62 22 Waite,
2396 2916 99 17 Aucklund.

1870 2935 66 21 combe,
1947 2936 96 19 Auckland,
2342 2936 52 16 After
2402 2937 59 17 effects
2477 2938 18 16 of
2502 2938 104 16 Rheumatic
2625 2938 59 20 Fever,
2700 2940 53 16 which

1897 2956 103 18 Rheumatic
2018 2958 99 17 GoutMr
2131 2958 62 20 Elliot,
2210 2959 89 21 McGuire,
2321 2957 31 18 left
2362 2959 29 16 the
2399 2959 70 21 patient
2476 2959 128 22 helplessMr
2613 2960 46 16 John
2668 2961 24 16 H.
2702 2961 52 17 Jones

1869 2977 106 22 Contractor,
1985 2980 98 16 Auckland.
2323 2980 97 17 Auokland.

1890 2999 73 17 Chronic
1984 3001 86 17 Rheumat
2072 2999 3 26 ;
2078 3001 78 17 smMr
2174 3002 69 16 Ronald
2262 3002 37 17 Mc-
2342 3001 70 21 Kidnr-y
2422 3002 73 16 Disease
2504 3003 33 16 r.nd
2544 3003 92 21 Lumbago
2647 3003 19 17 of
2673 3004 20 16 20
2697 3004 54 21 years'

1870 3021 71 21 Donald,
1951 3022 161 21 Rolleston',Street,
2126 3023 79 17 Thames.
2319 3023 136 20 standingMr
2465 3024 80 17 William
2552 3025 58 19 Trice,
2621 3025 65 21 Poplar
2700 3025 52 16 Faim

1888 3043 115 21 Indigestion,
2017 3044 73 16 General
2105 3045 84 20 Debility,
2206 3045 35 16 and
2254 3045 44 17 Con-
2319 3049 41 11 near
2368 3044 81 18 Howick.

1867 3076 64 20 These
1941 3083 56 13 euros
2008 3084 33 12 are
2048 3077 27 19 nil
2085 3077 86 19 attested
2180 3077 29 26 by
2218 3079 138 24 testimonials,
2365 3079 67 21 which
2441 3081 35 20 tho
2490 3082 151 20 manufacturer
2649 3082 43 25 Lr.s,
2702 3083 50 19 with

2102 3103 104 20 hundreds
2217 3105 21 18 of
2247 3104 72 26 others,
2329 3106 21 18 in
2356 3106 31 19 his
2396 3108 120 24 possession.

1951 3155 40 16 Sold
2003 3156 22 20 by
2037 3155 23 16 all
2065 3156 106 20 respectable
2181 3156 85 17 Chemists
2273 3157 33 16 and
2318 3158 125 22 Storekeepers,
2453 3160 35 16 and
2500 3161 23 21 by
2535 3161 28 15 the
2572 3161 100 21 proprietor,

1970 3181 28 18 H.
2008 3181 25 19 A.
2044 3181 28 19 11.
2084 3182 154 24 JJITCHENS,
2250 3184 24 17 50
2296 3182 124 22 Shobtlaitd
2431 3186 84 24 Sxheki',
2526 3186 119 20 Auckland.

1984 3239 200 37 REWARD.

2467 3250 51 18 TER,
2536 3250 64 16 FREE.

2610 3232 29 15 OR
2654 3232 30 15 BY
2698 3232 39 16 LET-

1864 3293 161 21 rrtm-mcnyZ-,
2071 3293 5 21 i
2211 3307 6 7 ,
2337 3289 37 16 Dl{>
2392 3290 12 14 Is
2405 3289 3 25 *
2410 3290 33 16 Kll
2444 3289 4 25 '
2460 3291 30 15 llil3
2502 3291 76 19 pleasure
2591 3291 17 16 in
2622 3291 90 19 informing
2725 3293 25 16 his

1864 3312 5 11 '
1879 3309 9 16 I
1899 3309 45 17 iVU
1952 3309 74 16 KISI6
2038 3309 39 16 and
2091 3309 100 17 residents
2211 3309 27 24 by
2253 3309 56 25 pay-'
2318 3310 67 18 patrons
2392 3310 35 16 and
2432 3310 30 16 the
2472 3310 58 20 public
2537 3310 40 17 tbit
2582 3310 21 17 he
2609 3310 31 18 has
2646 3312 69 16 secured
2721 3312 29 16 the

1879 3335 8 14 fi
1985 3332 56 21 intra
2057 3333 48 19 visit
2119 3336 21 16 to
2155 3334 34 19 the
2318 3328 73 17 services
2397 3329 20 16 of
2424 3335 11 10 a
2441 3330 97 20 competent
2544 3335 79 15 manager
2627 3331 28 16 for
2660 3331 28 16 his
2693 3331 56 18 Auck-

2131 3347 2 24 '
2319 3347 39 17 land
2375 3349 83 19 business,
2476 3350 55 15 whoso
2544 3350 70 16 medical
2629 3351 74 20 draining
2716 3352 33 15 and

1905 3367 94 23 P,ny
2010 3368 55 22 FT
2085 3369 21 21 Q
2120 3369 49 21 ~TT
2185 3370 77 20 QCQ
2318 3367 73 20 hospital
2405 3370 97 17 experience
2518 3370 66 15 enables
2594 3370 33 15 him
2639 3371 18 14 to
2669 3371 38 18 give
2720 3371 29 16 tho

1906 3384 25 13 V-
1937 3384 62 14 WiVI
2009 3384 24 14 l_
2048 3384 5 14 I
2085 3384 21 15 O
2131 3384 76 15 IWit
2214 3384 22 15 C_
2241 3384 21 16 O
2316 3387 36 16 best
2359 3387 59 16 advice
2425 3389 27 15 for
2459 3389 28 15 the
2500 3390 91 14 treatment
2598 3390 17 14 of
2622 3389 67 17 disease.

1954 3404 114 27 Adjoining
2084 3406 54 19 Lake
2149 3406 57 20 View

1902 3439 50 20 Wiil
1963 3439 24 20 bo
1997 3440 103 20 rewarded
2114 3440 26 26 by
2151 3441 107 25 obtainirg
2617 3440 17 14 B,
2635 3455 15 11 n
2659 3439 26 12 tCB
2686 3439 8 27 J
2721 3439 26 12 olii

2128 3456 9 10 J
2246 3458 11 8 n
2315 3456 53 11 ourer
2379 3458 15 10 oi
2406 3456 29 13 the
2447 3456 41 16 ago;
2506 3456 31 13 has
2551 3456 50 14 cured
2615 3456 45 15 colds
2675 3456 18 15 of
2706 3456 41 15 from

1862 3471 98 27 Fruit
1982 3472 27 26 &
2031 3472 266 35 Confectionery
2316 3476 52 30 K
2370 3472 17 15 to
2394 3473 30 15 tou
2431 3477 50 15 years
2595 3473 54 21 Price,
2659 3474 8 16 2
2668 3479 9 12 S
2684 3475 22 16 ci
2718 3480 30 15 per

1861 3514 23 19 at
1904 3514 109 19 reasnable
2032 3514 73 23 prices.
2135 3515 16 19 A
2170 3515 78 18 nimble
2262 3516 17 18 si
2285 3523 8 11 v.
2315 3511 3 26 .
2349 3511 50 15 UKG
2399 3511 2 26 ,
2416 3511 111 17 BALSAM
2529 3512 40 16 Will
2577 3517 40 12 euro
2626 3512 120 22 Consumption

1948 3540 34 11 .
1997 3542 16 9 j.l
2048 3541 15 10 ii
2140 3541 5 10 i
2205 3541 41 10 I'ir
2314 3534 16 11 in
2339 3532 22 13 its
2369 3532 45 17 early
2422 3536 19 10 or
2447 3532 62 15 middle
2517 3533 61 18 stages.
2606 3533 46 16 Miss
2660 3533 86 18 Russell,

1876 3546 60 19 pence
1947 3547 17 12 is
1971 3540 66 20 better
2048 3540 49 20 than
2107 3547 12 12 a
2130 3541 48 19 slow
2194 3541 88 26 shilling.
2314 3549 77 17 Woollen
2404 3547 54 23 Mills,
2473 3551 99 20 Onohunea,
2591 3553 66 18 speaks:
2676 3553 23 13 -t
2712 3557 34 12 waa

1982 3581 139 25 Auinininv
2135 3582 27 9 An
2314 3573 49 14 given
2369 3574 23 15 up
2399 3570 22 19 by
2429 3571 33 14 two
2470 3571 68 15 doctors
2550 3571 55 16 beforo
2619 3572 8 15 I
2641 3573 105 15 commenced

2022 3585 97 22 YAKlfcill
2135 3585 24 22 Of
2314 3588 58 22 '".king-
2389 3594 43 14 your
2450 3591 49 19 Lung
2510 3591 74 18 Balsam,
2598 3591 33 15 and
2648 3591 9 15 I
2673 3592 72 19 declare,

1930 3622 16 7 _,
2098 3622 25 4 __
2152 3622 6 5 .
2187 3622 9 7 ,
2314 3608 71 16 without
2399 3613 33 15 any
2446 3610 120 19 exaggeration

1928 3623 158 25 Summer
2098 3623 130 27 Drinks
2313 3627 28 15 lifo
2344 3639 7 14 -,
2369 3628 25 14 At,
2396 3633 10 14 y
2418 3629 70 15 sufferer
2501 3629 60 15 should
2571 3634 21 11 coi

1873 3646 4 21 ,
1989 3646 4 21 ,
2022 3646 4 21 ,
2051 3646 3 21 .
2084 3646 3 21 ,
2111 3659 13 5 ~
2171 3660 11 7 x
2203 3659 14 6 ~
2242 3660 15 7 t,
2288 3646 2 21 ,
2378 3647 50 16 Price
2436 3648 17 16 2s
2461 3648 18 15 Cd
2489 3653 29 14 per
2525 3649 54 15 bottle
2587 3646 4 21 ;
2603 3650 31 15 fivo
2641 3650 26 15 for
2674 3650 33 15 10s.

1860 3660 75 24 always
1944 3666 20 12 in
1976 3660 58 19 stock
2049 3660 104 24 including
2167 3660 21 18 J.
2202 3660 23 19 F-
2243 3661 51 18 Peat
2332 3666 102 17 CASCARA
2446 3668 150 16 BITTERSThe
2610 3669 36 19 only
2656 3669 35 15 real
2705 3666 48 20 cure!

1860 3684 54 20 son's
1924 3685 114 20 celebrated
2053 3686 240 20 fiflOltl.iOUi\M
2312 3685 26 15 for
2351 3685 113 21 Costiveness,
2482 3688 108 19 Indigestion,
2607 3688 90 17 Headache
2711 3690 32 15 and

1861 3711 78 21 ALE.
1968 3712 55 19 Note
2032 3712 34 19 the
2079 3712 82 19 address
2312 3704 178 33 SftlSS
2490 3712 12 14 8
2512 3712 11 10 a
2525 3704 3 33 i
2537 3712 15 10 m
2553 3704 1 33 .
2555 3707 67 16 isorftl>le
2674 3708 11 16 h
2685 3712 45 25 fpgl
2740 3704 3 33 :

2312 3726 36 14 well
2356 3726 59 15 named
2424 3726 22 16 bv
2453 3726 47 16 those
2509 3726 36 16 who
2552 3727 41 15 have
2607 3727 39 15 used
2659 3731 14 11 it
2704 3726 39 18 The

1860 3744 85 26 THE
1984 3744 142 27 COMET
2158 3744 134 28 STORE
2311 3744 10 23 '1
2323 3748 10 10 U
2336 3749 22 10 *''--'
2359 3748 5 10 1
2366 3744 2 28 -
2370 3749 22 10 1IK
2393 3745 28 16 "'
2542 3745 47 18 Price
2595 3745 18 17 2s
2620 3745 21 16 Gd
2646 3751 32 15 per
2682 3747 60 21 bottle;

1898 3786 47 19 And
1956 3785 54 20 mind
2024 3793 40 17 you
2079 3786 59 19 don't
2152 3786 68 24 forget
2229 3785 23 21 it.
2340 3784 68 15 Ladies
2427 3784 130 17 Complexions
2574 3785 96 20 bcautied,
2694 3788 48 15 made

2311 3803 53 17 clean,
2372 3804 69 19 pimples
2450 3805 32 15 and
2492 3805 73 15 blotches
2573 3805 76 16 removed
2657 3806 22 21 by
2693 3808 49 19 using

2309 3827 31 10 our
2348 3823 70 16 LIVER
2428 3824 74 18 TOXIC,
2514 3824 53 15 which
2580 3824 14 16 is
2608 3824 36 16 also
2658 3825 28 16 the
2699 3829 43 14 most

1883 3840 250 35 WPUafytPiolH
2151 3839 30 25 Sir
2200 3839 46 25 C*T\
2309 3842 92 16 Buccessful
2407 3847 41 12 cure
2454 3843 28 16 for
2487 3843 105 16 Biliousness
2598 3843 34 16 and
2638 3843 24 17 all
2669 3845 72 17 diseases

1923 3870 5 8 ,
1949 3855 186 21 DlUrniiyiU
2151 3858 36 18 Ob
2201 3856 64 23 \J\J,.
2370 3862 47 16 liver.
2439 3862 47 17 Price
2500 3863 18 15 2s
2532 3862 19 14 lid
2559 3868 28 13 per
2594 3863 62 16 bottle:
2670 3865 30 16 five
2715 3865 27 17 for

2258 3876 7 10 '
2310 3881 32 15 lUs.

1858 3900 207 20 TOTALISATOR
2084 3899 204 20 PROPRIETORS-
2338 3900 63 16 IRISH
2421 3901 57 17 Moas
2494 3901 48 16 and
2560 3902 44 15 cod
2616 3902 69 17 liver
2703 3904 37 17 oil

2309 3919 172 18 EMULSIONTho
2495 3921 38 16 best
2546 3921 33 15 and
2589 3921 82 19 Cheapest
2684 3923 56 17 Emnl-

1884 3937 146 24 Areprojarcd
2039 3939 20 17 io
2073 3937 217 24 niakearrangemenis
2308 3938 36 17 Bion
2349 3939 19 15 in
2374 3940 30 16 the
2409 3937 78 24 market;
2495 3945 10 11 a
2514 3940 61 19 special
2583 3945 39 12 cure
2628 3942 27 15 for

1858 3969 25 13 on
1903 3962 119 20 favourable
2040 3965 64 17 terms
2126 3962 33 20 for
2174 3963 36 19 tbe
2220 3968 38 14 use
2268 3962 22 20 of
2307 3958 34 17 and
2351 3958 78 21 debity.
2450 3959 49 18 Price
2505 3960 20 16 2s
2535 3965 31 11 mr
2572 3959 58 17 bottle.

1858 3989 53 19 their
1919 3989 108 20 machines.
2326 3999 38 17 tjb.
2376 3999 79 18 NEIL'S.
2477 4001 56 16 Wu

1883 3839 382 47 W.Blomfleld&Go,,

1923 4115 106 36 QUEEN
2090 4114 130 35 STREET,

1985 4147 171 28 AUCKU/tND.

2306 4019 49 15 doors
2360 4020 53 16 above
2421 4020 51 16 Milne
2481 4020 33 15 and
2522 4020 92 19 Clioyce's),
2622 4027 14 11 ;s
2644 4022 29 17 tho
2679 4024 53 19 cheap

2306 4040 25 13 est
2343 4039 51 16 house
2413 4043 17 12 to
2446 4040 34 19 buy
2497 4039 62 16 Patent
2576 4041 32 15 and
2619 4041 120 22 Homopathio

2305 4058 97 20 Medicines,
2417 4059 53 15 Toilet
2485 4059 96 19 Requisites
2594 4061 33 15 and
2639 4061 93 22 Druggists

2305 4077 84 16 Sundries.
2415 4079 56 15 Herbs
2486 4079 33 14 anil
2533 4078 63 17 Herbal
2610 4079 121 19 Preparations

2442 4097 86 17 ADVICE
2533 4097 66 19 PREE.

2325 4116 104 18 Manaqbe:
2444 4117 18 16 P.
2474 4117 24 16 M.
2516 4118 97 19 MAOPAY
2644 4121 73 23 (tipined

2811 1103 20 19 It
2841 1109 44 18 may
2893 1103 24 19 bo
2924 1103 98 22 seriously
3029 1103 88 20 doubted
3126 1102 91 20 whether

2785 1129 33 20 the
2828 1129 80 25 singing
2915 1129 21 19 of
2946 1129 33 19 the
2990 1129 126 26 nightingale
3126 1129 35 19 has
3169 1135 47 13 ever

2783 1155 108 20 awakened
2911 1162 21 12 so
2957 1156 57 19 much
3040 1156 124 19 enthusiasm
3194 1161 22 13 or

2783 1181 91 25 inspired
2884 1188 21 12 so
2916 1188 58 19 many
2985 1183 82 19 sonnets
3076 1189 22 13 as
3109 1183 35 19 the
3162 1181 41 26 sing-

2756 1215 6 18 \
2782 1209 35 25 ing
2825 1208 22 20 of
2858 1208 33 19 the
2902 1208 111 20 tea-kettle.

2856 1235 16 19 it
2883 1237 43 17 true
2937 1235 44 19 that
2990 1242 39 19 you
3041 1235 49 19 have
3100 1235 49 20 been
3169 1241 33 19 say-

2756 1262 8 20 /
2782 1262 34 24 ing
2837 1261 46 19 that
2911 1261 67 19 Green
2999 1261 36 19 has
3062 1262 66 20 stolen
3161 1268 53 18 your

2784 1287 86 26 puJsc?''

2872 1314 63 19 nol
2946 1314 32 19 did
2991 1317 36 17 not
3036 1321 26 19 go
3072 1322 21 12 so
3104 1315 32 19 far
3150 1320 22 14 as
3194 1316 21 18 to

2783 1348 33 19 say
2827 1340 59 27 that!
2914 1340 35 20 All
2966 1341 11 19 I
2997 1341 44 19 said
3060 1348 40 13 was
3126 1341 46 20 that
3199 1340 17 21 if

2783 1367 68 20 Green
2863 1367 38 20 had
2912 1369 36 18 not
2957 1367 84 20 assisted
3050 1374 31 13 me
3091 1368 21 19 in
3131 1366 83 26 looking

2782 1394 32 20 for
2822 1394 34 20 the
2867 1400 66 20 purse,
2944 1394 11 19 I
2966 1394 70 20 should
3048 1394 49 20 have
3113 1394 64 20 found
3196 1394 16 19 it

2808 1455 43 20 The
2860 1454 103 21 Antarctic
2973 1454 36 21 has
3027 1455 96 20 returned
3140 1454 53 22 from
3203 1460 12 17 a

2782 1481 91 26 whaling
2887 1481 115 26 expedition
3016 1481 21 20 in
3055 1482 96 21 southern
3167 1481 37 21 lati-

2782 1508 64 21 tudes.
2876 1507 40 20 She
2925 1507 118 29 penetrated
3057 1515 22 14 as
3097 1508 33 21 far
3148 1514 22 15 as
3191 1509 23 20 74

2780 1536 84 25 degrees
2874 1533 70 21 South.
2973 1534 40 20 For
3025 1534 131 28 thirty-eight
3165 1534 51 27 days

2780 1562 36 20 she
2825 1567 42 14 was
2876 1560 94 20 hemmed
2988 1560 22 21 in
3025 1561 28 26 by
3070 1562 97 20 immenso
3185 1561 30 22 ice.

2780 1587 68 28 packs,
2874 1587 105 20 estimated
2997 1590 21 18 at
3040 1587 54 27 sixty
3116 1587 58 21 miles
3192 1587 22 22 in

2780 1613 77 28 length,
2878 1613 32 21 No
2921 1613 74 21 whales
3005 1620 49 14 wore
3065 1614 86 27 sighted.
3171 1613 42 21 The

2780 1641 64 21 cruise
2862 1640 21 21 of
2901 1639 34 21 the
2957 1640 103 21 Antarctic
3078 1641 37 20 has
3134 1641 81 20 demon*

2780 1663 77 26 Btrated
2879 1664 34 22 the
2931 1665 149 23 non-existence
3098 1667 21 21 of
3138 1667 78 21 several

2780 1693 101 28 supposed
2890 1690 76 22 islands
2975 1692 83 21 marked
3065 1700 25 14 on
3096 1693 34 21 the
3140 1694 74 21 charts

2781 1721 39 20 She
2831 1726 41 14 was
2886 1718 74 21 unable
2978 1722 21 17 to
3017 1722 104 24 penetrate
3136 1719 80 22 further

2780 1748 42 19 into
2832 1747 34 19 the
2876 1746 70 25 region
2954 1746 21 19 of
2984 1745 29 21 ice
3023 1746 67 27 owing
3099 1749 20 17 to
3130 1746 33 20 the
3173 1746 40 20 loss

2781 1775 21 19 of
2811 1774 37 18 her
2858 1771 106 28 propellor.
2992 1772 40 20 She
3042 1773 96 20 obtained
3150 1773 63 19 about

2782 1801 55 19 ;300
2856 1799 65 20 worth
2939 1799 21 19 of
2974 1798 98 21 sealskins
3090 1799 41 21 and
3147 1806 66 19 sperm

2781 1826 33 20 oil.

2758 1854 4 28 .
2806 1857 19 19 A
2835 1855 95 21 Duliedin
2936 1855 93 26 resident,
3037 1855 87 27 hearing
3130 1863 10 13 a
3149 1854 66 23 knock

2780 1886 21 16 at
2810 1884 33 18 his
2857 1884 54 18 front
2928 1883 49 19 door
2992 1882 35 20 the
3044 1884 59 19 other
3120 1884 93 24 evening,

2756 1921 6 8 !-
2781 1909 78 26 opened
2869 1909 21 23 it,
2902 1909 40 19 and
2951 1915 40 13 was
3001 1910 83 24 greeted
3093 1910 28 25 by
3127 1916 11 13 a
3149 1905 62 28 briekj

2756 1935 3 29 i(
2759 1935 4 29 j
2782 1935 64 21 which,
2856 1935 108 26 somebody
2982 1935 64 20 throw
3064 1936 40 19 and
3123 1936 30 19 hit
3171 1936 42 18 him

2756 1978 7 10 n
2780 1968 75 19 square
2865 1968 26 12 on
2900 1961 35 19 the
2944 1961 101 24 forehead,
3057 1962 69 25 nearly
3140 1962 74 25 killing

2756 1998 7 15 y
2780 1988 49 20 him.

2756 2018 7 29 Jj
2806 2020 92 19 Princess
2909 2019 131 27 Dolgorouki,
3047 2020 37 20 the
3088 2019 126 27 morganatic

2756 2057 7 9 c
2780 2046 47 20 wife
2837 2047 20 17 of
2866 2045 34 20 the
2910 2048 80 23 present
3000 2046 67 19 Czar's
3073 2046 139 25 grandfather,

2756 2077 7 14 S
2780 2072 36 19 has
2829 2079 42 12 won
2880 2072 35 18 the
2926 2072 87 24 20,000
3032 2072 91 19 Panama
3141 2073 74 23 lottery

2782 2098 57 24 prize,
2852 2097 64 20 which
2926 2098 38 19 last
2972 2105 48 17 year
3034 2105 41 13 was
3090 2098 75 20 earned
3185 2098 28 20 off

2780 2124 27 24 by
2816 2131 13 12 a
2837 2123 82 20 baker's
2928 2124 34 25 boj
2970 2123 4 26 .

2805 2157 42 19 The
2871 2156 66 26 piano,
2964 2157 90 19 remarks
3085 2164 12 12 a
3120 2158 91 21 Bulletin

2780 2182 163 26 correspondent,
2970 2183 15 19 is
3012 2186 73 24 always
3114 2184 35 20 the
3171 2185 40 19 last

2756 2209 5 16 d
2779 2210 71 19 arlic'e
2862 2209 61 20 winch
2934 2216 9 12 a
2952 2209 122 21 Melbourne
3083 2210 71 26 family
3172 2211 29 20 dis-

2756 2236 4 26 !
2780 2243 57 17 poses
2844 2236 27 19 of.
2899 2236 57 25 They
2974 2242 44 20 may
3043 2239 33 17 eat
3096 2237 52 19 Iheir
3162 2237 47 21 food

2756 2262 4 26 .'
2779 2263 28 19 off
2817 2268 109 19 gin-cases,
2939 2262 53 25 sleep
3011 2269 25 13 on
3055 2263 34 20 the
3100 2263 54 25 floor,
3173 2264 38 21 but

2780 2289 32 19 the
2825 2289 58 25 piano
2890 2288 46 26 they
2948 2288 48 19 have
3003 2289 74 25 always
3090 2290 47 19 with
3147 2289 62 27 them,

2756 2315 3 27 ',
2779 2316 39 18 and
2829 2315 34 20 the
2881 2315 64 19 eldest
2962 2316 99 24 daughter
3079 2316 74 26 jingles
3173 2320 37 18 out

2881 2341 38 20 and
2940 2341 58 20 other
3022 2342 87 24 horrors,
3126 2343 44 26 just
3188 2347 22 16 to

2756 2367 3 26 '
2779 2368 53 19 show
2844 2368 33 19 tie
2888 2367 121 25 neighbours
3020 2368 44 21 that
3075 2369 46 24 they
3130 2370 80 20 haven't

2756 2394 3 25 (
2779 2394 83 21 reached
2872 2394 45 19 that
2928 2396 57 23 stage
2994 2396 21 18 of
3026 2396 131 22 degradation
3168 2397 39 19 and

2756 2420 3 28 x
2780 2422 80 24 poverty
2869 2420 57 19 know
2937 2427 21 13 as
3062 2422 33 20 the

2783 2447 35 19 ihe
2825 2453 49 19 yarn
2886 2447 24 19 of
2917 2447 35 19 the
2971 2454 46 13 man
3036 2449 43 19 who
3098 2449 62 20 threw
3177 2449 31 21 his

2756 2473 2 30 .j
2779 2474 44 18 wife
2834 2476 36 16 out
2881 2473 21 19 of
2910 2473 33 20 the
2954 2474 72 19 second
3051 2477 56 23 story
3124 2475 84 22 window

2777 2500 21 19 of
2810 2499 29 20 hia
2850 2499 73 23 buring
2938 2500 61 19 house
3018 2502 39 19 and
3076 2502 78 20 carried
3173 2502 34 21 the

2756 2525 1 29 .
2778 2526 77 20 feather
2866 2526 36 19 bed
2923 2525 119 22 downstairs
3061 2528 18 19 in
3101 2528 29 20 his
3147 2535 59 19 arms,

2776 2552 60 20 could
2855 2554 36 17 r.ot
2919 2552 51 21 have
2994 2553 50 20 been
3077 2554 41 19 told
3150 2555 22 19 of
3196 2563 10 13 a

2756 2579 1 25 >
2777 2579 119 19 Melbourne
2918 2586 52 18 man,
2987 2586 21 13 as
3025 2580 25 21 he
3066 2581 67 19 would
3157 2581 49 22 have

2775 2606 77 19 watited
2862 2605 29 20 his
2902 2606 46 19 wife
2958 2608 21 17 to
2996 2607 45 26 help
3053 2608 39 19 him
3112 2610 21 17 to
3150 2615 57 15 carry

2756 2632 1 25 t
2775 2633 57 18 down
2844 2632 34 19 the
2888 2638 65 19 pa'io.

2800 2667 22 19 It
2841 2667 16 19 is
2872 2669 116 25 customary
3011 2669 19 20 in
3049 2669 34 21 tho
3106 2672 54 18 town
3184 2671 22 20 of

2756 2693 1 26 I
2774 2694 69 24 Quito,
2855 2693 54 20 when
2921 2701 12 13 a
2940 2695 71 20 visitor
3021 2696 58 20 takes
3090 2697 27 19 off
3128 2697 31 19 his
3171 2697 34 20 hat

2756 2720 1 27 .
2775 2727 50 17 upon
2837 2720 96 25 entering
2942 2728 12 12 a
2971 2728 62 18 room,
3053 2725 21 17 to
3086 2723 36 24 beg
3131 2723 42 19 him
3184 2725 20 18 to

2763 2741 3 32 I
2775 2749 36 22 put
2821 2746 17 20 it
2857 2753 26 12 on
2893 2747 57 24 again
2961 2741 4 32 ;
2980 2750 45 23 and,
3037 2749 20 19 in
3077 2749 33 20 the
3119 2749 85 21 absence

2773 2773 21 19 of
2817 2773 125 24 permission,
2975 2775 55 20 leave
3058 2775 16 20 is
3100 2776 103 25 generally

2756 2799 1 28 t
2774 2799 113 26 requested.
2915 2800 53 25 This,
2993 2803 16 19 it
3032 2803 16 19 is
3072 2801 48 23 said,
3140 2803 63 19 arises

2774 2826 49 19 from
2844 2825 148 25 apprehension
3010 2828 46 20 that
3074 2829 43 19 cold
3130 2828 40 20 will
3180 2829 23 20 be

2773 2852 61 20 taken
2848 2853 27 25 by
2890 2854 111 26 remaining
3015 2855 119 20 uncovered.
3162 2855 41 21 The

2772 2885 53 13 same
2836 2885 82 19 persons
2933 2886 54 19 upon
2997 2881 61 26 going
3068 2884 36 17 out
3114 2881 21 19 of
3145 2881 58 21 doors

2756 2905 1 24 '
2773 2905 47 19 take
2844 2905 29 19 off
2896 2905 53 21 their
2973 2907 44 20 bats
3041 2910 21 17 to
3086 2907 72 21 flashes
3181 2908 23 21 of

2756 2931 1 26 i
2773 2931 107 26 lightning,
2896 2939 26 13 no
2941 2936 73 18 matter
3031 2934 91 20 whether
3132 2935 43 19 rain
3186 2935 16 20 is

2756 2958 1 26 i
2771 2958 72 23 falling
2853 2965 23 13 or
2893 2961 50 23 not;
2958 2961 38 19 and
3016 2961 55 19 when
3083 2961 34 19 the
3128 2962 74 19 streets

2770 2991 35 13 are
2825 2985 50 25 busy
2885 2986 38 19 and
2944 2987 101 24 lightning
3055 2988 16 20 is
3090 2987 111 26 abundant,

2771 3018 11 11 a
2792 3013 108 24 grotesque
2911 3013 62 19 effect
2987 3013 17 20 is
3022 3014 98 25 produced
3131 3013 26 26 by
3168 3014 33 20 the

2770 3038 128 24 salutations,
2916 3039 63 20 which
2994 3046 52 14 seem
3070 3043 21 17 to
3122 3039 25 21 be
3170 3047 31 14 re

2769 3064 76 25 garded
2869 3071 21 13 as
2909 3072 12 13 a
2935 3065 51 26 duty
3010 3067 26 25 by
3058 3066 143 22 well-behaved

2771 3097 88 17 persons,
2870 3091 38 20 and
2924 3098 33 13 are
2973 3093 115 24 performed
3108 3100 22 12 as
3140 3100 49 18 punc-

2769 3116 98 24 tiliously
2878 3125 21 12 as
2910 3118 35 20 the
2955 3118 83 27 homage
3053 3119 63 20 which
3127 3119 17 20 is
3154 3120 47 25 paid

2769 3145 20 17 to
2800 3144 97 22 religious
2908 3145 125 25 processions
3041 3146 57 21 when
3109 3145 48 27 they
3166 3152 35 14 are

2768 3169 20 20 in
2799 3170 59 24 sight.

2794 3205 22 19 It
2830 3204 18 20 is
2867 3205 64 19 stated
2949 3213 21 12 as
2989 3208 63 23 proof
3067 3207 21 20 of
3110 3208 36 19 the
3169 3206 20 21 in-

2768 3231 91 24 creasing
2869 3232 85 20 number
2970 3232 21 20 of
3001 3234 5 9 '
3015 3234 115 25 gentlemen
3140 3234 5 9 '
3157 3234 42 20 who

2768 3257 63 25 adopt
2841 3257 35 20 the
2895 3260 55 22 stage
2964 3265 23 13 .as
3006 3266 11 13 a
3031 3260 114 26 profession
3156 3260 44 20 that

2768 3283 56 20 there
2834 3290 35 12 are
2886 3284 28 19 six
2935 3285 120 27 University
3070 3293 43 13 men
3124 3293 45 13 now
3178 3288 21 19 in

2768 3309 33 19 the
2834 3310 127 25 Haymarket
2988 3312 109 26 Company.
3138 3314 32 18 At
3188 3320 11 12 a

2767 3342 75 19 supper
2860 3337 58 24 given
2934 3340 20 17 to
2965 3344 53 14 some
3037 3341 85 23 vagrant
3136 3339 51 20 sand-

2768 3362 47 19 wich
2835 3369 44 13 men
2900 3363 21 19 in
2938 3365 92 24 London,
3048 3366 11 20 7
3073 3367 35 18 ont
3131 3366 23 19 of
3174 3367 23 18 12

2767 3390 69 22 guests
2852 3389 37 19 had
2905 3389 50 21 been
2975 3391 95 21 ordained
3084 3392 115 26 clergymen

2766 3415 21 18 of
2797 3415 35 19 the
2841 3415 80 21 Church
2932 3417 22 19 of
2963 3417 103 26 England.

2791 3454 31 18 An
2842 3453 131 26 Englishman
2985 3456 35 20 has
3035 3457 91 26 recently
3145 3457 51 21 been

2765 3479 109 27 travelling
2906 3482 48 20 with
2987 3483 29 19 his
3041 3484 45 20 wife
3109 3483 88 26 through

2766 3506 76 20 France
2864 3513 26 13 on
2909 3514 10 13 a
2938 3509 91 20 machine
3044 3510 58 20 fitted
3123 3509 47 20 with
3185 3518 12 12 a

2764 3532 85 20 bamboo
2865 3536 52 18 mast
2935 3542 26 12 on
2972 3535 62 20 which
3052 3543 12 13 a
3078 3536 37 20 sail
3125 3542 38 14 can
3172 3537 25 19 be

2764 3558 86 21 hoisted.

2790 3591 36 19 Mr
2836 3591 81 21 Walter
2937 3594 75 21 Besant
3026 3595 17 20 is
3062 3596 94 24 reported
3176 3603 21 14 as

2764 3617 71 25 saying
2854 3618 44 20 that
2917 3619 101 21 hundreds
3038 3622 22 19 of
3079 3622 71 25 people
3162 3629 35 14 are

2764 3643 82 26 making
2863 3651 47 13 over
2919 3646 72 20 IOOO
3006 3654 11 13 a
3025 3654 48 19 year
3093 3648 26 25 by
3129 3648 58 21 litera-

2763 3671 46 18 ture
2829 3671 21 19 of
2869 3671 79 21 various
2967 3673 59 20 kinds
3035 3671 4 28 ;
3054 3674 46 19 that
3114 3677 21 17 at
3145 3675 51 20 least

2762 3697 26 17 30
2799 3695 19 21 in
2829 3697 92 24 England
2932 3699 58 19 alone
3010 3707 33 13 are
3053 3701 83 25 making
3146 3707 49 14 over

2763 3722 78 24 2OOO,
2865 3725 21 17 at
2909 3724 51 20 least
2975 3725 29 19 six
3023 3733 22 13 or
3064 3733 59 13 seven
3148 3734 47 14 orer

2763 3749 37 19 'M
2816 3749 25 24 )0,
2860 3749 39 20 and
2910 3753 21 16 at
2945 3751 51 20 least
3006 3759 38 13 one
3061 3760 23 12 or
3098 3755 40 18 two
3158 3756 37 18 not

2763 3775 38 19 less
2812 3775 48 20 than
2870 3777 77 19 4OOO.

2787 3810 59 25 Lady
2873 3810 131 26 Fitzgerald's
3037 3813 101 26 baggage,
3168 3820 26 14 on

2761 3836 91 24 arriving
2862 3839 20 16 at
2892 3836 147 27 Southampton
3048 3840 52 19 from
3116 3840 77 26 Jersey,

2761 3867 40 14 was
2811 3862 62 19 found
2885 3863 19 18 to
2914 3863 80 20 contain
3004 3865 47 18 80lb
3075 3866 22 19 of
3110 3866 82 20 tobacco

2759 3888 78 19 besides
2847 3894 11 12 a
2868 3888 94 25 quantity
2972 3890 21 19 of
3001 3892 107 24 perfumed
3117 3892 75 25 Bpirits,

2758 3913 39 19 Sho
2808 3920 39 12 was
2857 3914 53 19 fined
2918 3914 48 20 7O.

2776 3944 211 18 RHEUMATISM.Dr
2998 3947 20 17 E.
3026 3948 83 18 Gordon's
3122 3949 67 21 remedy

2757 3967 58 12 nevsb
2833 3968 50 11 l-Aiis
2898 3965 17 15 in
2933 3968 116 18 permanently
3064 3968 60 19 cming
3134 3968 44 16 Rheu-

2758 3983 69 19 matism,
2841 3983 90 21 LnmbaffO,
2944 3986 79 20 Sciatica,
3036 3987 50 19 Gout,
3098 3989 38 18 etc.,
3156 3989 33 15 and

2756 4003 74 15 uebottlo
2839 4007 46 15 gives
2893 4004 52 16 relief.
2967 4005 54 21 Pileo,
3030 4007 32 19 10s,
3069 4008 38 18 pn.-,t
3115 4007 31 15 fro
3146 4007 31 15 3.

2756 4022 27 16 W.
2796 4022 20 15 Cj
2824 4026 58 15 uron,
2894 4023 72 17 r.Oox
2977 4025 34 20 234,
3022 4021 83 23 Dunejlin.
