2510 3999
94 1630 92 21 Latest
199 1630 83 21 Dates
298 1630 29 21 of
343 1632 101 20 Papers
458 1635 132 17 received.

53 1662 95 22 London
459 1666 98 24 October
623 1672 7 20 1

53 1688 84 22 Nelson
460 1693 79 22 March
619 1698 15 20 4

40 1731 3 9 ,
54 1715 118 24 Auckland
463 1719 80 23 March
608 1724 25 21 18

51 1742 49 34 Bay
110 1743 24 21 of
144 1742 85 23 Islands
459 1747 95 22 October
620 1752 13 19 6

52 1768 89 27 Sydney
458 1772 112 30 February
609 1778 24 19 15

56 1799 47 17 Van
114 1795 114 23 Dieman's
237 1796 63 22 Land
456 1799 112 29 February
608 1804 22 20 21

49 1821 55 22 Port
113 1822 80 29 Phillip
454 1825 101 29 January
608 1829 24 22 15

52 1848 110 23 Adelaide
454 1852 125 24 December
607 1857 26 21 28

110 1922 167 25 SHIPPING
296 1922 273 28 INTELLIGENCE.

240 1989 5 4 -
271 1976 143 23 ARRIVED,

80 2002 75 21 March
165 2004 32 21 25,
208 2002 46 25 brig
263 2002 79 24 Lunar,
355 2003 38 20 165
404 2006 54 22 tons,
466 2005 33 21 W.
509 2006 60 25 Ellis,
578 2007 54 22 from

52 2029 83 26 Sydney
144 2031 33 18 via
188 2029 43 26 Bay
242 2029 22 20 of
274 2029 81 20 Islands
365 2030 41 20 and
416 2031 118 22 Auckland.

79 2056 74 21 March
164 2058 32 24 26,
206 2057 102 20 schooner
324 2057 73 20 Maori
411 2059 73 25 Davis,
504 2061 33 24 15,
554 2062 76 24 Wilde,

52 2084 52 21 from
114 2084 36 19 the
160 2084 71 21 Coast.

78 2110 75 21 March
168 2112 32 23 27,
213 2110 62 21 H.M.
285 2110 46 26 brig
343 2112 101 25 Victoria,
456 2114 47 24 200,
520 2114 110 28 Richards,

52 2138 52 21 from
118 2138 106 21 Auckland
234 2143 32 14 via
275 2138 110 22 Taranaki.

78 2164 75 22 March
163 2167 33 22 28,
206 2165 104 21 schooner
319 2167 60 25 Kate,
395 2167 25 20 62
430 2170 53 24 tons,
495 2169 135 27 Macfarlane,

52 2192 54 21 from
118 2192 52 21 East
177 2193 70 20 Coast.

80 2219 59 20 Same
148 2220 45 26 day,
204 2218 62 21 H.M.
277 2220 45 25 brig
341 2221 100 25 Victoria,
452 2223 48 24 200,
520 2223 110 27 Richards,

52 2249 38 21 pat
99 2246 52 21 back
157 2246 142 21 wind-bound.

290 2298 115 21 SAILED.

79 2330 74 22 March
165 2332 33 22 25,
209 2330 78 26 barque
298 2331 52 19 New
360 2331 58 21 York
426 2333 87 25 Packet,
524 2335 41 21 269
576 2337 55 23 tons,

53 2356 101 27 Gregory,
165 2359 33 19 for
204 2357 128 26 Valparaiso.

80 2385 75 20 March
174 2385 33 24 26,
228 2385 78 26 barque
325 2385 106 25 Glenarm,
450 2387 41 21 297
503 2390 55 25 tons,
578 2389 54 28 Guy,

52 2411 33 21 for
95 2412 130 25 Valparaiso.

82 2439 60 20 Same
162 2439 45 26 day,
228 2439 101 20 schooner
353 2440 146 27 Shepherdess,
523 2443 27 20 41
575 2446 57 23 tons,

53 2465 94 26 Browne,
158 2467 32 20 for
200 2465 75 26 Otago.

81 2493 60 22 Same
150 2493 47 28 day,
211 2493 104 21 schooner
329 2494 54 27 Imp,
403 2495 27 20 20
446 2498 55 23 tons,
513 2497 78 25 Tulett,
601 2498 34 21 for

53 2519 88 22 Nelson.

82 2547 59 21 Same
160 2548 45 25 day,
223 2547 102 21 schooner
341 2549 73 24 Mana,
431 2550 28 21 27
479 2554 55 21 tons,
553 2552 74 21 Swanv

53 2573 35 21 for
98 2575 71 20 Mana.

81 2602 74 20 March
172 2603 33 23 28,
216 2601 63 21 H.M.
291 2602 45 26 brig
353 2604 101 25 Victoria,
466 2606 49 25 200,
525 2606 110 25 Richards,

53 2628 34 21 for
98 2629 88 22 Akaroa.

275 2681 33 19 IN
324 2681 85 22 PORT.

78 2714 85 26 Barque
170 2712 128 26 Indemnity,
306 2713 42 20 450
366 2718 61 21 tons,
434 2715 87 25 Adams,
534 2718 102 27 refitting-

52 2741 91 26 Agents,
153 2742 69 19 Waitt
232 2740 43 20 and
285 2741 78 25 Tyser.

80 2769 108 20 Schooner
209 2768 57 24 Ann,
291 2770 27 18 22
338 2771 59 23 tons,
423 2770 85 26 Brown,
532 2772 45 21 laid
600 2780 37 21 up.

52 2796 79 26 Agent,
141 2796 68 20 Waitt
218 2795 41 20 and
271 2795 77 27 Tyser.

82 2824 75 19 Cutter
178 2823 114 26 Pickwick,
312 2824 26 20 38
365 2827 56 23 tons,
442 2825 61 28 Jury.
540 2827 97 28 Captain,

54 2851 76 25 Agent.

82 2878 106 20 Schooner
198 2877 38 21 Sir
244 2878 55 19 John
308 2878 108 27 Franklin,
425 2881 26 19 52
459 2883 54 22 tons,
522 2881 115 28 Campbell.

81 2905 75 20 Cutter
176 2905 95 25 Nimrod,
292 2906 26 19 20
339 2909 56 21 tons,
423 2907 88 28 Waddy.
549 2910 88 26 Agents,

53 2932 92 21 Wallace
154 2932 41 20 and
205 2931 40 22 Co.

82 2960 106 20 Schooner
197 2959 121 27 Richmond,
330 2961 27 19 30
367 2963 56 23 tons,
435 2962 96 22 Sinclair.
560 2965 77 22 Agent,

53 2987 36 20 W.
99 2987 136 21 Fitzherbert.

82 3015 104 19 Schooner
205 3013 103 21 Governor
324 3016 91 26 Hobson,
426 3017 27 20 40
470 3020 56 22 tons,
538 3018 98 22 Scanlon.

54 3041 86 26 Agents,
150 3041 55 20 Hort
215 3041 41 19 and
266 3041 39 21 Co.

82 3069 120 24 Brigantine
214 3067 118 27 Vanguard,
341 3069 26 21 61
378 3072 56 24 tons,
444 3071 97 22 Newton.
569 3073 68 21 Waitt

54 3096 42 19 and
104 3095 73 25 Tyser,
191 3096 87 23 Agents,

82 3122 121 24 Brigantine
216 3122 51 18 Will
279 3123 80 24 Watch,
372 3125 25 19 63
408 3126 55 23 tons,
478 3125 103 27 Harding.

82 3149 64 25 Sloop
152 3148 66 26 Royal
230 3149 96 25 William,
333 3152 27 19 43
371 3155 55 20 tons,
434 3152 83 21 Lovett.
546 3154 88 24 Agents,

54 3175 91 21 Wallace
155 3176 41 20 and
207 3175 38 20 Co.

82 3203 51 25 Brig
142 3203 79 24 Lunar,
235 3203 38 19 165
284 3206 54 22 tons,
350 3205 61 21 Ellis.
447 3206 88 26 Agents,
556 3208 34 20 W.
612 3209 25 21 B.

55 3230 85 20 Rhodes
150 3231 41 19 and
201 3229 37 21 Co.

82 3257 108 21 Schooner
207 3257 70 20 Maori
292 3258 71 25 Davis,
385 3260 26 19 15
426 3263 56 22 tons,
503 3261 82 27 Wylde.
614 3263 22 20 J.

51 3284 76 23 Wade,
138 3285 74 24 Agent.

81 3311 107 21 Schooner
203 3311 61 21 Kate,
277 3312 31 20 62-
320 3314 55 23 tons,
394 3314 135 22 Macfarlane.
559 3317 69 23 Agent

55 3337 27 21 T.
94 3338 30 20 M.
136 3338 121 20 Machattie.
630 3334 6 10 '

82 3365 141 21 Government
233 3365 45 25 brig
290 3366 100 25 Victoria,
408 3368 41 20 200
460 3371 55 23 tons*
527 3369 110 23 Richards.

229 3427 119 17 CUSTOM
362 3427 113 17 HOUSE.

289 3484 109 16 IMPORTS.

76 3511 34 21 In
118 3517 48 15 the
198 3509 65 21 Will
398 3517 64 15 from
473 3512 165 23 Launceston.

55 3539 121 26 Captain,
186 3539 75 25 Agent.
290 3539 13 19 3
322 3544 56 15 cases
388 3538 59 25 fruit,
461 3540 41 20 330
513 3540 49 26 bags
576 3542 61 25 flour,

55 3566 23 21 31
91 3566 34 20 do.
128 3568 66 24 joats,
207 3565 26 20 62
249 3564 35 22 do.
294 3565 58 24 bran,
371 3566 14 20 2
395 3566 61 21 chain
475 3567 76 26 cables,
563 3569 10 19 1
592 3575 47 14 case

55 3593 46 26 ship
110 3593 118 26 chandlery,
241 3593 10 19 1
263 3591 49 21 cask
323 3592 42 24 do.,
377 3588 28 25 53'
413 3593 50 26 bags
482 3594 74 23 wheat.
566 3596 27 19 22
604 3596 34 20 do.

55 3620 81 25 biscuit,
152 3621 28 20 26
197 3620 34 20 do.
248 3619 43 26 do.,
308 3620 14 20 5
338 3619 34 22 do.
391 3620 83 26 onions,
537 3622 102 26 packages

55 3646 95 28 baggage,
160 3648 13 20 2
183 3652 57 15 cases
250 3647 105 20 cheroots.

198 3709 115 20 Inwards
343 3707 147 23 Coastwise.
513 3706 7 22 ,'
564 3714 2 9 >

81 3741 30 22 In
120 3747 47 18 tsb
498 3749 65 16 from
579 3744 60 23 Nbw

54 3770 221 21 TLyMOVTS.Hort
281 3770 43 21 and
330 3771 42 23 Co.,
379 3771 113 25 Agents.
494 3772 14 20 3
516 3777 57 16 cases
577 3773 61 25 wine,

55 3796 27 21 10
92 3796 78 21 barrels
178 3797 109 20 American
296 3798 70 26 pork,'
375 3796 27 22 10
412 3798 79 21 barrels
499 3798 57 25 beer,
564 3800 14 20 4
589 3800 50 27 bags

53 3822 51 25 rice,
113 3824 14 19 8
132 3824 104 26 packages
254 3824 64 27 slops.
331 3825 8 20 1
360 3831 50 15 case
419 3831 71 19 cocoa,
509 3826 9 20 1
531 3826 34 21 do.
582 3827 57 21 salad

55 3850 37 21 il.
227 3850 166 14 :.'.

82 3876 29 21 Ik
119 3881 47 16 the
209 3876 192 28 Shepherdess,*'
424 3885 64 16 from
505 3880 134 22 Nelson.

52 3904 106 26 Schultze,
169 3905 102 25 Agent.
271 3906 13 19 3
294 3912 57 15 cases
369 3907 76 26 cherry
454 3907 86 27 brandy,
552 3909 12 19 2
580 3914 59 16 cases

667 125 59 23 wine,
737 124 98 22 lbundlr
844 125 83 23 leather,
940 125 10 19 1
962 124 148 26 balevgaods.

792 151 21 22 J.
825 151 30 22 M.
865 152 81 25 Taylor,
958 151 107 28 Ridgway,
1076 152 29 20 H.
1122 153 89 27 Taylor,.
1214 150 28 24 o.

668 178 111 23 Harwood,
788 179 42 19 and
840 179 52 20 Mrs.
902 178 84 21 Brown:

695 204 32 24 In.
732 211 47 14 the
993 211 63 14 mow
1066 211 47 15 the
1125 206 117 22 Chatham

668 232 109 20 Islands.
810 233 65 20 Waitt
884 233 42 20 and
942 233 71 23 Tyser,
1029 234 85 23 Agents.
1145 235 24 19 13
1184 234 58 20 casks

667 259 60 19 black
743 259 36 25 oil,
799 260 13 20 3
832 263 45 17 cwt.
896 259 125 23 whalebone,
1039 260 26 20 80
1083 261 53 25 piga,
1154 262 24 19 10
1188 264 54 17 -tons,

667 288 100 23 potatoes,
783 285 14 25 i
807 289 36 17 ton
861 287 59 26 pork,
930 289 48 23 part
992 287 24 19 of
1032 287 35 19 the
1083 288 67 20 wreck
1166 289 24 19 of
1205 288 37 23 .the

666 313 96 21 Look-in.
792 312 120 27 Passengers
941 313 86 21 Messrs.
1034 313 79 26 Rayoe,
1122 315 37 21 Dr.
1166 315 74 25 Faddy,

667 339 102 24 Shurden,
779 340 42 20 and
832 341 10 20 7
853 341 85 20 natives.

695 366 27 21 IN
741 373 46 14 THK
1089 370 151 20 rROM.TABLB

666 393 121 22 Cape./.
796 395 69 24 Wade,
872 396 74 24 Agent.
976 396 25 19 39
1008 395 53 26 pigs,
1066 397 13 19 4
1087 397 48 19 tons
1140 399 100 24 potatoes.

694 426 28 14 is
732 427 45 14 the
933 428 64 14 from
1009 422 51 20 Bay
1068 429 28 13 of
1107 423 105 22 Islands.

665 447 81 21 Rhodes
761 448 41 19 and
820 449 41 24 Co.,
879 449 111 24 Agents.
992 451 13 19 9
1021 449 63 21 boxes
1102 452 40 22 tea,
1154 451 12 19 8
1185 458 55 14 cases

666 475 79 24 sherry,
757 475 38 20 147
806 475 48 25 bags
863 482 67 19 sugar,
943 477 10 19 4
966 476 68 20 chests
1044 480 40 22 tea,
1093 477 12 19 6
1115 478 48 26 bags
1171 480 69 23 coffee,

666 502 12 19 2
687 502 120 25 puncheons
822 508 51 17 rum,
887 504 9 18 1
911 509 46 14 case
967 503 73 25 cigars,
1055 505 11 19 4
1081 505 60 20 hhds.
1157 506 82 26 brandy,

666 529 25 19 18
701 529 60 19 casks
770 529 54 23 beef,
833 529 10 19 1
854 529 48 20 cask
912 530 61 25 pork,
983 531 26 19 20
1018 531 64 26 hams,
1096 532 26 20 13
1133 539 54 14 cases
1193 536 47 23 port

665 555 59 24 wine,
737 556 24 19 12
771 562 57 14 cases
837 556 38 23 ale,
887 557 25 19 20
922 557 78 20 barrels
1019 557 79 21 bottled
1107 559 39 25 ale,
1157 560 24 20 34
1192 561 48 25 bags

665 581 47 26 rice,
731 583 24 19 15
772 583 74 19 firkins
863 583 75 24 butter,
957 584 26 20 16
993 590 57 15 cases
1066 586 79 26 cheese,
1156 588 11 19 4
1184 594 56 14 cases

665 609 97 23 mustard,
773 611 13 18 4
797 610 34 20 do.
841 609 85 27 piskles,
937 612 12 19 5
960 618 58 14 cases
1027 612 66 27 pipes,
1108 614 9 18 1
1131 613 42 21 bale
1182 615 57 20 blan-

665 635 53 23 kets,
737 636 38 20 160
791 636 49 26 bags
856 637 60 24 flour,
927 638 61 25 6,104
1006 639 43 20 feet
1063 639 82 24 timber,
1156 642 11 19 4
1184 648 55 15 cases

665 663 89 25 candles,
766 664 10 19 1
788 664 63 20 tierce
861 665 92 24 tobacco,
962 666 12 19 2
985 666 83 19 bullock
1076 666 69 26 drays,
1156 669 24 20 70
1188 670 50 26 pigs,

665 689 39 21 700
715 690 83 21 bushels
807 691 72 24 maize,
896 692 13 20 3
919 695 48 18 tons
977 695 101 24 potatoes,
1098 694 9 20 1
1119 696 37 19 tori
1164 696 45 25 flax,
1227 696 12 20 6

664 721 46 15 cwt.
721 717 66 21 bacon
795 719 42 19 and
846 719 65 20 hams.

752 779 170 21 IMPORTANT
935 780 39 21 TO
989 781 159 24 MARINERS.

691 817 42 17 No.
746 817 18 17 1.
793 817 19 17 A
823 817 57 21 rock,
893 817 89 18 situated
991 818 22 17 to
1021 817 36 19 the
1066 818 99 20 eastward
1174 819 23 20 of
1205 819 33 20 the

665 840 71 21 Island
743 841 44 19 Tiri
796 841 44 20 Tiri
851 842 113 26 Mantangi,
974 842 79 21 distant
1061 844 54 20 from
1126 846 34 19 the
1173 846 66 20 island

665 868 63 20 about
738 874 38 14 one
786 868 50 20 mile
851 869 40 19 and
904 875 13 13 a
931 872 91 23 quarter,
1033 871 76 25 having
1126 873 61 20 about
1200 879 38 14 one

664 895 44 20 foot
718 895 25 20 of
750 898 61 17 water
825 901 28 14 on
861 895 18 20 it
888 898 22 17 at
924 896 39 19 low
974 899 62 18 water
1048 898 98 26 (spring),
1157 901 38 19 and
1213 901 24 19 15

663 922 80 20 fathom
752 926 63 16 water
825 922 55 20 close
887 926 21 16 to
917 923 17 20 it
945 929 28 14 on
981 930 60 20 every
1051 925 50 24 side,
1112 926 53 21 from
1174 927 63 21 which

664 948 35 21 the
712 949 106 26 following
834 949 93 25 bearings
946 950 120 27 (magnetic)
1084 959 53 15 weFe
1151 955 86 20 taken

665 976 102 20 Southern
786 977 109 25 extremity
904 977 24 19 of
945 978 36 20 the
992 980 73 19 Island
1074 980 60 21 S.W.
1172 982 41 24 W.,
1226 988 12 13 a

664 1003 127 20 remarkable
800 1004 63 19 white
873 1004 63 26 rocky
945 1006 48 19 islet
1003 1009 22 17 at
1034 1007 34 19 the
1080 1009 157 21 north-western

664 1031 108 25 extremity
780 1030 24 20 of
812 1032 33 19 the
855 1031 73 24 island,
940 1032 63 22 N.W.
1011 1033 28 26 by
1048 1033 34 21 W.
1093 1033 14 24 $
1118 1035 41 25 W.,
1169 1040 67 16 centre

664 1058 24 19 of
694 1057 37 20 the
748 1058 64 20 Little
830 1058 81 21 Barrier
926 1058 72 22 Island
1014 1060 40 20 due
1069 1062 71 24 north,
1155 1064 52 23 peak
1216 1063 23 20 of

665 1084 111 26 Rangitoto
788 1085 21 20 S.
819 1084 14 24 i
843 1085 25 20 E.

691 1112 62 20 From
761 1112 35 20 the
806 1112 92 27 position
906 1113 40 20 and
956 1115 63 25 shape
1030 1115 23 19 of
1063 1115 35 21 the
1108 1116 73 24 island,
1194 1118 43 20 Tiri

663 1140 44 20 Tiri
717 1140 110 25 Mantangi
844 1143 36 17 not
889 1140 61 26 being
963 1142 103 26 correctly
1072 1143 86 21 marked
1167 1145 21 19 in
1202 1146 34 19 the

663 1167 115 25 Admiralty
788 1167 65 20 Chart
862 1167 24 20 of
894 1167 33 21 the
945 1168 57 23 Gulf,
1013 1169 34 20 the
1064 1170 94 27 bearings
1172 1173 23 19 of
1202 1173 35 19 the

664 1193 78 21 distant
750 1194 49 20 land
808 1195 69 19 marks
887 1195 31 19 do,
922 1199 38 16 not
969 1202 59 19 agree
1036 1203 29 13 on
1076 1197 36 21 the
1122 1199 58 20 chart
1188 1196 52 24 with'

663 1221 59 20 those
731 1222 24 19 of
763 1221 34 20 the
807 1222 124 20 extremities
941 1222 24 20 of
973 1223 34 20 the
1017 1224 74 22 island.

690 1255 42 20 No.-
743 1256 49 19 2
793 1256 18 19 A
826 1255 51 21 rock
893 1256 29 19 off
934 1257 35 20 the
983 1258 99 20 northern
1103 1260 44 20 side
1164 1261 23 19 of
1202 1262 34 19 the

663 1282 70 21 Island
743 1283 24 19 of
774 1282 115 24 Waihekie,
899 1283 91 26 (marked
998 1291 28 14 on
1037 1286 34 20 the
1081 1286 60 21 chart
1147 1288 89 26 position

663 1309 115 25 uncertain)
786 1310 54 20 from
849 1310 67 21 which
924 1312 36 19 the
970 1312 107 27 following
1086 1314 94 26 bearings
1186 1322 49 14 were

663 1337 62 20 taken
732 1345 5 12 :

689 1364 77 22 North-
770 1371 8 14 f
780 1368 71 18 astern
859 1366 41 19 end
909 1366 23 19 of
940 1366 108 21 Waihekie
1058 1367 40 21 due
1112 1371 44 17 east
1172 1369 63 26 (mag-

663 1392 56 20 netic
727 1399 6 16 ;
750 1393 49 20 Bird
809 1394 69 19 Island
889 1393 24 20 E.
924 1394 28 24 by
962 1393 28 20 N.
1028 1394 26 20 N.
1065 1402 5 16 ;
1086 1397 97 19 northern
1197 1397 38 20 end

663 1421 24 19 of
695 1419 59 22 Hura
764 1420 41 19 Xii
821 1420 77 22 Inland,
905 1420 32 21 W.
950 1419 15 25 J
978 1421 21 20 S.
1009 1428 5 17 j
1030 1421 53 26 peak
1093 1423 24 19 of
1126 1423 109 24 Rangitoto

664 1447 70 20 Island
745 1447 56 20 S.W.
811 1446 15 24 $
836 1448 34 19 W.

689 1474 50 20 This
750 1474 49 20 rock
809 1475 18 19 is
837 1481 50 13 even
897 1475 48 19 with
953 1475 36 19 the
1002 1477 81 18 water's
1094 1477 50 25 edge
1157 1480 23 17 at
1188 1479 47 25 high

662 1505 70 21 water,
743 1501 40 21 and
791 1501 38 20 has
839 1501 50 28 deep
899 1506 61 23 wat^r
970 1503 72 19 within
1052 1509 13 13 a
1078 1503 60 21 short
1147 1505 89 21 distance

663 1535 26 13 on
697 1529 29 20 all
734 1529 53 20 sides
798 1529 23 19 of
829 1528 24 20 it.

689 1556 66 20 These
766 1556 93 25 bearings
868 1562 52 13 were
929 1557 62 19 taken
995 1557 28 25 by
1033 1557 35 19 the
1077 1558 51 26 only
1137 1565 68 15 means
1214 1560 22 20 in

662 1589 34 20 my
705 1589 74 20 power,
791 1585 21 17 at
822 1583 34 19 the
866 1583 49 19 time
943 1590 11 13 a
963 1583 68 21 boat's
1041 1590 102 21 compass.

689 1617 42 20 No.
743 1618 19 19 3.
792 1617 19 20 A
821 1617 59 20 small
889 1617 62 24 rocky
961 1618 70 24 patch,
1042 1618 64 21 about
1115 1620 47 21 half
1169 1627 11 14 a
1190 1621 45 20 mile

661 1644 54 20 from
731 1645 35 19 the
781 1645 69 23 shore,
868 1644 90 20 between
974 1645 35 20 the
1026 1647 63 19 north
1103 1647 53 20 head
1172 1649 23 19 of
1203 1649 33 19 the

661 1672 91 19 harbour
761 1672 40 19 and
811 1672 36 19 the
855 1672 45 19 first
910 1672 58 25 point
983 1672 24 19 of
1018 1673 49 20 land
1082 1675 88 24 outside,
1183 1675 52 20 from

661 1698 67 20 which
738 1699 35 19 the
781 1698 106 26 following
896 1698 95 26 bearings
1000 1706 53 13 were
1065 1700 59 21 taken
1133 1710 4 11 :

689 1726 116 25 Extremity
825 1725 23 20 of
861 1726 34 19 the
912 1726 69 20 North
999 1727 59 20 Head
1075 1728 21 20 S.
1113 1729 38 19 110
1165 1729 70 25 West;

664 1753 84 20 Bastion
759 1752 56 21 Rock
824 1752 21 20 S.
858 1754 36 19 18
905 1752 24 22 E.
939 1761 6 15 ;
960 1753 83 21 Beacon
1053 1761 26 13 on
1091 1755 35 20 the
1136 1756 100 20 Southern

663 1780 52 20 Reef
727 1780 21 20 S.
759 1780 40 19 45
807 1780 27 19 E.
842 1787 5 17 ;
863 1780 70 25 Signal
942 1780 57 21 Mast
1014 1787 28 14 on
1051 1782 83 22 .Mount
1147 1783 90 21 Victoria

654 1807 30 20 -S.
693 1808 40 19 480
743 1807 66 20 West.

689 1841 50 20 This
757 1841 50 19 rock
825 1841 36 19 has
877 1841 31 20 six
922 1841 43 20 feet
981 1841 23 20 of
1017 1846 62 17 water
1094 1849 27 14 on
1136 1844 17 19 it
1167 1846 20 17 at
1198 1844 37 19 low

661 1871 62 17 water
731 1868 106 25 (springs),
845 1870 39 18 two
894 1868 89 20 fathoms
995 1868 73 28 (sandy
1078 1870 90 26 bottom)
1176 1871 61 20 about

660 1896 25 23 it,
696 1896 42 19 and
747 1896 47 19 four
803 1895 90 20 fathoms
910 1895 64 26 (mud)
985 1895 68 20 inside
1071 1898 39 19 and
1126 1898 80 20 outside
1216 1898 22 19 of

660 1923 25 20 it.
713 1922 51 20 This
781 1922 60 20 small
856 1922 63 25 patch
928 1922 24 20 of
965 1923 93 20 volcanic
1073 1925 51 19 rock
1134 1925 40 19 had
1187 1925 49 20 been

660 1949 116 26 accidently
786 1949 124 19 overlooked
919 1950 22 18 in
957 1949 36 20 the
1002 1950 59 19 chart
1072 1951 57 19 made
1140 1951 27 25 by
1177 1951 58 26 Capt.

661 1976 91 26 Stanley,
772 1976 25 20 of
814 1975 85 21 H.M.S.
917 1976 127 20 Brlttomart
1055 1985 6 11 :
1076 1984 12 13 a
1108 1978 49 19 Red
1172 1978 63 21 Buoy

660 2004 36 19 has
706 2003 91 25 recently
807 2003 51 20 been
870 2004 72 24 placed
952 2009 38 14 nea
1009 2004 24 22 it,
1044 2011 24 12 as
1077 2005 17 19 it
1103 2005 38 19 lies
1152 2005 85 27 directly

660 2030 22 21 in
692 2030 35 21 the
737 2037 42 19 way
789 2030 24 20 of
821 2030 96 25 shipping
927 2031 94 25 entering
1032 2032 36 19 the
1077 2032 98 20 harbour.

851 2062 80 20 David
946 2062 91 24 Rough,

915 2089 98 21 Harbour
1022 2090 87 25 Master,
1121 2091 114 21 Auckland.

661 2160 90 41 New
781 2160 209 41 Zealand
1020 2160 209 41 Gazette

698 2217 68 23 AND
779 2217 213 23 WELLINGTON
1011 2218 186 25 SPECTATOR.

760 2271 154 25 Wednesday,
931 2272 87 21 March
1033 2273 33 25 29,
1085 2274 60 21 1843.

695 2320 41 24 We
749 2321 55 23 have
816 2321 99 23 received
927 2322 122 23 Auckland
1061 2330 80 24 papers
1159 2331 22 16 as
1193 2324 43 24 late

661 2362 24 15 as
698 2354 36 23 the
749 2354 55 23 18th
823 2354 26 23 of
865 2354 43 24 this
926 2361 91 24 present
1033 2356 86 23 month.
1155 2356 28 24 In
1200 2357 37 24 the

663 2386 116 24 Chronicle
791 2387 25 23 of
832 2387 36 24 the
890 2388 62 28 18th,
966 2396 31 15 we
1014 2388 59 23 have
1092 2394 42 17 two
1152 2389 84 25 leaders

662 2420 126 30 discussing
800 2425 23 18 at
840 2428 61 15 some
918 2420 79 32 length
1014 2429 61 22 upon
1094 2426 42 19 two
1155 2422 28 23 all
1198 2432 38 15 en-

661 2453 106 31 grossing
786 2454 78 29 topics,
884 2453 51 23 with
959 2453 160 31 Englishmen;
1142 2457 93 31 namely,

663 2485 83 24 church
759 2486 42 22 and
812 2491 65 23 state,
887 2486 43 23 and
943 2486 36 24 the
993 2486 94 24 conduct
1098 2489 97 29 pursued
1209 2490 26 31 by

663 2519 37 23 the
712 2526 42 16 one
766 2519 93 23 towards
874 2519 36 23 the
921 2519 71 28 other,
1000 2519 45 24 and
1056 2521 96 24 towards
1164 2521 28 24 all
1201 2523 35 24 the

659 2556 50 19 rest
727 2551 26 23 of
769 2551 36 23 the
826 2552 142 24 unfortunate
990 2553 80 31 people
1087 2554 72 24 called
1181 2556 56 23 their

662 2584 107 30 subjects.
852 2598 4 10 i

698 2618 23 23 It
732 2625 93 23 appears
838 2617 48 24 that
897 2617 36 24 the
950 2618 58 31 good
1026 2619 79 31 people
1117 2620 26 24 of
1158 2621 79 25 Auck-

664 2650 59 29 land,
736 2658 25 15 as
773 2650 48 23 well
833 2658 25 15 as
870 2651 120 29 ourselves,
1003 2660 37 15 are
1056 2652 94 32 looking
1161 2653 31 31 (if
1206 2663 31 15 we

665 2691 37 16 are
713 2688 23 18 to
747 2683 85 24 believe
840 2691 40 16 our
891 2684 182 32 contemporary)
1080 2686 94 25 forward
1186 2688 51 23 with

665 2724 29 16 no
712 2716 70 30 slight
799 2716 80 31 degree
899 2717 23 22 of
942 2718 94 23 interest
1054 2719 33 23 for
1106 2719 38 23 the
1160 2722 78 23 arrival

666 2750 25 23 of
712 2749 95 31 Captain
833 2749 113 24 Hobson's
969 2758 124 17 successor.
1130 2752 60 25 That
1210 2754 29 24 he

665 2782 45 24 will
727 2782 28 23 be
771 2781 26 24 of
814 2782 37 23 the
870 2787 48 19 true
934 2782 63 32 Tory
1008 2784 67 23 breed
1087 2784 63 25 there
1161 2794 39 16 can
1212 2788 26 23 be

666 2824 28 15 no
706 2815 103 28 mistake,
822 2815 44 23 and
879 2816 21 23 in
914 2815 28 24 all
954 2817 141 31 probability,
1109 2819 22 22 in
1145 2819 94 32 keeping

665 2848 52 24 with
738 2848 39 23 the
799 2848 97 24 hitherto
919 2849 102 24 Colonial
1039 2857 92 23 system,
1152 2859 28 16 an
1199 2862 39 15 ex-

665 2881 100 24 member
783 2881 25 23 of
825 2889 40 15 our
884 2882 64 23 naval
967 2890 25 15 or
1010 2883 98 31 military
1122 2886 117 24 establish-

666 2919 68 19 ment.
771 2914 112 28 Colonies,
892 2915 98 23 whether
997 2915 47 24 like
1054 2916 64 24 those
1124 2918 26 22 of
1154 2920 85 23 ancient

666 2948 158 31 acquirement,
845 2956 25 14 or
888 2948 62 23 those
969 2949 26 23 of
1009 2950 93 23 modern
1114 2951 124 30 formation,

666 2981 66 29 being
751 2980 91 24 deemed
863 2980 36 24 the
919 2981 99 31 peculiar
1035 2989 106 24 property
1159 2985 25 22 of
1203 2985 36 24 the

668 3013 85 28 Crown,
774 3014 42 23 and
833 3015 160 30 consequently
1010 3015 124 30 legitimate
1152 3025 88 17 sources

666 3047 25 22 of
707 3046 65 23 small
790 3052 123 26 patronage
929 3048 35 23 for
975 3048 82 23 official
1075 3050 111 29 aspirants
1197 3052 43 27 a,nd

665 3084 138 26 expectants.
841 3079 41 24 We
893 3088 66 23 agree
971 3081 53 23 with
1036 3081 38 23 the
1093 3081 88 31 Editor,
1194 3085 47 23 that

666 3119 32 16 we
709 3112 119 30 anticipate
842 3119 52 23 very
905 3112 57 24 little
971 3114 58 30 good
1037 3114 58 23 from
1103 3123 44 22 any
1157 3116 83 33 change

666 3144 72 24 which
750 3152 51 23 may
814 3144 52 24 take
884 3144 62 32 place
965 3147 23 22 in
1008 3147 38 23 the
1057 3150 183 28 representatives

666 3178 25 23 of
711 3177 115 31 Downing
848 3178 74 23 Street
944 3179 23 22 in
995 3179 64 24 these
1087 3180 153 28 Settlements.

667 3210 52 24 God
729 3210 87 29 knows,
835 3210 52 31 they
899 3210 56 24 have
974 3219 52 24 very
1039 3212 56 24 little
1113 3213 47 25 free
1176 3223 64 25 scope

666 3243 40 24 left
728 3243 69 29 them,
816 3243 45 23 and
882 3244 110 23 therefore
1011 3250 22 18 to
1055 3245 38 32 lay
1112 3254 43 24 any
1173 3253 68 19 stress

665 3283 61 24 upon
747 3276 59 23 what
828 3276 54 31 they
903 3284 51 23 may
975 3279 107 29 promise,
1105 3279 20 23 is
1145 3281 51 30 only
1220 3288 21 19 to

666 3309 89 24 deceive
774 3309 120 24 ourselves.
929 3310 127 30 Formerly,
1075 3311 87 31 indeed,
1178 3315 64 24 when

666 3349 52 16 men
739 3342 74 23 where
830 3343 128 23 nominated
978 3347 23 19 to
1019 3351 44 24 any
1082 3344 25 24 of
1126 3346 38 24 the
1185 3347 56 24 local

666 3375 82 23 official
766 3375 134 30 situations,'
912 3373 52 34 they
976 3384 57 16 were
1051 3385 25 15 so
1089 3378 33 23 far
1138 3379 102 33 honestly

666 3407 60 24 dealt
736 3408 31 30 by
778 3415 24 15 as
815 3412 22 19 to
850 3408 156 25 becontinued
1016 3410 24 23 in
1049 3409 70 30 them,
1127 3411 113 33 although,

666 3440 96 32 perhaps
768 3440 3 5 '
779 3441 54 23 with
844 3441 66 24 small
921 3441 68 32 hopes
1002 3443 25 23 of
1035 3445 127 29 promotion
1169 3453 6 21 ;
1193 3446 48 29 but,

666 3480 49 17 now
727 3474 88 30 a-days,
828 3474 56 23 such
894 3476 21 22 is
926 3474 38 24 the
983 3479 111 27 pressure'
1105 3477 26 22 of
1144 3478 98 31 political

666 3506 111 24 influence
789 3511 22 19 at
827 3507 66 23 home
912 3507 57 24 from
986 3507 94 25 irithdui
1099 3516 62 24 upon
1179 3511 62 26 those'

666 3537 86 31 within,
766 3539 46 24 that
826 3547 68 23 many
906 3540 24 23 of
946 3540 37 24 the
997 3541 102 24 Colonial
1113 3542 128 27 Governor-

667 3571 70 31 ships,
760 3572 102 31 stripped
882 3580 24 16 as
928 3573 53 32 they
1004 3582 37 16 are
1061 3582 51 16 now
1131 3577 28 23 .of
1176 3582 65 28 eve~ry
1241 3601 2 5 ,

668 3603 63 31 thing
748 3605 28 26 in,
793 3605 38 22 the
851 3604 69 33 shape
936 3606 26 23 of
980 3605 59 25 local
1054 3613 131 27 patronage,
1204 3619 36 16 are
1241 3601 2 16 ;

667 3643 48 16 now
728 3638 88 29 eagerly
825 3638 98 31 grasped
933 3644 31 23 at,
980 3636 186 36 bfkonquriib'le
1181 3638 61 35 Md,[

668 3666 52 26 who'
726 3669 72 24 would
806 3670 105 32 formerly
924 3671 54 24 have
990 3673 97 30 thought
1098 3673 37 24 the
1150 3675 53 25 offer
1220 3677 22 23 of

666 3701 60 24 them
738 3701 71 25 under
821 3702 61 26 such.
887 3703 142 32 humiliating
1046 3709 70 21 terms
1125 3714 29 17 an
1164 3708 77 31 insult,

666 3735 46 23 and
720 3735 65 24 those
796 3735 57 32 who,
866 3736 33 24 for
909 3736 37 24 the
958 3737 56 24 sake
1026 3737 26 24 of
1065 3742 128 30 promoting
1204 3742 38 24 the

665 3768 48 24 real
720 3789 2 6 ,
734 3768 106 25 interests
868 3769 25 24 of
919 3768 43 27 the.
984 3770 96 31 Colony,
1108 3772 134 35 voluntarily

666 3801 125 24 undertake
814 3802 38 24 the
873 3807 60 19 most
952 3803 106 24 essential
1080 3805 44 24 and
1145 3807 97 27 arduous

666 3834 72 23 duties
751 3834 26 24 of
792 3834 37 25 the
841 3834 107 28 different.
952 3837 148 30 settlements,
1112 3846 26 16 as
1143 3845 62 19 'soon
1218 3849 24 16 as

666 3866 38 24 the
715 3867 153 25 accumulated
879 3868 107 33 industry,
993 3869 25 25 of
1027 3870 60 24 their
1093 3871 74 25 fellow
1176 3874 66 24 Cold-

665 3901 57 22 nists
734 3901 46 23 will
790 3901 54 24 bear
854 3901 39 24 the
904 3909 68 17 screw
983 3903 27 24 of
1018 3906 115 26 taxation;-
1140 3913 40 17 are
1189 3914 53 18 very

1247 131 7 8 ''
1271 127 127 32 graciously
1409 128 77 24 bowed
1498 135 42 18 out
1550 131 26 23 of
1590 131 71 28 office,
1674 134 24 19 to
1709 129 66 24 make
1787 137 61 16 room

1271 161 34 22 for
1317 160 64 24 those
1391 160 49 24 who
1451 162 191 32 condecendingly
1651 167 77 27 accept
1737 163 24 23 of
1771 163 63 23 office
1841 172 6 19 ;

1271 193 79 28 which,
1373 194 19 23 it
1412 194 41 24 has
1475 195 61 25 been'
1552 195 137 29 discovered,
1713 202 81 17 cannot
1821 197 29 22 be

1271 226 71 30 safely
1364 227 158 25 administered
1545 230 31 29 by
1592 237 44 22 any
1654 228 126 31 gentleman
1800 228 49 24 who

1247 271 4 9 >
1272 258 40 24 has
1325 266 42 23 any
1381 259 59 32 lojcal
1457 262 102 24 interest.
1608 262 56 23 This
1682 269 43 16 one
1740 261 25 23 of
1787 261 62 24 those

1271 292 53 23 base
1335 292 143 32 subterfuges
1490 296 71 22 under
1577 295 72 23 which
1669 294 38 23 the
1726 299 82 25 system
1827 295 25 22 of

1270 324 167 24 exclusiveness
1447 327 20 22 is
1478 328 123 30 attempted
1609 332 23 18 to
1639 329 28 22 be
1675 327 108 31 justified.
1820 327 29 23 In

1270 357 38 24 the
1317 358 73 30 Army
1402 359 44 23 and
1458 360 74 31 Navy,
1552 362 19 22 it
1588 362 28 26 is,
1634 369 24 14 or
1677 367 46 16 was
1735 359 115 31 formerly,'

1270 398 14 15 a
1294 390 82 24 breach
1388 391 25 23 of
1428 391 39 25 the
1478 394 90 23 articles
1581 394 25 23 of
1620 400 51 21 war,
1684 393 35 23 for
1731 400 27 16 an
1773 393 76 23 officer

1271 427 21 19 to
1304 423 57 23 have
1368 432 45 24 any
1424 425 138 25 intercourse
1583 426 53 23 with
1655 425 38 24 the
1711 426 106 30 privates,
1831 425 21 23 if

1270 461 40 18 not
1332 464 55 16 even
1415 459 53 22 with
1496 459 233 23 non-commissioned
1752 459 95 23 officers.

1270 489 65 28 Now,
1338 493 3 7 1
1347 489 32 24 let
1388 498 27 15 us
1428 498 37 16 see
1478 491 58 24 what
1545 492 20 23 is
1585 492 36 23 the
1640 491 72 29 effect,
1732 499 24 15 or
1773 491 76 24 rather

1270 522 73 23 would
1358 522 36 30 be,
1405 524 19 22 if
1439 524 45 23 this
1496 525 19 22 is
1528 530 22 18 to
1561 524 29 24 be
1602 524 87 24 carried
1701 529 38 19 out
1750 524 98 31 through

1270 562 41 16 our
1322 555 50 23 civil
1385 557 191 24 establishments.
1611 558 24 23 A
1642 557 134 31 gentleman,
1785 558 63 23 how-

1269 594 51 17 ever
1332 588 49 23 well
1392 589 105 30 qualified
1507 590 29 23 he
1549 598 50 22 may
1611 590 28 23 be
1652 597 22 16 to
1685 590 34 22 fill
1731 599 12 15 a
1754 590 58 31 legal
1824 599 25 15 or

1269 620 51 24 civil
1343 621 114 28 situation,
1481 628 83 18 caunot
1586 623 57 30 hope
1667 627 22 19 to
1709 623 27 23 do
1757 631 24 16 so
1800 623 23 23 in
1835 632 13 14 a

1268 654 138 31 community
1425 655 23 23 in
1472 655 72 24 which
1564 656 29 23 be
1613 656 41 23 has
1674 656 69 23 taken
1762 664 30 23 up
1811 656 37 24 his

1268 685 70 24 abode
1350 687 22 22 in
1385 694 13 16 a
1408 687 87 32 Colony
1504 698 5 18 ;
1528 689 102 28 because,
1646 689 26 23 he
1684 696 52 23 may
1748 689 27 23 be
1791 697 55 23 sup-

1267 719 70 29 posed
1359 723 22 19 to
1405 720 56 23 have
1480 722 88 29 private
1591 722 103 30 feelings,
1716 729 25 16 or
1761 722 87 30 private

1268 752 104 23 interests
1385 757 23 19 to
1420 753 83 30 gratify
1512 762 6 20 ;
1540 755 44 23 and
1598 754 110 24 therefore
1720 755 18 23 it
1755 755 27 28 is,
1801 755 47 23 that

1267 784 143 30 individuals,
1430 786 49 23 who
1498 786 57 24 have
1574 795 28 16 no
1625 788 124 23 connexion
1769 787 53 24 with
1834 796 14 15 a

1268 816 63 31 place
1342 825 36 16 are
1392 823 50 19 sent
1453 819 57 23 from
1532 828 14 15 a
1562 820 108 29 distance,
1689 821 22 23 if
1734 825 38 18 not
1789 820 57 24 from

1267 850 38 22 the
1317 851 87 22 mother
1416 856 102 26 country,
1531 858 23 18 to
1567 853 32 23 fill
1613 853 36 23 the
1669 854 88 23 various
1777 854 70 22 situa-

1267 883 59 22 tions
1361 883 60 30 legal
1433 892 24 14 or
1468 885 127 25 otherwise.
1639 886 64 28 Now,
1722 886 32 23 let
1773 894 27 15 us
1811 886 35 24 for

1267 923 13 15 a
1301 921 108 24 moment,
1432 917 54 22 take
1509 926 13 14 a
1540 919 56 22 view
1615 919 24 22 of
1663 918 38 24 the
1719 924 129 24 arguments

1266 948 102 24 adduced
1386 949 22 23 in
1426 949 149 31 justification
1593 950 25 24 of
1632 951 56 23 such
1700 957 92 24 system,
1804 952 44 23 and

1266 988 38 16 see
1315 981 59 23 what
1385 982 20 22 is
1417 982 37 23 the
1467 983 130 24 conclusion
1609 988 23 18 to
1648 984 28 23 be
1695 984 74 23 drawn
1789 985 57 23 from

1265 1014 19 23 it
1293 1014 10 23 ?
1354 1014 69 31 Why,
1446 1014 71 25 either
1541 1016 37 23 the
1608 1016 154 24 Government
1785 1023 63 18 must

1266 1051 86 26 expect,
1375 1047 53 28 and,
1451 1047 87 30 indeed,
1561 1049 42 23 call
1626 1057 61 22 upon
1706 1050 37 23 the
1757 1052 90 21 various

1265 1080 157 23 communities
1435 1085 23 18 to
1470 1081 55 23 send
1535 1080 59 25 their
1605 1083 90 23 various
1714 1083 92 24 officials
1825 1089 21 18 to

1267 1112 117 31 Coventry,
1398 1120 25 16 or
1442 1113 53 29 else,
1511 1115 18 22 if
1545 1115 53 30 they
1616 1115 56 24 have
1691 1115 38 24 the
1745 1117 103 30 ordinary

1265 1153 105 16 manners
1399 1146 43 23 and
1472 1147 69 24 social
1576 1148 104 32 feelings,
1715 1149 72 24 which
1817 1151 31 22 all

1265 1186 52 15 men
1328 1178 49 24 who
1389 1179 71 31 ought
1471 1184 23 18 to
1505 1180 27 24 be
1545 1180 78 31 placed
1635 1182 23 23 in
1670 1182 56 23 such
1738 1183 108 30 positions

1265 1211 81 23 should
1357 1220 99 22 possess,
1470 1211 54 33 they
1535 1218 23 19 at
1570 1222 55 15 once
1637 1214 91 24 become
1740 1214 106 32 disquali-

1265 1244 44 23 fied
1321 1244 34 24 for
1368 1244 57 24 their
1437 1246 176 31 appointments.

1298 1277 43 23 We
1360 1277 109 24 therefore
1482 1279 108 24 conclude
1601 1280 34 23 for
1653 1280 37 24 the
1707 1286 90 25 present
1816 1282 30 30 by

1265 1311 115 30 repeating
1392 1310 59 24 what
1462 1319 31 15 we
1505 1317 36 18 set
1552 1318 40 18 out
1602 1313 61 28 with,
1682 1314 49 22 that
1742 1322 24 15 as
1778 1315 34 22 far
1823 1322 24 16 as

1264 1343 92 30 regards
1369 1343 37 24 the
1418 1345 106 22 essential
1536 1346 105 23 interests
1653 1347 26 22 of
1693 1347 38 22 the
1743 1347 44 23 free
1800 1352 46 18 set-

1265 1376 54 23 tlers
1338 1376 24 23 of
1378 1376 59 24 New
1454 1377 107 29 Zealand,
1587 1380 18 21 it
1630 1387 41 15 can
1696 1384 81 18 matter
1794 1388 54 23 very

1263 1409 59 23 little
1339 1409 49 23 who
1406 1418 52 22 may
1475 1410 28 23 be
1522 1411 38 23 the
1579 1419 117 16 successor
1717 1417 22 18 to
1752 1413 95 30 Captain

1265 1442 105 28 Hobson,
1383 1450 24 15 or
1420 1443 96 31 Captain
1526 1444 135 31 Any-body,
1673 1452 25 15 so
1707 1445 54 30 long
1771 1453 25 15 as
1808 1446 38 23 the

1264 1479 91 27 present
1366 1480 85 25 system
1462 1475 26 24 of
1504 1476 156 24 Government
1675 1478 20 22 is
1715 1482 23 19 to
1754 1478 26 23 be
1792 1487 54 22 pur-

1265 1507 55 24 sued
1331 1513 23 18 at
1365 1507 74 24 home.

1298 1541 75 23 There
1391 1541 108 31 certainly
1512 1550 51 22 may
1580 1543 28 23 be
1625 1551 14 15 a
1656 1543 117 25 difference
1791 1552 54 16 even

1265 1575 22 22 in
1300 1581 51 16 men
1364 1581 23 16 as
1400 1574 49 23 well
1467 1582 25 16 as
1504 1583 86 15 women
1602 1576 25 23 of
1642 1576 37 24 the
1691 1584 61 16 same
1764 1585 79 23 genus,

1263 1608 41 22 for
1311 1615 41 15 one
1364 1614 51 23 may
1427 1607 121 25 dissemble
1561 1608 40 26 her
1612 1608 49 24 love
1674 1609 65 24 while
1750 1610 92 24 another

1265 1648 51 22 may
1329 1639 53 24 kick
1400 1648 44 22 you
1457 1641 63 23 down
1538 1642 75 23 stairs.
1649 1642 38 23 An
1706 1642 49 23 idea
1773 1644 71 23 which

1265 1681 41 15 our
1318 1677 169 27 contemporary
1499 1674 107 31 probably
1620 1674 43 24 had
1682 1676 25 22 in
1724 1675 35 23 his
1771 1677 74 23 minds

1265 1714 48 22 eye,
1331 1705 64 23 when
1416 1705 28 24 he
1456 1712 67 18 wrote
1543 1707 37 23 the
1601 1707 114 32 following
1735 1710 107 28 remarks,

1290 1738 50 24 The
1357 1743 78 19 tenure
1448 1740 25 22 of
1489 1740 103 24 Colonial
1606 1740 72 24 Office
1696 1742 52 23 held
1766 1743 81 30 during

1265 1771 40 23 her
1319 1771 118 31 Majesty's
1448 1773 110 30 pleasure,
1569 1774 20 22 is
1602 1778 39 19 not
1653 1782 49 15 now
1710 1783 25 14 as
1743 1775 103 31 formerly

1265 1804 108 31 regarded
1393 1813 25 14 as
1437 1806 127 30 equivelent
1587 1811 22 18 to
1630 1815 13 14 a
1666 1813 77 18 tenure
1766 1808 81 31 during

1265 1838 59 30 good
1341 1837 120 25 behavour.
1499 1839 50 23 The
1568 1839 55 30 high
1639 1840 99 30 political
1751 1841 95 23 Officers

1265 1878 38 15 are
1315 1877 49 16 now
1376 1870 66 24 liable
1455 1876 21 19 to
1489 1872 28 23 be
1530 1872 71 23 called
1612 1880 58 23 upon
1684 1877 22 19 to
1717 1874 65 22 retire
1788 1874 58 22 from

1266 1903 37 23 the
1315 1903 75 31 public
1397 1905 94 26 service,
1504 1905 116 23 whenever
1628 1905 94 24 motives
1731 1906 24 23 of
1761 1907 83 29 private

1265 1936 94 22 interest
1370 1943 51 23 may
1433 1942 93 24 suggest
1539 1937 37 23 the
1590 1938 138 30 expediency
1736 1939 24 22 of
1768 1938 55 23 such
1834 1947 12 15 a

1267 1975 109 15 measure.
1417 1969 22 22 A
1460 1969 85 30 change
1565 1971 23 21 in
1609 1969 38 24 the
1668 1978 81 23 person
1769 1972 25 22 of
1810 1971 36 23 the

1267 2001 116 22 Governor
1393 2001 20 22 is
1421 2008 51 15 now
1484 2002 129 23 considered
1624 2010 13 15 a
1648 2003 113 23 suSicient
1769 2011 76 16 reason

1265 2034 35 22 for
1317 2041 44 22 any
1373 2033 128 23 alterations
1520 2034 73 23 which
1610 2034 35 26 hkj
1663 2043 115 16 successor
1796 2044 52 23 may

1266 2066 63 23 deem
1341 2067 18 22 it
1371 2066 119 30 expedient
1500 2072 22 18 to
1529 2067 68 24 make
1609 2069 23 21 in
1644 2068 37 25 the
1691 2068 38 23 list
1739 2069 23 23 of
1771 2070 76 30 public

1266 2100 169 23 functionaries.

1324 2132 46 23 But
1387 2137 22 18 to
1422 2132 38 24 the
1471 2133 91 23 settlers
1573 2134 123 30 generally,
1719 2135 35 23 the
1766 2136 80 23 arrival

1266 2164 25 23 of
1306 2173 13 14 a
1330 2173 49 15 new
1390 2165 119 24 Governor
1521 2175 42 15 can
1581 2168 27 22 be
1620 2168 137 29 productive,
1775 2169 73 23 under

1267 2198 36 22 the
1326 2203 59 18 most
1408 2199 129 23 favourable
1561 2200 183 30 circumstances,
1766 2201 23 22 of
1808 2201 40 24 but

1268 2230 56 23 little
1337 2231 128 24 immediate
1484 2232 90 24 benefit.
1611 2232 39 24 He
1670 2241 51 23 may
1732 2234 65 31 bring
1809 2242 39 15 su-

1265 2263 75 31 perior
1351 2264 100 29 wisdom,
1464 2266 149 30 consistency,
1632 2267 43 23 and
1687 2267 70 29 vigor,
1774 2272 21 18 to
1811 2267 37 23 the

1266 2296 95 23 conduct
1373 2297 24 22 of
1411 2296 84 25 affairs.
1532 2298 39 23 He
1585 2307 50 21 may
1648 2299 26 22 be
1686 2299 37 23 the
1734 2307 77 16 means
1825 2301 25 22 of

1266 2330 121 29 attracting
1407 2335 22 17 to
1448 2330 37 24 the
1507 2331 87 30 Colony
1613 2340 14 14 a
1643 2331 58 31 body
1719 2333 26 23 of
1760 2333 88 23 monied

1266 2363 97 22 settlers.
1401 2362 39 24 He
1459 2371 51 23 may
1522 2369 37 18 cut
1571 2364 69 23 down
1659 2365 36 23 the
1714 2365 74 31 public
1807 2373 39 16 ex-

1265 2396 131 29 penditure;
1416 2396 87 23 abolish
1522 2404 152 24 unnecessary
1687 2399 84 28 offices,
1806 2399 42 23 and

1266 2429 92 22 dismiss
1381 2428 94 30 useless,
1499 2429 44 23 and
1570 2430 152 31 incompetent
1747 2432 99 29 officers;

1265 2462 45 22 and
1327 2462 28 22 he
1373 2469 50 24 may
1435 2462 27 23 be
1485 2462 49 24 able
1557 2462 30 31 by
1606 2463 35 23 his
1664 2463 113 25 character
1801 2466 43 22 and

1266 2494 96 23 conduct
1385 2500 21 17 to
1428 2495 84 30 inspire
1530 2495 38 24 the
1590 2496 113 23 Colonists
1716 2497 54 24 with
1794 2505 54 16 con-

1265 2527 87 23 fidence
1376 2528 23 22 in
1418 2527 57 23 their
1498 2536 49 15 own
1570 2530 122 28 exertions,
1711 2530 44 23 and
1771 2531 23 23 in
1813 2531 36 24 the

1266 2561 138 30 capabilities
1427 2560 31 28 q,
1472 2560 59 24 their
1554 2561 95 33 adopted
1674 2568 108 26 country:
1806 2564 43 23 and

1266 2601 25 15 so
1310 2594 34 23 far
1362 2592 126 25 weH-*Hbut
1505 2594 90 31 beyond
1613 2595 53 29 this,
1685 2604 32 15 we
1734 2601 61 19 must
1811 2603 39 18 not

1300 2659 43 23 We
1367 2664 81 18 cannot
1471 2661 104 23 conceive
1597 2661 74 24 where
1691 2670 41 16 our
1750 2667 98 19 contem-

1267 2700 81 23 porary
1359 2691 83 32 picked
1452 2701 29 23 up
1493 2693 36 23 his
1540 2694 134 32 concluding
1684 2695 58 29 idea,
1748 2697 101 30 -namely,

1267 2725 48 23 that
1333 2725 70 23 under
1414 2724 39 24 the
1468 2729 93 27 present
1572 2727 113 24 condition
1697 2729 45 23 and
1753 2730 96 22 circum-

1267 2763 88 18 stances
1367 2757 25 23 of
1401 2759 38 22 the
1452 2758 91 31 Colony,
1559 2760 101 24 whoever
1672 2761 38 23 the
1722 2770 47 15 new
1782 2762 65 31 King

1268 2791 70 23 Stork
1347 2799 24 15 or
1383 2791 66 30 King
1456 2791 51 31 Log
1515 2800 51 23 may
1575 2793 36 29 be,
1621 2793 29 24 he
1659 2794 44 23 will
1715 2795 28 23 be
1755 2795 96 24 selected

1266 2824 36 23 for
1324 2824 35 23 his
1386 2825 140 30 experience,
1548 2826 106 30 abilities,
1678 2827 44 24 and
1747 2828 102 24 business

1267 2857 74 23 habits
1348 2858 6 23 !
1362 2857 5 23 !
1376 2857 5 23 !

1302 2890 42 22 We
1355 2889 44 23 had
1409 2890 105 24 intended
1522 2892 101 31 noticing
1634 2893 38 23 the
1681 2894 88 23 articles
1778 2894 72 24 which

1267 2931 39 15 are
1319 2923 94 23 'headed
1462 2923 119 31 Religious
1604 2925 117 31 Equallity
1745 2927 24 22 in
1791 2926 57 24 New

1413 2957 24 22 in
1451 2956 54 24 both
1522 2958 37 23 the
1573 2958 118 24 Chronicle
1707 2959 45 23 and
1769 2959 79 29 Times,

1268 2989 41 23 but
1319 2989 57 23 shall
1386 2997 89 16 reserve
1488 2990 60 23 them
1561 2991 35 22 for
1608 2998 40 15 our
1660 2996 62 19 next.

1303 3044 42 23 We
1358 3045 43 30 beg
1412 3045 63 23 leave
1493 3050 23 18 to
1535 3046 82 25 inform
1637 3055 40 15 our
1695 3046 93 31 friends,
1801 3048 49 24 that

1268 3077 45 23 this
1324 3082 92 25 present
1428 3078 94 23 number
1535 3079 19 23 is
1576 3079 37 23 the
1631 3079 45 23 last
1694 3080 26 23 of
1735 3081 37 23 the
1791 3081 59 24 third

1268 3109 97 24 volume.
1399 3110 44 23 We
1456 3111 78 23 intend
1545 3119 26 15 as
1583 3112 66 23 usual
1658 3112 101 32 printing
1770 3122 13 15 a
1795 3122 54 23 sup-

1268 3144 106 30 plement,
1388 3142 73 24 which
1473 3144 46 22 will
1531 3152 83 23 appear
1625 3153 29 15 on
1667 3146 118 31 Saturday,
1797 3147 53 24 with

1268 3176 39 23 the
1318 3176 51 23 first
1382 3175 25 24 of
1422 3175 38 24 the
1471 3177 76 23 fourth
1566 3177 97 30 volume,
1676 3179 43 23 and
1739 3180 45 23 will
1795 3188 54 16 con-

1269 3210 47 22 tain
1336 3217 13 14 a
1366 3208 39 23 list
1429 3209 25 23 of
1479 3210 87 23 vessels
1588 3211 75 23 which
1685 3211 57 25 have
1764 3214 87 24 arrived

1268 3242 83 30 during
1371 3241 38 23 the
1421 3241 51 28 .last
1491 3243 79 23 twelve
1592 3245 99 23 months.
1728 3245 57 24 This
1804 3247 47 24 will

1268 3282 70 24 prove
1350 3282 13 15 a
1374 3274 103 25 valuable
1485 3276 69 30 guide
1566 3281 22 18 to
1601 3277 38 23 the
1649 3278 148 30 inhabitants,
1806 3280 44 24 and

1268 3315 33 15 we
1313 3307 56 23 have
1381 3315 28 15 no
1422 3307 70 25 doubt
1505 3309 53 31 they
1569 3310 47 23 will
1627 3310 62 23 show
1708 3311 59 24 their
1785 3320 65 17 sense

1269 3341 26 23 of
1304 3340 29 23 its
1345 3340 78 29 worth,
1435 3340 30 31 by
1477 3349 68 23 every
1554 3350 43 16 one
1608 3343 146 32 purchasing*
1759 3353 12 15 a
1783 3353 64 24 copy.

1268 3373 113 30 To-day's
1399 3373 140 31 publication
1558 3375 131 24 terminates
1711 3377 37 24 the
1766 3379 85 23 twelfth

1268 3411 92 27 quarter
1367 3406 6 23 !
1408 3406 44 23 We
1463 3411 59 20 trust
1534 3415 41 16 our
1587 3408 141 25 subscribers
1741 3411 44 23 will
1797 3411 53 25 take

1268 3439 39 24 the
1318 3439 56 23 hint.

1303 3494 50 24 The
1365 3494 156 24 Government
1539 3496 51 31 brig
1608 3497 88 24 arrived
1717 3499 24 23 in
1759 3505 50 25 port
1822 3507 28 17 on

1269 3527 109 31 Monday,
1391 3527 56 24 from
1461 3528 123 24 Auckland
1595 3531 37 23 via
1625 3532 5 5 1
1649 3530 57 24 New
1718 3532 131 31 Plymouth.

1248 3583 3 4 ,
1269 3560 51 24 The
1340 3560 69 24 Chief
1423 3560 87 24 Justice
1531 3563 19 22 is
1566 3570 124 24 passenger
1707 3564 31 32 by
1759 3565 47 29 her,
1825 3575 25 15 as

1247 3601 1 16 :
1269 3593 50 31 wejl
1338 3601 25 16 as
1384 3594 46 23 Mr.
1453 3593 161 33 M'Donough,
1627 3604 14 15 a
1660 3597 84 32 deputy
1761 3599 89 25 Police-

1246 3648 2 3 .
1259 3633 3 7 '
1267 3627 132 30 magistrate
1408 3627 36 23 for
1455 3627 47 23 this
1508 3627 73 32 place.
1618 3629 94 24 Colonel
1723 3629 127 28 Wakefield

1268 3659 46 24 and
1325 3664 65 27 party
1400 3659 44 24 had
1463 3661 87 23 arrived
1571 3667 24 18 at
1614 3662 115 25 Taranaki
1747 3659 104 38 previous

1268 3698 23 18 to
1303 3693 37 23 the
1352 3692 80 24 arrival
1445 3693 26 23 of
1486 3692 38 24 the
1536 3693 110 30 Victoria,
1655 3695 45 24 and
1708 3697 39 23 the
1757 3697 93 25 Colonel

1267 3725 46 24 and
1326 3725 47 24 Mr.
1387 3725 148 24 Molesworth
1552 3726 57 24 have
1628 3735 64 17 come
1705 3736 145 25 passengers,

1247 3775 4 5 -
1260 3759 100 30 .leaving
1377 3758 39 24 the
1435 3759 127 23 remainder
1581 3760 27 23 of
1621 3760 60 24 their
1701 3769 109 26 company
1828 3769 23 19 to

1267 3796 81 21 return
1354 3792 34 31 -by
1399 3791 62 24 land.
1552 3792 85 25 believe
1650 3801 66 25 every
1729 3795 72 32 thing;
1806 3801 49 23 Was.

1259 3822 81 34 goi&g
1350 3833 29 16 on
1391 3824 50 24 well
1461 3829 27 19 at
1504 3824 57 25 New
1578 3825 133 33 Plymouth,
1731 3827 65 27 when
1813 3829 39 25 the

1260 3858 62 24 \briff
1337 3857 78 26 sailed.

1247 3906 23 31 T,
1426 3909 155 25 endeavoured
1592 3916 23 19 to
1626 3911 64 26 learn
1701 3913 61 25 what
1773 3921 80 17 course
1863 3899 1 39 I

1251 3962 3 2 .
1261 3954 6 9 i
1315 3950 5 10 '
1651 3946 176 11 .'
1862 3941 2 16 I

1879 131 35 22 his
1928 130 81 23 Honor
2021 131 39 24 the
2074 132 67 25 Chief
2150 133 87 24 Justice
2253 141 78 16 means
2343 138 24 19 to
2378 143 85 22 pursue

1879 164 127 30 respecting
2017 164 38 23 the
2065 164 56 32 Jury
2132 165 139 28 Ordinance,
2283 167 42 23 but
2335 166 60 24 have
2406 168 56 23 been

1878 204 30 14 no
1920 196 84 23 farther
2020 198 123 23 successful
2156 198 53 24 than
2222 204 23 19 to
2262 200 80 30 gather
2354 200 57 23 from
2424 201 38 23 the

1878 228 71 30 flying
1958 236 104 16 rumours
2070 238 58 23 upon
2138 231 37 24 the
2183 231 95 32 subject,
2286 232 49 23 that
2344 232 29 24 he
2383 240 78 16 means

1879 266 22 18 to
1913 268 29 23 go
1958 261 83 23 a-head
2058 261 30 31 by
2098 263 59 23 hook
2176 271 25 16 or
2210 264 31 30 by
2254 264 77 24 crook.
2366 265 25 23 It
2409 273 52 23 may

1879 293 26 23 be
1924 293 48 23 that
1984 301 32 16 we
2037 302 51 23 may
2100 296 28 22 all
2145 304 69 23 prove
2225 304 26 18 as
2267 298 106 29 ignorant
2384 298 26 22 of
2422 298 41 23 the

1879 331 49 18 true
1944 328 173 29 enterpretation
2133 329 25 22 of
2180 329 103 24 Colonial
2300 330 58 30 Jury
2375 330 87 23 Ordin-

1879 366 73 20 ances,
1966 367 23 15 as
2002 366 33 16 we
2052 360 56 23 have
2124 360 69 32 lately
2204 362 58 24 done
2273 370 29 16 on
2314 362 50 24 that
2382 363 26 22 of
2422 364 40 22 the

1879 391 126 32 Municipal
2011 391 148 32 Corporation
2164 394 138 25 Ordinance.
2321 395 43 23 We
2370 395 57 24 have
2432 404 32 15 no-

1878 424 69 23 doubt
1958 431 41 16 our
2009 430 169 27 contemporary
2190 427 44 24 will
2253 428 26 23 be
2291 428 50 23 able
2354 433 22 18 to
2389 428 71 24 throw

1879 465 61 15 some
1957 457 58 31 light
2036 465 60 23 upon
2114 458 36 24 the
2171 459 96 32 subject,
2290 461 44 23 and
2351 468 34 16 we
2403 461 60 23 shall

1877 489 77 31 gladly
1973 490 62 23 avail
2053 491 113 23 ourselves
2184 492 24 23 of
2226 493 38 22 the
2280 493 89 26 benefit,
2383 494 26 23 of
2423 494 39 23 his

1878 523 106 30 powerful
1996 522 50 24 lens
2057 527 24 19 to
2092 523 86 30 lighten
2188 532 41 16 our
2240 525 119 26 darkness.

2068 588 201 22 AUCKLAND.

1912 645 50 21 The
1983 645 155 21 Government
2156 645 57 29 Brig
2236 645 102 23 Victoria
2356 647 107 25 returned

1878 682 27 16 on
1919 675 113 31 Saturday
2041 676 50 29 last,
2105 677 125 31 conveying
2237 682 23 19 to
2269 679 36 22 the
2316 679 64 31 place
2388 680 72 24 which

1878 708 37 24 the
1934 709 116 23 Colonists
2069 708 57 32 hope
2139 710 46 23 will
2202 718 68 16 never
2286 711 28 23 be
2327 712 35 23 his
2380 713 83 30 official

1878 741 72 28 home,
1973 742 37 23 the
2032 742 124 29 Governor,
2179 744 44 22 and
2241 744 35 23 his
2296 745 68 23 suite.
2410 746 50 23 The

1877 774 64 24 dumb
1952 775 74 31 policy
2037 776 19 22 is
2069 776 127 30 continued,
2216 777 45 23 and
2272 785 32 15 we
2317 785 23 16 at
2352 778 46 24 this
2410 786 49 16 mo-

1877 812 61 18 ment
1950 815 40 16 can
2002 812 77 27 report
2089 808 96 32 nothing
2192 817 61 16 more
2265 811 129 29 significant
2406 811 54 23 than

1877 840 48 23 that
1937 840 97 32 Captain
2051 840 73 32 Nagle
2136 846 83 19 cannot
2230 850 66 23 agree
2309 844 54 22 with
2382 844 77 24 Lieut.

1877 872 130 29 Shortland,
2028 873 45 23 and
2091 874 47 23 that
2156 874 38 23 the
2212 875 53 30 brig
2281 882 77 16 recurs
2378 882 24 17 to
2422 877 39 23 the

1877 905 135 31 mastership
2024 906 26 23 of
2058 906 41 23 her
2112 906 36 23 old
2160 906 44 23 and
2215 908 117 30 respected
2343 916 117 17 comman-

1877 938 39 22 der
1929 938 94 30 Captain
2037 938 120 24 Richards.
2193 939 121 24 Auckland
2327 940 81 25 Times.
2431 946 7 18 .'

1912 971 49 23 His
1973 972 194 23 Excellency's
2180 980 65 16 visit
2258 980 30 16 to
2297 981 51 16 the
2359 975 101 24 South-

1877 1011 86 16 ward.
1999 1003 38 31 By
2054 1004 38 24 the
2112 1006 81 22 arrival
2204 1006 26 22 of
2246 1006 37 23 the
2304 1007 156 23 Government

1877 1037 58 31 brig,
1949 1044 28 16 on
1989 1037 113 31 Saturday
2114 1038 50 28 last,
2177 1039 38 22 the
2227 1039 127 30 protracted
2363 1040 64 23 Tour
2437 1040 26 24 of

1877 1070 38 23 the
1927 1070 86 30 Acting
2022 1070 117 24 Governor
2149 1079 84 23 among
2245 1071 37 23 the
2292 1072 109 24 southern
2413 1078 46 18 set-

1877 1103 105 23 tlements
1991 1103 25 23 of
2025 1103 38 23 the
2072 1103 94 32 Colony,
2178 1112 45 15 was
2233 1104 99 30 brought
2339 1109 22 19 to
2369 1114 14 15 a
2392 1105 68 30 close,

1877 1136 42 23 and
1933 1144 31 15 we
1977 1136 81 30 rejoice
2079 1141 23 18 to
2120 1137 53 23 hear
2186 1136 48 24 that
2246 1137 35 23 his
2300 1137 161 33 Excellency's

1873 1169 98 31 journey
1993 1169 41 23 has
2056 1170 58 22 been
2135 1169 107 24 attended
2264 1169 55 24 with
2341 1171 38 24 the
2402 1176 60 19 most

1875 1202 130 23 favourable
2018 1202 91 23 results.

1910 1235 35 23 Of
1954 1235 71 28 these,
2038 1239 40 19 not
2085 1235 38 23 the
2133 1235 59 23 least
2203 1235 129 32 important,
2345 1246 84 24 appear
2437 1244 24 19 to

1876 1267 57 24 have
1951 1268 56 22 been
2023 1267 39 23 the
2080 1274 169 25 arrangements
2267 1269 103 32 whereby
2381 1272 29 23 he
2421 1272 43 24 has

1875 1300 79 31 placed
1972 1300 37 23 the
2022 1300 78 24 claims
2112 1301 24 23 of
2151 1301 39 23 the
2206 1301 57 25 New
2280 1303 100 24 Zealand
2392 1305 72 24 Com-

1876 1341 60 23 pany
1949 1340 27 16 on
1997 1333 56 23 such
2072 1341 14 15 a
2102 1334 95 31 footing,
2216 1343 34 15 as,
2262 1340 21 18 to
2301 1344 81 17 ensure
2403 1338 60 24 their

1877 1366 82 31 speedy
1980 1366 151 30 adjustment;
2157 1375 14 15 a
2192 1367 60 24 boon
2270 1369 34 23 for
2324 1369 73 25 which
2421 1371 37 24 the

1877 1399 89 23 settlers
1986 1399 50 22 who
2060 1399 56 24 have
2138 1401 106 31 acquired
2265 1402 52 23 land
2342 1403 57 24 from
2422 1404 38 24 the

1877 1432 125 30 Company,
2022 1440 62 15 more
2102 1434 153 31 particularity
2266 1435 24 23 in
2310 1435 37 24 the
2360 1436 100 25 districts

1877 1465 25 23 of
1908 1465 138 31 Wellington
2054 1466 44 23 and
2106 1467 55 22 New
2171 1467 131 30 Plymouth,
2311 1469 75 24 where
2396 1469 62 25 there

1877 1506 37 15 are
1934 1505 66 23 many
2021 1500 76 22 native
2117 1499 79 23 claims
2215 1501 121 28 unsettled,
2360 1510 39 16 are
2421 1508 39 18 not

1876 1531 71 30 likely
1959 1535 21 19 to
1992 1531 28 23 be
2032 1532 136 30 ungrateful.

1912 1564 44 23 His
1976 1564 157 31 Excellency's
2152 1570 50 26 stay
2219 1570 24 19 at
2261 1567 140 32 Wellington
2419 1577 40 24 ap-

1876 1604 65 23 pears
1953 1601 23 19 to
1986 1597 57 23 have
2055 1597 98 24 afforded
2162 1598 46 24 him
2218 1604 64 26 great
2286 1601 139 24 satisfaction

1877 1629 107 31 certainly
1996 1630 35 23 his
2049 1632 113 30 reception
2180 1632 71 29 there,
2265 1633 62 24 when
2340 1637 119 29 compared

1876 1663 53 22 with
1948 1662 36 24 the
1996 1663 84 31 feeling
2093 1664 70 23 which
2175 1673 46 15 was
2239 1667 111 31 supposed
2364 1672 24 19 to
2400 1669 60 23 exist

1877 1696 95 23 towards
1980 1696 54 28 him,
2046 1704 44 15 was
2097 1697 122 31 peculiarly
2226 1698 122 32 flattering.
2384 1701 76 24 There

1877 1736 44 15 was
1940 1736 13 15 a
1964 1729 75 23 Levee
2058 1731 122 30 extremely
2193 1732 49 23 well
2260 1733 110 28 attended,
2390 1735 44 22 and
2446 1743 14 15 a

1877 1761 52 24 Ball
1940 1762 66 30 given
2018 1762 29 31 by
2056 1762 37 24 the
2105 1764 122 23 Bachelors
2237 1766 24 22 of
2272 1765 35 23 the
2321 1768 140 27 settlement^

1876 1799 23 17 at
1910 1795 73 22 which
2002 1794 59 24 their
2078 1797 58 29 good
2148 1801 65 24 taste,
2234 1799 43 22 and
2288 1799 113 31 gallantry
2412 1808 48 15 was.

1876 1827 140 31 appreciated
2037 1829 30 30 by
2079 1837 14 14 a
2109 1837 121 17 numerous
2250 1831 43 23 and
2311 1833 147 30 respectable,

1876 1865 39 17 not
1928 1865 21 18 to
1961 1868 40 23 say
2013 1869 13 14 a
2034 1862 83 30 joyous
2128 1867 73 27 party.

1910 1893 60 22 Sites
1983 1901 57 16 were
2052 1895 81 23 chosen
2145 1896 35 23 for
2192 1897 86 23 several
2295 1898 76 30 public
2383 1899 74 23 build-

1874 1926 60 29 ings,
2016 1926 37 23 the
2065 1927 91 23 defunct
2168 1928 148 31 Corporation
2328 1936 59 16 were
2396 1929 62 30 'pro-

1877 1957 70 24 mised
1959 1959 83 30 speedy
2055 1961 163 27 resuscitation,
2232 1961 44 22 and
2287 1961 45 22 last
2343 1966 40 17 not
2393 1961 65 28 least,

1876 1990 38 23 the
1926 1992 144 30 anniversary
2082 1992 25 23 of
2117 1992 37 23 the
2165 1993 83 23 arrival
2258 1994 24 22 of
2291 1993 38 23 the
2340 1993 50 24 first
2403 1995 55 22 emi-

1876 2028 78 25 grants
1966 2029 23 17 at
2000 2023 57 24 Port
2069 2024 132 30 Nicholson,
2213 2025 99 24 afforded
2324 2034 12 15 a
2347 2027 59 29 good
2419 2035 39 23 op-

1877 2057 113 30 portunity
2002 2056 35 23 for
2058 2057 92 24 another
2168 2066 76 23 merry
2256 2059 101 31 making,
2377 2060 83 29 which,,

1877 2089 57 24 from
1952 2089 37 23 the
2001 2095 106 18 accounts
2120 2098 31 15 we
2168 2091 57 23 have
2237 2092 26 23 of
2276 2093 24 28 it,
2319 2093 58 23 from
2389 2101 71 21 some,

1877 2122 49 23 who
1937 2130 57 16 were
2005 2128 98 25 present,
2122 2129 60 18 must
2192 2124 58 25 have
2266 2125 58 24 been
2335 2126 125 23 conducted

1878 2156 22 22 in
1912 2163 14 15 a
1936 2160 60 19 most
2007 2156 94 31 spirited
2112 2157 65 30 style.
2215 2157 125 25 Chronicle.

2065 2204 207 18 APPOINTMENTS.

1877 2251 3 5 ,
1911 2228 126 25 Auckland.
2074 2229 47 24 His
2138 2230 141 32 Excellency
2290 2232 37 23 the
2340 2232 118 24 Governor

1877 2260 42 24 has
1931 2263 122 22 confirmed
2064 2262 38 24 the
2114 2264 156 31 appointment
2277 2265 23 23 of
2310 2265 47 23 Mr.
2368 2265 90 31 George

1879 2295 143 28 Carruthers,
2035 2299 23 20 to
2066 2295 29 24 be
2105 2295 78 24 Bailiff
2194 2302 21 18 to
2227 2297 40 24 the
2280 2298 65 31 High
2357 2298 99 29 Sheriff;

1878 2328 44 23 and
1940 2328 42 23 has
2002 2330 121 29 appointed
2142 2330 47 24 Mr.
2203 2330 78 24 James
2298 2331 49 23 Gill
2366 2335 23 19 to
2406 2331 28 23 be
2446 2340 13 14 a

1879 2361 61 23 Pilot
1951 2361 36 23 for
1996 2361 45 23 this
2054 2362 63 29 Port,
2125 2363 72 23 under
2209 2363 37 23 the
2260 2363 108 24 Harbour
2378 2364 80 30 Regu-

1877 2394 89 23 lations'
1980 2394 137 25 Ordinance.
2153 2396 58 23 This
2230 2397 155 31 appointment
2397 2397 63 24 dates

1877 2427 59 23 from
1948 2427 38 23 the
1997 2428 41 23 Bth
2051 2428 61 31 July,
2128 2430 71 23 1842.

1910 2460 51 30 Bay
1973 2460 29 30 of
2008 2460 100 24 Islands.
2143 2462 123 24 American
2286 2462 90 25 Consul.
2415 2463 44 25 His

1879 2493 147 31 Excellency,
2051 2494 98 31 pending
2171 2504 30 15 an
2225 2496 129 23 intimation
2376 2497 26 23 of
2423 2497 36 24 the

1879 2526 118 31 Secretary
2009 2527 23 22 of
2043 2527 64 23 State
2119 2528 23 22 in
2149 2528 38 23 the
2199 2530 148 27 nomination,
2354 2529 42 24 has
2404 2529 55 24 been

1877 2559 92 30 pleased
1982 2564 21 18 to
2015 2561 119 30 recognize
2144 2560 61 24 John
2217 2561 30 24 B.
2261 2561 121 30 Williams,
2391 2562 67 32 Esq.,

1878 2600 25 15 as
1917 2592 85 24 Consul
2021 2592 25 24 of
2062 2593 38 23 the
2119 2593 89 24 United
2218 2594 77 24 States
2297 2603 3 5 1
2309 2595 26 23 of
2344 2596 115 28 America,

1879 2630 23 18 at
1915 2625 37 23 the
1964 2625 49 31 Bay
2021 2626 25 23 of
2055 2626 97 24 Islands.
2190 2627 47 24 Mr.
2247 2627 101 24 Thomas
2357 2628 102 31 Pringle,

1879 2658 59 24 Tide
1950 2659 114 31 Surveyor
2076 2664 24 19 at
2110 2659 103 30 Russell,
2224 2661 22 22 is
2264 2662 120 30 appointed
2397 2661 63 24 Har-

1879 2691 57 24 bour
1948 2691 89 24 Master
2049 2697 23 19 at
2091 2693 38 23 the
2145 2693 52 31 Bay
2209 2693 25 24 of
2245 2693 98 30 Islands,
2357 2699 23 19 to
2398 2702 63 24 carry

1879 2724 48 23 into
1950 2724 66 24 effect
2037 2726 86 23 certain
2145 2726 89 24 clauses
2253 2727 25 24 of
2295 2727 38 24 the
2354 2727 107 24 Harbour

1880 2758 158 30 Regulations'
2051 2758 55 25 Bill.

1917 2790 146 32 Wellington.
2101 2792 45 24 His
2169 2792 140 32 Excellency
2332 2793 46 28 has.
2396 2794 65 25 made

1880 2824 38 23 the
1930 2824 115 31 following
2056 2826 166 30 appointments
2234 2826 36 24 for
2281 2827 38 23 the
2331 2827 98 23 District
2439 2828 26 23 of

1880 2857 139 30 Wellington
2033 2865 6 14 :
2089 2858 100 23 William
2218 2858 152 30 Fitzherbert,
2394 2860 66 31 Esq.,

1881 2889 95 23 Charles
1990 2890 101 28 Clifford,
2101 2890 66 32 Esq.,
2178 2891 98 25 Edward
2289 2891 91 31 paniel,
2394 2893 66 32 Esq.,

1879 2922 45 23 and
1935 2921 82 31 Henry
2030 2921 195 33 Morein'g.Esq.,
2235 2924 32 23 all
2279 2924 23 23 of
2312 2924 148 32 Wellington,

1880 2959 23 18 to
1921 2955 28 23 be
1968 2954 148 31 Magistrates
2137 2956 25 23 of
2168 2956 46 24 -the
2225 2957 119 32 Territory
2353 2966 6 21 ;
2379 2958 83 31 Henry

1880 2987 36 25 St.
1927 2987 58 29 Hill,
1994 2987 68 31 Esq.,
2070 2988 26 24 of
2104 2989 148 31 Wellington,
2265 2994 23 19 to
2297 2996 37 19 act
2344 2999 25 14 as
2377 2991 87 24 Sheriff

1879 3020 36 23 for
1933 3019 38 24 the
1990 3021 115 24 Southern
2125 3022 98 24 District
2241 3023 26 23 of
2285 3023 57 24 New
2363 3024 97 29 Ulster;

1880 3053 89 24 Robert
1990 3054 92 31 Strang,
2096 3055 66 31 Esq.,
2181 3055 72 24 Clerk
2272 3055 23 25 of
2313 3057 40 23 the
2371 3057 91 33 County

1881 3086 71 24 Court
1964 3092 23 19 at
2001 3086 148 32 Wellington,
2161 3093 22 19 to
2197 3090 26 22 be
2236 3089 94 32 Deputy
2342 3090 120 31 Registrar

1880 3119 27 24 of
1926 3120 38 24 the
1988 3121 111 30 Supreme
2123 3122 72 23 Court
2216 3121 36 24 for
2280 3123 49 24 that
2357 3123 102 29 district;

1879 3152 103 25 William
2004 3161 59 23 nay,
2076 3154 68 31 Esq.,
2159 3155 111 25 Harbour
2288 3156 96 29 Master,
2397 3156 63 24 Wel-

1879 3185 96 32 lington,
1994 3191 23 19 to
2028 3187 29 23 be
2076 3187 59 24 Tide
2153 3188 117 31 Surveyor
2276 3208 5 4 .
2287 3193 23 19 at
2325 3189 50 23 that
2387 3190 57 23 Port
2453 3198 5 21 ;

1879 3219 89 24 Arthur
1991 3219 100 24 Edward
2117 3220 145 32 M'Donogh,
2291 3221 68 31 Esq.,
2383 3227 24 19 to
2435 3223 25 23 be

1879 3252 119 24 Assistant
2008 3253 79 23 Police
2099 3253 136 31 Magistrate
2246 3254 37 24 for
2293 3254 37 24 the
2347 3255 114 24 Southern

1879 3285 99 24 District
1990 3285 25 24 of
2030 3285 56 24 New
2105 3286 80 23 Ulster
2203 3286 46 24 and
2263 3287 86 24 Cook's
2361 3288 83 24 Straits
2453 3297 5 20 ;

1879 3318 46 24 and
1936 3319 47 23 Mr.
1997 3318 82 24 Calder
2093 3323 24 18 to
2133 3319 27 23 be
2172 3327 13 15 a
2201 3319 64 25 Pilot
2276 3320 34 24 for
2321 3320 39 24 the
2368 3321 61 25 Port
2440 3321 23 24 of

1879 3351 151 31 Wellington,
2041 3350 71 25 under
2123 3351 38 24 the
2174 3351 110 26 Harbour
2301 3353 158 32 Regulations'

1879 3384 56 24 Act.

1912 3417 95 23 Nelson.
2044 3417 48 23 His
2115 3417 139 33 Excellency
2277 3419 40 25 has
2340 3421 119 31 appointed

1880 3450 82 30 Henry
1980 3450 122 31 Augustus
2121 3450 126 31 Thomson,
2266 3452 69 33 Esq.,
2347 3453 113 25 Barrister

1879 3487 24 19 at
1920 3483 63 28 Law,
1997 3483 72 23 Inner
2086 3483 102 32 Temple,
2201 3490 23 18 to
2242 3486 29 24 be
2289 3486 74 32 Judge
2382 3487 26 24 of
2422 3487 38 24 the

1880 3516 91 30 County
1995 3516 71 23 Court
2086 3516 35 24 for
2143 3518 39 24 the
2203 3518 99 25 District
2319 3520 26 23 of
2364 3520 93 29 Nelson,

1878 3549 73 23 under
1973 3548 39 24 the
2029 3549 127 31 provisions
2175 3552 26 23 of
2220 3552 38 23 the
2279 3553 91 31 County
2390 3553 68 25 Court

1879 3580 147 30 Ordinance';
2164 3584 69 26 Luke
2254 3585 133 32 Shepherd,.
2392 3586 65 31 Esq.,

1878 3619 25 19 to
1914 3615 28 23 be
1955 3614 69 24 Clerk
2045 3615 27 24 of
2087 3616 38 24 the
2145 3612 89 36 County
2248 3618 71 25 Court
2330 3619 45 24 and
2387 3619 69 25 Clerk

1879 3653 24 18 to
1926 3647 38 24 the
1991 3648 163 32 Magistrates;
2181 3650 45 23 and
2250 3651 90 32 George
2363 3652 92 30 Wilson,

1879 3680 68 32 Esq.,
1961 3680 79 31 M.D.,
2053 3687 23 19 to
2093 3682 30 24 he
2142 3682 90 28 Health.
2245 3683 93 31 Officer,
2352 3686 104 27 Coroner,

1879 3714 45 23 and
1943 3713 101 24 Medical
2062 3715 128 24 Attendant
2201 3720 24 19 at
2236 3716 41 26 \he
2289 3717 60 25 Gaol
2365 3718 44 24 and
2424 3718 33 22 for

1879 3746 39 24 the
1940 3746 139 32 Aborigines
2105 3753 23 19 at
2149 3747 87 25 Nelson
2248 3758 8 20 ;
2287 3750 37 24 the
2345 3751 112 29 following

1879 3779 128 31 gentlemen
2019 3785 23 18 to
2053 3780 29 25 be
2094 3780 157 32 Magistrates,
2264 3782 92 33 George
2366 3783 88 32 Duppa,

1879 3813 71 32 Esq.,
1968 3812 26 24 of
2009 3812 112 31 Waimea,
2133 3814 98 24 District
2248 3814 28 25 of
2290 3815 94 31 Nelson,
2397 3817 58 23 Con-

1880 3847 100 23 stantine
1999 3847 122 31 Augustus
2137 3847 89 30 Dillon,
2245 3848 70 32 Esq.,
2333 3848 122 31 commonly

1880 3879 72 24 called
1964 3879 38 24 the
2020 3879 134 25 Honorable
2169 3880 150 31 Constantyie
2337 3883 118 30 Augustus

1879 3907 89 34 Dillon,
1982 3913 142 29 ofWaimea,
2137 3913 45 29 do.,
2191 3914 79 25 James
2282 3914 79 25 Stuart
2370 3913 84 33 TyUet,
2470 3932 3 4 .

560 37 98 47 Cfp
680 38 118 42 Wcto
824 38 206 40 Ztal&ntt
1056 38 187 52 Wattttc
1268 40 91 38 ant*
1383 40 300 47 tmtlHmton
1708 38 254 50 gptttatot.

261 125 97 23 Public
372 125 68 21 Sale.

64 160 154 50 MESSRS.
233 157 141 23 BETHUNE
388 158 61 21 AND
465 158 125 21 HUNTER
598 159 42 20 will

153 188 38 21 sell
209 187 27 26 by
250 187 99 22 Auction,
365 189 22 18 at
405 186 103 20 Lambton
528 186 68 26 Quay,
612 192 27 13 on

59 214 111 28 Thursday
186 216 56 24 next,
253 214 36 20 the
305 214 52 20 30th
373 213 81 24 March,
465 216 21 17 at
495 212 46 21 half
557 215 47 24 past
614 213 26 20 12

63 243 88 24 o'clock,

143 274 175 21 WITHOUT
346 272 183 23 RESERVE,

88 303 27 19 20
129 302 48 27 bags
185 302 41 19 fine
236 308 68 18 sugar;
317 301 25 19 12
352 301 50 24 bags
412 301 61 22 flour,

89 330 24 20 15
129 335 56 15 cases
205 328 86 27 pickles,
309 328 25 19 10
355 327 62 20 boxes
432 327 100 23 mustard,
550 328 12 19 5
578 327 61 19 casks

62 355 89 27 vinegar,

86 385 13 19 4
115 390 56 14 cases
187 383 78 24 sherry,
275 382 20 23 5.
306 381 60 20 casks
381 381 105 20 Warren's
501 380 108 26 blacking,
626 381 13 20 3

59 410 63 20 boxes
139 409 77 23 starch,
226 409 25 19 20
262 408 63 20 boxes
340 414 57 19 soap,
411 408 10 20 1
431 414 47 14 case
491 413 120 20 congreves,
626 409 12 19 2

60 443 57 14 cases
126 435 89 25 candles,

87 465 26 18 20
129 463 62 20 dozen
205 465 94 17 trowsers
308 461 41 20 and
359 461 78 24 frocks,

87 492 19 18 A
118 490 94 26 quantity
223 489 31 20 or
262 489 62 26 slops,
343 489 101 25 clothing,
459 488 72 20 ladies'
549 489 88 23 dresses,

59 517 90 26 ho&iery,
159 515 140 22 huckabacks,
312 517 48 22 &c,
371 517 47 21 &c,
567 531 4 3 .
581 525 15 11 -

86 544 34 20 An
139 545 123 19 assortment
280 543 23 19 of
320 542 95 26 superior
433 542 147 26 ironmongery
597 542 40 20 and

57 571 87 25 cutlery,

85 598 19 20 A
122 596 99 22 selection
280 602 45 14 new
345 596 88 20 London
452 597 60 19 made
525 596 111 24 furniture,

58 625 115 26 consisting
183 623 24 20 of
212 630 12 13 a
234 623 77 26 variety
320 623 25 19 of
353 623 94 26 superior
457 624 90 23 articles,

129 658 61 21 AND
216 657 100 20 OTHER

313 690 67 19 ALSO,

141 714 18 20 A
169 714 45 20 cart
223 712 41 20 and
273 712 93 24 harness,

140 741 14 20 3
169 745 60 18 cows,

142 768 9 20 1
167 767 92 20 bullock.

85 799 74 20 March
169 799 35 22 28.
216 799 60 20 1843.

57 844 166 21 Allotments
245 842 29 21 in
294 843 107 20 Wade's
420 843 86 20 Town
524 842 54 21 and
598 844 36 19 Te

298 869 95 21 Maire.

58 903 154 49 MESSRS.
227 903 140 20 BETHUNE
385 903 61 20 AND
461 903 124 21 HUNTER
601 910 34 15 are

148 930 115 22 instructed
271 933 21 17 to
299 931 83 24 dispose
390 931 29 23 of,
424 931 28 25 by
458 931 73 20 Public
536 931 99 26 Auction,

56 963 28 14 on
101 959 35 19 the
153 957 120 21 conclusion
292 957 23 20 of
327 958 36 20 the
379 960 85 23 present
482 958 73 25 silting
565 958 25 20 of
601 959 34 19 the

57 984 100 27 Supreme
165 986 66 20 Court
241 984 44 26 (the
301 985 39 25 day
357 987 23 17 to
396 985 27 20 be
439 985 55 21 fixed
508 986 23 19 in
540 987 52 19 next
600 986 35 20 ad-

56 1010 149 27 vertisement),

56 1047 19 19 A
99 1046 126 21 NUMBER
253 1045 36 20 OF
316 1046 194 21 ALLOTMENTS
536 1053 26 14 in
589 1054 47 14 the

113 1079 64 15 WELL
193 1079 88 14 KNOWN
301 1079 113 15 LOCALITY
429 1080 28 14 OF
470 1074 111 20 WADE'S

299 1100 94 22 TOWN.

54 1134 63 26 being
126 1134 74 25 chiefly
208 1134 110 26 composed
325 1134 25 20 of
357 1135 61 20 those
425 1136 93 20 reserved
529 1140 21 16 at
559 1137 78 20 former

54 1162 52 19 sales
117 1167 27 14 on
160 1166 88 16 account
264 1161 24 20 of
303 1161 55 20 their
374 1162 109 26 eligibility
493 1164 41 19 and
548 1164 60 20 value

54 1189 46 20 well
115 1188 106 25 deserving
237 1188 36 19 the
289 1189 103 20 attention
409 1190 24 19 of
449 1190 127 21 mechanics'
595 1192 40 19 and

53 1216 105 20 moderate
167 1215 124 25 capitalists.

118 1249 82 21 Several
210 1249 125 21 Allotments
345 1250 22 20 in
378 1251 35 19 the
425 1251 113 27 Township
550 1253 24 20 of

242 1282 43 21 TE
318 1283 130 25 MAIRE,

54 1322 28 14 on
91 1317 36 19 the
142 1316 125 24 Manawatu,
278 1315 119 26 embracing
412 1317 36 20 the
465 1324 112 16 numerous
594 1320 41 20 and

54 1343 93 21 valuable
162 1343 122 24 advantages
303 1344 92 25 peculiar
412 1347 22 18 to
453 1345 42 21 this
513 1346 120 28 Township,

53 1371 41 19 and
103 1371 68 20 which
179 1371 18 19 it
205 1370 19 19 is
234 1370 77 20 known
320 1373 23 17 to
353 1376 94 21 possess.

80 1403 136 26 Wellington,
227 1402 74 21 March
311 1404 34 23 28,
358 1404 62 20 1843.

54 1452 168 49 WANTED
232 1460 12 12 a
252 1453 140 24 house-maid,
404 1455 41 19 and
456 1461 24 14 an
491 1456 67 21 active
565 1463 70 21 young

135 1486 48 14 man
198 1486 23 13 as
237 1481 77 23 waiter,
331 1484 22 16 at
365 1481 101 21 Barrett's
486 1482 64 21 Hotel
559 1492 5 16 ;
580 1491 55 14 none

52 1507 53 19 need
115 1508 62 25 apply
187 1507 88 19 without
290 1507 133 27 satisfactory
432 1510 137 21 testimonials
579 1519 23 13 as
612 1515 22 18 to

53 1534 107 21 Character
168 1534 40 20 and
218 1534 83 25 ability.

82 1568 74 20 March
168 1569 35 23 29,
218 1568 59 21 1843.
