2510 3999
64 156 4 2 .
85 136 66 29 Esq,,
174 132 26 24 of
217 132 111 30 Waimea,
352 133 45 33 go.,
421 134 94 24 Samuel
540 135 104 32 Stephen)

81 168 67 29 Esq.,
162 166 25 22 of
199 164 118 29 Motuaka,
326 165 45 30 do.,
379 166 134 25 Alexander
524 168 120 24 M*Donal<

81 200 67 29 Esq.,
157 197 45 28 do.,
214 197 101 24 Thomas
322 198 95 29 Thorns,
426 199 68 32 Esq.,
506 201 24 23 of
540 201 104 23 Motuaki

80 232 53 27 do.;
153 230 92 30 George
256 229 150 31 Richardson,
419 231 68 32 Esq.,
501 237 22 19 to
536 233 28 23 be
577 233 67 24 Crow

42 275 15 12 r
81 264 135 23 Prosecutor
235 262 35 23 for
289 262 37 24 the
347 263 88 24 district
446 266 28 22 of
488 265 86 24 Nelson
584 275 6 20 ;
609 266 35 24 Mi

80 296 103 22 William
204 295 146 30 Claringbold
369 302 23 17 to
411 297 28 23 be
459 306 14 15 a
493 298 61 24 Pilot
569 299 34 23 for
621 299 23 24 th

81 327 109 24 Harbour
207 328 25 22 of
250 327 94 30 Nelson,
357 329 69 24 under
442 330 38 23 the
498 332 126 30 provisions
635 341 9 14 c

80 360 37 24 the
131 360 106 24 Harbour
249 360 157 31 Regulations'
417 362 135 31 Ordinance,
563 364 77 24 Sessio

80 393 46 28 11.,
139 393 46 23 No.
201 395 38 21 15.

112 425 82 31 Henry
206 425 139 32 Thompson,
355 428 70 31 Esq.,
436 428 25 23 of
470 429 150 30 Kororarika,
633 435 9 18 t

78 458 27 24 be
117 466 14 15 a
141 458 144 31 Magistrate.
320 472 4 3 •
333 472 4 4 •

111 490 110 25 JobnT.
239 492 137 31 Wicksteed,
396 494 67 31 Esq.,
484 493 24 24 of
521 494 59 24 New
596 495 46 31 Ply

56 547 5 7 ,
77 523 86 30 mouth,
176 529 24 19 to
211 524 27 24 be
251 533 14 15 a
277 525 142 31 Magistrate.

172 577 4 4 .
209 565 83 18 LEGAL
316 567 201 17 APPOINTMENTS.
577 576 4 3 -
611 555 26 28 /

108 590 44 23 We
164 590 62 24 learn
237 591 58 23 from
313 592 38 23 the
365 591 147 25 Government
525 593 95 24 Gazette
630 603 13 15 o

74 622 151 32 Wednesday,
244 624 38 23 the
301 625 40 23 Bth
358 625 92 29 instant,
463 625 49 24 thai
529 626 38 23 the
586 626 56 24 Chic

74 656 87 23 Justice
174 656 25 23 of
207 656 38 23 the
258 656 108 32 Supreme
387 658 72 24 Court
476 659 40 22 has
531 660 113 30 appointee

74 688 125 24 Frederick
206 689 127 29 Whitaker,
343 690 66 31 Esq.,
419 690 94 24 Charles
520 692 124 31 Babingtor

73 722 100 28 Brewer,
185 721 67 31 Esq.,
266 722 99 24 Thomas
378 723 134 31 Houghton,
525 724 67 31 Esq.,
606 734 38 15 anc

73 753 104 24 Percival
189 754 93 30 Berrey,
293 755 67 31 Esq.,
372 760 22 18 to
406 756 27 23 be
445 756 122 32 Perpetual
580 758 64 24 Cora-

73 787 131 23 missioners
221 787 35 23 for
274 787 37 23 the
329 788 97 24 District
437 789 26 23 of
479 790 121 24 Auckland
615 791 29 25 foi

72 819 37 24 the
129 819 80 32 taking
226 819 25 24 of
270 820 219 32 acknowledgments
506 823 30 31 by
551 825 93 22 mairied

71 860 86 16 women
178 853 26 23 of
219 852 78 25 Deeds
317 854 107 24 executed
442 854 30 31 by
490 856 69 29 them,
578 857 66 24 undei

56 906 7 6 ,
70 890 84 20 statute
174 888 14 22 3
201 885 21 24 &
234 888 17 21 4
271 887 60 23 Wm.
350 887 54 30 IV.,
423 895 49 24 cap.
486 889 40 28 74,
544 890 100 23 intituled

68 918 40 24 An
119 918 53 24 Act'
173 918 46 31 for
234 918 38 24 the
286 919 115 24 Abolition
418 921 28 30 of
460 921 70 23 Fines
541 923 45 22 and
598 922 46 24 Re-

70 951 106 28 coveries,
195 952 45 22 and
251 951 46 31 for
317 952 36 24 the
374 953 143 25 substitution
540 955 29 30 of
587 964 57 15 more

68 983 73 31 ample
151 984 74 22 modes
236 984 30 30 of
272 992 126 17 assurance.
400 999 32 5 —
435 986 80 25 Under
531 988 38 23 the
585 997 59 15 same

68 1021 43 23 act,
135 1016 100 24 Thomas
259 1017 124 29 Beckham,
407 1019 67 31 Esq.,
496 1021 43 23 and
562 1021 82 32 Joseph

25 1042 12 21 *
67 1048 86 29 Dixori,
167 1049 67 31 Esq.,
247 1049 56 23 have
320 1051 103 24 received
440 1053 86 22 similar
541 1056 103 29 appoint-

67 1087 73 18 ments
152 1082 34 23 for
205 1082 37 23 the
254 1082 98 24 District
364 1083 24 23 of
398 1083 37 23 the
446 1084 51 31 Bay
510 1085 24 23 of
543 1086 101 25 Islands.

99 1114 176 24 Wellington
297 1115 192 26 Corporation.
496 1118 84 24 —We
598 1127 46 16 owe

66 1152 23 19 to
109 1148 44 22 this
172 1147 58 31 body
251 1155 61 16 some
334 1148 103 32 apology.
486 1150 28 24 In
538 1159 40 16 our
600 1152 44 24 last

66 1180 94 24 number
172 1188 32 16 we
214 1188 58 23 gave
291 1181 108 24 insertiou
419 1186 21 19 to
459 1191 29 15 an
506 1191 95 17 account
622 1186 22 23 of

66 1212 47 25 Mr.
127 1213 143 31 Shetland's
289 1214 52 23 visit
360 1219 22 19 to
419 1215 58 23 Port

65 1247 54 28 &c,
131 1247 22 22 in
174 1246 73 24 which
265 1247 17 23 it
300 1254 45 16 was
366 1248 71 24 stated
456 1255 104 25 amongst
580 1251 64 24 other

65 1279 84 31 things,
233 1280 27 23 be
279 1280 49 23 and'
342 1285 39 19 not
401 1285 22 20 to
513 1283 47 23 that
604 1284 38 24 the

65 1312 89 31 defunct
167 1312 148 31 Corporation
327 1319 45 17 was
382 1315 114 30 promised
510 1317 82 31 speedy
605 1325 36 15 re-

255 1345 81 26 Before
348 1355 43 22 any
401 1355 41 16 one
452 1356 42 15 can
505 1349 28 23 be
543 1351 98 23 resusci-

64 1378 67 29 tated,
152 1378 29 23 he
199 1383 62 19 must
279 1379 26 22 be
324 1379 62 24 dead.
430 1381 36 23 As
486 1386 22 18 to
526 1382 39 23 the
584 1383 58 31 body

65 1412 121 30 Corporate
209 1411 25 23 of
466 1422 34 15 we
519 1423 42 16 can
584 1421 57 19 state

64 1452 60 23 upon
143 1449 76 19 recent
239 1444 92 24 reliable
353 1446 120 31 authority,
496 1447 48 24 that
566 1454 24 18 at
611 1450 29 23 all

65 1482 76 19 events
162 1477 130 23 dissolution
314 1478 41 23 has
373 1484 40 18 not
426 1485 39 25 yet
482 1480 67 25 taken
567 1482 71 31 place.

66 1511 24 23 It
100 1512 20 21 is
159 1516 40 18 not
301 1511 42 23 but
354 1512 106 31 sleepeth,
473 1513 44 23 and
526 1522 62 16 some
599 1524 40 22 say

65 1545 16 22 it
93 1544 95 23 dreams.

97 1577 81 30 Truly,
190 1576 38 24 the
246 1576 137 33 Wellington
402 1578 66 32 Body
480 1579 122 32 Corporate
620 1583 19 22 is

66 1611 21 22 in
99 1618 13 15 a
124 1611 89 22 curious
231 1610 120 25 condition.
387 1611 24 24 It
428 1612 97 24 believes
537 1614 64 24 itself
616 1619 22 19 to

65 1643 27 23 be
103 1643 64 29 alive,
178 1643 40 23 but
229 1643 41 23 has
282 1643 55 23 been
350 1646 89 22 assured
452 1646 30 30 by
495 1654 61 16 some
569 1648 25 22 of
608 1649 30 23 its

65 1680 101 19 warmest
178 1676 84 23 friends
273 1676 48 23 that
333 1678 17 21 it
360 1678 19 22 is
391 1678 69 30 really
472 1679 97 24 defunct.

96 1709 75 23 When
188 1710 23 22 in
230 1709 105 23 extremis
353 1710 37 23 the
407 1711 77 23 advice
503 1713 24 22 of
541 1721 13 14 a
574 1719 64 25 great

65 1743 74 22 doctor
157 1750 45 15 was
221 1741 76 25 taken.
399 1752 43 22 you
462 1745 62 23 don't
536 1745 52 24 take
599 1754 37 24 my

65 1776 143 30 prescription
221 1783 28 14 on
261 1775 37 23 the
310 1776 49 23 first
371 1776 99 32 Monday
482 1779 24 22 iv
513 1778 124 24 December

150 1808 48 23 said
209 1807 38 24 the
265 1809 84 28 doctor,
362 1810 15 11 '•
386 1818 44 22 you
450 1811 46 23 will
516 1820 119 22 everyone

66 1840 23 23 of
102 1849 50 22 you,
165 1841 56 23 from
242 1840 82 31 Mayor
345 1847 20 18 to
385 1842 165 30 Mace-bearer,
563 1845 28 23 be
609 1854 25 14 as

68 1873 51 23 dead
136 1882 24 15 as
179 1882 13 15 a
360 1875 175 32 Unfortunately
546 1877 35 24 for
597 1878 38 23 the

65 1907 81 26 patient
157 1906 38 22 the
205 1908 146 29 prescription
362 1908 36 22 did
411 1913 38 18 not
462 1903 66 30 reacli
540 1910 46 23 him
598 1912 34 22 till

65 1936 34 23 the
117 1936 41 30 day
176 1939 56 22 after
251 1938 36 24 the
308 1940 118 30 appointed
444 1942 63 24 time.
553 1943 81 24 Under

63 1968 61 24 these
135 1969 180 30 circumstances,
328 1973 37 21 the
379 1973 65 31 Body
457 1974 124 31 Corporate
591 1984 41 15 na-

62 2002 77 30 turally
160 2002 95 31 thought
273 2004 17 21 it
310 2011 45 16 was
370 2005 30 23 all
418 2013 52 15 over
489 2007 53 23 with
562 2009 70 23 them.

61 2034 21 23 It
93 2042 73 16 seems
179 2035 51 30 they
243 2044 55 16 were
311 2037 27 30 by
353 2044 26 16 no
393 2046 76 15 means
481 2040 118 32 unwilling
610 2046 23 19 to

60 2067 88 24 become
160 2067 105 29 defunct;
286 2069 38 23 but
342 2070 36 23 did
399 2076 39 18 not
456 2072 65 23 know
543 2073 49 23 how
610 2079 22 19 to

59 2105 33 18 set
101 2100 69 24 about
181 2101 58 23 their
246 2109 107 24 -recovery
364 2112 5 19 ;
383 2104 43 22 and
438 2104 56 24 have
506 2113 52 16 ever
570 2108 62 23 since

58 2133 111 24 remained
181 2134 23 23 in
214 2142 14 15 a
239 2140 47 17 sort
298 2136 24 22 of
337 2141 82 19 trance.

65 2191 3 3 .
90 2166 29 23 In
131 2166 45 24 this
187 2171 57 19 state
264 2167 50 31 they
326 2176 55 16 were
400 2171 100 31 recently
512 2173 78 23 visited
602 2174 29 30 by

37 2207 47 14 -an
123 2201 116 29 irregular,
275 2202 165 24 uncertih'cated
474 2206 153 29 practitioner.

81 2232 64 24 Take
157 2241 38 22 my
207 2233 60 23 word
284 2234 35 23 for
386 2236 49 23 said
454 2236 37 30 he,
527 2238 53 24 You
592 2248 37 15 are

57 2265 53 23 dead
122 2267 87 29 enough
218 2274 5 15 :
243 2267 41 22 but
301 2267 58 31 keep
377 2269 60 31 quiet
438 2282 32 4 —
471 2270 56 24 have
547 2280 13 14 a
572 2272 57 24 little

56 2299 97 30 patience
154 2311 32 4 —
188 2299 43 23 and
244 2300 38 23 I'll
301 2300 67 31 bring
383 2310 45 22 you
446 2308 23 18 to
487 2303 38 24 life

57 2331 32 24 As
100 2339 32 16 we
145 2332 56 23 have
211 2333 90 31 already
313 2333 114 31 observed,
440 2336 75 24 before
531 2345 44 24 any
587 2347 41 16 one

56 2372 37 15 can
105 2365 27 23 be
171 2365 97 31 brought
278 2371 22 18 to
311 2366 41 24 life
466 2369 30 23 he
508 2376 59 18 must
579 2372 49 24 first

54 2397 26 23 be
113 2398 58 23 dead
179 2408 6 19 ;
228 2399 52 28 and,
292 2399 58 24 after
360 2401 39 29 ail,
411 2409 32 16 we
454 2402 62 24 learn
529 2404 48 24 that
589 2405 37 24 the

54 2431 57 23 main
129 2432 103 30 question
251 2432 25 23 of
315 2432 56 24 dead
386 2442 26 15 or
524 2437 47 24 still
589 2446 36 15 re-

54 2464 69 24 mains
134 2469 23 19 to
168 2464 29 24 be
207 2465 91 24 decided
306 2465 7 24 ':
326 2467 42 23 and
380 2467 48 24 that
439 2468 39 23 the
489 2470 52 30 only
552 2470 74 32 Judge

54 2496 23 23 of
91 2497 53 24 such
155 2502 101 25 matters,
268 2499 19 23 is
299 2507 14 15 a
331 2502 84 22 certain
435 2501 55 32 high
503 2503 121 33 authority,

47 2533 27 19 tfo
92 2531 44 28 wit,
154 2531 37 23 the
212 2531 70 24 Chief
294 2532 94 33 Justice,
400 2534 76 24 before
495 2536 71 25 whom
587 2538 38 23 the

53 2569 46 17 case
111 2564 44 23 will
167 2564 87 31 shortly
265 2564 26 24 be
309 2565 53 25 laid.
397 2566 30 29 If,
440 2568 30 30 by
482 2568 37 24 the
540 2571 85 23 verdict

53 2595 23 24 of
89 2596 43 24 this
143 2604 57 23 gran
210 2598 4 21 I
228 2597 111 32 Inquest,'
350 2599 37 24 the
406 2599 139 33 Wellington
558 2603 66 32 Body

54 2628 116 32 Corporate
189 2630 28 24 be
233 2631 70 24 found
321 2632 79 30 dead,?'
424 2634 44 23 and
491 2635 52 31 they
566 2637 57 23 shall

52 2662 124 24 aftsrwards
193 2663 99 32 undergo
312 2665 38 23 the
367 2674 91 22 process
476 2667 26 24 of
524 2670 98 23 resusci-

25 2698 16 16 *
51 2695 72 29 tation,
146 2696 39 23 the
202 2697 75 31 public
299 2698 55 23 weal
372 2698 107 25 demands
501 2700 47 24 that
569 2702 54 31 they

52 2726 73 26 should
137 2729 53 23 take
200 2730 74 23 better
286 2738 49 16 care
347 2731 24 23 of
384 2731 136 25 themselves
536 2734 37 24 for
585 2736 38 23 the

51 2759 75 27 future.
128 2774 33 5 —
161 2761 61 24 Ibid.

80 2794 157 24 Unclaimed
244 2796 126 25 Letters.
373 2810 32 4 —
407 2797 50 25 The
464 2799 45 23 last
519 2799 101 25 Govern-

50 2830 52 20 ment
125 2828 94 23 Gazette
241 2830 101 22 contains
365 2838 13 15 a
397 2830 38 24 list
450 2832 26 23 of
491 2833 77 30 nearly
585 2834 37 24 six

47 2855 96 28 tundred
157 2862 127 23 unclaimed
299 2862 86 29 letters,
403 2863 51 25 how
465 2865 97 31 lying^at
583 2867 37 24 the

51 2891 90 25 General
151 2894 140 30 Post-office,
305 2895 128 26 Auckland.
472 2898 49 25 The
529 2900 91 30 printed

50 2923 33 24 list
93 2926 19 23 is
124 2927 78 30 posted
212 2935 55 16 near
279 2928 36 24 the
336 2929 65 25 letter
419 2930 53 30 box,
491 2932 34 24 for
543 2934 76 30 public

49 2957 126 32 inspection.

77 2991 61 24 New
156 2993 126 25 Zealand
299 2995 123 25 Banking
446 2998 137 25 Company.
585 3013 34 4 —

47 3022 21 24 It
82 3032 92 24 appears
185 3027 57 23 from
259 3027 37 24 the
313 3029 90 29 general
423 3030 99 25 abstract
540 3032 26 23 of
580 3033 38 23 the

47 3056 68 25 affairs
134 3058 32 23 of.
174 3058 37 24 the
230 3060 124 31 Company,
372 3062 81 31 during
471 3063 39 24 the
527 3070 91 25 quarter

45 3088 52 25 from
108 3091 38 23 the
160 3093 37 21 Ist
207 3091 106 30 October;
327 3098 23 18 to
367 3093 38 24 the
416 3097 55 22 31st
482 3096 133 31 December,

48 3123 65 29 1842;
126 3124 49 23 that
186 3124 37 23 the
235 3125 60 23 total
301 3131 92 22 amount
405 3128 25 22 of
442 3128 117 25 liabilities
571 3138 45 16 was

46 3154 17 24 £
65 3157 86 28 20,308
164 3157 36 25 ssl
212 3157 40 25 6d.
265 3167 6 21 ;
289 3159 44 23 and
345 3184 3 5 ,
356 3159 37 24 the
413 3161 55 25 tptal
484 3168 92 18 amount
593 3165 27 22 of

30 3185 4 4 '
46 3194 73 24 assets,
130 3191 122 28 £29,057.
256 3193 35 22 35.
301 3192 46 24 4d..
376 3192 42 25 We
428 3193 59 24 have
498 3200 40 18 not
548 3203 68 24 space

45 3218 30 25 for
85 3222 37 24 the
132 3224 80 27 details
223 3225 25 23 in
259 3232 40 16 our
310 3230 91 27 present
406 3227 107 24 number.

75 3253 47 26 The
133 3260 83 28 troops,
226 3265 26 16 as
263 3258 45 24 will
320 3258 28 24 be
359 3267 54 16 seen
421 3260 30 31 by
460 3268 41 16 our
508 3261 108 32 shipping

45 3291 75 26 report,
131 3289 63 23 have,
199 3291 105 24 returned
311 3292 59 24 from
381 3292 129 33 Taurauga.
546 3295 68 31 Capt.

25 3324 6 7 *
47 3317 55 32 Best,
114 3324 158 29 accompanied
281 3324 34 31 by,
322 3325 49 24 Mr.
383 3326 107 30 Webber,
506 3329 108 30 proceeds

28 3352 37 21 *to
75 3352 119 26 Auckland
206 3357 111 24 overland.
360 3357 75 26 There
453 3368 45 16 was
518 3366 40 19 not
576 3361 38 24 the

47 3383 94 32 slightest
160 3395 136 24 appearance
308 3391 25 23 of
347 3391 142 26 disturbance
510 3400 104 26 amongst
621 3399 4 6 '

47 3423 32 17 we
88 3420 93 24 natives.

74 3450 145 29 Rumoured
230 3453 288 34 AppoijrcMENTs.7-r-\lfo
531 3461 52 30 give
593 3462 20 22 it

47 3488 19 16 *•
77 3491 12 15 a
98 3492 90 19 rumour
201 3488 48 23 that
266 3488 77 32 Major
360 3490 129 26 Richmond
506 3494 20 22 is
545 3498 22 20 to
584 3494 28 24 be

48 3514 59 26 Chief
121 3519 78 25 Polioe
210 3521 136 31 Magistrate
360 3528 23 18 at
398 3524 148 34 Wellington,
564 3526 49 25 vice

46 3549 90 26 Michael
156 3553 108 32 Murphy,
287 3554 68 32 Esq.,
377 3556 49 24 who
442 3559 22 22 is
474 3565 31 17 'to
522 3560 28 24 be
573 3560 38 25 the

47 3580 65 26 Clerk'
119 3585 24 25 pf
157 3585 37 25 the
206 3587 90 31 County.
306 3588 71 25 Court
387 3594 25 19 at
421 3590 101 26 Russell.
560 3592 51 25 The

45 3613 91 26 officeof
150 3618 76 25 Police
238 3620 135 31 Magistrate
384 3627 24 19 at
419 3623 94 30 Nelson,
529 3630 82 20 vacant

44 3650 25 42 J7
85 3647 37 25 the
141 3653 158 29 appointment,
311 3654 25 24 of
359 3655 34 24 H.
413 3654 31 25 A.
469 3657 140 33 Thompson,

44 3686 59 24 *sq.,
118 3686 21 19 to
152 3685 36 22 the
202 3685 122 33 judgeship
340 3687 26 24 of
379 3688 38 24 the
430 3688 90 33 County
539 3692 72 24 Court

44 3716 19 16 at
73 3712 46 25 that
127 3716 132 31 settlement,
268 3719 42 24 has
322 3725 39 19 not
371 3726 38 25 yet
419 3721 57 24 been
488 3723 60 25 filled
568 3731 39 25 up.

80 3745 186 30 'Government
534 3759 76 22 15.—.

46 3779 35 20 We
91 3777 55 25 have
157 3780 111 32 displaced
279 3792 13 16 a
303 3787 129 30 grumbling
442 3790 127 30 paragraph
585 3791 23 22 in

42 3812 21 17 in
73 3810 65 24 order
143 3815 24 21 to
177 3815 72 24 notice
259 3818 53 23 with
322 3818 96 32 alacrity
428 3820 45 24 and
494 3829 113 17 commen-

42 3843 168 35 aatjonjhefact
219 3848 26 23 of
256 3850 40 24 the
311 3851 108 25 Govenor
436 3852 84 34 having
533 3855 75 31 -again

40 3875 89 28 fwered
148 3876 38 25 the
205 3885 66 26 upset
286 3883 61 31 price
364 3885 26 23 of
409 3885 115 26 suburban
538 3888 68 24 allot-

41 3909 74 22 ments.
160 3909 91 27 Section
270 3916 22 27 5,
310 3916 125 29 advertised
454 3919 37 26 for
508 3919 47 29 atfle
576 3928 31 16 on

757 1517 64 23 THE
836 1519 198 25 CONDEMNED
1048 1524 102 24 CELLS.

722 1553 62 20 From
804 1555 34 19 the
853 1556 48 19 note
917 1556 52 20 book
983 1557 27 24 of
1026 1559 35 19 the
1078 1560 111 28 Ordinary.

797 1606 112 21 Continued
909 1607 64 26 from
981 1610 84 20 number
1074 1612 47 21 227.

700 1640 49 24 The
761 1642 104 23 evidence
874 1642 84 32 having
966 1644 54 23 bejn
1028 1653 58 22 gone
1094 1647 103 32 through,
1208 1651 38 22 the

667 1673 73 32 Judge
759 1675 24 23 in
813 1683 13 15 a
848 1675 136 31 lengthened
1006 1678 40 23 but
1066 1679 60 24 lucid
1154 1682 91 25 address

667 1707 95 31 charged
774 1708 38 23 the
823 1708 62 31 Jury,
900 1709 50 23 who
965 1710 53 24 took
1030 1719 42 16 one
1088 1713 57 24 hour
1156 1715 22 23 in
1190 1724 54 16 con-

665 1741 100 30 sidering
776 1741 38 24 the
825 1743 84 22 verdict
925 1743 53 30 they
990 1743 78 25 should
1080 1746 50 30 give
1138 1757 6 19 ;
1164 1748 82 33 during

665 1774 44 22 this
722 1782 107 23 suspense
846 1774 36 23 the
893 1776 155 24 well-dressed
1059 1781 102 28 prisoner
1178 1790 66 23 every

664 1807 84 23 instant
755 1808 114 31 evidently
877 1809 94 23 assured
983 1809 92 25 himself
1082 1813 25 22 of
1116 1821 28 16 an
1156 1818 86 28 acquit-

664 1840 39 22 tal.
729 1840 38 23 He
776 1840 93 31 entirely
877 1843 119 22 recovered
1004 1842 37 25 the
1047 1844 58 24 little
1114 1846 27 23 he
1149 1847 42 24 had
1198 1849 46 24 lost

663 1872 26 23 of
704 1872 35 23 his
757 1873 192 31 self-possession,
965 1875 43 23 and
1020 1877 87 30 applied
1124 1879 36 24 his
1170 1882 73 31 finger

663 1905 44 22 and
720 1906 77 23 thumb
816 1912 23 17 to
851 1907 34 22 his
898 1915 56 15 nose
966 1908 52 23 with
1031 1909 43 23 the-
1086 1917 59 18 most
1155 1915 86 30 impur-

663 1937 85 24 turable
766 1940 33 22 air
810 1940 25 22 of
850 1940 113 22 confident
974 1948 120 18 assurance
1105 1946 25 21 of
1145 1945 33 24 his
1190 1955 51 17 case

662 1971 69 29 being
740 1971 92 24 without
842 1971 38 23 the
891 1973 57 29 pale
959 1974 24 22 of
999 1974 37 23 the
1048 1975 109 27 Criminal
1176 1980 63 25 Law.

663 2003 37 23 On
714 2005 35 22 the
766 2009 110 26 contrary,
888 2013 68 22 every
968 2013 97 18 moment
1075 2009 48 25 that
1135 2012 36 23 the
1184 2013 57 32 Jury

661 2044 46 15 was
719 2037 79 23 absent
815 2037 116 23 increased
944 2039 37 22 the
992 2039 57 24 fears
1063 2042 25 22 of
1104 2044 37 23 the
1153 2053 49 16 man
1215 2048 24 22 in

661 2076 61 24 rags,
741 2070 35 23 his
789 2074 81 20 tremor
887 2076 23 17 at
929 2072 77 30 length
1025 2074 89 25 became
1126 2079 78 23 visible
1216 2085 23 19 to

661 2102 30 23 all
701 2111 94 23 persons
805 2104 23 22 in
839 2103 38 23 the
887 2104 86 30 gallery
984 2105 25 23 of
1019 2107 35 23 the
1067 2108 69 25 Court
1152 2111 85 31 House,

661 2135 63 24 when
733 2136 36 23 the
777 2144 161 23 reappearance
947 2138 24 23 of
981 2138 37 24 the
1025 2140 56 31 Jury
1089 2143 93 25 relieved
1190 2145 48 24 him

660 2168 33 23 for
705 2177 13 15 a
731 2176 98 17 moment
841 2170 55 24 from
911 2171 40 23 the
968 2179 52 23 eyes
1032 2173 25 23 of
1072 2174 38 24 the
1129 2177 109 32 thronged

660 2201 79 24 Court.
774 2202 51 24 The
846 2204 112 23 confident
980 2206 101 29 prisoner
1104 2217 44 15 was
1168 2211 69 25 found

656 2234 81 31 guilty,
740 2248 31 4 —
773 2235 37 24 the
832 2236 193 25 self-condemned
1045 2241 142 31 acquitted,—
1187 2246 50 23 -the

658 2268 66 23 latter
735 2270 109 30 instantly,
850 2269 116 31 displayed
973 2279 13 15 a
993 2278 152 21 countenance
1152 2277 84 31 lighted

658 2308 29 23 up
700 2301 52 23 with
759 2302 57 30 glee,
829 2303 127 30 exhibiting
964 2307 136 24 contortions
1109 2313 39 19 not
1159 2305 76 30 unlike

658 2333 36 24 the
706 2335 75 24 risible
794 2336 85 23 actions
886 2336 25 23 of
921 2337 38 22 the
970 2338 97 24 muscles
1078 2341 26 23 of
1112 2350 13 14 a
1138 2343 97 25 Clown's

656 2368 47 22 face
712 2368 23 23 in
744 2376 13 14 a
763 2370 137 29 pantomine.
935 2369 106 34 Turning
1046 2375 72 22 round
1126 2376 108 32 suddenly

656 2405 22 18 to
690 2400 38 23 the
740 2401 135 24 condemned
886 2411 62 21 man,
967 2404 28 23 he
1007 2405 73 25 thrust
1092 2408 95 25 forward
1198 2410 36 25 his

655 2434 67 29 hand,
735 2436 79 29 saying
917 2436 64 24 letus
990 2443 51 25 part
1046 2439 94 31 friends,
1149 2442 85 33 though

654 2475 44 21 you
717 2468 56 23 have
791 2474 73 26 pretty
876 2470 55 30 nigh
945 2472 102 30 capsized
1058 2480 36 17 me
1112 2474 29 31 by
1154 2477 81 31 sailing

654 2505 37 18 too
703 2508 52 16 near
767 2501 39 24 the
813 2502 59 23 wind
882 2503 46 23 this
941 2505 62 28 time,
1021 2505 58 24 what
1088 2507 5 24 !
1107 2512 52 19 turn
1166 2510 68 32 sulky

654 2541 53 16 over
718 2535 25 28 it,
762 2536 50 23 well
824 2536 37 23 the
881 2535 46 24 Old
947 2536 79 33 Bailey
1037 2539 71 25 Court
1126 2542 35 22 for
1178 2551 54 16 once

653 2566 40 24 has
715 2568 80 31 placed
814 2569 37 23 the
874 2569 77 24 saddle
969 2578 28 16 on
1019 2572 35 23 the
1077 2574 62 30 right
1158 2575 73 31 horse,

654 2599 111 32 Good-by,
778 2601 14 24 I
806 2602 54 23 wish
872 2610 43 23 you
926 2604 147 32 comfortably
1080 2607 98 32 through

653 2632 65 24 Then
731 2635 93 30 turning
832 2635 94 23 towards
940 2636 36 24 the
985 2639 106 24 audience
1104 2640 27 24 he
1143 2642 88 25 winked

651 2665 35 24 his
700 2667 101 31 onlyeye
809 2668 43 23 and
860 2669 113 31 elevatiqg
981 2670 36 24 his
1025 2679 69 23 voice,
1103 2674 72 24 added
1208 2676 24 24 It

650 2700 45 22 will
714 2700 27 23 be
752 2709 14 15 a
776 2702 54 31 long
842 2702 52 23 time
905 2702 78 25 before
995 2704 37 24 the
1043 2705 59 24 likes
1117 2708 26 23 of

650 2733 103 31 pointing
764 2735 52 22 with
836 2735 36 22 his
883 2735 80 24 thumb
976 2744 52 17 over
1039 2738 35 24 his
1091 2740 105 26 shoulder
1208 2748 22 18 to

651 2764 37 24 the
697 2767 102 29 prisoner
838 2768 63 23 catch
919 2777 37 15 me
967 2769 91 33 playing
1070 2774 82 23 second
1163 2775 67 24 fiddle

650 2798 23 23 in
688 2799 59 24 their
911 2802 67 24 Then
996 2805 78 31 seeing
1089 2806 39 24 the
1147 2808 83 24 Gaoler

649 2833 112 30 approach
769 2834 36 22 for
816 2834 37 24 the
865 2843 98 22 purpose
971 2837 26 23 of
1004 2839 117 31 removing
1131 2840 55 30 him,
1199 2842 29 23 he

649 2865 63 23 made
726 2874 41 15 one
779 2868 78 30 spring
871 2869 42 22 and
931 2869 104 26 bounded
1046 2879 53 17 over
1110 2873 38 24 the
1159 2874 69 24 Dock

649 2903 38 18 out
699 2899 25 23 of
734 2900 78 29 Court,
825 2909 24 15 as
861 2901 20 23 if
889 2901 110 32 suddenly
1011 2903 71 25 afraid
1094 2906 25 23 of
1128 2915 13 14 a
1153 2915 75 16 rever-

647 2931 50 24 sion
717 2933 25 23 of
762 2933 38 23 the
820 2934 90 24 verdict.
948 2935 51 24 The
1021 2945 51 16 man
1091 2939 27 23 of
1137 2940 92 25 decided

647 2964 114 26 character
773 2974 44 16 was
836 2975 29 16 no
877 2976 81 16 sooner
974 2977 67 22 gone,
1060 2972 55 23 than
1126 2973 31 23 all
1175 2981 53 23 eyes

647 3005 56 17 were
715 2999 60 24 fixed
787 3008 28 15 on
835 3000 37 24 the
883 3002 50 23 well
947 3002 91 24 dressed
1056 3005 110 30 prisoner,
1179 3007 49 23 who

646 3032 64 23 stood
735 3034 88 29 against
840 3034 37 24 the
903 3034 49 24 Bar
978 3036 44 24 and
1041 3038 114 30 paralized
1174 3041 53 22 with

646 3066 101 29 surprize
758 3071 23 18 at
794 3067 36 23 the
842 3067 93 26 verdict.
971 3068 24 24 A
1014 3070 82 32 feeling
1107 3072 26 24 of
1148 3072 80 25 horror

646 3099 128 28 succeeded,
788 3099 72 24 which
878 3107 63 26 crept
959 3102 77 32 slowly
1047 3112 54 16 over
1110 3105 36 23 his
1157 3113 70 17 coun-

646 3135 100 24 tenance,
758 3132 36 24 till
805 3132 27 24 he
844 3133 91 25 became
947 3143 24 16 as
983 3136 51 30 pale
1044 3145 26 16 as
1077 3138 38 23 the
1122 3138 73 32 image
1204 3140 25 23 of

644 3162 101 24 death—
746 3164 34 24 his
792 3173 52 23 eyes
861 3166 87 32 though
965 3169 24 23 in
1001 3176 98 26 vacancy
1110 3172 117 25 wandered

644 3196 23 22 in
686 3204 66 25 every
764 3197 115 31 direction,
900 3208 25 16 as
937 3201 88 31 fearing
1042 3203 37 25 the
1098 3205 127 25 immediate

643 3236 106 23 presence
769 3232 25 23 of
809 3232 38 24 the
866 3234 152 30 executioner,
1037 3236 36 24 his
1095 3237 71 25 whole
1184 3247 41 23 ap-

642 3269 110 24 pearance
764 3272 46 16 was
830 3265 49 24 that
889 3267 26 23 of
934 3274 42 16 one
989 3267 49 24 who
1049 3276 14 16 a
1074 3276 100 19 moment
1176 3274 3 9 1
1183 3272 42 24 he-

643 3295 49 23 fore
703 3296 43 24 had
763 3297 57 25 been
833 3300 121 30 carousing
970 3301 25 22 in
1006 3301 40 27 full
1058 3302 77 25 health
1153 3306 25 22 af
1187 3305 38 25 the

639 3328 72 31 jovial
728 3330 67 30 table,
807 3332 44 23 and
867 3332 57 24 from
936 3333 74 24 which
1027 3333 29 30 ho.
1066 3335 46 25 had
1128 3337 49 24 that
1182 3338 42 26 in-

642 3365 61 22 stant
721 3363 57 24 been
797 3366 106 23 snatched
921 3366 31 31 by
964 3366 38 24 the
1017 3368 77 31 figure*
1107 3370 26 24 of
1147 3370 75 31 death,

641 3394 57 24 from
710 3396 83 24 amidst
803 3397 36 24 his
851 3399 57 23 boon
919 3401 154 30 companions,
1085 3403 45 24 and
1141 3403 82 25 beheld

641 3427 38 23 the
697 3428 50 28 dart
768 3430 26 23 of
814 3431 37 23 the
873 3437 101 20 monster
998 3431 124 34 presented!
1142 3441 34 20 tor
1185 3434 37 27 His
1234 3433 1 27 i

640 3460 84 26 breast.
1013 3483 3 5 ,

650 3505 6 6 •
674 3494 51 24 The
747 3496 92 29 Gaolor,
862 3502 62 20 stern
946 3498 44 25 and
1011 3500 64 31 bluff,
1096 3502 55 24 with
1161 3503 58 30 rigid

639 3526 106 31 features,
756 3529 97 25 touched
863 3530 48 24 him
922 3539 30 16 on
964 3532 39 24 the
1014 3534 113 26 shoulder.
1157 3555 5 6 .
1169 3536 52 25 The

640 3560 110 24 wretohed
762 3564 88 23 convict
861 3564 93 29 started,
966 3566 45 23 and
1023 3569 146 30 sjnrang.from
1182 3569 38 24 his

638 3592 46 25 feet
700 3601 25 16 as
743 3594 21 24 if
777 3603 15 15 a
806 3595 71 25 bullet
892 3596 47 25 had
956 3601 130 28 penetrated
1098 3601 35 25 his
1145 3601 72 29 hjeart.

639 3625 53 25 The-
701 3626 85 25 Gaolor
798 3627 53 25 then
861 3631 78 22 waved
947 3630 36 25 hfs
994 3631 67 31 hand,
1069 3634 45 24 and
1122 3636 96 24 motion-

638 3659 28 23 ed
676 3660 48 23 him
736 3665 22 18 to
769 3660 62 25 leave
849 3662 37 24 the
903 3663 80 30 Court,
1002 3665 43 24 and
1063 3666 30 24 he
1110 3668 108 31 instantly

637 3692 94 32 obeyed,
749 3695 93 30 moving
858 3695 54 24 with
932 3704 15 16 a
964 3700 118 23 measured
1100 3705 54 28 step,
1173 3701 45 25 and

637 3725 110 33 drooping
757 3726 65 30 head,
834 3728 123 32 preceeded
968 3730 30 32 by
1009 3731 35 24 his
1060 3732 92 33 keeper,
1162 3733 55 29 .who

637 3759 110 30 appeared
764 3765 23 18 to
797 3761 63 31 poise
872 3770 12 15 a
894 3761 53 24 bias
962 3763 24 23 in
999 3764 36 23 his
1045 3766 56 30 gait,
1129 3757 63 34 With
1200 3775 16 16 a

636 3791 62 31 huge
716 3792 73 23 bunch
808 3794 25 23 of
847 3793 57 32 keys
921 3796 34 23 in.
964 3796 37 24 his
1011 3798 62 30 right
1083 3798 68 27 hand,
1164 3798 53 32 they

636 3824 81 31 slowly
727 3824 107 25 threaded
845 3827 37 23 the
893 3834 99 25 passage
1008 3829 95 31 leading'
1108 3829 62 34 fxos
1178 3831 38 24 the

637 3857 72 24 Court
721 3857 81 24 House
814 3862 23 19 to
849 3859 37 23 the
897 3860 93 31 gloomy
1001 3861 62 29 cells,
1075 3863 53 30 they
1134 3864 82 30 passed

635 3889 100 33 through
746 3890 39 24 the
795 3891 73 24 felons
879 3892 78 31 yards,
966 3893 38 23 the
1016 3894 61 24 main
1089 3902 47 19 one.
1143 3896 25 25 of
1168 3896 48 24 -the

633 3923 81 30 prison
714 3935 33 6 —
748 3923 70 28 palled
829 3924 38 23 the
879 3929 96 22 masters
983 3925 55 26 side.
1075 3926 65 28 Here
1148 3935 67 25 many

1298 144 99 25 crowded
1408 146 73 24 round
1491 147 69 29 them,
1572 155 26 15 as
1609 148 21 22 is
1641 148 38 23 the
1689 149 116 30 prisoners
1814 158 47 16 won

1296 184 28 16 on
1344 177 64 24 these
1426 180 122 28 occasions,
1568 184 22 18 to
1609 185 52 18 note
1679 181 38 23 the
1738 188 75 25 aspect
1830 191 28 15 an

1296 209 133 25 demeanour
1441 212 28 23 of
1481 220 14 15 a
1511 220 51 15 man
1570 212 52 31 just
1632 214 105 29 capitally
1750 216 111 23 convicted

1295 242 124 31 travelling,
1438 251 27 16 as
1483 244 52 31 they
1554 252 48 23 say,
1623 246 54 22 with
1696 246 35 23 his
1750 247 63 24 billet
1829 256 32 15 am

1294 275 64 22 coffin
1378 275 48 24 into
1446 276 59 24 close
1517 282 110 26 quarters.
1688 278 61 24 Poor
1760 279 73 24 fellow
1841 282 5 23 !
1858 282 3 10 '

1293 307 119 31 ejaculates
1423 316 51 22 one,
1521 309 30 24 all
1561 317 40 24 up,
1621 309 28 24 eh
1656 311 11 24 ?
1757 312 61 32 Why
1832 321 29 24 m;

1293 347 61 16 mace
1456 342 72 23 called
1540 347 39 18 out
1590 343 94 24 another
1703 348 23 19 at
1745 344 38 24 the
1798 350 38 27 top
1848 355 13 15 o

1292 372 36 23 his
1345 374 69 29 voice,
1458 383 52 22 may
1529 374 13 24 I
1555 375 25 23 be
1593 375 120 30 dissected,
1724 377 42 23 but
1777 385 43 22 you
1832 388 29 15 an

1291 405 63 23 down
1376 406 25 23 iv
1420 407 39 23 the
1470 407 77 24 mouth
1557 408 5 23 !
1587 416 72 21 come,
1679 410 65 23 brace
1764 417 30 24 up
1811 419 50 23 youi

1291 437 85 24 neither
1387 438 31 32 lip
1427 440 5 24 !
1469 440 14 23 I
1495 448 46 23 say,
1554 440 94 31 Brandy
1659 442 55 29 Bill,
1726 442 59 24 what
1797 445 64 23 woulc

1289 478 43 22 you
1343 470 82 32 charge
1436 472 36 24 for
1484 473 94 31 shaving
1661 479 3 10 1
1669 482 14 16 a
1701 475 54 31 long
1770 484 55 24 mug
1842 486 19 15 as

1392 505 104 31 pointing
1508 511 21 18 to
1542 506 37 24 the
1599 508 96 23 convict.
1740 509 85 23 Others
1843 511 18 23 k

1288 544 12 14 a
1310 536 66 31 spirit
1387 537 26 23 of
1427 546 63 16 more
1506 539 117 30 kindness,
1641 541 100 30 essayed,
1764 542 25 23 in
1808 543 53 24 theii

1287 576 48 15 own
1343 570 101 30 peculiar
1460 579 56 23 way,
1528 576 22 19 to
1562 572 56 24 offer
1630 573 72 24 words
1722 574 25 23 of
1763 576 98 23 consola-

1399 602 70 32 Why,
1492 611 38 23 my
1646 606 50 23 said
1714 614 51 21 one,
1811 609 50 23 donl

1286 633 59 24 draw
1357 635 56 24 such
1425 644 14 15 a
1449 637 56 30 long
1516 637 60 30 phiz.
1619 637 45 24 Let
1669 638 45 24 -the
1726 645 67 18 worst
1801 649 60 16 come

1285 670 30 24 to.
1320 666 37 24 the
1366 673 75 24 worst,
1454 669 52 31 they
1519 677 40 15 can
1571 670 54 31 only
1642 670 61 31 hang
1722 680 44 23 you
1783 673 35 23 for
1834 682 27 15 an

1283 699 57 23 hour
1341 711 32 6 —
1373 708 29 16 no
1415 709 62 16 more
1479 714 31 4 —
1511 703 69 29 you'll
1601 703 26 22 be
1647 708 37 18 cut
1702 704 64 24 down

1309 732 63 23 Hold
1388 741 30 23 up
1434 742 57 22 your
1512 735 64 28 head,
1598 735 44 23 and
1663 736 35 23 die
1711 744 64 23 game
1792 738 46 24 like
1850 748 11 14 a

1284 772 49 16 man
1343 765 5 24 !
1394 766 71 24 called
1489 772 38 19 out
1548 776 13 15 a
1583 769 84 23 second
1676 778 7 19 ;
1732 770 52 31 they
1803 777 58 18 wont

1282 797 63 24 allow
1357 806 44 22 you
1409 800 110 31 anything
1528 800 35 24 for
1571 801 129 32 snivelling,
1710 810 44 23 you
1764 804 52 23 hear
1825 805 36 23 the

1283 835 66 19 worst
1359 831 53 31 they
1424 840 43 16 can
1479 833 26 23 do
1522 835 20 21 is
1559 839 21 18 to
1599 833 61 31 hang
1681 842 52 23 you,
1753 837 43 22 and
1814 837 47 24 like

1282 864 84 30 gaping
1377 864 58 23 fools
1448 871 22 17 at
1480 874 13 15 a
1503 867 108 30 grinning
1623 868 83 29 match,
1716 873 38 26 get
1766 877 13 15 a
1787 871 71 24 crowd

1281 896 101 31 together
1395 903 22 17 to
1430 898 68 31 laugh
1509 905 22 17 at
1682 901 23 23 A
1724 902 67 29 third,
1810 904 24 23 in
1846 912 14 15 a

1281 929 194 31 commisserating
1486 937 49 18 tone
1554 933 25 22 of
1601 934 70 28 voice,
1691 935 50 22 said
1742 947 33 5 —
1799 936 61 31 Why

1280 962 51 23 take
1343 963 17 21 it
1371 970 24 16 so
1409 964 67 22 much
1490 970 20 17 to
1526 965 68 23 heart
1602 966 9 24 ?
1656 967 75 23 When
1745 968 37 23 the
1793 977 66 22 game

1279 995 20 22 is
1321 995 29 23 all
1369 1003 30 23 up
1423 997 94 28 outside,
1541 998 71 23 whats
1634 998 37 24 the
1691 1005 81 19 matter
1791 1002 68 24 about

1280 1028 92 31 topping
1380 1029 9 24 ?
1425 1029 65 23 Your
1501 1030 60 23 swell
1574 1039 139 23 appearance
1723 1042 80 22 proves
1813 1043 44 23 you

1278 1060 55 24 have
1345 1061 44 23 had
1401 1070 56 22 your
1470 1063 50 30 day,
1554 1063 97 31 Things,
1671 1072 45 23 you
1735 1066 73 30 know,
1828 1068 28 23 do

1273 1098 44 18 •not
1329 1094 42 23 last
1380 1094 102 24 forever.
1519 1096 77 31 Every
1607 1105 51 15 man
1669 1098 41 23 has
1721 1098 35 24 his
1766 1099 89 30 chance,

1277 1133 25 15 as
1314 1126 37 24 the
1363 1127 83 24 soldier
1458 1136 59 22 says,
1531 1137 61 15 some
1609 1135 61 18 must
1688 1131 39 23 fall
1747 1132 23 23 in
1791 1141 66 23 every

1277 1158 64 31 fight.
1387 1160 62 23 Like
1468 1162 84 31 Judges
1571 1167 126 23 sentences,
1717 1164 63 24 shots
1791 1165 31 32 fly
1833 1172 23 18 at

1277 1191 99 30 random,
1397 1193 72 23 devils
1492 1195 127 23 sometimes
1643 1195 51 24 hurl
1718 1197 68 29 them,
1810 1200 43 23 and

1275 1225 70 23 furies
1356 1226 67 30 guide
1555 1228 105 24 Another
1668 1230 53 22 then
1731 1238 40 16 ran
1780 1232 75 24 before

1276 1258 54 28 him,
1343 1259 86 31 staring
1439 1259 48 24 him
1499 1260 55 23 hard
1561 1261 23 23 in
1597 1261 37 23 the
1646 1262 56 29 face,
1716 1264 56 30 and]
1782 1265 74 31 lacing

1275 1291 35 22 his
1333 1291 59 24 hand
1412 1300 29 15 on
1462 1292 38 23 the
1518 1292 114 25 downcast
1649 1296 73 22 man's
1742 1296 111 31 shoulder,

1275 1324 131 29 exclaimed,
1413 1320 3 8 '
1449 1325 47 23 For
1512 1326 78 24 shame
1602 1334 59 21 man,
1674 1329 71 30 you'll
1762 1329 44 32 hyp
1828 1339 26 15 us

1275 1356 30 23 all
1313 1357 6 23 !
1354 1357 69 31 Why,
1435 1359 18 22 it
1473 1358 44 23 will
1535 1359 27 23 be
1578 1367 40 23 my
1634 1364 52 19 turn
1707 1366 129 20 to-morrow
1846 1373 5 20 ;

1275 1389 14 23 I
1301 1390 58 22 shall
1375 1390 27 23 be
1418 1399 58 22 your
1496 1393 132 29 companion
1648 1394 22 22 in
1689 1395 94 24 another
1801 1396 50 31 day.

1275 1421 14 24 I
1290 1435 30 4 —
1322 1430 22 15 m
1355 1428 39 18 not
1401 1423 83 31 joking
1495 1425 29 29 by
1536 1425 24 22 G
1560 1437 34 4 —
1595 1425 21 24 d.
1653 1419 78 37 dome,
1741 1428 64 24 cheer
1814 1437 38 23 up,

1275 1455 66 24 cheer
1361 1464 38 23 up,
1424 1457 71 30 you'll
1516 1458 46 22 find
1584 1466 37 16 me
1643 1467 13 15 a
1679 1460 94 24 devilish
1796 1463 57 29 good

1275 1490 133 29 companion
1419 1489 67 24 while
1496 1491 18 22 it
1655 1492 36 23 As
1710 1493 38 23 the
1766 1496 87 23 convict

1273 1521 41 23 left
1326 1521 36 23 the
1381 1522 63 31 yard,
1469 1524 85 22 several
1575 1524 74 24 voices
1668 1526 185 33 simultaneously

1274 1553 70 25 called
1368 1560 38 18 out
1409 1568 29 3 —
1467 1556 64 23 Good
1554 1557 54 23 luck
1632 1562 21 19 to
1677 1567 44 22 you
1740 1568 36 23 my
1795 1561 41 31 boy
1845 1563 5 23 !

1274 1586 61 24 don't
1356 1588 67 23 make
1437 1588 34 24 'so
1493 1597 66 23 many
1577 1598 47 23 wry
1644 1590 61 24 faces
1724 1600 51 16 over
1797 1602 55 23 your

1273 1619 86 32 physic,
1380 1622 29 22 its
1431 1630 14 14 a
1468 1630 51 16 sure
1538 1630 52 16 cure
1605 1624 36 23 for
1659 1624 38 23 the
1716 1625 64 24 heart
1797 1627 54 24 ache

1273 1653 101 30 anyhow.
1411 1654 95 24 Besides
1516 1656 4 23 !
1533 1656 29 23 its
1570 1664 26 15 so
1605 1658 135 23 womanlike
1749 1664 21 18 to
1779 1660 71 24 whine

1273 1694 52 15 over
1336 1686 58 24 what
1406 1693 82 18 cannot
1499 1689 26 22 be
1674 1691 52 22 One
1734 1699 51 16 man
1795 1694 54 28 said,

1273 1724 21 17 to
1307 1719 63 23 those
1382 1721 86 22 around
1479 1721 54 29 him,
1572 1727 59 18 wont
1642 1723 28 23 he
1682 1724 57 24 have
1754 1726 35 22 his
1801 1734 49 16 ears

1272 1752 88 28 stuffed,
1373 1753 43 23 and
1429 1758 60 18 wont
1501 1754 35 23 the
1555 1762 83 23 parson
1656 1757 43 23 roll
1718 1757 46 24 him
1781 1759 69 24 about

1271 1785 48 23 like
1328 1793 13 14 a
1350 1786 63 30 piece
1425 1786 25 23 of
1467 1787 47 31 clay
1522 1788 6 23 !

1305 1818 110 24 However
1434 1819 88 31 despair
1533 1828 52 23 may
1597 1822 59 22 seize
1671 1822 39 24 the
1728 1825 61 23 mind
1806 1826 44 23 and

1270 1851 34 22 for
1317 1860 12 14 a
1342 1852 52 22 time
1407 1853 100 22 controul
1519 1854 24 26 it,
1562 1854 47 23 still
1625 1854 59 32 hope
1695 1856 21 23 is
1727 1864 51 16 ever
1789 1858 60 24 fresh

1270 1884 23 22 in
1312 1884 37 23 the
1360 1885 64 22 heart
1435 1886 45 22 and
1493 1886 41 22 will
1554 1892 63 18 enter
1629 1888 99 24 whether
1745 1890 28 31 by
1785 1891 64 24 effect

1270 1918 148 23 or'teaction.
1583 1920 49 23 said
1646 1921 38 23 the
1703 1922 107 25 Prisoner
1827 1929 21 19 to

1270 1949 36 23 the
1319 1949 120 31 Ordinary,
1453 1950 48 23 who
1510 1958 43 16 was
1558 1960 52 20 .now
1619 1953 29 30 by
1656 1953 35 24 his
1702 1955 54 29 side,
1796 1956 52 24 does

1268 1981 49 24 that
1329 1983 56 28 wall,
1398 1984 104 30 pointing
1513 1988 21 19 to
1547 1985 36 22 the
1597 1986 66 23 north
1675 1987 58 29 wall,
1746 1995 101 25 separate

1269 2014 43 23 this
1329 2016 54 29 yard
1395 2016 58 23 from
1472 2016 106 31 Newgate
1591 2023 69 19 street
1714 2022 87 31 casting
1811 2023 35 23 his

1268 2055 51 22 eyes
1331 2048 66 24 about
1410 2049 22 23 in
1447 2057 65 23 every
1524 2050 116 24 direction.
1677 2053 42 23 To'
1724 2054 44 23 this
1781 2063 65 22 ques-

1268 2081 45 22 tion
1324 2080 28 23 he
1364 2082 101 23 recoived
1479 2090 26 15 no
1518 2084 62 30 reply
1589 2093 5 19 ;
1615 2084 37 23 the
1663 2091 67 26 party
1742 2091 21 19 to
1775 2088 69 24 whom

1267 2114 17 22 it
1296 2121 44 15 was
1352 2114 120 24 addressed
1486 2115 63 24 knew
1560 2117 58 23 from
1630 2119 138 29 experience,
1788 2121 58 24 what

1267 2154 42 15 was
1317 2148 91 30 passing
1416 2148 48 23 that
1472 2154 97 18 moment
1577 2150 24 23 in
1609 2150 35 23 his
1653 2152 68 23 mind.
1742 2153 103 32 Plunged

1266 2187 24 15 as
1303 2180 36 22 the
1352 2181 117 22 miserable
1481 2189 50 15 man
1546 2182 44 23 had
1608 2183 55 23 been
1676 2185 109 32 suddenly
1797 2188 47 23 into

1266 2214 37 21 the
1312 2213 80 30 depths
1401 2214 25 26 of
1434 2214 82 30 dspalr,
1529 2214 28 23 he
1565 2215 43 23 had
1616 2216 69 24 found
1697 2226 14 14 a
1721 2223 124 28 temporary

1266 2246 64 22 relief
1344 2246 58 23 from
1420 2246 35 24 his
1475 2255 71 23 agony
1559 2249 22 24 in
1594 2248 38 24 the
1649 2250 82 24 foolish
1749 2251 56 32 hope
1823 2256 25 21 of

1265 2278 103 32 effecting
1379 2279 35 23 his
1424 2288 79 23 escape
1512 2289 5 20 ;
1538 2289 31 15 we
1580 2290 42 22 say
1632 2283 83 24 foolish
1727 2285 65 30 hope,
1804 2286 40 24 but

1264 2312 17 22 it
1299 2312 20 22 is
1330 2320 60 16 more
1404 2313 52 23 than
1477 2314 104 30 probable
1601 2316 49 22 that
1667 2316 47 24 this
1725 2317 57 32 hope
1799 2319 20 23 is
1831 2328 13 15 a
1851 2337 3 3 .

1263 2345 87 23 natural
1363 2347 115 29 operation
1489 2347 24 22 of
1522 2347 37 24 the
1571 2348 70 29 mind,
1655 2354 22 19 to
1689 2350 81 24 releive
1782 2352 63 24 itself

1263 2377 56 24 from
1331 2378 38 23 the
1378 2379 111 31 intensity
1501 2380 25 23 of
1539 2388 14 15 a
1564 2388 100 23 presure,
1678 2383 72 24 which
1763 2391 81 18 cannot

1263 2410 26 23 be
1309 2412 158 30 continuously
1487 2413 67 24 borne
1576 2415 93 24 without
1686 2417 109 32 crushing
1816 2420 24 27 it,

1262 2443 45 24 and
1318 2444 89 31 leaving
1417 2446 95 31 nothing
1529 2446 40 24 but
1585 2448 80 30 frayed
1677 2449 65 24 cords
1760 2455 22 18 to
1794 2459 47 16 res-

1262 2477 58 30 pond
1338 2482 21 18 to
1378 2478 40 24 the'
1433 2480 74 22 action
1521 2480 26 23 of
1563 2480 38 23 the
1619 2481 71 24 heart.

1262 2517 50 23 says
1324 2510 37 24 the
1373 2511 137 31 physicians,
1547 2521 37 15 are
1596 2515 93 30 pressed
1696 2515 65 24 down
1771 2522 22 18 to
1803 2518 37 24 the

1260 2550 68 23 grave
1340 2544 28 30 by
1380 2544 92 24 chronic
1484 2545 112 24 disorders
1608 2547 97 32 brought
1717 2557 28 15 on
1763 2550 29 30 by
1803 2551 37 24 the

1262 2576 96 24 troubles
1366 2578 24 23 of
1402 2578 36 23 the
1451 2579 68 29 mind,
1532 2579 53 23 than
1599 2587 37 16 are
1644 2586 38 18 cut
1693 2582 34 23 off
1736 2582 29 31 by
1776 2589 63 19 acute

1417 2611 27 23 If
1452 2611 39 24 the
1502 2613 61 24 mind
1572 2613 53 23 then
1638 2614 27 23 be
1677 2622 86 24 uneasy
1770 2617 70 23 under

1260 2642 71 23 minor
1350 2644 99 23 troubles
1463 2645 58 24 what
1532 2651 61 18 must
1609 2647 18 22 it
1639 2647 42 23 feel
1694 2648 64 24 when
1770 2649 69 25 called

1260 2683 27 15 on
1300 2683 24 15 so
1335 2677 109 31 suddenly
1456 2684 24 17 to
1498 2684 100 25 separate
1609 2680 56 23 from
1679 2681 30 23 its
1721 2686 115 21 tenement

1260 2710 137 30 unprepared
1414 2711 28 30 by
1455 2711 103 24 sickness
1570 2721 25 14 or
1613 2712 102 33 debility,
1732 2716 105 29 writhing

1260 2741 69 24 under
1345 2742 37 24 the
1401 2752 62 16 acme
1476 2745 25 23 of
1517 2753 80 23 agony,
1618 2746 38 23 the
1674 2748 63 23 mind
1754 2749 19 22 is
1785 2757 54 16 con-

1259 2775 97 23 strained
1378 2782 21 17 to
1404 2796 5 6 s
1413 2777 27 23 do
1461 2779 128 30 something
1604 2779 37 23 for
1652 2780 29 22 its
1699 2789 49 15 own
1767 2782 69 24 relief.

1259 2807 98 25 Whence
1369 2810 17 22 it
1404 2810 19 23 is
1435 2810 49 24 that
1496 2811 144 24 condemned*
1649 2820 95 23 persons
1756 2820 22 17 at
1789 2815 50 24 first

1258 2841 58 23 seize
1329 2849 28 15 ou
1369 2842 37 23 the
1418 2843 59 31 hope
1489 2844 25 24 of
1528 2853 13 14 a
1552 2845 87 31 pardon
1651 2854 25 15 or
1689 2854 80 23 escape
1781 2848 55 24 from

1258 2874 71 25 death,
1340 2876 22 22 in
1374 2884 62 16 some
1449 2884 48 23 way
1505 2886 7 19 ;
1531 2886 25 14 as
1566 2878 65 24 these
1649 2878 70 32 hopes
1730 2880 39 23 fall
1781 2880 56 24 from

1258 2906 68 25 under
1338 2908 68 28 them,
1418 2917 68 23 many
1498 2918 79 16 reason
1589 2911 136 24 themselves
1741 2914 47 22 into
1800 2914 37 23 the

1257 2941 74 23 notion
1344 2943 24 21 of
1387 2942 69 31 being
1466 2948 95 27 martyrs
1572 2948 24 19 to
1605 2952 15 16 a
1637 2945 44 23 vile
1692 2953 26 15 or
1739 2947 97 23 miscon-

1257 2974 74 23 strued
1352 2975 48 23 law.

1387 3014 7 19 ;
1413 3020 3 5 •
1451 3009 30 19 To
1490 3008 23 21 be
1522 3009 115 21 continued.

1288 3038 90 25 Dutch
1413 3041 111 24 Justice.
1531 3055 34 4 —
1569 3043 132 25 Prisoner?
1736 3052 28 24 pe
1792 3053 43 23 you

1255 3072 76 31 guildy
1352 3081 24 15 or
1398 3080 40 17 not
1460 3075 95 31 guildy?
1602 3076 133 25 Prisoner—
1735 3078 99 32 rGuilty,

1255 3112 55 24 your
1327 3107 105 31 worship.
1468 3108 86 24 Justice
1555 3122 32 4 —
1589 3109 55 31 Sigs
1663 3116 82 22 monts.
1755 3112 24 24 iv
1795 3112 40 23 der

1255 3138 67 24 hause
1334 3138 25 23 of
1375 3142 131 23 correction.
1516 3161 6 3 .
1543 3142 94 24 Tudder
1653 3144 112 31 prisoner.
1799 3145 35 26 Pc

1254 3179 44 23 you
1319 3172 78 31 guildy
1417 3182 26 15 or
1443 3180 3 5 1
1462 3179 39 18 not
1521 3175 97 31 guildy?
1649 3177 114 25 Prisoner
1763 3190 33 4 —
1797 3183 38 18 not

1254 3204 78 31 guilty.
1368 3206 86 24 Justice
1455 3220 34 4 —
1490 3203 97 29 Eien-vat
1596 3209 43 24 tier
1650 3210 82 31 duyvel
1742 3210 37 24 did
1789 3219 45 23 you

1254 3244 61 16 come
1335 3237 53 25 here
1406 3240 52 24 for?
1495 3241 36 23 Goi
1554 3242 65 32 'pout
1633 3249 58 27 your
1714 3243 118 26 business!

1255 3270 88 23 Court's
1355 3269 40 35 obp
1407 3273 5 24 !
1449 3274 155 30 Sheutlemeri,
1623 3275 53 24 let's
1693 3283 30 23 go
1743 3284 54 16 over
1810 3282 23 19 to

1253 3304 44 23 Ike
1315 3304 154 31 Hagerman's
1481 3307 42 25 and
1545 3307 58 24 dake
1618 3308 129 32 something
1765 3317 67 18 warm

1251 3336 35 24 for
1298 3335 36 24 the
1345 3338 124 25 stomach's
1483 3340 63 24 sake.
1719 3354 2 7 ,
1754 3352 3 4 ■
1787 3351 6 5 *

1284 3369 218 27 PuNNiNG.Vr-The
1516 3373 99 32 jubilant
1625 3375 21 22 is
1658 3375 121 31 -generally
1790 3377 41 22 ad-

1251 3402 73 23 dicted
1337 3407 21 18 to
1370 3404 38 24 the
1419 3405 102 32 'jocular,
1539 3407 45 25 and
1594 3408 19 22 it
1623 3407 21 24 is
1657 3412 41 19 not
1710 3408 121 25 wonderful

1251 3434 47 24 that
1308 3438 20 20 a'
1338 3436 120 26 multitude
1470 3439 25 24 of
1505 3436 60 35 jesis
1582 3448 39 16 are
1639 3441 91 31 sported
1743 3438 60 35 upo^
1818 3451 13 15 a

1249 3467 44 25 late
1303 3467 75 33 happy
1389 3469 76 26 evehtV
1499 3472 93 32 Among
1609 3473 37 24 the
1663 3474 53 23 best
1726 3481 32 16 we
1773 3474 57 28 haye

1249 3501 69 24 heard
1328 3502 19 22 is
1367 3503 37 24 the
1417 3505 86 25 revival
1515 3505 26 24 of
1546 3505 44 25 Mhe
1602 3506 87 29 worthy
1701 3507 37 24 old
1752 3515 77 25 query,

1248 3533 50 31 why
1310 3534 37 24 the
1359 3536 49 24 heir
1418 3543 110 27 apparent
1537 3547 45 15 was
1600 3539 57 28 b.orn
1669 3539 40 25 the
1725 3540 71 28 Puke
1807 3542 25 23 of

1242 3567 117 26 .Cornwall
1367 3569 15 24 ?.
1411 3570 103 26 Because
1517 3572 37 26 ..he
1565 3580 46 16 was
1623 3580 14 16 a
1648 3573 87 29 minor;
1749 3573 43 25 and
1800 3582 29 17 an

1246 3600 97 32 entirely,
1350 3609 58 18 new.
1417 3603 41 30 bit,
1472 3605 39 23 for
1522 3605 19 24 it
1549 3605 69 24 could
1629 3611 40 18 not
1686 3605 29 24 be
1728 3603 45 34 old,
1791 3608 38 24 the

1247 3633 161 27 circumstance
1412 3638 81 27 aaeyei
1498 3633 91 30 toavjW'
1603 3638 117 33 happened
1738 3639 75 26 before
1820 3641 7 24 !

1246 3665 76 33 Why,-
1329 3668 169 32 '^berrr-aiauß,
1495 3664 6 15 1
1504 3693 3 6 ,
1510 3664 53 38 Jis'
1575 3665 81 39 .pkten't
1678 3672 90 32 passed,
1790 3674 38 24 the

1247 3700 81 24 Prince
1340 3700 24 25 of
1374 3701 77 38 W^les
1463 3702 76 26 would'
1549 3704 28 24 be
1588 3704 48 25 like
1646 3713 15 15 a.
1672 3705 75 25 twin?
1767 3707 3 10 '
1781 3706 46 24 Be-
1834 3714 3 4 •

1246 3735 73 26 (iause,
1331 3740 29 17 on
1368 3734 44 25 this
1419 3735 111 31 occasion',
1543 3737 28 24 he
1576 3737 77 24 would
1660 3736 29 25 be
1698 3738 39 26 the
1745 3739 83 25 second

1246 3766 97 25 creation
1355 3767 26 24 of.
1389 3766 37 26 His
1436 3769 104 36 motljef!
1550 3764 53 35 '•>'//
1639 3777 3 5 '
1658 3796 8 3 .
1677 3770 12 29 '.
1782 3795 3 5 ,

1251 3809 8 19 p
1266 3797 49 25 -An
1327 3799 105 33 amusing
1436 3799 6 13 :
1444 3809 67 16 scene
1518 3799 4 12 !
1522 3798 47 28 wks
1578 3802 122 26 witnessed
1708 3811 37 22 ,<m,
1752 3803 75 26 Tu.es-

1245 3829 43 38 da^
1297 3831 76 25 before
1379 3832 43 30 {he,
1426 3830 115 32 Tribunal;
1545 3835 26 24 of
1576 3827 155 33 borrectionkl
1740 3829 86 33 Police.

1244 3861 312 37 Astroqg'healtb.y-lo6kro.g
1563 3867 83 29 fellow,
1653 3868 83 24 named
1742 3869 91 27 Cham-,

1244 3894 70 32 blant,
1326 3895 50 26 wJio
1393 3898 45 24 had
1454 3899 170 25 been'arrested
1641 3905 25 19 ait
1677 3909 13 21 a,
1702 3902 124 30 vagabond,

1244 3929 44 24 and
1298 3930 84 32 having
1393 3931 57 24 been
1460 3930 183 34 brougnt'before
1654 3933 39 25 the
1702 3934 71 24 Court
1782 3934 45 25 last

1903 151 70 28 week,
1990 152 102 24 declared
2106 153 50 24 that
2175 154 28 24 he
2214 155 44 24 had
2274 165 14 15 a
2298 156 52 25 wife
2368 157 56 29 who,
2443 160 35 22 al-

1903 184 84 31 though
1999 186 117 31 separated
2126 186 58 24 frona
2203 187 53 30 him,
2267 189 82 30 would,
2361 190 20 24 if
2389 191 89 31 applied

1902 221 29 24 to,
1945 224 84 24 engage
2040 222 23 18 to
2072 219 91 30 provide
2175 219 46 25 him
2231 222 52 23 with
2294 230 13 15 a
2319 220 73 31 home^
2427 224 50 25 The

1901 257 50 16 case
1962 257 46 16 was
2025 250 123 32 adjourned
2166 257 22 19 to
2201 252 64 24 allow
2276 254 33 23 for
2326 255 38 23 the
2382 264 94 23 appear-,

1900 289 54 16 ance
1965 282 26 24 of
2000 283 36 23 the
2048 283 57 30 wife,
2116 285 51 23 who
2180 285 117 31 yesterday
2310 289 110 28 attended,
2432 289 45 25 and

1886 320 1 26 [
1900 315 37 23 the
1948 315 114 31 following
2073 318 154 23 conversation
2238 318 53 24 took
2305 319 63 31 place
2377 329 7 16 :
2385 333 32 5 —
2418 322 57 24 Pre-

1898 347 80 24 sident.
1981 360 32 5 —
2014 348 53 24 You
2077 356 62 17 come
2148 353 25 24 to,
2178 350 66 24 claim
2255 359 57 22 your
2323 352 118 26 husband?
2442 366 34 6 —

1899 379 65 25 Wife.
1967 393 34 5 —
2003 381 45 23 Not
2059 381 21 29 I,
2098 373 88 40 indeed
2223 383 13 24 I
2248 384 81 24 should
2345 385 55 28 like.
2403 390 22 20 to
2437 394 37 17 sac

1898 411 47 24 him
1956 414 22 22 in
1991 414 76 30 prison
2078 415 34 22 for
2124 415 38 23 the
2174 421 46 19 rest
2227 417 25 23 of
2261 417 36 23 his
2307 417 49 25 life.
2391 419 14 23 I
2415 424 61 19 must

1897 445 38 23 tell
1955 453 51 23 you,
2027 447 45 28 Sir,
2092 447 48 24 that
2157 456 68 24 many
2236 457 65 23 years
2319 458 43 23 ago
2373 458 33 17 we
2417 459 57 16 were

1895 483 102 18 servants
2008 480 101 30 together
2119 482 24 22 in
2156 481 36 23 the
2204 482 77 32 family
2290 483 27 23 in
2328 483 74 24 which
2410 484 64 25 lam

1895 510 47 24 still
1952 511 65 24 cook.
2054 512 39 24 He
2104 518 73 26 spent,
2180 514 37 23 his
2227 516 130 30 wagesand
2366 524 39 23 my
2416 525 56 21 own,

1894 543 45 24 and
1949 544 52 23 beat
2017 552 36 16 me
2064 546 47 23 into
2122 546 39 24 the
2175 547 101 31 bargain.
2312 548 108 26 Ouje.fine
2431 550 43 32 day

1894 576 28 23 he
1933 576 153 32 disappeared,
2100 579 44 23 and
2154 584 60 19 went
2224 585 22 18 to
2257 581 43 23 live
2312 581 53 24 with
2378 583 95 24 another

1894 616 93 22 woman,
2001 610 43 23 and
2056 610 13 23 I
2081 610 45 25 had
2136 612 74 31 hoped
2220 612 49 24 that
2281 613 13 24 I
2305 614 82 24 should
2404 623 69 17 never

1893 642 65 30 again
1977 642 80 24 behold
2076 643 36 23 his
2123 643 57 25 face.
2217 645 128 26 President.
2347 659 33 4 —
2381 647 46 24 But
2443 649 30 24 he

1892 673 40 24 has
1945 674 45 23 told
2002 683 26 15 us
2039 675 50 24 that
2099 677 64 24 when
2173 677 29 24 he
2213 678 86 30 quitted
2311 687 45 23 you
2367 679 28 24 he
2408 680 63 24 made

1891 714 14 15 a
1917 706 95 24 division
2024 709 26 22 of
2064 709 38 23 the
2118 715 108 26 property
2236 711 73 24 which
2328 711 110 33 belonged
2450 718 22 19 to

1891 746 44 23 you
1957 740 23 23 in
1993 748 101 16 common
2113 750 25 15 as
2151 750 52 16 man
2220 743 44 24 and
2275 744 58 24 wife.
2335 757 34 4 —
2370 745 66 25 Wife.
2439 759 33 5 —

1891 771 47 24 Did
1950 772 28 24 he
1987 774 10 23 ?
2032 774 40 23 He
2093 776 85 22 carried
2199 776 33 24 off
2248 776 30 24 all
2298 777 38 23 the
2353 777 117 32 furniture,

1890 805 44 23 and
1947 805 29 24 all
1986 814 39 23 my
2036 807 87 30 effects,
2137 809 45 22 and
2192 809 42 23 left
2245 817 34 16 me
2291 810 54 23 with
2358 819 40 16 our
2410 812 61 25 three

1890 837 131 25 children—
2022 839 21 24 if
2052 840 48 23 that
2111 842 20 22 is
2141 842 60 23 what
2211 842 28 24 he
2251 842 54 24 calls
2317 852 13 15 a
2342 844 93 25 division
2446 847 24 22 of

1890 877 111 25 property.
2046 873 51 24 The
2125 875 103 29 prisoner
2256 875 53 24 here
2337 877 131 31 exclaimed,

1912 904 127 30 Anastasia,
2059 913 45 23 you
2115 907 95 31 enjoyed
2219 916 36 23 my
2268 913 91 25 esteem,
2372 910 41 24 but
2423 919 45 22 you

1888 936 58 24 have
1961 937 103 25 forfeited
2081 939 17 23 it
2109 939 59 24 from
2185 941 47 23 this
2249 941 42 31 day
2358 943 50 25 The
2427 945 41 23 tri-

1888 969 66 24 bunal
1966 971 120 23 sentenced
2102 971 47 24 him
2160 981 24 15 as
2203 981 14 15 a
2227 974 118 30 vagabond
2363 980 22 18 to
2403 976 62 24 three

1888 1003 96 23 months'
1996 1004 171 31 imprisonment
2178 1005 44 24 and
2233 1007 42 23 five
2291 1015 67 22 years
2369 1010 95 23 surveil-

1886 1035 65 23 lance
1964 1035 25 24 of
1999 1036 36 23 the
2047 1037 83 31 police.

1920 1068 117 24 Masonic
2062 1070 146 25 Didactics.
2215 1084 34 5 —
2255 1072 84 32 Young
2360 1082 59 22 men,
2443 1076 23 23 in

1885 1101 94 31 making
1990 1102 58 23 their
2060 1103 66 24 debut
2144 1111 27 16 on
2184 1104 38 24 the
2234 1105 124 32 chequered
2370 1113 62 26 stage
2445 1109 25 23 of

1884 1134 47 28 life,
1950 1140 80 20 cannot
2041 1136 29 22 be
2091 1137 112 31 supposed
2215 1142 23 18 to
2258 1138 26 24 be
2293 1146 72 18 aware
2385 1141 24 23 of
2428 1141 37 24 the

1885 1167 102 24 different
1999 1168 125 25 characters
2135 1170 53 23 with
2202 1171 71 24 whom
2285 1172 53 30 they
2350 1172 45 25 will
2406 1174 58 24 have

1884 1200 106 32 probably
2010 1205 21 20 to
2053 1204 108 22 associate
2180 1203 84 32 during
2283 1205 59 23 their
2361 1213 104 24 progress

1884 1233 96 31 through
2001 1235 28 21 its
2048 1236 75 22 varied
2140 1243 78 16 scenes
2228 1245 6 20 ;
2257 1245 40 15 nor
2316 1245 42 16 can
2374 1238 51 32 they
2437 1240 28 23 be

1884 1266 105 30 expected
2008 1272 21 17 to
2048 1272 62 19 enter
2122 1276 28 16 on
2172 1269 48 23 that
2240 1274 63 26 stage
2321 1272 108 30 prepared
2441 1278 23 18 to

1884 1298 101 24 discover
1997 1303 21 19 at
2030 1308 12 14 a
2054 1299 79 31 glance
2151 1301 38 23 the
2201 1301 127 25 fraudulent
2340 1304 90 31 designs
2441 1306 26 23 of

1884 1331 58 24 their
1952 1332 72 23 fellow
2034 1338 73 18 actors
2119 1335 23 22 in
2156 1334 38 23 the
2205 1336 92 29 general
2308 1336 84 30 drama,
2405 1339 57 23 until

1884 1364 37 23 the
1945 1364 66 24 bitter
2029 1365 67 25 fruits
2112 1365 25 24 of
2152 1369 139 29 experiment
2311 1369 56 24 have
2385 1371 79 31 taught

1883 1397 60 23 them
1960 1397 128 25 discretion.
2124 1399 50 24 The
2191 1409 57 23 open
2264 1402 93 23 hearted
2374 1404 88 24 school-

1882 1429 43 31 boy
1926 1443 33 4 —
1960 1430 36 24 the
2013 1432 191 31 unsophisticated
2216 1434 35 23 lad
2263 1439 23 19 at
2304 1435 85 31 college
2391 1449 31 5 —
2423 1438 37 23 the

1882 1468 49 25 tyro
1943 1465 22 22 in
1978 1463 37 24 the
2024 1465 71 22 walks
2107 1465 26 23 of
2141 1473 123 18 commerce
2265 1480 33 4 —
2300 1468 36 23 the
2347 1470 79 23 novice
2436 1472 24 22 in

1881 1496 147 30 professional
2037 1498 100 30 intrigue
2149 1499 43 23 and
2201 1499 111 32 jealousy,
2330 1502 21 22 is
2362 1502 46 23 like
2421 1503 39 24 the

1881 1536 75 23 young
1967 1530 99 23 chamois
2079 1532 102 30 sporting
2189 1540 28 15 on
2229 1533 37 23 the
2276 1534 104 30 glacier's
2390 1535 68 31 brow,

1880 1562 103 30 ignorant
1995 1563 25 23 of
2028 1563 37 25 the
2077 1564 84 31 danger
2171 1566 49 23 that
2232 1568 157 31 momentarily
2396 1568 62 26 beset

1881 1594 36 24 his
1929 1595 115 32 footsteps.

1914 1628 114 26 Caution
2046 1637 30 16 to
2096 1630 128 24 Captains
2245 1640 29 16 of
2298 1632 120 26 Vessels.
2421 1647 34 6 —

1879 1660 51 24 The
1940 1661 113 32 following
2062 1670 121 17 occurence
2203 1664 71 24 shows
2293 1665 49 24 that
2361 1672 94 20 masters

1879 1693 25 24 of
1918 1694 62 32 ships
1992 1700 81 18 cannot
2083 1695 28 24 be
2121 1701 36 18 too
2170 1698 82 22 careful
2264 1699 22 22 in
2300 1699 37 23 the
2357 1705 96 27 stowage

1879 1726 24 23 of
1923 1735 80 22 cargo:
2005 1740 31 4 —
2037 1728 58 24 Five
2114 1737 64 16 cases
2199 1731 72 30 prints
2294 1732 31 30 by
2345 1733 37 23 the
2406 1721 51 44 brig

1877 1759 75 30 Alert,
1968 1761 57 23 from
2052 1761 128 32 Liverpool,
2208 1771 56 16 were
2293 1765 69 23 found
2388 1770 21 19 to
2428 1767 27 23 be

1878 1792 108 33 damaged
1999 1802 57 23 upon
2069 1795 99 31 landing,
2188 1796 44 24 and
2248 1805 42 15 one
2306 1806 46 15 was
2370 1800 85 30 opened

1878 1833 29 16 on
1926 1826 109 32 Saturday
2058 1832 23 19 to
2099 1836 38 15 see
2155 1834 23 18 to
2199 1830 58 23 what
2273 1835 85 25 extent,
2378 1833 43 23 and
2433 1837 22 19 to

1877 1860 109 22 ascertain
2007 1860 56 23 from
2086 1861 59 23 what
2163 1870 68 16 cause
2253 1863 37 23 the
2310 1864 77 31 injury
2408 1865 45 24 had

1877 1893 112 22 occurred.
2035 1893 70 31 Upon
2125 1894 79 32 taking
2222 1896 24 22 of
2261 1896 37 23 the
2319 1905 72 22 cover,
2411 1898 39 25 the

1877 1925 72 23 inside
1959 1933 45 15 was
2013 1926 133 31 completely
2153 1927 114 29 scorched,
2278 1929 45 23 and
2330 1929 37 23 the
2379 1931 72 29 prints

1876 1965 57 15 were
1947 1959 74 29 nearly
2028 1959 30 22 all
2069 1959 24 22 in
2105 1967 12 14 a
2127 1960 99 23 calcined
2236 1966 64 19 state:
2337 1962 58 25 This
2408 1971 44 16 was

1876 1991 131 23 occasioned
2025 1992 30 30 by
2073 2000 13 14 a
2105 2000 51 15 case
2175 1993 26 23 of
2213 1994 89 23 vitrolic
2319 1995 50 23 acid
2381 1996 71 24 which

1876 2023 43 23 had
1931 2024 54 23 been
1989 2024 92 23 stowed
2098 2032 53 16 over
2169 2027 25 27 it,
2215 2027 44 22 and
2276 2028 26 22 in
2321 2028 73 23 which
2411 2037 42 16 one

1874 2056 70 23 bottle
1955 2057 44 23 had
2010 2057 55 23 been
2074 2057 93 30 broken,
2178 2059 70 23 which
2258 2061 117 23 contained
2385 2062 68 24 about

1875 2097 13 14 a
1900 2091 54 29 pint.
2003 2090 49 24 The
2066 2091 73 30 prints
2157 2092 42 23 felt
2217 2093 61 30 quite
2298 2101 68 16 warm
2388 2095 64 24 when

1874 2122 50 23 first
1935 2123 90 31 opened,
2037 2124 44 23 and
2091 2124 37 23 the
2140 2132 51 16 case
2202 2126 128 31 containing
2340 2127 38 23 the
2386 2129 66 23 vitrol

1874 2162 45 16 was
1931 2155 80 25 almost
2022 2157 24 23 in
2057 2165 14 15 a
2082 2162 57 18 state
2156 2157 25 24 of
2196 2159 103 29 ignition.
2344 2159 23 24 It
2378 2161 20 22 is
2410 2161 40 24 the

1874 2188 89 31 opinion
1975 2190 25 23 of
2008 2190 128 30 gentleman
2148 2190 23 23 in
2184 2190 98 31 Sydney,
2295 2192 49 23 that
2356 2193 43 23 had
2411 2194 37 24 the

1872 2221 58 23 least
1942 2227 87 19 current
2040 2223 26 23 of
2080 2230 32 15 air
2121 2222 96 24 reached
2238 2225 23 28 it,
2281 2225 17 23 it
2311 2226 73 23 would
2394 2226 56 25 have

1873 2254 64 24 burst
1954 2256 46 22 into
2017 2255 92 24 flame's.-
2147 2256 57 23 This
2222 2258 172 32 providentially
2414 2260 38 24 did

1872 2291 39 19 not
1933 2296 73 21 occur,
2025 2296 29 23 ,as
2073 2288 62 24 there
2156 2296 57 17 were
2234 2291 59 30 sixty
2316 2291 85 24 barrels
2423 2293 27 24 of

1872 2321 134 30 gunpowder
2027 2321 77 24 within
2123 2329 14 16 a
2155 2322 42 23 few
2218 2323 44 24 feet
2280 2324 25 23 of
2326 2324 26 24 it.
2399 2326 50 24 The

1872 2361 61 15 cases
1956 2362 56 16 were
2034 2354 122 31 consigned
2177 2359 22 19 to
2220 2356 97 24 Messrs.
2336 2357 110 31 Rowand,

1872 2387 106 29 Macnab,
1992 2388 43 23 and
2049 2388 42 23 Co.

1905 2420 49 23 The
1974 2421 132 30 missionary
2124 2421 52 32 brig
2195 2421 95 25 Camden
2311 2431 45 15 was
2375 2428 23 20 at
2409 2425 37 24 the

1871 2453 142 31 Navigators'
2021 2454 90 23 Islands
2118 2455 63 23 when
2187 2455 38 23 the
2234 2453 91 26 Samuel
2328 2457 46 23 and
2377 2455 73 34 Mary

1870 2485 40 23 left
1919 2495 6 19 ;
1947 2486 53 30 they
2011 2486 43 24 had
2066 2487 95 24 touched
2173 2493 23 17 at
2215 2488 36 23 the
2267 2488 47 24 Isle
2330 2489 26 23 of
2371 2490 77 30 Pines,

1870 2519 73 23 where
1954 2519 52 31 they
2018 2520 102 31 reported
2132 2521 39 23 the
2182 2522 86 22 natives
2287 2526 22 19 to
2325 2522 30 24 be
2370 2531 28 16 on
2410 2524 36 23 the

1869 2552 57 24 alert
1938 2552 34 23 for
1984 2553 36 23 the
2032 2553 81 23 arrival
2130 2554 24 22 of
2169 2561 45 24 any
2230 2555 79 28 vessel,
2328 2556 119 33 intending

1869 2590 22 18 to
1902 2586 71 23 entice
1985 2586 37 23 the
2033 2594 58 15 crew
2102 2585 86 30 ashore,
2203 2587 42 22 and
2253 2595 112 17 massacre
2373 2589 68 25 them.

1869 2618 50 23 The
1927 2616 90 31 Skerne,
2029 2619 59 23 from
2100 2619 104 28 Manilla,
2217 2620 77 31 brings
2307 2623 66 23 2300
2385 2622 57 31 bags

1869 2651 24 23 of
1908 2659 73 23 sugar,
1993 2653 47 23 390
2053 2652 55 31 bags
2127 2652 25 23 of
2174 2653 76 28 coffee,
2271 2653 44 24 and
2334 2658 43 20 two
2394 2659 51 20 tons

1869 2684 95 24 Manilla
1986 2693 61 23 rope.

1902 2717 132 25 Eternity
2043 2719 7 23 !
2053 2731 33 5 —
2086 2719 51 24 The
2156 2720 52 30 only
2227 2719 75 25 theme
2321 2721 50 24 that
2394 2729 53 17 con'-

1867 2751 70 28 fus.es,
1949 2751 109 29 humbles,
2071 2752 43 23 and
2126 2752 83 24 alarms
2220 2752 38 24 the
2266 2754 71 30 proud
2345 2755 100 25 intellect

1867 2783 25 24 of
1905 2791 51 16 man
1965 2793 6 20 ;
1991 2784 59 24 what
2061 2786 20 22 is
2093 2786 17 22 it
2117 2785 10 24 ?
2163 2785 50 24 The
2232 2785 83 26 human
2327 2788 63 24 mind
2402 2796 39 17 can

1866 2824 67 23 grasp
1951 2825 44 23 any
2012 2818 87 23 defined
2117 2826 75 23 space,
2194 2831 33 4 —
2228 2827 43 22 any
2283 2819 89 25 defined
2391 2822 54 24 time

1866 2849 100 24 however
1984 2855 55 24 vast,
2059 2851 41 23 but
2117 2851 46 23 this
2181 2853 21 21 is
2222 2852 88 31 beyond
2327 2853 61 29 time,
2401 2855 44 23 and

1867 2887 35 19 too
1914 2888 63 25 great
1987 2883 34 23 for
2038 2884 39 22 the
2095 2884 87 23 limited
2197 2886 131 30 conception
2340 2886 26 23 of
2381 2895 58 15 man.

1866 2915 24 23 It
1902 2915 43 23 had
1956 2923 33 16 no
2002 2915 124 32 beginning,
2138 2917 44 23 and
2201 2924 41 16 can
2262 2917 57 24 have
2337 2926 34 16 no
2390 2920 48 24 end.

1866 2948 24 23 It
1901 2954 81 18 cannot
1991 2949 28 23 be
2030 2949 126 31 multiplied
2167 2958 6 20 ;
2187 2950 19 23 it
2216 2955 81 18 cannot
2304 2950 27 23 be
2338 2951 88 25 divided
2434 2962 6 20 ;

1865 2982 17 22 it
1894 2987 81 18 cannot
1985 2982 28 23 be
2030 2982 72 23 added
2121 2987 23 18 to
2154 2991 7 20 ;
2181 2990 45 23 you
2242 2990 52 23 may
2305 2988 96 27 attempt
2420 2990 22 20 to

1865 3015 113 24 substract
1992 3015 59 23 from
2067 3015 26 28 it,
2111 3015 41 23 but
2170 3016 17 23 it
2204 3016 21 23 is
2242 3016 95 25 useless.
2378 3018 65 25 Take

1865 3047 96 24 millions
1980 3048 44 23 and
2041 3048 100 24 millions
2158 3049 26 23 of
2199 3056 65 24 years
2281 3050 57 23 from
2352 3051 26 29 it,
2391 3051 52 25 take

1864 3081 30 22 all
1906 3081 38 23 the
1956 3081 52 23 time
2019 3081 50 23 that
2080 3088 41 17 can
2140 3086 64 19 enter
2224 3083 46 22 into
2290 3083 38 24 the
2339 3091 102 25 compass

1864 3114 25 23 of
1903 3122 54 22 your
1969 3114 153 31 imagination,
2135 3114 18 24 it
2168 3114 21 24 is
2201 3115 47 23 still
2259 3115 72 25 whole
2342 3117 44 23 and
2398 3126 42 15 un-

1863 3147 136 23 dimiiiished
2009 3155 23 15 as
2044 3147 77 24 before
2121 3160 33 4 —
2156 3147 29 24 all
2204 3148 134 25 calculation
2356 3150 20 23 is
2387 3150 52 25 lost.

1863 3179 80 24 Think
1954 3188 28 15 on
1993 3181 6 23 !
2034 3180 51 24 The
2103 3180 74 26 brain,
2187 3180 104 25 becomes
2304 3182 80 24 heated
2396 3184 43 25 and

1863 3213 121 31 oppressed
2004 3213 53 24 with
2079 3221 14 16 a
2111 3214 116 23 sensation
2248 3215 25 23 of
2298 3216 84 31 weight
2403 3222 36 19 too

1861 3246 107 30 powerful
1979 3246 34 23 for
2030 3247 20 22 it
2067 3251 23 19 to
2107 3246 63 24 bear.
2206 3246 92 26 Reason
2318 3253 79 21 totters
2415 3250 23 24 in

1861 3279 41 23 her
1912 3284 56 23 seat,
1979 3279 45 23 and
2034 3287 45 22 you
2091 3279 44 23 rise
2155 3279 56 25 with
2229 3280 38 24 the
2278 3282 127 25 conviction
2416 3283 25 24 of

1861 3311 37 24 the
1918 3312 159 32 impossibility
2088 3312 25 24 of
2128 3313 37 23 the
2182 3316 102 21 creature
2304 3316 134 33 attempting

1860 3349 24 19 to
1893 3344 85 25 fathom
1991 3345 38 24 the
2039 3352 117 18 creator
2164 3354 7 21 ;
2190 3345 133 30 humiliated
2333 3348 54 23 with
2399 3349 38 24 the
2471 3353 3 4 '

1860 3385 66 16 sense
1944 3377 24 24 of
1993 3386 57 22 your
2074 3386 50 16 own
2147 3378 155 32 nothingness,
2326 3381 44 23 and
2392 3382 44 24 im-

1858 3410 156 31 pressed.with
2025 3411 39 24 the
2083 3411 142 25 tremendous
2246 3412 101 32 Majesty
2358 3414 26 23 of
2398 3415 36 23 the

1858 3443 80 32 Deity.
1972 3443 65 24 Time
2049 3445 20 22 is
2081 3452 52 17 man
2133 3457 35 6 —
2168 3444 105 32 Eternity
2285 3446 20 23 is
2318 3446 52 25 God
2378 3448 7 23 I

1883 3476 67 25 *The
1963 3477 148 25 Antarctic
2124 3478 206 25 Expedition.—
2331 3479 102 28 H.M.{s.

1857 3509 85 24 Arrow
1952 3511 85 23 arrived
2045 3515 25 18 at
2077 3511 45 23 Rio
2133 3511 91 24 Janeiro
2235 3511 56 24 20th
2304 3511 64 32 May,
2381 3512 53 27 with

1857 3544 126 30 specimens
1994 3543 25 23 of
2032 3544 91 25 natural
2133 3544 95 31 history,
2239 3544 46 25 and
2302 3545 132 31 despatches

1857 3575 57 25 from
1928 3575 37 25 the
1975 3575 90 30 Erdbnq
2084 3577 44 23 and
2148 3575 91 31 Terror,
2258 3577 80 24 which,'
2348 3577 88 30 vessels,

1857 3616 57 16 were
1923 3612 24 20 at
1957 3613 39 19 tne
2006 3608 113 26 Falkland
2131 3609 92 24 Islands
2231 3610 62 24 when
2303 3610 37 24 the
2348 3609 90 29 Arrow

1855 3641 50 26 left*
1940 3640 50 26 The
2003 3641 84 24 Terror
2094 3641 44 25 had
2149 3641 45 26 tost
2204 3642 41 24 her
2253 3643 127 33 bow-spr^,
2389 3633 44 39 aqjl

1855 3682 15 16 a
1880 3682 50 16 new
1942 3682 40 17 one
1994 3682 45 16 was
2054 3675 79 32 nearly
2150 3674 79 30 made/
2241 3674 43 24 and
2302 3682 46 16 was
2366 3673 31 27 to'
2405 3666 45 43 Re-

1855 3712 52 19 sent
1924 3707 29 31 by
1970 3707 39 25 the
2027 3704 127 35 Cqhysfort,
2166 3707 89 31 frigate.
2297 3707 76 30 These,
2386 3705 46 32 dis-

1855 3747 81 24 covery
1957 3740 63 33 ships
2042 3748 60 17 were
2121 3742 30 23 do
2169 3740 63 29 {bere
2250 3744 79 21 return
2342 3741 61 25 irbm
2411 3742 22 24 fa
2445 3758 3 4 -

1855 3773 83 25 second
1955 3781 83 24 voyage
2052 3772 99 25 towards
2168 3772 40 23 the
2222 3772 78 26 South'
2304 3776 3 11 ;
2309 3773 68 30 P6le»
2375 3775 12 14 r
2388 3771 63 32 and*.

1854 3813 34 18 we
1898 3806 92 25 believe.
1996 3806 52 31 they
2058 3806 39 24 did
2114 3808 40 21 not
2171 3805 95 26 succeed
2279 3805 32 29 in!
2322 3802 142 41 afta^pi;.
2477 3829 3 3 .

1855 3847 14 16 a
1878 3838 81 31 higher
1966 3836 96 27 latitude
2074 3838 54 24 than
2140 3838 40 26 76.
2193 3859 4 4 .
2469 3856 7 4 -

1854 3871 29 24 be
1893 3871 160 29 remembered,
2064 3870 54 32 they
2122 3870 84 36 Jtraced
2221 3871 39 27 the
2278 3871 95 31 JanxLty
2384 3863 48 37 jflk
2446 3875 10 21 i

1854 3904 46 24 and
1916 3903 94 25 marked
2029 3903 64 24 down
2108 3897 125 33 a'volcano.
2242 3905 77 27 in-77.
2371 3896 63 43 Botjjt

1854 3937 64 31 ships
1929 3936 98 31 healthy.
2029 3949 33 5 —
2062 3935 81 25 Naval
2152 3935 48 25 and
2206 3935 111 36 Military
2330 3938 106 32 6a««ttf;

692 136 109 33 Monday,
825 139 37 23 the
882 139 60 24 20th
960 141 90 29 instant,
1131 143 28 24 be
1169 151 67 24 upset
1247 153 21 18 at

691 169 39 24 the
740 171 121 24 somewhat
873 179 61 16 more
947 174 94 24 rational
1047 176 61 29 price
1118 177 25 23 of
1151 175 117 37 (average)

689 202 40 23 £4
740 205 50 21 10s.
803 211 40 23 per
854 212 58 16 acre.
950 206 75 23 These
1036 215 53 24 very
1095 209 52 29 lots,
1157 210 21 23 if
1185 212 82 25 offered

689 235 37 22 six
737 236 90 23 months
838 245 49 22 ago,
900 238 74 24 would
985 239 56 24 have
1053 240 55 24 been
1121 243 87 32 subject
1220 252 22 17 to
1255 255 13 14 a.

688 268 118 24 minimum
827 271 60 28 price
904 271 27 23 of
945 276 83 26 twenty
1044 274 89 29 pounds
1143 276 6 24 !
1167 278 44 23 and
1234 286 32 16 we

687 299 28 23 do
726 301 51 29 give
788 302 68 23 much
864 302 71 25 credit
946 308 23 21 to
980 304 39 25 the
1027 306 59 30 good
1097 314 66 18 sense
1180 310 26 23 of
1214 311 50 25 Mr.

686 331 123 26 Shortland
830 335 23 23 in
882 337 129 31 exercising
1038 338 38 24 the
1104 340 161 34 discretionary

686 372 73 23 power
769 367 66 29 given
849 372 21 19 to
882 369 48 23 him
941 370 27 30 by
981 370 62 24 Lord
1055 372 113 32 Stanley's
1187 376 39 24 bill
1238 385 25 15 so

684 400 113 29 promptly
809 400 43 23 and
863 409 25 15 so
900 403 78 30 wisely
991 411 24 15 as
1028 404 26 23 he
1067 412 25 16 as
1105 405 64 26 done.
1212 409 51 24 The

685 430 53 31 high
778 438 65 25 upset
875 435 63 29 price
968 436 144 30 maintained,
1149 441 43 23 and
1224 442 39 24 the

684 464 111 23 extortion
807 467 108 29 practises
931 475 59 24 upon
1003 470 116 31 credulity,
1138 473 71 24 which
1229 483 33 16 we

682 494 58 32 hope
751 497 21 22 is
787 504 49 17 now
847 507 58 22 gone
923 501 39 30 by,
982 503 121 29 prevented
1122 511 53 25 very
1192 515 69 23 many

682 529 73 22 useful
778 531 43 23 and
845 531 110 25 desirable
977 535 93 23 citizens
1090 536 58 24 from
1170 542 90 29 coming

680 568 84 25 among
781 570 35 16 us.
862 564 43 24 We
924 566 59 24 shall
998 574 55 24 urge
1070 567 38 24 the
1119 571 62 29 point
1192 576 67 28 again

680 594 127 31 andagain,
819 597 34 23 till
864 605 32 16 we
908 606 39 16 see
960 600 36 23 the
1001 602 94 28 general
1099 603 61 29 price
1169 607 25 21 of
1203 609 45 22 20s

790 634 23 18 to
825 632 35 22 55.
872 640 7 19 ;
890 631 34 23 till
936 632 61 29 then,
1016 633 55 24 New
1088 635 99 26 Zealand
1207 648 51 22 may

680 666 72 24 creep,
776 662 44 23 and
828 662 7 4 *
846 670 36 23 go,
906 664 42 23 but
964 666 46 22 will
1032 673 68 17 never
1115 677 30 22 go
1163 671 92 26 a-head.

679 692 43 23 We
734 694 103 24 recollect
848 696 64 24 when
924 697 39 24 the
974 698 111 25 lamented
1096 701 45 25 Mr.
1153 692 103 37 Huskis-i

670 732 49 19 .son
732 734 44 16 was
790 727 132 26 Chancellor
935 730 26 23 of
974 731 39 24 the
1032 732 136 33 Exchequer
1187 746 68 22 many

678 765 65 22 years
766 767 42 23 ago
818 770 6 20 ;
849 761 35 29 he,
903 767 23 18 to
946 763 37 24 the
1001 770 64 25 great
1083 765 79 27 horror
1180 770 25 23 of
1219 772 36 23 his

678 791 126 32 coadjutors
816 795 23 22 in
851 795 70 29 office,
935 796 109 25 broached
1067 799 36 24 the
1121 800 99 28 doctrine
1232 805 26 23 of

676 823 43 23 low
731 824 73 25 duties
815 827 44 24 aud
867 827 62 32 large
938 833 156 29 consumption
1103 841 5 15 :
1122 834 28 24 he
1157 836 98 25 adhered

677 861 22 18 to
716 857 34 24 his
771 861 63 28 point
852 861 43 23 and
915 863 58 22 tried
985 863 35 24 his
1037 867 139 29 experiment
1192 877 63 24 upon

676 890 69 23 coffee
755 900 6 20 ;
788 893 44 23 this
851 894 78 24 article
948 903 44 16 was
1014 897 51 23 then
1084 901 84 31 paying
1181 902 70 25 13Ad.

675 930 41 23 per
727 925 75 29 pound
814 926 54 31 duly
876 936 6 19 ;
900 927 29 24 he
942 929 67 31 boldy
1020 931 95 26 reduced
1126 934 19 23 it
1155 940 23 18 at
1197 944 56 16 once

675 960 23 18 to
710 957 47 29 3d.,
770 958 44 24 and
821 960 25 23 in
858 960 36 23 the
904 969 55 22 very
969 962 51 24 first
1030 972 52 23 year
1098 967 26 23 of
1139 967 35 24 his
1188 969 64 31 judi-

675 990 63 22 cious
745 993 138 29 experiment
890 993 91 25 derived
989 1004 27 15 an
1025 998 113 25 increased
1147 1009 103 17 revenue.

675 1020 51 25 The
738 1024 122 32 advantage
870 1027 43 23 and
926 1028 122 32 happiness
1061 1031 24 23 of
1095 1032 38 24 the
1146 1035 105 30 enlarged

674 1058 156 29 consumption
851 1064 22 18 to
902 1061 38 23 the
968 1063 86 30 people,
1081 1073 29 14 an
1133 1066 118 26 observant

673 1088 77 23 reader
764 1091 43 22 will
819 1096 37 19 not
868 1092 25 23 of
907 1101 81 16 course
1000 1096 105 24 overlook
1114 1107 5 20 ;
1140 1101 43 23 and
1195 1110 25 15 so
1232 1104 19 21 it

672 1120 21 23 is
703 1120 52 25 here
755 1134 35 5 —
792 1123 35 23 the
838 1124 82 24 bubble
932 1127 27 22 of
973 1127 54 31 high
1037 1131 61 28 price
1116 1131 41 24 has
1177 1134 71 24 burst.

673 1152 26 24 If
714 1153 36 24 the
760 1155 65 30 place
837 1158 18 21 is
870 1162 20 18 to
910 1159 148 25 colonized—
1058 1163 35 23 for
1112 1164 38 24 the
1168 1166 83 25 benefit

673 1186 25 22 of
724 1186 107 32 England
860 1189 38 25 be'
914 1191 19 23 it
956 1200 52 16 ever
1026 1197 184 25 remembered—
1212 1197 38 27 ttie

672 1221 113 30 wavering
797 1226 59 19 must
872 1223 27 24 be
918 1225 146 26 emboldened
1082 1229 29 31 by
1128 1230 112 32 liberality

672 1251 37 24 the
737 1253 137 25 industrious
911 1261 140 29 encouraged
1079 1262 30 30 by
1137 1272 109 23 support-

671 1285 96 25 hitherto
789 1288 37 24 the
845 1289 155 26 Government
1018 1293 40 24 has
1079 1295 57 24 done
1154 1299 95 30 nothing

672 1318 71 23 better
754 1319 55 24 than
818 1326 86 27 tamper
916 1325 55 22 with
983 1325 38 24 the
1032 1329 135 24 excitement
1175 1332 24 22 of
1209 1332 38 24 the

669 1352 109 29 gambler,
799 1362 25 15 or
841 1356 57 23 avail
918 1357 64 24 itself
997 1360 26 22 of
1040 1360 37 24 the
1093 1362 120 32 gullibility
1226 1366 25 22 of

671 1384 37 23 the
718 1392 106 24 spooney.
827 1399 32 5 —
859 1389 121 25 Auckland
992 1391 81 25 Times.

780 1456 356 33 MISCELLANEOUS.

580 42 99 62 Cfo
701 45 119 46 TfoiP
846 52 207 41 Ztatan*
1079 56 189 46 &a?ntt
1293 57 90 40 ant*
1408 59 301 47 mtUtttqton
1733 59 251 50 spectator.
