2540 4029
55 253 315 44 THE
475 253 314 44 NEW
894 253 733 44 ZEALAND
1732 253 734 44 GAZETTE

55 297 2411 89 AND

55 386 1205 88 WELLINGTON
1381 386 1085 88 SPECTATOR

587 490 220 38 PUBLISHED
852 487 132 40 EVERY
1026 483 261 42 WEMWSDAY
1331 483 88 39 AND
1465 483 228 35 SATURDAY
1739 483 206 35 MORNING.
2361 483 8 9 *

530 591 129 50 POBlt
685 605 287 37 NICHOLSON,
993 589 317 48 WEDNESDAtf
1321 597 241 39 MORNING,
1583 599 264 32 DECEMBER
1870 600 52 35 29,
1947 601 88 28 1841.

81 608 64 48 %
169 607 85 47 fO2j

2284 597 98 39 [Vol.
2405 597 48 31 11.

64 709 11 13 >s
71 701 148 29 AucKla'xx'd
233 705 56 23 a!nd
297 701 175 31 Wellingtcfn
486 701 116 23 'Packet.

50 731 101 39 j^fjkt
202 738 92 26 nn'HE
304 738 121 24 Auckland
440 736 46 24 and
492 735 138 26 Wellington

66 784 4 5 t
74 760 94 38 rgt3EL
208 760 31 29 JL
277 767 84 22 Packet
376 765 147 21 Abercrombie
537 761 46 24 will
584 767 4 7 l
591 764 39 18 're-

41 809 6 12 ,
54 786 200 37 jMyiaW-turn
269 793 80 24 within
366 799 68 15 seven
449 792 56 27 days
520 790 56 22 after
582 786 49 25 .her

41 816 157 35 2BmtM&
202 821 82 25 arrival
291 824 23 18 at
322 819 54 23 that
379 821 62 25 port;
457 818 46 22 and
511 817 46 22 will
565 821 65 20 again

35 841 163 30 '■WSS^Sm
203 851 28 20 be
240 844 136 27 despatched
384 846 58 21 from
448 844 56 23 Pwt
508 843 122 23 Nicholson

288 880 68 17 seven
363 872 54 27 days
428 872 56 22 after
492 871 42 22 her
640 872 2 5 '

67 905 49 22 'T"or
118 905 7 14 :
123 897 83 35 fre^ght
216 904 25 21 dr
245 903 103 27 'passage,
360 899 66 28 apply

271 945 3 4 •
288 935 75 26 Hort,
370 933 126 26 ■Moc'atta,
511 930 45 23 and
567 929 37 22 Co.

41 985 56 21 For
115 978 231 27 AuctlKndandj
366 978 23 21 if
410 975 177 24 inducement
608 973 23 21 is

95 1005 172 30 ■dteftdV'ftrir
280 1007 59 25 Bay
354 1005 30 21 of
396 1004 112 22 Islands
524 1001 55 23 and

215 1037 13 21 \
247 1033 170 26 'HoTsianga,
441 1037 5 6 *

142 1059 326 35 Will'be:dißpWch'e'dHnra<jfcw
476 1065 59 24 days,

51 1098 108 39 Jkjg|di
327 1103 3 10 l
330 1113 12 14 e
352 1103 81 28 sailing
441 1100 189 27 cxiti&c-Piciwick,
642 1104 3 5 '

47 1131 8 6 *
73 1130 108 31 mSftsk.
207 1127 25 28 JL
375 1132 68 21 about
451 1131 34 20 '40
502 1128 129 27 tons/Ca'pt.

40 1153 174 39 <*raßagj|&..'
243 1177 4 4 -
266 1159 100 26 Guillan,
383 1164 50 15 now
447 1157 64 27 lying
525 1159 23 19 at
563 1153 70 23 Waitt

42 1180 154 37 g£r*j&*vy
210 1185 46 23 and
273 1186 58 21 Co.'s
346 1184 78 23 wharf.
444 1183 62 22 -Has
522 1181 59 29 good
597 1188 35 15 ac-

212 1211 183 24 commodations.
438 1210 45 22 For
504 1209 83 28 freight
609 1215 24 15 or

38 1242 106 28 "pa'ssfage,
155 1240 66 28 apply
229 1243 23 18 to
261 1236 38 25 the
310 1238 93 28 Captain
413 1244 30 15 on
451 1237 78 27 board,
540 1244 25 14 or
574 1237 23 20 to

403 1272 91 21 Willis
508 1270 45 22 and
568 1269 37 22 Co.

191 1319 56 21 •For
262 1319 110 25 Sydney
387 1317 95 24 direct,

147 1355 30 19 To
189 1353 42 28 sai{
244 1359 27 14 on
280 1352 81 25 Friday
370 1352 59 24 next,
439 1352 52 20 Dec.
502 1350 37 25 30,

83 1380 83 40 OSsJj§j^
211 1388 93 23 fTIHE
315 1388 55 26 .fine
392 1388 44 22 fast
454 1387 80 27 sailing
550 1387 83 26 barque

73 1410 111 39 jgjJlJjvS^K
217 1410 32 28 JL
276 1416 100 26 Matilda,
402 1415 102 29 Captain.
524 1414 108 25 Roberts;

71 1437 139 38 B_jrjjpg^'
223 1442 41 23 has
283 1450 53 20 very
356 1441 99 28 superior
478 1438 155 25 a'cebmnioda-

225 1470 93 21 tion.for
330 1475 140 21 passengers.
499 1466 45 24 For
553 1467 81 27 freight

46 1490 163 40 S^USppP
224 1503 25 15 or
264 1503 102 21 passage,
377 1495 67 29 apply
454 1499 23 19 to
490 1494 40 23 the
541 1494 92 28 Captain

45 1532 30 15 on
85 1525 77 26 board,
173 1531 25 15 or
209 1527 22 18 to
379 1543 6 2 .
460 1523 85 23 .'»".'

366 1549 86 26 Waitt,
463 1548 46 23 and
522 1548 83 23 Tyser.

38 1582 4 5 •
71 1578 146 27 Wellington,
229 1576 126 23 December
365 1577 33 26 23,
410 1577 72 22 1841..

205 1622 40 21 To
254 1622 36 20 be
300 1623 49 19 Let
366 1627 30 15 or
405 1621 75 25 Sold,

215 1659 24 30 A
273 1657 177 23 BEAUTIFUL
467 1660 72 19 cutter
557 1655 78 28 rigged

61 1681 132 38 >iflffi^.
265 1685 31 22 k°
297 1688 24 18 at
336 1684 27 23 of
377 1684 68 22 about
455 1684 40 22 'six
511 1687 51 19 tons
563 1698 11 14 r
589 1682 49 23 half

51 1706 150 39 /silPPap
216 1711 92 27 decked,
316 1711 192 29 copperfastened,
515 1711 54 22 with
575 1710 58 27 sails,

49 1734 153 38 SSsSIBk
214 1747 11 14 r
227 1746 42 20 '££'
272 1746 15 14 n
288 1746 21 20 S>
321 1741 45 20 and
376 1738 131 28 everything
517 1736 118 30 complete.

44 1761 157 34 .^■BBPr
216 1766 44 22 She
268 1766 21 21 is
306 1766 49 22 well
364 1764 95 28 adapted
474 1765 37 22 for
525 1765 44 22 this
584 1762 51 23 har-

45 1794 64 28 bour,
121 1795 46 21 and
174 1794 19 22 is
204 1792 87 28 worthy
300 1792 37 23 the
347 1792 110 23 attention
470 1792 26 21 of
506 1792 129 26 gentlemen

44 1822 71 26 going
129 1824 22 18 to
166 1820 37 22 the
219 1827 50 14 new
285 1820 128 22 settlement
428 1820 26 21 of
470 1818 94 24 Nelson.
592 1818 44 22 For

42 1848 141 27 particulars,
193 1847 69 28 apply
270 1849 25 20 to

424 1873 23 22 J.
461 1873 34 22 M.
505 1873 101 22 Taylor.

72 1901 34 22 Te
115 1901 52 27 Any
167 1901 71 27 Dec.
249 1902 34 26 20,
294 1901 59 21 1841.

75 1947 74 37 •■gefeL
188 1949 111 27 I^iAPT.
322 1951 184 22 ROBERTSON
528 1941 46 32 wiil
596 1952 41 19 not

180 1973 38 25 '^-
218 1982 11 14 /
269 1985 12 13 e
301 1978 135 21 answerable
454 1978 45 22 for,
507 1985 48 16 any
570 1976 70 23 <leljts<

45 1999 137 29 «&Se9s9
213 2004 129 21 contracted
362 2004 30 27 by
408 2002 39 23 the
470 2011 58 14 crew
552 2004 27 21 of
597 2002 38 22 the

48 2029 65 24 Tyne.
587 2029 3 5 '

188 2073 186 29 /CAPTAIN
389 2079 156 28 SALMON,
562 2079 26 23 of
598 2078 37 22 the

188 2109 40 17 vy
243 2105 125 28 Middlesex,
379 2106 45 22 will
433 2110 41 18 not
483 2107 56 21 hold
547 2105 93 23 himself

194 2133 138 26 responsible
341 2133 36 22 for
382 2140 45 21 any
434 2133 63 23 debts
506 2132 130 24 contracted

88 2158 33 21 his
132 2164 63 16 crew.

78 2210 74 29 £*».
162 2204 164 35 fHAPTAIN
339 2204 90 28 YULE,
437 2205 27 22 of
470 2204 38 23 the
513 2205 123 24 Mandarin,

60 2227 142 38 Og|!^V>'
232 2231 44 22 will
293 2236 41 17 not
347 2232 29 21 be
391 2231 137 23 answerable
543 2232 34 22 for
592 2238 45 21 any

47 2267 111 17 rrgarrirr
174 2258 62 23 debts
248 2259 129 22 contracted
386 2259 30 27 by
425 2259 34 22 his
470 2267 65 14 crew.

174 2305 191 23 r>IONSIGNEE
367 2305 14 21 s
397 2305 26 21 of
431 2312 29 19 s°
463 2304 38 22 ods
503 2321 6 10 >
529 2311 29 15 ex
574 2304 52 21 Man
628 2316 9 5 -

61 2327 141 39 j^^V>
233 2333 68 26 darin,
313 2339 36 14 are
363 2331 119 28 requested
496 2335 22 18 to
536 2339 50 20 pass
600 2330 37 22 the

45 2359 114 26 -ftfgfrT%Tf
173 2366 119 21 necessary
300 2359 82 21 entries
389 2362 23 18 at
417 2359 38 21 the
466 2359 172 21 Custom-house

47 2388 94 21 without
151 2387 72 27 delay,
232 2386 116 22 otherwise
359 2386 53 27 they
421 2385 43 23 will
473 2386 28 22 be
509 2385 53 23 held
570 2384 67 24 liable

47 2414 36 22 for
92 2413 138 28 demurrage.
266 2433 11 4 ..

262 2440 83 22 Waitt
360 2440 46 22 and
417 2440 87 27 Tyser,
516 2439 96 28 Agents.

73 2474 146 27 Wellington,
230 2474 126 22 December
365 2474 35 26 27,
412 2475 61 20 1841.

203 2518 284 22 TO-MORROW!

162 2553 100 21 Wreck
276 2552 32 22 of
320 2554 44 20 the
380 2552 145 22 Winwick.

48 2587 161 49 MESSRS.
225 2587 86 23 JOHN
332 2587 45 22 and
399 2587 128 22 GEORGE
544 2585 94 23 WADE

141 2622 37 14 are
187 2613 125 23 instructed
322 2617 23 19 to
355 2613 41 23 sell
412 2614 30 27 by
450 2614 77 27 public
541 2612 96 27 auction,

48 2648 28 14 on
92 2641 118 27 Thursday
224 2644 62 25 next,
298 2641 125 23 December
436 2642 34 26 30,
486 2637 61 31 1841,
562 2644 24 18 at
601 2639 37 22 the

47 2667 132 28 Exchange,
200 2671 23 19 at
246 2669 24 21 11
296 2668 87 22 o'clock
405 2668 124 28 precisely,-
541 2667 37 23 for
600 2666 38 22 the

47 2695 84 22 benefit
142 2695 25 21 of
181 2695 74 22 whom
263 2695 19 22 it
296 2703 53 20 may
358 2702 105 21 concern,
473 2702 16 14 a
503 2695 103 28 quantity
617 2693 25 22 of

45 2721 39 23 the
94 2722 110 22 furniture
214 2722 46 22 and
269 2725 72 20 stores
350 2723 26 21 of
383 2722 36 22 the
430 2723 83 27 barque
527 2721 110 23 Winwick.

255 2764 74 18 AF.TER
343 2764 85 20 WHICH,

100 2782 33 22 At
142 2782 84 28 Lyall's
235 2783 57 27 Bay,
304 2787 23 18 at
334 2783 108 30 half-ppt
450 2784 14 20 2
474 2783 95 27 o'clock,

73 2809 80 22 About
162 2810 40 21 180
214 2813 53 18 tuns
276 2810 67 22 black
351 2810 31 22 oil
392 2811 34 26 (to
433 2810 28 22 be
469 2810 106 27 guaged,)
588 2816 24 16 as
621 2809 17 22 it

45 2844 56 14 now.
109 2836 40 22 lies
159 2835 30 23 oh
200 2835 37 23 the
246 2836 79 23 beach.
345 2842 4 3 *

42 2876 3 2 ■
73 2862 79 23 About
160 2864 29 21 24
198 2863 71 27 casks,
280 2871 24 15 as
313 2864 19 22 it
341 2871 50 15 now
399 2863 41 23 lies
449 2864 24 22 in
483 2864 38 22 the
531 2863 74 23 wreck
615 2863 25 22 of

40 2890 44 22 •the
94 2891 84 27 barque
191 2891 110 23 Winwick.

39 2936 4 4 .
73 2917 64 28 Also,
149 2917 38 23 the
203 2918 73 23 wreck
286 2918 28 22 of
325 2918 37 22 the
377 2918 84 28 barque
480 2919 111 25 Winwick,
605 2919 33 19 to-

47 2944 78 28 gether
134 2945 55 21 with
203 2944 42 23 her
259 2945 71 28 boats,
342 2948 76 25 stores,
429 2945 112 23 furniture
557 2944 80 28 tackle,

48 2970 46 23 and
105 2972 97 27 apparel.

255 2999 79 23 Terms
334 3010 27 5 —
363 2999 65 23 Cash.

71 3032 145 28 Wellington,
228 3032 127 23 December
367 3033 34 27 27,
412 3034 61 24 3841.
587 3041 4 2 •

118 3078 40 19 To
172 3078 35 20 be
221 3075 75 28 Sold,
313 3084 30 15 or
356 3078 51 21 Let
422 3085 36 14 on
473 3078 96 26 Lease,

45 3110 128 48 WITH
189 3111 130 22 immediate
325 3112 4 3 '
335 3112 131 28 possession,
485 3119 14 15 a
513 3115 60 19 most
587 3111 51 23 sub-

144 3137 91 22 stantial
252 3138 45 23 and
315 3139 108 22 desirable
443 3136 193 30 dwelling-house,

45 3163 79 22 within
134 3163 43 23 five
188 3165 103 22 minutes'
301 3166 59 22 walk
369 3166 27 22 of
401 3166 38 23 the
445 3166 131 28 Exchange,
584 3172 53 17 con-

47 3191 87 27 taining
153 3198 14 15 a
181 3191 62 28 large!
267 3192 79 28 sitting
362 3200 70 21 room,
451 3195 15 20 2
487 3193 45 22 bed
555 3199 81 21 rooms,

45 3217 101 29 kitchen,
157 3218 45 22 and
211 3219 76 22 cellar.
315 3220 47 22 The
372 3220 61 22 walls
443 3226 37 17 are
492 3222 26 21 14
526 3221 33 22 in.
568 3220 67 27 thick,

47 3244 111 27 plastered
175 3245 74 22 inside
263 3246 46 22 and
319 3250 56 24 .out;
401 3247 38 22 the
447 3248 3 7 '
457 3248 53 21 roof
511 3267 4 4 .
526 3247 109 29 shingled,

47 3271 54 22 with
106 3272 115 22 verandah
230 3272 24 23 in
261 3272 68 28 front,
337 3270 43 26 knd
387 3277 42 19 two
439 3274 108 23 brickfire
555 3275 81 28 places.

48 3299 30 20 A^
91 3299 65 27 large
174 3299 86 28 garden
283 3299 112 24 attached.
431 3301 45 22 For
498 3302 137 28 particulars,

48 3325 67 29 apply
125 3330 22 18 to
639 3342 5 5 .

89 3372 2 8 ,
135 3370 2 5 .
167 3376 2 5 ,
186 3372 2 5 ,
236 3354 30 22 R.
276 3354 94 27 Stokes,
383 3353 227 25 Woollcomb-stfeet.

45 3411 3 6 .
61 3398 40 21 To
115 3399 60 26 Let,
190 3400 69 21 with
276 3399 157 23 immediate
453 3401 170 27 possession,

281 3433 32 16 or
322 3428 76 25 Sold,

266 3462 23 20 A
311 3463 103 25 Bargain.

48 3493 51 49 A
117 3493 89 23 WELL
220 3495 59 22 built
296 3497 146 22 comfortable
457 3497 72 23 house
548 3496 28 23 of
587 3497 51 22 four

125 3528 82 21 rooms,
221 3522 24 22 in
262 3526 44 18 two
323 3521 184 30 compartments^
515 3524 74 23 suited
602 3523 35 22 for

48 3549 42 19 two
100 3547 65 23 small
174 3548 102 28 families,
287 3549 54 23 with
350 3550 79 23 fenced
438 3551 85 27 garden
533 3549 104 30 partially

47 3575 103 27 cropped,
167 3575 126 28 pleasantly
301 3576 110 28 -situated,
423 3579 53 21 with
485 3577 72 23 beach
565 3579 82 21 front-

47 3607 48 20 age,
106 3605 24 17 at
144 3601 38 23 the
199 3603 108 22 northern
323 3604 119 28 extremity
452 3606 25 21 of
488 3605 147 28 Wellington.

50 3626 132 24 Particulars
193 3629 26 22 of

330 3657 106 23 Johnson
451 3658 46 22 and
512 3659 96 23 Moore.

183 3707 108 23 Wade's
310 3709 88 21 Town
411 3709 88 21 Road.

50 3739 167 36 HpENDERS
231 3749 38 15 are
285 3743 104 27 required
407 3743 35 22 for
459 3743 94 28 making
569 3744 68 22 about

55 3765 30 22 A
122 3768 25 19 25
162 3768 77 23 chains
249 3769 26 22 of
285 3777 14 14 a
307 3770 62 26 road,
380 3768 30 24 12'
421 3770 46 23 feet
482 3770 65 28 wide,
565 3774 23 18 at
597 3777 40 21 per

46 3793 74 26 chain,
131 3794 95 28 through
236 3803 13 14 a
257 3800 51 24 part
322 3798 27 21 of
356 3797 89 22 Wade's
456 3798 78 26 Towri,
544 3795 98 25 accord-

45 3824 41 21 ing
101 3823 22 18 to
139 3828 13 14 a
166 3821 52 28 plan
227 3824 110 27 prepared
351 3824 30 27 by
391 3825 45 22 Mr.
447 3824 66 27 Park,
524 3824 45 23 and
583 3831 52 20 may

47 3846 27 20 be
88 3854 54 15 seen
150 3852 24 17 at
186 3848 38 23 the
234 3850 64 22 office
313 3852 26 21 of
353 3851 90 22 Messrs.
458 3851 36 22 W.
506 3852 26 22 B.
543 3852 92 22 Rhodes

46 3873 46 21 and
101 3873 38 22 Co.
167 3875 99 24 Tenders
276 3880 23 19 to
308 3878 28 22 be
346 3878 47 28 left,
403 3886 29 15 on
442 3878 26 23 of
479 3878 77 23 before
567 3879 56 22 Mon
624 3890 11 16 7

47 3901 43 25 day
107 3904 61 24 next,
186 3903 41 22 3rd
245 3904 108 29 January,
373 3909 25 18 at
413 3906 39 22 the
470 3906 65 22 office
554 3906 27 22 of
596 3904 37 24 the

46 3927 157 28 undersigned.

303 3958 36 23 W.
355 3959 24 22 B.
395 3959 95 23 Rhodes
503 3959 46 23 and
565 3960 38 22 Co.

663 697 105 22 Second
777 694 187 28 Anniversary
974 695 30 20 of
1015 694 46 21 the
1071 692 179 23 Foundation
1258 713 5 6 ,

847 723 31 21 of
889 724 45 20 the
950 722 113 25 Colony.

663 757 70 49 AT
746 757 23 22 A
786 755 113 23 PUBLIC
917 754 151 27 MEETING,
1082 752 55 23 held
1154 755 24 19 at
1196 752 56 22 Bar-

727 783 63 23 rett's
800 783 80 26 Hotel,-
885 790 30 15 on
920 781 150 26 Wednesday,
1079 779 128 23 December
1216 780 33 25 22,

663 812 60 26 1841,
734 818 14 15 a
760 810 127 23 committee
903 816 45 15 was
964 807 118 28 appointed
1100 807 63 26 (with
1176 812 75 21 power

663 843 23 16 to
705 837 45 22 add
767 840 23 19 to
809 837 59 21 their
880 835 104 26 number)
1004 834 34 22 for
1056 834 38 21 the
1113 840 96 20 purpose
1228 832 27 22 of

662 864 93 27 making
762 865 167 25 arrangements
938 863 35 20 for
983 868 13 14 a
1005 860 78 22 Public
1092 860 61 25 FSte,
1165 863 23 18 to
1199 858 51 22 take

662 891 63 27 place
736 898 29 15 on
774 891 38 21 the
821 889 61 23 22nd
895 889 107 26 January,
1016 888 62 26 1842,
1089 887 24 21 in
1126 887 90 21 honour
1229 886 33 22 of'

664 918 37 21 the
710 918 71 21 above
791 920 75 19 event.
1016 929 4 3 •
1083 930 5 8 ,
1258 929 2 7 <

774 951 108 15 MEMBERS
896 950 27 14 OF
937 948 47 16 THE
998 947 140 16 COMMITTEE.
1156 962 3 5 ,

663 979 45 21 Mr.
719 978 29 22 R.
758 978 93 27 Barnes,
971 975 43 22 Mr.
1028 974 137 26 Mathieson,

664 1006 44 22 Mr.
718 1005 31 21 K.
760 1004 111 27 Bethune,
972 1001 42 22 Mr.
1024 1002 29 21 H.
1064 1001 113 27 Moreing.

661 1032 47 22 Mr.
717 1032 36 21 W.
762 1032 21 21 S.
791 1031 85 26 Butler,
971 1028 43 22 Mr.
1024 1028 26 23 F.
1061 1028 28 21 A.
1098 1026 152 28 Molesworth,

664 1059 26 21 E.
701 1058 116 26 Chetham,
828 1058 61 26 Esq,,
971 1054 33 22 M.
1014 1054 107 28 Murphy,
1132 1054 79 27 Esq.,".'
1256 1055 5 9 :

664 1085 44 22 Mr.
717 1085 29 22 R.
757 1084 76 27 Davis,
971 1081 42 23 Mr.
1024 1082 26 22 T.
1060 1082 35 22 M.
1106 1081 123 27 Partridge,

662 1112 77 27 Major
748 1110 79 28 Durie,
970 1108 42 23 Mr.
1019 1109 20 22 I.
1051 1108 115 28 Ridgway,

663 1138 41 22 Dr.
714 1138 28 21 G.
753 1138 22 21 S.
786 1138 84 27 Evans,
911 1155 5 7 „
971 1136 92 27 Captain
1078 1135 79 27 Smith,
1167 1134 68 27 R.A.,

664 1164 40 23 Dr.
714 1164 154 28 Featherston,
971 1162 60 28 Capt.
1042 1162 133 26 Robertson,
1186 1163 58 24 Tyne
1244 1176 7 11 f

664 1192 45 22 Mr.
719 1192 35 22 W.
767 1192 99 27 Guyton,
970 1190 42 21 Mr.
1023 1190 22 21 J.
1058 1189 33 22 M.
1101 1189 90 27 Taylor,

664 1218 27 22 E.
701 1218 115 27 Halswell,
828 1218 61 28 Esq.,
968 1216 46 23 Mr.
1025 1217 29 21 H.
1065 1216 88 27 Taylor,

664 1246 95 27 Captain
769 1245 60 28 Hay,
970 1244 43 21 Mr.
1023 1244 62 22 Blair
1094 1242 87 26 Virtue,

666 1272 43 22 Mr.
718 1273 30 21 A.
759 1271 100 28 Hodges,
971 1270 92 23 Colonel
1073 1270 131 26 Wakefield,

666 1300 28 20 G.
704 1299 97 27 Hunter,
816 1299 62 27 Esq.,
889 1306 54 21 sen.,
971 1298 47 21 Mr.'
1023 1298 22 21 J.
1056 1296 79 27 Wade,

664 1326 46 22 Mr.
720 1326 91 22 Charles
821 1322 68 30 Lett,,
971 1325 44 22 Mr.
1025 1324 69 27 Watt,

660 1353 48 24 ,Mr.
718 1354 31 21 A.
760 1352 102 28 Ludlam,
946 1349 4 7 '
971 1352 42 21 Mr.
1024 1352 22 21 J.
1058 1350 31 23 H.
1098 1350 108 28 Wallace,

663 1380 45 22 Mr.
718 1380 34 22 W.
764 1380 71 27 Lyon,
951 1392 4 12 :
971 1380 42 21 Mr.
1023 1378 29 23 R.
1061 1377 76 27 Waitt,

656 1428 3 5 ,
664 1407 45 23 Mr.
719 1407 132 27 Machattie,
972 1407 44 21 Mr.
1026 1404 137 23 Wicksteed.

691 1441 48 22 The
758 1441 134 22 Committee
909 1443 46 20 met
974 1444 24 18 at
1015 1439 107 23 Barrett's
1138 1437 71 23 Hotel
1223 1446 29 14 on

664 1468 103 27 Monday
784 1468 98 26 evening
895 1467 50 27 last,
961 1467 65 22 when
1042 1466 45 22 Mr.
1104 1465 62 22 John
1181 1465 71 23 Wade

664 1502 46 15 was
718 1494 122 28 appointed
852 1494 128 28 Treasurer,
990 1494 45 22 and
1047 1493 44 21 Mr.
1101 1493 27 21 F.
1137 1492 28 22 T.
1174 1492 77 28 Yates,

660 1522 130 27 ■Secretary.

693 1548 22 23 It
730 1556 46 15 was
791 1548 55 22 then
862 1548 88 26 agreed,
1023 1547 38 22 the
1077 1546 116 28 following
1201 1554 52 20 pro-

653 1588 2 20 I
664 1583 101 20 gramme
776 1574 24 23 of
807 1578 71 24 sports
886 1574 79 23 should
974 1575 28 22 be
1012 1573 96 29 adopted
1115 1581 5 14 :
1122 1584 29 5 —

673 1606 5 3 '
692 1604 19 21 1.
727 1602 96 22 Sailing
844 1602 93 27 Match,
951 1602 32 27 by
997 1602 64 21 boats
1077 1601 73 21 under
1164 1601 29 21 30
1207 1599 47 23 feet

653 1628 2 23 I
664 1628 58 23 keel.
750 1628 73 23 Three
833 1631 23 19 to
864 1632 62 24 start,
934 1636 26 15 or
967 1636 30 15 no
1002 1635 58 15 race.
1084 1627 121 28 Entrance,
1211 1627 41 22 £1.

664 1656 79 22 Under
752 1656 38 21 the
800 1659 160 24 management
969 1656 26 21 of
1001 1655 94 27 Captain
1103 1654 101 22 Rhodes.

692 1684 20 21 2.
727 1683 99 22 Rowing
839 1683 92 27 Match,
949 1683 33 27 by.
993 1682 71 22 whale
1081 1681 72 22 boats.
1180 1681 74 22 Three

666 1712 23 20 to
697 1713 61 23 start,
770 1717 25 15 or
804 1717 31 14 no
842 1717 60 15 race.
910 1728 2 5 ,
930 1710 120 26 Entrance,
1060 1709 42 22 £1.
1131 1707 79 23 Under
1217 1708 37 22 the

665 1740 161 24 management
833 1737 26 21 of
864 1737 94 27 Captain
969 1736 59 27 Hay.

692 1765 21 21 3.
728 1763 101 23 Hurdle
844 1764 71 21 Race.
944 1763 72 23 Three
1030 1762 77 25 horse's
1124 1764 22 20 to
1157 1764 62 26 start,
1231 1769 25 15 or

666 1798 31 15 no
706 1798 59 15 race.
784 1790 121 27 Entrance,
916 1790 34 23 £2
963 1792 32 20 2s.
1014 1789 78 22 Under
1101 1789 38 22 the
1150 1796 106 20 manage-

666 1820 64 20 ment
739 1818 26 21 of
772 1817 45 22 Mr.
828 1817 92 22 Charles
929 1817 60 22 Lett.

692 1846 21 21 4.
729 1844 82 23 Rural
827 1845 93 27 Sports,
937 1844 122 26 consisting
1076 1843 23 22 of
1109 1843 107 27 jumping
1232 1843 31 22 in-

666 1871 70 27 sacks,
748 1871 108 27 climbing
864 1879 14 14 a
893 1878 79 20 greasy
981 1870 57 28 pole,
1050 1870 106 27 catchj.ng
1164 1877 14 14 a
1192 1877 64 20 soap-

665 1898 67 22 tailed
750 1898 44 28 pig,
809 1899 42 22 &c.
866 1899 41 22 &c.
935 1898 38 21 No
983 1900 112 19 entrance.
1218 1896 37 23 the

665 1928 159 24 management
831 1926 30 21 of
864 1925 44 22 Mr.
919 1924 22 23 J.
953 1925 34 22 M.
997 1924 88 28 Taylor.

692 1953 21 21 5.
728 1952 62 22 Foot
804 1952 73 28 Race,
895 1952 99 22 distance
1011 1958 41 15 one
1067 1950 62 23 mile.
1162 1951 38 22 No
1216 1959 50 19 en-.,

665 1983 83 18 trance.
777 1978 138 23 UndeE-the.
925 1982 159 26 managjnient
1092 1978 120 28 otMr^J..
1225 1978 37 26 H','

667 2004 107 23 Wallace.
988 2023 2 4 .
1002 2009 3 4 '
1069 2004 8 3 ~
1151 2024 4 3 .
1183 2021 6 2 -

692 2033 21 20 6.
727 2031 73 22 Riple
809 2031 95 22 Match.
933 2030 119 26 Entrance^
1061 2030 40 22 £\.
1131 2029 80 23 Under
1218 2029 37 22 the

666 2062 160 22 management
835 2058 27 21 of
867 2058 45 21 Mr.
924 2057 80 22 Alfred
1014 2056 101 28 Hodges.

692 2086 21 21 7.
729 2085 28 21 In
768 2084 65 23 order
847 2088 22 18 to
884 2087 60 19 meet
953 2084 38 21 the
1002 2083 78 22 wishes
1090 2084 27 21 of
1124 2082 31 23 all
1164 2084 90 27 parties,

664 2111 19 22 it
699 2111 42 22 has
757 2111 57 22 been
838 2110 109 28 arranged
963 2110 49 22 that
1033 2117 14 15 a
1064 2110 50 22 Ball
1132 2110 57 22 shall
1204 2110 53 22 take

665 2138 63 27 place
784 2138 110 22 Barrett's
911 2137 77 27 Hotel,
1005 2136 44 23 and
1070 2137 94 22 another
1179 2141 23 18 at
1219 2137 37 22 the

666 2165 122 27 Exchange
798 2165 79 27 Room,
889 2164 32 23 Te
929 2165 55 21 Aro.
1011 2164 48 22 The
1065 2164 46 22 ball
1119 2167 23 19 at
1149 2164 109 22 Barrett's

665 2192 72 22 under
753 2192 38 22 the
807 2196 160 23 management
983 2190 26 23 of
1021 2192 32 21 M.
1066 2191 106 27 Murohy,
1190 2192 64 27 Esq.;

666 2218 49 23 that
729 2222 23 19 at
769 2220 36 21 the
823 2219 129 27 Exchange,
969 2218 72 23 under
1055 2218 38 22 the
1109 2218 109 23 direction
1234 2218 25 22 of

666 2246 42 22 Dr.
718 2246 84 22 Butler.

691 2272 50 23 ■The
755 2272 130 28 geatlemen
902 2273 70 22 above
981 2271 89 28 named,
1081 2279 37 15 are
1129 2276 22 17 to
1164 2272 29 22 be
1203 2280 53 15 con-

666 2299 87 23 sidered
770 2300 36 21 the
822 2300 70 21 heads
912 2300 25 21 of
953 2299 39 22 the
1012 2299 192 22 sub-committees
1223 2300 35 21 for

669 2327 135 27 conducting
819 2327 38 21 the
875 2327 89 22 various
965 2333 4 5 1
981 2330 82 24 sports;
1080 2327 45 21 and
1141 2327 48 22 that
1204 2326 53 28 they

667 2354 57 22 have
739 2354 44 21 full
795 2361 75 20 power
877 2356 24 19 to
911 2353 33 22 fill
957 2361 29 20 up
1000 2352 37 23 the
1052 2354 96 21 number
1163 2354 26 21 of
1200 2353 58 23 their

668 2381 115 22 assistants
796 2381 58 22 from
871 2380 38 23 the
924 2380 92 28 general
1029 2380 60 28 body
1103 2381 26 21 of
1143 2380 37 23 the
1197 2388 61 15 com-

668 2408 85 22 mittee.

694 2434 48 23 The
753 2434 126 23 committee
891 2432 124 30 adjourned
1024 2436 22 20 to
1052 2434 143 28 Wednesday
1204 2434 54 28 (this

668 2462 114 27 evening),
793 2465 23 18 at
825 2462 13 22 7
849 2461 92 27 o'clock,
953 2465 30 22 at.
986 2462 106 21 Barrett's
1101 2462 78 22 Hotel.

837 2507 86 21 South
934 2507 50 21 Sea
995 2507 90 21 Hotel.

670 2542 43 33 (^\
724 2540 105 26 EQRGE
844 2540 112 23 YOUNG
969 2541 55 27 begs
1036 2544 23 19 to
1073 2542 83 21 inform
1166 2541 38 22 the
1214 2544 44 19 set-

670 2566 53 24 vJ
729 2570 54 20 tiers
790 2568 24 23 of
819 2568 54 22 Port
877 2568 131 27 Nicholson,
1016 2568 43 22 and
1064 2566 129 30 gentlemen
1198 2569 59 22 from

668 2595 39 22 the
717 2595 164 28 neighbouring
889 2595 109 25 Colonies,
1005 2595 48 22 that
1061 2596 45 21 the.
1109 2596 71 22 above
1186 2591 70 27 house

667 2623 20 21 is
697 2622 50 22 how
757 2629 57 20 open
822 2631 6 19 ;
841 2622 77 22 .where
928 2629 68 20 every
1005 2622 134 28 description
1148 2623 27 21 of
1181 2623 75 27 wines,

668 2650 80 27 spirits,
761 2651 34 20 ale
807 2649 46 22 and
861 2653 82 24 porter,
952 2650 20 21 is
988 2650 125 27 constantly
1123 2650 29 22 to!
1158 2650 30 22 be
1197 2650 47 21 had
1251 2658 5 19 ;

668 2677 45 21 and
730 2680 67 18 trusts
812 2677 32 27 by
854 2676 110 22 attention
979 2679 23 19 to
1012 2676 107 28 business,
1136 2680 23 18 to
1169 2677 67 22 merit
1244 2684 13 15 a

669 2704 64 22 share
744 2704 27 22 of
783 2704 57 22 their
849 2706 130 25 patronage.
1114 2713 3 4 ■
1139 2710 8 2 -

697 2731 67 22 Good
776 2730 61 28 beds,
849 2730 45 22 and
909 2737 65 21 every
986 2731 169 22 accomodation
1169 2730 35 23 for
1213 2733 45 20 tra-

668 2758 89 22 vellers.

696 2785 22 21 A
727 2785 55 21 boat
791 2787 22 19 to
823 2784 29 22 be
860 2784 47 22 had
917 2787 22 19 at
948 2784 31 22 all
988 2784 73 27 hours,
1073 2784 45 34 day
1127 2792 26 14 or
1163 2784 72 27 night.

697 2811 123 22 Harmonic
829 2811 110 27 meetings
949 2818 67 21 every
1025 2811 125 28 Thursday.
1241 2831 1 5 ,

670 2856 161 49 MESSRS.
845 2855 113 22 WILLIS
971 2856 45 22 and
1026 2857 53 27 CO.,
1089 2857 59 22 have
1165 2864 29 15 on
1212 2857 46 22 sale

743 2890 29 15 ex
783 2885 62 26 Tyne,
857 2882 38 22 the
904 2882 114 29 following
1029 2884 69 27 goods
1108 2887 24 19 at
1141 2884 115 22 moderate

667 2910 80 28 prices.
786 2933 3 7 _
801 2921 3 5 •
847 2930 2 7 ,
862 2931 2 5 ,

696 2936 126 23 Newcastle
833 2936 68 27 coals,
919 2946 4 5 ■

696 2963 64 22 Ditto
770 2963 149 28 grindstones,
928 2963 60 22 from
998 2965 9 20 1
1020 2963 47 23 foot
1076 2966 23 20 to
1110 2966 27 25 4§
1150 2964 52 28 feet,

696 2991 46 22 Bar
751 2991 46 22 and
804 2991 49 22 bolt
861 2991 59 27 iron,
955 3003 3 4 -

673 3029 7 2 -
696 3018 65 28 Rope
770 3018 26 21 of
806 3017 90 23 various
906 3018 64 27 sizes,

696 3045 105 22 Anchors
808 3045 58 22 from
877 3046 12 21 8
900 3049 49 18 cwt.
958 3048 25 19 to
993 3047 11 20 1
1016 3048 48 19 cwt.
1074 3045 45 22 and
1126 3046 79 26 under,

697 3072 71 22 Chain
779 3072 73 22 cables
861 3072 59 22 from
929 3074 12 24 I
950 3072 55 22 inch
1015 3075 22 19 to
1047 3073 11 21 1
1068 3072 54 22 inch
1132 3072 74 28 chain,

697 3099 94 22 Geneva
800 3099 23 22 in
830 3099 52 22 half
887 3099 69 28 pipes,

695 3126 64 23 Ditto
767 3126 26 22 in
802 3133 61 15 cases
869 3128 21 20 '
888 3128 23 20 4
898 3126 72 28 galls.,
979 3148 2 4 .

696 3153 60 22 Rum
766 3153 24 22 in
800 3152 131 30 hogsheads,

697 3180 82 28 Sherry
788 3180 24 22 in
821 3180 78 28 bottle,
1060 3182 6 10 '

696 3207 95 27 Spanish
800 3208 58 21 wine
866 3208 25 22 in
901 3207 62 29 pipes
974 3207 45 23 and
1027 3206 132 28 hogsheads,

696 3233 43 24 Ale
748 3235 25 22 in
781 3235 87 27 bottle,,

694 3262 71 22 Table
774 3262 80 21 raisins
863 3262 24 21 in
896 3262 58 21 281b.
965 3269 70 19 cases,

695 3289 105 27 Pudding
808 3289 80 22 raisins
896 3289 26 22 in
929 3288 69 23 28lb's.
1010 3289 44 22 and
1062 3288 69 23 56lbs.
1142 3295 69 21 cases,

696 3316 109 22 Carotells
815 3316 25 22 of
852 3319 108 25 currants,

696 3343 85 22 Biscuit
788 3343 22 22 in
821 3342 93 28 barrels',

694 3370 78 22 Dutch
781 3366 87 31 cheese,

696 3397 74 22 Prime
781 3396 67 23 India
857 3396 46 23 and
911 3404 60 15 mess
978 3396 59 28 beef,

694 3424 105 28 Tongues
810 3431 23 15 »n
842 3424 54 28 kegs
907 3424 45 21 and
962 3426 12 24 §
983 3423 90 27 barrels,

694 3451 99 22 Linseed
802 3451 30 22 oil
841 3452 24 21 in
875 3450 63 23 casks
948 3451 35 26 (50
991 3450 82 28 galls.,)

656 3496 6 4 ,
695 3478 65 22 Ditto
840 3478 26 22 in
876 3485 54 15 cans
941 3478 22 26 (5
973 3478 81 26 galls.,)

695 3505 138 28 Turpentine
843 3505 23 21 in
877 3512 54 14 cans
942 3506 21 26 (5
973 3504 81 27 galls.,)

695 3532 58 31 Soap
761 3532 25 22 in
795 3532 76 27 281b5,,
884 3532 75 26 561b5.,
971 3532 45 21 and
1026 3530 81 23 112lbs.
1117 3530 78 28 boxes,
1212 3539 4 3 -

694 3558 77 23 White
779 3559 65 28 paint
852 3559 24 21 in
887 3559 50 26 tins,
948 3558 69 22 28lbs.
1028 3557 44 23 and
1080 3557 78 26 561b5.,
1190 3563 6 2 '

696 3586 76 22 Green
782 3586 63 27 paint
853 3586 24 21 in
887 3585 62 28 kegs,

695 3613 68 21 Sheet
771 3612 57 28 lead,

694 3640 75 22 Boxes
778 3640 30 21 of'
813 3640 59 27 glass
882 3639 27 22 of
918 3638 65 28 sizes,

694 3666 62 23 Flint
764 3666 59 27 glass
831 3667 25 21 in
866 3666 110 27 packages
985 3664 106 28 assorted,

695 3693 140 23 Lambswool
845 3693 95 27 hosiery,
952 3692 72 26 white,
1035 3692 59 27 blue,
1105 3691 46 22 and
1160 3698 63 20 grey,

696 3720 75 23 White
781 3720 103 26 flannels,
894 3721 28 20 29
932 3719 60 27 inch,
1003 3720 26 21 31
1039 3718 60 27 inch,

695 3748 134 27 Stationery,
840 3746 89 28 ledgers
938 3745 81 23 double
1030 3745 44 22 and
1084 3745 79 27 single,

694 3775 56 21 Fine
769 3774 101 27 printing
889 3773 72 27 demy,
979 3775 56 25 post,
1052 3772 108 28 foolscap,
1177 3771 79 22 white-

667 3809 48 19 cap,
726 3801 45 22 and
780 3800 102 32 imperial
891 3800 83 27 brown,

694 3827 82 23 School
785 3827 66 28 quills
861 3827 45 21 and
917 3827 63 21 office
990 3826 71 28 quills,

653 3859 2 28 [
694 3855 70 22 Black
774 3854 51 22 lead
834 3854 93 28 pencils,
943 3853 41 22 red
999 3853 46 27 ink,
1063 3852 65 22 office
1146 3852 47 27 ink,
1209 3852 47 22 and

665 3881 126 28 blue-fluid,

694 3908 88 22 Pickles
791 3908 22 22 in
823 3910 61 24 pints
894 3906 107 28 assorted,
1007 3916 4 4 -

695 3935 104 23 Mustard
809 3934 42 27 Jib.
862 3934 45 22 and
917 3936 11 20 1
939 3934 30 22 lb.
979 3933 89 27 bottles,

694 3963 115 27 Congreve
819 3961 157 23 caudle-sticks
986 3960 45 23 and
1041 3960 107 23 matches.
1182 3971 11 7 -

1298 686 6 24 '.
1379 689 42 21 On
1435 689 68 24 Sale,
1519 694 36 15 ex

1282 713 103 44 Jbflrt
1410 719 85 22 BARR
1496 719 18 29 ?
1516 719 34 22 LS
1573 719 111 27 superfine
1713 710 154 35 Philadelphia

1291 792 5 8 v
1328 786 5 5 *
1387 774 41 21 200
1439 772 71 23 dozen
1519 771 85 24 bottled
1612 774 82 25 porter,

1302 803 45 21 '400
1359 802 70 22 dozen
1440 799 110 27 superfine
1559 799 49 27 pale
1618 799 41 26 ale,

1306 830 23 21 A
1338 826 110 28 thorough
1456 826 56 23 bred
1521 825 101 23 Durham
1631 825 49 22 bull
1689 825 45 22 and
1745 832 55 21 cow,

1292 868 3 5 •
1308 854 118 26 Liverpool
1433 853 48 27 salt,

1284 876 77 37 v^lroh
1370 875 51 29 Ws
1431 880 44 22 and
1484 880 57 26 rods,

1278 926 11 13 f
1290 906 128 27 fM)atmeal.

1275 929 67 33 $i$V-
1597 932 83 23 Waitt
1694 932 46 21 and
1753 932 86 21 Tyser.

1284 957 147 34 -^December
1440 961 33 26 27,
1486 961 61 21 1841.
1681 974 47 20 .__

1277 1000 16 33 'f
1294 1010 3 4 •
1310 1008 5 6 '
1408 1004 3 5 '
1509 1006 41 19 On
1567 1004 68 24 Sale',

1278 1033 36 35 f,\
1346 1039 90 24 WELL
1456 1038 98 22 assorted
1572 1037 61 23 stock
1653 1037 28 22 of
1696 1044 55 20 very
1768 1037 100 27 superior

1280 1068 50 23 xIC
1351 1073 71 21 ,rope,.
1428 1065 70 22 whale
1506 1065 54 26 line,
1572 1065 44 21 and
1625 1072 59 20 spun
1692 1071 65 21 yarn,
1842 1073 5 11 *

1278 1102 21 24 nf
1307 1093 104 29 Superior
1420 1093 82 21 British
1512 1092 69 28 pitch,

1279 1115 10 35 |
1293 1127 3 15 i
1307 1119 128 25 Stockholm
1446 1122 40 25 tar,
1494 1140 4 3 .
1532 1132 10 5 -
1759 1120 3 9 '

1273 1148 33 22 :V
1308 1148 75 23 White
1392 1147 59 26 lead,
1494 1169 3 5 v

1280 1170 206 31 •]BAnti-cbrr6sive
1496 1173 70 27 paint,

1282 1204 5 5 *
1295 1202 109 23 '.Cabinet
1412 1200 117 27 furniture,

1270 1233 14 19 i
1291 1238 5 16 j
1306 1229 60 22 Well
1376 1227 107 24 seasoned
1492 1226 103 27 feathers,

1487 1260 61 20 saws,
1559 1253 55 27 files,
1625 1253 41 22 &c.

1291 1284 5 9 *
1306 1283 44 22 Tin
1359 1288 58 17 ware
1426 1280 44 22 and
1480 1279 100 28 brushes,
1856 1276 10 27 !-

1285 1323 3 11 i
1306 1310 60 22 Hats
1375 1307 45 24 and
1428 1307 112 22 thrashers
1550 1306 71 23 suited
1630 1309 24 19 to
1663 1306 38 21 the
1712 1312 86 21 season,

1286 1338 13 23 \
1307 1337 88 22 Pickles
1404 1335 24 21 in
1438 1334 60 28 pints
1507 1333 45 22 and
1562 1336 82 25 quarts,

1288 1355 124 33 ItHerriflg.
1419 1361 44 22 and
1472 1361 102 27 anchovy
1584 1364 70 24 paste,
1737 1378 4 7 ,

1283 1385 107 34 \*SauceS
1399 1388 106 26 assorted,

1284 1415 8 29 f
1308 1417 77 23 Salted
1393 1414 86 23 salmon
1489 1414 46 22 and
1543 1414 110 27 herrings,

1282 1446 20 21 V,
1310 1441 143 31 Gunpowder
1463 1441 45 22 and
1519 1441 55 27 shot,

1284 1470 16 22 s?
1308 1472 39 21 An
1357 1468 110 25 excellent
1477 1470 133 20 assortment
1619 1467 27 22 of
1656 1467 158 27 earthenware,

1281 1491 10 29 X
1308 1499 23 22 A
1341 1498 42 23 few
1393 1495 99 27 superior
1501 1495 52 22 seed
1562 1498 109 23 potatoes.

1278 1525 11 26 f
1513 1522 35 21 W.
1564 1522 171 26 FITZHERBERT,
1745 1521 33 22 Te
1789 1521 57 22 Aro>

1283 1563 88 38 fr^Oß
1384 1566 84 28 SALE,
1477 1569 23 19 at
1515 1566 44 22 this
1574 1566 70 28 office,
1662 1566 81 28 Hymn
1758 1566 75 22 Books
1846 1566 26 21 ia

1283 1592 33 27 JL?
1354 1597 38 21 the
1401 1594 76 21 native
1486 1594 117 27 language.

1285 1636 2 6 .
1308 1621 128 24 December
1443 1622 34 25 28,
1489 1621 60 21 1841.

1283 1665 114 53 BOOK
1425 1664 139 24 BINDING
1586 1665 58 22 done
1667 1668 25 18 at
1715 1665 38 21 the
1778 1664 97 22 Gazette

1361 1693 79 24 Office.
1787 1700 5 3 -

1409 1738 41 20 To
1467 1736 130 27 Captains
1617 1737 30 20 of
1661 1736 89 26 Ships.

1280 1762 100 37 fmHE
1393 1770 228 22 UNDERSIGNED
1631 1770 59 22 have
1701 1777 14 14 a
1724 1769 60 22 fresh
1794 1769 78 28 supply

1279 1792 45 39 |X
1363 1800 26 22 of
1413 1797 128 27 vegetables
1565 1796 126 27 constantly
1715 1803 29 15 on
1767 1797 62 21 hand
1850 1800 23 18 at

1321 1828 3 4 '
1331 1824 85 25 ionable
1426 1824 79 28 prices.

1598 1851 30 21 H.
1637 1851 104 27 Taylor,
1752 1850 46 22 and
1807 1851 39 21 Co.

1331 1888 139 24 Willis-street,
1481 1885 126 22 December
1617 1886 32 25 16,
1660 1885 60 22 1H41.
1738 1895 28 12 ,r-
1776 1888 68 22 *^fc.

1268 1832 188 178 PARKELS
1475 1930 49 22 coal
1540 1933 40 24 tar,
1592 1929 43 23 and
1651 1933 79 24 patent
1742 1930 131 21 anti-corro-

1348 1960 47 22 sive
1403 1957 63 28 paint
1474 1957 24 22 in
1510 1957 73 28 casks,,
1592 1965 28 14 on
1630 1959 47 19 sale
1687 1960 23 18 at
1717 1956 40 22 the
1767 1957 75 21 Stores
1851 1956 26 22 of

1444 2002 21 6 •■
1474 2003 15 4 -
1541 1985 18 23 1-
1604 2005 12 8 .4
1626 1990 107 23 ~~.Levin
1748 1990 45 22 and
1807 1990 39 22 Co.

1313 2016 127 24 December
1450 2016 33 26 17,
1494 2017 62 21 1841.

1287 2060 162 52 BARLEY,
1466 2060 46 22 and
1522 2061 78 27 barley
1610 2061 46 22 and
1670 2062 75 21 wheat
1760 2065 65 18 straw
1840 2062 34 21 for

1364 2089 52 23 sale.

1675 2115 76 23 James
1767 2116 80 22 Watt.

1314 2143 151 25 Berhampore
1476 2142 73 26 Farm,
1562 2142 49 22 Oct.
1621 2143 35 26 28,
1668 2143 61 21 1841.

1289 2187 165 51 STORAGE
1467 2187 40 21 TO
1522 2187 40 22 BE
1576 2187 77 27 HAD,
1670 2187 67 28 apply
1747 2190 24 19 to
1810 2208 7 3 .

1649 2214 26 22 T.
1687 2215 33 21 M.
1733 2215 140 22 Partridge.

1314 2243 93 22 TeAro'
1412 2240 83 23 Beach.

1529 2286 103 25 Bricks,

1289 2321 88 50 FOR
1393 2319 83 27 SALE,
1488 2323 23 19 at
1526 2321 45 21 60s.
1590 2328 39 19 per
1645 2320 121 23 thousand.
1799 2321 76 32 Apply

1347 2352 23 18 to
1387 2347 20 23 J.
1416 2346 104 28 -Pimble,
1532 2350 25 19 at
1567 2347 39 22 the
1623 2348 171 27 Sydney-street
1809 2349 66 21 Brick

1288 2376 44 21 and
1342 2375 48 23 Tile
1407 2373 86 27 Works,
1505 2377 24 19 at
1538 2374 37 22 the
1592 2378 48 18 rear
1651 2375 25 22 of
1688 2375 93 22 Colonel
1795 2375 80 22 Wake-

1478 2401 71 22 field's
1562 2402 122 22 residence.

1354 2437 80 21 Terms
1435 2446 26 4 —
1462 2434 53 23 cash
1525 2443 29 14 on
1566 2435 99 28 delivery
1675 2439 23 19 at
1708 2436 37 22 the
1755 2436 56 22 kiln.

1290 2493 6 5 -
1320 2495 5 3 -
1530 2480 103 22 Bricks.

1287 2514 142 51 BRICKS
1440 2521 30 14 on
1479 2514 46 23 sale
1534 2515 30 27 by
1574 2514 38 23 the
1620 2516 158 27 undersigned,
1795 2519 23 19 at
1831 2517 44 21 60s.

1339 2561 2 3 .
1365 2549 39 22 per
1414 2542 62 21 1000.

1315 2575 166 24 Terms-'-Cash
1490 2582 30 15 on
1530 2576 98 28 delivery
1637 2579 25 19 at
1670 2576 38 23 the
1717 2577 56 22 kiln.

1695 2604 30 21 A.
1743 2604 108 22 Ludlam.

1315 2631 158 26 Willis-street,
1483 2629 53 22 29th
1546 2630 104 22 October.

1289 2674 167 50 JOHNSON
1470 2674 68 22 AND
1552 2674 111 22 MOORE
1677 2681 38 15 are
1724 2682 52 15 now
1785 2675 93 27 landing

1340 2711 29 14 ex
1378 2702 121 26 Mandarin,
1507 2700 46 23 and
1562 2701 48 26 will,
1616 2709 58 19 open
1682 2702 24 21 in
1715 2709 14 14 a
1739 2702 43 21 few
1792 2702 62 28 days,
1865 2710 13 14 a

1289 2730 78 22 choice
1383 2728 45 24 and
1443 2728 78 23 varied
1536 2731 133 20 assortment
1684 2728 27 22 of
1725 2728 77 28 goods,
1818 2737 59 14 com-

1288 2757 86 27 prising
1397 2756 100 27 drapery,
1517 2754 89 28 hosiery
1628 2755 173 28 haberdashery,
1821 2756 54 28 lace,

1287 2784 99 28 ribbons,
1393 2782 105 30 parasols,
1505 2782 84 28 gloves,
1599 2782 57 28 baby,
1663 2782 69 27 linen,
1741 2783 134 27 perfumery,

1289 2810 97 23 London
1396 2808 65 25 made
1473 2809 112 27 superfine
1600 2809 61 22 dress
1674 2809 46 22 and
1735 2810 64 21 frock
1809 2813 66 25 coats,

1289 2841 108 24 trowsers,
1413 2837 131 26 waistcoats,
1559 2839 71 25 gents,
1648 2836 60 22 cloth
1729 2838 61 25 caps,'
1804 2836 71 29 shoes,

1288 2865 46 21 and
1343 2865 71 27 single
1425 2863 46 22 and
1480 2863 80 22 double
1568 2864 128 27 percussion
1704 2863 46 22 and
1757 2861 50 24 Hint
1813 2871 62 20 guns,

1288 2892 48 22 real
1354 2892 92 25 Witoey
1471 2889 110 29 blankets,
1602 2893 37 19 cut
1659 2890 68 28 glass,
1747 2890 129 33 stationery,

1288 2919 98 27 packing
1400 2924 70 21 paper
1486 2916 45 22 and
1546 2920 79 24 trome,
1639 2916 47 23 fine
1701 2918 53 20 boat
1771 2918 63 27 nails,
1846 2918 32 26 pit

1288 2953 45 15 saw
1354 2946 50 22 files
1412 2944 52 28 _and
1468 2970 6 5 #
1485 2944 91 27 general
1597 2944 130 26 hardware,'
1743 2944 64 28 paint
1830 2944 46 28 oils,

1287 2972 94 24 brushes
1388 2970 45 25 aiid
1439 2970 106 28 painter's
1552 2971 118 27 materials,
1677 2970 113 22 medicine
1797 2970 79 28 chests,

1288 3006 112 21 congreve
1414 2998 107 27 matches,
1536 2998 46 22 fine
1595 2998 80 27 butter,
1694 2998 87 27 cheese,
1793 2998 85 22 bottled

1285 3026 74 27 fruits,
1369 3024 92 30 pickles,
1472 3032 83 20 sauces,
1566 3025 48 27 &c,
1625 3025 40 21 &c.

1487 3066 59 26 £20
1561 3069 124 22 Reward.

1289 3105 92 23 nnHE
1391 3105 70 23 above
1470 3103 84 23 reward
1565 3103 44 22 will
1617 3104 29 21 be
1654 3103 68 27 given
1738 3106 23 19 to
1772 3111 46 20 any
1829 3111 50 20 per-

1295 3126 30 29 X
1350 3140 42 14 son
1401 3138 24 16 or
1434 3137 93 21 persons
1537 3130 49 22 who
1596 3137 51 20 may
1654 3130 96 22 succeed
1759 3130 24 22 in
1793 3131 85 27 getting

1287 3167 31 20 up
1393 3159 54 23 boat
1464 3156 70 28 lately
1551 3157 44 22 lost
1610 3157 23 22 in
1653 3156 44 23 this
1713 3157 105 27 harbour,
1833 3158 45 22 and

1287 3186 84 22 known
1385 3194 25 14 as
1419 3184 39 22 the
1469 3187 105 24 property
1586 3184 25 22 of
1621 3183 33 22 W.
1666 3183 30 22 A'i
1707 3183 107 29 Wansey,
1826 3185 51 28 Esq.

1287 3213 48 23 The
1351 3220 61 15 same
1426 3214 25 18 to
1465 3213 27 19 be
1508 3210 114 25 delivered
1637 3213 23 19 to
1675 3211 35 22 W.
1722 3211 89 27 Meecn,
1826 3212 53 21 boat

1287 3240 96 27 builder,
1395 3237 144 27 Wellington.

1502 3290 39 21 To
1552 3290 34 21 be
1596 3290 71 25 sold,

1289 3326 92 22 rriHE
1393 3323 138 28 LICENSE,
1542 3326 24 19 to
1573 3330 44 15 run
1626 3323 34 22 for
1670 3323 38 23 the
1718 3319 128 27 rernaiiider
1858 3325 24 22 of

1296 3346 31 29 JL
1350 3353 38 22 the
1399 3358 60 22 year,
1471 3351 25 21 of
1503 3350 38 22 the
1548 3350 129 23 Australian
1685 3351 97 27 Tavern,
1792 3352 87 27 Potoni,

1288 3380 107 28 formerly
1405 3377 53 24 beld
1466 3377 30 28 by
1506 3377 38 22 the
1555 3377 44 22 late
1611 3378 26 21 G.
1649 3377 31 22 H.
1691 3378 92 27 Coglari.

1316 3407 63 27 Also,
1393 3410 21 18 to
1431 3404 38 27 let,
1481 3412 13 14 a
1506 3404 63 27 good
1584 3404 80 27 sailing
1670 3403 3 5 '
1679 3405 59 27 boat,
1749 3405 91 28 capable
1858 3406 24 21 of

1289 3435 90 27 earring
1388 3433 48 26 10,0
1440 3433 26 19 CO
1476 3431 46 22 feet
1533 3431 26 22 of
1571 3431 85 22 timber.
1686 3432 78 27 Apply
1773 3436 23 17 to

1560 3466 91 23 Jemima
1667 3465 102 28 Coglan,
1781 3474 25 14 or
1814 3469 24 19 to

1561 3491 35 23 W.
1607 3492 26 22 B.
1643 3492 97 22 Rhodes
1757 3493 45 22 and
1812 3494 38 21 Co.

1513 3538 55 20 For
1582 3537 67 21 Sale.
1707 3558 3 4 .
1743 3546 5 3 -

1461 3573 29 20 To
1499 3572 24 20 be
1531 3572 47 20 sold
1586 3578 13 13 a
1609 3572 92 27 bargain,

1289 3608 93 48 ONE
1392 3609 52 22 neat
1454 3609 93 24 cottage,
1559 3605 39 26 the,
1607 3605 73 22 inside
1690 3605 45 23 and
1751 3607 53 21 roof
1814 3606 63 22 lined

1350 3635 25 22 in
1391 3643 14 14 a
1419 3633 124 22 handsome
1563 3640 99 20 manner,
1680 3633 54 21 with
1750 3633 61 22 front
1832 3634 46 21 and

1287 3661 47 22 side
1341 3662 69 22 'doors
1418 3668 5 18 ;
1433 3659 103 27 together
1545 3659 53 22 with
1607 3666 14 15 a
1630 3662 66 25 store,
1704 3659 30 22 all
1743 3660 103 27 frontage
1854 3665 23 17 to

1287 3688 113 23 Lambton
1411 3688 65 32 Quay
1483 3694 6 19 ;
1504 3686 46 21 and
1567 3693 13 14 a
1590 3686 49 28 clay
1647 3686 72 22 house
1733 3690 24 18 at
1773 3687 36 21 the
1820 3687 58 22 back

1285 3716 94 27 floored,
1391 3713 122 27 sash-door,
1525 3713 46 21 and
1585 3713 31 22 all
1754 3713 35 22 for
1797 3714 81 21 imme-

1285 3740 61 25 diate
1355 3740 132 30 possession.
1515 3740 46 21 For
1569 3739 86 23 further
1663 3740 133 28 particulars
1807 3740 76 28 applyl

1286 3773 24 19 to
1320 3770 44 21 Mr.
1376 3770 67 27 Pope,
1452 3774 29 15 on
1492 3767 37 21 the
1540 3767 113 27 premises.

1509 3812 54 21 Fox
1578 3812 67 21 Sale.
1657 3815 3 4 '

1284 3847 90 48 THE
1392 3843 106 26 HOUSE
1512 3843 108 28 occupied
1628 3845 30 26 by
1666 3843 40 23 the
1715 3844 160 29 undersigned,

1331 3871 96 25 situated
1435 3871 25 21 in
1472 3871 183 27 Murphy-street,
1663 3871 56 22 with
1724 3871 38 23 the
1772 3871 60 23 lease
1841 3873 35 21 for

1345 3901 69 22 about
1429 3899 27 21 14
1473 3905 65 20 years
1557 3898 26 22 of
1599 3897 50 23 half
1666 3905 31 15 an
1710 3906 54 19 acre,
1779 3899 27 22 of
1821 3899 56 22 land

1285 3927 113 23 attached.

1623 3951 24 23 T.
1658 3951 35 23 M.
1699 3951 147 25 Partridge.

2102 684 40 25 £5
2155 688 126 21 Reward.

1898 722 89 49 THE
2002 722 108 23 ABOVE
2122 722 138 23 REWARD
2277 722 45 23 will
2335 723 27 22 be
2378 723 67 27 given
2462 726 24 19 to

1971 756 43 20 any
2025 757 41 14 one
2074 749 51 22 who
2134 749 46 22 will
2188 749 205 27 give.information
2408 752 23 19 to
2437 771 4 6 ,
2446 749 38 22 the

1955 775 157 27 undersigned,
2124 776 26 21 of
2161 776 38 22 the
2207 783 82 20 person
2296 783 25 14 or
2328 783 99 21 persons,
2435 775 50 22 who

1898 803 79 32 persist
1985 802 24 22 in
2020 802 129 28 destroying
2157 802 39 23 the
2205 804 65 21 fence
2282 802 25 22 of
2318 810 50 15 acre
2381 802 45 23 No.
2437 804 48 26 203,

1898 837 23 14 m
1931 830 188 22 Dickson-street.

2225 856 28 21 T.
2267 856 33 21 M.
2315 855 142 23 Partridge.

1924 883 57 22 Dec.
1990 884 35 24 24,
2038 883 61 21 1841.
2135 898 3 4 ■
2322 891 5 24 ;
2438 895 18 21 Il
2456 912 29 5 _

2072 926 129 22 Juvenile
2211 928 102 20 Books.

1905 960 86 23 TUST
2000 960 132 28 OPENED,
2143 960 45 23 and
2200 968 28 15 on
2239 961 47 22 sale
2294 964 24 19 at
2334 961 37 22 the
2388 961 63 22 office
2461 961 27 22 of

1898 983 25 26 O
1957 988 44 21 this
2018 994 75 22 paper,
2103 1006 4 8 ,
2114 994 13 15 a
2223 987 118 22 collection
2367 988 26 22 of
2415 988 73 22 books

1898 1014 73 22 suited
1985 1014 33 22 for
2036 1014 36 22 the
2086 1014 102 27 juvenile
2206 1014 112 23 branches
2335 1015 26 22 of
2371 1022 14 14 a
2400 1014 85 28 family,

1899 1041 121 27 consisting
2035 1041 51 21 of—

1924 1067 111 22 Coloured
2044 1068 143 26 battledores,
2197 1068 38 21 3d.
2246 1067 62 28 each;

1926 1095 21 21 A
1957 1095 102 27 quantity
2074 1095 27 21 of
2112 1097 38 24 toy
2166 1094 76 27 books,
2255 1094 36 23 Id.
2308 1094 62 27 each,
2388 1094 46 23 and
2448 1094 38 23 the

1898 1121 113 27 following
2020 1121 78 27 works,
2108 1125 40 23 got
2157 1129 30 20 up
2196 1122 24 21 in
2231 1128 14 15 a
2254 1129 54 19 very
2318 1124 53 19 neat
2380 1122 57 27 style
2444 1129 5 14 :
2451 1133 29 5 —

2065 1162 45 16 ONE
2126 1162 110 15 SHILLING
2249 1162 70 15 EACH.

1926 1188 104 22 Children
2045 1189 27 22 of
2083 1188 44 23 'the
2143 1188 81 28 Abbey
2231 1197 6 19 ;
2260 1195 15 16 a
2290 1188 59 28 tale,'
2359 1188 31 30 by
2401 1188 88 28 Regina

1900 1215 73 22 Maria
1982 1214 83 28 Roche,

1926 1242 94 27 History
2030 1242 25 21 of
2065 1242 66 27 Lucy
2140 1241 71 29 Clare,

1926 1268 93 28 History
2030 1269 24 21 of
2066 1268 40 23 the
2117 1269 82 27 Faries,

1926 1296 108 21 Russell's
2041 1303 68 15 seven
2119 1303 108 21 sermons,
2239 1296 52 22 fifth
2300 1296 93 28 edition,

1926 1322 89 28 JSsop's
2024 1323 86 27 Fables,

1927 1349 58 22 Irish
1995 1350 61 24 tales,
2067 1349 86 27 stories,
2164 1349 47 22 and
2220 1350 128 27 anecdotes,

1927 1376 124 27 Elizabeth,
2063 1384 25 14 or
2098 1377 38 21 the
2147 1377 69 22 exiles
2226 1376 26 23 of
2264 1377 95 27 Siberia,

1927 1402 58 23 Paul
1996 1403 43 22 and
2049 1403 110 27 Virginia,

1927 1429 49 22 The
1985 1430 53 22 Post
2047 1430 93 28 Captain
2147 1439 6 19 ;
2164 1437 26 15 or
2199 1430 38 22 the
2247 1430 103 22 Wooden
2360 1430 71 23 Walls
2441 1430 52 22 well

1901 1456 105 27 manned,
2221 1468 7 7 •>
2248 1470 3 4 •
2260 1470 5 3 •

1927 1483 49 22 The
1985 1484 55 21 lives
2050 1484 45 22 and
2109 1483 86 23 actions
2213 1483 25 22 of
2251 1483 39 22 the
2303 1486 60 20 most
2378 1484 114 22 notorious

1902 1509 170 29 Highwaymen,

1928 1537 49 22 The
1995 1537 105 22 Patriotic
2118 1537 77 28 Sailor,
2214 1545 25 14 or
2260 1537 103 23 sketches
2380 1538 26 21 of
2425 1537 67 23 naval

1901 1563 51 28 life,
2460 1574 4 16 ;

1929 1590 51 23 Life
1995 1590 26 23 of
2031 1591 133 27 Bonaparte-,
2170 1604 3 4 •

1929 1618 94 27 History
2034 1618 24 22 of
2068 1618 75 22 Baron
2155 1618 166 28 Munchausen,

1929 1644 109 23 Memoirs
2060 1644 26 23 of
2106 1645 145 27 Amoranda';
2278 1653 25 14 or
2321 1644 39 24 the
2379 1645 114 23 reformed

1905 1675 88 25 coquet,

1930 1699 60 22 Lord
2001 1698 164 23 Chesterfield's
2174 1698 87 23 Letters
2272 1702 23 19 to
2304 1699 36 22 his
2350 1707 47 20 son,

1930 1726 97 27 Elegant
2034 1725 91 28 Poems,
2179 1729 13 23 .'
2234 1742 5 2 -

1930 1753 50 22 Life
1990 1753 27 21 of
2028 1753 94 27 Captain
2132 1753 68 22 Cook.

2052 1798 5 5 •
2068 1805 3 3 .
2105 1794 110 15 SIXPENCE
2224 1794 73 15 EACH.

1929 1820 54 22 Two
1992 1820 76 22 sisters
2074 1818 184 30 and-fisherman^

1931 1848 106 22 Soloman
2051 1848 139 22 Sobersides
2198 1848 123 22 Christmas
2331 1848 54 22 tales
2394 1848 34 22 for
2432 1848 62 27 -boys

1904 1874 43 22 and
1958 1874 58 28 girls,

1931 1902 91 21 Mother
2031 1902 98 22 Bunch's
2139 1902 58 27 fairy
2206 1902 67 27 tales,

1891 1926 2 35 |
1931 1928 88 27 Beauty
2029 1929 44 21 and
2083 1929 39 21 the
2132 1929 74 26 Beast,

1891 1950 2 32 I
1932 1955 95 28 History
2037 1955 24 21 of
2071 1955 58 22 little
2141 1955 63 28 Jack,

1931 1982 94 28 History
2036 1983 24 21 of
2070 1982 118 22 Robinson
2199 1983 91 27 Crusoe,

1931 2009 49 21 The
1983 2009 139 22 -valentine's
2133 2009 48 27 gift,

1931 2036 94 26 History
2048 2036 28 21 of
2220 2036 109 28 Playlove
2353 2037 46 22 and
2423 2037 73 27 Jaeky

1906 2063 127 27 Lovebook,

1931 2089 48 22 The
1989 2087 97 30 triumph
2096 2089 27 23 of
2133 2089 61 28 good
2202 2093 88 24 nature,

1933 2117 65 27 Story
2009 2117 26 21 of
2044 2116 57 22 little
2112 2117 59 21 Dick
2181 2117 45 22 and
2235 2117 35 22 his
2280 2117 136 28 playthings,

1932 2143 48 22 The
1990 2143 134 22 adventures
2133 2143 26 23 of
2170 2144 97 27 Finetta,

1933 2170 94 27 History
2037 2171 26 21 of
2070 2170 110 22 Graciosa
2187 2171 44 22 and
2239 2171 104 23 Percinet
2345 2189 9 10 r
2359 2179 13 14 a
2381 2171 58 28 fairy
2445 2171 51 28 tale,

1933 2197 84 22 Sinbad
2027 2197 35 22 the
2072 2197 78 26 sailor,

1933 2224 102 27 Tragedy
2045 2224 25 22 of
2080 2224 110 28 Douglas.

2085 2266 152 15 THREEPENCE
2246 2267 71 15 EACH,

1934 2292 44 22 Obi
1984 2301 5 18 ;
2006 2300 24 14 or
2039 2291 173 29 three-fingered
2223 2293 65 28 Jack,

1933 2319 57 22 Blue
1999 2319 81 27 Beard,

1933 2346 57 22 Puss
1997 2346 24 22 in
2032 2346 76 27 Boots,

1933 2373 91 22 Mother
2034 2373 115 28 Hubbard,
2161 2374 45 22 and
2215 2374 41 22 her
2265 2375 125 22 wonderful
2400 2378 42 24 cat,

1934 2400 106 27 Aladdin,
2052 2408 23 14 or
2086 2400 38 22 the
2134 2401 126 22 wonderful
2267 2401 69 28 lamp,

1936 2427 106 23 Children
2051 2427 23 21 in
2084 2427 38 22 the
2133 2428 72 27 wood,

1934 2454 60 22 Jack
2003 2453 44 23 and
2057 2454 36 22 the
2103 2455 59 21 bean
2174 2455 67 28 stalk,

1936 2481 120 23 Gulliver's
2067 2481 88 28 travels,

1935 2509 39 22 Ali
1980 2509 66 26 .Baba
2053 2516 5 19 ;
2074 2516 25 14 or
2107 2509 39 21 the
2157 2508 60 29 forty
2227 2509 96 28 thieves,.

1936 2535 84 22 Sinbad
2030 2536 36 21 the
2076 2535 74 26 sailor,

1936 2563 94 26 History
2040 2563 25 21 of
2075 2563 36 21 Sir
2121 2562 99 22 William
2230 2563 110 28 Wallace,

1935 2589 142 22 Adventures
2089 2589 26 22 of
2126 2589 57 22 Tom
2194 2590 100 23 Thutrib,

2171 2631 66 20 ALSO,

1936 2650 80 27 Gray's
2028 2650 139 27 Arithmetic,

1935 2677 80 28 Ready
2025 2677 136 28 Reckoners,

1935 2704 121 22 Johnson's
2066 2704 141 30 Dictionary,

1935 2731 84 26 Pocket
2028 2731 95 28 Reciter,

1936 2758 116 23 Anecdote
2068 2759 25 21 of
2104 2759 50 27 wit;
2174 2759 59 23 Irish
2247 2760 46 27 wit,
2310 2760 86 28 budget
2412 2761 26 21 of
2456 2761 44 28 wit,

1907 2786 45 22 and
1962 2792 56 21 song
2027 2785 67 23 books
2103 2786 26 22 in
2138 2791 65 22 great
2211 2787 96 28 variety.

1936 2820 129 22 November
2072 2822 35 24 29,
2119 2822 62 20 1841.
2209 2836 2 6 ,

2075 2865 68 21 Port
2159 2865 31 21 of
2207 2866 125 20 London.
2365 2870 2 4 '

1962 2898 87 23 Notice
2069 2907 27 14 to
2117 2907 46 14 the
2185 2899 250 24 Public—^Travellers
2456 2902 46 21 and

1908 2925 75 22 others
1992 2925 50 23 who
2051 2926 56 22 send
2115 2926 109 28 baggage^
2235 2927 74 22 works
2319 2927 26 22 of
2356 2931 40 23 art,
2405 2935 25 14 or
2437 2928 65 23 other

1908 2951 66 23 value
1983 2956 104 24 property
2096 2956 23 19 to
2130 2953 112 27 England,
2261 2954 82 21 should
2359 2954 94 28 consign
2463 2955 39 22 the

1908 2979 112 28 packages
2029 2983 22 18 to
2061 2982 37 19 the
2109 2980 85 22 careof
2201 2989 13 13 a
2220 2980 101 23 licensed
2328 2981 174 24 Custom-house

1908 3009 75 24 agent,
1999 3014 24 14 as
2039 3006 88 23 articles
2143 3014 36 15 are
2197 3008 129 27 frequently
2340 3008 97 28 injured,
2456 3010 46 21 and

1908 3033 102 22 needless
2021 3041 96 20 expense
2132 3034 112 28 incurred,
2261 3035 37 22 for
2314 3034 37 22 the
2368 3038 60 19 want
2444 3036 26 21 of
2487 3044 15 14 a

1908 3067 81 21 proper
1994 3068 84 20 .person
2088 3064 24 19 to
2123 3061 51 22 take
2185 3061 81 28 charge
2277 3062 26 21 of
2320 3061 61 22 them
2397 3069 30 15 o»
2442 3063 60 22 their

1909 3087 88 25 arrival,
2007 3087 46 22 and
2061 3095 36 14 see
2112 3088 62 22 them
2192 3088 101 27 entered,
2311 3088 127 28 examined,
2456 3090 46 22 and

1909 3114 109 27 carefully
2031 3114 117 28 repacked.
2183 3115 50 22 The
2252 3115 82 27 charge
2350 3116 19 22 is
2385 3116 38 22 the
2439 3124 62 15 same

1908 3140 101 23 whether
2018 3148 23 15 so
2052 3141 122 27 consigned
2184 3149 26 14 or

1959 3175 172 22 Custom-house
2141 3175 117 28 Chamber,
2271 3176 105 29 London,

1910 3242 139 50 DEVOY
2059 3243 44 21 and
2113 3243 54 28 CO.,
2182 3245 46 19 who
2242 3251 37 14 are
2297 3245 35 21 tJie
2347 3246 155 21 LICENSED

1990 3271 124 20 AGENTS
2123 3271 28 25 of
2159 3272 50 20 Her
2214 3272 113 27 Majesty's
2334 3273 168 22 Commissioners

1909 3297 28 26 of
1948 3298 99 25 Customs,
2058 3299 42 20 and
2112 3299 67 20 under
2189 3300 64 25 heavy
2261 3300 65 21 bonds
2333 3300 43 26 for
2386 3301 35 21 the
2430 3302 71 26 safety

1910 3325 28 25 of
1941 3328 104 23 property
2061 3326 111 26 consigned
2185 3328 22 19 to
2222 3328 64 25 them,
2307 3328 44 26 beg
2369 3327 65 23 those
2451 3328 50 23 who

1910 3352 56 21 send
1975 3352 109 27 packages
2094 3356 23 19 to
2127 3353 59 22 their
2195 3361 58 20 enre,
2268 3358 24 18 to
2303 3362 37 14 see
2350 3354 49 23 that
2408 3355 57 22 each
2474 3356 28 21 be

1909 3378 115 28 distinctly
2036 3379 100 25 .marked
2181 3380 82 23 Devoy
2284 3382 46 21 and
2349 3382 48 28 Co.,
2417 3382 85 23 Lower

1909 3405 199 28 Thahes-sthset,
2251 3408 46 22 and
2301 3406 38 24 the
2345 3409 42 22 bill
2393 3410 26 21 of
2423 3409 79 27 lading

1910 3439 26 15 or
1948 3433 86 27 receipt
2047 3433 124 23 forwarded
2190 3438 23 18 to
2231 3434 63 23 them
2313 3435 71 23 direct
2397 3436 31 27 by
2442 3440 58 24 post,

1905 3459 57 22 -with
1971 3459 143 23 instructions
2124 3460 50 23 how
2185 3461 57 22 such
2250 3462 72 27 goods
2331 3469 38 16 are
2379 3466 23 19 to
2413 3464 29 21 be
2457 3463 45 22 dis-

1908 3486 70 26 posed
1988 3486 26 22 of
2025 3488 28 21 oh
2063 3487 78 22 arrival
2151 3495 6 20 ;
2173 3488 45 22 and
2225 3496 24 15 as
2258 3497 69 19 every
2333 3490 100 27 package
2440 3493 62 19 must

1908 3511 29 24 be
1954 3514 86 26 opened
2060 3517 22 18 at
2100 3514 39 22 the
2157 3516 181 27 Custom-house,
2357 3517 22 21 if
2398 3524 46 20 any
2462 3524 38 15 are

1907 3539 87 28 locked,
2006 3540 38 23 the
2053 3540 54 28 keys
2117 3541 81 23 should
2207 3542 29 22 be
2245 3543 135 22 forwarded.

1938 3573 75 23 Goods
2023 3574 45 22 and
2076 3575 111 28 packages
2197 3584 37 14 are
2244 3576 126 22 forwarded
2379 3576 30 28 by
2418 3577 83 27 Devoy

1896 3600 57 25 .and
1964 3601 38 21 Co.
2008 3605 27 22 .to
2045 3601 30 23 all
2088 3605 62 24 parts
2164 3603 26 21 of
2202 3603 39 23 the
2258 3603 129 27 Continent,
2399 3603 37 23 the
2446 3604 56 22 East

1907 3627 46 22 and
1963 3627 63 23 West
2034 3628 81 27 Indies,
2125 3629 112 28 Colonies,
2249 3631 40 21 &c.
2301 3631 40 21 &c.
2351 3638 6 19 ;
2370 3630 51 27 and,
2431 3630 22 22 if
2465 3638 36 15 re-

1908 3654 84 28 quired,
2004 3659 51 18 sent
2068 3659 22 18 to
2100 3652 39 26 the
2152 3664 50 15 care
2218 3657 26 21 of
2254 3657 140 27 responsible
2410 3657 89 28 houses,

1907 3681 50 22 who
1972 3681 45 23 will
2033 3690 37 14 see
2085 3682 38 22 the
2140 3683 146 23 instructions
2303 3688 51 18 sent
2368 3684 53 22 with
2438 3684 62 22 them

1907 3709 132 27 punctually
2049 3710 107 22 attended
2166 3714 30 18 to.

1934 3742 39 22 All
1983 3742 69 26 gqods
2061 3742 44 23 and
2114 3743 112 28 packages
2234 3744 37 21 for
2281 3744 114 28 shipment
2401 3748 61 19 must
2471 3745 29 22 be

1907 3769 160 27 accompanied
2075 3770 31 28 by
2122 3770 89 23 written
2225 3770 155 29 instructions,
2390 3771 56 23 with
2461 3772 39 25 the

1906 3802 67 16 name
1983 3796 45 22 and
2037 3794 90 25 address
2137 3797 26 22 of
2175 3796 39 23 the
2224 3798 83 27 parties
2315 3798 32 28 by
2357 3798 72 22 whom
2446 3799 55 27 they

1906 3829 38 15 are
1957 3826 57 24 sent,
2031 3823 45 23 and
2091 3824 38 22 the
2144 3827 104 20 contents
2261 3824 45 23 and
2322 3825 67 22 value
2405 3825 27 22 of
2444 3827 56 21 eacli

1906 3849 100 27 package
2016 3851 77 22 stated.
2122 3851 50 22 The
2187 3852 56 27 duty
2253 3852 112 22 outwards
2378 3852 20 22 is
2408 3854 43 20 10*.
2460 3861 41 20 per

1906 3876 61 23 £100
1983 3877 73 22 value.
2078 3877 63 25 .The
2157 3881 49 20 rate
2223 3879 26 22 of
2261 3878 122 23 insurance
2401 3879 100 28 depends

1906 3911 61 20 upon
1978 3904 181 23 circumstances.
2188 3906 45 22 For
2251 3905 87 23 further
2353 3906 147 23 information

1906 3930 68 28 apply
1999 3934 22 19 to
2045 3932 43 22 Mr.
2109 3933 95 22 Samuel
2230 3933 103 28 Revans,
2352 3934 147 29 Wellington,

1907 3958 53 21 Port
