2540 4029
751 1661 155 26 Wednesday,
922 1662 127 21 December
1064 1662 34 25 29,
1115 1662 60 21 1841.

668 1537 92 62 New
791 1537 215 62 Zealand
1037 1537 215 62 Gazette

714 1599 67 22 AND
795 1599 214 22 WELLINGTON
1023 1599 188 22 SPECTATOR.

1906 124 81 31 highly
2006 126 139 31 productive,
2170 125 44 25 and
2240 126 87 24 several
2350 128 143 29 agricultural

1907 158 129 30 gentlemen
2048 159 22 23 of
2082 162 128 28 competent
2221 158 141 31 knowledge;
2373 164 120 28 expressed

1907 191 38 23 the
1963 191 92 31 highest
2073 193 93 30 opinion
2184 192 25 23 of
2224 192 40 23 the
2282 192 121 31 capability
2417 194 24 23 of
2455 196 38 24 the

1907 224 50 24 soil.
1989 225 52 23 One
2053 225 121 23 remarked
2185 224 49 24 that
2245 224 97 32 nothing
2352 233 64 16 more
2427 228 66 24 could

1906 257 29 23 be
1955 257 97 24 desired.
2088 258 70 23 From
2176 265 157 23 appearances,
2353 259 39 23 the
2407 259 54 24 land
2469 261 24 23 in

1907 289 38 23 the
1957 289 71 25 whole
2048 290 89 24 district
2156 298 52 23 may
2218 291 28 23 be
2258 291 89 24 cleared
2363 296 24 19 at
2406 300 14 15 a
2437 300 55 24 very-

1906 322 114 24 moderate
2037 331 108 24 expense.
2189 323 29 23 In
2239 322 65 25 those
2321 329 64 26 parts
2402 326 90 29 visited,

1907 355 38 23 the
1957 356 81 24 timber
2051 357 54 23 does
2112 361 42 19 not
2164 356 70 24 much
2245 357 83 23 exceed
2339 357 38 24 the
2391 360 102 30 quantity-

1906 389 105 30 required
2020 389 36 24 for
2067 390 100 30 fencing,
2179 389 110 31 building,
2303 390 44 23 and
2363 390 127 26 fire-wood.

1941 422 49 23 The
2002 423 58 23 river
2065 423 49 23 'has
2131 423 60 24 been
2208 423 74 23 stated
2298 427 25 19 to
2342 424 109 25 maintain
2461 427 31 22 its

1907 455 67 31 depth
1987 455 45 23 and
2051 456 96 23 breadth
2164 456 35 23 for
2217 463 14 16 a
2242 460 65 26 great
2323 456 101 24 distance
2432 466 6 20 ;
2456 458 36 24 for

1906 488 57 31 fully
1972 489 51 30 fifty
2034 489 67 23 miles
2109 489 87 23 further
2204 488 54 24 than
2268 488 37 24 the
2316 493 78 19 extent
2402 490 88 25 visited.

1907 521 70 24 From
1992 522 31 23 its
2043 530 87 21 source,
2144 523 18 22 it
2181 523 20 22 is
2219 521 57 29 said,
2295 521 39 24 the
2350 522 59 24 East
2431 524 61 31 Cape

1905 555 92 30 maybe
2015 562 63 17 seen.
2114 555 77 24 While
2209 554 78 29 there,'
2292 562 15 16 a
2316 556 78 23 native
2404 557 88 24 arrived

1905 588 59 23 from
1975 589 49 23 that
2041 589 65 31 place
2124 590 25 22 in
2165 589 53 23 nine
2236 588 54 30 days
2300 596 6 20 ;
2323 611 4 4 v
2326 589 45 23 and
2387 590 107 24 overland

1907 622 56 29 trips
1975 622 24 22 of
2014 622 39 23 the
2063 622 59 23 kind
2132 630 39 16 are
2189 620 128 31 constantly
2328 622 74 24 made;
2437 622 24 24 It
2472 624 20 23 is

1907 654 49 23 said
1966 654 38 23 the
2016 655 43 22 soil
2070 656 119 23 continues
2208 660 22 17 to
2250 655 109 31 improve,
2370 655 45 24 and
2422 655 71 31 judg-

1907 687 40 30 ing
1958 687 29 30 by
1994 688 38 22 the
2041 688 111 23 immense
2164 693 73 18 totara
2245 692 59 19 trees
2315 688 102 31 brought
2429 688 64 25 down

1907 719 30 31 by
1947 720 38 23 the
1996 721 97 28 freshes,
2105 721 19 23 it
2134 721 20 22 is
2172 716 109 36 probable
2290 720 50 24 that
2356 722 47 22 this
2424 726 70 19 state-

1906 757 62 19 ment
1978 754 21 22 is
2012 757 95 20 correct.
2142 754 42 23 All
2194 753 47 25 the.
2246 752 71 24 forest
2328 761 30 15 on
2368 754 40 24 the
2418 755 77 24 banks

1906 786 36 23 for
1953 789 32 22 50
2003 787 65 23 miles
2088 794 95 24 appears
2203 790 22 19 to
2243 786 29 23 be
2288 786 110 30 kikaitea,
2410 788 44 23 and
2472 789 25 23 of

1907 820 114 23 moderate
2032 821 176 22 circumference
2216 828 6 20 ;
2244 818 64 25 while
2324 820 38 28 all,
2375 827 26 16 or
2415 822 79 31 nearly

1907 853 31 23 all
1949 853 37 23 the
1999 858 59 19 trees
2069 853 75 23 which
2154 861 37 15 are
2200 853 99 30 brought
2311 853 65 24 down
2384 853 41 24 the
2434 855 60 23 river

1906 886 31 31 by
1948 886 37 23 the
1997 891 100 25 current,
2110 895 38 15 are
2160 891 73 19 totara
2243 890 68 25 trees,
2324 886 43 24 and
2378 888 118 31 generally

1907 919 28 23 of,
1946 919 111 23 immense
2067 920 185 22 circumference.

1940 952 76 24 While
2028 953 72 29 there,
2113 953 38 24 the
2163 956 69 21 water
2243 953 24 22 in
2279 952 39 23 the
2328 953 61 24 river
2406 961 44 16 was
2466 955 26 23 of

1907 994 13 15 a
1930 985 71 32 sandy
2013 986 84 29 colour,
2111 987 74 30 owing
2196 985 19 23 it
2225 993 46 16 was
2284 986 47 23 said
2343 990 23 19 to
2374 986 38 24 the
2421 987 73 31 heavy

1907 1020 61 22 rains
1977 1028 5 20 ;
2001 1019 40 24 the
2051 1020 90 23 natives
2154 1020 45 23 and
2209 1018 67 24 white
2292 1019 80 31 people
2390 1018 104 26 declared

1906 1053 18 23 it
1936 1060 44 16 was
1987 1053 122 29 .generally
2120 1061 24 15 as
2157 1053 59 23 clear
2227 1060 26 16 as
2265 1053 92 29 crystal.

1940 1086 96 23 Neither
2046 1090 65 20 stone
2122 1094 43 16 nor
2182 1085 67 25 brick
2266 1086 50 30 clay
2333 1093 47 17 was
2401 1090 23 19 at
2443 1087 52 23 first

1906 1126 62 23 seen,
1981 1119 39 24 the
2030 1119 77 30 latter,
2116 1119 112 28 however,
2249 1126 47 16 was
2314 1119 51 23 said
2380 1123 24 19 to
2422 1119 29 24 be
2468 1120 25 23 in

1906 1152 130 24 abundance
2053 1161 64 15 some
2137 1153 102 24 distance
2256 1160 32 23 up
2305 1152 39 23 the
2362 1154 69 27 river,
2449 1154 46 23 and

1906 1185 139 31 subsequent
2057 1187 146 22 information
2213 1185 38 23 led
2262 1189 24 19 to
2298 1185 39 23 the
2354 1185 73 25 belief
2445 1186 51 24 that

1906 1218 18 23 it
1935 1218 74 23 would
2019 1218 29 23 be
2058 1219 118 30 generally
2186 1218 72 23 found
2276 1225 29 16 on
2323 1218 38 23 the
2378 1218 76 24 banks
2473 1219 26 24 of

1906 1251 39 23 the
1956 1252 59 23 river
2028 1260 13 15 a
2051 1251 42 24 few
2103 1251 47 24 feet
2159 1251 74 24 below
2244 1250 39 24 the
2295 1251 96 24 surface.

1940 1284 49 24 The
2000 1285 48 23 flax
2060 1293 30 15 on
2100 1284 39 25 the
2150 1286 60 22 river
2221 1284 21 23 is
2249 1285 25 22 in
2281 1289 64 26 great
2352 1285 141 30 abundance,

1906 1318 44 23 and
1966 1318 25 23 of
2017 1326 13 15 a
2046 1318 143 24 remarkable
2211 1318 56 23 size.
2313 1317 78 25 When
2414 1326 14 16 a
2448 1319 48 25 flax

1905 1352 103 23 machine
2022 1351 58 24 shall
2092 1352 28 23 be
2131 1351 99 32 brought
2250 1352 48 23 into
2314 1359 49 21 use,
2382 1352 45 23 few
2445 1352 48 23 dis-

1905 1385 65 23 tricts
1993 1385 47 23 will
2064 1385 71 23 afford
2157 1393 14 15 a
2190 1385 75 30 larger
2289 1385 82 31 supply
2394 1385 26 24 of
2445 1385 47 24 this

1906 1418 102 23 valuable
2020 1418 86 28 article,
2119 1418 56 24 than
2187 1418 49 23 that
2246 1417 75 24 which
2331 1419 21 22 is
2365 1418 128 32 dependent

1905 1460 61 23 upon
1984 1451 40 24 the
2046 1451 151 25 Manewatu.'

1940 1485 23 24 It
1984 1486 20 22 is
2025 1485 82 29 stated,
2130 1485 51 24 that
2202 1484 64 23 there
2288 1485 20 23 is
2328 1493 14 15 a
2364 1485 128 24 downward

1905 1523 91 19 current
2013 1519 24 23 in
2059 1518 46 24 this
2128 1519 68 29 river,
2214 1518 140 31 throughout
2372 1518 39 24 the
2429 1526 63 23 year.

1905 1552 99 30 Though
2032 1552 39 23 the
2093 1552 61 23 wind
2182 1552 127 30 constantly
2335 1556 45 19 sets
2405 1552 85 30 inland,

1906 1586 73 31 owing
1992 1589 22 20 to
2026 1585 39 23 the
2076 1586 102 31 winding
2190 1592 79 16 course
2281 1585 24 23 of
2320 1585 39 23 the
2370 1586 69 28 river,
2451 1585 40 25 the

1905 1618 132 32 apparently
2048 1619 44 24 fair
2103 1619 61 23 wind
2175 1618 36 25 for
2222 1618 130 32 ascending,
2366 1619 19 23 is
2398 1618 49 24 foul
2457 1618 38 25 for

1905 1657 43 19 two
1959 1653 74 23 thirds
2044 1652 26 24 of
2084 1652 40 24 the
2136 1652 100 24 distance
2252 1652 91 23 visited.
2385 1652 33 23 In
2438 1660 54 16 con-

1905 1693 119 24 sequence,
2037 1686 19 23 it
2067 1686 19 23 is
2097 1690 42 19 not
2151 1690 21 19 to
2184 1686 29 23 be
2225 1685 108 31 expected
2345 1685 50 23 that
2405 1686 88 23 vessels

1905 1719 58 23 from
1975 1719 37 23 the
2025 1719 84 23 Straits
2131 1719 46 23 will
2195 1723 95 26 attempt
2307 1722 24 20 to
2347 1718 85 24 ascend
2452 1719 42 23 be-

1905 1752 60 31 yond
1972 1752 37 24 the
2022 1752 101 24 distance
2135 1752 54 32 they
2201 1759 41 17 can
2253 1751 97 32 proceed
2371 1752 123 32 ordinarily

1906 1786 158 31 conveniently
2085 1787 32 30 by
2136 1786 39 23 the
2195 1785 36 25 aid
2250 1785 26 23 of
2297 1785 59 23 wind
2375 1785 45 24 and
2438 1785 53 25 tide.

1906 1819 98 31 Though
2022 1824 72 19 steam
2111 1819 46 24 will
2178 1819 117 24 doubtless
2312 1824 74 19 resort
2405 1824 22 19 to
2448 1819 47 23 this

1905 1854 59 22 river
1987 1858 23 18 at
2031 1861 29 15 an
2085 1853 63 31 early
2172 1852 86 33 period',
2279 1852 48 24 still
2349 1853 83 22 almost
2454 1853 39 23 the

1905 1886 71 24 whole
1989 1886 24 23 of
2028 1887 30 22 its
2070 1886 63 23 trade
2144 1886 47 24 will
2196 1887 28 23 be
2232 1885 86 24 carried
2329 1893 29 16 on
2370 1886 35 30 by
2412 1886 83 31 sailing

1906 1920 64 24 craft.
2018 1920 58 23 This
2095 1921 20 22 is
2134 1920 37 23 the
2189 1926 50 17 case
2252 1919 31 23 all
2300 1926 54 16 over
2366 1919 39 23 the
2417 1919 78 24 world.

1905 1953 67 24 Even
1984 1961 28 16 on
2024 1953 38 24 the
2081 1953 102 24 Hudson
2202 1953 68 28 river,
2291 1952 75 24 where
2385 1957 111 19 steamers

1906 1994 81 15 swarm
1998 1987 35 22 for
2045 1987 38 22 the
2100 1994 42 16 use
2154 1987 26 22 of
2200 1993 145 24 passengers,
2366 1986 39 22 the
2425 1985 72 30 goods

1905 2027 38 14 are
1966 2019 78 29 nearly
2065 2020 30 21 all
2120 2020 86 21 carried
2229 2018 31 29 by
2289 2018 83 30 sailing
2399 2017 96 23 vessels.

1905 2051 89 30 Sailing
2022 2052 87 22 vessels
2138 2050 108 24 intended
2268 2050 36 23 for
2324 2050 41 23 the
2388 2058 46 21 sea,
2458 2059 38 14 are

1904 2085 81 30 rigged
1996 2085 45 22 and
2051 2085 66 23 fitted
2128 2088 23 19 at
2170 2093 14 14 a
2199 2083 68 24 much
2287 2088 90 26 greater
2397 2092 100 22 expense

1906 2118 53 23 than
1972 2119 20 22 is
2003 2118 106 31 required
2121 2118 35 23 for
2168 2116 85 24 vessels
2265 2117 133 30 navigating
2416 2118 79 28 rivers,

1905 2151 74 24 which
1990 2152 20 22 is
2022 2151 38 24 the
2071 2159 81 16 reason
2166 2151 26 23 of
2214 2150 39 23 the
2271 2150 84 23 former
2375 2158 26 15 so
2420 2151 75 30 rarely

1905 2184 141 31 performing
2057 2185 38 23 the
2107 2185 64 23 work
2183 2184 74 24 which
2269 2191 42 15 can
2316 2184 29 23 be
2353 2184 145 23 undertaken

1905 2218 30 30 by
1947 2218 38 24 the
1996 2219 75 23 latter.
2108 2218 52 23 The
2171 2225 72 25 upper
2255 2222 52 26 part
2319 2217 25 23 of
2358 2217 40 24 the
2410 2217 85 24 Mane-

1906 2255 60 19 watu
1977 2256 63 19 must
2050 2252 29 23 be
2090 2252 123 31 navigated
2223 2250 31 31 by
2265 2259 15 14 a
2296 2250 58 24 class
2366 2250 25 24 of
2409 2251 88 23 vessels

1905 2285 123 31 peculiarly
2042 2285 97 32 adapted
2156 2290 22 18 to
2203 2284 97 24 contend
2316 2284 54 23 with
2391 2289 107 25 contrary

1907 2323 110 19 currents.
2054 2318 67 31 They
2136 2327 37 15 are
2187 2318 63 30 long,
2265 2317 101 29 shallow,
2385 2318 45 23 and
2443 2325 55 15 nar-

1906 2360 54 21 row,
1973 2353 44 23 and
2026 2360 54 23 may
2091 2360 66 22 carry
2177 2354 32 23 60
2232 2356 52 18 tons
2304 2351 96 24 without
2415 2352 82 23 incon-

1905 2386 116 24 venience.
2059 2386 68 31 They
2137 2386 59 23 have
2207 2392 41 17 one
2261 2385 51 28 sail,
2333 2385 46 23 and
2396 2393 14 15 a
2429 2389 67 24 mast,

1907 2419 50 23 that
1967 2427 42 16 can
2019 2419 30 23 be
2060 2419 106 24 lowered.
2203 2417 66 31 They
2286 2426 37 15 are
2334 2418 51 23 half
2401 2417 97 30 decked,,

1906 2452 55 24 with
1978 2454 107 31 stepping
2104 2453 84 23 boards
2207 2459 31 17 on
2253 2452 58 22 both
2328 2452 61 23 sides
2409 2452 25 23 of
2459 2451 39 23 the

1905 2487 75 23 vessel
2013 2487 32 30 by
2063 2487 37 23 aid
2117 2487 27 22 of
2157 2484 82 29 which,
2258 2485 46 23 and
2321 2485 57 31 long
2394 2485 72 31 pole's,
2486 2493 14 14 a

1907 2520 67 23 small
1986 2528 58 15 crew
2055 2521 20 22 is
2088 2520 96 24 enabled
2196 2524 22 19 to
2229 2518 62 23 force
2304 2527 14 15 a
2325 2518 76 24 vessel
2413 2518 25 24 of
2458 2518 38 23 the

1907 2553 57 24 kind
1976 2554 90 30 against
2077 2561 14 16 a
2103 2558 80 27 strong
2196 2556 92 21 current
2304 2560 69 23 many
2390 2552 67 23 miles
2474 2552 25 22 in

1907 2586 44 24 the'
1959 2587 50 29 day.

1942 2621 43 23 We
1996 2621 108 24 returned
2114 2621 31 31 by
2157 2629 14 15 a
2182 2620 73 24 maori
2264 2619 63 31 path,
2335 2618 76 24 whicli
2422 2619 76 22 leaves

1907 2653 38 23 the
1957 2654 42 23 left
2015 2654 64 24 bank
2098 2655 26 23 of
2139 2654 40 24 the
2196 2655 61 22 river
2276 2652 68 23 about
2361 2653 54 22 nine
2434 2652 66 23 miles

1907 2687 59 23 from
1978 2688 29 22 its
2025 2688 89 23 mouth.
2152 2687 58 24 This
2228 2685 56 31 path
2302 2685 108 31 proceeds
2430 2685 26 23 in
2471 2693 30 15 an

1908 2720 82 23 almost
2002 2721 67 23 south
2082 2721 118 27 direction,
2213 2725 23 18 to
2250 2727 14 14 a
2275 2722 76 27 pretty
2363 2718 62 24 lake,
2429 2718 72 23 called

1909 2753 135 29 Orewenua,
2058 2753 86 24 distant
2154 2753 59 24 from
2226 2752 38 23 the
2284 2751 134 24 Manewatu
2434 2752 68 23 about

1907 2788 54 22 nine
1979 2788 75 22 miles.
2091 2788 40 23 On
2150 2788 110 27 starting,,
2275 2786 19 22 it
2309 2793 45 15 was
2375 2793 40 15 our
2434 2785 69 23 belief

1908 2820 50 23 that
1967 2828 32 15 we
2010 2828 59 16 were
2080 2824 24 20 to
2116 2828 54 23 pass
2180 2819 99 31 through
2291 2827 14 15 a
2312 2819 114 23 valueless
2437 2819 62 31 piece

1909 2854 26 23 of
1949 2858 104 26 country,
2063 2854 41 23 but
2116 2858 22 19 to
2152 2862 40 15 our
2205 2853 102 30 surprise
2364 2852 77 24 found'
2446 2859 53 16 our-

1910 2887 74 24 selves
1996 2888 24 23 in
2029 2895 14 15 a
2060 2887 89 24 district
2161 2888 25 23 of
2200 2888 58 22 from
2277 2887 45 22 five
2340 2890 23 19 to
2381 2887 37 22 six
2436 2885 63 23 mile's

1909 2920 77 30 broad,
2007 2921 25 23 of
2057 2921 112 23 excellent
2185 2919 55 25 food
2246 2920 46 22 'for
2302 2922 3 6 '
2316 2919 75 24 cattle.
2434 2919 67 23 After

1909 2955 95 30 passing
2013 2955 38 22 the
2062 2954 61 29 lake,
2137 2954 38 23 the
2186 2953 55 24 road
2257 2953 66 23 takes
2335 2961 14 15 a
2360 2960 62 16 more
2433 2955 66 20 west-

1910 2988 49 31 erly
1982 2988 110 24 direction
2102 2997 6 20 ;
2134 2988 43 23 but
2198 2995 34 16 we
2255 2986 123 24 contitfued
2399 2990 25 19 to
2445 2992 53 24 pass

1910 3021 100 31 through
2027 3021 56 24 land
2100 3021 97 24 covered
2214 3020 56 24 with
2285 3028 74 22 grass,
2379 3020 59 27 fern,
2455 3018 43 24 and

1910 3055 54 28 flax,
1976 3055 60 23 until
2047 3054 41 24 we'
2092 3055 90 23 arrived
2192 3052 80 26 within
2286 3061 14 15 a
2310 3061 56 23 very
2377 3052 64 24 short
2451 3052 47 23 dis-

1911 3092 65 19 tance
1988 3089 25 22 of
2027 3088 38 23 the
2079 3096 39 16 sea
2138 3088 78 23 beach.
2252 3087 26 23 It
2294 3087 21 23 is
2332 3094 52 15 now
2401 3085 96 28 evident,

1912 3122 48 22 that
1972 3122 62 23 there
2054 3122 21 23 is
2092 3122 113 23 excellent
2223 3120 54 24 food
2293 3120 36 24 for
2340 3118 125 25 thousands
2477 3117 24 24 of

1906 3155 73 27 .cattle
1989 3155 103 24 between
2102 3155 57 24 Pari
2171 3155 56 23 Pari
2238 3153 45 24 and
2300 3153 39 23 the
2351 3153 131 24 Manewatu
2490 3160 7 19 ;

1906 3188 50 26 .and
1968 3188 62 24 there
2041 3189 21 22 is
2074 3196 68 23 every
2152 3196 84 16 reason
2252 3191 24 19 to
2294 3186 88 24 believe
2393 3186 51 23 that
2460 3184 37 23 the

1912 3229 61 16 same
1985 3222 92 23 remark
2087 3222 87 31 applies
2186 3225 24 20 to
2220 3219 38 26 the
2274 3219 122 24 sea-board
2412 3219 88 23 district

1911 3255 101 24 between
2023 3256 39 23 the
2074 3255 133 23 Manewatu
2218 3254 46 24 and
2274 3252 138 32 Wanganui.

1946 3289 50 23 The
2016 3289 147 24 information
2183 3293 23 18 to
2224 3289 28 22 be
2272 3285 91 28 deriyed
2381 3285 61 23 from
2462 3283 38 24 the

1913 3322 125 31 Surveyor-
2042 3322 121 24 General's
2180 3324 77 29 report
2279 3327 61 23 upon
2359 3318 139 27 Manewatu,

1913 3355 43 24 and
1966 3356 49 23 that
2025 3355 76 24 which
2111 3355 43 24 has
2175 3352 111 34 appeared
2300 3352 59 23 from
2370 3351 38 24 the
2420 3359 46 24 pen
2477 3350 24 23 of

1913 3389 46 24 Mr.
1975 3389 84 24 Stokes
2073 3389 131 31 respecting
2215 3387 38 23 the
2268 3384 117 32 Wyderop
2397 3388 103 26 country,

1912 3427 62 18 must
1991 3423 64 31 place
2076 3421 88 31 beyond
2182 3420 71 23 doubt
2270 3418 51 24 that
2336 3426 35 16 we
2392 3426 38 16 are
2448 3424 50 16 sur-

1912 3456 101 23 rounded
2022 3456 32 29 by
2065 3456 110 22 immense
2187 3452 101 25 districts
2298 3452 26 23 of
2336 3452 82 31 highly
2429 3449 69 26 avail-

1913 3489 49 23 able
1973 3489 60 28 land,
2046 3487 74 24 which
2132 3494 42 16 can
2185 3487 29 23 be
2225 3485 143 32 approached
2377 3485 52 23 with
2437 3486 63 29 great

1912 3522 93 30 facility.
2439 3544 2 4 ,
2479 3539 4 4 .

1929 3555 4 2 '
1945 3555 25 23 A
1981 3554 85 23 certain
2076 3553 89 24 district
2175 3554 48 23 will
2232 3553 70 30 bring
2312 3553 30 23 its
2354 3551 98 33 produce
2465 3550 33 24 di-

1912 3588 71 30 rectly
2002 3591 22 20 to
2043 3587 160 32 Wellington;
2230 3586 95 25 another
2344 3585 90 24 district
2454 3583 46 24 will

1913 3620 86 32 depend
2010 3628 62 24 upon
2090 3621 100 24 Porirua
2207 3620 100 24 harbour
2316 3628 5 20 ;
2340 3628 14 14 a
2372 3618 69 29 third,
2453 3617 47 23 that

1912 3654 74 23 which
1996 3655 21 22 is
2028 3662 56 16 near
2103 3659 22 19 to
2143 3654 122 24 Waikanai
2278 3660 42 15 can
2333 3652 55 24 send
2400 3652 29 22 its
2448 3657 51 24 pro-

1912 3687 56 24 duce
1980 3693 22 18 to
2013 3688 29 24 be
2054 3688 98 32 shipped
2166 3688 60 23 from
2244 3686 89 31 Kapiti.
2370 3684 81 25 Under
2462 3683 37 23 the

1912 3720 37 24 lea
1959 3722 25 22 of
1999 3721 49 24 that
2068 3722 83 28 island,
2164 3721 96 24 Jenkins
2278 3718 94 25 assured
2388 3725 29 16 us
2435 3717 64 23 boats

1913 3754 67 24 could
1990 3762 28 24 go
2030 3755 60 24 from
2109 3755 40 23 the
2166 3755 64 23 main
2247 3753 67 23 shore
2333 3752 82 24 almost
2434 3756 66 22 every

1913 3788 41 31 day
1971 3788 25 24 in
2013 3788 38 24 the
2069 3796 62 23 year.
2168 3788 71 23 From
2258 3786 73 24 Otaki
2347 3785 40 24 the
2404 3783 96 33 produce

1913 3826 62 19 must
1986 3823 27 22 be
2031 3821 125 24 forwarded
2171 3826 23 18 to
2212 3821 38 23 the
2262 3819 133 24 Manewatu
2429 3824 26 16 so
2465 3816 35 22 for

1914 3857 31 21 20
1957 3855 67 23 miles
2035 3863 30 15 on
2076 3854 38 24 the
2128 3854 64 23 other
2203 3854 48 23 side
2264 3852 26 24 of
2304 3852 48 23 that
2370 3852 59 23 river
2441 3851 59 21 must

1914 3889 38 22 the
1977 3892 95 27 country
2090 3887 88 31 depend
2204 3894 63 25 upon
2288 3886 20 23 it
2340 3884 91 32 beyond
2453 3882 47 23 that

1915 3921 108 29 distance,
2033 3921 39 23 the
2084 3921 99 30 produce
2196 3921 47 23 will
2252 3920 29 23 be
2296 3918 86 25 carried
2394 3922 23 19 to
2429 3916 70 24 Wan-

1914 3955 78 29 ganui.
2027 3954 52 24 The
2091 3958 96 26 country
2199 3953 102 25 between
2318 3952 38 24 the
2373 3946 128 35 Wanganui

1292 123 39 24 the
1341 123 60 24 level
1411 123 53 24 land
1471 124 74 23 which
1556 128 23 19 at
1586 124 37 23 the
1629 124 84 23 former
1724 124 21 23 is
1756 124 70 29 three,
1838 124 42 24 has

1292 161 24 19 at
1327 157 38 23 the
1376 157 66 23 latter
1453 156 119 24 increased
1583 161 23 19 to
1619 159 32 21 20
1660 157 67 24 miles
1736 158 22 23 in
1770 157 95 24 breadth
1871 167 6 19 ;

1291 190 19 22 it
1327 190 20 23 is
1366 194 40 19 not
1422 190 102 23 however
1542 190 33 23 all
1594 190 117 23 available.
1748 190 75 24 There
1835 190 20 23 is
1866 199 14 15 a

1292 222 74 24 broad
1373 222 45 24 and
1429 223 130 30 increasing
1569 223 85 23 bellr'of
1669 223 57 24 sand
1739 228 33 19 off
1779 224 38 23 the
1829 230 50 17 sea-

1293 255 57 24 side.
1384 256 35 23 At
1430 255 37 24 the
1479 256 84 23 former
1581 256 64 31 place
1656 256 18 23 it
1692 257 20 22 is
1724 256 101 24 between
1837 264 42 17 one

1293 289 45 23 and
1350 297 14 15 a
1379 288 52 24 half
1445 288 44 24 and
1507 293 44 19 two
1570 289 74 29 miles,
1656 289 45 23 and
1713 293 24 19 at
1755 289 38 23 the
1813 289 67 24 latter

1292 322 65 30 place
1366 321 100 24 between
1477 322 52 23 four
1542 322 45 23 and
1597 322 45 23 five
1650 322 67 23 miles
1726 322 78 24 broad.
1829 322 49 24 De-

1293 355 93 30 ducting
1397 354 39 24 the
1455 355 127 23 maximum
1602 355 25 23 of
1642 355 37 23 the
1695 355 57 25 belt.
1759 355 88 30 stated;
1867 364 12 15 a

1293 387 94 24 breadth
1399 388 26 23 of
1432 388 61 28 land,
1506 387 31 23 all
1547 388 113 31 supposed
1668 392 21 19 to
1697 388 29 23 be
1735 388 24 23 of
1768 388 111 24 excellent

1293 421 87 30 quality
1400 421 20 23 is
1440 420 48 29 left,
1509 422 157 30 commencing
1683 422 56 22 with
1757 430 42 15 one
1817 422 60 29 mile,

1293 454 45 23 and
1350 455 145 28 terminating
1506 454 55 23 with
1575 456 28 22 15
1617 454 65 23 miles
1694 455 25 22 in
1730 455 102 24 breadth.

1315 488 46 22 'At
1373 486 123 24 Waikanai
1512 487 45 23 and
1574 487 72 23 Otaki
1665 488 39 23 the
1716 488 128 31 vegetation
1859 488 19 24 is

1292 525 61 18 most
1363 520 123 23 luxuriant.
1522 521 34 22 At
1564 520 37 24 the
1612 521 67 22 latter
1686 521 65 23 there
1762 521 20 23 is
1792 529 14 16 a
1816 521 63 31 large

1293 554 102 30 quantity
1408 554 25 22 of
1449 553 54 23 wild
1519 558 49 18 oats
1590 554 133 31 measuring
1740 554 36 23 six
1791 555 46 23 feet
1855 555 24 23 in

1292 586 85 31 height,
1390 587 45 22 and
1447 587 51 22 wild
1510 586 74 23 wheat
1596 587 84 31 having
1691 595 51 16 ears
1754 588 36 23 six
1800 588 86 23 inches,

1292 619 62 31 long.
1389 620 34 23 At
1439 619 122 24 Waikanai
1580 620 63 23 there
1661 621 19 22 is
1693 621 113 23 excellent
1818 621 60 31 Cape

1291 652 79 31 barley
1380 653 24 23 in
1417 653 154 23 considerable
1583 653 129 31 quantities.
1748 654 24 23 A
1782 655 95 22 circum-

1293 690 76 19 stance
1378 686 73 23 which
1458 686 83 23 affords
1553 686 59 31 good
1623 686 67 31 proof
1698 687 25 23 of
1733 686 37 24 the
1781 687 96 31 produc-

1292 719 44 23 tive
1348 727 86 23 powers
1446 719 24 23 of
1488 719 38 23 the
1537 719 91 23 climate
1639 719 26 24 of
1679 719 47 24 this
1742 719 75 24 island
1827 728 52 22 may

1291 752 27 23 be
1334 752 120 24 witnessed
1472 757 23 19 at
1507 752 129 24 Waikanai.
1672 754 34 22 At
1725 753 49 23 that
1790 753 64 32 place
1867 761 12 16 a

1291 785 62 31 large
1362 787 103 29 quantity
1472 786 26 23 of
1505 790 104 27 potatoes
1622 793 37 16 are
1671 787 102 30 growing
1782 787 26 22 in
1818 795 60 15 mere

1291 818 64 24 sand.
1392 819 39 24 On
1449 820 103 30 enquiry,
1576 820 46 23 Mr.
1644 819 105 30 Jenkins,
1771 820 107 26 who^has

1289 851 60 24 lived
1362 852 62 24 there
1435 853 43 23 five
1499 860 73 23 years,
1594 852 74 24 stated
1684 852 52 24 that
1747 853 82 31 during
1842 850 37 26 his

1290 885 116 24 residence
1418 886 58 30 good
1488 893 66 23 crops
1573 885 45 24 had
1634 886 57 23 been
1705 886 105 24 obtained
1821 887 57 23 from

1289 918 39 24 the
1338 926 61 16 same
1413 919 42 23 soil
1467 919 108 31 annually
1582 919 30 30 by
1622 919 38 23 the
1669 920 96 23 natives.
1795 920 84 23 Would

1289 959 45 23 any
1340 960 83 23 person
1432 953 24 22 in
1463 952 109 31 England
1583 956 94 19 venture
1685 956 22 19 to
1717 952 53 24 take
1776 954 46 22 five
1827 961 51 16 suc-

1290 986 86 22 cessive
1395 993 65 24 crops
1472 985 26 24 of
1505 990 104 27 potatoes
1620 985 59 24 from
1694 986 37 23 the
1744 994 61 16 same
1816 987 63 31 piece

1289 1019 26 22 of
1323 1018 190 30 ground-without
1525 1019 39 24 the
1576 1018 36 24 aid
1622 1019 25 23 of
1656 1027 29 15 an
1696 1019 117 24 abundant
1824 1028 55 23 sup-

1288 1051 40 31 ply
1340 1052 25 23 of
1373 1060 94 15 manure
1474 1053 9 23 ?

1322 1084 42 24 All
1381 1086 68 30 along
1466 1086 39 23 the
1526 1090 63 19 coast
1611 1086 63 23 there
1695 1094 38 16 are
1756 1095 123 16 numerous

1289 1122 96 19 streams
1398 1119 25 23 of
1443 1118 112 24 excellent
1576 1123 77 25 water,
1674 1119 42 24 but
1733 1128 15 16 a
1765 1121 114 24 sufficient

1289 1153 103 29 quantity
1404 1152 26 23 of
1447 1157 67 18 water
1528 1151 52 24 does
1594 1156 39 19 not
1644 1157 64 19 enter
1719 1153 39 23 the
1770 1161 39 16 sea
1820 1154 59 24 from

1289 1193 45 23 any
1345 1193 42 15 one
1399 1185 23 23 of
1434 1185 69 28 them,
1516 1185 102 23 between
1633 1185 45 23 this
1691 1186 45 23 and
1748 1186 131 24 Manewatu

1288 1223 23 18 to
1324 1218 58 31 keep
1390 1227 56 15 even
1458 1227 13 14 a
1481 1219 55 22 boat
1545 1218 97 23 channel
1655 1226 65 24 open.
1757 1219 50 24 The
1819 1224 60 19 most

1288 1252 123 31 important
1423 1253 25 22 of
1460 1251 63 25 these
1536 1256 96 19 streams
1644 1260 38 16 are
1691 1253 40 23 the
1748 1252 129 31 Waikanai,

1289 1284 80 30 Otaki,
1378 1285 45 24 and
1430 1284 77 25 Ohou.
1528 1285 24 23 A
1560 1285 133 31 peculiarity
1702 1286 26 23 of
1736 1286 63 24 these
1806 1288 73 23 rivers

1288 1319 27 28 is,
1329 1318 51 24 that
1390 1319 54 27 they
1453 1319 116 30 generally
1576 1326 44 16 run
1630 1319 96 30 parallel
1737 1324 22 19 to
1766 1319 38 24 the
1816 1325 62 19 coast

1287 1352 35 23 for
1345 1360 62 15 some
1429 1352 110 24 distance.
1571 1351 59 24 This
1646 1352 172 30 circumstance,
1840 1354 38 23 the

1288 1385 96 23 number
1395 1385 27 23 of
1435 1385 64 24 these
1512 1390 104 23 streams,
1637 1385 39 24 the
1691 1385 61 24 level
1763 1386 116 25 character

1289 1419 25 23 of
1329 1418 39 24 the
1386 1424 94 26 country
1497 1418 44 24 and
1559 1420 31 22 its
1606 1418 101 25 freedom
1724 1419 59 24 from
1801 1420 76 29 rocks,

1288 1457 95 26 suggest
1394 1452 38 24 the
1445 1452 50 24 idea
1505 1452 50 24 that
1566 1456 24 19 at
1606 1460 63 16 some
1680 1453 77 23 future
1770 1453 41 31 day
1823 1454 55 31 they

1287 1493 53 23 may
1352 1486 28 23 be
1395 1486 87 28 united,
1503 1486 46 23 and
1568 1485 95 31 thereby
1679 1494 13 15 a
1709 1487 66 24 canal
1790 1488 88 23 formed

1287 1519 75 23 which
1371 1519 73 31 might
1455 1519 57 23 have
1523 1520 30 22 its
1566 1519 71 23 outlet
1648 1520 24 22 in
1684 1519 39 24 the
1735 1520 140 25 Manewatu.

1289 1552 58 24 This
1363 1552 64 24 work
1437 1553 35 23 for
1490 1552 39 23 the
1547 1552 71 23 above
1636 1560 95 17 reasons
1754 1554 74 23 would
1848 1555 29 23 be

1288 1585 167 32 accomplished
1466 1591 23 19 at
1500 1594 14 15 a
1526 1585 68 24 small
1604 1594 107 23 expence,
1731 1587 44 23 and
1786 1587 39 23 the
1837 1588 40 23 ad-

1288 1619 95 24 ditional
1400 1620 104 31 quantity
1522 1620 25 23 of
1564 1624 70 19 water
1658 1620 89 23 thrown
1768 1621 47 23 into
1839 1622 38 23 the

1288 1653 139 28 Manewatu,
1446 1653 74 23 would
1542 1652 45 24 add
1606 1657 23 19 to
1647 1655 30 21 its
1683 1662 5 5 -
1695 1653 130 25 usefulness
1847 1655 30 30 by

1288 1686 97 31 deeping
1394 1687 31 23 its
1444 1685 102 24 channel.
1583 1686 25 24 A
1625 1687 86 23 similar
1728 1687 76 24 useful
1813 1688 66 23 work

1286 1720 75 31 might
1379 1720 27 23 be
1427 1719 167 32 accomplished
1611 1728 28 14 on
1660 1720 36 24 the
1714 1720 64 24 other
1789 1721 49 24 side
1855 1721 25 24 of

1288 1753 37 23 the
1343 1754 138 28 Mauewatu,
1501 1754 30 30 by
1550 1753 122 31 collecting
1695 1754 38 23 the
1756 1759 81 19 waters
1855 1755 25 23 of

1288 1787 36 23 the
1337 1786 137 30 Rangeteke
1486 1787 44 23 and
1541 1787 65 23 other
1616 1787 81 24 rivers.

1322 1819 40 24 On
1373 1820 56 23 both
1441 1820 59 23 sides
1521 1820 24 23 of
1559 1820 40 23 the
1611 1821 79 23 mouth
1702 1821 26 23 of
1743 1820 38 25 the
1793 1821 84 24 Mane-

1287 1859 62 17 watu
1361 1853 36 24 the
1410 1854 58 23 sand
1478 1853 54 24 hills
1551 1855 115 28 continue,
1677 1854 44 23 and
1734 1862 25 16 as
1772 1854 38 24 the
1822 1855 55 23 sand

1286 1886 54 24 hills
1359 1895 55 16 near
1434 1887 38 23 the
1492 1886 72 24 beach
1588 1895 38 15 are
1649 1888 139 30 sufficiently
1811 1888 65 31 high,

1287 1920 37 24 the
1338 1921 71 23 whole
1422 1921 100 23 distance
1538 1920 61 24 from
1618 1918 63 26 Pari'
1695 1921 64 29 Pari,
1773 1926 21 18 to
1806 1923 71 23 inter-

1287 1958 51 27 cept
1357 1963 14 14 a
1389 1955 55 22 view
1463 1954 25 23 of
1503 1954 38 23 the
1561 1954 61 31 good
1641 1954 59 24 level
1718 1954 54 24 land
1789 1956 23 22 in
1832 1956 45 23 this

1285 1987 69 27 belt,.
1361 1987 38 23 the
1410 1987 72 23 whole
1502 1992 62 18 coast
1582 1992 106 25 presents
1708 1996 15 14 a
1741 1989 80 29 dreary
1834 1989 43 23 and

1286 2023 62 18 most
1372 2019 159 31 discouraging
1550 2027 148 23 appearance.
1739 2020 35 23 At
1793 2021 84 22 Mane-

1286 2057 68 23 watu,
1375 2060 27 14 on
1423 2052 39 23 the
1480 2052 69 23 south
1567 2052 71 28 bank,
1651 2053 38 23 the
1707 2052 50 24 belt
1775 2053 24 23 of
1821 2053 56 23 sand

1288 2085 43 24 due
1343 2089 49 20 east
1402 2086 20 22 is
1435 2085 45 24 less
1491 2085 55 23 than
1556 2086 46 23 five
1613 2086 65 23 miles
1688 2086 71 23 broad
1793 2086 42 23 but
1846 2087 30 30 by

1288 2118 37 24 the
1337 2118 112 31 windings
1462 2119 24 23 of
1501 2118 39 24 the
1560 2120 62 22 river
1642 2119 38 23 the
1695 2119 59 23 sand
1765 2120 19 22 is
1797 2128 29 14 on
1839 2120 38 23 the

1287 2152 42 23 left
1340 2152 61 23 hand
1411 2153 36 22 for
1458 2153 53 22 nine
1524 2153 65 22 miles
1603 2160 24 15 as
1639 2153 18 22 it
1669 2153 20 22 is
1702 2153 134 22 descended.

1321 2186 36 31 By
1371 2194 13 14 a
1402 2186 80 23 sketch
1503 2186 25 23 of
1544 2186 37 23 the
1601 2186 61 23 river
1679 2186 75 23 which
1769 2186 38 24 the
1820 2187 58 23 Sur-

1286 2219 184 31 veyor-General
1481 2220 41 23 has
1533 2219 75 29 made,
1618 2220 19 22 it
1648 2227 96 23 appears
1761 2220 49 23 that
1822 2220 56 23 after

1286 2252 137 32 proceeding
1441 2261 30 23 up
1490 2253 39 23 the
1550 2253 60 23 river
1630 2254 33 22 40
1684 2253 66 23 miles
1770 2253 59 24 from
1848 2255 30 21 its

1288 2286 87 29 mouth,
1388 2286 38 23 the
1438 2287 59 22 river
1509 2287 19 22 is
1540 2292 40 18 not
1597 2294 63 16 more
1682 2287 56 22 than
1762 2289 29 21 10
1811 2288 67 23 miles

1288 2319 85 24 distant
1385 2320 59 23 from
1462 2320 38 23 the
1519 2328 46 15 sea.
1604 2320 58 23 This
1679 2321 21 22 is
1717 2321 76 30 partly
1805 2321 73 30 owing

1288 2358 22 19 to
1322 2353 39 23 the
1373 2353 99 31 winding
1491 2353 116 24 character
1624 2353 25 23 of
1663 2353 46 24 this
1729 2358 91 25 stream,
1836 2354 42 23 and

1286 2386 76 33 partly
1373 2391 24 19 to
1416 2386 40 24 the
1476 2387 118 30 northerly
1613 2394 78 16 course
1709 2387 19 23 it
1744 2387 64 24 takes
1826 2387 52 24 thus

1287 2420 43 24 far.
1367 2419 24 24 A
1402 2420 42 23 few
1456 2420 66 23 miles
1540 2420 89 23 further
1647 2428 31 24 up
1698 2421 19 22 it
1728 2421 21 22 is
1770 2421 73 24 stated
1855 2426 22 19 to

1287 2462 44 15 run
1342 2454 88 30 rapidly
1442 2454 96 23 towards
1551 2454 38 23 the
1602 2459 56 18 east.

1321 2487 35 24 At
1373 2487 37 23 the
1426 2487 80 24 mouth
1528 2487 24 24 of
1576 2487 39 23 the
1634 2487 141 29 Manewatu,
1789 2495 29 16 on
1839 2488 40 24 the

1288 2521 62 30 right
1361 2520 69 29 bank,
1442 2521 37 23 the
1491 2521 87 23 natives
1589 2521 59 23 have
1660 2529 14 15 a
1684 2521 56 32 path
1752 2522 52 22 nine
1814 2522 69 24 miles'

1288 2555 24 22 in
1331 2554 87 31 length,
1432 2555 100 31 running
1550 2554 79 31 nearly
1650 2554 43 24 due
1712 2560 50 18 east
1770 2565 6 19 ;
1804 2555 74 24 which

1288 2588 62 23 leads
1362 2592 24 18 to
1399 2596 12 15 a
1421 2593 52 26 part
1491 2596 28 16 on
1539 2588 39 23 the
1598 2589 60 22 river
1677 2589 70 23 about
1766 2590 31 23 38
1815 2589 64 23 miles

1288 2621 59 24 from
1358 2622 30 23 its
1401 2621 78 24 outlet.
1514 2621 68 24 After
1601 2622 95 31 passing
1714 2629 54 16 over
1779 2622 39 23 the
1829 2622 52 23 belt

1289 2655 25 23 of
1329 2654 57 24 sand
1397 2655 45 23 this
1455 2655 54 32 path
1521 2659 76 19 enters
1610 2663 62 15 some
1682 2655 44 23 fine
1740 2662 64 23 grass
1816 2655 63 30 land,

1289 2688 56 23 then
1364 2697 14 14 a
1397 2688 47 24 belt
1464 2688 25 23 of
1503 2688 71 28 wood,
1593 2689 20 22 it
1628 2688 55 23 then
1699 2693 91 18 returns
1806 2694 23 18 to
1843 2690 37 22 the

1290 2721 57 24 sand
1359 2721 61 30 hills,
1433 2721 74 24 which
1520 2723 107 21 continue
1646 2721 78 31 nearly
1735 2726 24 19 to
1772 2721 37 25 the
1821 2723 60 23 river

1290 2755 56 29 side,
1358 2755 43 24 but
1408 2755 118 31 gradually
1538 2755 129 31 improving
1679 2755 59 23 their
1750 2756 129 30 vegetation

1290 2789 40 24 till'
1337 2788 39 24 the
1389 2794 60 18 most
1458 2788 118 23 luxuriant
1596 2789 21 22 is
1629 2788 114 24 attained.'
1774 2788 108 24 Between

1290 2822 45 23 this
1347 2822 55 31 path
1414 2822 45 23 and
1470 2822 37 23 the
1519 2823 68 27 river,
1601 2829 55 15 near
1673 2822 31 23 its'
1715 2821 88 28 mouth,
1817 2822 64 23 there

1289 2857 21 22 is
1323 2864 13 15 a
1347 2855 62 31 large
1419 2855 77 23 marsh
1502 2864 6 19 ;
1522 2855 41 23 but
1573 2854 65 24 from,
1646 2855 30 23 its
1686 2855 113 23 elevation
1810 2856 19 23 it
1841 2863 39 24 ap-

1289 2897 68 24 pears
1370 2897 25 16 as
1412 2889 20 23 if
1447 2890 19 22 it
1481 2888 66 23 could
1565 2888 28 23 be
1611 2888 123 24 reclaimed
1746 2893 31 19 *at
1796 2896 14 16 a
1828 2897 53 23 very

1291 2923 68 23 small
1370 2929 107 24 expense.
1507 2922 96 29 Indeed,
1611 2922 51 23 this,
1669 2930 54 23 may
1731 2922 30 24 be
1773 2922 109 24 observed

1291 2956 48 24 also
1352 2956 24 23 of
1392 2956 87 23 several
1488 2955 64 31 large
1571 2955 104 24 marshes
1694 2963 33 16 we
1740 2963 47 16 saw
1799 2964 30 15 on
1839 2956 40 24 the

1291 2989 64 24 other
1369 2989 47 23 side
1426 2989 25 23 of
1467 2989 37 24 the
1515 2990 68 23 river.

1326 3022 51 25 The
1388 3024 60 22 river
1460 3022 145 35 throughout-
1617 3022 38 24 the
1678 3022 102 24 distance
1798 3024 85 23 visited

1291 3056 77 24 varied
1379 3056 59 24 from
1451 3057 31 26 70
1495 3061 22 19 to
1532 3054 47 26 100
1589 3056 69 30 yards
1673 3057 25 23 in
1709 3056 108 30 breadth;
1837 3057 45 23 and

1291 3098 46 15 was
1349 3090 83 31 wholly
1443 3090 47 23 free
1502 3090 59 23 from
1580 3090 128 29 mud-flats,
1720 3090 76 23 which
1807 3098 38 16 are
1857 3099 25 15 so

1293 3124 62 23 often
1368 3131 52 15 seen
1432 3124 24 23 in
1467 3124 72 23 rivers
1550 3123 66 23 when
1634 3123 37 23 the
1683 3122 46 24 tide
1740 3124 21 22 is
1773 3128 46 20 out.
1858 3124 25 24 It

1293 3156 111 32 appeared
1415 3157 31 31 by
1457 3156 38 24 the
1517 3156 126 31 soundings
1663 3156 79 29 taken,
1756 3157 48 23 that
1820 3157 63 24 there

1292 3198 58 16 were
1360 3190 58 24 from
1427 3190 64 27 three
1502 3194 22 20 to
1532 3191 49 23 four
1592 3189 101 24 fathoms
1702 3190 25 22 of
1731 3195 70 19 water
1811 3191 25 23 in
1844 3191 39 23 the

1293 3224 66 24 river.
1387 3224 61 23 'The
1461 3224 96 23 channel
1568 3231 55 16 near
1635 3223 38 23 the
1691 3231 39 16 sea
1741 3223 42 24 has
1795 3228 39 20 not
1844 3229 40 26 yet

1292 3258 57 23 been
1361 3257 109 28 sounded,
1478 3257 41 24 but
1527 3257 38 23 the
1573 3258 89 22 natives
1673 3261 74 19 assert
1757 3257 51 23 that
1819 3257 64 25 there

1293 3299 38 16 are
1342 3290 65 24 three
1416 3290 100 24 fathoms
1528 3295 24 19 at
1561 3290 42 23 low
1613 3294 70 19 water
1693 3299 5 20 ;
1712 3290 45 24 and
1764 3299 14 15 a
1786 3291 98 31 whaling

1293 3332 53 16 man
1369 3324 73 24 stated
1465 3324 49 24 that
1535 3324 31 23 he
1589 3323 45 24 had
1655 3331 29 16 on
1708 3332 42 16 one
1781 3325 103 24 occasion

1294 3358 108 28 sounded,
1416 3358 44 23 and
1471 3358 71 23 found
1553 3357 65 24 three
1631 3356 45 25 and
1687 3365 13 15 a
1710 3356 51 25 half
1776 3358 106 30 fathoms,

1293 3392 42 23 but
1345 3391 40 23 did
1396 3396 39 18 not
1447 3391 102 23 mention
1561 3391 38 22 the
1615 3391 55 23 time
1681 3391 26 23 of
1709 3400 3 5 1
1722 3391 56 24 tide.
1813 3391 70 25 From

1294 3433 62 15 some
1365 3425 152 30 experiments
1526 3424 73 28 made,
1610 3424 19 23 it
1641 3431 45 16 was
1699 3424 125 24 concluded
1835 3425 49 24 that

1293 3458 39 24 the
1343 3458 46 23 rise
1406 3457 24 24 of
1445 3457 46 24 tide
1511 3465 46 15 was
1578 3457 60 23 from
1658 3457 37 23 six
1713 3462 23 18 to
1757 3459 53 22 nine
1829 3458 52 25 feet.

1294 3491 50 24 The
1363 3491 76 23 banks
1459 3491 24 24 of
1506 3490 39 24 the
1565 3491 62 23 river
1646 3499 38 15 are
1702 3490 59 25 from
1773 3499 69 16 seven
1861 3497 22 18 to

1295 3527 30 22 15
1337 3524 47 24 feet
1394 3524 64 30 high.

1326 3559 35 22 At
1373 3558 68 23 about
1449 3558 54 23 nine
1514 3557 67 24 miles
1592 3557 61 24 from
1664 3557 39 24 the
1714 3558 82 23 mouth
1806 3558 25 24 of
1845 3558 39 23 the

1292 3591 68 29 river,
1373 3591 82 23 timber
1466 3591 80 31 begins
1557 3595 24 19 to
1597 3591 75 23 clothe
1684 3591 30 23 its
1724 3591 84 24 banks.
1815 3596 3 2 '
1845 3591 38 23 On

1284 3637 2 7 -
1293 3624 38 25 the
1343 3624 63 32 right
1420 3624 62 24 bank
1498 3624 64 23 there
1577 3625 20 22 is
1611 3624 54 30 only
1677 3632 13 15 a
1703 3632 89 16 narrow
1804 3624 46 23 belt
1862 3624 23 23 of

1293 3659 71 23 forest
1383 3657 61 30 land,
1458 3659 24 22 in
1500 3657 38 24 the
1557 3665 53 15 rear
1630 3658 25 22 of
1670 3657 73 24 which
1764 3658 39 23 the
1820 3658 63 30 large

1295 3699 85 24 swamp
1386 3692 26 26 4s
1424 3699 55 16 seen
1499 3690 126 32 stretching
1647 3698 63 24 away
1721 3695 23 19 to
1764 3691 38 22 the
1812 3690 72 23 maori

1293 3725 55 32 path
1360 3724 91 31 already
1463 3724 138 24 mentioned.
1639 3724 39 24 On
1697 3724 38 23 the
1752 3724 43 22 left
1811 3723 71 29 bank,

1285 3758 47 24 the
1345 3758 78 23 'forest
1439 3758 55 23 land
1514 3758 157 30 commencing
1689 3757 56 23 with
1766 3764 14 15 a
1796 3764 87 16 narrow

1293 3791 54 30 belt,
1365 3799 96 24 appears
1480 3795 22 19 to
1522 3791 107 23 continue
1649 3795 24 19 to
1692 3790 38 23 the
1748 3790 64 23 hills.
1860 3790 24 24 It

1293 3824 75 25 would
1391 3825 28 23 be
1439 3823 96 25 difficult
1555 3828 23 19 to
1599 3823 72 31 speak
1688 3824 25 22 in
1733 3824 152 30 exaggerated

1285 3863 79 23 .terms
1377 3858 25 24 of
1418 3858 37 23 the
1467 3864 94 22 scenery
1573 3864 30 16 on
1615 3856 46 24 this
1672 3857 113 23 beautiful
1797 3858 66 22 river.

1328 3892 52 23 The
1390 3891 55 24 land
1456 3891 20 23 is
1489 3899 13 15 a
1512 3891 45 22 fine
1577 3890 62 31 light
1651 3891 51 28 soil,
1714 3890 56 23 with
1783 3890 37 23 the
1831 3898 53 24 pro-

1293 3925 91 32 portion
1397 3925 25 23 of
1437 3924 58 24 sand
1513 3924 113 31 regularly
1640 3924 150 30 diminishing
1805 3932 24 15 as
1848 3924 37 23 the

1295 3959 59 23 river
1375 3957 109 31 proceeds
1503 3957 86 24 inland.
1634 3957 24 23 It
1677 3957 20 22 is
1720 3957 118 26 described
1862 3964 23 15 as

704 1718 79 24 About
794 1727 13 15 a
818 1718 80 24 month
915 1719 62 23 since
995 1726 33 16 we
1044 1718 80 32 joined
1143 1718 38 23 the
1202 1719 57 23 Sur-

669 1752 203 31 veyor-General's
895 1757 74 26 party,
994 1752 43 23 and
1058 1752 127 32 proceeded
1207 1752 53 23 with

669 1785 62 24 them
743 1791 23 17 to
778 1786 54 22 visit
851 1785 39 23 the
910 1791 96 25 country
1021 1786 105 23 between
1145 1785 45 23 this
1208 1790 52 26 port

671 1819 45 23 and
727 1819 39 23 the
778 1819 139 24 Manewatu.
959 1819 71 23 From
1042 1819 46 23 this
1100 1819 45 30 trip
1157 1826 33 15 we
1202 1819 57 23 have

667 1852 51 31 just
729 1852 117 28 returned,
865 1852 45 23 and
930 1860 50 15 now
998 1853 54 23 offer
1065 1859 41 16 our
1118 1852 91 23 readers
1222 1852 36 24 the

670 1886 115 30 following
796 1893 25 16 as
834 1885 37 24 the
883 1886 72 23 result
965 1886 25 23 of
1005 1893 40 16 our
1053 1886 108 30 journey.
1249 1889 3 18 I

680 1911 89 31 ^With
780 1918 38 24 tlie
831 1923 95 27 country
936 1919 102 23 between
1054 1919 59 23 Port
1132 1918 126 24 Nicholson

670 1952 45 23 and
726 1952 97 23 Thorn's
835 1952 99 32 whaling
946 1953 83 23 station
1041 1957 24 19 at
1084 1951 107 30 Porirua,
1212 1952 45 32 dis-f

670 1990 50 19 tant
732 1990 122 19 seventeen
864 1986 74 28 miles,
951 1989 62 20 most
1024 1986 24 23 of
1064 1985 39 24 the
1116 1986 91 22 settlers
1221 1991 45 22 art-

668 2019 98 22 familiar
778 2028 5 19 ;
796 2019 39 22 the
847 2019 89 29 ground
947 2019 140 29 throughout
1096 2017 51 22 that
1267 2019 2 20 i

668 2052 21 22 is
700 2052 65 30 hilly,
779 2051 42 23 and
835 2052 19 22 is
872 2055 41 19 not
926 2052 52 30 only
988 2051 84 23 known
1091 2050 42 23 but
1153 2051 105 23 univers-
1267 2074 1 5 ,

669 2085 47 31 ally
745 2085 109 23 admitted
877 2089 22 18 to
919 2085 27 22 be
969 2085 26 22 of
1028 2083 113 24 excellent
1164 2084 92 31 quality,

668 2118 118 31 generally
797 2118 96 23 covered
904 2118 55 22 with
970 2118 62 30 large
1042 2122 59 19 trees
1120 2117 26 23 of
1168 2118 90 22 various

668 2151 105 24 valuable
786 2151 149 30 descriptions
947 2151 25 23 of
987 2151 71 24 wood.

703 2185 103 30 Leaving
818 2185 96 23 Thorn's
922 2189 23 19 at
953 2185 104 28 Porirua,
1068 2184 58 24 after
1139 2193 13 14 a
1160 2184 98 32 journey

668 2219 26 23 of
710 2219 62 31 eight
783 2218 74 29 miles,
877 2218 101 30 through
994 2222 95 27 country
1107 2217 27 24 of
1148 2219 39 22 the
1206 2218 51 23 des-

669 2252 95 31 cription
794 2252 71 23 above
893 2252 81 29 stated,
999 2251 38 24 the
1061 2251 106 24 traveller
1194 2252 60 23 finds

668 2285 94 24 himself
776 2293 63 23 upon
843 2285 44 23 'the
901 2293 39 16 sea
955 2288 70 21 coast.
1070 2284 59 25 This
1148 2285 70 23 block
1237 2285 24 24 of

667 2319 54 23 land
733 2318 47 24 will
790 2318 78 29 afford,
878 2327 32 15 we
923 2318 82 24 should
1016 2318 75 28 think,
1112 2322 24 19 at
1145 2318 59 23 least
1216 2326 42 16 one

668 2352 103 23 hundred
784 2352 109 23 desirable
907 2353 106 28 sections,
1037 2353 44 22 and
1098 2359 13 15 a
1129 2351 55 24 road
1204 2360 54 23 may

668 2386 28 23 be
709 2386 106 23 obtained
827 2386 99 30 through
935 2386 58 23 their
1003 2391 84 23 centre,
1100 2386 158 31 commencing

668 2424 23 19 at
719 2419 38 24 the
780 2419 63 31 place
876 2427 29 15 on
928 2419 99 23 Porirua
1049 2418 112 25 Harbour
1184 2419 74 23 called

668 2453 82 31 Taupo
773 2452 91 31 Valley,
887 2452 46 24 and
949 2452 82 31 falling
1052 2457 39 19 out
1110 2459 30 16 on
1161 2452 38 23 the
1221 2460 39 16 sea

670 2491 63 18 coast
745 2491 22 18 at
780 2485 125 24 Puki-rua.
942 2486 59 23 This
1012 2486 46 23 will
1065 2486 28 23 be
1106 2494 13 13 a
1130 2485 55 24 road
1194 2486 65 23 made

668 2520 122 31 purposely
801 2524 23 19 to
837 2527 57 23 open
907 2519 37 23 the
957 2519 68 23 block
1035 2520 25 22 in
1081 2520 112 29 question,
1214 2519 45 24 arid

668 2553 47 23 will
726 2553 28 23 be
773 2553 114 23 traversed
907 2553 25 22 in
949 2553 39 23 the
1008 2553 62 30 early
1088 2556 64 27 stage
1172 2553 23 22 of
1222 2553 38 24 the

670 2586 89 31 Colony
779 2587 31 30 by
838 2586 121 24 horsemen
986 2586 44 24 and
1050 2586 49 24 foot
1120 2594 139 23 passengers

668 2621 117 30 generally
804 2620 137 31 proceeding
957 2624 23 19 to
1003 2620 37 23 the
1060 2619 75 29 north,
1157 2620 42 23 but
1222 2620 38 23 the

668 2658 65 27 great
745 2654 66 23 north
823 2653 56 23 road
889 2661 33 15 we
934 2653 58 23 have
1002 2662 28 14 no
1045 2652 70 24 doubt
1136 2653 47 23 will
1204 2661 55 16 con-

670 2688 63 22 tiaue
745 2695 31 23 up
788 2687 38 23 the
847 2687 98 23 Porirua
962 2687 92 31 Valley,
1068 2686 44 24 and
1128 2686 41 23 fall
1187 2691 40 19 out
1238 2690 23 21 at

668 2720 126 23 Waikanai
806 2728 26 15 or
846 2720 79 23 Otaki.

703 2755 34 22 At
756 2754 119 24 Puki-rua
891 2754 40 23 the
950 2754 58 23 sand
1019 2754 71 24 beach
1109 2761 151 23 commences,

668 2788 42 23 but
722 2789 19 21 is
754 2791 23 20 at
795 2796 14 14 a
820 2788 64 22 short
895 2788 102 23 distance
1009 2787 119 32 separated
1148 2788 60 23 from
1221 2788 39 23 the

670 2821 57 24 sand
743 2821 72 24 beach
835 2821 74 23 which
928 2822 118 23 continues
1067 2821 31 24 all
1118 2821 39 22 the
1176 2829 51 23 way
1238 2826 24 19 to

670 2854 130 31 Wanganui
835 2855 31 30 by
878 2863 13 15 a
907 2862 67 24 space
987 2855 25 23 of
1021 2855 68 23 about
1107 2854 65 24 three
1186 2855 75 30 miles,

670 2887 74 24 which
753 2888 57 23 from
818 2888 31 23 its
858 2888 116 23 character
985 2888 42 23 has
1039 2887 92 25 derived
1143 2887 38 24 the
1192 2895 69 17 name

672 2921 23 24 of
707 2922 38 22 the
753 2921 84 30 Rocky
848 2921 144 24 Settlement.
1020 2922 59 23 This
1088 2922 91 31 portion
1189 2922 26 23 of
1224 2922 39 24 the

670 2955 73 24 beach
760 2956 21 22 is
800 2955 88 23 further
908 2955 167 31 distinguished
1091 2955 32 30 by
1141 2955 39 23 the
1199 2960 64 27 steep

670 2988 57 24 hills-
736 2988 154 31 overhanging
901 2988 39 24 the
957 2989 64 23 road.
1057 2989 72 23 From
1145 2988 118 24 Puki-rua

671 3026 23 19 to
707 3022 55 23 Pari
774 3022 55 23 Pari
841 3023 19 22 is
870 3021 117 32 generally
998 3021 133 25 considered
1142 3021 39 24 the
1193 3026 70 19 worst

671 3056 63 31 piece
746 3055 25 23 of
780 3055 38 24 the
830 3055 55 24 road
895 3055 103 24 between
1009 3055 58 24 Port
1079 3055 128 25 Nicholson
1219 3055 44 24 and

672 3089 139 30 Wanganui.

705 3122 35 24 At
767 3122 56 24 Pari
853 3122 55 24 Pari
936 3122 38 23 the
999 3122 50 24 first
1072 3123 89 30 change
1180 3123 25 23 in
1225 3122 39 24 the

672 3156 118 23 character
795 3155 23 24 of
828 3155 39 24 the
875 3160 95 26 country
980 3156 19 23 is
1007 3155 155 25 commenced.
1192 3155 73 24 From

672 3189 57 24 Port
741 3189 127 24 Nicholson
886 3193 22 19 to
921 3189 48 23 that
987 3189 63 31 place
1069 3189 39 24 the
1126 3189 102 23 distance
1240 3190 21 22 is

672 3224 32 23 28
716 3223 74 28 miles,
804 3223 45 22 and
856 3223 58 23 from
926 3221 38 25 the
976 3222 67 24 latter
1050 3227 23 19 to
1082 3223 39 24 the
1130 3223 135 23 Manewatu

671 3256 39 23 the
729 3256 100 23 distance
847 3256 20 23 is
886 3257 31 23 43
937 3256 74 23 miles.
1047 3255 154 32 Throughout
1225 3257 39 23 the

670 3289 47 24 last
736 3290 82 23 named
838 3289 101 24 distance
959 3289 39 23 the
1009 3289 72 24 beach
1100 3289 121 24 continues
1241 3294 22 19 to

670 3331 46 15 run
734 3323 82 23 almost
828 3322 44 24 due
889 3322 76 29 north,
983 3322 67 24 while
1070 3323 39 23 the
1126 3322 55 24 hills
1201 3330 64 17 com-

672 3356 106 31 mencing
797 3360 23 19 at
839 3356 55 24 Pari
915 3356 56 23 Pari
991 3360 23 19 to
1033 3356 66 25 trend
1116 3360 24 19 to
1159 3356 38 23 the
1215 3360 51 20 east

671 3390 55 23 bear
736 3390 31 31 by
778 3389 38 24 the
823 3390 56 23 time
891 3389 54 32 they
955 3390 120 31 approach-
1080 3390 39 24 the
1132 3390 134 24 Manewatu

672 3424 69 23 about
759 3423 137 24 north-east.
934 3423 66 31 They
1019 3423 47 24 also
1084 3423 121 32 gradually
1216 3423 49 24 lose

672 3457 59 23 their
748 3456 119 29 elevation,
881 3456 44 24 and
941 3457 119 23 terminate
1082 3461 23 19 at
1121 3456 142 25 Manewatu.

672 3489 76 24 There
770 3490 20 23 is
811 3489 168 31 consequently*
993 3497 13 16 a
1027 3490 64 31 large
1114 3489 65 24 three
1201 3490 65 24 sided

671 3524 65 30 piece
752 3522 26 24 of
794 3523 62 28 land,
876 3523 85 30 having
980 3522 40 24 the
1036 3523 62 30 hills,
1122 3523 142 30 Manewatu,

672 3557 46 23 and
729 3555 38 24 the
780 3556 79 28 beach,
870 3556 35 23 for
915 3557 32 22 its
957 3557 145 24 boundaries,

706 3590 34 23 At
757 3590 129 28 Waikanai,
910 3590 86 23 distant
1018 3590 89 24 further
1129 3590 61 23 from
1208 3590 57 24 Pari

673 3623 56 24 Pari
741 3623 70 23 about
825 3624 31 23 10
867 3623 76 29 miles,
957 3623 38 23 the
1007 3623 96 27 breadth
1115 3623 26 22 of
1157 3623 38 24 the
1205 3623 60 24 level

672 3656 55 24 land
740 3656 118 23 described
868 3657 21 22 is
898 3656 103 24 between
1014 3658 14 23 3
1041 3657 45 23 and
1098 3657 16 22 4
1126 3656 75 24 miles.
1230 3657 36 24 At

673 3689 75 24 Otaki
769 3689 90 24 further
881 3694 22 19 to
927 3689 39 24 the
987 3690 68 23 north
1079 3691 32 24 13
1130 3690 76 28 miles,
1226 3690 40 25 the

673 3723 101 23 distance
787 3727 22 19 to
821 3722 39 24 the
879 3722 54 24 hills
950 3723 42 23 has
1009 3722 119 25 increased
1147 3724 16 22 6
1181 3724 82 29 miles';

673 3757 46 23 and
731 3760 22 19 at
766 3756 139 29 Manawatu,
919 3756 39 23 the
974 3756 101 24 distance
1099 3756 104 24 between
1225 3757 40 24 the

673 3790 54 23 hills
740 3790 44 22 and
794 3790 38 23 the
844 3797 40 16 sea
894 3790 42 23 has
955 3790 118 23 increased
1091 3795 23 19 to
1138 3791 33 22 20
1188 3790 75 24 miles.

673 3823 35 23 At
719 3823 45 23 this
776 3823 72 31 place,
870 3831 14 14 a
900 3823 63 31 large
982 3831 58 23 open
1052 3826 96 27 country
1159 3828 107 26 presents

674 3856 69 29 itself,
754 3856 56 23 with
821 3856 31 23 all
870 3856 38 23 the
927 3864 140 23 appearance
1088 3856 26 24 of
1140 3857 126 31 extending

674 3889 35 23 far
721 3889 86 23 distant
817 3889 48 23 into
877 3889 38 23 the
926 3889 104 23 interior.

710 3922 70 23 From
791 3922 124 24 Waikanai
926 3926 24 20 to
967 3922 133 25 Manewatu
1111 3922 39 24 the
1164 3923 101 24 distance

675 3955 21 23 is
712 3957 33 22 34
756 3955 73 29 miles,
843 3955 46 24 and
900 3963 25 16 as
942 3955 43 24 has
1004 3957 91 30 already
1107 3956 59 23 been
1182 3957 83 29 stated,

539 45 100 31 THE
659 44 108 32 NEW
782 43 228 32 ZEALAND
1032 40 227 34 GAZETTE
1279 41 101 31 AND
1400 41 328 31 WELLINGTON
1750 41 295 33 SPECTATOR.

736 127 170 24 SHIPPING
924 124 276 26 INTELLIGENCE.

898 176 133 20 ARRIVED.

705 205 52 20 Deo.
768 206 36 22 24,
818 205 120 25 brigantine
957 204 82 23 Triton,
1057 202 50 25 120,
1124 202 68 25 Buck,
1210 202 56 20 from

677 232 92 26 Sydney;
778 232 52 20 with
839 232 94 19 sundries
941 232 34 19 for
985 232 35 19 the
1027 229 131 26 Missionary
1166 230 98 19 stations.

677 260 125 25 Passengers
832 258 51 21 Rev.
894 259 21 20 J.
928 258 116 21 Steventon
1053 257 43 20 and
1105 257 56 25 lady.

704 286 53 21 Dec.
768 287 35 23 26,
813 287 65 25 yacht
887 286 116 23 Albatross,
1014 286 55 19 from
1079 284 118 21 Auckland.

704 314 53 20 Dec.
769 314 34 23 27,
814 314 119 25 brigantine
943 313 109 25 Munford,
1066 312 48 24 169,
1131 311 63 27 Kyle,
1209 311 57 20 from

677 341 87 25 Kapiti;
780 346 68 20 cargo,
861 340 38 20 oil.

704 368 53 20 Dec.
773 369 36 22 28,
824 368 102 20 schooner
943 368 72 25 Mana,
1029 366 88 26 Barker,
1133 366 55 20 from
1203 365 63 20 Kafia

676 395 43 21 and
727 395 111 21 Taranaki.
868 394 115 27 Passenger
1011 395 43 20 Mr.
1066 392 58 21 John
1135 393 100 20 Wallace.

913 443 109 12 SAILED.

704 468 51 20 Dec.
766 469 35 24 26,
811 468 78 26 barque
899 468 98 24 Eleanor,
1006 467 138 24 Holderness,
1152 467 33 19 for
1195 467 64 20 India.

904 514 31 16 IN
950 514 90 16 PORT.

732 542 51 24 Ship
793 542 66 22 Arab,
872 542 97 18 Sumner.

732 568 106 20 Schooner
846 568 67 22 Anne,
919 567 58 21 Joss.
995 572 4 5 '

732 595 82 22 Barque
827 596 62 21 Tyne,
901 594 123 21 Robertson,

820 622 125 24 Middlesex,
951 622 97 22 .Salmon.

732 647 75 23 Cutter
820 649 116 21 Pickwick.
947 649 94 22 Guillan.

732 677 50 26 Ship
792 677 122 24 Mandarin,
925 676 70 20 Yuile.

732 704 107 20 Schooner
847 704 78 24 Fidele,
937 704 94 21 Salvator
1042 703 95 21 Cemino.

730 731 83 27 Barque
823 732 72 25 Regia,
908 731 73 21 Bruce.

730 759 122 25 Brigantine
865 759 82 24 Triton,
959 759 66 20 Buck.

732 786 75 20 Cutter
816 787 64 26 yacht
887 787 118 19 Albatross.

730 814 123 25 Brigantine
862 813 113 26 Munford,
987 814 61 25 Kyle.

731 841 108 21 Schooner
932 841 88 20 Barker.

701 896 46 20 The
761 895 47 26 ship
821 895 117 24 Albatross,
956 896 39 20 734
1012 897 57 21 tons,
1084 900 44 14 -was
1143 893 119 21 advertised

675 930 27 13 on
716 924 34 19 the
762 924 36 19 9th
814 923 25 19 of
851 923 123 24 December,
990 923 22 19 in
1026 923 36 19 the
1081 921 84 26 Sydney
1179 928 81 19 papers,

675 953 21 18 to
707 951 39 20 sail
754 950 33 20 for
796 950 51 20 Port
856 950 118 20 Nicholson
982 949 112 27 positively
1103 949 24 19 in
1136 949 58 26 eight
1204 948 56 27 days.

701 978 46 20 The
757 978 77 25 Joseph
846 977 90 24 Cunard,
948 978 39 20 740
998 980 57 21 tons,
1071 982 43 14 \ras
1129 977 44 19 also
1189 975 73 21 adver-

673 1005 56 20 tised
738 1005 33 20 for
780 1005 43 20 this
834 1008 55 23 port,
901 1011 24 14 en
935 1006 60 19 route
1004 1007 21 17 to
1042 1004 68 20 South
1124 1003 103 25 America,
1244 1004 19 19 if

673 1033 105 19 sufficient
787 1032 136 20 inducement
933 1032 85 20 offered.

766 1084 122 17 AGENTS
901 1084 58 17 FOR
974 1084 72 17 THIS
1058 1083 110 18 PAPER.

695 1110 38 18 Mr.
745 1110 126 18 BURCHAM
964 1110 75 18 Petoni.

693 1132 38 17 Mr.
743 1132 23 17 It.
778 1131 115 18 BARRETT
968 1131 46 18 New
1021 1130 111 22 Plymouth,
1138 1130 101 18 Taranaki;

694 1153 37 17 Mr.
743 1153 26 17 H.
780 1152 123 18 CHURTON
967 1152 114 23 Wanganui.

693 1174 37 17 Mr.
742 1173 30 17 W.
783 1173 99 18 WILSON
965 1173 40 22 Bay
1011 1174 23 17 of
1042 1172 86 19 Islands.

842 1214 122 15 LATEST
981 1213 106 16 DATES.

682 1240 79 18 London
847 1241 49 21 Aug\
921 1242 27 15 15.
976 1240 41 21 Bay
1025 1240 22 17 of
1055 1239 95 18 Islands..
1155 1239 49 18 Nov.
1223 1239 25 19 17-

682 1262 77 21 Sydney
850 1262 46 17 Dec.
921 1263 27 16 11.
976 1262 82 17 Thames
1152 1260 50 17 Nov.
1223 1262 26 17 29-

681 1283 42 17 Van
748 1283 99 17 Dieman's
977 1283 44 17 Port
1030 1281 70 21 Phillip
1115 1281 91 18 ....Nov.
1233 1283 16 15 3.

703 1304 53 17 Land
849 1303 49 18 Nov.
920 1305 28 16 29.
976 1303 91 18 Adelaide
1154 1302 43 18 Oct.
1232 1304 16 17 9.

691 1344 41 16 The
738 1343 97 17 followini'
842 1347 32 13 are
881 1342 34 18 the
922 1344 79 20 quarter
1011 1343 49 21 days
1067 1342 21 17 of
1098 1341 41 18 this
1147 1346 60 17 paper
1213 1349 27 10 :

776 1364 69 18 March
1105 1364 49 16 31st.

777 1385 52 18 June
1107 1384 51 18 30th.

776 1406 111 21 September
1107 1406 51 17 30th.

776 1427 131 18 December..
950 1428 2 4 '
1105 1429 49 15 31st.

691 1448 82 18 Persons
779 1448 109 22 previously
895 1450 20 15 to
928 1448 146 23 discontinuing
1074 1452 2 4 1
1087 1447 52 18 their
1147 1451 68 18 papers
1224 1448 35 17 and

670 1469 167 22 advertisements,
845 1470 53 17 must
905 1471 57 17 settle
970 1470 33 18 the
1013 1470 94 17 accounts
1115 1469 37 17 due
1160 1473 25 17 up
1197 1471 21 15 to
1230 1470 29 16 the

671 1490 53 14 date.
1241 1500 1 4 <

2456 101 1 12 S

328 128 241 28 Surveyor-General's
578 126 69 28 office,

408 155 56 21 Dec.
475 156 33 25 24,
520 155 61 21 1841.

61 190 146 50 NOTICE
228 189 28 22 IS
284 188 125 23 HEREBY
430 187 108 27 GIVEN,
557 187 47 22 that
618 194 30 14 no

129 217 63 22 lands
203 216 45 22 will
257 216 30 21 be
305 216 81 21 ottered
402 215 34 21 for
454 215 107 21 selection
578 215 22 20 in
611 214 38 21 the

60 244 48 22 first
127 244 44 21 aud
195 243 113 27 principal
331 242 136 26 settlement,
487 248 30 15 on
541 240 39 22 the
601 240 48 22 first

60 270 117 28 Thursday
186 269 24 22 in
221 269 109 27 January.

266 302 35 22 W.
313 303 33 21 M.
357 303 82 25 Smith,
453 301 140 27 Capt.R.A.,

419 333 228 29 Surveyor-General.

167 382 61 21 New.
237 380 102 22 Zealand
355 380 136 27 Company's
508 378 113 28 Principal

313 407 95 27 Agent's
423 406 79 28 Ofhce,

221 440 145 27 Wellington,
378 440 97 22 October
485 441 20 26 8,
516 440 62 21 1841.

58 475 125 49 BILLS,
195 479 23 17 at
235 474 70 27 thirty
315 474 61 28 days'
392 473 66 27 sight,
474 473 77 22 drawn
569 473 29 27 by
608 472 38 22 the

137 501 110 27 Principal
263 502 76 26 Agent
354 508 29 14 on
393 500 37 22 the
442 501 117 26 Secretary
573 500 26 21 of
609 499 38 22 the

58 529 55 21 New
132 528 98 22 Zealand
246 528 125 27 Company,
388 527 104 27 London,
504 533 42 16 can
562 526 29 22 be
602 526 45 22 had

59 563 27 14 on
98 555 134 28 application
241 557 24 19 at
274 554 39 22 the
322 554 70 22 above
402 553 72 22 office.
496 575 4 7 v

304 589 28 21 D.
346 588 82 25 Lewis,

256 615 67 22 Clerk
333 618 22 18 to
365 615 38 21 the
414 613 111 28 Principal
536 614 83 26 Agent.

298 660 68 21 Court
376 658 85 28 House,
472 658 146 27 Wellington,

331 686 126 22 December
467 686 32 26 16,
511 686 62 21 1841.

219 721 114 25 Quarter
349 719 134 21 Sessions.

58 754 144 50 NOTICE
226 754 28 22 IS
280 753 126 22 HEREBY
564 752 49 22 that
633 760 14 14 a

139 782 68 21 Court
216 781 23 22 of
249 780 97 23 General
361 781 96 23 Quarter
468 780 100 22 Sessions
578 780 25 21 of
610 780 36 21 the

58 809 71 21 Peace
139 809 23 21 in
172 808 44 21 and
225 808 35 21 for
270 808 38 21 the
319 807 84 22 district
413 806 26 22 of
447 807 53 22 Port
513 806 131 27 Nicholson,

56 836 44 20 will
112 836 27 20 be
150 834 79 22 holden
242 837 22 19 at
274 834 39 22 the
322 834 68 21 Court
400 834 85 26 House,
494 841 29 14 on
534 833 110 27 Tuesday,

56 862 38 21 the
103 862 40 21 4th
155 862 41 26 day
204 862 26 21 of
241 861 102 26 January
353 863 61 24 next,
426 864 23 17 at
458 860 54 22 nine
527 860 86 22 o'clock
622 860 24 21 in

56 889 38 21 the
112 889 106 21 forenoon
227 895 5 19 ;
258 891 24 18 at
300 887 71 22 which
390 888 54 21 time
464 888 46 21 and
528 887 70 27 place,
616 886 30 22 all

56 916 96 21 Persons
161 915 71 21 under
241 914 183 28 Recognizances
434 917 23 18 to
468 921 82 20 appear
559 921 25 14 as
594 914 52 21 Pro-

56 945 106 23 secutors,
169 942 130 24 Witnesses,
308 948 23 14 or
341 940 148 27 Defendants,
497 947 25 15 or
529 940 50 22 who
590 941 56 21 have

54 969 91 27 appeals
156 972 20 17 to
185 969 121 25 interpose,
319 975 24 14 or
357 967 63 22 other
429 967 102 22 business
542 971 23 18 to
575 971 71 18 trans-

55 999 43 23 act,
109 1003 37 14 are
157 994 86 23 desired
251 998 22 18 to
283 995 50 26 give
343 994 58 22 their
410 994 141 21 attendance.

283 1027 95 22 Robert
392 1027 27 22 R.
435 1027 101 27 Strang,

382 1053 66 23 Clerk
458 1054 25 21 of
491 1054 37 22 the
540 1055 77 21 Peace.

127 1099 73 22 FINE
225 1098 123 22 SAMPLE
367 1098 26 21 of
414 1098 231 22 HAVANNAH

138 1126 143 21 CIGARS
292 1126 49 26 just
350 1125 94 27 opened.

320 1152 21 21 J.
357 1152 32 21 M.
405 1152 100 26 Taylor,
518 1152 32 21 Te
560 1152 56 21 Aro:

267 1197 163 20 Education.

56 1231 108 48 MRS.
183 1230 45 22 and
247 1231 73 21 MISS
343 1229 191 23 WAKEFIELD
557 1231 86 22 receive

146 1257 73 28 pupils
228 1264 30 14 on
269 1257 38 22 the
317 1257 113 27 following
439 1260 68 19 terms
514 1265 5 14 :

82 1291 43 22 For
144 1291 75 26 board,
239 1291 55 22 with
312 1291 99 27 washing
426 1292 46 22 and
486 1293 34 20 in-

109 1319 105 21 struction
220 1319 24 21 in
249 1319 91 26 general
348 1318 92 27 English
446 1319 75 21 litera-

108 1349 57 22 ture,
180 1345 95 26 writing,
291 1345 45 21 and
348 1345 117 27 aritmetic,
482 1353 40 19 per

108 1375 89 24 quarter
521 1375 12 19 8
562 1375 13 19 8
603 1375 13 20 0

80 1399 80 21 Under
168 1399 11 22 7
189 1406 64 20 years
264 1399 27 21 of
302 1406 40 19 age
440 1420 4 9 (
442 1413 5 5 .
521 1401 13 20 7
562 1400 14 22 7
603 1403 13 18 0

80 1425 52 27 Day
143 1425 103 22 boarders
440 1420 7 26 '.
520 1428 15 19 4
561 1428 15 20 4
603 1429 13 19 0

80 1452 52 27 Day
142 1452 71 27 pupils
520 1455 13 19 2
560 1455 14 20 2
602 1456 13 20 0

80 1479 82 21 Junior
171 1479 54 21 ditto
522 1482 51 20 11l
602 1483 13 19 6

52 1512 96 28 French,
165 1512 87 28 Italian,
268 1512 46 23 and
329 1513 112 27 Drawing,
453 1513 31 22 1
502 1515 44 21 11s.
557 1514 36 23 6d.
604 1523 38 19 per

297 1543 97 24 quarter.

80 1573 89 22 Private
178 1573 85 21 lessons
272 1573 25 22 in
308 1573 76 27 music,
397 1581 25 13 or
431 1580 46 21 any
487 1574 26 21 of
524 1574 37 22 the
571 1575 70 23 above

52 1600 110 22 branches
173 1600 24 22 of
209 1600 126 27 education,
351 1607 42 15 one
408 1600 76 22 hour's
499 1601 140 28 instruction,

52 1627 49 22 four
110 1627 86 21 lessons
212 1627 36 21 for
258 1634 44 14 one
312 1627 88 27 guinea.

79 1660 135 23 References
223 1664 22 19 to
255 1661 39 22 the
303 1661 114 27 following
423 1662 129 27 gentlemen
564 1663 77 28 kindly

52 1688 121 27 permitted
180 1695 5 14 :

80 1721 62 28 Capt.
153 1721 34 22 W.
198 1721 34 23 M.
244 1721 80 28 Smith,
335 1722 66 27 R.A.,
411 1723 229 28 Surveyor-General,

75 1747 31 26 .T.
120 1748 31 22 M.
164 1748 121 27 Partridge,
298 1749 52 28 Esq.

82 1775 21 21 S.
114 1775 96 27 Revans,
222 1775 52 28 Esq.
288 1796 3 3 ,

50 1808 183 28 Tinakore-road,
246 1810 90 26 August
343 1811 34 25 24,
390 1812 61 19 1841.

259 1855 56 20 Bill
330 1855 100 22 Books.

52 1887 73 48 ON
140 1888 84 26 SALE,
240 1890 23 19 at
272 1888 45 21 this
330 1888 69 27 office,
411 1888 69 23 blank
490 1889 56 22 BrtL
558 1890 82 22 Books.

153 1915 93 21 Gazette
284 1916 71 26 office,
367 1915 55 22 Dec.
432 1917 22 20 4.

178 1960 52 20 For
245 1959 71 26 Sale,
329 1959 59 27 just
402 1960 115 26 arrived,

172 1993 107 22 REAMS
301 1993 26 22 of
347 1993 109 27 PAPER,
477 1994 124 29 consisting
620 1994 22 23 of

51 2017 106 36 )IBfl
172 2020 99 26 printing
282 2020 74 26 demy,
367 2020 65 22 letter
445 2021 46 22 and
505 2026 54 17 note
572 2029 69 24 paper

174 2047 24 20 of
209 2047 90 21 various
310 2048 56 20 sizes
373 2047 45 21 and
425 2048 109 26 qualities,
545 2048 96 28 blotting

47 2080 77 20 paper,
136 2073 66 22 white
212 2073 46 22 and
267 2073 112 27 coloured,
393 2074 53 21 blue
455 2075 123 27 wrapping,
589 2076 50 26 bag,

49 2102 70 24 Kent,
131 2100 66 26 hand,
209 2100 45 21 and
263 2100 102 27 imperial
375 2101 77 22 brown
461 2109 77 19 paper.

51 2145 73 48 ON
138 2145 85 27 SALE,
235 2147 24 19 at
268 2145 38 21 the
318 2145 70 21 Office
400 2146 25 20 of
433 2146 45 21 this
489 2147 71 26 Paper
567 2154 6 14 :

130 2172 88 21 Double
237 2172 112 28 elephant,
365 2173 150 28 antiquarian,
527 2173 110 29 imperial,

49 2198 45 22 and
105 2198 63 28 royal
179 2199 100 27 drawing
288 2206 76 20 paper,

77 2226 71 21 Elack
168 2226 55 27 edge
240 2226 46 22 and
302 2226 111 22 bordered
429 2227 67 22 letter
519 2227 47 22 and
584 2231 54 19 note

47 2259 78 21 paper,

77 2279 71 22 Black
158 2278 51 23 lead
218 2280 87 27 pencils
317 2280 65 27 (very
391 2281 119 27 superior),

77 2306 141 27 Carpenters'
229 2307 64 26 ditto,

78 2333 91 27 Oblong
179 2333 89 27 clasped
277 2333 172 23 memorandum
461 2335 80 27 hooks,

78 2360 89 22 French
178 2361 86 26 tracing
272 2368 71 20 paper
352 2361 76 26 (black
437 2361 47 22 and
494 2362 84 27 white),

77 2387 90 22 Ladies'
179 2387 43 22 and
232 2387 149 28 gentlemen's
391 2389 58 27 card,
459 2396 70 19 cases,

77 2414 65 22 Ditto
206 2414 36 22 do.
259 2417 4 7 *
299 2414 74 22 tinted
382 2415 45 22 and
437 2416 120 22 embossed
567 2415 70 29 cards,

77 2440 69 23 Sheet
155 2441 129 22 almanacks
291 2441 36 21 for
333 2443 48 20 1841
386 2459 6 9 ,

77 2467 94 23 Invoice
181 2468 77 27 books,
269 2468 56 22 with
334 2468 99 28 indexes,
444 2469 93 22 various
546 2469 66 28 sizes,

77 2495 59 21 Cash
147 2495 76 27 books,
233 2495 66 22 ruled
309 2495 88 28 double,
409 2496 89 22 various
508 2497 66 26 sizes,

80 2521 127 28 Envelopes
220 2522 71 26 (note,
301 2522 74 27 letter,
386 2523 46 22 and
442 2523 83 22 official
536 2524 76 27 sizes),

79 2549 73 27 Large
162 2553 84 24 pewter
254 2549 127 26 inkstands,
391 2550 54 22 with
454 2551 80 26 plates,

79 2575 82 28 Ebony
170 2576 125 27 inkstands,
308 2577 52 21 with
371 2577 103 27 drawers,

76 2603 76 22 Broad
162 2603 44 21 and
216 2610 89 15 narrow
313 2610 70 21 green
393 2603 42 23 silk
446 2605 90 26 ribbon,

77 2629 64 23 Ditto
198 2629 56 23 ditto
310 2631 42 21 red
360 2633 59 26 tape,

77 2657 66 21 Brief
150 2657 45 22 and
205 2657 57 21 deed
272 2664 77 21 paper,

77 2684 76 22 Ruled
163 2692 68 20 paper
240 2684 35 22 for
284 2683 43 23 bill
336 2684 77 27 heads,

77 2711 108 22 Nautical
194 2711 132 21 almanacks
336 2709 104 30 for'l-12,

77 2737 75 28 Royal
166 2737 67 28 hand,
251 2738 83 22 double
349 2739 60 21 hand
422 2739 85 27 brown,
523 2739 46 22 and
578 2739 63 28 royal

48 2763 63 23 hand
121 2765 76 22 brown
207 2765 117 28 wrapping
332 2773 76 20 paper,

77 2791 99 28 Ledgers
186 2792 44 22 and
237 2795 99 19 account
343 2793 76 26 books,
430 2793 90 21 various
529 2793 66 28 sizes,

77 2818 86 22 Pocket
171 2819 87 26 ledgers
267 2819 46 21 and
324 2819 171 22 memorandum
508 2821 77 26 books,

77 2845 109 28 Foolscap
196 2845 44 22 and
249 2846 91 27 writing
348 2854 75 19 paper,
432 2847 88 22 various
526 2847 115 28 qualitiey.

76 2873 121 27 Engraved
207 2880 56 20 copy
273 2873 54 27 slips
338 2873 45 22 and
392 2873 77 27 books,

76 2899 55 22 Best
140 2899 79 22 Welch
228 2901 75 25 slates,
315 2900 61 27 large
386 2901 46 21 and
441 2900 73 27 small,

77 2927 96 26 Sponge,
185 2927 78 21 wafers
272 2927 24 21 in
305 2928 15 20 2
331 2934 32 15 oz.
378 2927 76 27 boxes,
472 2928 68 21 India
551 2928 89 28 rubber,

49 2953 84 22 Albata
141 2953 153 28 pen-holders,
306 2961 53 20 very
369 2955 102 27 superior
482 2955 87 27 sealing
585 2962 55 21 wax,

48 2981 98 26 blotting
156 2988 74 21 paper,
240 2981 42 22 &c.
292 2981 42 22 &c.

193 3015 138 14 WHOLESALE
353 3015 39 14 VND
407 3015 92 15 RETAIL.

89 3053 39 20 To
145 3052 130 26 Captains
286 3053 57 20 and
355 3054 90 20 Mates
461 3054 31 21 of
504 3055 112 21 vessels.

49 3086 94 48 LOG
164 3086 72 22 Books
255 3087 36 21 for
305 3087 52 22 Sale
373 3090 23 18 at
414 3087 38 22 the
468 3087 71 22 Office
559 3089 26 21 of
600 3088 43 23 this

125 3120 76 21 paper.

80 3147 87 20 Gazette
181 3147 77 25 Office,
270 3147 59 22 Nov.
341 3149 32 25 26,
385 3149 60 21 18411.

145 3192 157 27 Stationery
320 3193 60 26 just
393 3195 153 24 unpacked.

52 3224 72 49 ON
139 3225 85 24 SALE,
240 3228 23 19 at
273 3225 38 22 the
324 3227 86 20 Gazette
426 3227 79 26 Office,
522 3235 28 14 an
564 3231 79 19 exten-

129 3252 47 21 sive
186 3252 44 22 and
239 3252 79 22 varied
327 3257 134 19 assortment
477 3254 28 22 of
520 3256 124 27 stationery

51 3278 26 21 of
88 3285 66 21 every
164 3278 144 28 description.

79 3305 128 22 November
219 3308 34 24 26,
266 3308 61 20 1841.

52 3350 40 20 To
108 3351 162 21 Gentlemen
284 3352 148 27 intending
446 3355 28 19 to
491 3355 77 19 enter
583 3354 59 21 into

80 3377 45 21 the
153 3379 145 24 profitable
327 3380 108 25 pursuit
464 3380 31 20 of
521 3381 123 28 Grazing

80 3404 54 20 and
155 3405 136 27 Breeding
311 3407 93 24 Stock,
426 3407 42 21 for
488 3407 90 21 which
599 3409 44 20 the

80 3430 89 22 fertile
189 3431 109 21 Islands
322 3433 31 20 of
368 3433 70 21 New
454 3434 125 21 Zealand
597 3441 45 15 are

80 3463 31 15 so
127 3458 150 27 peculiarly
291 3460 127 25 adapted.

51 3488 92 48 I^HE
153 3489 152 27 undesigned
313 3492 46 26 beg
367 3496 23 18 to
399 3493 83 22 inform
492 3493 58 22 their
559 3494 85 24 friends

125 3516 46 21 and
188 3516 37 21 the
239 3517 76 26 public
332 3520 121 27 generally,
469 3520 50 21 that
536 3521 53 28 they
599 3522 45 22 will

125 3546 100 19 contract
234 3543 36 21 for
279 3543 38 22 the
333 3545 99 28 delivery
444 3547 26 22 of
477 3547 37 22 the
529 3548 117 28 following

52 3569 136 28 description
202 3569 24 22 of
233 3570 75 27 Stock,
316 3572 25 21 in
350 3579 44 20 any
404 3574 54 21 Port
467 3574 26 21 of
506 3574 37 22 the
556 3576 89 22 Islands

52 3596 26 21 of
85 3595 56 22 New
151 3597 100 21 Zealand
260 3604 5 13 ::

80 3623 98 22 Horned
193 3623 67 22 cattle
278 3624 126 28 (improved
418 3627 89 27 breeds)
523 3628 27 22 of
561 3628 31 22 all
607 3629 39 21 de-

53 3649 126 28 scriptions,

82 3677 91 26 Horses,
196 3677 56 22 from
275 3678 38 21 the
338 3678 48 22 best
406 3680 94 27 English
520 3682 46 21 and
583 3682 62 22 Arab

53 3703 69 27 studs,
140 3704 93 21 suitable
250 3704 35 22 for
304 3706 85 27 racing,
405 3707 83 28 saddle,
500 3715 26 14 or
538 3708 93 23 harness
638 3718 5 19 j

54 3729 45 22 and
108 3731 108 27 breeding
225 3739 81 19 mares,

82 3756 57 21 Pure
149 3757 75 22 Saxon
235 3758 45 22 and
290 3758 86 23 merino
388 3767 63 20 ewes,

64 3809 5 5 _
81 3782 123 23 Half-bred
219 3784 115 23 Leicester
349 3786 44 22 and
409 3786 86 23 merino
515 3795 63 20 ewes,
595 3797 51 20 par-

30 3829 2 6 ,
53 3809 104 28 ticularly
168 3811 95 27 adapted
277 3812 35 21 for
322 3812 45 22 this
376 3817 101 23 country,
489 3821 24 15 as
522 3815 54 28 they
584 3817 62 22 unite

30 3838 2 6 '
54 3836 82 25 weight
146 3837 26 21 of
180 3844 85 15 carcass
277 3838 52 22 with
340 3840 97 21 fineness
447 3840 25 22 of
479 3842 64 21 wool.

52 3874 6 3 -
81 3862 49 23 The
153 3864 152 28 undersigned
329 3873 42 14 can
399 3868 167 23 accommodate
594 3877 53 21 pur-

56 3889 89 22 chasers
160 3890 26 21 of
200 3890 56 23 their
266 3892 70 21 Stock
354 3892 53 22 with
423 3894 115 23 extensive
553 3897 95 26 grazing

55 3923 61 19 runsj
128 3916 77 22 within
216 3918 40 21 100
266 3918 65 21 miles
342 3920 26 20 of
373 3919 43 22 this
427 3920 59 21 Port.

319 3951 36 23 W.
371 3952 25 22 B.
412 3953 93 23 Rhodes
520 3955 45 23 and
580 3956 39 23 Co.
