3300 4400
660 3935 122 19 VISITORS'
796 3935 68 19 LIST.

611 3981 88 18 Brent's
711 3982 112 17 Bathgate
836 3982 77 19 House.

571 4004 80 23 Captain
660 4005 37 16 and
706 4005 40 17 Mrs
756 4006 119 20 Sundstrum,
882 4006 96 22 Dunedin;

547 4027 28 17 Dr
583 4027 22 17 B.
612 4028 21 16 T.
640 4028 81 20 Russell,
729 4028 77 18 Ireland
812 4027 4 26 :
828 4028 70 18 Messrs
904 4029 76 24 Reaney

546 4050 117 22 Wellington
672 4050 3 25 :
684 4051 93 23 Pinkney,
787 4051 82 21 Robson,
879 4052 89 23 England
974 4060 5 15 ;

547 4073 77 20 Powell,
632 4074 70 20 Neave,
708 4074 93 19 Johnson.
809 4074 85 23 Sydney;
907 4075 72 22 Moore,

547 4096 117 23 Wellington
671 4096 4 25 ;
689 4097 79 20 Martin,
776 4096 47 25 Fiji;
832 4098 92 21 Mitchell,
931 4099 37 22 Syd-

547 4124 37 16 ney
591 4120 4 22 ;
609 4120 68 22 Coopo,
687 4120 98 22 Waikato;
800 4121 119 17 Archdeacon
926 4122 44 17 Stoc-

548 4140 38 21 ker,
600 4140 135 25 Invercargill;
754 4144 46 17 Rev.
813 4144 31 17 Mr
856 4144 123 21 McPherson,

548 4164 66 17 Misses
623 4166 50 20 Rest,
685 4166 89 20 Graham,
785 4167 105 17 Auckland.

1131 152 82 16 Geyser
1227 152 82 16 Hotel.

1024 177 41 18 Mrs
1086 177 68 20 Baber,
1175 177 106 23 Tauranga.
1306 179 67 17 Misses
1389 178 47 20 Fox,

1001 200 94 21 London;
1121 201 76 19 Munro,
1218 201 106 18 Auckland.
1367 202 71 17 Messrs

1001 223 68 21 Green,
1079 223 153 24 Johannesburg,
1242 224 68 21 Baber,
1323 226 102 21 Tauranga
1432 223 4 24 ;

1000 246 114 21 Mactavish,
1128 247 99 21 Dunedin;
1253 247 80 21 Dufaur,
1358 248 78 20 Nation,

1001 268 109 23 Auckland;
1136 270 77 20 Gibson,
1388 271 48 20 Fox,

1001 292 87 19 London.

1132 339 43 18 The
1189 339 113 18 Langham.

1022 370 41 18 Mrs
1073 370 60 21 Covil,
1145 370 48 18 New
1206 370 113 23 Plymouth;
1333 372 47 17 Miss
1395 371 27 17 Ed-

999 393 68 21 wards,
1088 393 101 23 Hastings.
1221 390 70 22 Messrs
1307 395 127 16 Wetherston.

998 416 79 22 Turpin,
1091 416 128 21 Strathmore;
1237 417 87 23 Hughes,
1341 418 93 20 Eeefton;

998 439 86 20 Milinoe,
1094 439 92 24 Hawera;
1201 440 82 21 Malone,
1298 439 135 24 Invercargill;

998 463 95 19 Munrow,
1105 463 110 21 Auckland;
1229 464 106 20 Litchfield,
1350 464 72 18 Queens-

998 485 46 18 land
1049 491 5 15 ;
1068 485 65 21 Dunn,
1143 486 59 20 Covil,
1212 487 48 17 New
1268 487 110 23 Plymouth.

1133 532 81 18 Mokoia
1228 532 67 18 View.

1020 561 71 19 Messrs
1097 564 112 20 Waddham,
1216 564 65 20 Little,
1285 564 78 20 Winter,
1369 564 52 18 Auck-

997 585 46 18 land
1049 592 5 15 ;
1088 586 109 22 Stevenson,
1226 588 75 21 Dwyre,
1328 588 90 22 England
1427 594 5 15 ;

997 609 115 22 Thompson,
1123 609 81 23 Napier;
1218 611 65 19 Small,
1293 611 99 17 Gisborne.

994 664 439 17 DEATH.

1020 710 170 18 Howland.—On
1199 711 110 21 September
1317 711 40 21 sth,
1374 713 20 16 at
1403 711 29 17 his

996 734 100 20 residence,
1107 734 90 19 Rotorua,
1205 734 58 19 John,
1273 734 32 17 the
1317 734 65 23 dearly
1398 735 22 16 bo-

995 757 56 17 loved
1056 757 87 17 husband
1152 758 20 16 of
1180 757 56 23 Mary
1245 757 81 18 Eleanor
1335 758 37 17 and
1387 758 45 21 only

996 786 33 11 son
1036 781 20 16 of
1063 781 33 16 the
1105 780 38 17 late
1152 780 82 22 Captain
1250 781 60 22 Hugh
1328 781 102 20 Howland,

995 804 20 16 of
1024 804 89 22 Ramsay,
1123 804 38 17 Isle
1170 804 19 17 of
1205 804 53 20 Man,
1268 804 49 22 aged
1330 805 23 16 43
1370 810 60 16 years.

993 868 57 18 THE
1069 868 57 18 HOT
1145 868 94 18 LAKES
1258 868 170 18 CHRONICLE

993 886 435 33 AND

993 919 218 47 Tourists'
1235 919 193 47 Journal.

993 966 150 46 WEDNESDAY,
1158 966 135 46 SEPTEMBER
1308 966 30 46 9,
1353 966 75 46 1896.

996 1047 45 19 Tae
1049 1047 82 19 various
1149 1050 85 16 strenniß
1248 1048 83 25 lending
1344 1049 43 18 into
1395 1049 34 18 the

994 1073 48 19 lake
1052 1073 39 19 and
1103 1073 35 19 the
1148 1073 46 19 lake
1204 1074 56 18 itself
1270 1080 34 12 are
1315 1075 114 24 absolutely

995 1099 90 25 teeming
1095 1099 48 21 with
1152 1099 37 20 fish
1201 1103 21 16 at
1238 1100 34 19 the
1281 1103 82 22 present
1373 1101 55 19 time.

993 1125 43 20 The
1055 1125 72 23 koura,
1137 1126 76 24 inanga
1226 1126 39 19 and
1276 1133 47 17 carp
1333 1133 34 13 are
1380 1127 47 21 fast,

994 1152 74 24 falling
1078 1159 12 12 a
1100 1159 49 18 prey
1159 1155 20 16 to
1189 1152 34 19 the
1243 1152 68 25 larger
1327 1152 44 24 fish,
1389 1153 40 19 and

993 1178 62 24 shags
1062 1178 141 19 innumerable
1213 1185 46 18 may
1270 1179 25 18 be
1305 1185 45 13 seen
1359 1179 57 20 hover-

993 1204 36 26 ing
1040 1207 63 16 about
1112 1204 35 19 the
1164 1204 81 19 mouths
1260 1205 21 18 of
1297 1205 34 19 the
1348 1206 81 18 various

993 1230 69 19 creeks
1074 1237 24 12 on
1108 1230 34 19 the
1152 1230 94 19 look-out
1255 1231 31 18 for
1303 1232 34 17 the
1347 1232 82 19 snialles

993 1257 39 24 fry.
1061 1256 60 19 Some
1140 1257 22 18 of
1181 1256 35 20 the
1234 1257 38 18 fish
1292 1258 66 18 which
1377 1258 52 19 have

994 1283 50 18 been
1055 1289 47 12 seen
1114 1283 21 18 in
1145 1282 34 20 the
1191 1282 46 19 lake
1248 1289 33 13 are
1291 1284 22 18 of
1320 1290 109 13 enormous

993 1308 130 24 dimensions,
1135 1309 39 18 and
1185 1315 21 12 as
1219 1310 16 17 it
1244 1310 37 18 has
1290 1310 50 18 been
1352 1311 76 24 proved

994 1335 45 18 that
1049 1335 48 24 they
1108 1335 66 19 afford
1183 1341 25 13 no
1219 1338 55 22 sport
1284 1338 20 16 to
1314 1336 35 19 the
1378 1343 38 17 gen-

993 1361 29 18 rle
1032 1361 71 25 angler
1133 1362 16 18 it
1159 1361 92 19 becomes
1262 1367 11 13 a
1280 1362 94 24 question
1383 1363 44 18 how

993 1393 29 13 we
1032 1394 34 12 are
1077 1391 20 15 to
1108 1390 45 23 stop
1164 1387 54 19 their
1227 1387 150 26 depradations.
1400 1390 29 19 At

992 1413 42 19 this
1051 1413 95 26 juncture
1171 1413 35 19 the
1230 1413 105 26 Secretary
1353 1415 21 18 of
1394 1415 33 19 the

992 1439 108 20 Auckland
1107 1440 172 19 Acclimatisation
1288 1440 79 26 Society
1377 1441 38 19 hav-

994 1465 36 26 ing
1041 1465 51 19 been
1102 1466 101 19 informed
1220 1466 21 19 of
1251 1466 34 19 the
1303 1466 124 20 destruction

992 1493 21 17 of
1023 1491 35 19 the
1069 1492 65 19 koura
1143 1493 39 17 and
1193 1492 76 25 inanga
1288 1493 25 24 by
1329 1494 34 18 the
1380 1493 47 19 lake

992 1520 60 20 trout,
1064 1519 68 18 writes
1152 1520 21 17 to
1182 1519 35 18 the
1236 1523 100 22 secretary
1352 1520 21 18 of
1392 1520 35 18 the

992 1544 51 18 local
1053 1545 76 24 society
1139 1545 73 24 asking
1220 1545 32 18 for
1262 1545 34 19 the
1312 1546 84 25 opinion
1406 1546 21 18 of

992 1570 57 19 those
1059 1569 77 28 having
1144 1571 50 18 local
1204 1571 120 24 knowledge
1333 1579 23 11 as
1364 1574 20 17 to
1392 1572 34 20 the

992 1596 132 25 advisability
1135 1596 3 27 :
1148 1597 8 18 f
1166 1597 97 24 allowing
1273 1597 35 19 the
1317 1599 82 24 netting
1406 1599 21 19 of

991 1622 39 19 flsli
1041 1623 21 18 in
1078 1623 35 19 the
1133 1623 108 19 lake—the
1259 1626 84 17 t-treanis
1361 1627 21 17 to
1401 1625 26 19 be

991 1649 107 24 preserved
1117 1656 23 12 as
1157 1656 46 12 now
1221 1649 32 19 for
1270 1649 89 26 anglers.
1394 1651 33 19 Mr

991 1674 125 20 Cheeseman
1127 1674 87 26 says:—

1087 1713 42 11 case
1142 1713 79 17 appears
1234 1709 21 17 to
1271 1708 23 18 be
1310 1709 53 22 quite
1379 1715 35 11 ana-

991 1731 67 21 logous
1067 1733 20 15 to
1095 1730 51 18 what
1152 1731 74 17 obtains
1234 1731 19 17 in
1261 1728 51 21 Lake
1319 1733 106 21 Wakatipu.

990 1754 89 17 Portions
1088 1754 20 17 of
1116 1754 15 17 it
1145 1760 66 11 swarm
1227 1754 47 19 with
1290 1757 59 18 trout,
1364 1756 61 17 which

990 1780 70 14 cannot
1069 1777 22 17 be
1101 1778 71 22 caught
1181 1778 45 17 with
1236 1778 33 17 rod
1279 1779 37 16 and
1325 1779 43 18 line,
1378 1785 21 11 as
1416 1780 9 16 I

990 1806 81 16 suppose
1080 1800 15 18 is
1104 1800 32 19 the
1145 1807 42 11 case
1192 1801 19 17 in
1218 1802 91 17 Rotorua.
1334 1801 51 19 With
1394 1803 32 17 the

990 1825 78 16 consent
1080 1824 20 16 of
1119 1825 32 16 the
1165 1825 133 20 Government,
1313 1825 32 17 the
1363 1826 62 22 Otago

990 1847 75 22 Society
1075 1847 33 17 lias
1117 1848 94 17 therefore
1220 1848 74 17 divided
1300 1849 31 16 the
1337 1849 43 17 lake
1385 1849 40 18 into

990 1876 58 14 areas,
1058 1870 33 17 the
1101 1871 52 22 right
1163 1871 19 17 of
1190 1872 76 21 netting
1274 1872 53 17 trout
1339 1872 20 17 in
1373 1872 52 18 these

990 1900 53 10 ureas
1050 1893 59 23 being
1116 1894 62 17 loused
1187 1894 24 22 by
1221 1894 63 23 public
1293 1896 81 20 auction,
1388 1896 37 18 and

990 1917 32 17 the
1030 1917 67 17 lessees
1106 1917 48 17 have
1163 1918 31 16 the
1211 1918 51 22 right
1279 1919 19 16 to
1315 1919 74 22 dispose
1406 1921 20 15 of

990 1940 50 18 their
1048 1940 41 17 fish.
1116 1940 38 18 The
1164 1941 74 22 Society
1249 1941 16 17 is
1279 1941 64 18 bound
1358 1943 20 17 to
1393 1948 32 12 use

990 1964 25 17 nil
1027 1964 71 17 monies
1107 1964 83 17 received
1206 1964 30 17 for
1250 1964 31 17 tho
1296 1965 53 22 right
1359 1967 20 16 to
1392 1968 33 15 net

990 1988 18 16 in
1018 1987 124 23 distributing
1159 1994 21 10 or
1196 1988 122 21 introducing
1334 1989 36 17 fish
1385 1990 40 16 into

991 2011 32 17 the
1032 2010 42 17 lake
1083 2016 22 11 or
1113 2011 32 17 the
1154 2013 78 15 Streams
1241 2011 19 17 in
1269 2011 25 17 its

1015 2038 66 20 There
1092 2037 17 20 is
1119 2046 25 12 no
1155 2039 63 19 doubt
1230 2041 44 18 that
1284 2041 16 18 if
1310 2047 54 13 some
1376 2041 48 18 such

990 2071 69 13 course
1074 2071 22 13 as
1116 2065 64 19 above
1199 2066 101 19 indicated
1317 2072 53 14 Were
1387 2068 28 18 fol-

990 2091 66 19 lowed
1075 2091 49 19 here
1142 2091 16 19 it
1177 2092 66 19 would
1263 2093 82 19 obviate
1363 2100 62 19 many

990 2117 120 19 difficulties.
1145 2118 43 19 The
1208 2119 123 19 destruction
1352 2120 21 18 of
1390 2120 35 19 the

990 2144 65 18 koura
1065 2142 40 20 and
1114 2142 82 27 inanga,
1215 2151 25 13 on
1259 2143 65 21 which
1335 2147 35 18 tho
1388 2152 24 13 na-

990 2172 51 16 tives
1052 2169 42 25 rely
1107 2171 32 19 for
1149 2178 10 12 a
1170 2171 80 24 portion
1259 2171 21 19 of
1298 2172 54 19 their
1368 2172 54 23 food,

990 2195 66 20 would
1063 2197 25 18 be
1096 2197 77 24 stayed,
1182 2197 40 19 and
1230 2197 35 19 the
1272 2197 58 20 illicit
1337 2198 87 25 netting,

990 2223 96 25 spearing
1096 2223 40 19 and
1144 2223 74 25 selling
1227 2224 21 18 of
1260 2227 55 15 trout
1326 2225 66 18 would
1401 2225 24 19 be

989 2249 117 25 prevented.
1135 2249 49 19 Last
1194 2256 54 18 year,
1263 2250 16 19 it
1295 2256 47 19 may
1357 2251 26 18 be
1394 2258 21 11 re-

990 2275 122 23 membered,
1125 2282 11 13 a
1145 2276 127 25 prosecution
1293 2283 57 12 arose
1359 2282 36 14 out
1405 2277 21 19 of

991 2308 8 12 n
1011 2302 77 18 certain
1099 2302 40 19 Sale
1150 2303 21 18 of
1181 2305 60 20 trout,
1262 2303 40 18 and
1322 2300 102 28 although

990 2327 51 19 both
1059 2328 66 24 buyer
1140 2328 40 19 and
1199 2328 59 19 seller
1275 2329 56 19 acted
1351 2329 21 19 in
1391 2330 35 18 the

990 2355 52 18 most
1049 2354 177 25 straightforward
1234 2361 83 13 manner
1326 2354 88 25 through-

990 2382 40 19 out,
1041 2377 39 22 and
1091 2381 47 18 with
1150 2387 25 12 no
1185 2379 119 25 knowledge
1321 2382 46 19 that
1377 2382 49 25 they

991 2413 52 12 were
1053 2406 115 26 infringing
1178 2407 34 18 the
1223 2406 39 21 law
1270 2408 49 22 they
1330 2415 51 12 were
1390 2411 36 22 put

990 2435 21 16 to
1021 2432 139 19 considerable
1171 2439 88 19 expense
1269 2434 21 18 in
1300 2434 35 19 the
1345 2437 80 16 matter.

992 2458 52 19 Such
1058 2458 115 19 difficulties
1189 2459 58 19 could
1267 2466 61 13 never
1349 2460 52 19 arise
1411 2460 16 19 if

991 2484 34 19 the
1044 2491 70 12 course
1133 2484 94 20 followed
1246 2486 20 18 in
1287 2486 35 19 the
1340 2493 45 12 case
1406 2487 22 18 of

991 2510 56 19 Lake
1181 2518 52 12 were
1252 2512 79 19 arrived
1352 2516 26 15 at.
1407 2512 20 19 It

992 2543 64 13 seems
1066 2536 75 20 absurd
1153 2538 57 18 when
1221 2540 55 17 trout
1286 2545 34 12 are
1330 2538 97 25 plentiful

992 2563 38 19 .and
1041 2562 82 20 tourists
1130 2566 107 22 expectant
1245 2564 44 19 that
1298 2564 116 26 hotel-keep-

992 2594 31 14 ers
1034 2596 36 12 can
1079 2589 48 24 onlj'
1136 2590 72 24 satisfy
1217 2590 53 19 their
1281 2591 76 24 guests'
1368 2591 48 25 long-

993 2615 36 25 ing
1037 2616 32 18 for
1086 2615 35 19 tho
1138 2616 89 25 delicacy
1246 2616 28 25 by
1293 2623 26 13 au
1338 2618 90 24 infringe

993 2644 55 16 ment
1058 2641 21 19 of
1089 2642 34 18 the
1133 2639 45 21 law.

993 2692 103 21 ROTORUA
1111 2692 103 21 AFFAIRS
1229 2692 29 21 IN
1273 2692 44 21 THE
1332 2692 88 21 HOUSE.

1016 2741 24 17 In
1049 2742 79 19 mofin<r
1141 2742 33 17 the
1189 2743 68 17 second
1270 2743 80 24 reading
1362 2744 21 17 of
1397 2745 33 16 the

993 2765 37 17 Aid
1040 2766 19 16 to
1077 2765 66 17 Public
1160 2762 67 21 Works
1243 2763 37 20 Bill
1298 2767 31 17 the
1347 2767 83 18 Premier

1159 2788 16 18 is
1188 2789 45 22 only
1241 2795 35 11 one
1293 2790 44 17 item
1356 2791 9 16 I
1381 2791 49 17 have

993 2813 35 15 not
1037 2811 54 17 made
1106 2812 94 17 reference
1212 2814 25 18 to,
1253 2812 38 18 and
1307 2813 43 18 that
1365 2814 16 17 is
1398 2814 32 17 the

993 2836 47 16 item
1049 2835 20 17 of
1078 2833 81 22 £50,000
1173 2835 29 17 for
1216 2835 32 17 the
1263 2835 132 24 development
1411 2838 20 16 of

995 2863 34 12 our
1046 2862 82 18 scenery,
1143 2855 38 20 anil
1194 2859 30 16 for
1240 2859 32 17 the
1286 2859 90 24 drainage
1394 2860 37 17 and

994 2881 147 22 improvements
1161 2882 19 16 in
1197 2884 71 20 respect
1286 2883 20 16 of
1321 2883 33 17 the
1371 2884 48 17 Sana-

995 2905 69 16 torium
1074 2905 20 17 at
1103 2904 90 18 Rotorua.
1219 2905 37 17 For
1270 2906 74 21 myself,
1360 2907 11 17 I
1387 2903 45 21 loot

995 2931 51 19 ipon
1054 2927 16 17 it
1077 2927 43 17 that
1129 2928 41 17 that
1177 2931 79 14 amount
1262 2929 39 17 will
1308 2935 57 17 prove
1372 2931 21 16 at
1400 2930 32 17 the

995 2951 82 16 shortest
1093 2950 56 23 given
1164 2952 42 16 date
1221 2952 32 17 the
1267 2952 49 17 most
1331 2950 101 25 profitable

995 2974 124 22 expenditure
1139 2974 32 17 the
1188 2974 72 23 Colony
1277 2976 55 17 could
1348 2974 85 25 possibly

995 2999 61 15 make.
1086 2995 10 19 I
1110 2997 47 17 have
1172 3004 24 10 no
1213 2998 101 18 hesitation
1330 2999 20 17 in
1364 3000 69 22 saying

995 3020 44 17 here
1047 3018 44 19 that
1099 3026 28 11 we
1136 3026 31 11 are
1176 3022 33 16 not
1218 3021 59 23 doing
1284 3022 68 22 justice
1361 3024 20 16 to
1388 3028 33 12 our-

995 3044 59 17 selves
1063 3044 19 16 in
1091 3045 73 21 respect
1173 3045 19 16 to
1199 3050 35 11 our
1239 3051 76 15 scenery
1320 3045 20 17 in
1347 3045 84 23 making,

995 3072 20 12 as
1024 3072 29 12 we
1061 3064 67 23 oup-ht,
1139 3067 9 17 I
1158 3067 61 20 think,
1229 3073 35 11 our
1272 3068 73 23 Colony
1361 3070 61 16 attrac-

995 3090 38 16 tive
1042 3091 20 15 to
1071 3089 32 18 the
1112 3090 77 17 tourists
1199 3091 19 17 of
1230 3089 33 19 the
1277 3091 65 18 world.
1373 3089 60 20 When

996 3119 35 11 one
1041 3113 65 17 thinks
1115 3114 20 16 of
1143 3113 33 17 the
1184 3114 53 22 large
1246 3115 123 21 expenditure
1374 3116 21 16 of
1401 3115 33 17 the

996 3136 105 17 thousands
1110 3136 38 17 and
1156 3137 104 17 thousands
1269 3138 20 17 of
1297 3136 78 20 tourists
1390 3139 43 17 who

997 3159 45 17 visit
1050 3159 124 17 Switzerland
1183 3160 37 17 and
1229 3160 53 18 other
1299 3163 53 20 parts
1365 3162 21 17 of
1402 3159 34 20 the'

997 3179 66 23 World,
1082 3182 44 20 and,
1143 3183 64 23 seeing
1225 3183 42 17 that
1283 3184 32 17 the
1336 3185 63 22 sights
1414 3185 20 17 in

997 3206 48 17 New
1059 3205 83 18 Zealand
1157 3206 29 17 far
1202 3212 75 16 surpass
1293 3207 54 18 those
1364 3208 21 17 of
1401 3208 33 17 the

997 3227 94 19 countries
1100 3235 43 11 now
1152 3227 75 25 usually
1235 3230 67 17 visited
1313 3230 25 23 by
1348 3232 84 20 tourists,

997 3252 10 16 I
1022 3252 56 16 think
1091 3252 16 16 it
1122 3253 50 16 must
1188 3253 23 17 be
1228 3253 92 17 admitted
1336 3254 44 17 that
1397 3260 32 17 an;

997 3275 125 22 expenditure
1131 3275 19 17 in
1165 3275 32 18 the
1213 3282 41 16 way
1268 3277 21 16 of
1305 3277 79 22 making
1401 3282 34 12 otir

997 3298 73 22 Colony
1080 3298 100 17 attractive
1185 3299 20 18 to
1213 3299 52 17 those
1270 3300 78 17 tourists
1355 3301 15 16 is
1376 3301 49 21 justi-

997 3321 62 20 fiable,
1070 3321 37 17 and
1120 3322 100 22 especially
1233 3323 54 16 when
1304 3329 27 12 we
1350 3324 85 17 consider

997 3345 43 16 that
1053 3350 92 16 everyone
1159 3345 19 17 of
1194 3345 53 17 those
1264 3346 77 18 tourists
1359 3347 76 22 coming

998 3368 20 17 to
1026 3367 49 17 Now
1083 3367 90 21 Zealand,
1182 3368 54 17 when
1246 3369 45 22 they
1300 3371 64 15 return
1373 3371 21 16 to
1402 3367 33 20 the

998 3390 174 23 Mother-country,
1198 3392 39 16 will
1269 3392 24 17 be
1317 3392 118 24 advertising

998 3415 67 21 agents
1075 3414 30 16 for
1113 3420 27 11 us.
1167 3414 32 17 We
1207 3414 48 18 have
1264 3417 34 15 not
1308 3415 48 18 done
1366 3416 69 22 justice

998 3438 20 15 to
1027 3437 94 17 ourselves
1130 3437 19 17 in
1163 3437 37 17 this
1214 3440 77 20 respect.
1321 3439 61 17 When
1397 3445 38 16 you

999 3465 52 12 come
1059 3461 20 16 to
1088 3465 30 12 see
1127 3460 51 17 what
1187 3465 38 12 was
1234 3461 47 17 done
1290 3461 20 18 in
1319 3461 76 18 Canada
1411 3466 24 13 On

999 3483 49 17 their
1056 3483 104 22 railaways,
1177 3484 37 16 and
1230 3484 55 17 when
1301 3490 39 17 you
1357 3491 30 11 see
1402 3486 33 17 the

999 3506 104 17 thousands
1112 3506 38 17 and
1159 3507 104 17 thousands
1276 3508 20 17 of
1308 3508 67 22 people
1392 3508 43 18 who

999 3534 25 17 go
1037 3529 84 23 through
1136 3529 42 18 that
1192 3531 87 21 country,
1295 3531 37 17 and
1348 3537 87 16 compare

999 3552 33 17 the
1041 3552 61 21 sights
1111 3552 20 17 of
1139 3550 43 19 that
1190 3555 82 20 country'
1284 3554 46 17 With
1344 3555 55 16 those
1416 3555 20 17 of

999 3573 48 19 New
1055 3573 89 22 Zealand,
1155 3576 10 16 I
1174 3581 33 17 say
1216 3582 28 11 we
1254 3581 30 12 are
1291 3577 28 16 far
1326 3578 19 16 in
1353 3578 83 16 advance

1000 3598 20 17 of
1028 3598 45 17 that
1080 3600 81 20 country
1169 3599 19 17 in
1197 3600 72 21 respect
1278 3600 20 17 to
1310 3606 34 11 our
1360 3601 76 17 natural

1000 3622 87 21 scenery;
1103 3622 42 20 and,
1156 3627 20 12 so
1185 3622 35 20 far,
1235 3628 28 11 we
1276 3623 48 17 have
1339 3623 48 18 done
1401 3629 23 12 no-

1000 3644 62 23 thing,
1073 3643 147 24 comparatively
1229 3646 97 22 speaking,
1342 3651 20 13 to
1379 3644 58 25 bring

1000 3667 33 17 the
1052 3667 116 23 advantages
1182 3668 38 17 and
1237 3670 111 17 attractions
1366 3670 21 17 of
1402 3675 35 12 onr

1000 3695 78 17 scenery
1086 3691 64 17 before
1159 3691 31 17 the
1199 3691 66 17 world.
1290 3689 34 20 We
1334 3694 70 16 cannot
1412 3693 25 17 do

1000 3713 91 17 this—we
1100 3716 69 15 cannot
1178 3714 54 17 make
1249 3715 60 20 roads,
1324 3722 28 11 we
1366 3717 71 16 cannot

1000 3736 49 17 have
1057 3741 35 12 our
1110 3737 130 20 sanatoriums,
1258 3743 28 12 we
1302 3740 69 15 cannot
1388 3744 49 17 open

1000 3759 54 17 them
1061 3760 21 16 to
1090 3759 33 17 the
1130 3760 145 18 world—unless
1280 3766 29 12 we
1315 3761 47 18 have
1368 3767 69 16 money

1000 3783 21 16 to
1035 3781 23 18 do
1073 3782 16 17 it
1101 3782 46 17 with
1155 3781 4 26 ;
1178 3783 43 19 and,
1236 3783 20 17 in
1268 3783 69 24 asking
1354 3785 29 16 for
1399 3785 38 17 this

1002 3804 86 21 £50,000,
1107 3805 10 17 I
1136 3804 56 19 think
1211 3806 117 19 honourable
1344 3807 93 18 members

1001 3828 40 17 will
1049 3828 61 17 admit
1119 3829 43 17 that
1169 3827 33 19 the
1216 3828 127 19 Government
1357 3836 32 11 are
1402 3830 23 18 do-

1001 3851 35 23 ing
1044 3851 68 22 justice
1121 3853 20 16 to
1155 3851 32 17 the
1201 3851 78 23 Colony.
1309 3853 10 17 I
1333 3859 55 11 move
1405 3854 32 16 the

1001 3874 68 17 second
1078 3874 79 22 reading
1166 3875 19 17 of
1193 3875 32 18 tfca

1025 3898 31 16 Mr
1275 3900 68 21 regard
1364 3901 20 16 to
1405 3900 32 16 the

1002 3920 82 21 £50,000
1104 3921 30 17 for
1153 3921 33 17 the
1206 3921 81 18 thermal
1308 3923 75 22 springs
1399 3922 38 18 and

1002 3949 82 17 scenery,
1094 3944 11 17 I
1114 3944 47 17 have
1171 3945 69 21 always
1254 3945 44 17 held
1310 3946 43 16 that
1367 3952 36 11 one
1417 3946 20 17 of

1002 3967 33 17 the
1042 3967 43 16 best
1094 3969 58 15 assets
1161 3968 42 16 that
1212 3968 32 17 the
1253 3967 73 23 Colony
1333 3969 35 17 has
1382 3969 17 17 is
1412 3969 25 17 its

1002 3995 82 16 scenery,
1096 3990 37 18 and
1141 3990 11 17 I
1161 3990 24 17 do
1193 3992 35 16 not
1235 3991 56 17 think
1300 3992 43 17 that
1347 3997 28 12 we
1381 3992 56 17 make

1002 4013 77 22 enough
1087 4013 21 17 of
1116 4013 21 17 it.
1162 4013 39 17 The
1214 4014 68 17 tourist
1296 4015 61 17 traffic
1371 4015 66 22 brings

1002 4037 30 16 far
1044 4042 52 11 more
1110 4042 69 16 money
1195 4037 40 17 into
1251 4037 33 17 the
1301 4037 72 23 Colony
1390 4039 45 16 than

1002 4059 117 17 honourable
1146 4060 92 17 members
1263 4066 32 11 are
1319 4067 62 11 aware
1411 4061 25 17 of.

1002 4082 105 20 Moreover,
1117 4082 32 17 the
1158 4082 61 18 whole
1227 4083 57 22 thing
1292 4084 15 16 is
1320 4084 45 22 only
1380 4084 19 17 in
1413 4084 24 17 its

1002 4105 84 22 infancy.
1123 4105 67 17 Where
1206 4112 28 11 we
1256 4106 47 17 have
1324 4114 10 10 a
1351 4107 86 17 hundred

1002 4128 78 17 tourists
1089 4128 60 22 going
1157 4129 83 22 through
1254 4129 33 17 the
1300 4129 73 23 Colony
1387 4136 49 13 now,

1002 4151 82 22 viewing
1093 4157 35 11 our
1136 4157 82 17 scenery,
1227 4152 19 17 in
1260 4158 10 11 a
1284 4152 53 17 short
1351 4154 45 17 time
1410 4158 27 12 we

1002 4174 49 17 shall
1060 4174 48 17 have
1116 4175 110 17 thousands.
1252 4175 55 17 Some
1321 4176 116 16 honourable

1459 155 93 18 members
1560 155 48 18 have
1623 157 40 17 said
1677 158 43 16 that
1734 158 33 17 the
1780 159 78 17 tourists
1872 159 24 17 do

1459 180 35 15 not
1501 179 74 21 require
1583 180 37 17 fine
1628 181 91 17 metalled
1725 181 61 17 roads.
1800 181 26 18 Of
1832 187 64 12 course

1459 201 46 22 they
1513 201 25 17 do
1545 204 35 15 not
1588 202 38 18 and
1634 203 16 17 if
1658 204 10 16 I
1677 204 85 23 thought
1769 205 127 18 Government

1458 229 49 12 were
1515 225 61 22 going
1583 226 21 16 to
1617 226 60 22 spend
1689 227 34 17 the
1738 233 68 16 money
1820 228 20 16 in
1853 228 43 18 that

1458 252 43 17 way
1521 247 10 17 I
1551 248 68 17 should
1639 255 71 17 oppose
1729 251 21 16 it.
1784 251 44 17 You
1844 252 52 16 want

1458 270 62 17 tracks
1529 271 19 16 in
1557 272 75 17 various
1639 273 64 21 places
1711 274 20 16 to
1740 273 43 23 give
1797 279 62 12 access
1875 275 21 16 to

1458 293 33 17 the
1498 293 92 19 localities
1599 296 20 16 to
1628 295 23 17 be
1772 296 58 21 Then,
1847 298 48 16 with

1458 317 68 21 regard
1539 319 21 15 to
1573 318 33 16 the
1623 319 88 17 Thermal
1724 320 82 21 springs,
1820 320 76 21 beyond

1457 340 86 21 question
1552 340 47 22 they
1607 347 35 11 can
1651 341 23 18 be
1682 342 73 18 classed
1763 345 88 20 amongst
1862 343 33 18 the

1457 362 85 18 wonders
1546 364 20 16 of
1569 364 33 17 the
1607 364 58 17 world
1670 365 37 17 and
1711 366 49 17 their
1764 366 82 17 curative
1850 372 33 16 pro-

1457 386 68 21 perties
1534 392 32 11 are
1574 387 109 23 something
1693 388 120 18 marvellous.
1837 389 10 17 I
1856 389 39 18 had

1456 409 33 16 the
1498 409 85 22 pleasure
1592 410 38 17 last
1637 416 46 16 year
1691 413 21 15 to
1720 418 30 11 see
1759 412 52 17 them
1820 413 30 16 for
1862 413 32 17 the

1456 431 42 17 first
1505 432 52 20 time,
1567 433 37 16 and
1614 432 11 18 I
1633 434 37 17 feel
1679 435 83 17 satisfied
1770 435 44 17 that
1826 441 68 17 money

1456 454 56 18 needs
1521 457 20 15 to
1550 456 22 16 be
1582 458 54 20 spent
1651 458 59 17 there.
1744 458 20 17 If
1779 458 115 23 judiciously

1456 480 60 20 spent,
1534 479 33 17 the
1587 485 69 17 money
1680 480 39 18 will
1743 487 59 16 prove
1828 487 55 17 repro-

1456 500 81 19 ductive.

1479 524 31 17 Mr
1516 524 56 23 Lang
1581 526 88 19 :—Then,
1679 527 38 17 this
1726 527 38 17 Bill
1778 527 52 18 deals
1846 528 46 17 with

1455 547 33 17 tho
1503 548 132 22 development
1644 550 20 16 of
1672 550 81 17 thermal
1762 551 76 22 springs
1854 552 38 17 and

1455 570 32 17 the
1503 571 76 17 natural
1599 572 76 23 springs
1691 573 21 17 of
1734 574 47 16 New
1802 574 89 18 Zealand.

1455 594 49 16 That
1518 594 15 17 is
1550 600 11 11 a
1578 597 43 15 vote
1635 595 10 17 I
1654 595 109 23 altogether
1771 602 55 17 agrpe
1839 597 52 18 with.

1454 616 40 18 But
1522 618 56 17 while
1606 624 24 11 on
1658 619 38 17 this
1724 620 55 22 point
1807 620 10 17 I
1845 621 48 17 wish

1454 641 20 16 to
1489 640 52 17 draw
1561 641 33 17 the
1611 642 94 17 attention
1722 643 20 17 of
1759 643 32 17 the
1808 643 72 18 Govern-

1454 664 52 16 ment
1523 665 19 16 to
1552 664 32 17 the
1592 665 92 22 necessity
1694 666 20 16 of
1722 667 85 22 erecting
1815 673 11 10 a
1840 667 53 17 ward

1454 686 19 17 in
1491 688 110 16 connection
1619 688 46 17 with
1682 689 33 16 the
1732 689 121 18 Sanatorium
1863 691 30 16 for

1454 710 94 23 receiving
1564 716 51 12 cases
1625 712 19 16 of
1661 712 71 17 serious
1748 713 87 17 accident
1854 714 38 17 and

1454 733 69 17 illness.
1557 733 24 17 In
1605 734 72 18 several
1698 740 51 12 cases
1773 736 43 17 that
1844 736 48 18 have

1453 761 52 12 come
1514 756 60 17 under
1583 762 31 16 my
1623 758 68 20 notice,
1701 759 67 21 people
1773 759 61 22 living
1842 760 19 16 in
1870 766 22 11 or

1454 785 45 11 near
1508 780 84 17 Rotorua
1600 780 49 17 have
1657 783 39 15 met
1705 782 70 17 serious
1790 783 99 21 accidents,

1452 802 39 17 and
1498 802 48 18 have
1554 803 47 17 been
1611 806 41 14 sent
1668 810 11 10 a
1688 804 84 18 distance
1786 807 21 16 of
1814 806 66 22 eighty-

1452 825 37 17 five
1504 826 53 17 miles
1572 828 20 15 to
1609 826 32 17 the
1661 827 87 18 Waikato
1766 828 89 23 Hospital
1871 832 20 15 at

1454 849 106 20 Hamilton,
1578 849 38 17 and
1633 850 33 17 the
1689 851 84 22 patients
1790 852 19 16 in
1833 858 58 17 many

1454 877 51 12 cases
1514 872 48 18 have
1571 872 80 17 reached
1660 874 38 17 this
1708 874 82 22 hospital
1797 875 19 17 in
1826 882 11 10 a
1845 881 46 17 very

1453 895 109 22 deplorable
1571 896 97 17 condition
1682 903 24 11 on
1724 900 80 15 account
1821 899 21 17 of
1858 899 32 18 the

1453 920 52 15 want
1513 919 21 17 of
1541 924 70 17 proper
1627 920 79 17 medical
1723 921 113 17 attendance
1853 922 37 18 and

1452 942 33 16 the
1503 942 73 22 fatigue
1593 942 37 17 and
1639 943 45 23 pain
1701 943 45 23 they
1754 945 47 16 have
1817 945 38 17 had
1869 947 20 16 to

1453 964 71 18 endure
1532 971 24 11 on
1566 965 33 17 the
1607 966 87 22 journey.
1729 968 9 16 I
1756 968 62 17 would
1835 968 54 22 point
1895 964 1 30 j

1453 990 34 15 out
1496 988 43 18 that
1545 988 38 17 this
1592 990 54 16 extra
1652 990 51 16 ward
1713 990 63 24 might
1784 991 23 18 be
1816 992 73 17 erected

1453 1013 20 15 at
1482 1018 11 10 a
1502 1017 44 17 very
1556 1012 55 17 small
1618 1014 46 16 cost.
1691 1013 19 17 It
1719 1014 64 17 would
1797 1017 34 15 not
1848 1016 39 16 cost

1452 1034 94 24 anything
1555 1041 51 11 more
1614 1037 20 16 to
1644 1037 101 21 supervise,
1755 1043 20 12 as
1788 1038 32 17 the
1829 1038 48 17 medi
1895 1030 1 31 |

1452 1058 29 17 cal
1495 1058 62 17 officer
1574 1060 19 15 at
1602 1059 32 16 the
1651 1060 116 18 sanatorium
1776 1061 56 17 could
1844 1061 44 18 look
1895 1058 1 28 |

1454 1081 49 17 after
1519 1081 21 21 it,
1559 1081 37 17 and
1605 1082 14 16 it
1634 1082 62 18 would
1718 1084 46 22 only
1784 1090 53 12 mean
1856 1085 32 17 the

1452 1104 62 17 actual
1524 1106 40 16 cost
1572 1105 20 17 of
1608 1105 33 17 the
1658 1105 88 24 building
1759 1107 36 17 and
1807 1108 81 22 perhaps

1452 1127 37 17 and
1498 1129 54 16 extra
1560 1134 56 11 nurse
1627 1135 21 11 or
1656 1131 45 16 two.
1727 1131 19 16 It
1764 1136 57 12 seems
1839 1130 39 19 alto-

1453 1150 67 23 gether
1527 1152 63 16 unfair
1599 1154 20 15 to
1628 1152 45 17 send
1683 1153 83 22 patients
1784 1154 48 17 from
1842 1155 45 16 such

1452 1180 10 10 a
1472 1174 94 22 populous
1574 1175 74 17 district
1663 1182 20 10 as
1695 1176 85 18 Rotorua
1796 1179 20 15 to
1833 1183 43 12 over-

1451 1197 62 17 crowd
1529 1197 32 18 the
1574 1199 87 17 Waikato
1679 1197 100 25 Hospital;
1793 1201 35 16 but
1845 1201 42 17 that

1451 1220 14 17 is
1474 1227 11 10 a
1494 1221 54 17 small
1557 1222 54 16 affair
1620 1223 100 21 compared
1728 1223 45 18 witli
1781 1224 32 17 the
1820 1224 57 17 suffer-

1451 1244 33 22 ing
1500 1244 82 22 patients
1599 1244 47 18 have
1655 1248 20 14 to
1693 1246 70 17 endure
1771 1247 19 16 in
1808 1248 79 22 waiting

1451 1273 19 11 so
1480 1267 46 22 long
1536 1268 82 17 without
1635 1271 107 20 competent
1759 1270 78 18 medical
1854 1274 20 14 at-

1451 1290 97 20 tendance,
1567 1291 38 17 and
1623 1291 71 23 having
1712 1294 19 16 to
1748 1293 86 23 undergo
1854 1294 32 17 the

1451 1313 73 22 fatigue
1533 1314 20 17 of
1569 1321 12 10 a
1595 1314 47 23 long
1649 1315 87 23 journey.
1767 1317 19 16 If
1799 1323 24 10 an
1837 1317 39 17 acci-

1450 1336 45 18 dent
1511 1337 99 22 happened
1627 1344 23 11 on
1665 1345 11 11 a
1693 1340 76 21 Friday,
1786 1340 50 17 after
1854 1340 32 17 the

1451 1360 48 16 train
1508 1360 41 20 left,
1560 1361 32 17 the
1609 1362 73 21 patient
1692 1363 63 17 would
1764 1363 48 17 have
1825 1364 19 16 to
1854 1369 19 12 re-

1449 1383 50 17 main
1508 1383 19 17 in
1537 1384 84 17 Rotorua
1630 1385 49 17 until
1688 1386 32 17 the
1729 1387 85 21 Monday
1821 1392 51 12 morn-

1449 1406 35 23 ing
1499 1406 64 18 before
1572 1408 23 17 he
1608 1408 55 17 could
1673 1409 23 16 be
1705 1411 41 15 sent
1764 1411 19 16 to
1792 1410 32 17 the
1840 1410 33 17 hos-

1449 1429 53 22 pital.
1536 1430 43 18 And
1603 1431 18 17 in
1640 1437 51 12 cases
1712 1433 20 17 of
1747 1439 45 16 very
1815 1433 70 17 serious

1449 1453 94 17 accidents
1552 1455 15 15 it
1576 1455 62 21 might
1647 1461 53 11 mean
1710 1455 57 18 death
1776 1453 3 24 ;
1794 1456 37 17 and
1840 1456 10 17 I
1859 1456 24 18 do

1449 1476 48 22 hope
1506 1476 48 21 that,
1572 1478 60 17 under
1640 1478 33 17 the
1685 1479 150 21 circumstances,
1853 1479 32 17 tho

1449 1499 129 18 Government
1588 1501 38 17 will
1643 1503 34 16 not
1693 1502 40 17 lose
1746 1502 52 23 sight
1814 1503 21 17 of
1847 1503 37 17 this

1449 1524 73 19 matter,
1540 1523 79 18 because
1633 1531 11 10 a
1660 1531 46 16 very
1722 1526 73 17 limited
1819 1526 66 23 outlay

1449 1546 61 17 would
1525 1549 50 15 meet
1592 1547 32 17 the
1640 1549 142 21 requirements,
1792 1549 37 17 and
1839 1556 33 10 con-

1449 1569 28 17 fer
1485 1576 11 10 a
1509 1572 55 20 great
1577 1570 69 18 benefit
1654 1577 25 12 on
1695 1572 33 17 the
1744 1573 84 17 Rotorua
1845 1573 29 17 dis-

1449 1593 49 15 trict.

1473 1634 32 17 Mr
1513 1634 76 18 Dufaur
1602 1636 21 17 of
1629 1636 33 17 the
1669 1637 43 17 firm
1722 1637 20 17 of
1750 1637 70 17 Messrs
1831 1637 22 17 L.
1860 1637 24 17 D.

1450 1656 77 18 Nathan
1542 1658 38 17 and
1588 1659 41 20 Co.,
1647 1660 16 17 is
1675 1661 19 16 at
1703 1662 76 20 present,
1784 1667 25 10 on
1817 1667 12 10 a
1841 1660 45 17 visit

1449 1681 19 16 to
1478 1681 90 17 Rotorua.

1474 1707 31 19 Mr
1524 1708 22 18 G.
1567 1710 75 17 Burton
1662 1710 34 18 has
1709 1711 41 23 just
1766 1711 73 22 opened
1860 1717 25 16 up

1450 1731 62 17 choice
1537 1735 125 16 assortments
1679 1734 21 17 of
1722 1734 81 23 drapery
1825 1734 60 23 goods

1450 1754 80 19 suitable
1540 1756 29 17 for
1575 1757 31 16 the
1613 1759 83 15 season.*

1473 1787 39 17 The
1521 1787 80 23 Library
1610 1788 37 18 and
1658 1788 87 24 Beading
1754 1790 59 17 Room
1829 1789 42 18 Com-

1449 1809 65 18 mittee
1523 1812 49 16 meet
1581 1811 18 17 in
1616 1812 32 17 the
1665 1810 92 20 Institute
1773 1819 24 11 on
1816 1813 70 22 Friday

1449 1833 54 22 night
1514 1834 20 17 at
1543 1835 10 15 8
1562 1835 77 17 o'clock.

1472 1861 38 18 The
1520 1863 76 23 .Sydney
1605 1864 84 18 Bulletin
1698 1865 38 17 and
1745 1865 32 17 the
1787 1865 98 17 Auckland

1449 1885 91 18 Observer
1549 1893 34 11 can
1592 1888 23 17 bo
1622 1887 89 19 obtained
1720 1889 20 17 at
1748 1889 33 16 the
1794 1889 90 16 Cmtox:-

1448 1912 37 17 ClB
1494 1910 55 18 News
1559 1909 95 24 Agency.*

1472 1941 39 16 The
1521 1946 44 16 year
1575 1942 44 15 5G57
1630 1941 19 16 of
1659 1940 32 17 the
1707 1940 71 17 Jewish
1787 1941 38 16 Era
1834 1946 38 11 com-

1448 1964 77 18 menced
1550 1969 24 11 on
1595 1963 86 23 Monday
1702 1965 21 15 at
1744 1966 70 16 sunset.
1846 1964 40 17 The

1449 1987 58 17 world
1517 1987 15 16 is
1542 1987 87 22 growing
1638 1993 45 16 very
1693 1987 31 17 old
1733 1985 3 24 !

1472 2015 31 17 Mr
1511 2015 24 16 D.
1554 2015 78 19 Barron,
1651 2015 89 17 assistant
1758 2021 95 16 surveyor,
1870 2015 16 17 is

1448 2044 43 11 now
1498 2038 43 17 here
1550 2037 37 18 and
1594 2037 38 18 will
1639 2039 21 16 ta
1673 2044 9 11 e
1689 2038 70 18 cha7-<re
1768 2039 20 16 of
1796 2037 76 19 theWai-

1449 2061 162 22 otapu-WainUoi
1622 2061 52 18 road,
1684 2067 25 11 on
1718 2062 61 16 which
1796 2062 59 17 about
1864 2063 22 16 20

1448 2091 41 11 men
1499 2091 32 10 arc
1538 2090 43 11 now
1590 2084 93 23 engaged,

1471 2113 41 19 The
1517 2114 55 22 plans
1582 2114 19 17 of
1611 2114 32 16 the
1652 2114 93 22 proposed
1752 2114 61 17 wharf
1823 2120 23 11 on
1854 2114 32 17 the

1448 2138 40 17 lake
1502 2137 53 17 shore
1572 2137 48 17 have
1634 2136 48 18 been
1699 2136 103 18 submitted
1816 2138 29 16 for
1854 2137 32 17 the

1448 2161 90 22 approval
1547 2161 20 16 of
1576 2161 32 15 the
1617 2160 192 22 Surveyor-General.
1830 2161 56 16 Their

1448 2186 64 15 return
1521 2183 15 17 is
1543 2183 89 22 expected
1643 2183 19 17 in
1672 2189 11 10 a
1692 2183 37 22 day
1738 2189 22 12 or
1776 2185 38 16 two
1830 2183 55 18 when

1449 2204 49 21 worit
1508 2207 38 16 will
1553 2207 23 16 be
1585 2206 127 17 commenced.

1473 2239 31 17 Mr
1517 2239 23 16 E.
1555 2238 70 22 Lyons,
1648 2238 62 18 tailor,
1726 2239 43 16 who
1782 2239 34 16 has
1830 2244 39 12 com-

1449 2262 77 17 menced
1532 2262 85 16 business
1628 2261 20 17 in
1657 2262 32 16 the
1698 2262 89 21 premises
1796 2262 90 22 formerly

1449 2285 89 22 occupied
1552 2285 26 22 by
1592 2284 33 17 the
1636 2284 39 18 late
1690 2285 25 17 11.
1723 2284 28 18 W.
1766 2285 117 22 Neighbour,

1448 2309 69 17 inserts
1525 2315 11 10 a
1553 2308 84 17 business
1655 2310 153 16 announcement
1815 2309 20 16 in
1851 2315 23 11 an-

1449 2333 54 17 other
1511 2332 81 17 column,

1473 2361 32 17 We
1522 2366 30 12 are
1569 2360 98 22 requested
1686 2361 19 16 to
1722 2361 48 17 state
1787 2361 42 17 that
1854 2361 32 17 the

1449 2390 72 13 women
1529 2389 9 13 8
1554 2389 41 11 new
1613 2383 108 23 swimming
1737 2384 47 17 bath
1808 2384 38 17 will
1863 2384 23 17 be

1449 2407 88 23 formally
1554 2406 73 23 opened
1643 2413 25 10 on
1684 2406 119 24 Wednesday
1812 2409 46 15 next
1867 2410 19 15 at

1450 2432 41 16 2.30
1500 2436 45 13 p.m.
1579 2430 39 17 The
1628 2430 97 17 chairman
1742 2431 21 17 of
1779 2431 33 17 the
1829 2431 57 17 Town

1449 2455 63 17 Boaru
1521 2453 67 17 invites
1606 2453 92 17 residents
1707 2456 21 14 to
1736 2454 24 16 be
1778 2456 77 20 present
1863 2460 23 11 on

1449 2478 33 17 the
1491 2477 92 18 occasion.
1605 2477 17 16 A
1630 2476 115 23 description
1754 2477 19 17 of
1782 2477 38 17 this
1829 2477 56 18 latest

1450 2501 86 16 addition
1545 2502 19 15 to
1579 2505 34 12 our
1627 2496 46 21 bath
1691 2500 163 17 accommodation
1871 2501 16 17 is

1450 2524 43 18 held
1503 2530 45 11 over
1557 2524 29 16 for
1594 2525 52 15 want
1655 2524 20 16 of
1684 2530 60 15 space.

1473 2553 44 17 Two
1526 2552 59 21 slight
1594 2552 67 17 shocks
1678 2553 20 16 of
1707 2552 115 23 earthquake
1839 2559 48 11 were

1451 2577 35 17 felt
1493 2576 43 17 here
1545 2582 24 10 on
1579 2575 70 22 Friday
1658 2576 42 20 last,
1711 2582 35 10 one
1763 2578 20 15 at
1792 2577 40 16 0.15
1849 2577 37 17 and

1452 2600 30 17 the
1505 2599 55 17 other
1576 2600 20 15 at
1617 2599 52 16 11.45
1686 2605 43 11 a.m.
1756 2597 52 24 They
1824 2601 64 16 would

1451 2622 81 22 scarcely
1540 2622 49 17 have
1595 2622 48 17 been
1660 2623 61 16 worth
1738 2623 99 22 recording
1853 2623 34 17 but

1451 2646 30 17 for
1489 2647 32 16 the
1538 2651 51 11 news
1606 2644 85 18 received
1707 2646 21 16 of
1736 2646 32 16 the
1776 2652 63 11 severe
1849 2646 28 17 dis-

1451 2669 101 17 turbances
1561 2668 87 22 reported
1658 2669 49 17 from
1717 2669 59 17 South
1792 2669 92 20 America,

1451 2693 63 21 Japan
1531 2691 38 18 and
1586 2691 73 18 France
1675 2698 20 11 as
1711 2692 72 23 having
1800 2693 88 18 occurred

1452 2716 32 17 the
1493 2715 87 22 previous
1588 2714 44 23 day.

1499 2740 39 19 The
1552 2742 108 17 Chronicles
1669 2742 20 17 of
1705 2742 63 17 Count

1453 2766 26 22 by
1496 2766 91 21 Anthony
1595 2765 56 22 Hope
1661 2765 4 23 ;
1706 2766 39 17 The
1758 2766 50 18 Trail
1829 2766 19 18 of
1857 2768 32 16 the

1564 2789 26 21 by
1616 2789 75 17 Gilbert
1707 2789 72 17 Parker
1788 2787 4 25 ;
1835 2787 54 25 Lady

1533 2812 26 22 by
1566 2812 24 17 D.
1601 2811 71 18 Gefard
1682 2810 3 24 ;
1703 2813 69 16 '-Peter

1453 2832 27 26 by
1500 2836 33 17 the
1557 2835 69 17 author
1642 2836 21 17 of
1701 2836 65 22 Trilby
1796 2832 4 26 ;
1842 2837 47 18 Miss

1606 2858 26 22 by
1656 2855 51 21 John
1736 2860 104 19 Davidson,
1857 2860 33 17 the

1455 2883 69 16 author
1533 2883 19 16 of
1582 2879 53 19 Fleet
1651 2883 63 16 Street
1730 2883 93 22 Eclogues
1855 2883 32 18 &c.

1455 2905 40 20 &c,
1504 2911 44 17 may
1556 2905 24 17 be
1588 2905 39 17 had
1635 2906 21 16 at
1665 2902 118 21 OhhoxicLe
1792 2906 74 17 Office.*

1477 2932 70 18 Messrs
1555 2932 89 17 Goodson
1653 2933 38 16 and
1700 2933 85 18 Griffiths
1793 2934 48 17 have
1850 2934 41 22 just

1455 2956 66 22 placed
1535 2956 19 16 in
1568 2956 82 23 position
1660 2959 11 14 a
1679 2956 80 17 circular
1767 2963 38 10 saw
1813 2958 19 16 in
1842 2958 49 17 their

1455 2978 56 23 yards
1519 2979 20 17 in
1700 2980 19 16 in
1736 2980 54 17 order
1807 2982 19 16 to
1841 2983 50 15 meet

1455 3003 33 16 the
1503 3008 87 17 growing
1612 3001 81 18 demand
1715 3003 30 17 for
1766 3003 89 18 firewood
1871 3004 19 17 in

1455 3025 53 18 3hort
1516 3022 77 26 lengths
1602 3025 82 18 suitable
1693 3026 29 17 for
1731 3027 104 17 household
1844 3033 34 16 pur-

1455 3054 60 17 poses.
1540 3048 40 17 The
1588 3048 70 17 motive
1666 3055 64 16 power
1738 3050 16 17 is
1762 3050 91 22 provided
1865 3048 26 25 by

1455 3072 55 17 horse
1524 3078 45 16 gear
1582 3072 38 16 and
1635 3072 34 17 the
1686 3072 61 18 whole
1761 3071 54 19 affair
1830 3076 61 15 works

1456 3096 49 16 most
1513 3095 138 22 expeditiously
1660 3095 38 17 and
1707 3096 139 23 satisfactorily.

1481 3123 87 18 Theßev.
1576 3124 20 17 C.
1603 3124 21 17 C.
1632 3124 86 21 Browne,
1724 3125 19 17 of
1747 3125 24 17 Tc
1777 3121 60 28 Ngae,
1846 3131 33 11 con-

1457 3147 69 17 ducted
1543 3147 70 18 service
1630 3147 19 17 in
1669 3144 33 21 the
1721 3147 121 19 Schoolroom
1867 3155 25 11 on

1458 3169 77 23 Sunday
1544 3170 89 23 morning
1646 3171 38 16 and
1698 3171 82 23 evening
1792 3171 43 18 last.
1860 3171 33 18 Mr

1458 3193 80 18 Browne
1550 3193 66 22 kindly
1625 3194 106 17 undertook
1744 3194 32 18 the
1793 3195 62 17 duties
1872 3195 21 17 of

1457 3217 32 16 Mr
1497 3213 123 24 McPherson,
1630 3217 99 17 Auckland
1743 3218 43 22 City
1802 3218 78 17 Mission-

1457 3245 40 17 ary,
1508 3239 42 18 who
1559 3240 26 22 by
1597 3246 25 11 an
1638 3241 125 17 unfortunate
1780 3243 113 21 contretemps

1457 3269 39 10 was
1505 3262 87 18 detained
1601 3264 21 15 at
1630 3263 129 18 Morrinsville
1768 3270 23 12 on
1808 3265 29 16 his
1850 3271 43 16 way

1456 3286 50 17 here.

1481 3314 31 16 Mr
1528 3311 20 20 J'/
1563 3314 23 16 R.
1603 3314 67 18 Mann,
1692 3315 20 17 of
1732 3315 32 17 the
1781 3315 111 17 Melbourne

1457 3337 68 16 Leader
1534 3337 86 21 pictorial
1630 3337 45 17 staff
1675 3337 1 21 1
1675 3337 4 21 ,
1689 3338 43 16 who
1740 3338 35 17 has
1783 3339 46 16 been
1842 3344 25 11 on
1881 3345 12 11 a

1457 3360 60 17 cruise
1526 3361 89 21 amongst
1623 3360 33 17 the
1665 3361 59 17 South
1736 3361 34 17 Sea
1779 3361 76 17 Islands,
1863 3367 20 12 se-

1458 3383 66 22 curing
1533 3383 56 17 views
1598 3383 30 17 for
1635 3384 50 17 after
1698 3384 117 22 publication
1827 3385 21 16 in
1862 3384 29 18 his

1457 3409 64 19 paper,
1531 3406 34 17 has
1573 3406 48 17 been
1637 3406 19 17 in
1674 3407 85 17 Rotorua
1775 3408 70 22 during
1861 3408 32 17 the

1457 3429 88 23 past'few
1554 3429 52 22 days.
1632 3430 31 16 Mr
1672 3430 59 17 Mann
1740 3431 34 17 has
1783 3431 47 17 been
1844 3432 49 16 most

1457 3452 60 17 active
1526 3450 51 19 with'
1581 3452 29 17 his
1619 3456 74 13 Camera
1701 3450 37 21 and
1754 3454 31 17 the
1799 3452 59 19 result
1874 3455 20 16 of

1458 3475 29 17 his
1495 3475 52 17 work
1556 3475 39 17 will
1604 3475 95 18 doubtless
1708 3476 23 17 be
1740 3477 129 22 forthcoming
1874 3478 18 16 in

1458 3498 36 17 due
1502 3498 51 17 time.

1482 3525 25 18 At
1515 3526 35 17 the'
1556 3525 100 19 Auckland
1674 3528 90 18 Criminal
1777 3528 83 18 Session's
1870 3535 23 11 on

1458 3546 98 25 Thursday
1565 3546 43 23 last,
1617 3550 82 18 Thomas
1708 3551 87 20 Downes,
1810 3558 11 10 a
1829 3558 65 17 young

1458 3573 69 19 native,
1542 3573 110 17 committed
1677 3574 50 17 from
1749 3575 85 17 Rotorua
1856 3580 38 13 was

1458 3595 60 18 found
1527 3596 63 22 guilty
1602 3602 25 11 on
1644 3598 38 16 two
1700 3598 80 21 charges
1787 3598 21 17 of
1823 3598 57 17 house-

1458 3615 92 26 breaking
1574 3616 39 20 anct
1635 3625 40 12 was
1696 3620 100 18 sentenced
1812 3622 20 16 to
1856 3622 38 16 two

1458 3648 54 16 years
1528 3642 150 22 imprisonment.
1712 3644 39 16 The
1765 3644 86 17 evidence
1860 3645 23 16 ad-

1459 3664 60 17 duced
1527 3671 39 11 was
1580 3666 71 17 similar
1667 3667 21 16 to
1705 3667 42 17 that
1761 3667 55 17 taken
1825 3667 19 17 in
1863 3668 31 17 the

1458 3685 64 19 Pslice
1531 3687 59 18 Court
1604 3688 44 18 here
1657 3690 38 16 and
1703 3690 77 22 ah-ea;dy
1794 3690 100 22 published

1459 3711 17 17 in
1488 3711 31 17 the
1529 3711 124 18 CniicorfCLE.

1482 3739 34 17 We
1524 3745 31 11 are
1564 3739 19 17 in
1592 3740 70 23 receipt
1675 3742 21 16 of
1710 3747 11 11 a
1738 3742 156 17 communication

1460 3762 47 17 from
1516 3762 32 17 the
1557 3762 98 23 Secretary
1663 3765 21 15 of
1692 3765 33 16 the
1738 3765 84 17 Victoria
1836 3765 48 17 Insti

1458 3784 42 18 fate
1516 3791 22 11 or
1554 3786 140 22 Philosophical
1710 3787 75 23 Society
1802 3788 20 17 of
1838 3788 56 17 Great

1459 3808 79 20 Britain,
1548 3809 98 23 enclosing
1653 3810 73 22 reprint
1734 3811 21 16 of
1762 3817 24 10 an
1794 3811 66 17 article
1871 3817 23 11 on

1481 3828 38 20 The
1535 3832 90 21 Rqntgen
1641 3833 52 22 Rays
1709 3834 38 16 and
1764 3834 32 17 the
1812 3834 82 17 Victoria

1579 3855 61 18 which
1649 3862 29 11 we
1686 3862 31 11 ore
1726 3857 58 17 asked
1839 3854 44 20 kind-

1459 3877 18 22 ly
1489 3878 66 17 accord
1563 3884 12 11 a
1583 3878 52 22 place
1698 3885 35 11 our
1749 3880 90 17 columns.
1869 3881 25 16 As

1459 3900 33 17 the
1500 3900 66 18 article
1574 3901 19 17 in
1602 3902 88 22 question
1705 3902 76 18 devotes
1794 3903 59 17 about
1866 3904 28 17 six

1459 3923 47 17 lines
1519 3925 20 15 to
1554 3925 73 22 stating
1640 3926 53 16 what
1707 3926 15 16 is
1736 3926 77 22 already
1825 3926 69 18 known

1459 3946 58 17 about
1526 3947 35 17 the
1566 3953 44 16 rays
1618 3948 19 17 in
1647 3949 87 21 question
1742 3949 38 17 and
1789 3949 32 17 the
1829 3951 39 15 rest
1876 3950 18 17 of

1459 3975 11 11 a
1481 3969 73 18 column
1564 3970 19 17 to
1592 3970 33 17 the
1635 3971 114 22 description
1764 3972 20 17 of
1799 3972 33 17 the
1848 3972 37 17 bril-

1459 3992 48 17 liant
1515 3993 103 23 gathering
1632 3994 21 17 of
1669 3994 57 20 lords,
1742 3995 83 22 bishops,
1842 3996 52 21 right

1458 4015 118 21 honornbles,
1587 4017 109 21 professors,
1707 4020 16 14 et
1731 4019 31 15 hoc
1768 4024 31 16 gen
1804 4022 18 12 fis
1839 4024 54 16 omne,

1459 4039 103 16 assembled
1571 4041 21 15 to
1600 4040 95 22 mutually
1703 4041 72 17 admire
1783 4041 45 18 each
1834 4041 60 20 other,

1459 4067 29 12 we
1496 4067 30 12 are
1535 4068 53 16 sorry
1596 4069 29 11 we
1633 4065 70 15 cannot
1712 4064 68 23 oblige.

1538 4092 63 29 £SO,
1618 4094 62 28 £lO,
1695 4095 59 27 £lO,
1771 4095 43 25 £5.

1460 4123 64 18 Given
1535 4130 56 17 away
1601 4124 32 18 for
1644 4130 12 12 a
1667 4125 66 24 single
1741 4132 67 15 gue.-s.
1842 4125 52 19 Send

1460 4152 65 21 stamp
1536 4149 31 18 for
1576 4150 121 23 particulars
1708 4151 40 18 and
1764 4151 94 19 circulars
1874 4154 20 16 to

1460 4174 43 19 Bos
1515 4175 43 23 176,
1571 4175 22 23 P.
1593 4175 34 23 0.,
1640 4175 133 24 Wellington.

1941 162 40 17 The
1990 162 214 18 Rotorua-Whaka'&ne
2216 163 47 17 road
2275 164 32 16 via
2321 164 33 17 the

1918 185 62 17 Lakes
1988 186 16 17 is
2012 192 43 11 now
2064 185 93 18 extended
2166 187 20 15 to
2199 192 11 10 a
2225 186 55 22 point
2296 187 59 17 about

1918 207 84 24 halfvtay
2024 209 85 17 between
2133 208 61 18 Lakes
2214 209 81 17 Rotoma
2316 211 38 16 and

1918 230 142 23 Rotoiti-paku.

1941 263 39 17 The
1997 263 70 19 Herald
2084 263 61 17 learns
2161 263 43 17 that
2229 263 32 17 Mr
2276 264 30 18 W.
2324 265 28 17 H.

1917 285 83 21 Herries,
2011 287 19 16 of
2039 287 25 16 TV
2073 286 68 20 Aroha,
2152 286 15 17 is
2184 286 58 18 about
2259 289 20 15 to
2287 293 38 17 pay
2342 294 11 11 a

1917 309 43 17 visit
1969 310 21 16 to
1998 310 33 17 the
2040 310 41 21 Bay
2090 310 20 16 of
2119 309 69 22 Plenty
2197 310 78 20 district,
2286 312 46 16 with
2342 317 11 11 a

1916 332 48 17 view
1981 334 19 16 to
2018 333 100 21 becoming
2131 338 11 10 a
2159 333 99 17 candidate
2274 334 31 16 for
2321 334 32 18 the

1917 356 148 21 representation
2075 356 19 17 of
2104 356 43 17 that
2155 355 74 19 district
2237 357 19 16 in
2265 356 33 18 the
2306 359 47 15 next

1916 378 122 18 Parliament.

1939 410 39 17 The
1993 410 121 18 Sanatorium
2128 411 84 22 grounds
2221 417 31 11 are
2267 411 39 17 fast
2321 418 21 10 as-

1916 434 77 21 suming
2009 438 11 11 a
2033 439 51 12 more
2100 434 100 22 agreeable
2211 437 63 19 aspect
2284 440 21 11 as
2319 435 33 17 the

1915 457 64 16 recent
1987 456 47 17 mild
2042 456 84 18 weather
2133 457 15 17 is
2157 458 75 22 forcing
2239 458 113 21 thegrowih

1915 479 21 16 of
1952 485 54 16 grass
2014 479 37 17 and
2061 480 68 17 shrubs
2137 480 20 17 in
2165 487 11 11 a
2185 482 115 17 remarkable
2317 480 22 18 de-

1915 507 49 17 gree.
1990 503 40 16 The
2044 502 101 23 gardeners
2162 510 32 11 are
2207 510 44 11 now
2267 505 49 22 busy
2331 507 21 16 at

1915 526 50 16 wor!i
1974 526 39 17 and
2024 531 27 11 we
2060 526 116 18 understaud
2185 527 43 17 that
2234 529 72 17 several
2314 529 24 18 im-

1914 550 121 19 provements
2051 549 20 17 in
2080 549 32 17 the
2121 555 78 12 manner
2207 551 21 16 of
2232 550 68 24 laying
2317 554 34 16 out

1914 571 33 17 the
1964 572 85 22 grounds
2058 572 38 17 will
2103 573 24 17 be
2143 573 77 18 effected
2236 574 65 19 before
2317 576 34 18 the

1915 600 65 12 season
1990 601 64 16 opens.

1937 625 32 17 Mr
1978 626 28 18 W.
2016 627 108 17 Hutchison
2133 627 19 17 in
2160 628 33 17 the
2202 634 65 12 course
2281 630 20 17 of
2317 630 33 18 the

1914 648 67 18 debate
1990 655 24 12 on
2024 650 32 17 the
2065 650 53 18 Loan
2133 651 37 17 Bill
2185 651 40 17 said
2232 656 5 12 :
2275 650 74 26 Every*

1913 672 57 22 thing
1990 673 61 21 ought
2068 675 9 8 *
2078 679 10 11 0
2103 674 23 17 bo
2143 674 54 17 made
2214 681 20 11 as
2250 681 45 17 easy
2312 677 38 17 and

1913 695 115 18 economical
2036 702 20 12 as
2065 696 81 23 possible
2155 698 30 17 for
2189 703 78 17 persons
2272 700 78 22 seeking

1913 717 33 17 the
1955 724 42 16 way
2006 721 20 15 to
2040 725 35 11 our
2088 721 101 17 sanatoria.
2222 721 44 18 Sick
2282 723 68 22 people

1913 743 70 15 cannot
1997 743 62 21 rough
2074 743 20 16 it.
2125 743 63 23 Cheap
2206 745 77 23 railway
2300 747 49 17 fares

1913 764 49 17 from
1971 765 101 18 Auckland
2085 768 20 15 to
2119 767 167 24 Rotorua—cheap
2300 770 48 17 fares

1913 788 20 16 to
1947 788 33 16 the
1995 787 87 19 Hamner
2094 789 75 23 springs
2186 790 37 18 and
2239 797 38 17 any
2294 793 55 16 other

1913 810 65 18 health
2101 813 18 17 A
2127 815 45 20 Very
2181 815 80 17 sensible
2274 816 74 17 remark

1912 834 38 17 and
1959 835 75 21 worthy
2043 835 20 17 of
2071 835 25 17 all
2105 837 124 21 acceptation.

1936 865 39 17 The
1984 866 72 17 revised
2065 867 88 17 electoral
2162 868 36 17 roll
2206 868 34 17 has
2249 875 43 12 now
2300 870 48 18 been

1912 888 77 22 printed
1999 889 37 17 and
2046 895 43 17 may
2098 890 24 17 be
2130 891 95 22 inspected
2235 894 20 15 at
2264 893 32 17 the
2305 896 43 19 post

1912 908 59 21 office.
2006 914 34 15 We
2049 913 63 17 would
2120 914 64 17 advise
2193 920 34 11 our
2235 915 76 19 readers
2328 919 20 15 to

1912 935 74 23 inspect
2002 935 33 17 the
2051 942 50 12 same
2119 938 20 16 at
2154 943 45 11 once
2216 938 37 17 and
2267 939 15 17 if
2296 940 52 17 their

1911 964 65 12 names
1992 959 25 17 do
2032 961 33 15 not
2082 965 70 17 appear
2168 960 50 19 tbetr
2318 964 30 17 for

1910 983 106 16 enrolment
2033 982 67 17 should
2116 983 24 16 bo
2156 983 106 19 Awarded
2279 988 19 15 to
2315 987 33 17 the

1910 1004 99 23 Registrar
2018 1006 20 16 at
2046 1006 106 22 Tauran;;a,
2162 1013 21 11 so
2192 1008 42 17 that
2242 1008 33 17 the
2289 1010 47 17 omis-

1912 1027 41 18 tion
1962 1034 44 16 may
2014 1029 24 16 be
2047 1029 84 17 rc-tlried
2139 1029 20 17 in
2167 1030 32 17 the
2216 1032 119 22 supplement-

1910 1057 31 16 al';.
1952 1050 41 19 rc-U.
2019 1051 39 18 Tne
2074 1058 97 16 necessary
2188 1054 58 17 forms
2265 1062 45 16 may
2324 1056 23 18 be

1910 1074 89 18 obtained
2009 1076 20 16 at
2037 1075 33 18 the
2079 1075 47 18 Post
2133 1076 58 18 office.

1933 1106 27 17 At
1976 1112 12 10 a
2013 1107 84 21 meeting
2115 1107 20 17 of
2157 1109 31 17 the
2205 1109 48 18 local
2270 1110 77 23 County

1910 1129 79 18 Council
2014 1131 20 16 at
2051 1130 97 21 Gisborne,
2167 1132 108 18 Councillor
2291 1134 41 18 Mac-

1911 1152 72 17 farlane
1992 1154 87 21 reported
2089 1154 42 17 that
2145 1155 19 16 in
2174 1156 109 17 connection
2298 1158 47 17 with

1910 1175 32 17 the
1950 1176 94 22 proposed
2057 1178 50 16 stock
2118 1178 45 16 road
2173 1180 19 15 to
2202 1179 105 22 Auckland,
2322 1182 24 17 he

1909 1199 38 17 had
1956 1199 46 17 been
2013 1200 76 16 assured
2096 1201 26 21 by
2131 1201 32 18 the
2179 1201 155 23 Surveyor-Gene-

1909 1222 27 17 ral
1946 1223 19 16 in
1974 1222 117 22 Wellington
2107 1223 41 19 that
2157 1225 19 16 in
2183 1227 37 15 two
2237 1232 54 16 years
2300 1228 45 21 they

1909 1245 63 17 would
1987 1246 48 17 have
2044 1253 10 10 a
2068 1247 57 17 coach
2134 1248 46 17 road
2197 1248 84 25 through
2296 1249 49 19 from

1908 1269 85 17 Rotorua
2001 1271 20 15 to
2032 1269 97 20 Gisborne,
2139 1271 37 17 and
2185 1272 76 23 already
2270 1273 23 17 his
2307 1279 38 12 was

1909 1292 41 17 told
1959 1293 32 16 the
2000 1293 129 17 Government
2137 1294 37 18 had
2192 1296 83 18 received
2289 1298 56 17 offers

1908 1316 49 17 from
1976 1316 57 17 coach
2047 1316 115 23 proprietors
2178 1319 20 17 to
2215 1325 34 11 run
2267 1320 78 19 coaches

1910 1338 84 23 through
2004 1341 21 15 to
2034 1339 98 18 Gisborne.

1932 1371 27 17 At
1967 1376 11 11 a
1987 1371 85 24 Meeting
2080 1371 19 17 in
2117 1372 113 24 Cambridge
2239 1375 36 17 last
2292 1376 53 18 -week

1908 1394 15 16 it
1932 1399 38 12 was
1980 1394 69 22 agreed
2067 1396 20 15 to
2105 1396 81 18 forward
2203 1397 105 23 objections
2324 1402 20 15 to

1907 1416 33 19 the
1948 1418 92 22 proposed
2051 1418 103 18 southwest
2162 1420 112 19 boundaries
2284 1423 20 16 of
2312 1423 32 16 the

1907 1441 41 21 Bay
1966 1441 20 17 of
1998 1441 70 22 Plenty
2081 1441 79 20 district,
2179 1444 60 17 which
2254 1451 42 11 now
2314 1446 20 17 in-

1907 1463 63 18 cludes
1979 1464 33 17 the
2027 1466 74 20 greater
2113 1467 75 21 portion
2203 1468 20 16 of
2232 1468 32 17 the
2281 1469 50 17 Puki-

1906 1487 39 17 kua
1961 1488 38 17 and
2017 1487 102 19 Pukerimu
2134 1490 79 21 district,
2231 1498 20 11 as
2268 1493 42 16 well
2324 1498 21 12 as

1906 1510 33 17 the
1948 1507 91 26 Borough
2049 1512 20 16 of
2079 1511 118 26 Cambridge.
2231 1515 17 16 A
2263 1516 80 21 petition

1906 1534 83 22 praying
1997 1535 30 17 for
2044 1541 24 10 an
2077 1535 99 19 alteration
2187 1537 19 17 of
2220 1538 33 17 the
2269 1538 62 18 bound-

1906 1557 54 20 aries,
1971 1563 20 12 so
1999 1564 21 11 as
2029 1559 20 16 to
2058 1558 56 17 allow
2128 1559 32 18 the
2178 1560 58 18 above
2246 1563 19 15 to
2272 1564 71 16 reinain

1906 1587 11 10 a
1933 1582 45 21 part
1993 1582 21 16 of
2032 1581 32 17 the
2078 1582 87 18 Waikato
2182 1583 105 21 electorate,
2306 1592 38 11 was

1906 1603 66 18 drawn
1989 1610 26 17 up
2025 1604 38 18 and
2077 1605 33 17 has
2128 1605 47 18 been
2197 1607 20 17 in
2233 1605 111 22 circulation

1906 1627 56 17 since.

1931 1659 38 17 The
1982 1659 82 18 Waikato
2072 1660 61 23 Argus
2146 1664 146 19 representative
2301 1664 43 17 who

1908 1683 134 21 accompanied
2051 1684 32 16 the
2097 1684 79 18 football
2194 1686 49 17 team
2256 1690 18 14 to
2283 1687 60 18 Roto*

1908 1711 33 11 rua
1950 1706 101 17 concludes
2060 1714 12 10 a
2081 1712 45 17 very
2142 1714 92 16 generous
2243 1712 65 20 report
2324 1717 20 11 as

1908 1728 73 18 follows
1992 1728 3 28 :
2044 1730 40 17 The
2108 1731 74 18 visitors
2200 1735 69 15 cannot
2287 1735 57 21 speak

1907 1753 31 16 too
1948 1752 69 23 highly
2026 1754 20 16 of
2055 1754 32 17 the
2096 1756 103 15 treatment
2206 1756 45 22 they
2260 1757 84 18 received

1906 1776 21 16 at
1944 1776 32 17 the
1985 1776 61 17 hands
2063 1777 21 17 of
2091 1777 33 17 tho
2133 1778 84 18 Rotorua
2225 1779 47 22 boys
2281 1786 35 11 nor
2325 1782 20 16 of

1907 1798 33 17 the
1948 1798 89 19 kindness
2047 1800 37 17 and
2091 1801 94 17 attention
2191 1802 95 18 bestowed
2293 1810 50 16 upon

1906 1822 52 17 them
1964 1822 26 22 by
1999 1823 49 16 their
2065 1824 43 17 host
2116 1824 38 18 and
2171 1825 77 21 hostess,
2267 1823 31 21 Mr
2307 1828 36 16 and

1906 1845 41 18 Mrs
1965 1845 102 20 Johnston,
2094 1847 37 17 and
2148 1847 49 19 their
2220 1850 50 17 staff.
2303 1851 40 17 Tho

1907 1869 39 21 trip
1953 1875 40 11 was
2011 1870 82 16 without
2109 1871 60 17 doubt
2186 1877 11 12 a
2205 1872 33 22 joy
2247 1875 20 15 to
2277 1874 23 17 be
2314 1880 20 11 re-

1908 1892 106 17 membered
2032 1893 71 22 fondly,
2115 1894 60 18 which
2193 1896 38 16 will
2245 1896 36 18 live
2297 1897 48 22 long

1907 1916 49 16 after
1962 1916 32 17 the
2003 1916 80 17 decisive
2091 1917 63 18 defeat
2163 1918 34 17 has
2213 1919 47 17 been
2269 1920 64 23 forgot-

1931 1970 69 18 Messrs
2010 1971 62 18 Burns
2081 1972 37 17 and
2127 1972 80 19 Christie
2216 1974 33 17 the
2258 1977 75 16 contrac-

1907 1994 40 16 tors
1953 1994 30 17 for
1992 1994 33 17 the
2033 1994 110 19 alterations
2152 1996 19 17 in
2180 1997 33 17 the
2221 1998 124 19 schoolhoiisc

1906 2016 48 19 have
1964 2023 42 11 now
2021 2018 105 22 completed
2141 2019 49 18 their
2206 2021 52 17 work
2275 2023 19 16 to
2312 2023 33 17 the

1908 2041 117 17 satisfaction
2035 2041 19 17 of
2063 2041 32 17 the
2110 2043 113 18 committee.
2254 2045 16 17 A
2284 2046 50 21 parti-

1907 2064 40 17 tion
1957 2066 33 15 has
2007 2064 46 17 been
2072 2065 73 18 erected
2159 2072 61 12 across
2237 2068 32 17 the
2286 2069 59 22 lobby

1907 2086 43 19 thus
1960 2087 67 22 giving
2036 2090 85 20 separate
2130 2090 88 17 entrance
2226 2092 20 15 to
2252 2091 32 18 tho
2291 2090 54 24 boys'

1906 2110 38 17 and
1953 2110 52 23 girls'
2015 2111 45 17 side.
2086 2112 15 16 A
2111 2110 48 20 wide
2167 2113 87 23 archway
2264 2115 33 18 lias
2305 2116 39 17 also

1907 2133 46 18 been
1964 2135 31 16 cut
2013 2134 19 17 in
2049 2135 32 16 the
2096 2135 44 17 wall
2157 2136 85 23 dividing
2257 2138 32 18 the
2306 2140 38 17 two

1908 2156 133 19 schoolrooms,
2052 2158 37 16 and
2098 2158 33 17 the
2140 2160 83 21 running
2232 2166 45 16 gear
2284 2163 21 16 of
2310 2163 33 17 the

1907 2180 82 17 window
2002 2180 64 18 blinds
2080 2182 92 17 renewed.
2203 2184 40 16 The
2255 2186 77 17 conveni-

1908 2209 44 12 ence
1967 2203 21 17 of
2004 2203 33 17 the
2053 2207 40 14 new
2111 2207 133 21 arrangement,
2261 2210 20 15 to
2297 2209 47 17 both

1907 2227 85 17 teachers
2000 2227 37 17 and
2047 2227 82 18 scholars
2138 2228 15 18 is
2162 2231 19 15 at
2190 2232 47 15 once'
2245 2234 98 19 apparent.

1930 2259 39 17 The
1978 2258 89 23 building
2076 2259 46 18 fund
2132 2261 20 17 of
2164 2262 31 16 the
2213 2268 41 11 new
2269 2264 75 17 Church

1907 2282 20 17 of
1936 2281 90 24 England
2035 2282 15 17 is
2059 2283 66 22 slowly
2138 2284 35 18 but
2190 2285 80 23 steadily
2287 2287 58 24 being

1908 2305 61 18 added
1978 2307 26 19 to,
2015 2305 37 18 and
2061 2312 21 11 as
2090 2306 16 17 it
2120 2307 15 17 is
2147 2307 89 18 intended
2255 2311 19 15 to
2293 2316 38 12 com-

1908 2334 65 12 mence
1982 2329 107 22 operations
2098 2335 21 12 as
2128 2336 45 12 soon
2182 2337 20 11 as
2211 2332 50 17 £2OO
2270 2333 15 17 is
2299 2334 34 18 sub-

1908 2352 72 17 scribed
1989 2359 24 10 an
2023 2354 54 15 extra
2086 2352 54 18 effort,
2149 2354 15 17 is
2181 2354 58 23 being
2253 2357 55 17 made
2324 2359 21 16 to

1906 2375 84 17 increase
1998 2376 33 16 the
2040 2382 40 11 sum
2090 2375 65 24 (£140)
2164 2384 43 10 now
2220 2379 19 17 in
2256 2379 52 19 hand
2324 2380 21 19 to

1907 2399 33 16 the
1948 2398 73 19 desired
2030 2401 85 16 amount.
2129 2400 23 17 In
2160 2401 32 18 aid
2201 2403 20 16 of
2227 2402 38 18 this
2273 2405 61 21 praise-

1908 2422 74 21 worthy
1991 2422 63 23 object
2063 2429 12 10 a
2084 2425 74 16 concert
2169 2424 16 17 is
2199 2427 112 18 announced
2325 2429 20 16 to

1908 2445 43 17 take
1960 2445 53 22 place
2022 2446 18 16 in
2050 2446 33 17 the
2091 2446 87 19 Pukeroa
2187 2448 45 18 Hall
2241 2455 24 12 on
2274 2450 71 24 Friday

1908 2468 34 18 the
1951 2469 49 21 18th,
2011 2469 33 16 the
2053 2472 142 20 arrangements
2203 2472 29 16 for
2241 2473 60 17 wbioh
2312 2480 32 12 arc

1908 2494 19 15 ot
1940 2492 29 17 Hie
1978 2493 50 16 most
2037 2493 104 22 promising
2157 2496 72 16 nature.
2264 2497 82 18 Further

1908 2515 113 22 particulars
2030 2516 39 17 will
2078 2521 70 18 appear
2155 2518 20 17 in
2184 2524 34 11 our
2225 2521 46 16 next
2288 2521 56 17 issue.

1931 2547 39 18 1?ho
1979 2548 90 23 covering
2085 2549 20 17 of
2113 2549 32 17 the
2155 2549 61 18 Priest,
2223 2551 47 17 bath
2286 2552 59 18 house

1908 2572 46 16 with
1964 2571 32 17 the
2013 2577 41 10 new
2063 2572 95 22 reroofing
2166 2575 84 16 material
2260 2575 15 17 is
2287 2575 59 21 being

1908 2594 105 23 proceeded
2032 2594 47 18 with
2088 2596 37 16 and
2133 2596 38 17 will
2180 2596 24 17 be'
2212 2598 105 22 completed
2326 2600 19 17 in

1909 2618 32 18 the
1955 2623 66 12 course
2037 2618 21 16 of
2066 2624 11 11 a
2089 2619 37 17 few
2134 2619 54 22 days;
2212 2619 40 19 The'
2260 2623 86 17 material

1908 2641 35 18 has
1951 2641 47 17 been
2015 2641 97 23 subjected
2127 2643 19 16 to
2159 2638 36 22 'the
2210 2646 50 15 most
2274 2646 73 18 critical

1909 2666 38 15 test
1963 2661 27 25 by
2006 2665 33 16 Mr
2060 2665 90 22 Malfroy.
2176 2664 16 19 A
2209 2668 75 22 portion
2307 2675 39 11 was

1910 2688 82 21 exposed
2002 2689 19 16 to
2036 2688 32 18 the
2082 2690 49 16 most
2145 2690 73 17 intense
2232 2692 115 22 sulphurous

1910 2711 63 18 action
1990 2711 37 17 and
2041 2713 20 16 at
2079 2711 31 17 the
2127 2713 35 16 end
2173 2714 19 16 of
2201 2720 10 10 a
2226 2714 67 18 month
2308 2721 39 12 was

1910 2734 59 17 found
1986 2735 93 22 perfectly
2092 2735 66 18 sound.
2184 2737 76 17 Certain
2276 2740 71 21 repairs

1909 2758 48 16 have
1964 2757 39 17 also
2012 2758 44 17 been
2063 2758 77 17 effected
2147 2760 19 16 in
2174 2760 32 17 the
2211 2761 136 19 interiorofthe

1910 2781 45 17 bath
1966 2781 68 17 houses
2043 2781 99 23 including
2155 2783 32 17 the
2195 2784 57 21 patch
2262 2786 20 16 of
2300 2791 34 12 con-

1910 2807 52 15 crete
1971 2805 83 17 referred
2063 2807 21 15 to
2092 2805 26 22 by
2126 2805 29 18 Dr
2162 2807 119 23 MacGregor
2293 2815 19 11 in
2318 2809 29 17 his

1910 2828 70 22 report.

1935 2859 39 17 The
1981 2859 110 17 road-work
2099 2860 20 16 in
2128 2860 32 18 the
2169 2857 89 22 tlrewera
2267 2865 81 21 country

1911 2888 16 12 is
1956 2882 102 24 hastening
2067 2879 67 27 slowly
2166 2884 63 22 along.
2260 2886 52 17 Most
2328 2888 20 16 of

1911 2906 34 18 the
1953 2907 95 16 contracts
2056 2906 28 17 let
2090 2907 20 16 to
2119 2907 31 17 the
2159 2907 72 18 natives
2240 2908 48 19 have
2300 2910 47 17 been

1911 2928 81 19 finished
1997 2928 136 24 satisfactorily
2140 2930 39 18 and
2187 2930 32 19 tho
2233 2932 36 17 few
2285 2929 51 22 Euro-

1911 2958 58 16 peans
1978 2949 40 21 still
2027 2953 86 21 engaged
2122 2959 32 11 are
2160 2954 95 24 widening
2264 2956 32 17 the
2303 2957 45 17 road

1912 2975 77 22 already
1997 2975 56 18 made
2067 2976 19 17 in
2103 2976 33 17 the
2153 2977 89 18 direction
2261 2979 20 17 of
2296 2980 53 17 Lake

1912 2998 162 21 Waikareinoana,
2085 3000 37 16 and
2135 3000 99 19 otherwise
2239 3001 110 24 improving

1912 3022 21 17 it.
1959 3021 34 18 We
2002 3027 30 12 see
2040 3022 44 17 that
2091 3023 33 17 the
2133 3029 44 17 map
2186 3024 20 17 of
2214 3025 32 16 the
2260 3026 89 17 Urewera

1913 3047 86 22 country,
2009 3045 62 17 issued
2080 3046 46 17 with
2143 3047 33 17 the
2192 3048 72 22 Report
2281 3049 20 17 of
2316 3050 34 17 the

1912 3065 126 26 Department
2048 3069 20 16 of
2077 3068 70 22 Lands,
2164 3067 68 26 adopts
2245 3071 32 18 the
2294 3078 56 12 name

1912 3092 20 17 of
1960 3092 65 17 Tuhoe
2033 3091 54 18 Land
2116 3093 29 16 for
2154 3094 32 17 the
2194 3095 66 21 region
2267 3095 19 17 in
2293 3101 44 17 ques-

1912 3114 47 18 tion.
1985 3115 19 17 It
2013 3115 17 17 is-
2037 3116 49 16 most
2094 3117 121 22 appropriate
2224 3118 37 17 and
2270 3124 44 15 was,
2321 3125 29 12 we

1912 3138 134 20 understand,,
2057 3140 103 21 suggested
2183 3140 27 22 by
2225 3140 33 18 Mr
2277 3142 73 18 Elsdori

1913 3161 61 18 Best's
1985 3161 81 18 articles.

1936 3193 53 16 With
1999 3194 64 21 regret
2072 3199 28 11 we
2112 3200 97 12 announce
2225 3195 33 18 the
2274 3196 76 18 decease

1913 3216 20 17 of
1942 3216 32 17 Mr
1982 3212 52 21 John
2051 3217 103 21 Howland,
2171 3219 47 16 bush
2236 3221 112 19 contractor,

1914 3239 60 18 which
1988 3239 43 17 took
2041 3239 53 23 place
2102 3241 20 16 at
2131 3240 29 18 his
2169 3241 95 19 residence
2272 3243 45 17 here
2326 3250 24 11 on

2017 3264 81 20 evening
2106 3259 42 22 last.
2174 3264 32 17 Mr
2211 3261 96 22 Howland
2312 3273 38 10 was

1913 3285 19 17 in
1941 3286 33 16 the
1982 3286 61 22 prime
2051 3287 21 16 of
2086 3286 38 20 life,
2134 3287 58 22 being
2201 3288 45 22 only
2260 3287 24 19 43'
2296 3295 54 16 years

1914 3314 20 11 oi
1943 3315 40 16 age,
1993 3309 39 17 and
2049 3310 113 17 succumbed
2176 3312 19 16 to
2211 3313 138 22 consumption,

1913 3332 43 17 that
1965 3332 40 17 dire
2014 3333 76 20 malady
2098 3334 61 16 which
2169 3335 73 17 attacks
2258 3341 20 12 so
2293 3342 57 15 many

1914 3355 119 17 households.
2060 3356 30 16 He
2098 3356 38 17 had
2143 3357 47 17 been
2198 3357 86 18 confined
2293 3360 20 16 to
2321 3360 30 16 his

1913 3375 37 20 bed
1959 3379 30 16 for
2001 3384 52 12 some
2069 3379 45 17 time
2131 3375 34 22 tint
2182 3381 66 17 within
2265 3382 33 17 the
2314 3382 38 18 last

1914 3400 37 19 few
1971 3401 47 23 days
2039 3403 106 21 symptoms'
2168 3409 49 12 were
2237 3405 114 17 manifested

1914 3424 61 18 which
1985 3424 114 23 proclaimed
2108 3426 42 17 that
2159 3427 32 16 the
2199 3427 36 17 end
2248 3433 38 12 was
2298 3434 52 11 near.

1914 3447 95 18 Deceased
2018 3448 62 18 leaves
2088 3454 11 11 a
2108 3448 67 18 widow
2184 3450 37 17 and
2233 3452 37 16 two
2285 3457 67 17 young

1915 3470 84 18 children
2008 3471 30 17 for
2046 3472 62 16 whom
2117 3472 34 17 the'
2158 3473 72 17 utihost
2241 3475 108 22 sympathy,

1915 3494 61 17 which
1985 3494 35 17 bo's
2037 3495 56 16 taken
2111 3501 11 10 a
2138 3496 91 21 practical
2247 3503 70 15 course,

1915 3516 72 18 shown.
2000 3517 31 17 He
2040 3523 39 11 was
2087 3523 11 11 a
2107 3515 83 21 member
2199 3520 20 16 of
2227 3520 33 17 the
2266 3521 86 17 Masonic

1915 3539 51 23 body
1974 3540 39 17 and
2021 3541 33 16 the
2063 3541 79 19 funeral,
2158 3542 60 18 which
2235 3544 46 16 took
2298 3541 53 25 place

1915 3563 106 22 yesterday,
2042 3569 39 12 was
2097 3564 105 18 conducted
2222 3566 60 18 under
2302 3565 51 19 theft'

1915 3586 84 22 auspices
2008 3586 26 23 by
2042 3586 32 17 Mr
2083 3587 20 18 T.
2113 3588 114 22 Fitzgerald.

1939 3617 39 17 The
1999 3617 62 18 books'
2082 3619 84 23 recently
2183 3620 78 18 ordered
2276 3621 27 22 by
2319 3621 33 17 the

1916 3640 81 22 Library
2006 3639 113 20 Committee
2128 3648 31 11 are
2167 3649 43 11 now
2217 3645 20 16 to
2246 3644 51 17 band
2314 3645 38 16 and

1916 3661 39 19 will
1969 3663 23 17 be
2002 3664 63 17 issued
2081 3665 20 16 to
2117 3665 115 18 subscribers
2240 3669 20 14 a'.*
2268 3669 47 16 sooii
2331 3673 21 12 as

1916 3686 46 23 they
1971 3692 31 12 are
2019 3687 86 22 stamped
2122 3688 37 17 and
2174 3690 119 22 catalogued.
2327 3690 25 18 In

1907 3709 1 27 ■
1916 3709 55 18 order
1979 3711 20 16 to
2008 3711 50 16 meet
2066 3710 32 17 the
2107 3711 67 18 wishes
2183 3713 19 16 of
2214 3713 33 17 the
2261 3713 91 23 majority

1916 3732 20 17 of
1945 3733 33 17 the
1986 3733 74 17 readers
2069 3733 32 17 the
2114 3734 59 18 books
2188 3735 68 18 chosen
2272 3742 24 11 on
2314 3737 37 17 this

1917 3755 84 18 occasion
2010 3756 71 21 belong
2089 3756 68 18 almost
2166 3758 79 23 entirely
2251 3760 19 16 to
2280 3760 33 16 the
2318 3760 22 16 de-

1916 3779 97 21 partment
2021 3779 21 17 of
2051 3779 71 17 fiction.
2147 3781 39 17 The
2194 3781 57 18 latest
2261 3782 62 18 works
2332 3782 21 17 of

1916 3802 60 17 Marie
1993 3802 75 20 Corelli,
2186 3804 67 18 Clarke
2269 3805 81 21 Russell,

1917 3824 78 23 Stanley
2015 3825 98 22 Weyman,
2139 3823 55 21 Rolfe
2220 3828 130 20 Boldrewood,

1916 3847 58 18 Louis
1995 3848 67 20 Becke,
2084 3848 73 19 Gilbert
2181 3850 77 21 Parker,
2280 3852 72 16 Robert

1916 3871 111 20 Buchanan,
2037 3871 40 20 &c,
2084 3871 47 18 have
2136 3873 46 17 been
2190 3874 81 21 secured,
2279 3875 73 17 besides

1916 3894 62 17 works
1986 3894 26 22 by
2020 3894 75 17 various
2103 3896 87 20 novelist,
2197 3898 34 17 not
2244 3897 108 23 previously

1916 3917 120 22 represented
2045 3923 24 11 on
2086 3918 32 17 the
2131 3918 78 19 shelves.
2242 3920 39 17 The
2298 3921 55 16 other

1916 3939 95 18 additions
2020 3944 31 13 are
2147 3941 88 19 Crescent
2243 3943 37 17 and

1915 3962 26 22 by
1947 3963 115 18 Lient.-Col.
2070 3960 100 26 Haggard,

1915 3986 26 21 by
1950 3986 47 17 Max
2006 3986 83 20 Nordaii,
2100 3987 37 17 and
2145 3988 64 22 Judge
2220 3990 88 17 Wilson's
2321 3991 21 16 in-

1916 4009 93 21 teresting
2016 4009 98 22 brochure,
2148 4011 89 19 Sketches
2254 4012 21 19 of
2290 4013 62 18 Maori

1916 4031 43 18 Life
1967 4033 37 17 and

2063 4064 90 17 AROMA
2156 4066 55 15 TICS

2444 161 130 20 MINING
2596 161 129 20 NOTES.

2401 207 39 17 The
2453 206 123 25 Prospecting
2592 210 119 17 Association
2728 210 35 17 has
2778 212 34 15 not

2376 230 48 17 been
2436 230 38 17 idle
2486 230 71 24 during
2570 232 33 18 the
2617 235 44 20 past
2675 233 59 17 week.
2768 233 44 17 Two

2376 253 143 17 well-attended
2536 256 92 22 meetings
2638 256 48 18 have
2700 257 48 17 been
2761 256 51 17 held.

2376 277 41 17 One
2429 279 110 20 prospector
2552 278 34 17 has
2598 279 47 17 been
2660 279 115 23 despatched
2793 281 19 15 to

2375 300 87 17 examine
2470 300 37 17 and
2516 303 63 19 report
2587 307 51 16 upon
2648 303 33 16 the
2690 305 80 20 country
2778 302 23 17 be-

2375 324 61 16 tween
2450 322 44 18 here
2509 324 37 16 and
2559 324 26 17 Te
2601 325 59 20 Puke,
2678 326 38 17 and
2732 326 80 17 another

2375 346 60 17 under
2444 348 124 20 engagement
2584 349 20 16 to
2619 348 32 17 the
2664 349 118 17 Association
2796 349 15 17 is

2374 369 91 22 expected
2474 371 19 15 to
2502 370 60 18 arrive
2570 371 45 17 here
2623 371 39 17 this
2670 371 58 18 week.

2398 390 38 19 The
2445 392 120 24 advisability
2573 395 21 16 of
2601 394 93 23 bringing
2699 401 85 16 pressure
2791 395 20 18 to

2373 414 46 18 bear
2427 421 52 16 upon
2487 416 32 17 the
2528 416 129 18 Government
2666 420 20 14 to
2694 418 75 17 include
2777 418 33 17 the

2373 438 85 17 Rotorua
2467 441 70 20 county
2546 440 66 17 within
2622 441 33 16 the
2662 441 100 22 goldfields
2767 447 43 11 area

2373 467 38 12 was
2420 461 75 18 mooted
2504 464 21 15 at
2539 463 32 17 the
2588 463 38 18 last
2642 463 85 23 meeting
2744 465 20 16 of
2777 465 33 16 the

2373 484 125 23 Prospecting
2506 486 125 17 Association.
2655 486 40 17 The
2704 487 76 22 opinion
2790 488 20 16 of

2373 507 32 17 the
2413 507 90 23 majority
2512 509 20 17 of
2540 509 53 17 those
2608 511 77 20 present
2699 510 73 17 seemed
2789 512 20 15 to

2373 530 53 17 favor
2434 531 32 17 the
2474 533 117 21 proposition
2599 533 37 16 but
2648 533 16 17 it
2677 538 39 12 was
2732 533 76 17 decided

2372 554 20 16 to
2401 553 55 18 allow
2465 555 91 17 members
2564 557 20 16 to
2592 555 45 18 take
2650 556 96 17 whatever
2759 557 49 21 steps

2372 576 45 22 they
2426 576 62 23 might
2497 578 52 17 deem
2558 578 48 18 best.

2396 597 31 19 Mr
2436 601 64 19 Goetz,
2509 601 21 17 of
2539 601 32 17 the
2582 601 43 18 firm
2642 602 20 17 of
2678 601 76 18 Rhodes
2771 602 37 17 and

2372 621 64 21 Goetz,
2447 623 73 23 mining
2528 627 74 19 agents,
2612 625 107 22 Tauranga,
2734 625 73 17 arrived

2372 646 19 16 in
2400 646 84 17 Rotorua
2490 653 25 10 on
2524 647 70 21 Friday
2602 648 38 17 last
2645 654 25 11 on
2676 648 73 22 mining
2756 649 41 16 busi-

2371 674 48 12 ness.
2445 668 32 18 Mr
2484 670 58 18 Goetz
2551 670 77 18 showed
2636 677 23 11 us
2668 677 11 11 a
2688 672 92 21 specimen
2789 672 19 17 of

2372 693 66 21 quartz
2447 692 86 23 showing
2540 694 46 22 gold
2596 695 65 21 freely,
2671 694 62 18 which
2739 695 15 16 it
2770 695 37 17 had

2371 715 47 17 been
2427 715 61 17 stated
2497 717 19 16 to
2525 716 29 18 his
2563 717 48 19 firm,
2627 723 39 12 was
2681 717 92 23 procured
2788 718 18 17 in

2371 738 38 17 this
2417 738 149 22 neighborhood.
2591 741 31 16 He
2631 741 15 16 is
2655 741 69 22 taking
2731 743 50 20 steps
2787 742 19 16 to

2370 761 49 17 have
2427 762 32 16 the
2468 761 81 19 location
2558 763 123 20 determined,
2691 764 37 16 and
2738 764 67 17 should

2370 785 33 17 the
2412 790 43 12 men
2463 790 42 12 now
2514 787 33 15 out
2555 787 60 17 under
2624 787 28 17 his
2659 787 91 17 direction
2758 789 48 15 meet

2371 808 46 17 with
2426 813 37 16 any
2472 813 70 13 success
2551 809 15 17 it
2575 810 39 17 will
2623 812 31 15 act
2662 816 21 11 as
2692 816 11 11 a
2714 811 92 21 powerful

2370 831 99 17 stimulant
2476 832 19 16 to
2502 832 32 17 the
2542 833 54 16 other
2601 834 123 21 prospecting
2730 834 75 21 parties.

2394 853 38 18 The
2441 860 87 16 presence
2536 856 20 16 of
2564 856 137 23 gold-bearing
2710 858 65 21 quartz
2785 857 20 17 in

2370 877 33 18 the
2411 883 61 17 upper
2478 878 74 18 reaches
2559 879 20 17 of
2587 880 33 16 the
2626 879 88 17 Waikato
2720 880 33 16 has
2759 880 46 17 been

2370 900 87 22 reported
2467 901 48 17 from
2524 902 46 17 time
2585 904 20 16 to
2620 903 46 16 time
2680 903 38 17 and
2735 903 70 17 several

2370 924 103 22 specimens
2481 924 21 17 of
2509 924 57 23 likely
2575 925 79 23 looking
2663 928 53 15 stone
2731 926 74 23 alleged

2370 949 19 15 to
2398 947 48 17 have
2454 952 52 12 come
2514 948 49 17 from
2572 949 41 17 that
2619 949 78 22 locality
2704 950 47 16 have
2758 950 47 16 been

2370 971 65 16 shown
2444 976 21 11 us
2474 976 20 11 as
2503 970 95 19 intervals.
2624 973 97 21 Recently,
2737 978 28 11 we
2772 978 32 11 are

2369 993 100 20 informed,
2485 999 11 11 a
2508 994 54 18 small
2579 996 51 21 piece
2646 996 21 17 of
2683 999 66 19 quartz
2766 1001 38 12 was

2368 1016 68 23 picked
2445 1022 26 17 up
2479 1016 18 18 in
2507 1023 34 11 one
2550 1018 20 17 of
2579 1018 32 18 the
2620 1018 63 18 creeks
2692 1020 21 16 of
2718 1018 33 18 the
2758 1019 34 17 Kai-

2369 1045 86 12 manawa
2475 1046 67 17 ranges
2563 1041 87 23 showing
2666 1042 47 22 gold
2733 1043 21 16 to
2771 1042 34 17 the

2368 1063 62 17 nakeel
2450 1069 33 16 eye
2497 1063 38 18 and
2548 1064 89 24 assaying
2648 1067 55 15 40ozs
2716 1070 35 17 per
2763 1066 39 17 ton.

2368 1086 39 17 The
2416 1086 45 21 gold
2469 1086 16 17 is
2497 1093 51 11 more
2562 1088 88 17 valuable
2664 1088 47 17 than
2725 1088 43 17 that
2784 1089 21 16 of

2368 1110 33 17 the
2410 1110 78 17 Thames
2497 1109 57 23 being
2563 1111 62 17 stated
2634 1114 19 14 at
2663 1111 25 18 £-i
2697 1113 19 15 5s
2723 1117 34 16 per
2763 1113 39 16 ton.

2368 1133 30 17 An
2407 1133 55 17 effort
2470 1133 15 17 is
2493 1139 43 11 now
2545 1134 57 23 being
2611 1135 55 17 made
2674 1136 20 16 to
2704 1135 61 17 locate
2771 1135 32 17 the

2368 1157 38 16 reef
2416 1157 48 16 from
2473 1156 60 17 which
2544 1157 33 17 the
2586 1159 92 21 specimen
2687 1158 19 17 in
2716 1157 87 24 question

2367 1180 34 17 has
2410 1180 75 17 become
2497 1180 97 18 detached.
2620 1181 60 18 Other
2693 1181 109 23 specimens,

2368 1203 110 22 containing
2498 1203 44 22 gold
2566 1205 38 17 and
2626 1205 61 19 silver,
2706 1205 48 17 from
2771 1204 32 18 the

2367 1227 65 21 Taupo
2442 1226 72 17 district
2523 1232 30 11 are
2562 1227 19 17 in
2591 1228 33 16 the
2632 1228 61 16 hands
2706 1228 19 16 of
2734 1227 32 18 Mr
2779 1228 23 16 E.

2367 1250 22 17 B.
2400 1250 81 19 Walker,
2491 1250 20 16 of
2519 1250 93 18 Waikato.
2638 1251 134 22 Commenting
2779 1256 24 12 on

2367 1273 32 17 the
2408 1273 59 17 above
2476 1272 32 18 the
2516 1272 70 19 Herald
2592 1276 59 15 states
2708 1274 18 17 It
2735 1274 15 17 is
2764 1274 29 17 evi-

2366 1295 46 18 dent
2420 1296 43 16 that
2472 1296 32 17 the
2511 1302 59 16 upper
2584 1297 76 22 portion
2671 1297 20 17 of
2705 1298 33 16 the
2751 1297 39 17 Wai-

2367 1317 45 20 kato
2421 1319 74 17 district
2504 1321 81 21 requires
2593 1321 33 17 the
2634 1321 95 17 attention
2739 1321 20 17 of
2770 1321 33 16 the

2367 1340 65 19 skilful
2441 1344 113 20 prospector,
2569 1343 30 18 for
2611 1344 15 17 it
2641 1344 16 17 is
2671 1344 75 17 evident
2761 1344 42 17 that

2366 1366 53 23 large
2429 1366 77 17 mineral
2515 1367 68 16 wealth
2589 1367 33 17 lies
2629 1369 19 15 at
2655 1368 76 21 present
2737 1367 65 17 buried

2366 1389 20 17 in
2403 1389 43 17 that
2462 1389 73 17 district
2549 1390 119 18 somewhere.
2702 1390 99 21 However,

2366 1418 43 11 now
2418 1412 42 17 that
2469 1412 77 18 interest
2554 1413 19 17 in
2589 1413 75 23 mining
2677 1413 15 17 is
2711 1414 90 20 reviving,

2366 1436 14 17 it
2390 1436 15 17 is
2414 1441 51 12 more
2474 1436 46 16 than
2529 1435 90 23 probabio
2627 1437 44 17 that
2684 1437 65 17 search
2765 1436 37 17 will

2366 1459 23 17 be
2398 1460 28 16 set
2435 1464 24 12 on
2469 1459 40 17 foot
2518 1459 29 17 for
2555 1460 32 17 the
2593 1465 66 12 source
2667 1460 21 17 of
2695 1460 53 17 these
2763 1460 39 17 rich

2390 1505 39 18 The
2438 1505 108 23 prospector
2559 1506 29 17 for
2601 1506 33 17 the
2650 1506 78 23 Opotiki
2745 1507 45 16 Pros-

2366 1529 79 22 pecting
2464 1529 116 17 Association
2597 1530 34 17 has
2647 1530 47 17 been
2716 1530 85 22 engaged

2366 1548 79 26 looking
2453 1552 30 17 for
2491 1558 9 11 a
2511 1552 38 17 reef
2557 1553 19 16 in
2591 1553 32 17 the
2637 1553 91 17 direction
2743 1554 20 16 of
2777 1553 25 17 Te

2366 1575 77 19 Whaiti,
2453 1575 37 17 and
2506 1575 33 17 has
2552 1577 84 21 brought
2649 1577 20 17 in
2684 1582 51 12 some
2752 1576 49 23 good

2366 1601 73 20 quartz,
2449 1598 40 20 but,
2500 1604 19 12 so
2528 1599 35 20 far,
2573 1605 24 11 no
2606 1601 51 16 trace
2671 1599 20 18 of
2706 1599 45 23 gold
2768 1599 33 17 has

2366 1622 46 17 been
2422 1622 65 17 found.

2391 1645 71 17 Within
2475 1645 32 17 the
2521 1645 38 17 last
2571 1646 38 17 two
2623 1646 53 22 days,
2691 1646 16 17 it
2722 1646 15 17 is
2755 1645 45 22 said,

2366 1674 51 12 some
2426 1668 54 18 small
2489 1669 48 16 reefs
2545 1669 47 17 have
2601 1669 47 17 been
2657 1669 108 17 eliseovereel
2782 1671 20 15 at

2366 1688 72 26 Opapo,
2448 1691 58 18 about
2522 1691 44 18 nine
2580 1693 54 17 miles
2651 1693 49 17 from
2717 1693 83 21 Opotiki,

2366 1716 66 22 quartz
2442 1716 47 15 frol/i
2499 1715 60 17 which
2568 1716 61 17 shows
2639 1716 51 21 gold.

2390 1739 38 16 The
2438 1736 78 19 Thames
2526 1737 66 19 School
2601 1740 21 16 of
2630 1739 62 17 Mines
2700 1739 35 17 has
2742 1739 47 17 aban-

2366 1761 62 18 doned
2438 1761 31 17 the
2478 1763 72 15 custom
2559 1761 20 17 of
2587 1763 73 21 stating
2669 1768 24 12 on
2708 1763 25 16 its
2747 1768 54 16 assay

2366 1785 111 17 certificates
2488 1785 31 16 the
2528 1785 76 22 locality
2614 1786 48 17 from
2672 1785 61 18 which
2749 1787 52 16 stone

2366 1811 42 14 sent
2417 1808 30 17 for
2455 1808 81 22 analysis
2544 1808 15 17 is
2568 1809 73 22 alleged
2652 1810 19 16 to
2679 1809 49 16 have
2742 1815 58 10 come.

2366 1832 19 16 It
2399 1836 78 19 appears
2493 1831 43 17 that
2553 1837 56 18 many
2626 1832 67 23 people
2710 1832 91 22 regarded

2366 1855 38 17 this
2418 1861 20 11 as
2452 1860 11 11 a
2478 1857 102 19 guarantee
2594 1855 20 17 of
2627 1856 24 16 its
2668 1855 132 23 authenticity.

2367 1879 22 16 In
2399 1879 63 16 future
2471 1878 33 17 the
2516 1884 54 11 name
2586 1879 19 16 of
2619 1879 33 17 the
2666 1879 100 17 submitter
2783 1879 19 16 of

2366 1902 33 16 the
2408 1904 52 14 stone
2471 1901 38 17 will
2523 1901 54 17 alone
2592 1902 23 17 be
2632 1902 56 23 given
2707 1902 46 17 with
2770 1902 31 17 the

2366 1925 102 17 certificate
2477 1925 19 16 of
2505 1930 60 17 assay.

2391 1947 31 19 Mr
2429 1948 18 17 J.
2458 1948 20 17 C.
2488 1948 54 17 Firth
2550 1949 15 16 is
2582 1948 91 22 bringing
2690 1948 60 17 under
2770 1949 32 16 the

2366 1972 62 16 notice
2438 1972 19 16 of
2467 1971 91 18 members
2567 1977 11 11 a
2584 1972 73 17 scheme
2666 1972 25 22 by
2700 1972 61 17 which
2779 1972 22 16 he

2367 2000 90 17 proposes
2474 1997 19 15 to
2508 1994 76 23 provide
2593 1994 103 24 electricity
2713 1996 20 16 to
2750 1994 52 18 work

2367 2018 32 17 the
2413 2018 89 17 batteries
2517 2018 20 16 eyf
2550 2018 32 17 the
2599 2018 80 17 Thames
2694 2017 106 24 goldfields.

2367 2042 31 16 He
2407 2042 60 16 wants
2476 2041 32 17 the
2518 2041 38 17 sole
2565 2041 50 21 right
2626 2044 19 14 to
2660 2042 32 16 the
2701 2046 32 12 use
2742 2042 20 16 of
2770 2041 32 17 the

2367 2071 60 16 upper
2436 2066 68 15 waters
2512 2065 20 16 of
2540 2065 32 16 the
2580 2064 87 19 Waikato
2674 2065 30 16 for
2718 2071 11 10 a
2738 2064 64 22 period

2366 2088 21 17 of
2401 2088 22 17 50
2437 2093 53 16 years
2504 2088 19 16 to
2538 2090 89 19 generate
2643 2088 33 17 the
2692 2088 108 21 electricity,

2366 2111 38 17 and
2413 2111 14 17 if
2438 2110 43 19 Such
2491 2111 61 21 rights
2564 2111 67 17 should
2640 2111 24 17 be
2672 2111 98 21 conceded,
2779 2111 23 17 he

2366 2136 77 20 expects
2452 2137 19 13 to
2480 2134 46 17 have
2535 2134 32 17 the
2582 2140 97 16 necessary
2693 2135 108 21 machinery

2366 2158 58 21 ready
2432 2158 20 16 in
2461 2157 36 16 five
2506 2163 60 16 years.
2595 2158 31 17 No
2639 2163 35 12 one
2687 2158 79 22 looking
2782 2159 19 15 at

2366 2181 33 17 the
2408 2177 57 20 Haka
2474 2180 50 17 Falls
2534 2185 34 13 can
2577 2180 33 18 fail
2619 2181 57 22 being
2686 2181 63 17 struck
2757 2181 44 16 with

2366 2204 33 17 the
2414 2203 120 17 tremendous
2547 2204 71 16 motive
2632 2209 64 17 power
2711 2204 59 23 going
2782 2205 19 16 to

2367 2229 64 14 waste.

2459 2267 100 18 SCHOOL
2576 2267 132 18 CONCERT.

2391 2312 38 17 The
2439 2312 73 18 concert
2521 2312 19 16 in
2549 2312 31 17 aitl
2589 2312 20 17 of
2622 2312 32 17 the
2668 2312 64 18 school
2746 2312 56 17 funds

2368 2335 59 18 which
2439 2335 44 17 took
2492 2335 52 21 place
2558 2335 20 17 in
2592 2335 34 18 the
2638 2336 124 17 schoolhouse
2778 2341 23 12 on

2367 2359 70 21 Friday
2446 2358 56 23 night
2509 2364 37 11 was
2556 2358 101 18 successful
2670 2359 20 16 in
2704 2365 56 15 every
2772 2364 20 11 re-

2367 2384 57 21 spect.
2450 2379 38 19 The
2497 2382 89 17 audience
2595 2388 38 11 was
2642 2382 52 22 largo
2704 2382 37 17 and
2753 2382 50 22 gooel

2367 2405 80 17 natured
2456 2405 37 16 and
2503 2405 32 17 the
2547 2405 63 22 pupils
2627 2405 96 22 acquitted
2740 2405 49 17 them-

2367 2428 58 18 selves
2435 2429 48 16 most
2492 2428 196 22 meritoriously—the
2695 2428 108 17 recitations

2367 2452 37 17 and
2415 2452 87 16 choruses
2518 2451 151 23 demonstrating
2688 2452 70 21 clearly
2770 2452 33 16 the

2367 2475 94 17 attention
2471 2474 59 17 which
2540 2474 37 18 had
2582 2475 48 17 been
2636 2474 95 18 bestowed
2738 2475 25 22 by
2770 2474 33 17 the

2367 2499 84 17 teachers
2460 2498 19 16 in
2492 2498 85 22 training
2591 2499 34 16 the'
2641 2498 91 17 children.-
2764 2498 39 16 The

2368 2521 49 22 good
2425 2521 90 17 behavior
2528 2521 20 17 of
2563 2521 31 18 the
2611 2521 57 18 latter
2685 2521 118 23 throughout

2367 2546 32 16 the
2410 2544 129 22 performance
2552 2545 38 17 also
2605 2543 80 18 testified
2700 2545 42 16 that
2757 2544 46 17 Miss

2368 2568 56 22 Selby
2433 2567 38 17 and
2478 2568 68 16 Messrs
2560 2568 80 17 Webber
2653 2568 37 16 and
2704 2564 55 21 Cross
2772 2572 31 12 are

2367 2592 73 22 paying
2453 2591 36 16 due
2509 2591 93 17 attention
2622 2593 21 15 to
2663 2591 32 17 the
2716 2590 87 18 essential

2367 2615 54 22 point
2430 2614 20 17 of
2459 2617 85 14 manners
2552 2615 20 16 in
2584 2615 48 16 their
2646 2615 144 21 charges—man-

2368 2644 48 13 ners,
2426 2638 60 16 which
2497 2643 26 11 we
2532 2643 31 11 are
2572 2638 40 17 tolel
2620 2638 26 21 by
2654 2638 32 17 the
2695 2638 31 16 old
2733 2637 68 22 writer,

2471 2666 22 17 ye
2579 2662 38 16 The
2626 2660 111 19 alterations
2742 2658 61 20 which

2368 2685 47 16 have
2425 2685 47 15 been
2481 2684 83 22 recently
2572 2684 57 17 made'
2640 2685 20 15 in
2674 2684 33 16 the
2724 2683 78 18 interior

2368 2708 21 17 of
2402 2707 32 18 the
2450 2707 121 18 schoolhouse
2584 2707 68 18 render
2665 2707 32 17 the
2716 2707 88 21 building

2369 2731 55 17 much
2440 2736 50 11 more
2504 2731 111 16 convenient
2629 2731 29 16 for
2670 2732 75 15 concert
2758 2735 34 16 pur-

2368 2760 61 17 poses.
2461 2751 38 19 The
2518 2754 86 21 archway
2624 2753 62 19 which
2707 2753 33 17 has
2757 2753 47 17 beem

2369 2777 54 17 made
2438 2777 83 17 between
2537 2777 31 17 the
2582 2779 38 15 two
2638 2782 61 12 rooms
2713 2777 91 16 increases

2370 2801 31 17 the
2415 2800 117 17 andetorium
2546 2806 55 16 space
2614 2800 129 21 considerably
2756 2805 19 12 as
2789 2800 15 16 it

2369 2824 65 17 allows
2444 2823 46 17 both
2499 2823 120 17 class-rooms
2628 2825 20 15 to
2655 2823 23 17 be
2687 2823 82 17 utilised.
2788 2823 16 17 A

2370 2847 54 17 small
2439 2848 53 21 stage
2506 2847 33 16 has
2557 2847 39 17 also
2615 2845 47 18 been
2678 2846 125 20 constructed,

2370 2871 61 16 which
2440 2870 15 17 is
2464 2876 20 11 as
2485 2869 1 23 -
2493 2875 44 17 easy
2549 2871 20 16 to
2579 2871 49 16 erect
2643 2876 20 11 as
2669 2871 21 16 to
2695 2869 107 17 dismantle.

2370 2894 29 17 On
2409 2893 70 21 Friday
2488 2893 56 22 night
2552 2893 33 16 the
2594 2892 84 18 children
2684 2898 48 11 were
2739 2892 66 22 placed

2370 2917 19 17 in
2399 2917 30 17 Mr
2439 2916 94 17 Webber's
2547 2916 111 17 class-room
2673 2916 19 16 in
2707 2916 35 16 full
2758 2916 47 16 view

2370 2941 21 16 of
2399 2940 32 17 the
2441 2941 59 20 stage,
2510 2939 76 22 leaving
2593 2939 33 17 the
2639 2939 63 17 adults
2715 2941 20 15 to
2747 2939 58 22 enjoy

2371 2963 111 17 themselves
2495 2962 19 17 in
2527 2962 32 17 the
2572 2963 57 16 other'
2639 2962 107 22 apartment
2766 2962 39 17 free

2371 2987 49 16 from
2429 2986 32 17 the
2470 2986 88 17 restraint
2566 2986 61 16 which
2641 2986 32 16 the
2685 2991 88 16 presence
2786 2985 20 16 of

2371 3010 20 17 of
2399 3015 20 11 so
2429 3014 56 16 many
2494 3008 117 18 sober-sided
2619 3010 114 21 youngsters
2742 3008 63 17 would

2371 3032 92 23 probably
2472 3032 76 22 impose.
2573 3032 39 17 The
2622 3028 54 21 small
2689 3032 30 22 fry
2732 3031 71 17 seemed

2371 3058 20 15 to
2405 3056 22 17 be
2441 3055 67 22 highly
2522 3055 76 21 pleased
2610 3055 49 17 Svith
2671 3055 33 17 the
2718 3059 43 12 new
2775 3061 20 10 ar-

2371 3080 111 21 rangement
2490 3078 38 17 and
2536 3078 85 17 behaved
2629 3078 112 17 themselves
2747 3078 21 16 in
2773 3078 32 16 the

2372 3104 48 16 most
2441 3101 89 17 elecorous
2550 3106 84 12 maimer.
2659 3102 32 16 Mr
2709 3101 96 17 Robinson

2372 3132 37 10 was
2418 3125 20 17 in
2446 3125 32 16 the
2486 3124 56 20 chair,
2553 3125 38 16 ynd
2599 3125 33 16 the
2641 3124 92 17 members
2746 3124 20 17 of
2773 3124 33 17 the

2372 3148 69 18 School
2449 3148 112 17 Committee
2569 3148 40 17 lent
2617 3148 50 17 their
2676 3148 31 16 aid
2716 3148 19 16 in
2742 3153 53 15 carry-

2372 3173 34 22 ing
2419 3172 33 16 out
2464 3171 33 17 the
2509 3172 150 21 arrangements.
2688 3170 47 17 Miss
2752 3170 54 18 Cross

2372 3193 69 24 played
2449 3194 32 17 the
2493 3195 95 16 overtures
2601 3195 19 16 in
2632 3195 35 15 her
2679 3193 75 22 usually
2766 3193 32 17 effi-

2373 3219 49 16 cient
2438 3222 82 15 manner,
2535 3217 37 17 and
2585 3217 46 18 with
2644 3217 47 17 Miss
2706 3217 57 21 Selby
2776 3222 20 11 as-

2372 3241 57 18 sisted
2438 3241 19 16 in
2466 3240 33 17 the
2504 3240 177 21 acconipaniment*.
2707 3240 46 15 Miss
2760 3240 47 16 Cora

2373 3264 96 18 Robinson
2485 3269 48 17 sang
2565 3264 83 16 Scottish
2667 3263 47 17 Blue

2372 3293 45 16 very
2432 3287 82 21 sweetly,
2530 3286 37 18 and
2580 3287 47 17 Miss
2646 3287 63 16 Pattie
2723 3283 84 19 Griffiths

2372 3316 38 11 was
2425 3309 58 18 heard
2503 3311 20 16 to
2543 3311 55 21 great
2617 3310 107 22 advantage
2740 3309 20 17 in
2774 3308 33 17 the

2393 3333 66 22 Flight
2469 3332 19 17 of
2591 3333 33 16 Mr
2632 3334 20 16 C.
2663 3333 54 17 Cross
2730 3332 77 17 favored

2372 3357 33 17 the
2413 3356 89 17 audience
2511 3356 45 17 with
2566 3362 11 10 a
2585 3356 102 17 humorous
2696 3361 48 16 song
2753 3355 37 17 and
2796 3361 11 10 a

2372 3379 105 18 recitation.
2486 3379 39 17 The
2532 3381 37 15 rest
2577 3380 19 16 of
2603 3379 33 17 the
2641 3384 120 17 programme
2770 3384 37 11 was

2372 3403 20 17 in
2401 3403 31 17 the
2441 3402 61 17 hands
2503 3401 2 19 1
2510 3402 21 18 of
2535 3402 33 18 the
2573 3402 85 18 children
2664 3401 37 18 and
2710 3407 39 12 was
2759 3402 48 16 most

2373 3425 99 24 enjoyable
2481 3428 47 14 we're
2537 3425 15 17 it
2561 3426 45 21 only
2615 3426 29 16 for
2652 3426 33 16 the
2692 3425 115 17 enthusiasm

2373 3449 45 17 with
2428 3448 60 18 which
2499 3449 43 21 they
2552 3449 75 17 entered
2636 3449 41 16 into
2687 3448 50 17 their
2749 3447 57 17 work.

2372 3473 39 16 The
2420 3471 98 23 following
2527 3472 45 22 girls
2581 3471 38 18 and
2629 3471 47 22 boys
2682 3471 124 17 contributed:

2373 3496 67 17 Misses
2447 3494 107 22 Fitzgerald
2563 3495 31 22 (2),
2603 3495 111 21 E.Murray,
2723 3494 21 17 L.
2753 3494 41 17 Mur-

2373 3524 40 17 ray,
2424 3514 24 22 Eft
2466 3516 150 20 Hawkesworth,
2634 3518 25 16 N.
2681 3518 83 21 Pehney,
2786 3517 21 17 F.-

2373 3542 77 19 Reeves,
2463 3541 22 17 L.
2498 3541 38 16 and
2547 3541 19 17 J.
2582 3541 102 17 Henshaw,
2700 3541 30 16 M.-
2743 3540 63 21 Scott;

2373 3565 81 16 Masters
2460 3564 29 17 W.
2497 3563 88 21 Boulton,
2594 3563 213 22 Fitzgerald,D.Simon

2373 3588 23 17 R.
2406 3587 91 20 Griffiths,
2506 3586 19 17 J.
2536 3586 79 21 rurceli,
2627 3587 22 16 A.
2660 3586 119 20 Camachan,-
2785 3587 22 16 A.-

2373 3610 103 20 Hensbaw,
2485 3610 38 16 and
2532 3610 22 16 R.
2565 3610 71 22 Mayes.

2517 3656 144 16 FOOTBALL.

2466 3702 94 17 Rotokua
2573 3706 19 13 v.
2610 3702 109 18 Waikato.-

2398 3726 29 18 On
2438 3725 116 22 Wednesday
2563 3726 100 17 afternoon
2671 3726 38 17 last
2775 3726 22 17 de-

2374 3749 53 18 cided
2443 3749 32 16 tlie
2489 3749 79 16 football
2585 3750 73 16 contest
2674 3749 87 17 between'
2775 3749 32 17 the

2373 3772 68 23 picked
2449 3772 155 22 representatives
2613 3772 20 17 of
2639 3772 33 17 the
2677 3772 87 17 Waikato
2771 3772 36 17 and

2373 3801 35 12 our
2417 3794 48 18 local
2474 3794 48 21 club,
2537 3794 47 18 with
2592 3795 33 17 the
2641 3795 61 17 result
2718 3795 43 17 that
2775 3795 32 17 the

2373 3819 56 17 home
2449 3819 51 15 team
2516 3817 64 17 scored
2596 3824 12 11 a
2624 3820 50 16 niost
2690 3818 117 17 meritorious

2373 3842 79 21 victory,
2462 3841 34 17 not
2504 3840 26 22 by
2538 3846 38 18 any
2584 3846 65 13 means
2658 3848 11 11 a
2677 3841 51 17 fluke
2736 3841 35 17 but
2788 3842 19 15 at

2373 3865 26 16 all
2408 3865 63 21 points
2480 3864 20 17 of
2507 3864 33 16 the
2549 3870 61 16 game,
2621 3864 37 17 and
2667 3864 73 22 plainly
2746 3864 48 17 shew-

2373 3888 34 23 ing
2415 3887 33 17 the
2455 3887 137 22 improvement
2601 3888 43 16 that
2652 3887 34 17 has
2692 3887 57 17 taken
2755 3887 52 22 place

2373 3911 20 17 in
2401 3911 33 17 the
2443 3911 48 16 team
2501 3909 70 24 during
2579 3911 33 17 the
2620 3911 37 16 last
2663 3916 65 12 season
2733 3916 22 10 or
2763 3910 43 17 two.

2373 3933 52 18 Each
2434 3939 36 12 one:
2486 3933 96 22 acquitted
2589 3933 78 18 himself
2678 3933 43 17 well
2729 3933 37 17 and
2775 3933 32 16 the

2373 3963 42 16 way
2423 3957 33 16 the
2465 3956 69 17 sodden
2542 3956 39 17 and
2589 3963 68 16 greasy
2665 3956 39 17 ball
2712 3961 39 12 was
2759 3956 36 16 han-

2373 3980 42 18 dled
2424 3980 27 22 Ly
2458 3979 33 17 the
2500 3979 84 18 Kotorua
2592 3980 58 17 backs
2658 3985 39 11 was
2711 3985 11 11 a
2738 3980 69 16 matter

2373 4004 21 16 of
2402 4002 56 19 much
2467 4003 109 16 favourable
2584 4003 95 18 comment
2687 4002 26 22 by
2725 4002 34 17 the
2772 4008 23 11 on-

2373 4027 80 18 lookers,
2464 4026 37 17 and
2509 4032 25 11 no
2542 4026 61 17 doubt
2611 4026 94 22 surprised
2713 4025 32 17 the
2763 4025 35 16 visi-

2373 4052 39 14 tors
2420 4052 35 14 not
2462 4054 12 12 a
2483 4049 56 17 little.
2564 4049 39 17 The
2617 4049 74 17 visitors
2705 4048 37 17 and
2759 4048 48 17 their

2373 4073 93 21 partisans
2475 4078 48 11 wero
2531 4078 25 11 on
2564 4072 33 17 the
2608 4072 90 21 morning
2714 4071 20 17 of
2749 4071 43 17 Wed-

2373 4095 71 22 nesday
2453 4094 94 18 confident
2556 4095 21 17 of
2585 4100 78 14 success,
2674 4094 49 17 their
2728 4094 78 17 chances

2373 4118 57 22 being
2451 4118 98 17 estimated
2565 4118 25 22 by
2606 4118 33 17 the
2655 4118 91 22 knowing
2763 4123 43 11 ones

2373 4141 89 21 amongst
2470 4140 51 17 them
2531 4141 20 17 at
2559 4142 10 15 2
2578 4142 20 16 to
2614 4142 16 16 1.
2660 4140 38 17 The
2712 4140 61 20 layers
2788 4141 19 17 of

2372 4165 33 16 the
2413 4163 52 19 odds,
2476 4163 92 20 however,
2582 4165 51 15 must
2646 4163 49 17 have
2711 4163 95 23 regretted

2373 4187 49 17 their
2429 4187 88 21 temerity
2525 4186 63 17 whilst
2596 4186 97 22 watching
2707 4187 31 16 the
2754 4187 51 22 play,

2836 180 18 4 —
2855 181 6 8 J
2890 180 42 10 .—.-.j
3067 181 67 7 ..vwuu
3147 178 24 18 o]>'
3179 188 16 4 ...
3223 178 3 18 j
3241 178 3 18 .

2835 191 75 21 ground
2920 197 37 11 was
2967 197 44 16 very
3024 194 38 15 soft
3078 194 36 17 and
3130 201 11 10 a
3157 197 52 19 hear?
3224 191 3 25 ■

2835 214 20 16 of
2869 214 41 16 rain
2923 214 41 22 just
2977 214 63 18 before
3056 216 32 17 the
3104 218 36 17 time-

2834 237 33 16 did
2874 239 35 14 not
2918 238 83 21 improve
3010 240 78 16 matters
3095 240 43 20 and,
3149 241 64 22 besides
3226 237 1 26 •
3234 237 4 26 •

2834 256 62 21 fectetf
2904 260 34 17 the
3060 262 59 22 Many
3135 270 21 12 mi
3167 256 1 28 .

2833 287 25 13 no
2867 282 66 21 doubt,
2949 284 63 17 would
3026 284 47 17 have
3086 287 86 18 attended
3184 289 30 20 bnt

2833 305 33 17 the
2874 306 89 18 showers.
2988 307 32 17 Mr
3027 307 19 17 J.
3056 308 29 18 W.
3094 309 78 18 Webber

2833 329 71 17 referee
2913 329 37 17 and
2959 330 28 17 his
3001 330 91 18 decisions
3106 338 46 11 were
3167 339 40 16 mos)
3221 340 8 16 i,

2833 352 74 21 partial,
2918 353 93 22 although
3020 354 71 17 several
3098 355 20 17 of
3131 356 31 18 the
3177 358 66 20 WaiW

2823 373 1 27 I
2833 374 55 23 Heps,
2899 376 73 17 seemed
2981 378 20 16 to
3010 376 48 18 have
3066 383 12 11 a
3087 378 48 21 good
3143 379 38 19 deal
3195 387 15 13 >,,
3222 373 20 26 '.'"''

2832 399 21 15 at
2860 400 39 15 two
2907 404 22 11 or
2938 399 53 17 three
3000 401 62 20 stages
3071 401 20 16 of
3099 401 31 17 the
3144 408 55 17 game.

2832 420 70 18 Lrinton
2911 422 55 17 acted
2975 428 19 11 as
3003 418 120 27 line-umpire
3134 425 28 18 for
3172 427 68 22 Waikatn

2831 444 38 17 and
2878 444 31 17 Mr
2918 445 22 16 F.
2949 445 28 17 M.
2987 446 63 17 Boord
3055 446 81 19 inalike*
3141 451 77 22 capacity
3224 455 19 18 for

2831 467 91 17 Rotorua.

2854 491 39 16 The
2902 491 100 23 following
3010 498 49 11 were
3067 491 32 19 fhe
3104 491 68 28 teams:
3186 498 50 21 -Roto

2831 517 41 13 RUA
2886 514 4 27 :
2912 514 102 17 Full-back
3027 514 4 27 :
3057 515 99 20 Arawhata
3171 514 3 27 :
3197 521 45 20 threw

2830 538 97 19 quarters:
2946 538 28 16 W.
2992 537 77 24 Dansey
3085 539 94 24 (captain).

2829 559 38 17 and
2876 561 64 20 Aporo
2947 557 3 27 ;
2965 561 64 17 halves
3037 557 3 27 :
3055 562 75 18 Pelham
3139 557 33 24 and
3179 557 19 27 I;.
3207 568 12 16 U

2830 588 43 16 sey;
2893 583 74 23 wings:
2984 585 21 16 T.
3022 585 91 22 Monkley
3128 587 37 16 and
3181 588 61 23 Peter*,

2830 606 91 17 forwards
2928 606 4 28 .'
2946 607 60 20 Wera,
3013 608 65 22 Fuley,
3085 608 65 20 Steele,
3159 610 70 24 Ngaroat

2831 628 68 21 Rnngi,
2916 630 26 16 To
2961 630 89 21 Wiremu,
3071 631 38 18 and
3126 631 115 26 Wkaretutaki!

2829 651 99 19 Waikato
2937 651 4 30 :
2955 653 102 17 Full-back
3065 651 4 30 :
3082 653 84 20 Johnson
3174 651 3 30 ;
3197 659 37 22 three-

2829 676 96 18 quarters:
2951 676 119 23 Livingston,
3092 677 109 25 Hammond,
3217 687 25 17 and

2829 698 101 21 Gardiner;
2946 700 122 21 five-eighths
3076 701 36 16 :R.
3120 698 73 28 Gillett;
3205 705 36 21 half'

2829 721 80 21 Munro;
2924 722 72 22 wings:
3010 722 80 19 Roberts
3097 724 38 18 and
3142 724 61 24 Short;
3216 723 25 25 fori

2828 744 71 17 wards:
2910 745 81 22 Speight
2996 746 98 23 (captain),
3104 747 92 22 Medland.
3202 750 39 21 Jack

2829 767 123 21 Williamson,
2962 764 114 26 McDonald,
3087 769 54 19 Dodd
3149 772 34 17 and
3191 773 50 22 North.

2852 791 28 16 W.
2890 790 77 25 Dansey
2975 798 42 11 won
3026 792 33 18 the
3067 795 38 15 toss
3114 794 35 17 and
3163 795 59 21 electea
3229 802 13 17 to

2827 813 69 17 defend
2906 815 32 17 the
2947 815 89 18 southern
3046 816 49 22 goal,
3106 817 34 17 and
3151 821 90 23 punctuallj

2827 839 21 15 at
2857 838 9 16 3
2876 837 71 18 o'clock
2956 838 33 18 the
3003 838 38 18 ball
3058 845 38 11 was
3112 839 65 19 kicked
3192 844 23 16 off
3225 842 17 14 C

2827 860 80 22 Speight
2917 861 30 18 for
3058 862 99 19 Arawhata
3167 864 74 22 returnerf

2827 883 32 17 the
2867 884 38 16 ball
2916 885 59 22 going
2984 885 34 17 out
3026 886 21 16 at
3060 886 68 17 centre.
3158 888 50 19 From
3221 892 21 18 the

2827 906 82 18 line-out
2922 907 32 18 the
2970 909 85 16 Rotorua
3071 909 90 17 forwards
3177 913 30 21 got
3220 915 21 17 the

2826 929 38 18 ball
2878 930 38 17 and
2930 931 46 17 with
2989 937 12 11 a
3013 926 51 23 loose
3081 932 42 18 nish
3142 935 64 18 earned
3221 937 20 20 the

2826 952 43 19 oval
2876 953 22 18 to
2906 954 33 17 the
2944 953 74 23 25-flag
3024 954 55 19 when
3088 953 30 20 for
3132 961 22 12 an
3168 957 65 22 infringe-

2826 976 51 18 ment
2884 977 21 17 of
2910 977 32 17 the
2948 978 49 16 rules
3003 978 32 16 the
3042 978 74 18 visitors
3121 984 47 13 were
3174 983 67 19 awarded

2826 1005 10 10 a
2846 1000 38 16 free
2897 1000 43 17 kick
2954 1000 68 23 filking
3035 1001 45 22 play
3091 1001 47 19 Back
3154 1004 20 16 to
3189 1008 52 17 centre.

2826 1022 38 17 The
2873 1023 48 17 local
2930 1024 92 17 forwards
3030 1026 34 15 not
3073 1025 19 17 to
3100 1025 23 17 be
3128 1025 69 22 denied,
3204 1029 37 17 how.

2826 1050 48 17 ever,
2883 1046 59 23 again
2947 1046 60 19 broke'
3012 1053 55 17 away
3074 1047 36 18 but
3125 1048 31 18 the
3173 1049 68 23 Waikato

2826 1069 94 18 full-back
2937 1076 38 11 was
2993 1070 55 23 equal
3064 1072 20 16 to
3100 1071 32 17 the
3149 1077 92 19 emergent?

2826 1092 36 17 and
2871 1095 36 19 put
2916 1093 29 17 his
2954 1093 39 17 side
3002 1095 33 15 out
3045 1093 20 19 Of
3073 1094 105 18 immediate
3187 1096 55 24 danger

2825 1114 26 23 by
2859 1121 11 11 a
2878 1116 94 21 judicious
2981 1117 49 17 kick.
3055 1117 39 17 The
3103 1114 82 24 Roiprua
3200 1119 42 22 backs

2825 1138 103 18 hereabout
2937 1141 33 21 got
2980 1140 27 17 off
3013 1147 12 10 a
3033 1140 41 17 nice
3082 1140 48 17 little
3140 1142 27 16 hit
3181 1143 18 17 of
3210 1150 24 16 pus-

2826 1161 47 22 sing,
2883 1163 36 16 but
2927 1163 33 17 the
2968 1163 77 17 defence
3059 1169 37 12 was
3113 1165 31 16 too
3161 1171 47 14 sure;
3220 1168 22 19 the

2825 1185 74 17 visitors
2902 1192 44 11 now
2951 1186 109 23 vigorously
3064 1187 80 17 asserted
3148 1188 95 21 themselves

2825 1208 37 17 and
2871 1208 46 18 with
2927 1215 11 11 a
2947 1210 68 21 capital
3022 1210 44 16 rush
3074 1210 70 18 carried
3149 1211 32 18 the
3186 1212 57 21 leather

2825 1231 42 17 well
2875 1232 41 17 into
2925 1232 33 18 the
2967 1233 55 17 home
3031 1234 28 16 25.
3092 1234 80 17 Roberts

2824 1256 21 15 to
2859 1255 44 17 take
2917 1261 11 11 a
2945 1255 79 18 difficult
3040 1262 43 17 pass
3097 1256 37 18 lost
3151 1264 10 10 a
3178 1260 65 20 possible

2825 1277 69 18 chance
2903 1279 20 16 of
2937 1279 81 23 scoring.
3052 1279 66 23 Heavy
3135 1284 108 18 scrum-work

2825 1300 88 19 followed
2922 1302 19 17 in
2951 1302 49 17 close
3008 1303 104 21 proximity
3120 1304 20 16 to
3157 1304 31 17 the
3201 1305 42 20 home

2825 1324 43 22 goal
2878 1324 43 22 line,
2932 1325 34 18 but
2975 1326 26 21 by
3010 1326 61 16 clever
3079 1326 44 22 play
3139 1332 23 13 on
3176 1328 29 17 the
3213 1334 30 17 part

2824 1347 21 17 of
2853 1347 33 17 the
2902 1347 105 24 defending
3022 1349 58 17 backs
3096 1350 32 16 the
3145 1355 58 14 scrum
3217 1359 27 12 was

2824 1371 56 21 again
2890 1371 115 18 transferred
3019 1373 20 16 to
3056 1374 68 15 centre.
3157 1374 37 17 The
3208 1375 36 19 local

2825 1394 91 17 forwards
2925 1401 42 10 now
2977 1395 54 17 made
3040 1397 48 15 most
3097 1395 111 20 determined
3219 1405 16 12 on-

2824 1417 87 20 slaughts
2920 1418 37 17 and
2967 1418 70 18 carried
3047 1419 33 17 the
3087 1418 38 19 ball
3143 1420 41 17 well
3198 1427 21 17 up
3230 1425 14 16 to

2825 1439 103 19 Waikato's
2937 1443 22 15 25
2968 1442 38 16 anel
3016 1448 11 11 a
3042 1448 50 10 score
3107 1439 46 25 7.•••!;•
3157 1443 15 17 tI
3189 1446 56 18 certain

2824 1464 54 17 when
2888 1464 78 17 Pelham
2975 1465 66 17 kicked
3051 1470 11 13 a
3071 1465 49 17 little
3129 1467 31 16 too
3170 1466 43 19 hard
3217 1469 27 19 and

2824 1486 87 18 Waikato
2921 1488 69 17 forced.
3013 1488 39 18 For
3056 1494 11 11 a
3073 1488 125 19 considerable
3210 1492 35 17 time

2824 1510 44 22 play
2877 1511 102 17 continued
2993 1512 19 16 in
3027 1512 53 17 front
3091 1512 20 18 of
3124 1512 31 18 the
3172 1512 73 21 Waikato

2824 1533 49 22 goal;
2883 1534 57 21 again
2949 1535 38 16 and
2996 1535 55 21 again
3062 1534 45 23 they
3113 1535 56 18 saved
3173 1535 34 19 but
3210 1538 35 23 only

2824 1559 19 14 to
2852 1557 22 16 be
2883 1559 36 20 put
2928 1563 24 12 on
2961 1558 33 17 the
3004 1557 95 19 defensive
3107 1564 46 12 once
3161 1565 48 12 more
3217 1557 35 25 and,

2824 1581 20 15 at
2852 1580 36 17 last
2895 1581 51 16 after
2953 1586 11 12 a
2973 1582 49 16 most
3031 1581 115 18 determined
3154 1584 61 16 attack
3222 1585 23 18 the

2824 1602 38 19 ball
2871 1609 52 11 came
2932 1606 35 15 out
2975 1605 20 16 of
3003 1604 32 18 the
3044 1604 47 22 pack
3101 1605 37 17 and
3147 1611 37 12 was
3194 1608 51 17 neatlv

2824 1626 56 17 taken
2900 1627 27 22 by
2947 1627 79 18 Pelham
3043 1627 43 19 who
3103 1628 59 18 threw
3184 1626 62 23 himself

2824 1655 61 12 across
2893 1650 34 17 the
2935 1650 37 17 line
2982 1651 56 16 much
3047 1652 20 16 to
3076 1651 32 17 the
3116 1651 72 23 delight
3197 1653 17 18 of
3221 1654 24 17 tin

2824 1672 47 19 local
2878 1673 101 23 partisans;
3005 1674 38 17 The
3052 1674 38 17 ball
3106 1681 42 14 was,
3167 1675 78 20 however*

2824 1695 59 19 Called
2892 1697 48 17 back
2958 1697 64 21 owing
3039 1698 20 16 to
3067 1697 32 18 the
3111 1695 68 21 referee
3187 1698 59 25 having

2824 1719 139 23 inadvertently
2973 1720 84 17 sounded
3066 1720 32 18 the
3111 1721 78 17 whistle!.
3212 1723 34 18 This

2824 1749 37 10 was
2871 1748 11 12 a
2890 1745 55 20 great
2954 1741 49 20 blow
3013 1745 20 16 to
3041 1744 33 17 the
3088 1744 58 18 Black
3160 1745 36 17 and
3209 1747 24 17 Am-

2823 1766 42 17 bers
2878 1772 21 11 as
2907 1766 33 18 the
2950 1768 31 21 try
2994 1773 39 11 was
3048 1773 12 11 a
3077 1767 40 18 well
3135 1768 66 17 earned
3214 1775 31 12 one.

2824 1789 38 17 The
2870 1790 76 16 visitors
2954 1796 49 11 were
3012 1791 55 21 again
3078 1791 45 16 hard
3132 1791 73 22 pressed
3220 1793 25 17 hut

2824 1810 93 25 managed
2926 1815 20 15 to
2955 1815 32 20 get
2996 1814 33 17 the
3037 1813 38 17 ball
3085 1820 53 16 away
3147 1815 35 16 and
3192 1815 14 17 it
3218 1822 28 11 was

2824 1836 64 17 kicked
2897 1838 35 15 out
2940 1839 20 14 at
2969 1838 69 15 centre.
3064 1837 54 16 After
3127 1837 31 18 the
3168 1838 78 19 thruw-in

2824 1858 44 23 play
2878 1865 38 11 was
2925 1860 86 17 confined
3029 1862 19 14 to
3064 1860 83 18 midfield
3163 1862 28 16 till
3207 1862 32 17 half-

2824 1883 44 16 time
2877 1888 39 12 was
2928 1883 61 17 called
3004 1883 46 17 with
3063 1889 25 11 no
3102 1890 51 11 score
3171 1886 76 17 recorded

2824 1911 23 11 on
2857 1906 60 17 either
2925 1906 45 17 siele.

2847 1929 76 23 During
2931 1930 32 17 the
2973 1929 68 18 second
3050 1930 46 22 spell
3109 1930 31 17 the
3154 1930 46 18 local
3214 1938 33 11 men

2825 1952 72 18 seemed
2906 1954 20 16 to
2935 1952 45 23 play
2989 1952 46 18 with
3045 1959 45 11 even
3099 1959 51 11 more
3159 1954 49 20 dash,
3219 1956 28 17 anil

2824 1976 99 20 following
2931 1982 26 16 up
2967 1976 31 18 the
3007 1975 82 19 kick-off
3095 1976 42 23 kept
3149 1977 32 18 the
3192 1978 33 17 ball
3233 1979 15 17 in

2824 1999 32 16 the
2872 1999 88 17 Waikato
2975 2000 28 17 25.
3041 1999 63 23 Aporo
3121 2000 69 22 spoiled
3208 2001 40 19 what

2824 2021 66 19 looked
2900 2022 37 17 like
2947 2028 11 11 a
2974 2023 50 21 good
3040 2022 68 18 chance
3122 2023 24 23 by
3164 2024 83 24 throwing

2824 2051 30 11 on.
2880 2045 120 19 Hereabouts
3008 2046 85 18 Rotorua
3101 2052 38 12 was
3153 2048 81 17 awarded
3240 2055 7 10 a

2824 2068 38 18 free
2870 2068 44 18 kick
2922 2068 39 18 and
2969 2069 23 17 Gr.
3007 2069 76 22 Dansey
3098 2070 43 16 took
3157 2076 10 11 a
3181 2071 38 18 shot
3233 2072 14 18 at

2824 2092 43 20 goal
2886 2092 53 21 withy
2947 2092 93 21 however,
3049 2097 25 13 no
3091 2093 54 17 result
3166 2093 81 23 although

2825 2114 31 19 the
2866 2115 42 17 kick
2917 2121 38 11 was
2965 2121 10 12 a
2984 2115 50 22 good
3043 2121 42 12 one.
3104 2116 54 17 From
3169 2118 31 16 the
3205 2118 34 17 kick-

2824 2140 33 15 out
2866 2137 45 24 play
2920 2144 39 12 was
2967 2139 85 17 resumed
3062 2140 19 16 at
3090 2141 62 15 centre
3167 2141 50 17 when
3231 2142 16 17 G.

2824 2161 76 23 Dansey
2909 2163 35 21 got
2952 2162 32 17 the
2993 2162 40 17 ball
3041 2162 37 17 and
3087 2163 66 21 passed
3167 2165 18 16 to
3194 2164 52 21 Huka,

2824 2184 42 17 who
2874 2184 19 17 in
2903 2187 45 14 turn
2956 2185 68 22 passed
3033 2191 24 10 on
3065 2187 19 14 to
3091 2185 27 17 AY.
3127 2185 80 25 Dansey,
3215 2187 32 18 who

2824 2208 54 16 made
2887 2213 35 12 one
2932 2208 19 16 of
2961 2208 28 17 his
2998 2208 37 17 fine
3048 2208 81 23 dashing
3142 2215 45 12 runs
3203 2210 44 17 down

2824 2231 32 17 the
2864 2231 38 17 line
2911 2231 38 17 and
2955 2231 81 22 cleverly
3043 2231 77 22 eluding
3126 2232 31 17 the
3165 2234 82 17 full-back

2824 2253 64 18 scored
2897 2254 33 17 fhc
2940 2255 40 16 first
2988 2256 32 20 try
3029 2254 68 18 amidst
3106 2255 54 18 much
3174 2257 64 18 enthusi-

2824 2283 45 12 asm.
2895 2278 23 17 G.
2935 2278 76 21 Dansey
3029 2278 55 17 failed
3102 2279 19 17 to
3135 2279 77 21 register
3223 2281 25 16 the

2824 2301 61 22 major
2893 2301 70 22 points.
2989 2301 57 17 From
3063 2302 31 16 the
3111 2302 85 18 kick-out
3212 2303 36 23 play

2825 2330 37 11 was
2883 2324 77 22 quickly
2980 2324 76 18 worked
3078 2325 47 17 back
3146 2326 55 22 again
3217 2327 31 17 into

2824 2344 87 21 Waikato
2920 2349 92 21 quarters.
3038 2347 77 19 Pelhain
3125 2349 36 17 anil
3177 2349 71 18 Wiremu

2824 2372 35 21 got
2876 2371 19 16 in
2913 2377 51 11 some
2980 2370 51 23 good
3048 2371 51 17 work
3116 2372 49 19 here,
3175 2373 32 16 but
3223 2373 25 17 the

2824 2394 69 16 chance
2911 2399 38 12 was
2966 2394 37 17 lost
3019 2394 25 21 by
3061 2400 11 12 a
3088 2394 61 18 throw
3170 2396 77 17 forward.

2825 2413 77 26 Shortly
2911 2417 50 17 afttr
2970 2417 85 18 Rotorua
3069 2424 37 10 was
3121 2419 85 17 awarded
3222 2426 18 11 an-

2824 2440 55 18 other
2887 2441 38 16 free
2934 2441 43 16 kick
2986 2441 34 16 but
3033 2441 32 16 the
3080 2441 42 17 shot
3136 2448 37 11 was
3189 2448 50 12 unsuc-

2825 2464 67 16 cessful
2902 2464 38 16 and
2949 2464 44 22 play
3001 2470 37 10 was
3045 2464 57 21 again
3109 2466 55 16 taken
3172 2466 17 17 to
3196 2467 52 17 centre

2824 2487 37 17 and
2870 2493 46 15 very
2925 2487 66 22 slowly
3004 2486 75 18 worked
3093 2488 47 17 back
3155 2489 56 22 along
3224 2490 24 16 the

2824 2512 21 14 to
2862 2510 103 17 Waikato's
2982 2511 28 16 25.
3043 2511 39 16 The
3099 2511 82 18 Rotorua
3200 2513 49 22 wings

2825 2533 77 17 showed
2915 2533 112 18 themselves
3040 2539 45 17 very
3099 2535 60 16 clever
3175 2535 18 18 in
3209 2535 40 18 their

2825 2557 91 22 stopping
2936 2557 67 17 tactics
3024 2556 106 24 frequently
3147 2558 102 23 completely

2826 2580 118 22 smothering
2972 2580 33 17 the
3030 2580 86 17 Waikat'i
3145 2582 104 17 half-backs.

2825 2603 56 17 From
2891 2609 11 11 a
2913 2609 60 11 serum
2983 2603 32 17 the
3024 2603 38 17 ball
3074 2610 35 10 was
3118 2605 64 22 neatly
3195 2605 55 18 heeled

2826 2629 38 16 out,
2875 2626 89 22 whipped
2973 2633 26 15 up
3007 2627 26 21 by
3042 2627 22 16 G.
3074 2626 116 24 Dansoyand
3198 2631 43 14 trans-

2826 2649 60 17 ferred
2895 2651 21 15 to
2925 2650 85 18 Pelham,
3021 2650 42 16 who
3078 2650 75 23 quickly
3168 2652 56 17 tossed
3240 2652 9 16 it

2825 2674 20 15 to
2854 2673 64 20 Huka,
2933 2673 33 17 the
2979 2673 58 17 latter
3054 2674 75 21 getting
3146 2680 53 17 away
3214 2681 36 16 very

2826 2695 80 23 cleverly
2916 2696 77 17 succeed
3001 2697 19 16 in
3029 2696 40 22 just
3079 2697 83 23 crossing
3172 2698 29 18 the
3215 2698 34 20 line,

2826 2719 43 17 thus
2878 2720 76 21 scoring
2962 2720 32 16 tha
3008 2719 68 18 second
3089 2722 36 20 try.
3159 2721 19 18 It
3194 2721 57 17 shared

2825 2748 25 11 no
2859 2742 62 17 better
2930 2743 38 16 fate
2975 2742 46 18 than
3028 2743 32 16 the
3066 2742 38 19 first
3113 2744 17 16 in
3141 2744 32 16 the
3180 2745 70 22 attempt

2826 2767 20 15 at
2855 2765 49 22 goal.
2930 2766 57 16 From
2996 2765 33 17 the
3040 2765 84 19 kick-cut
3140 2768 32 16 the
3186 2768 66 17 visitors

2826 2791 34 19 put
2869 2789 33 16 the
2909 2789 49 16 local
2967 2795 43 11 men
3019 2794 24 11 on
3052 2789 33 17 the
3097 2789 94 19 defensive
3203 2791 28 17 for
3243 2796 8 11 a

2826 2812 52 17 short
2886 2812 63 21 while,
2959 2812 35 17 hue
3008 2812 33 17 the
3056 2813 59 16 tables
3129 2819 47 12 were
3193 2814 58 17 .almost

2826 2835 92 22 instantly
2927 2834 69 19 turned
3005 2835 37 17 and
3052 2841 10 11 a
3072 2836 67 23 capital
3151 2838 25 16 nit
3186 2838 19 16 of
3216 2843 27 16 pas-

2826 2858 43 22 sing
2885 2858 85 17 between
2988 2859 32 16 the
3041 2859 55 17 home
3113 2860 139 22 Three-quarters

2826 2881 45 18 took
2880 2881 33 17 the
2921 2881 73 18 leather
3001 2881 42 18 well
3050 2882 54 17 down
3111 2883 19 18 to
3137 2883 31 18 the
3175 2883 77 18 Waikato

2826 2905 44 22 goal
2879 2904 44 17 line.
2949 2904 58 18 From
3015 2911 11 10 a
3034 2906 50 16 loose
3094 2911 60 13 scrum
3165 2907 52 17 Wera
3226 2909 26 18 got

2826 2934 54 16 away
2889 2928 47 17 with
2948 2928 32 17 the
2996 2928 39 17 ball
3053 2928 36 17 and
3104 2929 96 22 dribbling
3215 2929 37 17 with

2827 2952 54 21 great
2889 2951 102 22 judgment
2998 2951 29 17 till
3035 2952 23 16 he
3065 2952 37 16 bad
3109 2958 23 10 an
3139 2951 2 24 .
3147 2957 33 18 ippi
3186 2953 66 22 irtunity

2827 2974 19 17 of
2859 2974 79 22 picking
2956 2981 26 16 up
2994 2975 23 16 ho
3032 2975 100 18 succeeded
3146 2976 18 17 in
3179 2976 73 21 crossing

2827 2997 32 17 the
2867 2998 79 17 coveted
2953 2998 100 22 boundary
3062 2998 37 17 and
3104 2999 64 17 scored
3174 3000 31 17 the
3210 2998 42 18 third

2826 3022 37 21 try.
2888 3021 27 17 Te
2923 3021 84 17 Wiremu
3020 3021 45 17 took
3081 3022 32 16 the
3126 3022 43 17 kick
3184 3026 19 14 at
3217 3022 35 22 goal

2827 3043 37 18 and
2873 3044 104 22 registered
2986 3045 32 16 the
3027 3045 61 21 major
3095 3045 69 22 points,
3175 3046 31 17 the
3222 3045 30 17 ball

2827 3068 60 21 going
2896 3073 45 11 over
2948 3068 41 21 just
2998 3068 59 16 inside
3066 3068 32 17 the
3110 3070 58 20 posts.

2852 3090 77 23 Shortly
2937 3090 50 18 after
2994 3090 40 18 this
3039 3090 47 18 time
3095 3097 39 12 was
3151 3092 58 17 called
3223 3089 29 20 anJ

2827 3113 32 17 the
2869 3113 64 17 match
2943 3114 103 16 concluded
3055 3115 44 16 with
3111 3115 31 16 the
3151 3116 68 17 result:'

2931 3137 86 17 Rotorua
3045 3137 2 18 .
3057 3137 3 18 .
3092 3137 2 18 .
3103 3137 3 18 .
3136 3139 17 15 11

2931 3160 88 17 Waikato
3045 3160 2 18 .
3057 3160 3 18 .
3092 3160 2 18 .
3103 3160 3 18 .
3134 3161 33 17 nil.

2828 3182 39 17 The
2876 3182 85 18 Rotorua
2979 3184 91 16 forwards
3084 3184 67 22 played
3168 3191 11 10 a
3195 3180 57 27 capital

2829 3208 57 19 game'
2893 3206 38 16 and
2940 3207 20 16 to
2969 3206 132 18 individualise
3111 3213 73 13 anyone
3201 3206 51 19 worjW

2828 3228 24 17 be
2867 3230 51 16 most
2926 3230 65 16 unfair
3007 3231 19 16 to
3035 3229 32 18 the
3077 3230 62 17 others
3147 3237 21 11 as
3177 3231 32 17 the
3217 3231 27 17 mis-

2829 3252 52 17 takes
2892 3259 48 10 were
2949 3259 43 15 very
3003 3253 34 16 few
3048 3253 37 16 ami
3094 3259 46 12 even
3209 3252 43 19 could

2829 3275 43 17 well
2879 3275 24 17 bo
2912 3275 79 17 allowed
3000 3276 30 16 for
3038 3276 25 21 by
3069 3276 31 17 the
3109 3282 37 12 wet
3151 3278 49 17 state
3205 3277 20 18 of
3229 3276 23 23 thej

2827 3297 46 18 ball.
2900 3298 25 18 Of
2933 3299 33 17 the
2975 3299 57 17 backs
3041 3299 23 17 G.
3074 3299 80 23 Dansey,
3170 3306 20 12 as
3203 3299 49 18 usual,

2829 3327 38 11 was
2883 3322 41 21 just
2942 3323 118 21 everywhere
3077 3323 22 16 lie
3115 3329 37 12 was
3177 3325 75 17 wanted;

2829 3344 79 18 Pelham
2917 3345 69 22 played
2995 3351 11 11 a
3015 3346 68 21 capital
3094 3352 64 15 game;
3172 3347 29 16 W.
3211 3348 31 15 Dan-

2829 3373 32 16 sey
2871 3374 39 11 was
2920 3368 81 22 dashing
3010 3369 37 16 and
3052 3368 95 22 brilliant;
3161 3370 55 17 Huka
3226 3374 26 12 was

2829 3391 19 16 in
2857 3391 50 21 good
2917 3391 48 17 form
2973 3391 4 24 ;
2992 3392 63 22 Aporo
3064 3391 36 18 had
3111 3398 43 16 very
3161 3393 35 17 few
3206 3398 37 17 open-

2829 3414 42 22 ings
2880 3414 36 17 but
2925 3415 97 21 acquitted
3031 3415 75 16 himself
3114 3416 42 17 well
3173 3417 51 16 when
3238 3417 14 15 he

2829 3436 38 18 had
2875 3437 32 17 the
2917 3438 75 19 chance',
3003 3438 37 16 and
3052 3438 75 17 'Whata'
3135 3440 19 15 at
3170 3438 82 19 full-back

2829 3460 33 16 did
2871 3461 52 16 what
2932 3461 50 17 little
2991 3461 22 17 he
3022 3461 38 17 had
3068 3462 20 16 to
3097 3461 24 17 do
3129 3462 20 16 in
3162 3469 12 10 a
3189 3461 63 19 roliable

2829 3483 37 17 and
2876 3484 136 17 workmanlike
3021 3489 86 12 manner.-

2853 3506 26 17 At
2887 3507 33 16 the
2929 3507 107 18 conclusion
3045 3508 21 16 of
3074 3508 32 16 the
3115 3508 61 17 match
3187 3509 30 16 the
3226 3509 26 16 two

2829 3530 60 16 teams
2906 3531 29 16 sat
2952 3530 55 17 down
3022 3532 21 15 to
3052 3530 71 18 dinner,
3140 3537 20 11 or
3174 3532 60 16 rather
3251 3530 1 18 i

2829 3552 85 22 banquet
2953 3553 31 17 for
3006 3549 50 21 Host
3076 3553 95 18 Johnston
3191 3555 20 17 of
3230 3554 22 16 the

2830 3576 68 17 Palace
2918 3576 61 17 Hotel
3001 3576 91 22 provided
3112 3583 11 10 a
3144 3578 108 22 magnificent

2830 3598 129 23 spreael—and
2975 3599 33 17 the
3025 3600 81 22 evening
3121 3606 38 11 was
3174 3603 52 20 spent
3240 3600 12 16 in

2830 3622 83 22 singing,
2935 3623 114 20 recitations,
3071 3623 32 17 &c.
3136 3621 39 19 The
3191 3624 61 17 visitors

2830 3645 99 21 expressed
2937 3645 113 18 fhcmsfclvcs
3058 3652 20 11 as
3087 3646 66 22 highly
3168 3644 84 26 delighted

2830 3668 45 16 with
2885 3668 50 17 their
2943 3669 38 21 trip
2993 3670 19 15 to
3029 3669 89 20 Rotorua,
3137 3670 37 17 and
3191 3668 61 24 greatly

2830 3691 120 22 appreciated
2959 3692 33 16 the
3001 3692 63 16 efforts
3073 3692 33 17 the
3114 3687 47 22 local
3171 3693 47 18 Club
3226 3690 26 20 had

2830 3713 54 17 made
2893 3715 30 16 for
2931 3715 50 16 their
2989 3715 152 16 entertainment.

1274 86 60 24 Till
1362 90 57 21 hot
1447 88 92 23 Lakes
1568 91 172 28 chronicle,
1769 93 189 26 Wednesday,
1988 93 169 24 September
2184 101 18 18 9,
2220 101 48 18 isqg

238 164 137 46 48^.

113 251 76 17 TNION
202 251 139 17 STEAMSHIP
357 251 117 18 COMPANY
491 251 31 15 OF

171 273 57 16 NEW
240 273 116 17 ZEALAND
364 273 82 17 Limited.

220 341 47 14 >OH
280 341 96 15 SYDNEY

85 370 123 21 TabaWeba,
218 370 91 23 Tuesday,
319 371 51 21 Sept.
382 371 27 18 15,
420 370 10 15 5
443 373 46 17 p.m.

89 640 10 27 |
111 640 133 20 TL'DDAET,
270 639 112 20 PABKER,
403 638 55 18 AND
479 637 31 18 CO

83 663 48 20 AJI
245 662 109 23 (limited),

104 708 96 23 Splendid,
211 708 162 24 Well-appointed
379 708 94 18 Steamers
479 706 38 20 Will

83 731 1 24 I
94 738 9 12 e
112 732 114 23 despatched
235 732 49 17 from
293 732 120 20 AUCKLAND,
423 737 21 11 as
458 731 60 16 under

81 755 1 21 |
90 755 81 18 weather
186 755 38 17 and
242 756 55 16 other
313 755 145 17 circumstances
474 760 32 16 per-

82 778 2 23 ;
89 778 88 23 rlittinir):
179 788 23 2 —

81 802 40 17 Fob
129 799 135 23 GISBORNE,
270 801 106 20 NAPIER,
383 798 116 20 WELLING-

102 825 57 20 TON,
171 825 157 20 LYTTELTON,
338 825 16 16 &
362 823 131 20 DUNEDIN,

81 849 114 16 Tasmania.
204 848 124 20 ...Tuesday,
344 847 76 23 Sept.B,
432 848 83 16 12noon,

84 871 98 22 Anglian,
188 871 103 18 Tuesday.
300 871 51 22 Sept.
359 870 57 19 22,12
423 873 58 14 noon.

207 917 51 17 FOE
272 917 113 20 SYDNEY,

125 939 115 24 (Returning
252 941 20 16 to
280 940 100 17 Auckland
388 938 80 24 Direct.)

79 963 94 23 Carrying
192 964 114 22 Passengers
326 964 31 17 for
378 964 135 18 Melbourne,

91 987 54 17 other
149 988 132 17 Australian
289 986 71 21 Poets,
367 986 39 18 and
409 986 47 18 Hob
456 989 46 18 art,

82 1014 155 21 Anglian,....
237 1014 91 21 Monday,
348 1014 53 22 Sept.
418 1014 16 19 7,
449 1014 65 21 4p.m.

80 1038 114 17 Tasmania.
203 1037 14 23 ..
226 1037 105 21 .Monday,
343 1037 52 23 Sept.
410 1037 28 21 21,
448 1038 11 15 4
467 1042 46 16 p.m.

103 1065 31 16 All
143 1065 75 16 Tickets
225 1070 29 11 arc
264 1065 93 17 available
365 1065 40 17 also
420 1064 29 16 for
457 1063 46 23 Stop-

80 1094 44 11 over
133 1092 19 13 or
162 1088 71 17 Return
248 1087 25 22 by
285 1087 55 18 ANY
357 1087 85 18 UNION
455 1086 59 18 CO.'S

81 1111 140 20 STEAMEES,
231 1112 37 15 and
275 1111 75 17 holders
359 1111 21 18 of
388 1110 67 17 U.S.S.
472 1110 42 17 Co's

80 1134 74 17 Tickets
175 1140 43 16 may
235 1134 60 17 travel
311 1134 25 22 by
359 1133 117 18 ANGLIAN
493 1138 21 12 or

79 1157 139 17 TASMANIA.

176 1187 21 16 L.
212 1187 23 16 D.
246 1186 108 17 NATHAN
368 1187 14 16 &
396 1185 45 21 CO.,

409 1208 79 23 Agents.

216 1251 94 19 rpiIOS.
333 1251 70 17 COOK
423 1251 16 16 &
463 1249 49 18 SON

110 1355 51 16 Book
171 1355 90 20 Passages
271 1352 37 17 and
317 1357 63 12 secure
388 1351 56 17 berth
454 1350 27 23 by

77 1385 40 18 All
125 1384 75 18 Lines.
214 1383 39 19 All
259 1383 95 18 Routes.
368 1382 39 19 All
412 1382 97 19 Classes.

147 1416 39 18 AT
200 1414 122 20 LOWEST
334 1414 105 19 RATES.

75 1463 93 22 Through
176 1462 74 18 Tickets
259 1461 62 18 issued
333 1462 21 16 to
368 1461 68 18 SOUTH
449 1461 49 16 Afri-

100 1491 39 12 can
147 1486 133 19 Goldeields,
291 1484 153 23 Johannesburg,
451 1486 35 15 etc.

102 1533 36 17 For
147 1532 23 18 all
180 1531 121 19 information
310 1531 58 22 apply
377 1531 20 17 to

123 1560 90 18 COOK'S
225 1559 125 17 SHIPPING
362 1558 100 20 OFFICE,

121 1591 28 18 .Si),
164 1588 163 21 QUEEN-STEEET,
342 1589 120 17 AUCKLAND.

75 1617 84 18 Kotorua
168 1617 78 22 Agency
254 1621 27 11 :

228 1865 56 19 ASK
300 1863 53 20 FOR

74 1915 418 49 HANCOCKS

199 1989 182 20 CELEBRATED

253 2041 87 33 xxxx

184 2100 212 52 ALES,

204 2164 58 13 MADE
270 2164 56 13 EUOM
335 2163 42 14 THE

79 2194 114 32 FINEST
220 2192 87 33 RHALT
328 2193 64 32 AND
411 2192 96 36 HOPS,

113 2283 53 15 FREE
179 2283 54 13 rnoM
246 2282 39 13 ALL
298 2282 128 13 ANTISEPTICS
440 2282 25 12 OR

181 2307 138 15 DELKTERIOt'S
338 2308 65 14 ACIDS.

80 2375 137 33 CAPTABN
239 2374 83 32 COOK
340 2373 168 36 BREWERY,

180 2417 192 20 NEWMARKET.

80 2470 230 47 Blooker's
359 2468 149 54 Dutch

78 2616 137 33 Highest
224 2616 126 26 awards
364 2616 33 25 at
411 2620 100 26 every

198 2657 196 26 Exhibition.

111 2700 65 26 The
187 2700 98 25 latest
298 2698 27 26 is
339 2698 55 26 the
415 2698 96 26 Cross

80 2733 33 26 of
119 2734 109 24 Honor
242 2733 33 24 at
292 2732 55 25 the
368 2731 124 26 Amster-

79 2767 71 25 dam
160 2763 188 28 Exhibition
357 2764 92 30 1895,
458 2763 54 26 the

78 2799 128 31 highest
214 2798 138 33 possible
361 2797 117 26 award.

190 2853 212 26 ROTORUA.

80 2914 240 45 Tarawera
344 2912 168 49 .House,

133 2977 182 20 TUTANEKAI
332 2976 121 20 STREET.

211 3016 45 18 easy
283 3016 66 12 access
374 3010 22 18 of
411 3009 36 18 the
465 3008 49 19 Post

80 3037 66 23 Office,
155 3036 70 21 Baths,
235 3036 40 18 and
283 3036 129 18 Sanatorium
420 3034 94 19 Grounds

80 3063 39 20 and
130 3062 140 25 commanding
285 3069 12 12 a
314 3061 131 26 magnificent
463 3060 51 19 view

80 3090 19 19 of
109 3090 34 18 the
153 3089 63 18 Lake.

107 3119 88 20 Visitors
217 3118 42 19 will
278 3118 42 19 find
339 3124 61 18 every
416 3116 99 20 attention

81 3145 50 26 paid
139 3148 21 16 to
170 3145 53 18 their
232 3145 84 18 comfort
326 3143 41 19 and
381 3145 35 17 the
425 3143 81 25 require-

82 3174 64 16 ments
157 3171 21 18 of
186 3171 78 18 invalid
275 3172 69 23 guests
355 3170 42 18 will
406 3170 26 18 be
450 3168 56 19 assid-

81 3197 72 25 uously
164 3196 95 20 attended
268 3199 27 16 to.

196 3227 70 19 Terms
278 3227 123 18 Moderate.

134 3264 37 31 C.
188 3260 279 37 WXLLMOTT,

179 3304 244 17 PROPRI6TOR,

107 3335 80 19 Letters
207 3334 40 19 and
272 3333 118 25 Telegrams
413 3331 104 26 promptly

82 3361 112 24 responded
200 3363 26 15 to.

190 3416 82 23 FOR
296 3415 115 24 SALE-

95 3469 105 24 J)LAIsT
216 3469 19 18 in
246 3468 93 24 working
346 3467 58 19 order
412 3467 20 19 in
441 3466 76 25 Taupo,

87 3489 24 23 X
153 3495 123 24 comprising
284 3501 33 11 :

88 3531 10 17 2
108 3529 113 22 Launches,
232 3535 38 12 one
278 3528 63 24 large,
352 3534 37 13 one
397 3526 64 23 small,
471 3527 47 19 with

114 3555 48 23 fuel,
176 3557 23 16 30
210 3554 46 19 cord
266 3555 20 18 of
296 3554 62 22 wood,
372 3560 26 12 on
406 3553 63 19 hand.-

90 3582 9 17 3
108 3580 78 26 Sailing
196 3580 68 23 Boatp,
276 3583 39 16 two
325 3582 35 16 ton
370 3580 55 18 each.

88 3608 10 17 4
110 3606 84 25 Pulling
204 3606 62 19 Boats
276 3606 39 19 and
325 3611 56 19 gear.

89 3632 70 18 Houso
183 3632 40 19 and
247 3632 82 25 garden,
357 3632 43 18 also
419 3631 99 25 goodwill.

115 3657 92 26 Leaving
217 3665 24 11 on
251 3660 82 16 account,
342 3658 20 18 of
374 3657 77 19 health.

212 3683 85 18 TEEMS
309 3683 90 18 CASH,

87 3732 77 26 Apply,.

115 3766 87 19 Kickitt
213 3767 15 18 &
236 3766 79 23 Adams,
324 3766 84 25 Agents,
417 3766 78 25 Taupo.

129 3803 27 16 or,
169 3796 83 19 George
261 3796 95 23 Harper,
367 3797 115 19 Auckland.

92 3850 80 23 NEW
185 3849 154 24 ZEALAND

143 3899 110 24 DAIRY
268 3900 216 25 ASSOCIATION

210 3941 150 24 FACTORY
383 3944 140 28 BUTTER,

200 3989 61 19 FOR
276 3990 25 18 Is
320 3990 33 22 Id,
378 3992 39 17 AT

91 4034 187 42 WILLIAMS'
298 4034 87 40 CASH
400 4035 122 42 STORE.

113 4138 71 18 Other
212 4137 78 19 Goods
317 4137 206 23 correspondingly

89 4161 85 21 Cheap.

548 153 296 46 EhrenMed
857 153 121 46 Bros

691 210 144 22 BSEWEES,

626 241 110 20 ALBERT
750 240 150 25 BREWERY,

569 273 218 24 QUEEN-STREET,
802 271 157 22 AUCK.LAND

567 325 68 16 WINE
647 324 51 17 AND
710 325 82 16 t-PIRIT
800 323 155 21 MERCHANTS,

586 352 124 17 BOTTLERS
722 353 52 16 AND
789 351 144 20 IMPORTERS,

629 375 27 18 43,
672 376 134 15 Q,TJEEN-STBEE*
821 377 69 12 WHAI;T.

635 425 52 12 PEIZK
698 426 61 11 MEDAL
769 426 37 11 AND
816 421 71 15 AWAIiDS

543 449 24 14 At
576 447 28 16 the
620 447 90 21 following
727 447 112 16 Exhibitions
854 446 27 15 fur
889 450 32 12 our
928 446 39 16 well-

637 469 63 15 known
715 468 45 16 Bulk
769 468 33 16 and
811 467 68 16 Bottled

654 490 49 16 ALE
715 490 51 15 AND
777 488 85 18 STOUT:

542 516 69 23 Sydney
620 517 126 16 Internailm-al
755 515 108 18 Exhibition,
874 516 47 17 1879.

542 537 101 18 Melbourne
652 536 127 18 International
787 536 108 19 Exhibition,
904 538 69 15 1880-81

542 559 43 15 New
592 560 75 15 Zealand
675 558 207 20 ludustiialExhibition,
887 558 77 20 Welling-

585 585 35 14 ton,
632 582 47 15 1885.

541 602 43 16 New
604 602 75 16 Zealand
693 602 34 15 and
741 602 54 15 South
808 601 41 16 Seas
865 600 108 17 Exhibition.

584 623 87 16 Diiii.din.
682 624 80 15 188H-90.

541 644 20 16 In
571 645 76 15 addition
657 647 18 13 to
684 644 54 16 above
746 644 44 16 have
808 644 41 16 been
864 643 79 16 awarded
957 644 17 15 at

583 666 105 15 Tat-inanian
720 665 110 20 Exhibition,
858 661 115 23 Launcebton,

585 688 78 15 ISUI-92.

625 717 59 17 FIVE
695 718 71 16 FIRST
783 715 104 19 AWARDS

550 760 67 17 Bl'IK
628 760 112 17 EOTTLFD
755 761 58 16 ALES
829 759 52 17 AND
898 760 76 16 STOUT

734 783 47 17 AUo,

625 803 252 33 CHAMPIONSHIP

569 845 64 23 Gold
646 845 87 23 Medal
743 846 29 22 of
780 844 167 24 Australasia

643 886 74 11 AGAINBT
727 885 98 11 ALLCOMERS
837 885 31 13 FOB

542 915 89 25 BULK
644 916 71 23 AND
733 914 147 25 BOTTLED
894 915 65 24 ALE

630 968 73 20 Having
711 974 10 10 a
731 968 59 20 Large
799 968 51 15 Stock
858 968 18 16 of

649 997 49 18 ALE
710 999 52 16 AND
774 999 83 20 STOUT,

541 1034 68 15 Bottled
618 1034 16 15 in
643 1036 52 17 quart
704 1034 34 15 and
754 1034 38 20 pint
806 1033 67 19 bottlef,
889 1033 82 21 fpecially

540 1054 65 17 brewed
614 1056 26 14 for
649 1054 29 17 the
687 1060 74 10 summer
771 1055 52 17 trade,
835 1054 54 16 which
897 1060 28 10 are
932 1060 38 10 now

539 1075 103 22 thoroughly
652 1076 85 19 matured,
750 1082 31 10 can
796 1076 41 15 with
853 1081 49 15 every
917 1076 44 15 confi-

538 1098 50 14 d-f'e
600 1097 107 15 recommend
724 1102 46 10 name
786 1100 18 12 to
818 1101 118 13 connoisseur*
953 1103 18 10 as

537 1118 61 17 second
606 1121 18 13 to
632 1123 45 11 none
686 1119 17 15 in
714 1119 28 15 the
751 1118 72 22 Colony.

564 1161 52 47 E.
665 1161 273 55 LYONS,

656 1224 190 39 TAILOR,

534 1268 34 25 (In
578 1268 34 19 the
626 1268 98 25 promises
740 1268 64 25 lately
825 1268 96 25 occupied
940 1268 28 27 by

638 1294 29 18 H.
677 1294 35 19 W.
722 1294 139 25 Neighbour.)

555 1328 81 19 MAIN
649 1328 92 22 ROAD,
756 1328 194 19 OHINEMUTU.

534 1378 249 46 RESPECTFULLY
792 1378 49 19 calls
851 1378 34 19 the
902 1381 56 17 atten-

574 1413 5 10 i
607 1404 42 19 tion
661 1404 20 19 of
691 1404 110 19 Residents
810 1408 19 15 to
839 1404 31 19 his
879 1411 42 13 now
929 1405 41 18 and

533 1430 68 19 varied
611 1430 56 19 stock
682 1430 21 19 of

536 1464 125 24 SPUING
672 1465 21 23 &
706 1464 141 24 SUMMER
861 1465 106 23 GOODS.

638 1564 220 19 TENDERS.

686 1618 31 11 are
726 1612 71 17 invited
808 1613 29 16 for
846 1612 31 17 the
887 1613 82 17 erection

548 1640 8 13 I
597 1636 19 17 of
625 1641 11 11 a
645 1636 121 17 ten-roonied
775 1636 87 22 building
879 1637 20 16 at
914 1636 44 17 Atia-

533 1658 54 18 niuri.

555 1682 58 17 Plans
623 1682 37 17 and
670 1682 136 21 specifications
815 1685 34 14 can
858 1681 23 18 be
890 1688 42 12 scon
948 1684 20 15 at

533 1712 31 16 my
578 1705 57 17 office.
670 1705 76 18 Lowest
760 1711 21 12 or
799 1711 36 16 any
853 1705 66 17 tender
934 1707 34 16 not

533 1728 111 22 necessarily
659 1728 95 22 accepted.
787 1728 81 17 Tenders
882 1728 48 18 close
944 1735 24 11 on

534 1752 41 17 lytb
585 1752 115 22 September.

626 1774 63 23 (Sgd.)
706 1775 23 17 B.
747 1775 19 17 S.
776 1775 120 21 CORLETT,

740 1798 102 18 Architect,
854 1799 89 17 Rotorua.

599 1849 180 16 PUKEROK
798 1849 104 16 HHUL

544 1952 35 24 (In
588 1952 35 18 aid
632 1952 22 18 of
661 1951 33 19 tlio
701 1950 100 27 Building
809 1951 59 19 Fund
875 1952 21 18 of
903 1952 51 19 New

649 1978 89 24 English
748 1978 99 24 Church.)

555 2027 125 25 FRIDAY,
695 2030 81 19 SEPT.
798 2029 62 24 18th,
877 2030 65 19 1896.

703 2079 58 20 Part
781 2086 14 13 i.

584 2114 73 26 Songs,
666 2114 72 24 Duets,
748 2115 122 23 Quartettes,
881 2116 32 18 &c.

699 2149 59 19 Part
772 2155 23 13 ii.

722 2183 61 19 THE

586 2207 111 25 Including
708 2213 66 19 songs,
786 2208 79 20 dances,
880 2208 33 19 &c.

531 2241 170 19 Refreshments
715 2247 79 13 during
802 2247 41 13 the
852 2241 113 20 Interval.

558 2276 49 24 (For
618 2276 65 19 which
694 2281 12 14 a
715 2276 57 19 small
781 2276 74 25 charge
864 2276 40 19 will
915 2276 25 19 bo

712 2302 76 24 made.)

625 2360 124 23 Admission,
762 2361 21 17 2s
793 2366 42 12 and
846 2361 28 17 Is,

583 2394 48 19 Full
641 2393 133 27 Programme
795 2397 49 16 next
854 2394 59 19 issue.

586 2543 117 23 Rotorua
721 2542 82 24 Town
823 2543 92 23 Board.

550 2596 13 17 A
581 2594 185 21 PPLICATI'NS
783 2596 32 18 for
833 2596 76 19 Sexton
929 2596 40 22 (for

572 2636 7 2 -
607 2622 116 26 Cemetery)
739 2622 42 19 will
796 2622 25 18 be
838 2622 89 19 received
946 2623 23 24 by

535 2650 34 19 the
580 2648 111 20 Chairman
701 2649 21 18 of
730 2648 34 19 the
779 2648 62 18 Town
858 2648 22 18 B.
889 2648 35 19 ard
943 2655 27 19 up

535 2679 19 16 to
567 2675 48 19 23rd
626 2674 126 25 September,
764 2676 54 16 1896.
847 2674 124 19 Particulars

535 2702 21 19 of
567 2702 73 18 service
651 2700 95 24 required
758 2704 19 15 to
797 2700 24 19 bo
837 2707 47 12 seen
901 2704 21 16 at
936 2701 35 18 the

536 2728 62 19 Town
607 2726 68 19 Board
687 2726 68 19 Office.

642 2753 68 25 (Sgd.)
721 2752 22 19 C.
754 2752 142 24 MALFROY,

826 2778 116 19 Chairman.

561 2806 102 22 Rotorua,
674 2805 121 25 September
805 2806 17 21 9,
837 2806 55 18 1890.

598 2952 117 24 Rotorua
728 2952 81 24 Town
821 2951 90 25 Board-

540 3004 152 42 TENDEKS
702 3004 41 21 will
753 3005 26 19 be
793 3005 91 19 received
894 3005 27 25 by
939 3004 34 20 the

606 3031 111 20 Chairman
726 3031 22 19 of
757 3032 35 18 the
800 3032 61 18 Town
868 3031 66 19 Hoard
945 3038 27 17 up

538 3061 20 16 to
569 3058 50 20 15th
630 3058 92 21 October,
743 3059 57 22 1896,
819 3058 33 18 for
868 3057 106 25 Kightsoil

539 3085 79 19 Service
630 3085 31 17 for
671 3084 35 18 the
716 3083 62 19 Town
790 3084 21 18 of
820 3083 98 19 Rotorua.

566 3110 152 25 Specifications
727 3112 20 16 to
758 3110 25 18 be
793 3116 47 12 6een
854 3114 21 14 at
885 3110 34 18 the
938 3109 24 19 Of-

539 3137 37 18 fice
586 3137 20 17 of
617 3136 35 18 the
663 3135 68 19 Board
746 3137 53 17 after
811 3135 90 25 Monday
918 3138 54 16 next.

566 3162 79 19 Lowest
658 3168 22 12 or
690 3168 40 19 any
740 3162 72 19 tender
820 3165 36 15 not
866 3161 109 19 uecessari~

540 3189 19 24 ly
571 3188 99 25 accepted.

714 3213 23 20 C,
751 3213 142 23 MALFROY,

832 3240 116 20 Chairman.

565 3265 96 25 Rotorua,
673 3266 127 25 September,
813 3267 18 22 9,
845 3267 54 17 1896.

552 3314 134 20 ROTORUA
711 3313 192 21 PROSPECTING
918 3314 30 19 AS-

680 3340 157 20 SOCIATION.

542 3393 44 42 A
599 3392 137 20 GENERAL
744 3392 90 25 meeting
844 3392 21 19 of
874 3392 102 19 members

614 3419 42 19 will
670 3419 48 19 take
739 3419 56 24 place
814 3419 21 18 in
855 3418 34 19 the
906 3418 70 20 Grand

543 3444 63 19 Hotel
616 3452 26 12 on
652 3445 108 25 Saturday,
776 3445 47 19 12th
833 3445 54 22 inst.,
896 3448 21 15 at
931 3446 45 16 8.45

542 3476 48 19 p.m.

823 3496 33 19 By
870 3496 78 19 Order.

546 3548 88 43 JOHN
659 3549 16 17 I.
706 3549 107 17 PHILIPS
845 3549 53 17 AND
931 3549 45 21 CO.,

614 3575 130 14 AUTHORISED
753 3575 75 14 MINING
838 3577 42 12 AND
888 3577 55 12 LAND

661 3599 106 13 TRANSFER
779 3599 123 13 SURVEYORS.

543 3641 57 17 Head
610 3641 58 17 Office
675 3641 3 23 :
701 3641 108 23 Halyday's
825 3641 107 23 Buildings,-
949 3642 27 20 26,

614 3664 179 19 Shortland-street,
803 3664 104 17 Auckland.

673 3687 76 17 Branch
767 3687 78 17 Offices:

544 3710 108 20 Wharf-st.,
662 3710 82 20 Paeroa;
764 3711 111 19 Brown-st.-,
887 3710 90 22 Thames;

621 3733 61 23 liings
694 3733 61 21 Boad,
771 3733 129 19 Coroniandel.

544 3761 46 18 P.O.
600 3762 42 17 Box
651 3763 40 16 332.
822 3762 107 22 Telephone
938 3763 42 16 986,

544 3789 58 18 Cable
610 3789 82 18 Address
701 3789 4 21 :
718 3790 138 20 Theodolite,
873 3789 105 18 Auckland.

546 3837 117 43 LOST.—
663 3837 42 18 Bed
718 3838 37 17 and
772 3838 116 17 and.White
904 3838 75 22 spotted

610 3860 51 21 Cow,
671 3861 58 17 white
738 3861 41 17 face
790 3860 3 23 ;
803 3862 33 21 top
843 3861 27 17 off
875 3861 49 17 both-
931 3866 47 12 ears.

546 3883 25 17 £1
583 3883 73 17 reward
670 3890 23 11 on
702 3885 66 16 return
776 3885 20 17 to
805 3884 18 18 J.
833 3884 21 17 L.
863 3884 57 17 Beed.

1941 4116 37 15 Are
1986 4118 44 14 noVv
2039 4116 46 16 used
2093 4117 21 16 to
2124 4118 66 16 render
2199 4118 99 18 medicines
2315 4119 36 17 and

1917 4137 80 18 cordials
2019 4144 53 12 more
2094 4139 86 23 salutary
2195 4141 38 17 and
2249 4142 102 21 palatable.

1917 4160 78 18 Wolfe's
2003 4161 97 18 Aromatic
2108 4162 98 24 Schnapps
2222 4164 16 17 is
2247 4170 35 12 one
2291 4165 21 17 of
2319 4165 32 17 the

1917 4183 55 15 finest
1981 4184 86 14 nnrdmlK-

1016 4264 101 38 Ask
1143 4265 75 39 for
1253 4264 264 40 Hancock's
1554 4266 275 40 Celebrated
1866 4268 191 43 XXXX
2083 4273 112 41 Ales
2223 4278 96 36 and
2346 4276 148 38 Stout,

2923 3763 78 23 what
3014 3763 95 29 People
3126 3764 58 30 Say.

2864 3814 29 16 W.
2903 3814 26 17 H.
2946 3814 130 21 ROTHERY,
3086 3816 61 20 ESQ.,
3163 3817 48 17 MEL-

2841 3836 114 21 BOURNE,
2972 3838 118 18 FACTORY
3103 3839 142 18 INSPECTOR.

2852 3865 69 18 Writes
2930 3866 49 17 from
2993 3867 39 16 The
3048 3867 78 20 Parade,
3134 3868 58 17 Ascot
3203 3868 42 16 Y:ilc
3252 3865 2 22 :

2873 3888 10 16 I
2900 3889 49 17 have
2970 3890 56 17 much
3042 3890 85 21 pleasure
3151 3891 21 17 in'
3193 3891 62 20 stating

2829 3911 43 17 that
2885 3911 10 17 I
2909 3912 49 17 have
2966 3913 58 17 taken
3033 3913 94 17 Clements
3136 3915 63 19 Tonic,
3217 3913 37 17 with

2829 3934 51 22 good
2888 3936 75 17 results.
2989 3936 10 17 1
3008 3936 37 17 had
3053 3936 34 17 the
3094 3934 99 23 influenza,
3202 3936 34 19 and
3248 3941 6 10 ■'

2829 3957 80 23 racking
2926 3959 68 22 cough,
3015 3959 81 22 clammy
3113 3962 73 19 sweats,
3203 3958 52 19 wliick

2829 3981 68 16 caused
2907 3985 55 18 great
2977 3982 96 18 weakness
3083 3983 37 16 and
3136 3988 95 13 nervousn<
3238 3986 12 13 ss

2829 4003 56 18 After
2893 4005 70 22 taking
2969 4005 53 17 three
3031 4005 75 21 bottles,
3116 4006 33 17 the
3158 4007 59 22 cough
3227 4003 28 20 and

2829 4026 82 23 clammy
2925 4029 68 16 sweats
3001 4028 35 17 left
3046 4034 35 14 me,
3091 4035 30 15 my
3129 4030 83 21 appetite
3226 4029 19 16 im-

2828 4050 72 21 proved
2908 4050 38 18 and
2954 4051 33 17 the
2995 4052 54 21 pains
3066 4051 19 17 in
3101 4058 32 16 my
3149 4053 52 17 chest
3217 4052 37 18 have

2828 4073 47 17 been
2892 4074 94 17 removed.
3020 4075 26 16 To
3061 4075 26 16 all
3111 4075 42 17 who
3174 4076 54 16 suftVr
3248 4073 4 19 7
3253 4073 1 19 -

2828 4096 64 17 would
2913 4097 87 22 strongly
3029 4098 117 17 recommend
3172 4097 82 19 Clement'

2930 4120 32 17 Mr
2970 4120 101 17 Rotherv's
3088 4127 40 10 case
3150 4122 61 17 would
3226 4125 19 12 un-

2828 4141 104 24 doubtedly
2949 4143 48 18 have
3014 4143 60 17 ended
3097 4144 21 17 in
3134 4144 121 23 consumption

2828 4165 38 17 had
2880 4166 15 17 it
2903 4170 35 13 not
2954 4167 48 16 been
3019 4167 29 16 for
3064 4167 34 17 the
3114 4167 65 23 timely
3198 4174 20 9 ru-

2828 4188 37 17 tins
2877 4189 83 22 remedy.
