3300 4400
59 197 52 31 THE
128 197 87 31 MAORI
232 197 52 31 AND
301 197 52 31 THE
370 197 70 31 MOA.

61 265 68 20 VOTES
154 263 36 17 OX
214 263 70 17 SOME
308 263 57 16 MOA
394 263 85 15 BONES

62 279 95 30 -;',\D
179 286 28 16 IN
228 286 18 16 A
261 285 59 17 MUD
340 284 95 18 SPRING
447 283 32 18 AT

78 308 174 23 rpOKONGARO,
262 308 172 17 WHANGANUI.

174 355 31 18 By
219 355 82 16 Ejlsdon
315 355 58 16 Best.

79 389 74 23 During
160 393 12 12 a
181 386 48 19 visit
236 385 89 24 recently
336 384 49 26 paid
404 386 21 16 to
444 382 36 20 the

60 412 120 27 ■ftnauganui
187 412 90 21 District,
285 418 33 17 my
329 409 100 20 attention
439 415 41 12 was

59 440 77 26 directed
148 442 21 16 to
178 444 12 12 a
208 437 79 25 deposit
305 436 21 19 of
345 436 47 18 Moa
417 435 63 19 bones

61 467 52 23 found
128 466 20 17 in
158 470 12 12 a
188 463 80 20 curious
283 462 48 19 mud
339 462 71 24 spring
428 460 52 19 close

60 502 15 14 to
84 489 138 24 Matataranui,
243 489 21 18 in
283 489 35 18 the
338 487 142 25 Upokongaro

59 520 66 22 Valley.
153 516 44 19 The
212 515 87 24 springs,
317 514 33 18 for
365 513 57 18 there
447 518 34 13 are

61 543 64 25 several
143 542 22 19 of
183 541 62 22 them,
265 546 34 12 are
319 538 90 20 situated
426 544 26 12 on
470 544 11 12 a

60 570 48 23 small
123 567 83 20 alluvial
215 566 42 23 flat,
268 571 54 13 some
344 565 58 18 three
421 563 59 19 miles

60 607 10 11 u
71 605 9 10 n
105 595 32 19 the
164 592 141 26 Upokongaro
331 593 80 19 stream,
439 589 41 19 and

60 624 52 21 shout
129 624 33 15 ten
186 618 58 19 miles
260 618 52 18 from
329 616 35 19 the
390 619 54 16 town
461 616 21 17 of

60 645 112 26 ■\Vangauui.
200 644 44 18 The
270 643 98 18 diameter
384 642 22 19 of
425 641 57 20 these

59 684 7 12 S
138 672 17 18 is
165 671 38 18 but
212 670 32 19 six
254 676 22 12 or
286 669 57 24 eight
352 668 40 19 feet
402 674 27 12 on
446 668 35 17 the

59 704 82 19 average,
162 702 38 13 one
217 696 98 22 however,
336 694 61 24 being
421 693 62 18 much

60 730 63 18 larger,
142 722 61 20 while
221 721 84 19 another
329 720 17 19 is
365 720 37 19 but
421 719 63 19 about

60 759 32 14 two
99 751 39 18 feet
147 754 72 13 across.
245 747 58 19 Borne
313 753 34 12 are
357 752 26 12 on
400 752 12 12 a
431 744 53 20 level

61 778 40 20 with
120 776 34 18 the
172 774 36 19 the
230 773 84 22 surface,
335 771 60 20 while
414 771 69 18 others

61 806 42 18 have
110 800 77 20 formed
198 799 85 19 mounds
292 797 107 26 composed
408 798 20 17 of
436 800 46 15 mat'

60 835 6 15 t
68 838 7 11 e
77 826 90 28 rejected
177 826 51 18 from
239 826 34 17 the
284 824 76 26 spring.
399 823 43 19 One
460 823 21 17 of

59 857 49 21 these
132 852 86 19 mounds
244 851 17 18 is
286 857 55 12 some
364 850 54 23 forty
443 849 42 19 feet

60 884 16 17 in
92 880 101 22 diameter,
214 876 41 20 and
282 878 64 17 about
364 875 72 19 twelve
462 875 22 19 in

63 906 69 25 height,
143 910 27 12 on
189 903 34 19 the
243 906 34 21 top
296 903 21 17 of
336 901 66 19 which
418 901 17 18 is
451 901 35 17 the

64 933 68 24 spring,
146 936 119 17 overgrown
285 928 49 19 with
353 932 70 20 raupo,
443 927 41 22 &c,

63 960 28 19 the
100 956 63 20 whole
172 955 79 24 haying
260 961 12 11 a
281 957 53 17 most
349 953 91 24 singular
450 958 24 19 ap-

62 979 88 26 nearano'e
159 986 58 14 wiien
227 980 84 23 looking
320 983 21 15 at
351 979 15 19 it
377 980 52 17 from
448 979 34 18 the

62 1013 37 17 firm
114 1009 36 24 dry
167 1007 80 19 surface
263 1006 21 18 of
303 1005 35 19 the
348 1005 42 19 flat.
419 1004 11 19 I
446 1004 41 19 had

62 1033 109 28 previously
184 1040 48 12 seen
251 1032 48 18 such
315 1031 80 25 springs
414 1030 21 18 in
452 1030 35 19 the

63 1062 59 20 Sierra
139 1058 86 21 Nevada
245 1057 20 20 of
282 1057 117 21 California,
417 1056 67 19 where

63 1094 46 13 some
119 1087 20 17 of
151 1085 35 19 the
193 1083 86 20 mounds
296 1090 33 12 are
349 1089 21 12 as
386 1082 61 19 much
461 1088 24 12 as

62 1112 117 25 Uveuty-jive
190 1111 42 18 feet
243 1110 20 18 in
277 1109 78 25 height.

82 1139 63 19 These
161 1136 82 26 springs
261 1141 75 19 appear
354 1137 21 16 to
392 1133 27 20 be
437 1133 51 23 deep

63 1164 73 21 funnels
148 1170 23 11 or
181 1162 61 22 holes,
253 1162 55 18 filled
317 1164 21 15 to
356 1161 34 18 the
410 1160 79 18 surface

63 1191 41 20 with
115 1188 64 28 liquid
190 1188 54 19 mud.
272 1188 47 18 luto
327 1193 54 13 some
392 1186 20 19 of
430 1186 56 18 them

61 1218 9 20 J
78 1217 65 18 thrust
153 1223 11 11 a
174 1214 45 26 pole
231 1214 21 19 of
262 1220 54 12 tome
326 1215 76 22 twenty
419 1212 40 18 feet
466 1211 22 20 in

63 1242 71 25 length,
146 1240 85 20 without
239 1240 90 24 meeting
339 1238 49 19 with
398 1244 41 17 any
457 1244 22 12 re-

63 1270 78 19 sistance
170 1267 108 19 whatever.
315 1263 26 21 In
365 1265 34 18 the
419 1264 68 18 tinner

63 1294 42 21 mud
115 1296 20 17 at
145 1294 35 18 the
189 1293 42 18 side
250 1293 20 18 of
289 1291 34 20 the
338 1292 81 23 springs
437 1289 52 19 have

62 1322 46 19 been
124 1319 64 20 found
198 1325 60 18 many
274 1318 62 18 bones
349 1317 21 18 of
384 1317 35 18 the
436 1315 53 19 Moa.

63 1344 154 25 Unfortunately
228 1344 56 19 these
298 1344 50 18 bone
369 1343 52 18 have
439 1341 52 19 been

63 1372 90 20 obtained
160 1371 28 24 by
196 1370 77 19 several
292 1369 95 20 different
407 1374 84 19 persons

63 1398 42 21 with
117 1398 34 18 the
161 1397 64 19 result
236 1397 44 18 that
286 1397 34 17 the
352 1395 53 18 finds
436 1394 51 18 have

62 1426 46 18 bsen
119 1424 60 21 much
194 1423 78 18 broken
280 1428 26 19 up
320 1421 40 19 and
379 1417 108 22 scattered.

63 1451 57 24 Many
130 1449 53 24 good
201 1448 111 25 specimens
322 1454 34 12 are
362 1447 22 19 in
393 1447 36 18 the
445 1452 34 18 pos-

63 1477 71 19 session
145 1476 20 18 of
174 1475 82 19 various
265 1477 27 15 su!
297 1474 48 18 tiers
353 1474 21 18 of
393 1473 35 18 the
447 1471 33 20 dis-

63 1504 45 21 trict,
119 1502 60 19 while
189 1502 17 22 I,
223 1500 79 25 myself,
320 1499 98 19 obtained
437 1504 54 13 some

63 1529 22 25 by
106 1528 94 25 digghig.
268 1527 68 18 others
352 1524 90 24 through
458 1524 34 18 the

63 1555 92 20 kindness
169 1555 21 18 of
204 1553 34 19 the
252 1551 137 25 surrounding
405 1550 86 19 settlers.

61 1582 38 20 The
110 1581 65 18 whole
185 1581 21 17 of
226 1579 34 20 the
271 1578 67 24 valley
348 1579 21 17 of
376 1578 36 18 the
430 1576 48 26 Upo-

62 1608 87 24 kongaro
168 1606 38 19 has
225 1604 102 24 evidently
344 1607 21 16 at
386 1609 37 12 one
442 1603 49 18 time

63 1634 47 18 been
118 1633 86 19 covered
212 1632 49 18 with
271 1630 64 24 heavy
349 1630 69 21 forest,
430 1628 40 19 and
482 1628 11 19 I

62 1659 59 19 found
131 1659 88 18 remains
230 1658 21 18 of
260 1656 90 26 pukatea
360 1659 52 15 trees
434 1654 59 19 three

63 1686 36 19 feet
116 1685 62 19 below
188 1684 34 19 the
233 1684 86 21 surface,
331 1683 21 18 in
362 1682 33 19 the
413 1680 80 26 ground

63 1711 102 26 adjoining
176 1717 37 12 one
223 1710 22 18 of
254 1710 57 18 the-o
329 1707 92 25 singular
441 1706 49 19 mud

65 1738 81 24 springs.
176 1736 20 19 It
211 1742 64 13 seems
291 1734 98 26 probable
397 1734 45 18 that
460 1733 34 18 the

65 1762 52 21 birds
126 1763 53 19 have
186 1762 53 21 beep
251 1761 80 25 bogged
342 1760 20 19 in
372 1760 57 18 these
439 1762 57 21 traps

64 1789 37 20 and
117 1795 51 14 were
187 1788 74 21 unable
278 1791 20 14 to
311 1786 97 20 extricate
427 1785 54 19 them-

64 1816 66 18 selves.

89 1842 63 18 Other
174 1840 111 28 specimens
311 1839 21 19 of
357 1839 49 20 Moa
433 1837 63 19 bones

65 1868 63 19 which
147 1868 11 19 I
182 1873 45 13 now
245 1866 57 23 have,
327 1872 52 12 were
397 1864 60 25 given
477 1866 20 16 to

65 1901 29 12 uie
115 1894 26 25 by
160 1894 33 19 Mr
216 1892 132 26 Humphries,
369 1891 40 19 and
432 1889 65 20 which

65 1920 22 19 lie
98 1920 97 19 obtained
211 1920 20 18 in
251 1926 11 12 a
272 1919 50 24 deep
342 1924 64 18 gorge
423 1919 21 15 at
463 1915 34 19 the

65 1946 50 20 head
124 1947 21 18 of
156 1946 34 19 the
202 1943 137 23 Matataranui
357 1943 65 23 creek,
432 1943 21 18 in
463 1942 35 18 the

65 1972 55 19 heart
129 1973 21 18 of
160 1972 35 19 the
210 1971 94 24 dividing
403 1969 94 18 between

64 1999 32 18 the
125 1999 142 26 Upokongaro
286 1997 41 19 and
359 1993 139 22 Whanhaehu

65 2025 80 24 valleys.
174 2025 44 20 The
244 2023 87 19 remains
359 2022 20 18 of
408 2025 22 14 at
447 2020 52 19 least

66 2054 37 16 two
122 2051 56 19 birds
188 2056 52 13 were
252 2049 63 19 found
335 2049 20 18 in
366 2047 41 19 this
428 2053 69 19 gorge,

67 2077 62 19 which
139 2078 18 18 is
174 2084 11 11 a
202 2082 77 14 narrow
293 2081 65 13 canon
378 2073 48 20 with
442 2076 57 21 steep

63 2103 59 24 cliffs,
139 2110 56 12 some
211 2103 53 23 forty
284 2101 41 19 feet
344 2101 21 18 in
382 2099 73 25 height
474 2105 25 12 on

64 2129 64 20 either
147 2129 50 19 side.
225 2127 33 19 No
283 2127 87 25 digging
388 2126 38 19 has
448 2125 51 18 been

67 2157 50 18 done
126 2159 22 15 Ft
155 2155 40 19 this
214 2154 62 26 place,
299 2153 42 18 and
359 2153 34 18 the
412 2151 87 19 remains

67 2181 61 21 found
139 2188 51 12 were
201 2180 88 27 exposed
308 2183 20 15 to
341 2179 51 18 view
409 2177 90 24 through

68 2209 33 19 the
112 2208 65 18 action
188 2207 21 19 of
223 2207 35 18 the
268 2208 72 16 waters
355 2205 21 18 of
386 2204 35 19 the
432 2203 66 18 creek.

67 2235 50 19 This
135 2234 40 19 last
192 2235 17 16 is
228 2239 12 12 a
252 2230 129 24 remarkably
406 2230 84 19 interest-

70 2261 34 25 ing
115 2261 108 22 discovery,
245 2257 103 20 inasmuch
359 2263 20 12 as
398 2256 35 18 the
443 2254 57 26 gully

69 2288 15 19 in
93 2288 67 17 situat.
169 2286 11 17 (1
193 2286 19 17 in
221 2291 25 12 an
257 2282 110 25 extremely
375 2280 125 27 rugujedand

69 2313 74 20 broki-u
157 2312 54 24 piece
221 2310 22 19 of
253 2313 90 20 country,
356 2308 34 19 the
397 2307 65 20 whole
480 2306 21 19 of

70 2339 61 20 which
151 2339 36 17 has
205 2338 50 17 been
272 2335 52 19 until
338 2334 69 25 lately,
418 2332 84 20 covered

69 2366 48 19 with
127 2365 63 18 dense
200 2364 69 17 forest.
299 2362 10 18 I
319 2364 67 21 regret
396 2360 45 18 that
454 2359 48 19 time

68 2392 34 19 did
113 2394 35 15 not
158 2389 74 25 permit
241 2395 34 18 my
285 2387 85 24 making
388 2392 40 18 any
442 2392 48 12 exca-

70 2418 67 20 vation
148 2418 19 17 in
176 2416 41 18 this
228 2414 87 24 locality.

93 2444 43 18 The
148 2442 34 19 old
200 2441 80 19 natives
290 2440 21 19 of
329 2439 35 19 the
375 2437 128 26 Ngati-Hau

70 2470 57 22 tribe,
139 2468 58 19 when
207 2466 122 27 questioned
341 2471 27 13 on
376 2465 34 18 the
425 2463 80 27 subject

69 2498 20 18 of
99 2496 34 19 the
146 2494 55 22 Moa,
216 2493 77 24 replied
305 2493 4 24 :

120 2522 42 19 Our
170 2523 103 16 ancestors
292 2519 20 17 in
332 2521 46 22 past
395 2522 50 19 ages
464 2521 41 12 saw

70 2549 33 19 the
121 2547 55 22 Moa,
197 2545 39 19 and
260 2544 78 19 hunted
358 2543 16 18 it
399 2543 33 18 for
451 2540 54 20 food.

70 2575 68 19 When
155 2573 35 19 the
209 2573 102 17 ancestors
331 2569 21 19 of
367 2569 28 19 To
412 2567 94 20 Ati-Hau

70 2601 43 22 first
125 2605 56 14 came
192 2601 20 15 to
222 2597 34 19 the
275 2595 178 19 Awanui-a-Kua
475 2593 32 25 (or

70 2628 28 18 To
112 2626 46 20 'Wai
171 2623 181 21 nui-a-Taniwera,
364 2621 50 18 both
428 2620 79 19 ancient

71 2659 70 14 names
151 2652 32 18 for
192 2650 34 18 the
235 2647 134 26 Whanganui
379 2647 72 24 river),
459 2646 48 23 they

71 2679 63 19 found
145 2678 34 18 the
190 2676 49 18 Moa
249 2675 52 19 here.
331 2674 10 18 1
353 2674 51 18 have
417 2672 42 20 told
468 2677 40 19 you

71 2707 46 17 that
125 2705 35 18 the
171 2701 114 21 Koromiko
294 2707 41 12 was
346 2701 33 18 the
393 2699 48 26 only
452 2697 56 20 wood

73 2731 49 19 with
131 2729 67 20 which
216 2728 36 19 the
267 2731 58 20 great
343 2725 45 20 bird
408 2724 59 19 could
484 2724 25 17 be

73 2755 124 26 thoroughly
211 2754 81 19 cooked.
322 2752 70 19 Hence
408 2752 35 17 the
463 2755 36 19 say-

74 2785 36 24 ing
117 2775 4 34 :
126 2781 76 20 _'Ko
220 2784 20 15 te
256 2778 106 19 koromiko
382 2780 20 16 te
418 2777 67 18 rakau
503 2775 7 19 i

73 2813 65 16 tunua
148 2809 18 18 ai
178 2811 19 15 te
210 2806 60 19 Moa.'
298 2805 43 18 The
349 2804 47 18 Moa
409 2801 101 26 belonged

74 2839 21 16 to
106 2835 42 21 this
158 2833 54 23 land,
223 2832 35 21 the
268 2830 157 25 Nga-paerangi
433 2827 78 21 hunted

75 2862 16 19 it
97 2861 70 20 before
174 2860 35 18 the
217 2859 49 23 days
274 2858 21 17 of
303 2856 99 23 Ao-kchu,
411 2855 22 19 of
438 2855 59 18 Tama-

76 2888 70 22 whiro,
158 2886 40 18 and
209 2885 21 18 of
243 2882 182 21 Tu-mata-kokiri.
463 2880 49 19 Turi

76 2914 91 24 brought
176 2912 57 18 theso
245 2909 56 19 bhds
313 2909 48 18 with
371 2908 43 18 him
434 2907 21 19 in
472 2906 27 19 Ao-

77 2929 97 31 tea;°the
185 2937 68 20 Moho,
265 2936 35 18 the
310 2934 92 23 Pukeko,
414 2933 35 19 the
468 2932 30 19 Ko-

77 2965 83 23 koreke,
182 2963 39 20 and
240 2962 35 18 the
293 2960 132 23 Moa-kirua;
456 2959 57 19 the»e

78 2998 53 13 were
141 2998 12 12 a
159 2990 81 26 portion
251 2987 20 22 of
281 2988 35 20 the
326 2986 95 19 valuable
437 2984 78 25 freight

79 3018 22 19 of
112 3018 71 18 Aotea.
202 3015 43 19 The
258 3013 119 19 Moa-kirua
388 3018 40 12 was
437 3018 12 12 a
456 3009 59 20 small

80 3044 53 24 bird,
150 3041 125 24 resembling
293 3039 34 19 the
346 3039 74 19 Weka,
440 3037 42 20 and
498 3036 17 18 is

80 3076 62 13 never
152 3075 46 13 seen
209 3067 21 19 of
240 3073 52 12 man.
322 3065 42 18 Our
384 3064 77 18 fathers
480 3063 25 18 be-

81 3096 44 19 fore
135 3102 25 12 us
167 3094 36 19 did
210 3095 35 17 not
254 3098 33 12 see
296 3091 23 19 it.
337 3091 66 18 There
411 3090 17 19 is
437 3096 13 12 a
458 3088 58 19 small

82 3121 47 20 bird
138 3121 67 19 which
214 3119 18 19 is
247 3124 47 13 seen
314 3123 25 12 on
359 3116 34 19 the
412 3114 67 20 banks
497 3114 21 18 of

83 3148 63 21 rivers
157 3147 40 18 and
207 3145 63 22 lakes,
279 3143 38 19 and
335 3144 34 17 the
385 3148 70 18 young
471 3146 36 20 peo-

85 3173 41 21 will
136 3173 36 19 tell
181 3178 40 18 you
230 3171 45 18 that
285 3170 15 19 it
310 3169 17 20 is
337 3169 35 18 the
381 3175 55 12 same
445 3167 46 18 bird
497 3172 22 12 as

85 3200 35 18 the
131 3198 124 22 Moa-kirau,
265 3197 36 18 but
310 3196 47 24 they
366 3201 33 12 are
407 3194 112 22 allwrong.

85 3226 43 19 The
139 3231 59 13 name
209 3223 20 19 of
239 3223 41 19 this
290 3222 44 17 bird
343 3225 20 15 to
371 3227 24 12 us
401 3220 17 17 is
426 3219 81 18 Kohara-

86 3252 38 19 tito
135 3251 43 25 (Ko
188 3253 21 16 te
218 3249 62 25 ingoa
290 3255 11 12 o
316 3248 55 18 tenei
387 3252 63 13 manu
468 3244 23 20 ki
509 3250 13 12 a

87 3278 126 26 ngai-mana,
226 3276 26 18 he
261 3273 144 23 kohara-tito.)

136 3301 83 22 Friend,
230 3301 42 18 this
282 3300 17 18 is
309 3299 85 20 another
401 3297 55 19 word
463 3297 19 18 in
490 3302 22 12 re-

89 3330 51 27 gard
148 3333 21 15 to
176 3328 45 19 that
232 3329 57 22 great
298 3325 52 22 bird,
362 3325 34 18 the
406 3323 54 19 Moa.
478 3322 45 20 You

89 3357 52 19 have
152 3361 47 12 seen
208 3354 35 17 the
251 3352 52 19 Rata
312 3354 52 15 trees
374 3350 21 19 in
405 3350 34 18 the
452 3349 70 22 forest,

89 3382 41 21 and
147 3382 45 18 how
212 3378 87 20 crooked
320 3377 47 24 they
393 3382 40 16 are,
465 3374 59 25 quite

89 3408 72 19 bowed
171 3406 59 21 down
240 3405 21 18 in
276 3404 41 19 fact
357 3403 43 20 The
417 3407 72 13 reason
503 3400 22 18 of

91 3436 45 18 that
146 3434 23 21 is,
181 3432 45 19 that
236 3431 34 19 the
290 3429 48 19 Moa
353 3428 54 19 tried
425 3433 61 18 many
504 3426 22 18 of

91 3462 35 18 the
134 3460 64 18 forest
209 3462 51 14 trees
267 3463 23 11 as
298 3455 91 23 roosting
399 3453 73 26 places,
486 3451 40 19 and

92 3487 28 21 all
131 3486 56 19 these
197 3487 53 15 trees
266 3482 70 20 broke,
354 3480 53 19 until
421 3479 35 18 the
473 3478 54 18 Kata

94 3519 41 13 was
145 3509 58 24 tried,
214 3509 40 19 and
265 3508 44 19 that
317 3507 34 19 did
361 3509 36 16 not
406 3504 71 22 break,
490 3503 37 19 but

94 3545 40 12 was
145 3541 45 15 torn
201 3541 57 18 away
265 3535 51 17 from
327 3533 33 19 the
370 3536 42 14 tree
429 3530 66 19 which
512 3529 15 18 it

92 3563 89 26 clasped,
192 3561 40 19 and
246 3559 74 24 merely
341 3558 70 19 bowed
428 3557 59 18 down
503 3555 26 19 its

94 3590 59 22 head,
190 3587 48 19 And
252 3586 45 19 that
315 3585 17 18 is
357 3584 46 24 why
423 3583 34 18 the
475 3582 54 18 Rata

96 3621 64 20 grows
171 3615 21 17 in
201 3613 45 19 that
256 3611 87 26 position
361 3617 51 12 even
432 3609 21 18 in
472 3608 57 19 these

96 3643 57 19 davs.
451 3643 4 21 .

124 3665 101 22 ''Friend,
238 3664 25 19 do
273 3667 35 15 not
317 3662 52 19 heed
379 3662 35 18 the
423 3666 67 13 voices
509 3662 22 15 ot

96 3695 36 19 the
139 3693 103 24 ignorant,
252 3691 31 17 for
290 3690 20 17 in
318 3689 56 18 those
381 3687 77 18 distant
465 3686 65 21 times,

97 3720 60 20 when
177 3716 103 24 Hau-nipi
298 3713 104 20 traversed
419 3712 35 19 the
473 3714 60 23 great

96 3750 63 17 coast,
171 3744 40 19 and
221 3743 35 18 the
266 3742 62 17 brave
338 3739 83 20 warrior
433 3737 100 19 Ao-kehu

98 3773 49 19 slew
171 3770 35 19 the
227 3770 105 19 monsters,
352 3766 180 23 Tutae-poroporo,

99 3796 133 23 ajidFuaroa,
247 3792 68 24 Wiwi,
336 3792 40 18 and
394 3791 79 22 Wawa,
494 3788 40 18 and

101 3830 51 13 even
162 3820 80 21 crossed
252 3820 34 18 the
296 3818 40 19 Sea
353 3818 21 18 of
388 3815 107 21 Raukawa
514 3817 20 15 to

99 3851 101 23 Aropawa
211 3846 40 19 and
261 3844 75 25 fought
350 3844 28 18 Te
397 3840 126 25 Tini-o-Ngo-

101 3874 98 26 rgotaha,
211 3872 58 19 when
285 3871 57 18 those
360 3871 103 17 ancestors
481 3865 54 20 lived

101 3902 22 19 in
133 3901 35 18 the
177 3898 63 20 world
249 3898 21 18 of
279 3897 43 22 life,
338 3896 49 18 then
404 3895 16 18 it
436 3898 42 14 was
492 3892 45 19 that

101 3928 35 19 the
147 3926 49 19 Moa
205 3931 40 13 was
258 3930 47 13 seen
313 3922 29 25 by

99 3954 25 19 vof
134 3953 34 18 the
178 3950 121 25 Polynesian
308 3948 86 23 Society.

499 190 38 20 WE
556 190 77 20 MUST
652 190 77 20 HAVE
748 190 58 20 THE
825 190 115 20 TOOLS.

527 261 106 20 Robinson
651 259 82 22 Crusoe,
748 266 42 18 you
814 259 119 21 remember,

501 288 59 19 made
575 294 12 11 a
598 286 35 25 big
642 285 49 19 boat
707 292 22 12 or
748 291 62 13 canoe
818 289 35 15 out
861 287 21 17 of
901 285 33 18 tho

501 313 63 19 trunk
579 313 21 18 of
609 318 13 12 a
639 313 50 16 trco.
716 310 22 20 It
750 318 42 12 was
801 317 13 13 a
832 311 103 19 laborious

502 339 37 19 and
549 339 79 18 tedious
637 336 43 26 job.
708 336 48 19 And
764 337 45 18 that
820 337 71 19 was'nt
901 336 34 19 the

503 367 60 17 worst
570 364 21 18 of
599 363 22 19 it.
650 362 69 19 When
737 362 27 19 he
781 366 36 21 got
836 363 34 18 the
889 362 47 19 boat
958 362 2 25 ;

502 391 52 19 done
574 390 26 18 he
618 388 90 20 couldn't
724 388 76 19 launch
809 389 23 18 it.
860 389 21 18 It
896 394 40 13 was

502 421 33 14 too
552 416 66 24 heavy
628 415 32 18 for
668 420 39 13 one
712 420 48 14 man
768 415 23 18 .to
807 414 81 20 handle.
916 414 21 19 If

503 442 25 19 he
538 442 41 19 had
592 440 48 25 only
655 446 26 13 an
691 442 144 22 arrangement
842 440 42 19 like
901 440 35 19 the

502 471 84 22 capstan
604 467 22 18 of
649 473 13 12 a
677 466 46 24 ship
741 465 26 18 he
793 466 67 24 might
886 466 51 18 have

503 493 107 25 managed.
639 492 34 19 He
683 497 133 13 understood
827 492 45 18 how
882 494 19 16 to
912 491 25 19 do

503 520 22 22 it,
538 523 36 15 but
587 518 73 19 lacked
669 518 36 18 the
713 516 59 19 tools.
809 517 54 18 How
878 517 56 19 often

503 552 30 13 we
543 545 42 20 find
591 543 102 21 ouxselyes
708 545 21 17 it
736 549 12 12 a
763 542 53 20 dead
830 543 61 19 stand
907 543 31 19 for

504 572 45 18 that
559 577 54 13 same
623 575 79 13 reason.
729 568 39 20 Let
778 575 33 12 me
821 569 47 25 give
877 575 41 18 you
926 575 12 14 a

505 598 55 18 fresh
584 595 128 23 illustration,
733 594 42 19 tied
793 600 28 19 up
844 595 33 19 for
903 595 35 19 the

505 625 88 17 moment
625 622 21 18 in
673 621 36 19 the
734 620 107 25 following
871 621 65 22 letter,

506 649 66 19 whicli
586 650 54 17 must
659 647 44 19 first
712 646 26 19 bo
756 645 50 19 read
824 647 70 19 before
908 653 29 13 sru

505 675 78 25 rightly
592 680 55 12 come
657 676 20 15 at
686 672 34 20 tho
729 671 65 26 point.

533 703 12 8 ''
556 701 66 19 luthe
633 699 71 25 spring
713 699 21 17 of
745 699 57 23 1894,
836 705 46 18 pays
901 706 37 12 our

506 725 161 26 correspondent,
715 724 12 19 I
743 727 36 22 got
802 725 44 18 into
863 730 12 13 a
900 725 38 19 low

506 753 58 19 weak
574 758 49 18 way,
635 753 35 17 not
686 750 63 25 being
759 749 47 21 able
816 753 20 17 to
849 751 90 25 imagine

507 779 55 19 what
585 777 43 19 had
656 776 108 24 happened
788 779 21 16 to
837 783 38 12 me.
904 777 36 24 My

507 804 93 25 strength
616 803 49 24 kept
674 802 79 24 ebbing
766 809 57 18 away
833 802 32 19 till
879 803 12 18 I
900 803 41 18 had

507 830 87 24 scarcely
610 829 35 18 the
664 828 66 19 desire
747 835 22 12 or
785 828 71 25 ability
873 831 21 16 to
915 828 25 19 do

508 856 106 25 anything.
642 854 12 20 I
670 854 38 20 felt
718 860 23 14 as
757 854 52 20 tired
819 861 22 14 as
849 856 18 19 if
874 854 12 20 I
900 854 40 19 had

506 883 44 25 just
569 880 79 21 arrived
665 880 59 19 home
733 880 53 19 from
795 887 12 12 a
823 880 55 26 long,
891 880 50 19 hard

508 910 92 24 journey,
611 910 33 21 yet
654 913 26 13 no
700 908 34 18 tax
753 913 56 13 more
820 907 50 19 than
883 906 58 19 usual

509 936 21 17 of
539 941 40 17 any
596 932 50 19 kind
664 932 41 19 had
714 932 52 19 been
776 932 43 20 laid
830 939 56 19 upon
902 938 38 13 mo.

510 961 35 24 My
562 959 54 20 mind
632 962 33 15 too
675 965 40 11 was
734 965 80 19 weary:
830 965 22 12 so
869 958 45 19 that
931 957 11 19 I

509 986 73 21 turned
593 987 52 18 from
654 984 71 25 things
734 984 46 20 that
790 984 82 25 obliged
883 990 31 13 mo
922 986 20 16 to

510 1012 65 23 think,
586 1011 54 26 plan,
653 1017 21 12 or
685 1010 98 19 consider.

558 1038 46 19 Side
621 1037 26 24 by
658 1037 48 22 side,
718 1042 22 13 so
752 1038 20 17 to
780 1036 69 25 speak,
859 1035 49 19 with
917 1035 26 19 oil

510 1064 41 19 this
561 1070 39 13 was
607 1063 34 19 the
651 1062 74 19 failure
733 1063 21 18 of
764 1069 33 18 my
806 1062 95 25 appetite.
917 1061 27 19 Of

510 1097 69 13 course
589 1090 11 18 I
616 1088 108 20 continued
733 1093 21 14 to
760 1091 39 20 eat,
810 1095 23 13 or
849 1087 59 20 make
918 1094 25 12 an

511 1117 60 19 effort
578 1119 19 15 to
605 1118 39 19 eat,
655 1115 36 18 but
703 1114 49 19 food
761 1121 26 12 no
796 1115 71 24 longer
879 1117 52 21 temp-

492 1139 1 26 -1
511 1143 34 19 ted
555 1150 31 12 mo
596 1148 22 12 as
628 1141 16 19 it
654 1140 47 19 does
711 1146 12 12 a
740 1146 75 19 person
832 1141 22 17 in
868 1139 75 19 health.

492 1165 1 28 1
512 1170 10 18 I
532 1168 72 25 picked
614 1167 39 19 and
673 1166 80 19 mii'ced.
762 1172 48 12 over
820 1172 34 18 my
871 1165 69 23 meals,

512 1195 40 19 and
562 1195 33 19 the
611 1193 52 20 little
682 1193 11 18 I
712 1192 49 20 took
781 1192 80 19 neither
880 1191 65 19 tasted

512 1221 53 26 good
574 1227 37 12 nor
620 1219 35 19 did
661 1225 32 13 me
701 1225 42 17 any
753 1217 53 25 good
816 1218 52 19 after
877 1217 12 20 I
905 1217 40 19 had

492 1244 1 24 '
512 1250 59 16 eaten
581 1247 21 20 it.
639 1244 84 20 Instead
740 1245 21 18 of
777 1244 106 24 warming,
894 1250 39 12 com-

512 1273 77 24 forting
599 1271 40 20 and
647 1271 127 24 stimulating
783 1277 38 16 me,
833 1276 22 12 as
865 1270 16 18 it
897 1268 50 20 used

492 1296 1 26 '
513 1303 20 15 to
543 1299 31 22 do,
586 1299 16 18 it
612 1303 51 19 gave
672 1303 33 12 me
714 1296 84 19 distre>s
807 1298 21 17 at
842 1296 35 19 the
886 1299 49 15 stom-

513 1325 43 22 ach,
569 1325 47 25 pain
629 1326 21 16 at
660 1323 34 18 the
705 1322 61 23 chest,
778 1323 41 18 and
829 1328 11 12 a
856 1321 91 25 singular

492 1347 1 29 1
513 1352 77 24 feeling
597 1350 21 19 of
628 1349 100 25 tigktnesi
741 1348 80 19 around
832 1348 35 18 the
882 1347 63 22 waist,

492 1373 1 27 '
513 1384 23 13 as
552 1376 80 24 though
653 1381 13 13 a
682 1374 44 20 belt
741 1381 52 12 were
810 1373 88 20 buckled
914 1376 33 15 too

492 1401 1 27 1
514 1411 53 17 snug
576 1401 77 21 around
662 1407 39 13 me.

563 1430 58 18 After
637 1434 12 12 a
660 1428 49 17 time
724 1426 35 19 the
769 1426 103 19 condition
882 1426 21 18 of
915 1431 32 18 my

515 1455 89 20 stomach
614 1453 78 20 seemed
704 1455 20 17 to
738 1459 54 18 grow
804 1458 68 13 worse.
883 1451 65 19 There

492 1477 1 27 '
516 1489 40 12 was
564 1482 44 18 that
627 1485 57 13 sense
702 1479 21 19 of
733 1478 104 26 gnawing,
855 1484 22 12 so
893 1477 55 19 often

492 1502 1 27 5
515 1506 115 21 mentioned
640 1506 27 23 by
679 1505 75 22 others,
765 1504 40 20 and
813 1502 134 26 occasionally

492 1529 1 28 3
517 1541 12 12 a
546 1533 77 24 feeling
641 1532 22 18 of
680 1531 101 19 faintnees
800 1530 40 19 and
858 1529 89 25 sinking,

492 1556 1 26 •
515 1560 72 20 almost
604 1558 42 20 like
662 1558 34 18 the
715 1556 81 26 ground
815 1556 72 25 giving
905 1561 45 18 way

517 1586 63 19 under
590 1585 55 18 one's

492 1606 1 31 I
543 1612 102 25 [Remark
653 1606 4 31 .
687 1609 33 19 An
749 1609 90 18 eminent
866 1606 84 19 London

519 1637 109 25 physician,
646 1636 21 18 in
682 1642 38 12 one
738 1636 22 17 of
770 1635 31 18 his
820 1633 69 22 books,
905 1633 34 18 des-

492 1659 1 26 -3
517 1665 64 19 cribes
597 1663 42 18 this
651 1661 84 24 sinkiug
752 1661 76 23 feeling
841 1666 22 12 as
880 1666 37 12 one
929 1659 21 18 of

492 1684 1 34 i
517 1693 52 17 most
578 1688 106 25 appalling
694 1684 40 22 and
744 1685 98 27 frightful
848 1685 45 19 that
903 1685 16 18 it
934 1685 17 18 is

517 1715 88 24 possible
615 1717 21 15 to
646 1713 125 26 experience.
809 1712 21 20 It
843 1712 17 18 is
870 1715 34 14 not
917 1710 34 19 the

492 1735 2 32 6
519 1742 52 25 body
581 1741 37 19 but
628 1740 35 19 tho
741 1739 45 18 that
792 1738 79 19 suffers.
889 1737 16 22 I,
917 1737 35 18 the

492 1762 4 32 8
519 1770 80 24 present
607 1766 72 22 writer,
697 1765 53 19 have
765 1764 41 19 had
817 1767 39 16 two
874 1762 78 20 attacks

492 1789 2 28 *
519 1795 22 19 of
552 1794 21 22 it,
583 1792 40 19 and
631 1799 49 18 pray
690 1794 21 16 to
719 1791 53 20 have
788 1797 26 12 no
833 1796 61 12 more.
931 1789 21 18 It

519 1822 16 18 is
543 1820 40 19 like
592 1823 48 14 unto
653 1818 34 19 the
703 1816 169 24 overshadowing
888 1815 20 18 of
919 1814 34 19 tho

492 1844 4 25 8
521 1846 65 20 Deatli
597 1844 85 25 Angel's
692 1844 61 24 wing,
773 1849 56 13 with
841 1847 42 13 the
900 1846 53 13 mind

492 1870 5 12 °
520 1877 66 15 FULLY
603 1876 105 15 CONSCIOUS
727 1875 27 15 .OF
778 1875 43 15 THE
839 1872 113 15 SITUATION.

492 1896 5 12 u
520 1899 42 19 The
577 1903 60 14 cause
654 1896 16 19 is
687 1895 43 20 uric
747 1895 44 20 acid
802 1894 70 25 poison
889 1899 19 13 in
920 1892 34 19 the

492 1922 5 12 e
521 1924 65 23 blood,
607 1929 37 13 one
661 1922 22 19 of
698 1922 35 19 the
752 1920 95 27 products
869 1920 21 18 of
904 1924 39 21 pro-

492 1948 6 12 -6
520 1952 74 23 longed
605 1946 142 28 indigestion.]

492 1972 4 26 II
571 1976 66 18 When
652 1974 41 19 this
711 1973 84 25 sinking
809 1972 77 24 feeling
900 1976 55 14 came

492 2000 6 12 u
581 2002 105 19 continues
704 1999 34 20 the
748 1999 65 22 letter,
879 1997 64 24 weigh-

492 2023 7 15 !t
522 2029 24 19 ed
558 2035 30 12 me
604 2027 58 19 down
668 2026 42 19 like
720 2033 13 11 a
752 2025 123 24 nightmare.
904 2023 37 19 Fin-

492 2060 5 8 '•
522 2054 40 25 ally
573 2054 10 19 I
595 2056 35 21 got
639 2056 20 15 to
668 2053 26 18 be
705 2058 21 12 so
742 2051 57 20 weak
810 2051 11 19 I
840 2049 58 20 cuuhl
908 2049 48 24 only

492 2079 7 18 P
523 2074 51 26 walk
585 2080 70 23 slowly
665 2078 40 19 and
715 2077 75 24 foebly.
819 2077 46 18 The
880 2080 77 14 doctor

492 2105 7 12 U
523 2113 46 13 WHO
578 2110 125 15 PRESCRIBED
712 2109 40 14 FOR
762 2109 30 13 ME
800 2108 47 13 SAID
857 2107 31 13 MY
907 2106 38 14 COM-

496 2135 3 26 .
526 2145 117 16 i'latn'iwas
651 2144 117 15 dyspepsia,
776 2140 37 16 but
819 2136 32 19 his
860 2135 97 20 medicine

492 2177 6 15 i,
524 2167 40 19 had
574 2173 26 12 no
611 2165 123 26 perceptible
744 2164 65 19 effect.

574 2193 9 18 I
602 2191 110 20 continued
731 2190 41 19 liko
790 2189 40 18 this
849 2188 32 19 for
900 2187 57 24 eight

492 2216 6 20 /
524 2225 57 19 years
592 2225 5 16 ;
620 2220 36 16 not
673 2216 77 24 always
778 2216 35 18 the
832 2221 61 14 same,
921 2214 36 18 but

524 2252 44 13 n>'W
585 2245 66 18 better
666 2242 40 20 and
726 2243 48 18 then
790 2247 70 13 worse.
889 2239 39 19 Yet
937 2239 20 18 in

524 2272 27 18 all
568 2270 45 19 that
632 2269 48 19 time
700 2268 57 19 there
775 2273 41 13 was
839 2268 34 16 not
893 2272 10 12 a
919 2265 39 23 day

492 2290 1 35 3
494 2306 7 18 f
526 2297 59 20 whoa
593 2295 12 22 I
620 2294 59 20 could
701 2300 35 19 say
753 2293 12 19 I
784 2299 42 13 was
847 2291 51 19 well.
926 2290 33 19 No

492 2332 7 14 ,a
526 2322 98 20 medicine
640 2327 23 13 or
679 2321 109 19 treatment
807 2318 80 20 seemed
903 2317 56 24 right

527 2350 32 19 for
568 2355 36 16 me,
617 2347 40 19 and
673 2347 13 19 I
703 2346 71 19 -ilmost
794 2345 67 24 began
872 2346 21 16 to
900 2341 59 21 think

526 2376 10 18 I
549 2381 60 13 never
639 2373 73 19 should
733 2378 81 13 recover
835 2377 32 17 my
886 2369 74 19 former

526 2400 75 22 health.

615 2425 78 23 March,
708 2426 55 21 1892,
782 2423 82 19 Mother
874 2420 85 26 Seigel's

528 2454 67 24 Syrup
611 2458 42 12 was
673 2449 155 21 recommended
853 2453 20 13 to
889 2454 31 11 me
938 2453 22 12 as

529 2479 76 24 having
618 2478 53 18 done
688 2477 92 18 wonders
802 2475 20 18 in
844 2480 55 13 cases
920 2472 41 19 like

527 2506 59 21 mine,
599 2510 50 13 even
666 2503 59 19 when
743 2502 48 24 they
805 2507 51 12 were
874 2500 20 18 of
914 2498 48 25 long

527 2531 97 24 standing
643 2529 41 19 and
708 2528 121 25 everything
854 2526 41 19 else
922 2525 40 18 had

529 2557 68 19 failed.
635 2556 32 19 No
691 2555 59 19 harm
779 2557 21 16 to
828 2556 32 21 try
886 2552 21 22 it,
934 2557 28 12 we

529 2583 94 24 thought,
641 2581 41 19 and
702 2584 35 22 got
753 2588 11 11 a
783 2579 64 20 bottle
864 2578 51 18 from
931 2576 33 19 Mr

529 2609 75 21 Grime,
623 2608 35 19 the
673 2607 86 18 chemist
769 2606 21 19 in
807 2604 73 20 Bolton
889 2602 57 19 Road
958 2602 4 28 :

530 2635 40 19 and
579 2635 54 18 after
642 2633 73 25 taking
722 2633 16 18 it
748 2633 10 18 I
768 2632 38 19 felt
825 2633 59 22 great
906 2628 58 21 relief

531 2661 36 25 My
577 2660 89 25 anpetito
684 2658 82 26 quickly
784 2655 110 27 improved,
903 2654 40 19 and
955 2654 9 19 1

531 2682 101 25 could'eat
642 2685 85 19 without
742 2685 55 24 pain.
828 2682 66 19 When
905 2681 10 19 I
926 2680 40 19 had

532 2714 61 18 taken
603 2715 39 16 two
656 2718 22 12 or
692 2711 57 18 three
767 2709 76 19 bottles
859 2714 55 12 more
931 2707 35 18 the

533 2740 38 19 bad
590 2740 112 23 symptoms
723 2736 41 19 had
782 2736 27 19 all
825 2740 58 19 gone,
899 2733 41 19 and
955 2732 11 18 I

533 2772 40 13 was
579 2772 23 12 as
610 2764 46 19 well
671 2770 23 12 as
705 2769 52 13 ever.
786 2762 35 24 My
832 2759 94 20 husband
937 2758 20 19 al-

533 2799 22 12 so
566 2790 47 20 took
623 2790 34 19 the
676 2788 98 20 medicine
793 2787 49 19 with
862 2786 34 18 tho
914 2790 53 13 same

534 2818 53 25 good
598 2816 80 19 results.
706 2815 48 19 You
770 2821 46 17 may
834 2811 83 26 publish
935 2816 33 19 my

534 2846 59 17 letter
618 2842 40 18 and
687 2841 54 19 refer
770 2839 101 26 inquirers
890 2841 20 15 to
929 2842 38 13 me.

534 2868 97 27 (Signed)
643 2868 64 25 (Mrs)
723 2865 109 22 Elizabeth
849 2863 85 21 Wilson,
950 2863 17 21 5,

534 2896 111 19 Northcote
656 2897 73 19 .street,
746 2893 74 19 Bolton
837 2889 63 23 Road,
918 2889 39 18 Dar-

536 2929 48 13 wen.
598 2921 71 19 March
678 2922 30 17 Ist

562 2948 43 19 The
614 2947 67 19 let-son
689 2947 21 18 in
726 2945 41 19 this
783 2942 122 24 interesting
922 2947 37 12 nar-

536 2975 65 19 rative
611 2973 17 19 is
637 2975 33 17 too
687 2972 56 25 plain
761 2971 32 19 for
810 2976 25 12 us
853 2971 21 16 to
889 2968 47 18 miss
950 2966 21 18 it.

537 3002 42 18 Our
588 2999 34 19 old
632 2999 67 19 friend
708 2997 76 19 Crusoe
794 3002 39 13 was
844 2996 36 18 not
896 2993 45 19 able
952 2995 20 16 to

537 3026 75 20 launch
631 3025 32 19 his
682 3024 49 19 boat
752 3023 32 19 for
811 3022 35 18 the
874 3022 54 17 want
952 3019 21 18 of

538 3052 123 23 machinery.
689 3049 104 24 Similarly
802 3048 34 19 the
846 3047 69 18 doctor
929 3044 44 19 who

539 3077 96 22 attended
644 3076 44 19 Mrs
697 3075 80 20 Wilson
788 3080 42 13 was
845 3077 35 14 not
896 3070 47 20 able
954 3073 20 15 to

539 3111 47 13 cure
599 3104 37 18 her
651 3102 88 19 because
752 3102 25 18 he
796 3100 36 18 did
842 3102 35 15 not
894 3103 80 19 possess

540 3131 35 19 the
584 3129 56 25 right
650 3128 89 24 remedy.
768 3126 41 20 His
817 3124 82 26 opinion
918 3129 22 12 as
955 3124 21 16 to

541 3158 37 20 her
599 3154 110 26 complaint
783 3151 86 24 entirely
894 3150 80 18 correct.

542 3183 40 19 She
599 3188 40 12 wa»
658 3180 101 24 suffering
767 3179 53 18 from
838 3175 82 21 chronic
928 3174 38 24 dys

542 3208 76 24 pepsia,
630 3206 98 26 precisely
739 3212 23 12 as
771 3205 26 18 he
807 3203 42 20 told
858 3202 42 18 her.
936 3200 41 18 But

543 3234 55 21 aUsi
613 3234 17 19 it
639 3232 18 20 is
671 3239 38 12 one
725 3232 61 23 thing
804 3232 21 16 to
844 3229 60 18 know
922 3226 55 19 what

543 3261 66 25 ought
618 3263 21 15 to
649 3258 25 19 be
685 3258 52 18 done
747 3256 40 20 and
795 3255 56 26 quite
865 3252 84 20 another
958 3256 19 14 to

545 3288 51 19 have
606 3286 34 19 the
651 3283 120 25 knowledge
781 3282 42 19 and
837 3285 69 14 means
916 3281 20 16 to
954 3277 23 19 do

545 3314 22 19 it.
926 3314 4 19 .

571 3339 97 18 Between
690 3335 57 19 these
768 3336 41 17 two
833 3333 70 23 things
924 3333 53 21 (over

546 3366 40 19 this
595 3363 51 20 wide
657 3363 50 24 gap)
717 3361 71 19 stands
797 3358 83 20 Mother
895 3355 82 25 Seigel's

548 3392 72 24 Syrup,
629 3389 43 24 just
680 3394 22 12 as
717 3387 93 19 between
828 3384 35 19 tho
871 3386 39 16 two
927 3381 50 19 sides

548 3419 21 17 of
584 3417 35 18 tho
635 3414 88 19 Thames
740 3411 71 21 stands
832 3410 35 19 the
896 3407 81 20 London

536 3439 2 35 |
548 3443 82 24 Bridge.

1237 126 59 19 THE
1323 126 57 20 HOT
1408 126 91 21 LAKES
1528 126 170 23 CHRONICLE,
1726 127 189 22 WEDNESDAY,
1945 123 167 23 SEPTEMBER
2140 129 18 20 9,
2174 128 49 17 1896

1044 191 84 26 THE
1147 189 140 27 MAILS.

987 257 147 20 ROTORUA
1147 256 73 20 POST
1239 255 116 20 OFFICE.

1026 307 68 18 Mails
1103 307 63 18 close
1175 311 26 14 as
1209 304 73 20 under
1292 310 27 13 :

1128 336 97 18 Monday.

958 367 45 17 For
1011 367 123 19 Tauransra
1142 367 26 17 at
1176 365 54 19 6.30
1239 369 52 14 a.m.

980 404 12 8 „
1018 390 125 18 Auckland
1165 388 46 19 and
1228 386 163 21 intermediate

1016 413 84 22 offices,
1111 412 54 19 7.30
1174 416 52 15 a.m.

1125 445 102 16 Tuesday.

959 475 45 18 For
1020 475 126 18 Auckland
1162 473 47 19 and
1228 472 164 20 intermediate

1021 498 84 22 offices,
1114 498 54 19 7.30
1176 501 52 14 a.m.

982 535 12 8 „
1020 520 169 19 Rotomaßoad
1195 520 78 21 Camp,
1280 518 55 19 9.30
1340 524 52 14 a.m.

982 558 12 8 „
1020 544 97 18 Galatea
1126 543 47 20 and
1187 542 134 23 Waiotapu,
1340 541 54 21 7.30

1021 572 54 15 p.m.

983 605 11 7 „
1020 590 86 23 Taupo,
1124 588 124 23 Atiamuri,
1267 587 127 23 Wairakei,

1021 613 47 18 and
1077 612 92 24 Napier,
1180 612 54 18 7.30
1246 616 54 17 p.m.

1107 645 138 18 Wedxesday.

960 677 46 18 For
1015 675 126 20 Auckland
1162 675 46 19 and
1232 673 163 20 intermediate

1023 699 85 22 offices,
1119 699 54 18 7.30
1181 703 52 13 a.m.

1118 728 119 17 Thursday.

961 759 46 19 For
1023 758 126 20 Auckland
1165 757 46 20 and
1234 757 163 19 intermediate

1023 781 85 23 offices,
1119 781 54 19 7.30
1181 785 53 13 a.m.

985 819 11 8 „
1022 805 97 21 Matata,
1135 803 156 23 Pongakawa,
1309 802 86 23 Ohiwa,

1024 828 157 20 Whakatane,
1190 825 101 23 Opotiki,
1298 826 99 19 Maketu

1024 851 46 20 and
1079 851 31 18 Te
1119 851 71 21 Puke,
1201 849 54 19 7.30
1262 854 55 19 p.m.

1138 882 87 17 Friday.

963 914 46 18 For
1017 913 128 23 Tauranga,
1156 912 55 19 6.30
1218 916 53 15 a.m.

986 951 11 8 „
1023 936 126 20 Auckland
1170 934 46 19 and
1237 934 162 19 intermediate

1026 960 84 21 offices,
1121 959 54 19 7.30
1183 962 52 14 a.m.

985 997 14 9 „
1025 983 85 23 Taupo,
1130 980 123 22 Atiainuri,
1272 981 46 19 and-

1026 1006 71 22 rakei,
1108 1006 54 19 7.30
1170 1009 54 18 p.m.

1124 1037 117 17 Saturday.

965 1070 45 19 For
1023 1070 98 21 Matata,
1137 1066 156 25 Pongakawa,
1312 1066 87 23 Ohiwa,

1027 1092 157 21 Whakatane,
1192 1089 101 23 Opotiki,
1302 1089 99 19 Maketu

1027 1116 47 18 and
1082 1116 32 18 Te
1123 1115 71 21 Puke,
1205 1113 54 19 7.30
1268 1118 53 18 p.m.

965 1177 53 18 THE
1030 1176 117 17 ENGLISH
1159 1174 67 18 MAIL
1241 1178 36 12 via
1295 1173 104 17 'FRISCO.

990 1230 80 20 Closes
1083 1229 110 22 Rotorua,
1208 1226 90 23 Friday,
1315 1226 51 18 Oct.
1379 1226 22 22 2,

966 1254 25 18 at
1000 1253 54 19 7.30
1063 1258 59 17 a.m.,
1133 1252 45 18 due
1193 1251 23 18 in
1227 1249 98 19 London
1342 1249 59 19 Nov.

967 1277 48 19 4th.

998 1340 63 17 FOST
1074 1338 94 19 OFFICE
1182 1335 188 20 REGULATIONS.

991 1388 46 18 The
1048 1387 71 19 Office
1128 1387 20 18 is
1157 1390 60 19 open
1227 1385 36 18 for
1271 1385 41 18 the
1323 1384 48 18 sale
1381 1385 27 17 of

968 1412 97 22 stamps,
1075 1411 104 22 delivery
1194 1408 46 19 and
1253 1407 152 25 registration

969 1435 26 19 of
1001 1435 88 21 letters,
1099 1433 88 23 receipt
1202 1432 26 17 of
1241 1431 95 23 parcels,
1355 1431 48 22 &c,

969 1459 60 18 from
1037 1458 16 18 9
1061 1463 53 13 a.m.
1124 1458 26 17 to
1159 1457 14 18 5
1184 1460 54 19 p.m.

994 1482 45 18 For
1055 1486 86 17 money
1159 1479 68 19 order
1243 1477 47 19 and
1308 1477 97 24 savings

969 1505 63 18 bank
1046 1504 114 21 business,
1176 1503 16 17 9
1206 1507 52 13 a.m.
1276 1502 26 17 to
1318 1501 15 18 4
1350 1506 54 18 p.m.

971 1527 136 26 Saturdays,
1117 1527 15 18 9
1141 1531 52 14 a.m.
1204 1526 24 17 to
1238 1525 15 18 5
1262 1529 53 18 p.m.

994 1552 45 17 For
1048 1550 121 23 telegraph
1186 1548 114 19 business,
1315 1547 61 19 from
1392 1548 15 18 9

971 1580 51 13 a.m.
1032 1575 26 18 to
1067 1574 15 18 5
1093 1578 54 19 p.in.

993 1599 101 21 Letters,
1105 1596 75 19 books
1197 1594 46 19 and
1256 1599 152 18 newspapers

971 1621 75 19 canbe
1051 1619 129 25 registered
1187 1620 25 17 to
1219 1623 48 18 any
1275 1618 53 23 part
1335 1618 26 17 of
1367 1617 41 18 the

971 1644 73 19 v/orld
1053 1649 31 13 on
1093 1643 113 24 payment
1215 1645 23 14 oi
1255 1646 14 13 a
1283 1641 35 17 fee
1336 1641 26 17 of
1376 1640 32 18 3d

972 1668 23 19 in
1002 1667 105 19 addition
1114 1668 26 17 to
1143 1667 40 17 the
1190 1664 216 23 ordinarypostage.

995 1692 47 18 The
1051 1691 72 18 Office
1132 1689 47 19 w~ill
1186 1693 94 17 re-open
1289 1692 30 13 on
1328 1687 67 18 Satur-

973 1715 57 24 days
1040 1714 55 23 only
1105 1714 35 17 for
1154 1713 28 18 15
1197 1711 103 18 minutes
1315 1710 36 18 for
1368 1710 40 18 the

973 1738 102 23 delivery
1089 1736 26 19 of
1129 1736 82 18 letters
1225 1734 61 18 after
1299 1733 41 19 the
1354 1733 54 19 mail

973 1761 103 20 arriving
1084 1761 26 18 at
1119 1759 54 19 7.40
1181 1763 54 18 p.m.
1245 1757 20 18 is
1275 1757 86 19 sorted.

1122 1783 26 18 B.
1162 1782 26 19 D.
1208 1780 130 22 DANSET,

1232 1804 153 18 Postmaster.

1023 1859 103 43 MEM'S
1157 1855 200 42 TAILORING.

976 1953 22 27 tt
1035 1962 57 25 large
1102 1962 80 24 portion
1192 1959 21 19 of
1223 1959 34 18 the
1267 1958 56 18 stock
1337 1958 21 19 of
1376 1958 34 18 the

976 1989 41 19 late
1028 1988 28 19 11.
1069 1987 33 20 W,
1111 1986 122 25 Neighbour
1243 1985 25 17 ho
1278 1984 17 18 is
1312 1984 98 25 prepared

977 2017 20 17 to
1008 2015 45 24 give
1064 2014 32 18 his
1106 2016 110 16 customers
1226 2011 34 18 the
1275 2009 38 20 full
1335 2009 75 20 benefit

977 2041 20 19 of
1007 2041 35 19 the
1051 2039 38 21 low
1098 2039 53 26 price
1163 2041 21 16 at
1193 2037 64 19 which
1264 2037 25 18 ho
1298 2036 112 25 purchased

977 2067 33 19 the
1021 2072 61 14 saino,

1049 2091 71 20 GALL
1134 2090 59 20 AND
1212 2088 125 21 INSPECT.

1003 2118 119 19 First-class
1136 2114 151 26 workmanship
1306 2114 40 19 and
1365 2120 34 18 per-

978 2146 39 18 fect
1027 2145 22 18 tit
1060 2142 131 27 guaranteed,

1169 2169 53 18 Al-'o

978 2195 132 23 Selling-off
1120 2194 52 19 Sale
1181 2194 27 17 of
1212 2193 105 22 Drapery
1325 2191 85 21 Goods,

1007 2220 66 18 Prior
1081 2220 26 17 to
1116 2217 97 22 visiting
1224 2215 125 19 Auckland
1358 2216 25 16 to

1060 2246 100 19 procure
1169 2239 63 19 fresh
1247 2239 80 18 Stock.

1003 2273 147 22 Everything
1157 2270 100 21 lowered
1265 2270 25 18 to

1054 2295 156 20 BED-ROCK
1229 2293 113 19 PRICES.

1047 2349 79 26 JOB
1165 2345 180 30 CORBAN,

619 3498 82 18 Ancient
708 3495 61 19 Maori
778 3490 66 27 Land:
912 3490 71 18 Elsdon

550 3524 51 16 Best.
611 3520 104 22 Intending
724 3518 113 18 advertisers
849 3521 32 12 are
887 3513 96 24 requested

540 3537 1 27 ,
550 3549 21 15 to
586 3545 47 18 send
638 3544 21 19 in
675 3543 49 19 their
732 3542 64 17 favors
804 3539 82 18 without
894 3537 53 22 delay
964 3538 19 15 to

540 3559 1 28 i
551 3570 32 17 the
592 3569 119 17 Ciiromcle
720 3565 75 17 Office.*

1023 2445 117 35 MISS
1171 2442 210 36 FRENCH,

998 2503 266 29 ANGLO-PARISIAN
1297 2502 90 26 DRESS-

1145 2553 112 27 MAKER.

1085 2612 67 22 (Late
1160 2611 27 17 of
1194 2609 122 21 Dunedin.)

987 2661 91 44 I)EGS
1091 2663 21 15 to
1123 2659 91 20 intimate
1226 2660 21 16 to
1266 2657 34 19 the
1315 2656 65 19 ladies
1397 2657 23 18 of

1009 2686 16 18 J
1053 2687 93 19 Eotorua
1169 2685 45 18 that
1233 2684 36 18 6he
1288 2683 36 18 has
1344 2682 76 19 started

987 2713 93 19 business
1104 2713 21 18 in
1149 2712 156 20 Fentou-street,
1329 2708 91 26 opposite

988 2740 34 18 the
1032 2739 22 19 G:
1057 2737 4 21 -
1062 2739 40 18 and
1117 2737 68 20 Hotel.

1096 2796 221 23 MASSAGE.

1104 2844 115 21 PBASEE.
1231 2843 96 27 qualified
1345 2843 67 19 Ameri-

993 2867 49 23 -IYJL
1070 2879 38 12 cm
1128 2872 110 21 Masseuse,
1258 2870 17 18 is
1285 2869 140 25 permanently

993 2898 77 19 located
1086 2898 21 19 in
1124 2897 97 20 Rotoma.
1260 2895 40 19 She
1325 2895 37 19 has
1385 2895 41 18 had

993 2924 138 19 considerable
1146 2922 117 26 experience
1273 2922 21 18 in
1310 2923 35 17 the
1364 2923 53 16 treat-

995 2954 55 16 ment
1069 2950 22 19 of
1107 2950 63 18 ladies
1181 2948 38 19 and
1230 2947 114 25 gentlemen
1355 2947 62 18 suffer-

995 2977 35 24 ing
1040 2977 52 18 from
1112 2976 89 22 Sciatica,
1219 2973 148 24 Rheumatism,
1380 2973 48 18 Stiff

994 3000 74 25 Joints,
1091 3001 113 27 Dyspepsia
1223 2999 40 19 and
1281 2999 28 19 all
1326 2999 64 19 forms
1407 2999 21 19 of

995 3029 94 18 Nervous
1105 3027 112 19 Disorders.

1044 3062 109 19 Abduess:
1168 3060 98 20 GRAND
1280 3059 100 20 HOTEL.

1001 3253 81 20 riPHE
1107 3251 206 21 UNDERSIGNED
1343 3251 50 25 begs
1412 3253 21 16 to

1012 3273 14 25 1
1069 3279 51 19 offer
1129 3279 101 18 Nuksery
1241 3277 65 19 Stock
1315 3277 22 19 of
1346 3277 28 18 all
1388 3276 34 19 des-

1001 3305 102 26 criptions,
1124 3305 57 18 seeds
1202 3303 40 19 and
1261 3302 160 26 appliances—in-

1002 3332 82 24 eluding
1095 3331 50 18 New
1156 3329 90 20 Zealand
1260 3329 67 23 Trees,
1346 3328 86 23 Shrubs,

1002 3358 78 20 Plants,
1099 3356 129 21 Treo-Ferns,
1246 3354 69 24 Ferns,
1336 3356 40 21 &c,
1393 3356 40 21 Ac,

1004 3382 76 26 packed
1091 3383 20 18 in
1122 3382 57 19 wood
1192 3381 39 19 and
1244 3387 74 12 canvas
1333 3387 55 12 cases
1405 3380 31 19 for

1004 3410 35 18 the
1047 3408 99 24 Colonies,
1159 3407 40 20 and
1209 3407 21 18 in

1004 3436 31 17 for
1058 3434 77 19 distant
1158 3432 106 21 countries.
1305 3431 69 20 Medal
1396 3431 41 20 and

1008 3460 93 25 Diploma
1111 3459 91 20 received
1211 3458 32 19 for
1253 3458 73 25 plants,
1339 3459 39 22 &c,
1389 3460 49 16 thus

1005 3489 44 16 sent
1059 3488 21 17 to
1091 3486 35 18 the
1249 3483 125 22 Exhibition,
1384 3483 41 19 Lon-

1005 3512 46 23 don,
1303 3510 21 18 in
1331 3509 108 19 Auckland

1007 3540 23 17 35
1040 3544 66 19 years.

1086 3572 37 31 C.
1140 3570 220 35 T.WREHf,

1007 3622 40 17 Mt.
1056 3620 105 19 hobson
1168 3618 128 21 nursery,
1305 3618 134 20 remtjera,

1132 3652 121 20 Auckland,
1265 3649 51 19 N.Z.

1030 3719 55 46 G.
1124 3716 296 50 BURTON'S

1277 3799 167 25 STORE,

1092 3848 101 24 Opposite
1208 3846 72 19 Palace
1298 3844 68 20 Hotel.

1033 3899 119 24 ROCERY,

1054 3929 139 22 OILMEN'S
1208 3925 110 24 STORES,

1097 3956 218 25 IRONMONGERY,

1150 3986 250 24 CROCKERTWARE,

1202 4020 143 25 DRAPERY,
1362 4021 42 22 &c,
1414 4021 34 19 &c-

1046 4059 17 17 A.
1079 4053 148 21 well-assorted
1245 4052 57 19 Bt>ck
1319 4052 21 18 in
1355 4051 28 19 all
1399 4051 49 19 lines

1032 4083 8 19 f
1050 4082 35 19 the
1093 4081 63 19 above
1166 4083 20 16 at
1196 4079 70 19 lowest
1277 4084 71 17 price*.

1032 4118 38 19 few
1081 4115 88 22 Zealand
1177 4114 63 25 Dairy
1249 4111 146 21 Association's
1403 4112 34 19 Fac-

1056 4145 46 21 tory
1113 4142 75 19 Butter
1198 4139 55 20 fresh
1262 4139 58 19 t«icc
1331 4138 83 25 weekly.

1097 4186 51 19 New
1158 4184 50 19 Laid
1218 4183 61 23 Eggs,
1290 4182 41 23 <fcc,
1343 4182 35 19 &c.

562 3638 7 7 ■
580 3638 13 11 £
615 3638 52 10 X\7VJ
691 3638 59 9 AiWJ

555 3647 23 28 _L
606 3655 104 19 whatever
724 3652 50 19 send
791 3657 12 12 a
818 3648 93 25 stamped
926 3654 48 13 enve-

553 3683 46 25 lope
609 3683 21 17 to
639 3686 38 13 our
686 3680 90 24 Agency,
788 3675 136 24 Wellington;
936 3676 50 16 state

555 3710 34 17 the
599 3713 45 14 case
654 3713 22 12 as
691 3704 101 23 minutely
799 3709 23 12 as
840 3699 88 27 possible
947 3699 40 19 and

555 3741 40 18 you
611 3732 78 19 receive
707 3730 69 19 advice
795 3729 28 24 by
847 3729 69 16 return
936 3729 50 21 post.

557 3761 41 18 Our
608 3762 73 22 agents
694 3763 35 13 are
739 3755 28 19 all
776 3752 104 28 qualified.
913 3751 21 19 If
948 3756 40 20 you

557 3786 78 19 enclose
644 3785 23 17 2s
684 3783 26 19 6d
726 3788 30 12 we
772 3780 42 20 will
830 3778 49 19 send
894 3784 40 18 you
953 3783 36 12 our

557 3812 46 19 best
611 3809 83 26 remedy
703 3809 32 19 for
744 3807 35 19 the
795 3811 45 13 caso
857 3804 78 24 lasting
949 3809 40 18 you

558 3842 39 15 two
619 3835 74 20 weeks.
730 3834 46 18 You
795 3838 47 12 save
859 3836 74 18 money
951 3828 39 19 and

558 3861 85 21 doctors'
654 3860 54 19 bills.
735 3859 47 19 You
792 3857 78 19 receive
886 3856 69 18 advice
965 3861 25 12 on

559 3889 29 19 all
597 3888 73 25 points,
682 3885 40 19 and
732 3885 35 19 the
776 3885 71 24 purest
856 3882 22 19 of
893 3880 98 21 remedies

560 3920 51 16 sent,
620 3916 20 16 at
648 3918 27 12 no
681 3914 58 16 extra
746 3913 42 17 cost
797 3910 50 17 than
854 3908 16 18 if
877 3906 115 26 personally

560 3939 86 25 bought,
654 3938 27 23 by
690 3934 216 26 doingyourbusiness
913 3932 48 19 with
969 3937 24 13 us

561 3967 27 24 by
597 3967 52 24 post.
677 3962 87 20 Consult
776 3965 20 14 at
806 3966 55 13 once.
893 3958 100 19 Ailments

562 3991 66 20 which
638 3995 40 17 are,
689 3992 21 17 at
717 3988 36 20 the
762 3988 49 18 time
828 3984 88 25 thought
931 3987 21 15 to
969 3984 24 18 be

562 4017 59 26 light,
633 4021 33 14 are
675 4014 57 19 often
741 4013 35 19 the
787 4010 112 27 beginning
909 4010 21 18 of
946 4016 40 12 seri-

563 4050 37 13 ous
608 4045 156 20 consequences,
774 4037 68 20 which
859 4036 18 18 if
894 4035 62 19 taken
974 4035 14 18 ii

596 4075 16 12 ie
622 4073 34 14 are
665 4064 90 21 checked
764 4063 42 19 and
814 4061 69 21 cured.

601 4107 133 23 EATFOED
750 4103 160 24 BOTANICAIi
929 4103 32 20 CO

669 4146 150 20 Wellington,
831 4142 41 20 and
881 4144 21 17 at

588 4174 83 23 Sydney,
680 4172 119 18 Melbourne,
809 4170 50 21 Cape
865 4169 64 17 Town,
939 4173 22 11 an

689 4194 85 21 Lincoln,
786 4191 97 25 England,

125 4002 18 17 A
152 4001 64 17 choice
224 3998 89 18 selection
325 3997 21 17 of
360 3996 25 17 oil
398 3994 99 24 paintings
512 3992 27 22 by-

103 4025 32 18 Mr
143 4025 21 17 C.
175 4021 100 20 Blomfiejd
282 4026 44 16 may
335 4025 42 11 now
386 4018 24 18 be
419 4023 43 12 seen
470 4018 20 15 at
506 4016 33 16 the

103 4049 119 17 Cuuo-KXE
319 4043 52 21 They
380 4041 92 22 comprise
482 4039 57 18 views

103 4072 21 18 in
133 4070 39 18 this
180 4066 150 25 neighborhood,
456 4063 72 16 Whiuca-

104 4098 108 15 rawarewa,
220 4091 41 21 &0.,
274 4090 38 17 and
329 4090 48 16 from
390 4087 50 20 their
452 4084 79 19 faithful-

104 4123 44 12 ness
168 4115 39 18 and
223 4114 95 17 attention
334 4114 21 15 to
374 4110 60 18 detail
454 4114 31 12 are
498 4107 43 17 well

105 4140 63 17 worth
180 4139 33 17 the
221 4137 95 17 attention
325 4136 20 16 of
353 4135 61 17 lovers
428 4133 20 16 of
456 4133 36 15 art.
518 4131 23 16 In

107 4163 86 18 addition
202 4163 20 15 to
231 4161 52 17 these
291 4159 53 17 there
357 4163 33 13 are
406 4162 11 11 a
430 4154 80 17 number
524 4154 17 15 oi

107 4188 60 16 water
173 4185 51 17 color
233 4182 84 20 sketches
325 4179 82 22 .suitable
416 4179 30 16 for
452 4177 89 19 birthday

105 4216 24 15 ty:
137 4209 69 18 Easter
211 4206 76 18 Cards.*

1430 604 191 43 SOMETHING
1652 603 47 41 TO
1733 601 116 43 READ!

1424 768 238 58 Supplied
1685 767 132 55 Regu-

1499 913 129 56 larly
1649 913 132 45 from

1503 1235 278 38 OFFIC6.

1478 1338 193 31 Canterbury
1703 1336 109 28 Times,

1473 1383 221 28 Christchurch
1724 1383 94 28 Press,

1486 1437 72 26 New
1571 1434 135 26 Zealand
1729 1432 76 30 Mail,

1522 1491 109 32 Family
1646 1490 128 29 Reader,

1447 1540 107 31 Young
1576 1536 115 27 Ladies'
1713 1533 134 31 Journal,

1499 1585 92 26 Black
1615 1584 60 25 and
1691 1582 108 30 White,

1433 1634 172 28 Illustrated
1626 1632 126 27 London
1770 1631 95 29 News,

1430 1686 64 26 The
1514 1685 116 29 Album,
1663 1682 66 26 The
1742 1679 123 30 Sketch,

1510 1734 122 33 Sydney
1651 1731 137 29 Bulletin,

1566 1801 12 10 „
1682 1778 75 30 Mail,

1487 1829 91 26 Town
1591 1826 60 27 and
1666 1825 145 31 Country,

1541 1871 219 29 Australasian,

1589 1919 134 30 Referee,

1435 1969 229 34 Cosmopolitan
1702 1966 166 33 Magazine,

1535 2019 112 27 Strand
1755 2036 13 11 „

1513 2067 140 26 Windsor
1757 2083 12 10 „

1515 2113 138 31 Ludgate
1757 2129 12 11 „

1489 2160 118 27 Review
1626 2158 33 25 of
1679 2156 141 28 Reviews,

1502 2211 126 26 Woman
1648 2210 33 25 at
1699 2208 105 29 Home,

1437 2260 150 28 Weldon's
1600 2258 128 26 Fashion
1744 2253 124 28 Journal

1472 2309 127 28 Schild's
1615 2307 128 27 Fashion
1793 2324 12 11 „

1484 2358 181 31 Something
1686 2358 34 24 to
1736 2354 92 31 Read,

1440 2409 182 34 Snapshots,
1644 2407 149 27 Answers,
1813 2403 44 27 Tit-

1520 2460 67 28 bits,
1601 2458 123 30 Scraps,
1746 2455 52 25 &c.

1440 2511 65 27 And
1522 2509 35 26 all
1576 2508 96 25 Home
1689 2505 61 26 and
1766 2503 88 26 Colon-

1459 2560 35 27 ial
1512 2559 112 32 Papers
1637 2556 23 26 &
1673 2553 185 34 Magazines.

1609 2726 101 24 THS

1447 2808 246 48 MASTERPIECE
1712 2803 165 45 LIBRARY,

1448 2912 143 35 Popular
1603 2909 130 31 Novels,

1484 3000 64 26 The
1562 2999 115 31 Penny
1690 2996 106 30 Poets,

1519 3088 108 28 Books
1638 3087 50 27 for
1693 3086 55 26 the
1759 3083 126 28 Bairns,

1455 3258 205 50 Jewries'
1692 3257 196 45 Famous

1595 3344 165 47 Books.

1498 3539 163 43 BROADER
1701 3534 154 45 BRITAIN.

1464 3643 29 26 A
1523 3638 177 30 Collection
1723 3636 35 27 of
1779 3634 91 27 Photo-

1531 3707 132 34 graphic
1677 3706 111 26 Views
1800 3701 34 27 of

1581 3776 54 27 the
1657 3772 123 28 World.

1912 3155 15 16 A
1945 3151 114 20 MEMBER
2078 3151 32 17 OF
2131 3148 53 19 THE
2204 3145 87 19 HOUSE
2312 3145 33 17 OF

2001 3170 251 23 REPRESENTATIVES.

1935 3217 96 20 Speaking
2044 3221 25 11 on
2083 3214 33 17 the
2129 3212 105 20 Pharmacy
2247 3209 38 17 Bill
2298 3208 46 18 said,

1933 3246 23 10 no
1971 3238 105 18 n-c*c-sien
2090 3237 34 17 has
2137 3234 54 17 made
2207 3234 36 16 loss
2259 3236 87 19 progress

2032 3290 21 12 or
2062 3289 62 11 worus
2133 3289 20 9 uj
2163 3289 41 8 tu.m
2216 3289 59 8 ci«j_.
2310 3289 37 5 -»~

1912 3310 21 18 M
1942 3309 50 17 H.R.
2009 3307 57 23 spoke
2080 3305 81 18 without
2173 3302 95 22 thinking,
2286 3306 22 11 or
2324 3302 23 14 lie

1914 3332 62 17 would
1990 3333 35 16 not
2041 3331 47 16 have
2105 3327 54 18 made
2176 3326 44 17 such
2238 3330 23 11 an
2278 3323 69 18 absurd

1914 3355 108 19 statement.
2046 3353 31 17 He
2086 3349 97 22 evidently
2195 3349 55 16 knew
2266 3347 82 21 nothing

1914 3380 19 16 of
1942 3379 32 17 tho
1984 3384 41 11 new
2034 3375 76 22 remedy
2119 3371 72 20 termed

2055 3396 154 19 NEUROL

1915 3423 60 17 which
1984 3419 167 23 is.inconipurison
2156 3417 45 16 with
2208 3415 89 17 remedies
2302 3415 47 16 used

1915 3452 46 12 even
1970 3446 22 17 25
2001 3450 53 17 years
2063 3448 42 17 ago,
2116 3447 19 11 as
2142 3440 50 22 light
2201 3441 19 14 to
2229 3438 95 17 darknoss.

2055 3469 153 19 NEUROL

1916 3496 15 18 is
1940 3502 11 10 a
1964 3493 128 19 scientifically
2109 3489 91 25 prepared
2217 3487 95 19 medicine,
2330 3491 19 11 m

1916 3519 32 17 the
1958 3519 48 16 form
2015 3518 20 16 of
2043 3515 92 23 powders.
2160 3512 19 17 It
2185 3518 16 10 is
2208 3512 34 16 not
2255 3511 84 20 disagree-

1917 3542 41 17 able
1965 3533 4 28 ;
1983 3541 16 17 it
2006 3541 16 16 is
2031 3541 34 15 not
2073 3536 100 23 expensive
2180 3533 4 28 ;
2198 3535 16 16 it
2221 3534 33 17 lies
2262 3538 20 11 111
2296 3533 54 16 small

1917 3570 84 16 compass
2009 3556 4 30 ;
2027 3563 16 17 it
2051 3561 85 18 contains
2144 3564 25 11 no
2178 3563 69 17 opium,
2265 3556 86 21 morphia

1917 3594 21 11 or
1952 3586 117 22 antipyrino;
2088 3584 16 17 it
2121 3582 39 17 will
2175 3582 35 16 not
2226 3585 43 11 cure
2285 3583 55 16 every-

1918 3611 55 21 thing
1981 3610 36 16 but
2031 3609 16 16 it
2060 3608 16 17 is
2090 3605 82 18 effective
2186 3603 20 17 in
2219 3602 26 17 all
2258 3606 51 13 cases
2322 3601 30 16 for

1918 3633 61 18 which
1987 3632 17 17 it
2011 3632 16 17 is
2039 3627 148 21 recommended.

2059 3656 154 19 NEUROL,

1919 3682 39 17 will
1966 3682 67 17 relieve
2042 3685 55 16 every
2106 3679 50 16 form
2172 3676 20 17 of
2208 3676 94 16 headache
2318 3676 35 14 not

1920 3705 67 18 causod
1995 3705 27 21 by
2029 3703 54 18 brain
2092 3702 77 16 disease.

2060 3728 153 19 NEUROL.

1921 3766 52 12 cures
1993 3758 99 22 neuralgia
2112 3756 20 17 of
2147 3754 33 18 the
2196 3754 40 16 face
2252 3752 38 17 and
2305 3749 49 19 head

1922 3789 50 11 more
1981 3781 97 22 promptly
2086 3780 47 16 than
2142 3781 82 18 quinine.

1945 3806 34 16 LA
1984 3803 102 19 GRIPPE,
2095 3808 21 11 or
2121 3798 150 19 INFLUENZA
2276 3797 49 17 loses
2330 3797 25 15 its

1922 3831 70 15 terrors
2000 3828 15 17 if
2023 3824 107 20 NEUROL
2138 3823 16 16 is
2162 3822 57 17 taken
2228 3822 21 16 at
2256 3820 33 17 the
2303 3825 39 11 com-

1923 3852 116 17 mencement
2048 3849 20 17 of
2076 3848 33 17 the
2117 3845 70 18 attack.
2249 3864 98 9 __r_.no,

1947 3873 87 19 COLDS,
2074 3867 141 21 CATARRHS,
2249 3864 105 20 FEVERS,

1924 3893 176 21 RHEUMATISM
2123 3897 32 12 are
2180 3890 26 17 all
2227 3889 81 17 relieved
2333 3890 23 19 by

1924 3918 113 21 NEUROL.
2172 3935 28 6 _
2220 3934 5 5 .
2302 3933 41 4 ...

1949 3943 37 16 For
2006 3945 72 13 women
2097 3935 108 20 NEUROL
2220 3940 16 12 is
2254 3933 104 23 peculiarly

1926 3965 85 19 suitable,
2022 3964 15 16 it
2046 3967 52 12 cures
2107 3960 26 17 all
2145 3958 75 23 painful
2234 3962 73 17 cramps
2320 3961 38 11 anu

1926 3988 54 17 other
1987 3987 61 22 pains.

1949 4010 63 18 Even-
2032 4008 65 19 miner,
2118 4005 94 17 bushmnn
2235 4004 37 15 and
2295 4004 64 15 settler

1928 4032 66 18 should
2003 4036 72 18 possess
2083 4035 12 11 a
2102 4029 39 17 box
2150 4027 19 18 of
2177 4024 113 20 NEUROL.
2316 4024 20 17 It
2344 4024 15 16 is

1928 4062 12 11 a
1947 4055 91 19 medicine
2047 4053 52 17 chest
2107 4052 21 16 in
2135 4050 55 17 small
2199 4053 90 16 compass.
2320 4069 5 4 _

1952 4078 46 18 Sold
2005 4078 26 21 by
2039 4076 26 17 all
2074 4074 126 20 storekeepers
2212 4071 38 17 and
2266 4070 93 18 chemists,

1930 4102 19 16 2s
1958 4107 33 16 per
1998 4100 45 20 box,
2053 4104 21 12 or
2081 4099 44 21 post
2139 4096 38 17 free
2194 4095 49 16 from
2255 4092 105 19 NEUROL

1931 4124 40 19 Co.,
1981 4121 105 20 Auckland,
2096 4121 21 16 2s
2126 4118 30 17 Id,

1919 4139 3 32 I
1953 4144 105 21 Wholesale
2067 4144 49 16 from
2124 4140 129 22 Kenipthorno
2262 4139 38 16 and
2305 4139 44 15 Pros-

1932 4175 34 14 ser,
1977 4175 21 12 or
2006 4166 94 20 Sharland
2108 4164 38 18 and
2155 4164 32 17 Co.

1011 4279 102 40 Ask
1137 4277 72 42 for
1234 4271 263 45 Hancock's
1543 4262 274 48 Celebrated
1858 4255 188 44 XXXX
2071 4252 115 41 Ales
2212 4249 98 39 and
2334 4247 146 41 Stont.

1969 190 156 52 THE
2179 190 151 51 HOT
2384 188 253 53 LAKES
2689 187 400 54 DISTRICT,

2099 270 92 20 Tourists
2201 270 40 19 and
2253 270 92 19 Invalids
2354 269 85 24 visiting
2448 268 34 18 tho
2492 268 138 19 Wonderland
2640 270 21 17 of
2671 269 50 18 New
2731 267 91 19 Zealand
2831 267 40 19 will
2878 268 41 19 find
2928 270 34 18 the

2054 310 432 79 GRAND
2581 308 428 85 HOTEL,

2345 398 397 62 ROTORUA,

1872 466 79 27 rpHE
1965 468 51 17 most
2026 467 88 24 elegant,
2125 464 131 20 comfortable
2264 464 40 19 and
2314 464 45 19 best
2370 462 109 26 appointed
2489 461 154 20 establishment
2652 462 22 19 in
2692 462 52 19 New
2760 461 96 23 Zealand,
2874 461 16 19 it
2908 461 62 26 being
2985 463 75 25 replete
3076 463 115 25 tkroughou

1878 482 24 27 _L
2340 489 49 19 with
2399 489 35 18 the
2443 491 53 16 most
2509 487 83 19 modern
2605 488 149 18 conveniences.

1897 517 58 19 THE
1967 517 94 19 HOTEL
2076 517 19 19 is
2114 517 21 18 in
2154 515 35 20 the
2206 515 116 20 immediate
2337 513 169 26 neighbourhood
2525 513 20 18 of
2563 512 35 19 the
2616 513 73 22 Priest,
2709 512 83 23 Rachel,
2810 512 123 19 Postmaster
2955 514 39 18 and
3008 514 58 19 other
3081 515 66 23 baths,
3165 515 34 18 tha

1872 543 89 19 curative
1970 543 113 25 properties
2090 543 23 18 of
2123 541 66 20 whiek
2204 547 34 13 are
2253 540 149 20 world-famed.
2431 539 54 18 Bath
2495 539 66 18 chairs
2572 538 40 19 and
2622 538 117 19 attendants
2749 544 35 11 are
2793 538 95 24 provided
2899 542 19 15 to
2930 545 75 18 convey
3020 540 85 19 invalids
3121 543 20 16 to
3159 540 41 19 and

1872 569 53 19 from
1934 569 34 18 the
1978 569 82 18 various
2070 568 142 19 bath-bouses.
2239 566 43 19 The
2292 566 107 19 bedrooms
2409 565 41 19 and
2468 564 86 24 retiring
2575 571 68 12 rooms
2662 570 35 12 are
2714 563 59 20 fitted
2791 563 48 18 with
2867 565 73 23 special
2952 566 73 24 regard
3038 568 21 16 to
3071 566 35 19 the
3121 566 79 25 require

1873 598 65 15 ments
1947 594 22 19 of
1978 597 70 22 guests
2057 594 22 18 in
2086 593 72 19 search
2168 593 21 18 of
2198 592 92 19 renewed
2299 592 100 24 strength.

1900 620 42 19 The
1954 620 63 19 Baths
2027 622 22 17 at
2058 619 35 18 the
2102 618 129 20 Sanatorium
2241 618 52 18 have
2304 616 99 20 attracted
2412 622 61 18 many
2482 615 81 19 visitors
2582 616 21 18 of
2622 615 42 19 late
2683 621 71 18 years;
2780 617 93 22 amongst
2888 615 56 20 those
2957 616 43 19 who
3007 616 52 19 have
3071 616 62 19 found
3144 617 57 18 relief

1874 646 33 19 bei
1916 646 34 18 the
1959 646 146 21 convalescent,
2116 650 92 17 nervous,
2219 643 118 22 rheumatic,
2348 642 41 19 and
2399 641 100 26 sleepless.

1900 671 92 19 Rotorua
2001 672 17 17 is
2028 671 35 18 the
2081 673 67 16 centre
2166 670 53 18 from
2236 668 65 19 which
2321 668 28 18 all
2369 668 68 25 points
2446 667 21 19 of
2477 667 83 18 interest
2570 667 21 18 in
2608 667 35 18 the
2652 665 95 19 Thermal
2757 665 84 26 Springs
2857 666 82 20 District
2955 674 46 18 may
3015 668 26 19 be
3055 668 91 23 reached,
3163 668 40 19 and

1875 697 74 25 special
1958 697 95 18 facilities
2064 702 33 13 are
2106 695 98 26 provided
2213 695 32 18 for
2252 695 57 17 those
2317 693 22 19 in
2347 693 71 19 search
2427 693 21 19 of
2456 693 34 18 the
2500 692 101 19 beautiful
2613 692 40 19 and
2667 691 127 20 marvellous.

1968 727 182 18 MAGNIFICENT
2163 724 176 19 APARTMENTS.
2467 724 84 16 LOFTY
2564 723 145 17 BEDROOMS.
2826 723 113 19 PERFECT
2954 724 159 18 SANITATION.

2020 752 26 18 In
2056 750 56 19 short
2121 756 14 12 a
2144 754 125 14 iihst-class
2282 748 172 18 Establishment
2464 747 85 24 offering
2558 747 61 24 equal
2627 747 95 18 comforts
2732 748 21 16 to
2761 745 35 19 the
2805 745 45 19 best
2864 747 63 19 hotels
2937 748 20 18 in
2966 747 86 25 Europe.

2116 801 88 23 Suites
2220 800 28 23 of
2259 799 170 30 Apartments
2437 797 67 23 with
2514 798 98 29 special
2624 797 156 24 attendance
2795 797 38 23 for
2848 797 127 24 Families-

1878 837 97 25 Spacious
1986 835 128 20 Promenade
2124 834 112 22 Balconies,
2246 834 58 24 Snug
2316 833 91 22 Alcoves,
2419 832 39 19 and
2474 832 126 24 luxuriously
2616 832 109 24 appointed
2735 831 103 25 Drawing,
2857 831 70 24 Music,
2942 832 148 24 Conversation,
3107 832 97 25 Reading,

2331 858 100 24 Smoking
2439 858 40 18 and
2490 858 85 18 Billiard
2584 858 82 18 Rooms.
2694 857 70 19 Baths.

2118 897 36 22 $3-
2170 893 116 20 SPECIAL
2299 891 161 21 ATTENTION
2474 891 67 19 PAID
2551 891 36 19 TO
2601 891 119 19 CUISINE
2733 891 60 18 AND
2806 890 122 20 SERVICE.
2942 893 36 22 43

1906 929 35 20 All
1950 928 180 20 communications
2142 926 27 24 by
2179 925 59 19 letter
2248 931 21 12 or
2281 924 98 23 telegram
2389 923 42 19 will
2440 923 76 19 receive
2525 926 80 22 prompt
2615 923 105 19 attention.

1938 980 78 43 W.
2043 980 58 43 A.
2128 976 311 49 BOULTON,
2735 959 51 49 ~-
2905 973 245 56 Manager.

2354 1033 60 24 (Late
2423 1034 21 17 of
2452 1032 114 19 Grosvenor
2574 1030 69 24 Hotel,
2654 1031 98 25 Sydney.)

2155 1099 180 36 ROTO
2344 1098 145 34 RUM

1885 1148 150 47 COAL
2057 1145 124 47 AND
2205 1141 320 49 FIREWOOD
2560 1139 206 46 DEPOT.

1885 1237 185 66 MESSRS
2088 1237 33 28 F.
2140 1233 197 29 GOODSON
2358 1232 29 26 &
2408 1232 33 26 C.
2462 1228 229 29 GRIFFITHS
2709 1228 61 31 beg

1977 1272 33 25 to
2022 1270 106 32 notify
2140 1268 54 26 the
2208 1266 172 26 Residents
2394 1264 34 27 of
2440 1264 142 26 Rotorua
2601 1262 72 25 that
2692 1261 78 31 they

1886 1312 53 19 are
1946 1310 74 20 now
2032 1301 156 35 prepared
2196 1301 31 24 to
2238 1299 121 26 deliver
2368 1301 32 23 to
2410 1303 64 26 any
2482 1297 72 32 part
2568 1294 34 26 of
2610 1295 55 25 the
2674 1294 96 25 Town

1967 1346 104 32 THE
2097 1342 125 34 BEST
2246 1338 287 35 HOUSEHOLD
2555 1336 127 36 COAL,

2266 1381 129 23 HLSO

1919 1421 156 33 RATA
2097 1418 114 33 AND
2234 1416 168 33 TAWA
2426 1411 313 35 FIB.EWOOD,

1888 1464 43 25 At
1944 1463 54 25 the
2016 1459 173 29 LOWEST
2203 1456 200 28 CURRENT
2413 1453 135 28 RATES
2563 1456 32 23 at
2607 1452 54 26 the
2671 1451 85 26 short-

2245 1491 48 24 est
2311 1489 113 26 notice.

1913 1552 83 22 Goods
2015 1548 135 26 delivered
2164 1547 67 24 with
2251 1547 163 29 promptness
2431 1546 26 21 to
2480 1543 36 23 all
2531 1543 72 28 parts
2617 1541 28 23 of
2659 1541 45 23 the
2719 1539 42 23 Dis-

1886 1578 63 24 trict
1959 1578 68 22 after
2034 1575 98 25 arrival
2142 1574 28 24 of
2175 1574 92 23 trains-

2085 1609 91 23 Orders
2196 1614 61 23 may
2272 1607 32 23 he
2321 1606 50 23 left
2386 1606 27 22 at
2426 1604 45 23 the
2487 1602 91 27 Yards,

1973 1642 389 38 PUKUKTUR
2400 1637 294 37 STREET.

2792 1102 234 46 KUSABS
3059 1103 150 46 BROS

2895 1159 214 33 MAMAKU

2791 1196 73 41 SAW
2879 1197 24 40 &
2928 1197 150 41 PLANING
3099 1197 115 41 MILLS.

2796 1325 131 20 GENUINE
2941 1326 58 18 DRY
3015 1325 78 20 LAND
3109 1325 109 19 TIMBER

2897 1356 29 17 IN
2938 1356 52 17 THE
3003 1355 113 17 MARKET.

2796 1401 26 29 \
2828 1401 93 29 JESSRS
2939 1401 99 17 KUSABS
3055 1401 69 17 BROS,
3138 1400 36 22 beg
3192 1406 18 12 ro-

2802 1420 20 24 jt
2829 1419 8 25 I
2870 1423 99 25 Bpectfully
2973 1425 22 18 to
3002 1423 71 18 inform
3079 1423 33 19 the
3125 1423 64 18 Public
3203 1424 16 17 of

2797 1448 75 15 hotorua
2881 1448 32 15 and
2923 1447 71 20 vicinity
3004 1447 38 16 that
3051 1448 40 19 they
3105 1446 42 16 have
3163 1449 47 13 estab-

2796 1468 53 17 lished
2858 1475 9 9 ii
2877 1469 42 19 yard
2927 1469 17 15 in
2958 1468 124 19 Hiticmoa-st.,
3090 1468 33 15 nnj
3139 1472 29 11 can
3182 1473 37 10 now

2796 1491 60 19 supply
2865 1490 29 15 the
2902 1490 50 15 finest
2960 1490 43 14 class
3017 1490 18 14 of
3049 1488 81 21 Building
3142 1488 77 16 Material

2797 1511 15 15 in
2822 1512 28 14 the
2859 1510 73 16 Market.
2947 1510 18 16 It
2973 1510 14 15 is
2994 1510 100 20 unequalled
3103 1510 17 15 in
3128 1510 91 20 durability

2797 1533 33 14 and
2839 1532 102 20 impervious
2949 1534 17 13 to
2976 1533 28 14 the
3013 1532 65 15 attacks
3093 1531 19 15 of
3125 1531 47 15 borer
3187 1531 32 14 and

2797 1553 30 20 dry
2839 1556 32 14 rot.
2893 1553 52 15 Their
2953 1552 81 16 sawmills
3043 1557 28 11 f.re
3079 1552 47 15 fitted
3137 1552 40 15 with
3192 1551 27 17 the

2798 1578 43 12 most
2849 1574 68 16 modem
2926 1574 97 20 appliances
3032 1573 33 16 and
3074 1573 28 16 the
3111 1573 36 16 firm
3160 1573 13 15 is
3184 1573 35 14 able

2798 1600 16 10 to
2831 1596 59 19 supply
2907 1601 33 15 any
2956 1596 80 19 quantity
3052 1594 17 16 of
3084 1594 37 21 Dry
3139 1594 80 19 Building

2798 1617 79 14 Materia!
2885 1622 21 9 on
2915 1617 29 14 the
2952 1619 73 12 shortest
3033 1616 60 15 notice.

2816 1667 121 29 kirtings,
2945 1667 175 26 Architraves,
3125 1667 81 22 Mould-

2833 1702 67 29 ings,
2911 1701 51 23 and
2971 1701 110 23 Dressed
3091 1701 99 22 Timber

2864 1741 28 22 of
2900 1747 79 23 every
2993 1740 163 29 description,
3167 1741 5 24 ',

2890 1783 107 28 Always
3008 1790 33 15 on
3050 1781 83 23 Hand.

2825 1817 117 23 HENATJ
2953 1816 106 23 HOUSE
3069 1815 126 23 BLOCKS.

2822 1864 48 16 Prico
2878 1864 47 16 Lists
2932 1870 21 10 on
2962 1863 55 22 applic
3031 1863 33 16 tion
3074 1865 18 13 to

2816 1898 206 33 £USABS
3057 1896 170 33 BBOS?

2874 1948 115 18 MAMAKU
3001 1952 27 12 ok
3039 1946 112 18 OHAUPO.

2927 1985 26 17 Or
2961 1987 21 15 at
2989 1985 32 17 the
3033 1983 67 21 Yards,

2824 2020 122 19 HTNEMOA
2959 2020 100 21 STREET,
3078 2018 125 19 BOTORTJA.

2814 2088 150 43 ,!OTORUA
2986 2086 91 42 BOOT
3097 2086 25 41 &
3139 2085 88 41 SHOE

2953 2145 124 42 DEPOT.

2860 2251 44 52 J.
2927 2248 243 54 LARKIN.

2814 2528 11 18 A.
2843 2526 66 26 Large
2929 2527 59 19 Stock
3007 2526 21 19 of
3045 2525 92 22 German,
3153 2521 77 21 French

2874 2553 40 19 and
2923 2552 90 21 Colonial
3023 2552 61 18 Boots
3094 2550 73 24 always

2967 2579 21 19 in
3005 2577 66 20 Stock.

2814 2625 60 19 BEST
2883 2623 150 21 MATERIAL.
3068 2621 67 20 BEST
3143 2620 85 20 WORK

2886 2669 155 21 AUCKLAND
3051 2666 104 21 TRICES.

2814 2754 156 23 Hand-sewn
2981 2751 77 23 Boots
3067 2756 15 16 a
3096 2749 136 29 Specialty.

2814 2839 31 19 TO
2860 2837 56 20 THE
2931 2834 103 22 PUBLIC
3048 2834 34 19 OF
3099 2832 136 20 ROTORUA.

2816 2942 23 43 I
2853 2942 54 19 BEG
2918 2944 20 15 to
2948 2938 63 20 thank
3020 2938 35 18 the
3067 2936 72 20 Public
3149 2936 21 19 of
3177 2935 49 19 Roto-

2867 2974 39 12 rua
2924 2968 32 17 for
2969 2964 52 20 their
3028 2964 81 18 favours
3121 2963 74 24 during
3206 2961 33 19 the

2815 2997 45 22 past
2870 2994 68 18 iifteen
2948 2997 62 20 years,
3022 2989 40 19 and
3076 2992 20 15 to
3113 2988 64 24 notify
3196 2987 44 19 that

2819 3046 47 19 New
2877 3043 112 24 Township,
3003 3041 39 19 and
3052 3046 32 19 my
3096 3039 57 19 trade
3170 3045 59 19 gener-

2817 3071 47 25 ally,
2874 3071 11 19 I
2895 3071 51 18 have
2956 3068 52 19 built

2845 3126 50 19 New
2904 3125 102 19 Premises
3014 3128 21 13 in
3042 3121 83 20 Fenton
3132 3119 83 24 Street,

2821 3184 63 20 which
2895 3190 33 12 aie
2937 3189 45 12 now
2993 3187 51 19 open
3052 3180 31 18 for
3092 3178 96 23 business,
3205 3177 39 19 and

2821 3211 53 19 lam
2892 3207 97 27 prepared
3011 3210 20 15 to
3044 3204 72 27 supply

2960 3258 69 20 Prime
3048 3257 62 19 Meat

2823 3319 20 18 in
2854 3317 49 18 both
2914 3316 50 19 New
2975 3314 40 19 and
3025 3312 38 21 Old
3072 3311 123 25 Townships.

2856 3424 42 23 An
2911 3421 150 31 Inspection
3075 3420 22 22 is
3111 3418 106 23 invited.

3031 3465 100 20 HENRY
3144 3464 80 19 KIRK.

3041 3566 35 40 M.
3111 3565 116 45 SIMON,

3020 3618 59 24 (Late
3086 3617 22 18 of
3116 3617 133 22 Melbourne.)

3029 3667 112 16 Practical
3160 3665 79 17 Tailor.

3019 3737 102 24 Clothes
3134 3737 73 22 made
3225 3738 25 20 to

3045 3763 73 23 order
3135 3769 32 15 on
3182 3761 44 23 the

3071 3788 131 23 shortest

3089 3813 90 23 notice.

3031 3908 55 25 Style
3095 3906 39 20 and
3143 3906 34 19 Fit
3186 3906 35 18 not
3231 3907 19 17 to

3022 3937 22 17 be
3054 3932 92 28 equalled
3162 3937 19 12 in
3198 3933 52 17 femn

3020 3972 107 17 Addrkss:
3144 3966 106 19 ArawaSt.

3089 3994 97 18 Rotoruu.

2925 4093 136 23 PRINTING
3082 4092 20 18 of
3125 4097 59 17 every
3207 4090 34 19 des-

2891 4123 85 24 cription
2986 4118 94 22 executed
3094 4116 47 19 with
3160 4119 92 16 neatness

1912 1792 120 19 AGENTS
2046 1791 61 19 FOR
2116 1789 61 19 THE
2186 1788 52 19 N.Z.
2249 1786 138 20 EXPRESS
2401 1785 38 18 Co.

1890 1861 264 51 Auckland
2175 1858 97 47 and
2293 1856 236 47 Waikato
2556 1853 218 56 Agency.

2133 1924 85 21 NEAR
2236 1922 151 20 CATHOLIC
2402 1919 132 20 CHURCH.

2220 1953 233 36 ROTOHUA.

2222 2027 62 27 ON
2315 2025 143 28 SALE:

2184 2070 33 20 At
2229 2068 94 21 Lowest
2333 2067 61 19 Cash
2405 2065 83 19 Prices.

1891 2105 99 24 FRUIT,

2008 2133 207 23 VEGETABLES.

2150 2163 175 21 GROCERIES,

2266 2192 161 22 CLOTHING,

2408 2220 150 23 DRAPERY,

2557 2251 105 20 FANCY
2675 2249 105 20 GOODS.

2060 2288 259 32 HOUSEHOLD
2356 2284 258 28 FURNITURE.

2172 2437 204 26 COMMISSION
2390 2434 119 26 AGENT.

2322 2512 48 54 Y
2455 2509 282 61 HOTEL,

1998 2581 166 41 QUEEN
2191 2576 205 37 STREET,
2413 2571 275 35 AUCKLAND.

2126 2620 107 19 UNDER
2246 2618 74 20 NEW
2334 2613 224 23 MANAGEMENT.

2116 2647 455 66 JOSEPjOTeRJE,

2027 2733 60 21 fLate
2098 2733 21 19 of
2128 2732 35 19 the
2173 2730 56 19 Lake
2239 2729 72 19 House
2325 2727 41 20 and
2380 2726 73 19 Palace
2464 2725 78 20 Hotels,
2554 2723 108 24 Rotorua,)

2148 2762 49 19 Has
2203 2761 50 23 just
2262 2760 73 18 taken
2346 2763 56 14 over
2410 2756 47 19 this
2467 2754 75 20 Hotel.
2697 2773 93 12 «.•-«,•+«

1902 2789 128 19 Travellers
2039 2788 47 19 will
2094 2786 49 19 find
2152 2790 69 18 every
2229 2783 97 19 Modern
2337 2782 160 18 Convenience
2506 2777 121 19 combined
2632 2776 58 18 with
2697 2776 93 21 Civility

2206 2807 46 19 and
2258 2807 97 22 Prompt
2362 2803 123 20 attention.

1929 2859 43 18 The
1984 2857 98 19 situation
2091 2855 23 19 of
2128 2854 35 19 the
2178 2853 124 19 Wayerley
2321 2850 83 19 renders
2424 2848 15 19 it
2458 2845 95 27 specially
2572 2844 120 20 convenient
2709 2843 33 19 for
2756 2841 35 19 the

1903 2883 119 25 Travelling
2032 2881 73 22 Public
2116 2880 41 19 and
2174 2879 87 20 Visitors
2278 2881 20 15 to
2314 2876 35 19 the
2366 2875 47 24 City
2428 2874 53 19 from
2496 2872 34 19 the
2545 2871 90 24 Country
2653 2870 27 25 by
2700 2874 53 14 train
2770 2874 21 12 or

1907 2935 103 31 Special
2020 2932 207 30 Arrangements
2236 2929 75 25 made
2321 2928 40 23 for
2371 2926 46 24 the
2432 2923 177 25 convenience
2622 2922 28 23 of
2662 2919 129 25 Families.

2098 2968 200 20 NIGHT
2344 2962 261 20 PORTER.

1909 3015 176 28 First-class
2101 3011 116 27 Billiard
2389 3006 101 25 Wines
2503 3004 60 25 and
2579 3003 109 31 Spirits
2702 3000 32 26 of
2740 2999 51 25 the

1987 3050 70 25 best
2072 3045 126 28 Brands.
2243 3040 170 27 Hancock's
2435 3039 83 25 Prize
2531 3036 103 26 XXXX
2649 3036 69 24 Ales

2182 3076 111 30 always
2312 3081 38 18 on
2377 3071 141 31 draught.

2370 3140 216 44 Rotorua
2626 3135 169 44 Tours.

2378 3233 8 19 I
2433 3243 20 17 tv,
2456 3248 9 11 a
2467 3244 8 15 t
2484 3248 9 6 ..
2507 3241 76 18 regular
2594 3240 51 22 daily
2658 3239 57 17 coach
2732 3237 68 17 servics

2369 3268 84 17 between
2462 3265 90 17 Okoroire
2561 3264 37 17 and
2608 3264 85 17 Rotorua
2707 3261 38 17 and
2761 3260 39 16 vice

2369 3296 53 12 versa
2430 3290 16 16 is
2454 3294 42 11 now
2505 3287 89 22 running.

2393 3313 39 17 The
2441 3311 114 22 advantages
2561 3316 10 11 o
2587 3309 37 18 this
2630 3309 54 17 route
2689 3313 30 11 are
2725 3311 63 12 numer-

2371 3342 38 14 ous,
2420 3341 11 12 a
2440 3334 101 18 somewhat
2554 3333 73 17 tedious
2635 3332 78 21 railway
2721 3329 80 24 Journey

2370 3360 15 16 is
2394 3358 76 19 broken,
2481 3356 36 18 and
2526 3356 32 17 the
2574 3358 54 15 route
2644 3356 91 16 traverses
2752 3357 50 11 soma

2371 3382 20 18 of
2409 3382 32 16 the
2457 3380 84 18 loveliest
2557 3379 53 17 Bush
2627 3378 80 20 Scenery
2722 3376 21 17 in
2756 3375 46 16 New

2371 3403 88 19 Zealand.

2410 3433 105 22 FARES,
2530 3433 41 18 10s
2581 3431 82 19 EACH
2676 3429 83 19 WAY.

2372 3462 91 25 Special
2479 3462 165 21 Conveyances
2661 3464 44 12 can
2724 3457 30 18 be
2769 3461 23 14 ar-

2517 3483 87 23 ranged
2613 3483 42 18 for.

2373 3529 210 23 Leave—Okoroire
2592 3529 36 18 for
2641 3528 104 18 Rotorua
2759 3524 45 19 and

2442 3553 219 19 Whakarewarewa
2690 3549 62 23 daily
2780 3549 24 17 at

2445 3578 29 18 10
2482 3581 52 14 a.m.

2374 3600 204 21 Leave—Rotorua
2586 3597 46 18 and
2641 3596 150 19 'Whakarewa-

2443 3628 62 14 rewa
2521 3622 35 18 for
2569 3620 117 22 Okoroire,
2703 3618 61 22 daily
2781 3617 24 18 at

2446 3647 29 18 10
2483 3650 51 14 a.m.

2398 3671 31 18 All
2449 3674 109 18 passengers
2579 3673 31 11 are
2626 3665 77 18 advised
2722 3666 21 15 to
2758 3664 47 16 avail

2374 3694 112 18 themselves
2494 3692 20 17 of
2522 3691 37 17 this
2576 3690 61 18 Route
2652 3695 20 11 as
2688 3687 89 18 Okoroire
2791 3686 15 17 is

2375 3723 35 12 one
2425 3716 20 17 of
2456 3716 32 16 the
2497 3715 50 17 show
2556 3713 62 23 places
2635 3713 21 16 of
2672 3711 31 18 the
2720 3708 86 20 Thermal

2376 3739 84 19 District,
2482 3737 37 18 and
2533 3742 24 11 no
2573 3736 45 17 visit
2632 3736 20 16 to
2668 3735 32 16 the
2715 3733 60 17 Lakes
2792 3732 14 16 is

2376 3762 92 22 complete
2477 3760 78 17 without
2562 3759 24 16 its
2591 3758 98 17 inclusion.

2400 3783 73 24 Special
2481 3782 93 18 attention
2585 3781 16 17 is
2615 3780 59 17 called
2687 3781 20 15 to
2720 3779 33 16 the
2769 3778 37 17 fact

2376 3809 44 17 that
2428 3814 11 10 a
2447 3806 56 18 coach
2511 3805 62 17 leaves
2585 3804 85 16 Rotorua
2679 3802 38 17 and
2726 3801 67 17 Whaka-

2377 3835 99 14 rewarewa
2484 3834 24 11 on
2517 3827 77 22 Sunday
2602 3828 21 15 at
2633 3827 20 15 10
2662 3831 44 11 a.m.

2510 3871 163 18 KGENTS:

2378 3902 72 18 THOS.
2463 3899 68 19 COOK
2548 3899 16 16 &
2582 3897 55 21 SON,
2655 3895 99 19 Auckland
2771 3894 35 17 and

2547 3922 90 16 Rotorua.

2414 3985 162 27 MONEY
2599 3986 56 23 TO
2681 3984 117 24 LEND

2594 4017 21 10 AT

2459 4035 146 17 LOWEST
2630 4033 125 17 RATES.

2411 4097 122 21 GOVERNMENT
2550 4096 102 20 INSURANCE
2672 4094 128 21 DEPARTMENT.

2548 4143 15 14 J.
2571 4143 20 15 H.
2599 4143 137 14 IiICHARDSOX.
