3288 4253
209 55 428 252 Hot
779 55 713 252 Lakes
1634 55 1425 252 Chronicle.

349 369 250 47 A-IsTID
657 371 589 51 TOTTIR/ISTS
1257 376 17 19 7
1342 351 138 59 i^fT«u
1505 398 8 9 •
2518 384 114 38 aT
2652 407 7 15 .

973 562 376 65 Circulating
1418 564 374 64 throughout
1863 566 147 50 New
2077 567 266 50 Zealand,

100 653 78 26 VOL.
193 654 13 23 3
220 651 51 26 NO
283 652 43 23 151

1128 658 194 32 ROTORUA,
1343 658 77 32 N.Z.,
1441 659 233 26 WEDNESDAY
1699 660 184 27 OCTOBER
1895 663 42 27 23,
1965 663 58 22 1895

2746 664 23 25 P
2774 665 24 25 R
2802 665 151 30 ICE—TH
2958 670 203 27 KEEPENCE

87 743 25 26 BY
125 743 84 24 BPECIAL
235 736 73 48 |gg
320 741 148 25 APPOINTMENT

116 791 58 27 ASK
200 791 143 25 GROCERS
368 790 55 26 FOR

169 958 154 62 MOATE
338 958 38 61 &
393 957 85 62 Go's

73 1077 7 7 ,
116 1057 159 27 CEYLON

118 1092 131 26 INDIAN
281 1075 195 50 &Tfk%

116 1128 181 25 BLENDED
335 1117 13 20 B

193 1167 150 19 AWARDED

92 1194 68 25 GOLD
170 1195 55 23 AND
237 1194 94 24 SILVER
342 1193 108 24 MEDALS

107 1235 57 26 Why
178 1236 45 25 buy
237 1235 95 20 Inferior
346 1235 55 19 Teas
414 1235 64 20 when

62 1268 42 21 you
117 1268 41 14 can
172 1263 35 25 get
221 1262 24 20 N.
262 1261 26 20 M.
304 1261 17 19 &
337 1261 53 20 Co.'s
404 1261 24 20 at
441 1261 37 20 the

62 1294 58 16 lama
134 1289 64 26 price.
230 1287 35 21 All
279 1287 76 21 others
374 1293 37 14 are
426 1287 52 25 only

62 1315 70 27 Idpies
149 1315 23 20 in
191 1320 70 18 name,
275 1314 45 20 and
341 1319 38 15 are
393 1313 85 26 pushed

62 1342 34 21 for
108 1342 62 21 extra
183 1341 72 26 profit.

108 1376 13 13 A
130 1375 43 17 proof
183 1375 16 13 of
210 1375 26 13 the
248 1374 91 16 superiority
350 1373 17 13 of
374 1373 19 13 N.
405 1373 21 13 M.
435 1374 12 12 &

92 1392 38 14 Co.'u
140 1392 37 13 Tens
183 1392 13 12 is
205 1392 26 12 the
241 1392 30 12 fact
281 1391 33 13 that
322 1390 75 15 although
403 1390 43 13 there

90 1412 26 10 *re
125 1408 75 13 hundreds
212 1408 16 13 of
238 1407 53 17 packet
301 1407 31 12 teas
343 1410 19 9 on
374 1406 26 13 the
409 1410 28 9 mar-

91 1425 31 15 ket,
139 1425 18 13 N,
169 1425 22 12 M.
203 1424 12 13 A
229 1424 39 13 Co.'s
283 1423 37 13 Teas
335 1426 25 9 are
376 1423 16 12 in
409 1423 38 12 6uch

92 1440 62 14 demand
163 1440 33 14 that
209 1440 36 16 they
256 1439 28 14 sell
296 1439 52 16 nearly
359 1439 88 13 one-fourth

91 1458 16 13 Of
122 1457 26 13 the
165 1457 47 13 whole
230 1456 15 14 of
262 1456 27 13 the
305 1457 25 11 tea
347 1455 85 14 consumed.

62 1477 98 26 SOLD
196 1475 278 26 EVERYWHERF

184 1635 61 18 TIME
271 1634 82 17 TABLE,

61 1655 78 18 Weather
145 1656 32 17 and
184 1658 47 17 ether
238 1658 127 17 ciroumstanccs
373 1656 108 23 permitting,

102 1698 72 18 Steamer
226 1698 3 23 |
285 1699 45 18 Date
337 1700 19 16 of
370 1699 70 21 Sailing.

60 1738 77 18 LEAVE
142 1739 133 17 AUCKLAND
285 1739 47 18 FOR
341 1739 135 17 TAIJRANGA

139 2010 51 27 Do
203 2011 62 26 not
278 2009 124 33 Forget

165 2067 211 41 CRAIG'S

94 2133 123 28 CURIOSITY
238 2133 58 26 SHOP
314 2133 15 26 ti
346 2131 103 32 MUSEUM,

113 2185 122 27 Opposite
245 2185 86 22 Grand
341 2185 88 26 Hotel,

92 2231 120 26 PRINCES
223 2232 55 29 ST.,
290 2232 161 26 AUCKLAND.

110 2369 164 23 ITZROY
301 2373 154 20 HOTEL.

171 2401 92 24 Wakefield
273 2403 31 26 St.,
315 2403 91 23 Auckland,

108 2436 134 36 Newman
290 2441 28 30 M
325 2450 85 21 eider

57 2881 82 19 §|Tla,Ting
149 2881 48 15 taken
207 2879 27 15 the
248 2879 50 15 above
308 2878 109 17 well-known
427 2876 46 15 Hote

57 2900 33 16 will
100 2901 18 15 be
129 2901 36 19 glad
175 2901 16 15 to
201 2903 25 12 see
236 2898 33 16 and
278 2898 76 16 welcome
364 2898 22 14 all
407 2896 24 16 his
452 2895 27 15 old

228 2918 66 16 friends.

141 2947 50 16 ONLY
202 2946 37 17 THE
248 2945 50 17 BEnT
307 2943 80 19 BRANDS

113 2974 16 15 of
136 2973 52 16 Wines
194 2973 31 15 and
232 2972 61 20 Spirits
300 2972 41 20 kept
348 2971 17 16 in
372 2971 50 15 Stock

99 3001 106 17 SPARKLING
214 3001 54 17 XXXX
276 3001 38 16 ALE
322 3004 20 13 on
356 2999 77 21 draught.

58 3027 50 20 Every
115 3029 102 15 convenience
228 3027 85 17 combined
323 3027 41 16 with
370 3025 63 20 civility
443 3025 33 16 and

76 3048 66 16 oomfort
148 3049 25 15 for
179 3049 68 19 country
259 3047 64 16 visitors
330 3046 32 16 and
369 3045 87 17 Boarders.

145 3363 236 21 TELEGRA.PII

59 3387 117 49 pJOYAL
225 3390 105 47 jyj-AIL
378 3391 24 48 J
423 3391 52 19 INE

225 3443 78 18 —op—
398 3424 22 15 u

111 3475 296 43 COACHES

58 3531 64 20 Leave
136 3532 33 19 tbo
182 3533 91 26 Booking
291 3533 67 24 Office,
377 3533 98 25 Itotorua,

108 3558 30 19 for
261 3566 57 19 every
333 3559 90 27 Monday

196 3586 37 19 and
252 3586 78 26 Friday.

61 3609 91 25 Buggies,
167 3610 90 26 Coaches,
269 3612 35 20 and
316 3613 72 19 Saddle
399 3613 76 20 Horses

104 3642 23 13 on
138 3636 40 19 biro
188 3639 20 17 at
217 3638 34 20 tlie
261 3638 87 20 shortest
356 3639 72 20 notice.

161 3688 71 17 TERMS
242 3690 132 19 MODERATE.

87 3735 108 26 Telegrams
210 3739 113 26 punctually
337 3740 94 21 attended
446 3742 29 19 to.

87 3787 32 20 No
134 3789 72 25 parcels
220 3791 58 19 taken
292 3792 66 20 unless
386 3794 89 26 prepaid.

138 3840 97 21 EDWIN
249 3843 171 26 ROBERTSON,

329 3872 118 26 Proprietor.

132 3942 143 21 INSURE
301 3945 101 23 WITH

64 3971 46 15 'J'HE
123 3971 74 16 SOUTH
209 3972 91 17 BRITISH
310 3974 50 17 FIRE
374 3977 12 16 &
400 3979 74 17 MARIN

134 3999 42 16 Cot.
185 3999 27 16 OF
223 3999 52 16 NEW
285 4001 106 19 ZEALAND.

56 4025 73 15 Camtal
382 4031 93 21 -£1,900,000

113 4048 90 16 Unlimited
211 4048 64 21 libality
279 4050 17 14 of
301 4050 115 21 Shareholders.

55 4073 52 19 Being
114 4077 9 11 a
130 4072 73 16 Colonial
209 4073 97 15 Institution
310 4074 57 17 Profits
372 4082 26 10 are
404 4078 71 17 invested

233 4092 65 21 locally.

57 4120 47 15 Head
118 4120 54 19 Office,
393 4126 81 16 /'nckland

63 4145 47 17 Local
124 4146 56 20 Agont
348 4148 16 17 J,
370 4149 27 17 W.
404 4149 71 24 Wrrglcy

505 2231 64 19 Under
584 2231 28 19 the
623 2232 138 24 distinguished
768 2233 111 24 Patronage
886 2236 21 22 of
916 2233 39 20 His
966 2234 114 24 Excellency
1094 2235 56 20 Lord
1162 2236 37 19 Car
1200 2236 43 25 ring
1245 2239 37 22 ton,
1294 2236 93 21 Governor

581 2258 24 25 of
611 2258 48 20 New
669 2259 62 19 South
743 2259 72 26 Wales,
821 2261 40 18 and
870 2261 55 18 Lord
936 2262 82 23 Onslow,
1030 2261 98 20 Governor
1138 2263 25 25 of
1165 2264 48 18 JSew
1221 2264 87 19 Zealand

501 2329 327 69 STHR
920 2331 465 74 HOTEL,

679 2405 543 51 TAURANGA.

674 2493 106 30 star
826 2494 21 24 is
866 2495 165 31 pronounced
1044 2495 33 32 by
1090 2496 33 24 it&
1138 2497 109 24 Patrons
1260 2505 26 16 to
1342 2497 45 24 tlie

585 2526 55 25 best
652 2526 68 25 built
728 2527 51 24 and
786 2527 58 24 best
854 2528 138 24 furnished
1004 2529 80 24 Hotel
1096 2530 28 23 in
1132 2530 45 24 tlie
1190 2531 87 23 North
1290 2531 96 24 Island.

533 2570 138 28 Private
685 2570 113 28 Suites
811 2572 27 24 of
849 2573 169 31 Apartments
1028 2573 39 24 for
1080 2573 129 26 families.

668 2610 138 33 Sample
816 2610 126 28 Hooms
952 2612 40 24 for
1006 2613 168 25 Commercial
1188 2614 165 25 Gentlemen-

682 2650 147 31 Telegrams
842 2650 99 25 receive
954 2653 104 30 prompt
1066 2653 136 24 attention.

535 2692 111 24 Coaclics
663 2692 73 25 leave
749 2693 44 23 the
807 2693 80 24 Hotel
894 2693 42 24 for
947 2694 44 23 thi
1006 2692 83 26 Lakes
1101 2702 33 16 on
1153 2695 97 24 arrival
1269 2695 27 24 of
1317 2695 35 24 all

574 2727 131 23 steamers.
741 2726 103 32 Special
856 2726 115 32 Buggies
983 2728 51 23 and
1047 2728 92 24 Saddle
1151 2729 95 23 Horses
1260 2737 45 16 can

665 2759 32 24 be
706 2758 121 26 obtained
839 2759 40 24 for
892 2760 36 23 all
939 2761 70 30 parts
1022 2761 27 23 of
1061 2761 44 24 the
1116 2763 118 31 country.

538 2797 142 25 First-class
700 2798 98 32 Saiiing
816 2799 51 23 and
886 2798 110 33 Eowing
1016 2801 77 23 Boats
1111 2800 40 24 for
1169 2801 121 25 Pleasure
1302 2801 50 24 and

823 2832 110 32 Pishing
946 2833 105 25 Parties.

531 2873 54 26 The
598 2873 137 25 Saltwater
749 2874 114 32 Bathing
874 2874 118 25 Pavilion
1004 2875 21 24 is
1037 2876 93 24 within
1142 2876 74 25 three
1229 2876 120 25 minutes'

797 2907 68 25 walk
878 2907 28 25 of
915 2908 44 24 the

498 2975 126 47 InZC.

743 3050 408 31 PROPRISTOR.

495 3154 178 66 THE
716 3151 305 69 GRAND
1077 3151 302 69 HOTEL.

600 3318 339 33 PKINOES
977 3319 302 33 STBBET,

721 3375 434 30 .A-UOIECLj^j^ID.

528 3460 148 27 First-class
685 3461 94 32 family
792 3462 88 24 Hotel.
922 3460 130 25 Situation
1070 3460 173 32 unsurpassed
1290 3460 74 24 Patro-

493 3499 74 25 nised
579 3499 35 33 by
626 3499 70 25 their
709 3499 181 24 Excellencies
905 3499 45 24 the
969 3499 132 24 Governor
1114 3497 52 24 and
1177 3497 126 25 Admiral.

921 3554 11 13 o

605 3586 147 31 Telegrams
776 3585 51 24 and
850 3586 90 24 letters
949 3584 131 33 promptly
1093 3584 121 24 attended
1227 3585 34 23 to.

566 3669 90 38 MRS
684 3667 273 47 GALLAGHER,
989 3667 283 51 Proprietress.

518 3785 68 47 W.
613 3784 288 53 THOMAS,

519 3848 254 21 MONUMENTAL.
783 3847 118 22 MASON

541 3890 137 20 VICTORIA
689 3890 105 20 STREET
803 3890 75 23 EAST,

623 3931 171 20 AUCKLAND.

527 3984 92 25 Orders
639 3984 27 24 in
687 3984 111 28 Marble,
819 3982 108 25 Granite

492 4018 50 24 nnd
551 4018 86 29 Stone,
647 4017 132 33 promptly
789 4016 51 25 and
847 4015 66 25 faith-

492 4050 68 33 fully
573 4051 133 25 executed.

520 4112 109 31 Designs
641 4111 51 24 and
705 4111 81 32 prices
796 4110 55 24 free
865 4117 33 16 on

624 4144 166 33 application.

981 3756 30 30 J.
1035 3755 37 30 H.
1094 3754 249 37 BUCHANAN,

986 3803 116 21 STONE
1117 3801 216 23 MERCHANT.

1043 3836 170 17 ESTABLISHED
1223 3838 47 15 1802.

946 3886 104 21 Statuary,
1071 3885 142 18 Monumental
1235 3885 38 18 aed
1293 3883 86 19 General

1117 3907 78 18 Mason.

974 3928 117 19 MARBLE
1106 3929 63 18 AM)
1189 3926 163 21 FREESTONE

947 3960 164 20 CHIMNEYC
1122 3960 88 24 PIEES,
1225 3960 101 24 MASES,
1338 3960 39 19 Etc

986 3995 127 32 VICTORIA
1134 3995 108 31 STREET
1270 3994 71 35 EAST,

1036 4039 248 31 AUCKLAND.

970 4104 65 24 Desig
1076 4103 39 20 and
1136 4104 67 19 Prices
1219 4102 113 21 forwarded
1351 4110 25 12 no

944 4130 124 24 application
1077 4132 21 17 to
1106 4137 40 18 any
1157 4132 46 24 part
1209 4130 22 19 of
1237 4130 35 19 the
1278 4130 98 19 Province

944 4157 82 24 Colony.

554 882 80 21 Two
647 884 102 21 miles
752 885 99 26 from.
863 882 165 31 'JZotoriza,
1042 889 188 26 adjaining
1240 890 206 26 interesting
1460 891 119 20 native
1589 891 207 21 settlement.

611 920 504 52 OZEYSIEIR,
1153 924 100 56 Hi
1290 928 434 46 HOTEL.

973 1008 30 20 J?
1030 1009 28 20 A.
1089 1009 29 21 T
1142 1009 33 21 It
1206 1009 23 21 O
1256 1009 39 23 JV
1319 1009 42 22 S:

500 1037 87 21 Larl
598 1038 38 26 of
644 1038 153 29 IZintore,
808 1042 86 21 Earl
907 1042 38 26 of
954 1042 144 26 Onslow,
1108 1044 165 26 J\£arqais
1279 1045 38 26 of
1324 1044 190 28 JDrogheda,
1521 1045 92 21 Lord.
1626 1045 98 22 Carri
1728 1052 44 20 ng
1777 1047 59 20 ton

605 1094 94 20 HOTEL
709 1096 35 20 has
755 1099 90 24 recently
856 1099 51 20 been
919 1099 139 27 considerably
1064 1101 102 25 enlarged,
1178 1101 116 24 renovated,
1305 1101 38 19 and
1355 1101 128 21 refurnished
1495 1103 106 24 regardless
1601 1094 4 35 l
1615 1103 22 19 of
1647 1110 94 19 expense,
1818 1103 18 19 is

572 1121 71 25 widely
653 1122 73 20 known
738 1123 33 20 for
780 1127 27 16 its
814 1126 100 19 excellent
924 1126 177 24 accommodation,
1112 1127 87 24 Cuisine,
1209 1128 35 19 Ac.

789 1159 88 22 Here
888 1166 57 15 are
959 1160 56 21 the
1029 1160 99 27 Chief
1136 1160 123 27 Sights
1269 1162 38 26 of
1316 1162 55 21 the
1384 1157 161 28 District:

540 1190 61 21 The
613 1191 172 23 Wonderful
797 1195 96 20 Mteaui
905 1195 57 20 and
973 1195 61 21 Hot
1046 1195 100 21 Wafer
1155 1196 160 27 Petrifying;
1329 1197 122 26 Geysers
1467 1199 83 25 playing
1559 1198 70 20 nearly
1639 1200 38 18 100
1688 1198 42 21 feet
1740 1199 53 26 high.

656 1217 204 29 JPetrifying
875 1221 150 25 Geysers,
1044 1221 195 23 Ca.izld.rons
1249 1223 39 26 of
1296 1217 145 33 foiling
1465 1225 83 21 Mud
1557 1225 72 21 and
1639 1224 61 22 Oil.

689 1244 108 27 £>.P°u<t
809 1247 107 26 oQat7i,
931 1247 53 21 Oil
992 1247 102 25 J3atli,
1108 1248 38 26 jl
1152 1249 75 21 liiin
1234 1249 94 22 JBath
1337 1251 71 20 and
1420 1251 121 21 Jaclc's
1552 1251 99 26 (fjalh

502 1271 78 17 Known
590 1271 33 18 tor
630 1271 33 18 the
670 1273 153 25 extraordinary
831 1280 57 13 cures
898 1277 21 16 ot
928 1273 142 25 Rheumatism,
1080 1275 117 25 Neuralgia,
1208 1275 111 27 Lumbago,
1327 1277 95 24 Sciatica,
1430 1278 88 25 Kidney,
1527 1278 61 19 Liver
1598 1278 39 18 and
1647 1277 57 20 other
1712 1277 124 26 complaints

668 1318 52 52 C.
761 1320 48 53 E.
847 1322 255 61 NELSON,
1131 1350 22 7 -
1227 1351 21 8 -
1322 1351 20 9 -
1417 1326 267 64 Proprietor.

947 1388 90 26 Guide
1105 1400 11 5 -
1187 1404 11 5 -
1267 1390 122 35 Sophia.

669 1441 379 56 OKOROIRE
1128 1446 138 54 HOT
1335 1449 335 63 SPRINGS,

930 1512 41 24 On
988 1512 46 24 the
1053 1512 91 26 Direct
1158 1514 85 24 Route
1256 1515 26 23 to
1302 1515 123 30 Rotorua,

795 1543 39 19 Tor
846 1544 92 22 Scenery,
950 1545 96 19 Curative
1055 1545 114 22 Properties
1182 1546 21 18 of
1210 1546 36 20 the
1255 1546 69 23 Baths,
1332 1548 41 18 and
1383 1548 185 23 Accommodation,

558 1566 153 24 EXCEL
734 1569 101 27 JILL
858 1569 178 23 JPLACES
1059 1570 55 22 OF
1135 1571 94 23 THE
1250 1569 126 26 KIJST<D
1393 1573 65 28 IJST
1482 1574 93 23 THE
1591 1574 190 28 COTsOJTY.

599 1664 94 27 Springs,
703 1666 65 22 which
778 1667 33 21 for
821 1667 53 21 their
885 1667 97 22 Curative
993 1667 115 27 Properties
1120 1668 40 21 and
1175 1669 140 22 Comfortable
1329 1670 98 28 Fittings,
1441 1671 51 22 have
1502 1672 51 21 been
1563 1672 131 26 pronounced
1705 1672 26 27 by
1747 1672 27 21 all
1794 1672 44 21 who

667 1699 9 13 e
677 1694 2 30 .
681 1700 17 12 m
708 1699 51 15 Bccon
762 1694 12 20 d
783 1697 17 17 to
814 1701 46 14 none
870 1694 22 21 in
902 1694 47 20 New
964 1694 91 21 Zealand.
1082 1696 42 20 The
1135 1703 107 14 numerous
1253 1698 134 21 testimonials
1402 1698 91 22 received
1504 1706 21 14 as
1537 1702 19 17 to
1567 1699 54 22 their
1631 1706 59 15 cures
1698 1700 40 20 and
1750 1698 88 23 comfort

501 1717 70 20 should
583 1717 23 21 bo
617 1719 100 21 sufficient
727 1724 22 17 to
759 1721 75 21 induce
844 1722 93 21 Tourists
947 1722 40 21 and
999 1722 70 21 others
1080 1725 20 18 to
1112 1722 48 22 visit
1169 1723 62 22 thetn.
1260 1724 33 21 No
1307 1728 59 18 extra
1377 1726 72 26 charge
1465 1726 17 21 is
1493 1727 56 20 made
1561 1726 35 21 for
1606 1726 34 21 the
1652 1733 33 15 use
1695 1727 21 20 of
1727 1727 34 21 the
1779 1726 58 21 baths

501 1746 21 18 to
531 1751 83 20 persons
626 1747 80 26 staying
717 1750 21 18 ut
748 1748 33 21 the
791 1748 62 22 hotel.

838 1806 90 31 THE
964 1806 217 33 OKOROIRE

527 1840 21 18 Js
559 1841 109 20 connected
679 1841 48 21 with
740 1843 34 20 the
785 1844 134 26 Telegraphic
929 1844 80 26 System
1020 1844 21 20 of
1049 1845 33 20 the
1091 1845 84 25 Colony,
1186 1846 35 21 the
1231 1847 104 26 telegraph
1347 1848 62 20 Office
1420 1848 104 25 adjoiuing
1535 1848 34 20 tile
1582 1849 68 20 Hotel,
1677 1849 27 19 till
1714 1849 118 21 Telegrams

501 1867 101 26 promptly
614 1868 77 26 replied
701 1872 26 17 to.

527 1924 96 25 Coaches,
639 1926 97 26 Buggies,
747 1928 40 19 and
800 1928 143 26 Conveyances
954 1928 21 20 of
986 1929 26 19 all
1023 1929 59 19 kinds
1096 1929 56 20 leave
1161 1930 41 20 this
1216 1930 56 20 hotel
1282 1938 25 12 on
1318 1931 110 26 Tuesdays,
1439 1933 117 26 Thursdays
1567 1933 39 19 and
1622 1933 120 26 Saturdays,
1751 1940 22 13 or
1784 1933 54 26 daily

501 1950 16 19 if
526 1952 99 25 required.
653 1953 88 20 Persons
750 1961 23 12 en
781 1958 54 16 route
844 1955 33 20 for
888 1955 91 20 liotorua
990 1962 33 13 are
1032 1955 103 20 therefore
1150 1957 84 19 enabled
1251 1960 20 16 to
1282 1957 47 20 visit
1339 1959 36 19 the
1390 1960 93 19 wonders
1502 1960 22 20 of
1539 1960 105 20 Okoroire.
1662 1960 40 20 and
1721 1960 61 26 enjoy
1804 1960 34 19 the

501 1977 88 21 Natural
599 1978 45 21 Hot
654 1979 65 20 Baths
729 1981 40 19 and
780 1988 12 12 a
802 1981 56 26 day's
868 1983 43 18 rest
926 1982 92 25 previous
1028 1985 21 16 to
1065 1982 135 27 undertaking
1210 1991 11 11 a
1234 1983 86 26 journey
1330 1987 21 17 to
1361 1985 36 20 the
1407 1985 73 21 Lakes.

1028 2015 134 46 this
1162 2015 135 46 Tote
1305 2037 25 24 l

672 2063 43 20 Has
726 2064 91 27 recently
826 2065 51 20 been
888 2065 88 25 erected,
988 2065 39 20 and
1037 2065 16 20 is
1065 2066 77 25 replete
1153 2067 49 19 with
1217 2074 59 19 every
1286 2067 86 21 comfort
1382 2068 31 20 for
1423 2069 94 20 Tourists
1527 2069 39 20 and
1576 2069 96 20 Invalids.

527 2118 192 22 Note.—Tourists
728 2122 22 18 to
760 2121 91 20 iiotorua
860 2118 4 34 !
893 2122 30 20 Be
934 2128 44 14 sure
994 2124 21 18 to
1025 2122 47 20 take
1082 2130 51 18 your
1142 2124 83 26 railway
1234 2124 76 20 tickets
1321 2124 33 20 for
1369 2125 121 20 Okoeoihe.
1521 2126 142 26 Conveyances
1674 2128 54 18 meet
1740 2127 66 20 trains
1817 2129 21 17 at

501 2144 106 25 Okoroire,
617 2152 94 20 carrying
722 2154 118 19 passengers
848 2150 22 17 to
881 2149 62 19 Hotel
959 2149 43 19 free
1012 2149 22 19 of
1042 2149 79 26 charge.

1444 2219 131 71 City
1615 2219 183 62 .Hotel,

1410 2314 179 32 HOBSON
1648 2315 186 32 STREET.

1456 2403 53 35 22
1534 2401 70 37 Bed
1639 2401 147 39 Rooms.,

1404 2840 143 38 Terms
1561 2840 51 38 £1
1631 2852 68 37 per
1710 2841 122 37 week.

1404 2941 27 40 P.
1443 2941 114 47 KELLY,
1677 2941 155 51 Proprietor,

1403 3019 118 22 Jelephoni
1534 3021 36 15 290.
1724 3021 110 20 Milliards

1437 3050 188 31 Clarendon
1681 3051 117 35 Hotel,

1422 3091 79 18 Junction
1520 3090 53 19 Queen
1590 3092 35 17 and
1641 3092 89 17 Wakefield
1737 3091 71 21 Streets,

1484 3128 183 39 AUCKLAND}
1681 3139 26 20 N.
1722 3139 25 19 Z,

1400 3192 145 17 First-class
1561 3195 219 17 accommodation
1795 3196 39 17 for

1555 3215 145 18 Travellers.

1465 3244 53 18 HOT
1526 3244 59 18 AND
1594 3245 66 18 COLD
1673 3245 95 20 BATHS.

1399 3273 49 17 BEST
1459 3273 65 18 WINES
1529 3273 13 17 &
1551 3273 81 18 SPIRITS
1637 3274 44 16 ALW
1682 3275 9 17 A
1700 3274 22 18 YS
1730 3276 22 16 IN
1758 3276 72 18 STOCK-

1462 3304 38 17 Hot
1519 3305 61 16 Lunch
1600 3306 20 16 12
1644 3307 17 15 to
1681 3308 8 14 2
1712 3307 53 20 daily.

1397 3334 32 18 W.
1439 3334 97 22 LYNCH,
1707 3337 122 22 Proprietor.

1507 3368 54 20 Pead
1569 3367 51 21 JVIILE
1632 3368 89 21 J^AITIHE.

1438 3428 17 25 i

1398 3493 428 32 HUCKLHND.

1397 3581 91 40 Ladies
1504 3582 50 39 and
1576 3581 146 42 Genilemen

1427 3638 111 51 Seeking
1560 3649 13 29 a
1590 3639 96 51 change
1707 3640 27 40 of
1743 3640 37 40 air

1453 3694 22 41 &
1500 3706 105 40 scenery
1633 3707 44 29 can
1717 3697 52 40 find

1541 3754 220 40 accommodation
1802 3756 25 40 at

1401 3820 74 37 JAps
1536 3820 291 43 Cruiekslzank-'s

1469 3882 290 62 SOMOJMA,

1395 4065 96 39 Hot
1504 4066 39 38 &
1557 4067 102 38 cold
1669 4068 154 39 baths.

1428 4150 76 27 Letters
1517 4149 38 28 anil
1566 4149 104 32 telegrams
1681 4151 114 31 replieUo,

1856 750 139 64 THE
2077 750 558 69 GOVERNMENT
2717 753 480 81 SANATORIUM,

2229 824 229 51 ROTORUA,
2473 824 104 43 NEW
2595 824 231 46 ZEALAND.

1858 895 38 48 I)
1905 895 195 20 OTOETJA.—This
2110 896 112 19 wonderful
2228 897 78 19 district
2315 897 17 19 is
2339 897 140 25 unparalleled
2484 898 21 19 in
2515 898 112 20 theknown
2636 899 64 19 world
2709 899 32 19 for
2747 899 35 19 the
2792 899 86 19 number
2887 900 40 19 and
2936 901 77 25 variety
3022 904 21 18 of
3051 906 26 16 its
3099 905 95 19 Thermal

1882 919 21 24 V
1932 921 91 26 Springs.
2051 922 29 19 As
2089 929 13 12 a
2111 922 70 19 health
2190 925 64 17 resort
2261 923 26 19 its
2296 923 117 25 popularity
2422 924 17 19 is
2446 924 81 25 rapidly
2535 924 121 26 increasing,
2667 925 41 19 and
2716 925 46 19 that
2776 925 86 25 entirely
2871 932 26 12 011
2905 926 26 18 its
2942 933 44 13 own
2996 929 73 20 merits,
3079 936 23 14 as
3109 931 88 19 hitherto

1853 948 87 25 nothing
1952 948 38 19 has
1999 948 51 19 been
2060 948 52 19 done
2120 949 22 18 in
2152 949 34 18 the
2195 956 45 18 way
2253 949 22 19 of
2284 949 131 25 advertising.

1879 974 92 18 Pationts
1981 974 99 26 suffering
2089 974 52 19 from
2161 974 92 24 Chronic,
2268 974 110 24 Articular,
2394 975 41 20 and
2451 976 104 19 Muscular
2573 976 148 22 Rheumatism,
2739 977 59 24 Gout,
2806 977 122 20 Rheumatic
2938 977 59 25 Gout,
3022 979 49 20 Skin
3095 983 92 19 Diseases

1854 998 91 25 Sciatica,
1955 1000 113 24 Lumbago,
2080 1000 119 26 Nueralgia,
2211 1001 93 19 Nervous
2321 1001 134 24 Exhaustion,
2480 1002 82 19 Uterine
2578 1002 106 24 Ailments,
2696 1004 41 18 and
2747 1004 59 24 tardy
2822 1004 151 19 convalescense
2982 1005 52 19 from
3044 1009 57 17 acute
3110 1009 87 19 diseases

1853 1032 47 19 may
1913 1026 43 25 rely
1965 1032 55 19 upon
2028 1026 109 26 obtaining
2145 1027 97 19 immense
2251 1027 64 24 relief,
2326 1028 40 18 and
2376 1028 21 18 in
2407 1028 34 19 the
2450 1028 97 26 majority
2557 1028 21 19 of
2587 1035 55 13 cases
2652 1035 11 13 a
2673 1029 98 25 complete
2780 1037 53 12 cure.

1879 1078 58 18 THE
1950 1077 122 20 PRIEST'S
2082 1078 83 20 BATH.
2167 1078 75 20 —This
2251 1078 17 20 is
2278 1079 92 25 strongly
2380 1080 50 23 acid,
2441 1080 121 22 aluminous,
2573 1081 84 25 sulphur
2663 1082 68 22 water,
2743 1082 69 25 acting
2822 1089 21 12 as
2853 1089 13 12 a
2874 1082 101 26 powerful
2984 1083 47 20 skin
3041 1084 156 26 stimulant.]Ho

1854 1104 40 18 and
1902 1104 45 18 cold
1955 1104 88 19 showers
2052 1104 41 19 and
2102 1104 87 20 douches
2199 1111 34 13 are
2242 1104 98 26 provided
2352 1105 42 19 and
2402 1106 134 25 comfortably
2545 1106 92 19 enclosed
2646 1107 92 25 dressing
2747 1114 71 13 rooms.

1879 1129 123 19 MADAME
2015 1129 136 21 RACHEL'S
2164 1130 83 20 BATH.
2250 1131 75 19 —This
2343 1131 114 19 celebrated
2475 1131 75 26 Spring
2568 1132 17 19 is
2594 1139 13 12 a
2617 1132 67 19 Saline
2703 1135 63 18 water
2783 1134 47 19 with
2848 1134 97 25 Silicates,
2956 1135 41 20 and
3015 1136 36 19 has
3070 1143 27 12 an
3111 1137 88 20 alkalino

1853 1156 94 19 reaction.
1976 1156 42 19 Tho
2027 1157 63 18 water
2098 1156 18 19 is
2126 1156 42 20 also
2175 1157 50 19 used
2234 1157 109 24 internally
2357 1157 32 19 for
2407 1157 26 19 its
2447 1157 105 19 beneficial
2561 1158 66 20 action
2636 1165 26 13 on
2672 1159 34 19 the
2716 1158 91 27 kidneys.

1879 1182 58 18 THE
1947 1182 74 18 BLUE
2030 1181 161 21 BATII.—This
2201 1183 16 18 is
2227 1183 34 19 the
2268 1183 77 24 largest
2354 1184 81 18 natural
2441 1183 114 26 swimming
2565 1184 49 19 bath
2624 1186 22 17 in
2655 1185 34 19 tho
2697 1184 101 21 Southern
2808 1186 140 26 Hemisphere.
2976 1188 20 18 It
3006 1188 75 20 affords
3088 1190 111 19 rheumatic

1854 1207 86 20 invalids
1950 1214 12 12 a
1971 1214 69 12 moans
2049 1208 22 18 of
2079 1208 74 25 taking
2166 1209 88 24 painless
2265 1209 92 23 exercise,
2368 1209 66 19 which
2444 1209 48 26 they
2501 1210 72 25 highly
2582 1211 121 24 appreciate.

1879 1233 59 19 THE
1943 1233 137 20 SULPHUR
2086 1233 116 21 VAPOUR
2211 1234 82 20 BATH.
2294 1235 76 19 —This
2378 1235 17 19 is
2404 1242 12 12 a
2424 1235 81 19 natural
2519 1236 35 19 hot
2563 1243 83 18 vapour,
2661 1237 73 25 highly
2743 1238 89 25 charged
2841 1238 49 20 with
2907 1238 86 26 sulphur
3008 1247 64 18 gases,
3090 1241 109 20 conducted

1854 1260 42 19 into
1906 1266 12 12 a
1927 1260 94 25 properly
2030 1260 128 19 constructed
2167 1260 61 25 chest,
2244 1261 19 19 in
2286 1261 66 19 which
2361 1261 35 19 tho
2405 1261 79 26 patient
2493 1262 42 24 sits,
2554 1262 59 20 while
2623 1269 12 12 a
2653 1265 74 17 stream
2737 1265 22 17 of
2768 1264 95 25 palpable
2881 1265 86 25 sulphur
2973 1265 17 19 is
3009 1266 61 26 boing
3086 1268 113 24 constantly

1854 1285 103 26 deposited
1967 1292 25 13 on
2001 1286 34 19 the
2044 1285 54 20 skin.

1880 1312 58 19 THE
1947 1312 173 20 ELECTRICAL
2130 1312 275 20 DEPARTMENT.—This
2414 1313 128 26 department
2556 1314 17 19 is
2580 1315 76 25 replete
2666 1315 49 20 with
2733 1315 35 20 the
2778 1318 52 17 most
2841 1316 83 20 modern
2937 1317 116 25 appliances
3062 1318 32 20 for
3105 1319 94 25 carrying

1854 1339 36 18 out
1902 1338 82 19 various
1997 1339 63 18 forms
2075 1339 22 18 of
2105 1338 87 19 medical
2209 1339 99 19 electrical
2321 1341 109 17 treatment
2437 1341 23 18 in
2472 1340 53 19 their
2547 1341 91 25 entirety.

1855 1390 98 19 Resident
1962 1390 115 24 Engineer:

1934 1416 106 20 CAMILE
2053 1416 142 25 MALFROY,
2209 1418 47 20 Eso.

2709 1393 98 20 Resident
2816 1394 88 19 Medical
2913 1394 183 25 Superintendent:

2778 1420 113 19 ALFRED
2904 1420 130 26 GINDERS,
3048 1423 64 24 M.D.,

2042 1513 71 24 Hot
2127 1513 113 24 Lakes
2254 1513 36 23 of
2301 1513 86 23 New
2402 1512 158 30 Zealand,

1973 1569 187 52 Brent's
2201 1569 233 65 Bathgate
2474 1569 160 51 House

2091 1636 19 32 fs
2124 1642 10 21 i
2150 1635 129 33 pirst-fjisss
2293 1635 144 33 Temperance
2452 1635 66 32 HsteL

1966 1668 85 23 HIIN
2058 1668 131 23 EMUA
2213 1669 175 24 teTK-KliiT,
2409 1667 226 24 KUTOEUA.

1858 1713 7 13 r
1869 1713 64 31 piilS
1945 1714 59 19 NEW
2018 1714 53 19 AND
2084 1713 190 21 COMFORTABLE
2287 1713 217 20 ESTABLISHMENT
2512 1713 16 20 is
2536 1713 82 20 situated
2625 1713 21 19 iu
2655 1713 31 19 tho
2702 1719 41 14 now

1911 1739 95 23 township
2013 1739 19 18 of
2040 1739 91 22 Rotorua,
2141 1738 49 19 close
2202 1740 20 17 to
2235 1738 32 18 tlie
2281 1738 128 19 Government
2420 1738 121 19 Sanatorium
2554 1738 37 19 and
2602 1738 66 22 Baths,
2682 1737 61 20 which

2186 1762 91 24 comprise
2289 1762 32 18 the
2334 1762 106 18 celebrated

1861 1780 149 27 (priest's
2025 1786 104 26 JBccth,
2143 1786 40 21 21
2183 1786 124 21 cuHcime
2318 1785 133 22 Jtac/iel
2463 1785 72 27 cJJ'-tt
2543 1786 39 21 'is
2606 1785 117 22 C/uuna-

1886 1813 75 20 leori
1978 1813 136 22 JJovLclte
2131 1813 103 26 JJcctii,
2257 1813 110 26 Jjccrge
2389 1813 92 26 q/JLilo
2501 1813 213 26 Swimming

1896 1840 103 25 -BclLlz,
2013 1840 161 26 Sitipillw
2194 1839 130 26 Vccpouv
2332 1840 103 25 JJtiLh,
2447 1839 72 22 and
2531 1839 63 21 Gal
2599 1840 104 20 vcuxic

2329 1866 96 21 JJcitTc

1859 1892 70 19 OVEII
1941 1893 91 18 WHICH
2046 1893 87 17 LARGE
2145 1893 119 17 BATHING
2284 1892 141 18 PAVILIONS
2443 1892 73 18 HAVE
2534 1892 71 18 BEEN
2623 1892 120 18 ERECTED

1970 1916 48 18 with
2025 1922 102 12 numerous
2135 1916 92 22 Dressing
2235 1916 76 20 Rooms,
2321 1917 34 16 etc.
2381 1915 77 18 Besides
2464 1915 53 18 these
2525 1916 53 18 there
2583 1916 15 17 is
2607 1917 32 16 the

1884 1945 101 21 Paiu-killer
1993 1945 46 26 Bath,
2049 1945 98 25 Coffee-pot,
2157 1944 94 22 Cameron's
2260 1944 32 21 ant!
2303 1943 91 22 Hinemaru
2401 1943 50 22 Baths
2461 1944 17 20 in
2489 1944 27 21 the
2524 1944 104 22 Sanatorium
2639 1943 79 23 Grounds.

1859 1994 145 24 Bathgate
2018 1995 92 23 House
2121 1994 46 24 lias
2180 1993 65 24 been
2258 1993 100 32 greatly
2380 1992 120 32 enlarged
2520 1993 40 23 for
2581 1993 114 25 Tourists
2717 2001 26 16 as

1959 2028 60 24 well
2030 2035 28 17 as
2070 2028 42 24 for
2121 2027 92 33 people
2225 2027 91 30 taking
2329 2034 14 16 a
2355 2034 89 16 course
2458 2027 26 23 of
2497 2027 44 24 the
2556 2027 87 24 Baths.

2140 2084 120 24 Terms
2282 2084 187 24 Moderate.

1940 2142 86 47 S_
2069 2143 95 46 T_
2207 2126 426 63 ZBP^ZEILT'T

2105 2201 228 27 PKOPKI
2342 2201 159 26 IiTOK.

2642 2181 18 21 1

1856 2251 127 18 N.B.—Most
1992 2251 19 18 of
2020 2252 53 18 those
2082 2252 42 18 who
2133 2252 45 18 visit
2185 2252 75 18 Brent's
2269 2252 24 17 do
2302 2258 20 11 so
2331 2251 84 23 through
2427 2251 33 17 the
2472 2251 47 17 kind
2529 2250 182 18 recommendations
2724 2249 19 18 of

2195 2275 87 24 previous
2294 2276 109 17 customers.

2010 2637 32 18 m.

1981 2651 36 18 xm

2089 2665 28 23 m

2147 2674 40 27 m

2562 2747 27 26 a

2662 2794 25 14 UJC

2345 2869 45 14 .'Qitt

2653 2929 29 39 II

1962 3154 174 33 ALBERT
2162 3156 183 34 STREET,
2383 3156 217 33 AUCKLAND-

2030 3248 131 41 LOUIS
2185 3250 154 45 DOYLE,
2372 3251 197 48 Manager.

1952 3426 158 38 QUEEN
2143 3427 192 38 STREET,
2366 3427 269 35 AUCKLAND.

2067 3495 102 20 UNDER
2197 3495 66 20 NEW
2291 3496 235 21 MANAGEMENT.

2037 3542 240 48 JOSEPH
2338 3543 209 42 McRAE

1924 3597 71 32 (Late
2007 3597 25 23 of
2045 3598 40 23 the
2099 3598 66 23 Lake
2177 3598 86 24 House
2272 3599 47 23 and
2332 3599 84 24 Palace
2430 3599 96 28 Hotels,
2540 3600 127 32 Rotorua).

2117 3631 38 26 Has
2165 3632 43 30 just
2221 3632 57 25 taken
2293 3638 45 20 over
2350 3632 41 26 this
2402 3632 63 32 Hotel,

1847 3664 133 20 Travellers
1993 3665 48 19 will
2061 3665 49 20 find
2128 3671 68 19 every
2216 3665 98 20 Modern
2336 3665 169 22 Convenience
2527 3667 131 21 combined
2674 3668 57 20 with

2098 3692 92 26 Civility
2202 3693 47 19 and
2265 3693 97 26 Prompt
2373 3693 133 21 Attention.

1872 3744 43 19 The
1925 3744 98 19 situation
2040 3745 21 19 of
2077 3745 34 20 tho
2127 3745 126 20 Wavehley
2264 3745 83 20 renders
2362 3747 16 18 it
2396 3746 97 25 specially
2515 3747 119 19 convenient
2648 3748 33 19 for
2699 3748 34 18 the

1846 3770 116 25 Travelling
1973 3770 72 20 Public
2061 3771 40 20 and
2117 3771 87 21 Visitors
2219 3774 20 17 to
2253 3771 34 20 the
2304 3771 46 26 City
2364 3772 53 20 from
2432 3773 34 19 the
2485 3773 91 25 Country
2594 3773 26 26 by
2639 3774 54 18 train
2711 3781 22 12 or

1846 3798 94 17 steamer.

1847 3822 112 26 Special
1980 3822 236 28 Arrangements
2237 3824 85 20 made
2348 3824 42 21 for
2413 3825 48 20 Ihe
2488 3825 196 21 convenience
2705 3826 30 20 of

2216 3851 143 21 Families.

2063 3886 167 21 NIGHT
2270 3888 244 20 PORTER.

1846 3937 133 33 first=class
1986 3938 107 41 Jt>iUiari>
2106 3938 92 34 glooms.
2232 3940 82 30 ®nes
2333 3942 40 26 nub
2387 3942 90 32 Spirits
2491 3942 23 26 of
2529 3944 33 29 tljc
2572 3942 47 27 best
2635 3941 95 30 ki'ranbs.

1986 3968 124 35 Ditncoch's
2124 3973 64 32 fruc
2200 3973 74 34 £sss
2284 3975 49 32 |llc
2345 3975 83 27 altuaus
2441 3968 40 40 on,
2481 3975 109 33 Draught.

1846 4140 260 49 Tauranga,

2179 4051 408 41 ROBERTSON'S
2615 4052 115 37 Line

2169 4100 49 37 of
2235 4100 206 39 Coaches
2458 4099 217 38 between

2171 4146 214 39 Rotorua
2425 4146 93 38 and
2565 4145 165 44 Taupo

2771 1488 230 41 IMPERIAL
3039 1491 159 42 HOTEL,

2804 1547 129 24 FORT
2952 1548 195 25 STREET

2875 1581 211 26 AUCKLAND.

2802 1641 121 33 Splendid
2932 1642 220 26 accommodation
3160 1641 41 27 for

2767 1676 114 25 Tourists
2893 1677 50 23 and
2962 1676 150 26 Travellers.

2804 1717 172 36 High-ciass
2995 1718 98 29 Wines
3107 1715 59 31 and

2884 1759 106 36 Spirits
3002 1761 79 34 kept.

2801 1820 58 32 W.
2898 1821 30 30 H
2968 1820 197 40 PEARCEj

2884 1861 197 33 Proprietor!
3184 1865 15 29 4

2828 1924 183 40 BRITOMART
3033 1907 119 59 HETEL^

2771 1986 145 37 Custom
2935 1988 119 37 House
3066 1988 130 46 Street,

2862 2045 244 30 AUCKLAND.

2768 2079 47 17 Close
2821 2081 18 15 to
2848 2081 40 15 Hail
2891 2086 36 15 way
2935 2082 68 16 Citatum
3015 2082 34 16 and
3062 2081 43 18 Post
3119 2082 14 16 0
3141 2082 44 16 ffloo.

2788 2108 80 21 Superior
2884 2112 144 14 accommodation
3049 2112 27 16 for
3096 2112 81 16 Tourists

2810 2131 97 16 Travellers
2922 2136 34 11 and
2976 2133 75 20 (Jouutly
3067 2133 88 16 Farmers.

2834 2157 99 20 TERMS
2959 2159 172 20 MODERATE.

2769 2191 71 17 None
2860 2192 45 16 but
2925 2192 132 18 first-class
3066 2194 95 17 brands
3179 2195 25 17 of

2788 2213 63 17 Ales.
2861 2214 87 16 Wines
2957 2215 50 15 and
3014 2215 89 21 Spirits
3112 2216 65 21 kept.

2816 2285 110 39 Thos.
2973 2287 175 48 JVicEwin,

2802 2348 93 28 CSTY
2992 2350 172 29 BUFFET.

2865 2394 47 26 Next
2923 2408 6 19 j
2948 2394 63 27 Union
3043 2395 54 27 Bank

2891 2436 83 26 Queen
2995 2437 86 25 Street,

2767 2468 47 25 -A.
2842 2469 35 26 U
2891 2471 31 24 CJ
2992 2470 33 25 JL
3040 2472 44 24 .A_
3096 2470 41 27 IST
3150 2471 36 26 I)

2859 2542 65 20 Mia's
2947 2545 21 18 at
2990 2544 27 18 all
3042 2544 59 20 hours

2767 2604 42 28 '•(M
2851 2604 238 18 LENALV
3119 2607 67 20 ON,

2865 2644 109 16 STMONBS
2985 2644 91 17 STItEET.

2777 2669 91 20 (Formerly
2875 2670 25 16 Sir
2907 2672 50 14 Fred.
2970 2672 102 15 Whitaker's
3082 2672 107 19 Residence),

2902 2700 93 19 Telephone
3006 2701 34 14 aW.

2786 2733 15 15 A
2809 2733 39 15 Few
2855 2733 58 15 Ladies
2922 2734 32 15 and
2962 2734 98 15 Gentlemen
3065 2739 31 10 call
3100 2735 21 15 lie
3125 2739 64 11 accomo-

2766 2752 49 15 dated
2824 2753 39 15 with
2871 2752 77 20 Superior
2955 2754 55 16 jiourd
3022 2756 33 13 and
3065 2754 96 17 Residence.

2785 2777 35 15 The
2827 2778 50 15 house
2884 2778 14 16 is
2910 2778 71 16 situated
2995 2784 19 10 sn
3025 2779 45 20 large
3081 2780 78 19 grounds,
3167 2779 34 17 and

2766 2799 93 13 commands
2864 2799 105 18 niagniiicent
2977 2799 49 15 views
3036 2801 17 12 oi
3064 2800 30 15 the
3102 2800 78 15 harbour.
3197 2814 5 4 j

2785 2825 59 14 Tennis
2853 2825 55 16 Lawn.

2785 2853 34 16 Ten
2827 2853 75 15 nnnuiea'
2910 2853 45 16 wall:
2966 2855 43 14 lion,
3015 2855 27 14 the
3053 2855 40 15 I'ost
3100 2855 57 17 Ofiice.

2785 2879 39 16 Cars
2830 2883 34 13 and
2872 2881 60 15 Busses
2940 2887 38 15 pass
2986 2883 26 14 >lie
3027 2884 77 14 entiance
3114 2886 43 17 gale.

2775 2955 8 11 f
2858 2943 5 7 J
2864 2942 35 17 EE
2919 2942 83 26 visiting
3025 2943 108 20 Auckland
3155 2943 42 20 will

2767 2971 25 18 JL
2809 2973 42 13 nuu
2858 2974 169 14 uceouiiuuauuon
3034 2974 21 14 at
3065 2975 57 14 lieUu
3135 2973 8 17 V
3148 2975 46 19 ista,

2847 3018 117 19 Waterloo
2977 3018 133 25 Quadrant,

2830 3067 91 30 Opposite
2934 3067 130 26 Government
3077 3072 69 21 nonse,

2790 3122 48 20 And
2861 3128 58 14 near
2950 3122 116 21 Northern
3097 3123 68 21 Club,.

2832 3177 79 36 JWps
2945 3175 174 49 Kopman,

2824 3246 286 47 Proprietress.

2760 3313 57 20 TUB
2861 3314 144 19 NATIONAL
3054 3314 138 20 rABBOLIO

2875 3343 210 21 DISINFECTANT.

2761 3378 48 21 The
2819 3378 56 21 best
2886 3380 47 19 and
2947 3380 120 25 cheapest
3079 3380 111 21 Carbolic

2762 3406 162 21 Disinfectant
2962 3407 98 20 Powder
3108 3409 81 20 before

2897 3435 41 20 the
2960 3436 90 24 public.

2760 3462 88 26 Strong
2860 3469 21 13 in
2901 3464 91 22 action,
3013 3464 131 24 agreeable
3166 3465 22 20 in

2931 3491 82 25 smell,

2760 3518 103 16 Purifies
2879 3518 42 15 the
2940 3519 38 15 air
3000 3519 50 16 and
3073 3520 116 20 prevents

2923 3539 101 18 disease.

2869 3565 118 33 smbolig
3005 3567 71 33 SOSP.

2883 3604 98 22 WAP.NOCK
3017 3605 45 26 Bros,

2833 3629 57 21 Works
2900 3629 41 21 Coxs
2949 3629 54 22 Greek,
3013 3630 99 23 Richmond.

2758 3653 100 22 Warehouse
2891 3654 71 21 Durham
2998 3656 60 25 Street,
3095 3655 90 22 Auckland,

2760 3709 13 33 |
2781 3708 10 33 J
2808 3707 62 16 OFF
2881 3707 41 16 MA
2934 3708 16 16 N
2980 3709 67 15 AND
3142 3709 43 17 NS.

2804 3747 178 19 QUEEN-STREET,
2994 3747 133 18 AUCKLAND.

2792 3776 176 20 WILLIS-STREET,
2991 3777 18 15 W
3011 3777 138 16 ELLINGTON.

2774 3816 35 16 The
2820 3816 63 20 largest
2889 3816 33 15 mid
2930 3816 39 15 Best
2974 3816 72 16 Selected
3054 3817 50 15 Stock
3112 3817 17 14 of
3140 3815 32 18 Eng-

2755 3836 32 16 lish
2793 3836 32 14 and
2835 3836 70 15 German
2913 3836 67 19 Pianos,
2988 3836 32 15 and
3026 3836 87 16 American
3121 3836 61 18 Organs

2755 3855 16 15 in
2782 3855 40 15 New
2830 3855 77 16 Zealand.

2775 3894 36 16 Sole
2819 3895 63 18 Agents
2890 3894 25 14 for
2926 3894 43 16 John
2983 3895 99 16 Brinstuead
3093 3894 32 15 and
3135 3891 45 17 Sons'

2755 3914 66 16 Collard
2828 3913 33 16 and
2869 3913 66 16 Collard
2943 3914 68 19 English
3020 3915 64 18 Pianos,
3093 3914 36 14 Carl
3137 3912 43 16 Ecke

2755 3933 55 16 Berlin
2832 3933 67 18 Pianos,
2919 3933 107 16 Scliweohten
3042 3934 58 16 Berlin
3116 3932 64 17 Pianos,

2754 3953 73 15 Kcnardi
2846 3952 57 16 Berlin
2924 3953 66 20 Piunos,
3008 3953 47 20 Story
3077 3953 33 15 and
3133 3950 47 16 Clark

2755 3973 88 16 American
2854 3973 70 18 Organs,
2931 3973 19 14 F.
2957 3973 62 14 Besson
3026 3976 32 12 and
3066 3972 33 17 Co.,
3107 3970 71 18 London,

2755 3993 50 15 Brass
2813 3992 48 16 Band
2867 3993 116 14 Instruments.

2794 4012 50 15 Come
2851 4011 33 16 and
2894 4015 27 12 see
2931 4015 30 12 our
2975 4012 41 15 New
3028 4010 84 20 Shipment
3124 4009 17 15 of

2875 4031 110 15 Briuddmead
2992 4031 63 15 Piunos.

2774 4059 91 15 Fac-sniilo
2879 4059 17 14 of
2908 4058 27 15 the
2943 4058 110 16 Instruments
3067 4055 81 18 fxhibitsd
3161 4054 17 14 at

2755 4077 147 17 Hobart-Exhibiti
2910 4083 19 9 iii.
2943 4078 81 18 receiving
3031 4077 42 15 Gold
3086 4074 53 18 Medal
3147 4073 31 15 and

2756 4099 61 17 Higest
2830 4097 69 16 Awards
2910 4097 26 16 for
2946 4097 65 19 Beauty
3026 4097 17 14 of
3055 4097 50 17 Tom;,
3117 4093 60 18 Touch,

2754 4116 33 16 ond
2797 4118 78 19 Superior
2886 4117 120 15 Construction.

2800 4144 81 17 VIOLIN
2888 4144 94 16 STRINGS
2987 4144 14 15 A
3009 4141 125 18 SPECIALTY.

2754 4164 75 19 Timings
2837 4164 33 15 and
2876 4163 61 20 rei'iiii's
2944 4163 77 16 attended
3032 4164 16 14 to
3055 4162 21 18 by
3090 4161 27 15 the
3130 4163 44 16 year.
