3330 4330
994 1336 57 24 THE
1072 1334 56 26 HOT
1147 1334 93 26 LAKES
1259 1334 167 26 CHRONICLE

993 1368 433 14 AND

1097 1398 107 21 Tourists'
1221 1396 101 25 Journal.

996 1445 189 28 WEDNESDAY,
1193 1452 117 18 OCTOBER
1317 1453 28 19 23,
1357 1452 52 16 1895.

995 1505 99 19 Amongst
1116 1503 35 19 tlio
1169 1508 109 12 numerous
1301 1501 57 19 other
1376 1500 53 20 little

995 1533 83 17 matters
1089 1529 97 21 affecting
1195 1528 34 19 the
1247 1527 82 19 welfare
1351 1527 21 18 of
1389 1527 42 18 this

995 1559 54 17 town
1059 1555 66 19 which
1139 1560 52 14 seem
1201 1556 20 17 to
1228 1554 52 18 have
1294 1553 51 18 been
1362 1553 68 19 thrust

996 1583 42 18 into
1047 1581 35 19 the
1092 1581 63 19 limbo
1165 1581 21 18 of
1205 1580 103 24 forgotten
1321 1579 110 25 things—a

996 1609 58 18 doom
1065 1607 97 25 awaiting
1171 1606 58 19 much
1241 1606 21 18 of
1273 1607 101 16 whatever
1384 1611 46 19 may

996 1635 25 18 bo
1031 1632 91 21 confided
1130 1635 21 17 to
1161 1632 34 19 the
1203 1638 44 12 care
1264 1631 21 18 of
1306 1637 12 12 a
1337 1632 93 24 paternal

996 1660 137 19 Government
1135 1658 60 19 —the
1205 1658 99 24 b_ve-la\vs
1319 1656 58 19 stand
1396 1660 35 16 out

996 1693 49 18 very
1055 1684 142 27 prominently.
1231 1684 65 18 These
1314 1689 51 12 were
1382 1683 49 25 duly

996 1712 90 22 evolved,
1099 1711 52 18 after
1162 1710 58 19 much
1230 1709 66 19 troble
1308 1709 39 18 and
1362 1710 58 24 pains-

996 1738 73 25 taking
1078 1743 52 17 care,
1146 1743 28 12 wo
1184 1736 51 19 have
1246 1742 25 12 no
1281 1735 70 22 doubt,
1362 1742 25 12 on
1396 1736 35 19 the

997 1767 45 23 part
1058 1764 21 19 of
1097 1763 35 19 the
1149 1762 61 19 Town
1227 1761 74 24 Board,
1320 1762 40 18 and
1379 1769 52 12 were

996 1788 123 28 despatched
1130 1792 20 16 to
1161 1788 44 19 that
1222 1787 111 26 particular
1349 1787 71 26 depart-

998 1819 54 16 ment
1064 1814 65 20 which
1141 1820 101 19 possesses
1257 1814 26 18 all
1295 1814 33 18 the
1348 1814 82 20 wisdom

997 1843 39 18 and
1047 1841 129 24 intelligence
1189 1846 105 18 necessary
1311 1844 20 14 to
1349 1840 34 19 the
1400 1848 21 12 re-

998 1869 64 19 vision
1073 1868 22 18 of
1105 1867 51 19 local
1165 1868 92 18 statutes.
1286 1866 49 19 This
1352 1872 41 13 was
1410 1867 20 18 in

997 1894 34 19 the
1042 1893 114 25 beginning
1165 1893 21 18 of
1195 1892 34 20 the
1240 1894 80 23 present
1330 1898 49 18 year
1391 1893 40 19 and

997 1927 22 12 as
1030 1920 88 24 nothing
1130 1919 36 18 has
1182 1918 51 19 been
1254 1918 62 18 hoard
1336 1918 20 18 of
1376 1919 54 18 them

996 1947 54 18 since
1062 1946 16 18 it
1089 1946 15 18 is
1115 1951 51 19 open
1178 1947 20 16 to
1206 1944 115 25 conjecture
1339 1945 92 19 whether

997 1973 48 24 thoy
1053 1978 46 17 may
1109 1972 50 18 have
1167 1971 75 24 proved
1250 1975 32 13 too
1292 1970 59 18 much
1358 1971 31 18 for
1397 1971 34 18 the

996 1997 106 19 combined
1115 1996 88 20 intellect
1217 1997 21 18 of
1249 1996 34 19 the
1294 1995 71 20 Crown
1383 1997 48 18 Law

998 2024 139 25 Department,
1149 2029 21 12 or
1185 2022 50 19 been
1245 2022 93 25 gazetted
1353 2029 22 12 as
1393 2030 26 18 ap-

997 2051 72 24 plying
1079 2052 20 16 to
1107 2055 55 13 some
1172 2049 57 18 other
1240 2049 82 23 locality
1330 2048 5 19 !
1359 2049 58 19 Mean-

998 2076 59 19 while
1068 2082 22 13 as
1101 2082 11 11 a
1123 2074 99 26 township
1234 2081 29 13 we
1273 2074 45 19 load
1329 2081 11 12 a
1350 2077 42 16 sort
1410 2075 21 19 of

997 2101 185 25 go-as'j'ou-pleaso
1207 2100 102 19 existence
1337 2100 49 19 with
1410 2107 21 12 as

997 2128 52 19 little
1059 2127 52 20 heed
1121 2131 20 15 to
1152 2127 89 23 sunitary
1251 2126 114 19 conditions
1381 2134 22 11 as
1420 2134 11 12 a

997 2154 79 26 Digger
1085 2153 74 19 Indian
1167 2159 21 12 or
1195 2159 12 12 a
1215 2152 103 19 Northern
1327 2152 103 26 Territory

1023 2205 28 18 At
1061 2204 34 19 the
1111 2204 40 18 last
1170 2203 90 25 meeting
1282 2204 21 19 of
1318 2204 35 19 the
1369 2204 62 19 Town

998 2230 67 20 Board
1074 2230 30 19 Dr
1113 2229 87 21 Ginders
1212 2229 65 19 called
1295 2230 100 20 attention
1411 2232 21 17 to

997 2258 34 18 the
1054 2256 118 25 disgusting
1190 2256 95 19 nuisance
1305 2257 66 19 which
1390 2263 42 12 was

997 2282 88 20 fostered
1103 2282 28 24 by
1147 2283 35 17 the
1198 2282 133 20 continuance
1349 2283 21 18 of
1387 2283 45 18 that

997 2308 142 26 highboarded
1150 2308 55 19 fence
1220 2308 61 25 along
1298 2309 34 19 the
1350 2309 45 19 face
1411 2309 21 18 of

997 2335 101 22 Pukeroa,
1110 2334 40 19 and
1158 2333 83 19 advised
1250 2334 26 19 its
1285 2335 96 19 removal.
1411 2335 17 18 A

997 2360 119 26 suggestion
1127 2361 22 18 of
1157 2360 41 19 this
1209 2362 40 16 sort
1264 2361 81 24 coming
1354 2361 53 19 from
1419 2367 11 11 a

997 2386 87 20 medical
1101 2392 47 13 man
1169 2385 73 20 should
1261 2387 99 24 certaiuty
1380 2387 52 18 have

997 2413 91 19 received
1098 2418 55 13 more
1164 2412 49 18 than
1225 2413 85 24 passing
1324 2413 105 23 attention,

997 2446 22 12 as
1029 2439 16 19 it
1054 2438 66 26 might
1131 2438 44 20 wall
1184 2438 25 19 be
1225 2439 101 25 supposed
1345 2439 45 18 that
1407 2438 25 19 lie

998 2465 40 19 had
1049 2464 65 26 ample
1125 2470 81 13 reasons
1216 2464 31 19 for
1254 2465 100 25 speaking
1362 2471 26 12 on
1397 2465 34 18 the

998 2491 86 25 subject.
1113 2490 63 19 What
1193 2490 33 19 led
1236 2493 20 16 to
1266 2491 34 19 the
1309 2491 86 19 erection
1411 2491 21 18 of

998 2524 11 13 a
1019 2518 52 19 close
1082 2516 90 19 boarded
1181 2517 57 18 fence
1248 2516 21 19 in
1280 2516 49 20 such
1346 2523 12 12 a
1377 2517 44 24 posi-

998 2544 42 19 tion
1050 2548 69 21 passes
1135 2542 171 25 comprehension,
1325 2543 71 18 unless
1416 2542 16 19 it

998 2570 25 19 be
1033 2569 44 19 that
1086 2575 55 12 some
1153 2568 94 25 previous
1264 2569 68 19 Board
1348 2568 84 20 ordered

998 2596 34 19 the
1044 2601 54 13 same
1117 2595 20 18 in
1155 2601 12 12 a
1184 2601 100 18 generous
1303 2597 89 17 moment
1412 2595 21 18 of

998 2621 108 26 sympathy
1117 2620 48 19 with
1175 2621 34 18 the
1228 2621 123 25 sawmilling
1367 2621 55 19 inter-

998 2650 40 17 ests
1062 2647 21 18 of
1102 2646 34 19 the
1155 2646 83 21 district.
1268 2647 101 19 However
1387 2647 45 18 that

998 2681 46 17 may
1054 2673 26 18 be
1090 2672 16 19 it
1115 2672 63 19 forms
1188 2679 26 12 an
1223 2675 54 17 asset
1285 2680 44 12 now
1337 2673 45 18 that
1391 2672 41 19 had

998 2700 66 19 better
1075 2699 26 19 be
1110 2698 86 20 realised
1206 2700 21 18 at
1237 2706 48 13 ouce
1296 2699 40 19 and
1352 2705 12 13 a
1379 2698 54 25 light

998 2726 48 19 wire
1055 2726 56 18 fonce
1122 2724 78 20 erected
1209 2725 21 19 in
1240 2725 26 19 its
1276 2725 63 26 place.

1024 2751 93 20 Another
1130 2752 72 18 matter
1220 2751 67 19 which
1303 2751 50 19 calls
1369 2751 32 19 for
1420 2757 12 13 a

998 2778 53 20 littlo
1060 2777 107 23 attention,
1178 2777 90 26 pending
1282 2777 35 19 the
1331 2780 69 16 return
1410 2778 22 18 of

998 2805 56 19 these
1064 2803 80 24 elusory
1154 2803 105 24 bye-laws,
1271 2804 17 18 is
1298 2803 34 19 the
1345 2803 73 20 banish-

998 2833 56 17 ment
1063 2829 106 19 forthwith
1178 2829 22 19 of
1216 2829 28 19 all
1263 2830 46 25 pigs
1324 2829 53 19 from
1396 2831 36 17 out

998 2857 35 19 the
1040 2855 63 20 limits
1113 2855 21 19 of
1144 2855 34 18 the
1194 2857 60 21 town,
1275 2855 106 25 including
1397 2855 36 19 the

998 2883 68 19 native
1084 2887 78 13 reserve
1178 2883 21 17 at
1212 2881 131 19 Ohinemutu.
1381 2881 51 26 Pigs

998 2916 34 12 are
1051 2907 48 25 only
1115 2907 98 19 tolerable
1228 2908 21 18 in
1268 2914 13 12 a
1296 2909 55 18 town
1372 2907 58 19 when

998 2933 108 21 converted
1115 2933 43 18 into
1168 2932 63 20 bacon
1242 2934 41 18 and
1291 2933 71 19 served
1372 2940 28 18 up
1412 2933 19 18 in

998 2961 35 19 the
1048 2960 62 24 shape
1129 2958 21 19 of
1169 2959 34 18 the
1224 2959 109 19 matutinal
1351 2959 80 19 rasher.

998 2987 29 19 As
1042 2993 13 12 a
1070 2985 89 20 resident
1173 2985 21 19 in
1209 2992 37 12 our
1261 2985 61 20 midst
1339 2985 26 20 he
1384 2985 18 19 is
1412 2991 21 12 as

998 3011 130 21 undesirable
1149 3017 22 13 as
1194 3018 37 13 one
1252 3012 21 19 of
1295 3011 34 20 Mr
1346 3011 86 20 Reeves'

998 3039 128 25 immigrants
1142 3037 39 19 and
1197 3045 13 12 a
1219 3038 54 24 price
1290 3038 65 26 ought
1370 3039 21 17 to
1407 3037 26 19 be

998 3064 137 22 immediately
1146 3063 69 25 placed
1225 3069 26 14 on
1264 3064 33 19 bis
1312 3064 59 19 head.
1400 3062 32 20 On

998 3091 35 19 the
1043 3090 91 20 occasion
1146 3089 21 19 of
1176 3097 12 11 a
1198 3090 58 24 tangi
1270 3090 63 25 being
1348 3090 48 19 held
1413 3092 20 16 at

997 3117 35 19 the
1042 3123 27 19 pa
1077 3116 47 24 pigs
1140 3121 33 13 are
1192 3116 132 24 slaughtered
1341 3115 40 19 and
1398 3115 35 19 the

998 3143 67 18 refuse
1075 3142 18 18 is
1103 3142 79 19 thrown
1198 3141 63 20 about
1271 3142 35 19 the
1323 3141 72 23 beach,
1409 3143 21 16 to

998 3169 69 18 seethe
1076 3167 41 19 and
1125 3168 61 19 fester
1202 3168 21 18 in
1240 3168 35 19 the
1292 3174 45 17 sun,
1347 3167 54 19 until
1418 3168 16 18 it

998 3195 93 18 becomes
1098 3199 12 13 a
1119 3199 53 13 mass
1183 3194 21 19 of
1218 3194 118 25 corruption
1352 3193 80 25 raising

999 3227 25 13 an
1033 3220 63 19 odour
1105 3222 36 16 not
1150 3220 78 24 exactly
1238 3220 118 25 suggestive
1366 3219 21 19 of
1398 3219 34 19 the

998 3246 103 26 perfumes
1111 3245 21 19 of
1140 3245 83 20 Arabia.
1252 3246 39 20 We
1301 3245 67 20 would
1378 3245 56 19 draw

998 3273 35 19 the
1049 3272 99 19 attention
1162 3272 22 18 of
1198 3273 35 17 the
1249 3271 62 19 Town
1327 3271 68 19 Board
1413 3273 21 16 to

998 3299 58 18 these
1065 3299 84 17 matters
1159 3297 22 19 in
1188 3298 50 19 view
1248 3298 22 18 of
1276 3297 35 19 the
1320 3297 102 26 approach-

999 3325 36 24 ing
1045 3324 37 19 hot
1092 3329 71 13 season
1171 3323 65 19 which
1245 3323 40 19 will
1292 3322 142 24 undoubtedly

998 3350 98 24 intensify
1107 3350 36 18 the
1151 3349 108 19 nuisances
1266 3349 40 19 and
1316 3349 69 25 injure
1399 3349 35 18 the

999 3377 57 23 place
1067 3375 20 19 in
1099 3375 34 19 the
1143 3376 115 18 estimation
1267 3375 21 19 of
1296 3375 87 19 visitors.

1000 3430 23 17 It
1037 3435 38 11 was
1097 3430 92 21 apparent
1211 3428 48 17 from
1280 3428 32 16 tlio
1331 3427 104 17 discussion

1000 3453 61 17 which
1068 3452 46 17 took
1122 3452 52 22 place
1188 3453 19 15 at
1221 3451 38 17 last
1273 3451 83 22 mooting
1369 3451 21 16 of
1402 3450 33 17 the

999 3477 59 16 Town
1071 3475 63 17 Board
1150 3475 42 17 that
1206 3474 33 17 the
1252 3475 76 21 present
1345 3479 79 16 arrange-

999 3500 62 16 ments
1077 3498 20 16 in
1111 3497 68 23 regard
1191 3499 20 15 to
1225 3497 33 17 the
1272 3496 127 23 impounding
1416 3496 20 17 of

1000 3523 53 21 stray
1073 3521 57 17 cattle
1146 3526 31 12 are
1193 3521 30 16 far
1239 3521 48 16 from
1308 3520 127 21 satisfactory.

1000 3545 23 17 01
1026 3545 34 16 her
1068 3545 61 16 towns
1138 3543 47 18 have
1193 3543 49 18 tried
1254 3543 32 17 the
1301 3548 49 11 same
1366 3543 70 21 system

1000 3574 20 11 as
1036 3567 17 18 is
1066 3567 21 16 in
1099 3572 62 17 vogue
1174 3567 44 16 here
1233 3566 38 17 and
1284 3566 47 17 with
1344 3565 92 23 precisely

1000 3590 72 18 similar
1079 3590 74 20 results,
1160 3589 37 17 but
1202 3589 52 17 there
1260 3589 16 17 is
1281 3590 34 16 not
1322 3594 25 11 an
1351 3588 85 17 instance

1000 3620 25 11 on
1033 3613 66 17 record
1108 3614 19 16 of
1141 3618 11 12 a
1166 3613 80 21 country
1259 3613 52 16 town
1324 3612 49 16 after
1390 3616 46 12 once

1000 3637 67 22 laying
1075 3636 32 17 the
1115 3635 65 23 pound
1188 3641 48 17 open
1249 3636 21 16 to
1284 3634 66 18 tender
1364 3635 61 16 revert-

1000 3660 35 21 ing
1048 3659 48 17 back
1112 3660 21 17 to
1148 3659 33 17 the
1195 3658 46 23 plan
1258 3658 20 17 of
1296 3657 113 23 appointing
1425 3663 11 11 a

1001 3682 80 18 salaried
1089 3682 73 18 official.
1180 3681 24 17 In
1212 3687 12 11 a
1232 3682 52 16 town
1293 3681 45 17 such
1347 3686 20 11 as
1376 3681 48 15 Roto-

1001 3711 34 11 rua
1044 3705 61 17 where
1114 3705 138 21 tree-planting
1259 3704 16 17 is
1284 3703 87 18 essential
1380 3704 19 15 to
1411 3703 25 17 its

1001 3734 88 17 progress
1096 3728 17 17 it
1120 3728 16 17 is
1143 3733 87 16 nccssary
1237 3728 43 17 that
1285 3727 32 16 the
1324 3727 49 16 most
1379 3726 47 16 strin-

1002 3753 46 20 gent
1056 3751 116 23 regulations
1181 3750 68 17 should
1256 3750 23 17 be
1287 3749 55 18 made
1350 3748 40 18 and
1403 3754 22 11 on-

1002 3775 64 17 forced
1082 3774 75 22 against
1173 3774 52 21 stray
1240 3773 81 17 animals
1343 3772 21 16 of
1381 3776 56 17 every

1002 3797 120 23 description,
1129 3796 37 17 and
1172 3797 86 16 however
1264 3795 74 18 zealous
1344 3800 24 11 an
1375 3794 62 17 officer

1002 3826 45 17 may
1054 3820 24 17 be
1086 3820 20 17 in
1114 3820 32 16 the
1154 3820 130 21 performance
1293 3818 19 17 of
1320 3818 29 16 his
1358 3816 48 22 duty
1421 3817 16 16 it

1002 3844 16 17 is
1026 3844 35 16 not
1069 3844 20 16 to
1096 3842 24 18 be
1129 3841 93 23 supposed
1230 3842 43 16 that
1281 3841 16 16 it
1303 3840 40 17 will
1351 3845 52 11 come
1411 3845 26 16 up

1003 3867 20 16 to
1032 3866 43 17 that
1083 3866 20 16 of
1111 3865 32 17 the
1152 3870 66 16 person
1227 3864 43 17 who
1280 3868 48 17 pays
1342 3868 11 11 a
1366 3862 71 17 certain

1004 3895 40 11 sum
1053 3894 34 16 per
1094 3893 71 12 annum
1173 3888 20 16 in
1202 3886 42 17 cash
1258 3886 38 17 and
1304 3885 53 18 looks
1372 3886 21 16 to
1407 3891 20 11 re-

1004 3912 82 21 couping
1098 3910 29 18 bi.j
1140 3910 66 22 outlay
1220 3910 26 21 by
1262 3909 33 17 the
1311 3907 127 23 impounding

1004 3935 43 17 fees.
1073 3933 82 21 Besides,
1164 3933 55 17 when
1232 3938 24 10 an
1270 3931 134 23 arrangement
1418 3931 20 17 of

1004 3957 38 18 this
1050 3957 39 17 sort
1097 3957 16 17 is
1122 3961 51 12 come
1181 3957 20 16 to
1209 3955 33 17 the
1251 3955 62 17 Board
1327 3955 15 16 is
1356 3953 82 18 relieved

1004 3981 20 17 of
1032 3980 26 17 all
1063 3978 139 23 responsibility
1208 3978 20 17 in
1233 3977 69 24 regard
1310 3978 20 17 to
1335 3978 32 16 the
1375 3977 62 17 action

1004 4004 20 17 of
1032 4003 33 18 the
1073 4002 137 23 poundkeeper,
1224 4008 20 10 as
1261 4001 43 17 that
1317 4001 121 21 functionary

1004 4027 51 17 must
1071 4026 46 17 then
1132 4025 46 17 bear
1194 4025 32 17 the
1242 4025 59 16 brunt
1317 4024 19 17 of
1349 4023 29 18 his
1395 4029 43 11 own

1005 4050 77 17 actions.
1108 4049 24 17 In
1139 4048 68 22 regard
1220 4049 20 16 to
1253 4048 33 17 the
1300 4047 93 20 Pukeroa,
1410 4051 28 12 wo

1005 4079 31 11 are
1045 4073 20 16 of
1073 4072 77 22 opinion
1156 4072 42 16 that
1206 4070 15 18 if
1229 4070 75 18 tenders
1317 4075 48 11 were
1379 4069 59 17 called

1006 4096 29 17 for
1043 4096 32 16 the
1084 4095 90 22 purchase
1189 4094 20 17 of
1225 4094 32 16 the
1274 4093 79 23 grazing
1369 4092 68 22 rights,

998 4114 1 21 I
1006 4118 60 17 under
1083 4118 95 17 whatever
1193 4116 115 18 restrictions
1324 4116 32 16 the
1376 4114 62 18 Board

1006 4141 51 18 liked
1065 4142 20 17 to
1093 4141 76 20 impose,
1179 4140 16 17 it
1210 4139 63 18 would
1287 4138 51 23 yield
1352 4144 11 11 a
1376 4138 62 22 larger

1436 139 82 14 .revenue
1526 134 47 16 than
1581 134 16 16 it
1613 133 44 18 does
1674 131 108 19 undex'tlie
1798 134 75 20 present

1439 157 110 17 conditions.
1563 156 39 17 The
1611 157 90 22 adoption
1710 155 20 18 of
1738 155 46 17 such
1792 161 11 11 a
1810 161 64 11 course

1439 179 63 18 would
1510 179 39 18 also
1558 179 52 21 allay
1617 179 72 18 certain
1697 179 75 19 doubts,
1780 178 20 17 in
1807 178 67 22 regard

1439 205 20 15 to
1467 203 33 17 the
1507 204 77 21 present
1589 203 77 17 method
1673 204 20 15 of
1698 201 101 22 obtaining
1805 201 57 17 admis-

1439 226 47 20 sion,
1496 225 46 18 such
1550 231 20 12 as
1579 231 48 13 were
1644 225 100 23 expressed
1759 225 21 16 in
1795 230 11 10 a
1819 224 56 16 letter

1439 249 45 17 read
1492 251 20 15 at
1521 249 32 17 the
1567 248 37 18 last
1620 249 85 22 meeting
1719 248 20 17 of
1755 247 32 18 the
1805 247 68 20 Board,

1439 272 39 17 and
1486 272 67 20 which,
1563 272 75 22 though
1646 270 121 22 erroneously
1783 269 58 18 based
1855 269 20 17 in

1440 296 32 17 the
1480 295 85 17 instance
1573 294 82 18 referred
1663 296 27 18 to,
1698 292 93 23 certainly
1797 293 54 17 exist.

1441 347 103 24 LOCAL
1558 348 96 23 NEWS
1678 347 71 23 AND
1763 345 109 24 NOTES.

1465 397 97 24 Specimen
1570 398 62 22 copies
1640 397 20 17 of
1674 397 32 17 the
1720 396 98 22 following
1826 395 38 23 pub-

1441 426 24 17 lic
1472 426 55 16 itions
1535 430 45 17 may
1587 425 23 17 bo
1619 430 43 12 seen
1677 425 21 16 at
1712 423 33 18 the
1759 422 118 19 ChBONICLE

1443 453 57 19 office,
1509 453 62 17 whore
1582 452 63 18 orders
1658 452 40 16 will
1711 452 24 16 be
1749 451 84 17 received
1848 451 30 17 for

1442 481 49 18 their
1500 479 75 24 regular
1583 479 173 22 delivery:—Black
1763 478 38 17 and
1808 479 68 19 White,

1442 509 39 17 Tlie
1498 507 75 20 Sketch,
1592 506 112 18 Illustrated
1718 506 81 18 London
1814 505 62 21 News,

1444 535 68 19 Strand
1521 534 105 23 Magazine,
1636 534 39 17 The
1688 534 87 17 Minster.
1790 532 89 19 Windsor

1444 562 104 25 Magazine,
1559 562 38 16 The
1606 561 56 19 Idler,
1672 561 82 22 English
1768 561 111 17 Illustrated

1446 591 102 24 Magazine,
1559 590 87 23 Ludgate
1655 590 106 22 Magazine,
1776 589 102 18 Scribners

1445 619 103 23 Magazine,
1571 618 80 17 Woman
1670 618 21 16 at
1713 617 69 20 Home,
1800 616 79 19 Schild's

1448 646 69 19 Ladies'
1528 645 95 21 Fashions,
1634 644 81 19 Sound's
1719 644 91 18 Mothers'
1820 642 57 25 Help,

1446 677 70 21 Young
1533 674 71 18 Ladies'
1625 673 87 20 Journal,
1736 673 53 22 (with
1806 672 74 19 fashion

1446 705 59 19 plates
1514 702 37 18 and
1559 700 92 24 patterns)
1658 700 70 19 Strand
1736 700 79 17 Musical
1823 700 42 23 Mag-

1446 731 57 21 azine,
1510 731 38 16 The
1557 728 69 18 Album
1632 728 49 22 (new
1687 728 108 17 illustrated
1801 728 79 22 weekly)

1447 759 83 19 Cassells'
1540 757 111 18 Illustrated
1656 756 77 21 Stories,
1750 756 51 22 Snap
1817 757 62 20 Shots,

1447 787 72 21 Scraps,
1529 785 75 17 Detroit
1613 785 47 17 Free
1668 785 61 19 Press,
1738 784 83 20 &c.,iic:*

1470 820 31 18 Mr
1509 820 28 17 W.
1547 820 72 21 Rogers
1627 819 35 17 has
1670 818 41 23 just
1722 818 84 19 received
1815 825 11 10 a
1835 824 34 11 con-

1447 844 95 22 signment
1550 842 20 18 of
1585 842 60 22 prime
1662 842 119 22 Canterbury
1795 844 86 20 potatoes

1447 869 21 15 at
1481 867 29 17 his
1522 865 66 18 store.*

1470 895 39 17 The
1516 893 54 17 usual
1576 893 88 21 monthly
1669 892 85 22 meeting
1759 893 20 16 of
1785 893 32 16 the
1824 893 58 16 Town

1448 917 62 18 Board
1518 916 38 17 will
1564 915 44 18 take
1616 915 55 23 place
1678 915 20 17 in
1707 915 32 18 the
1750 915 59 18 Court
1816 916 66 17 House

1448 942 111 15 to-morrow
1568 939 106 17 afternoon.

1471 968 38 17 The
1518 968 45 16 ltev.
1573 966 22 17 F.
1613 966 130 17 Sommerville
1762 965 93 22 preached
1862 966 20 16 in

1448 992 33 16 the
1496 989 132 23 Prcsbytesian
1653 989 75 18 Church
1752 989 38 17 last
1806 989 76 21 Sunday

1448 1013 88 24 morning
1544 1012 38 18 and
1590 1013 82 21 evening
1680 1013 20 16 to
1717 1011 51 24 good
1776 1011 104 18 audiences.

1472 1041 80 17 Tenders
1561 1044 31 13 are
1601 1039 59 17 called
1668 1040 30 16 for
1706 1039 20 17 in
1742 1039 38 17 this
1797 1039 48 17 issue
1854 1039 29 17 for

1448 1065 33 17 the
1489 1063 82 18 removal
1580 1063 20 16 of
1611 1062 32 18 the
1659 1063 64 16 native
1740 1062 64 17 school
1820 1062 52 17 build-

1449 1088 42 22 ings
1500 1088 48 16 from
1557 1085 71 18 Rotoiti
1638 1088 20 15 to
1667 1086 25 17 To
1705 1085 60 23 Ngae.

1473 1117 16 16 A
1496 1115 62 18 choice
1564 1116 113 15 assortment
1686 1115 21 16 of
1715 1114 103 17 Christmas
1825 1114 59 17 Cards

1449 1140 46 16 with
1504 1138 138 23 photographic
1650 1138 58 16 views
1717 1138 20 16 of
1745 1137 47 17 New
1801 1137 82 17 Zealand

1450 1168 75 15 scenery
1534 1167 43 16 may
1585 1161 24 17 be
1623 1161 96 22 inspected
1734 1163 19 15 at
1762 1161 32 17 the
1803 1161 81 17 Ciikox-

1451 1189 44 14 ICXE
1505 1184 73 18 Office.*

1474 1213 63 22 Judge
1545 1213 36 17 Gill
1589 1212 75 18 arrived
1668 1212 21 18 in
1696 1212 126 18 Botomalast
1829 1213 56 21 night

1451 1239 47 16 from
1507 1236 82 23 Opotiki.
1604 1236 35 17 His
1648 1237 100 21 payments
1755 1236 51 17 there
1815 1236 70 21 during

1451 1260 31 18 the
1497 1261 43 21 past
1559 1259 94 22 fortnight
1668 1259 80 17 totalled
1761 1259 88 18 upwards
1866 1260 20 16 of

1451 1283 67 19 £3OOO.

1474 1312 38 17 The
1521 1312 62 16 recent,
1594 1312 120 21 peremptory
1733 1310 62 19 notice
1810 1311 26 22 by
1853 1311 33 17 the

1451 1336 57 16 Town
1517 1334 62 18 Board
1588 1334 19 18 in
1617 1334 68 22 regard
1693 1336 21 15 to
1728 1334 80 16 overdue
1817 1335 56 16 water-

1451 1360 49 15 rates
1508 1358 34 17 has
1551 1357 37 18 had
1604 1357 33 18 the
1653 1358 55 17 effect
1724 1357 20 16 of
1760 1357 91 22 bringing
1867 1357 19 18 in

1451 1382 58 17 about
1517 1381 41 17 half
1566 1381 33 16 the
1612 1382 79 15 amount
1708 1380 129 22 outstanding.

1474 1411 38 16 The
1522 1409 118 19 Sanatorium
1658 1410 59 16 Lawn
1734 1410 67 16 Tennis
1818 1410 68 17 Courts

1451 1434 48 17 have
1507 1434 47 16 been
1561 1434 34 21 put
1604 1433 41 18 into
1649 1432 98 23 thorough
1754 1432 78 23 playing
1841 1439 34 11 con-

1452 1457 58 17 dition
1520 1456 37 17 and
1566 1461 31 13 are
1605 1462 43 10 now
1657 1462 48 15 open
1714 1457 20 16 to
1743 1457 32 15 the
1787 1455 69 24 public.
1870 1457 16 16 A

1452 1479 53 18 small
1515 1479 68 21 charge
1592 1479 16 17 is
1616 1479 60 18 levied
1693 1485 24 10 on
1734 1478 74 24 players
1824 1479 63 17 which

1452 1509 44 16 goes
1505 1502 82 18 towards
1597 1503 32 16 the
1638 1504 41 15 cost
1688 1502 19 17 of
1724 1502 114 22 equipment.

1477 1535 28 17 On
1514 1534 33 18 the
1555 1534 85 18 occasion
1649 1534 20 16 of
1678 1534 32 16 the
1722 1534 99 16 Auckland
1830 1533 45 22 Agri-

1453 1557 80 18 cultural
1543 1557 55 17 Show
1607 1558 65 17 return
1679 1557 67 17 tickets
1754 1557 37 16 will
1798 1557 22 16 he
1826 1557 61 17 issued

1453 1583 19 15 at
1481 1581 31 16 the
1522 1581 70 16 station
1601 1580 43 18 hero
1653 1586 24 11 on
1687 1580 41 17 Oct.
1743 1580 40 18 31st
1792 1580 37 17 and
1838 1580 48 17 Nov.

1454 1605 27 16 Ist
1489 1604 38 17 and
1536 1604 37 16 2nd
1590 1603 92 18 available
1698 1604 30 16 for
1744 1605 64 15 return
1825 1609 26 16 up
1868 1604 19 17 to

1452 1627 48 17 Nov.
1510 1627 33 17 6th
1552 1627 20 17 at
1581 1626 25 18 £1
1617 1627 20 17 8s
1646 1626 22 15 «1
1679 1627 41 15 first
1729 1627 47 16 class
1782 1627 37 16 and
1827 1627 29 16 14s
1864 1627 23 17 3d

1453 1650 67 17 second
1528 1650 53 17 class.

1475 1677 58 18 Owen
1542 1677 90 23 Higgins,
1649 1677 64 17 whose
1729 1683 82 16 prowess
1825 1677 19 17 in
1853 1677 33 18 the

1452 1700 96 23 pugilistic
1559 1706 57 12 arena
1630 1700 34 17 has
1681 1700 90 18 rendered
1788 1700 28 17 his
1832 1706 55 13 name

1454 1723 80 18 familiar
1546 1723 119 24 throughout
1682 1724 121 19 Australasia,
1813 1724 74 16 notifies

1453 1747 42 17 that
1503 1747 23 17 he
1536 1746 38 17 will
1583 1747 42 21 give
1639 1747 71 17 lessons
1728 1747 17 16 in
1764 1747 31 17 the
1813 1747 38 17 arts
1867 1748 20 16 of

1453 1770 71 21 boxing
1533 1770 37 16 and
1579 1770 68 17 Indian
1657 1770 43 17 club
1717 1770 96 22 swinging
1821 1771 20 16 at
1855 1770 31 17 Mr

1453 1793 55 17 Keys'
1519 1799 61 11 rooms
1587 1799 22 11 on
1617 1793 108 17 Thursdays
1734 1794 36 16 and
1777 1793 109 17 Saturdays.

1477 1823 30 17 Mr
1517 1822 21 18 R.
1549 1823 24 16 D.
1587 1822 80 23 Dniisoy,
1686 1822 90 24 registrar
1792 1823 21 17 bf
1820 1822 66 22 births,

1453 1846 66 18 deaths
1528 1846 38 16 and
1574 1851 103 18 in.images
1686 1845 19 17 in
1714 1845 33 18 the
1755 1845 84 18 Itotorua
1849 1846 29 16 dis-

1454 1869 48 21 triut,
1513 1869 65 17 favors
1588 1874 20 13 us
1618 1869 45 17 with
1680 1868 32 18 the
1730 1868 98 23 following
1844 1875 33 16 par-

1454 1893 75 16 ticulars
1539 1892 29 17 for
1576 1892 33 17 tlic
1618 1892 76 23 quarter
1703 1891 71 24 ending
1787 1891 50 23 Sept.
1853 1893 22 16 150
1884 1891 3 24 :

1454 1916 69 19 Births,
1534 1918 19 15 S;
1569 1915 108 26 marriages,
1688 1916 22 19 3;
1725 1914 71 20 deaths,
1807 1916 16 19 2,
1834 1914 54 23 (twin

1454 1938 98 23 children.)
1576 1938 59 18 There
1645 1941 47 15 havo
1701 1938 46 16 been
1757 1939 21 17 72
1790 1938 99 23 European

1453 1961 60 19 births
1522 1961 19 18 in
1552 1961 31 18 the
1592 1961 74 18 district
1675 1961 50 17 since
1733 1961 91 22 January,
1837 1962 50 16 lSi'O.

1479 1994 14 16 A
1503 1995 63 20 report
1575 1999 38 11 was
1622 1994 74 16 current
1706 1993 19 16 in
1734 1994 51 15 town
1794 1998 24 13 on
1832 1993 42 18 Mon-

1454 2016 36 23 day
1505 2017 42 17 that
1560 2022 11 12 a
1589 2016 94 18 woolshcd
1700 2015 104 24 belonging
1821 2016 19 18 to
1858 2016 31 18 Mr

1454 2039 65 23 Wylie,
1530 2039 84 21 Galatea,
1625 2039 36 17 had
1675 2039 46 18 boon
1736 2039 71 17 burned
1822 2041 19 15 to
1857 2039 32 17 the

1454 2063 79 22 ground.
1566 2063 78 22 Inquiry
1661 2062 74 17 elicited
1750 2062 42 18 that
1807 2068 25 12 an
1845 2065 33 15 out-

1454 2086 57 17 house
1520 2086 124 21 occasionally
1652 2085 45 18 used
1703 2085 24 23 by
1735 2086 71 17 natives
1813 2086 76 22 visiting

1454 2110 32 16 the
1495 2110 71 16 station
1574 2109 37 18 had
1620 2109 47 17 been
1676 2109 72 17 burned
1757 2109 34 18 but
1806 2109 32 17 the
1852 2109 37 17 loss

1454 2132 15 18 is
1478 2139 11 10 a
1498 2133 73 21 trifling
1579 2138 41 11 one.

1477 2161 38 17 The
1525 2161 68 17 limber
1600 2162 29 16 for
1637 2161 32 17 the
1680 2161 89 17 look-out
1785 2161 69 16 station
1869 2161 20 17 at

1454 2184 32 18 the
1496 2184 77 15 summit
1581 2185 20 15 of
1609 2183 131 24 Ngongotaha
1748 2183 33 18 lias
1790 2189 42 12 now
1842 2183 47 18 been

1454 2207 68 16 hauled
1531 2213 26 16 up
1566 2208 20 16 to
1594 2207 25 17 its
1627 2204 82 25 position
1719 2206 36 17 and
1765 2207 32 16 the
1807 2208 81 17 erection

1454 2230 19 17 of
1482 2230 32 17 the
1522 2230 91 22 platform
1622 2230 39 17 will
1675 2230 23 17 be
1712 2229 118 19 commenced
1843 2231 46 16 next

1454 2253 58 17 week.
1536 2253 31 17 Mr
1576 2253 80 19 Purcell,
1666 2253 56 17 when
1731 2258 23 12 on
1764 2259 10 11 a
1783 2255 43 14 tour
1832 2254 19 16 of
1860 2253 19 17 in-

1454 2277 84 21 spection
1552 2282 24 11 on
1591 2276 90 22 Monday,
1698 2276 44 17 rode
1752 2276 52 23 right
1820 2277 21 16 to
1857 2276 32 17 the

1454 2300 77 16 summit
1540 2300 25 22 by
1573 2300 33 16 the
1614 2298 76 19 Jubilee
1699 2300 58 19 track,
1771 2299 31 18 the
1817 2300 72 16 natives

1453 2322 20 18 in
1481 2323 80 22 hauling
1569 2323 32 16 the
1611 2323 69 16 timber
1689 2324 19 15 to
1725 2323 32 16 the
1771 2324 33 20 top
1818 2323 71 22 having

1454 2345 90 19 rendered
1553 2346 45 17 such
1607 2347 54 16 route
1669 2345 53 23 quite
1734 2345 119 23 practicable.

1478 2373 68 22 Seeing
1555 2373 42 17 that
1606 2380 10 10 a
1625 2375 49 15 taste
1684 2373 28 17 for
1724 2373 59 17 music
1791 2373 15 17 is
1815 2373 74 22 rapidly

1454 2396 57 24 being
1520 2396 102 23 developed
1631 2397 44 16 here
1684 2402 27 11 we
1727 2396 68 18 cannot
1805 2396 42 22 give
1856 2402 34 11 our

1454 2420 73 17 readers
1537 2420 42 17 who
1588 2425 31 12 are
1627 2420 43 16 that
1684 2425 42 16 way
1740 2419 80 17 inclined
1828 2418 62 19 better

1454 2443 64 17 advice
1527 2443 45 17 than
1583 2443 20 17 to
1612 2444 44 16 turn
1665 2444 20 15 to
1694 2443 32 16 the
1744 2443 144 16 advertisement

1454 2467 20 16 of
1482 2466 70 18 Messrs
1561 2465 90 19 Hoffman
1660 2466 37 17 and
1707 2466 46 16 Sons
1764 2471 23 11 on
1797 2465 32 17 the
1839 2466 50 17 front

1454 2495 56 17 page.
1535 2490 38 16 The
1581 2489 41 18 firm
1629 2489 15 17 is
1650 2490 58 21 agent
1715 2488 29 18 for
1750 2488 32 18 the
1788 2488 41 17 best
1835 2489 41 22 Eng-

1454 2512 36 17 lish
1507 2512 38 17 and
1566 2512 121 18 Continental
1704 2512 150 17 manufacturers
1870 2512 20 18 of

1453 2541 71 16 pianos,
1535 2535 38 17 and
1583 2535 28 18 for
1621 2536 20 16 F.
1651 2535 71 18 Besson
1736 2535 38 17 and
1783 2535 42 17 Go's
1834 2535 55 17 Brass

1454 2559 54 17 Band
1517 2558 129 19 instruments.

1477 2587 31 16 Mr
1517 2586 22 17 11.
1549 2586 25 17 11.
1586 2587 82 21 lieaney,
1679 2587 31 16 the
1719 2586 62 22 newly
1788 2585 101 24 appointed

1453 2610 46 17 road
1508 2610 89 22 engineer
1605 2610 29 15 for
1644 2610 36 16 this
1690 2610 79 17 district,
1780 2610 73 15 arrived
1866 2615 23 12 on

1454 2632 100 22 Saturday.
1580 2633 23 17 In
1613 2632 31 17 Mr
1653 2632 135 18 Hursthousc's
1798 2638 91 17 company

1454 2656 23 16 he
1486 2656 15 16 is
1510 2656 78 22 making
1596 2662 12 10 a
1616 2657 44 15 tour
1668 2656 20 16 of
1698 2656 31 16 the
1740 2655 74 17 district
1827 2655 62 18 before

1454 2679 97 22 assuming
1559 2679 75 22 charge.
1660 2678 31 18 Mr
1701 2679 75 21 lieaney
1790 2679 38 16 will
1843 2679 46 16 have

1454 2709 11 10 a
1473 2702 53 22 largo
1535 2703 65 16 extent
1609 2702 19 17 of
1637 2704 80 20 country
1725 2702 60 16 under
1790 2702 28 17 his
1825 2708 54 16 super-

1454 2726 59 16 vision
1528 2725 104 22 extending
1646 2726 19 16 to
1680 2725 66 17 within
1762 2726 22 16 20
1802 2725 52 17 miles
1871 2726 20 16 of

1454 2749 70 21 Napier
1533 2749 19 16 in
1561 2749 32 16 the
1602 2754 35 11 one
1646 2748 98 20 direction,
1751 2748 37 17 and
1794 2748 67 17 almost
1869 2750 20 15 to

1454 2773 100 21 Tauranga
1572 2772 20 16 in
1608 2772 33 17 the
1658 2771 60 17 other.
1752 2772 83 17 Itotorua
1852 2771 39 18 will

1454 2796 86 16 however
1548 2795 23 16 bo
1580 2795 28 16 his
1617 2795 152 22 head-quarters.

1477 2824 17 15 A
1508 2822 103 17 somewhat
1627 2822 73 22 painful
1719 2822 108 22 experience
1842 2822 36 23 hap-

1454 2846 60 23 pened
1524 2847 19 15 to
1553 2846 30 16 Mr
1592 2846 71 16 Walter
1673 2845 60 17 Steele
1750 2846 19 16 at
1787 2845 31 17 the
1835 2845 20 17 M
1862 2851 16 11 tr-

1454 2875 55 11 aeroa
1517 2869 83 17 Sawmill
1614 2874 25 12 on
1656 2868 70 22 Friday
1742 2868 42 17 last.
1811 2869 16 16 A
1835 2870 56 20 party

1455 2893 19 16 of
1483 2892 32 17 the
1523 2892 107 22 employees
1637 2897 49 12 were
1703 2892 102 22 preparing
1821 2897 11 10 a
1849 2897 41 12 new

1455 2915 70 17 cricket
1533 2915 52 22 pitch
1595 2921 44 11 near
1648 2915 32 17 the
1694 2914 46 21 mill,
1750 2914 37 18 and
1804 2914 37 18 this
1858 2920 22 12 ne-

1455 2938 99 18 cessitated
1563 2938 32 17 the
1604 2938 85 22 blasting
1701 2939 35 16 out
1744 2938 20 17 of
1773 2943 34 11 one
1824 2943 22 11 or
1853 2938 38 17 two

1455 2963 79 20 stumps.
1556 2961 24 17 In
1588 2961 59 21 doing
1656 2967 20 11 so
1686 2967 10 11 n.
1705 2961 69 22 charge
1787 2961 20 17 of
1815 2961 77 21 powder

1455 2984 98 23 exploded,
1564 2984 82 22 severely
1655 2984 100 22 scorching
1764 2984 31 17 Mr
1812 2983 76 18 Steele's

1455 3008 46 17 face.
1527 3008 30 16 No
1566 3013 51 12 more
1626 3007 80 22 damage
1720 3013 39 11 was
1775 3006 53 21 done,
1838 3007 40 17 how-

1455 3037 48 13 ever,
1513 3031 46 17 than
1569 3031 45 22 kept
1623 3031 32 16 the
1669 3031 77 16 sufferer
1762 3030 19 16 in
1790 3030 37 17 bod
1844 3030 28 17 for
1881 3036 11 10 a

1456 3054 66 22 couple
1531 3055 20 16 of
1560 3054 53 22 days.

1478 3086 39 16 The
1526 3085 63 17 search
1598 3085 29 17 for
1635 3086 59 16 water
1708 3086 20 16 at
1736 3090 11 11 a
1763 3085 67 22 higher
1839 3086 37 16 tem-

1456 3110 88 20 perature
1560 3108 20 17 in
1585 3108 33 18 the
1634 3108 80 22 vicinity
1729 3108 21 17 of
1765 3108 33 17 the
1812 3107 79 18 Priest's

1455 3132 50 17 Bath
1512 3132 34 17 has
1554 3133 20 15 at
1590 3131 68 23 length
1674 3131 47 17 been
1738 3130 85 18 crowned
1841 3131 47 16 with

1455 3160 77 12 success.
1557 3154 106 23 Yesterday
1672 3154 32 17 the
1713 3154 58 18 ladies
1787 3154 47 17 bath
1851 3159 40 12 was

1455 3179 20 16 at
1484 3178 32 17 the
1524 3179 127 21 temperature
1659 3178 21 16 of
1691 3178 31 16 102
1740 3177 83 22 degrees,
1834 3177 57 17 while

1455 3201 32 17 the
1496 3201 58 17 men's
1564 3201 47 17 bath
1620 3200 72 22 ranged
1705 3201 49 16 from
1766 3201 31 16 102
1814 3201 20 16 to
1853 3201 39 16 106.

1455 3224 39 17 The
1507 3224 86 17 trenches
1607 3224 63 17 which
1686 3229 48 12 were
1752 3223 72 23 opened
1840 3229 51 11 some

1455 3247 46 17 time
1509 3253 37 17 ago
1559 3246 48 18 have
1623 3246 114 23 apparently
1753 3246 116 22 inteicepted
1878 3252 11 10 a

1456 3271 43 17 cold
1507 3272 69 15 stream
1585 3270 61 17 which
1663 3276 38 10 was
1718 3269 74 23 finding
1809 3269 25 17 its
1850 3274 42 18 way

1455 3295 41 16 into
1506 3293 31 18 the
1545 3293 62 18 baths.
1634 3293 19 17 It
1661 3293 16 16 is
1686 3294 19 16 to
1714 3292 23 17 be
1745 3292 62 22 hoped
1816 3292 32 17 the
1856 3292 24 17 im-

1455 3317 110 22 provement
1572 3316 39 17 will
1619 3316 24 17 be
1651 3316 120 22 permanent.

1480 3344 83 21 Chapter
1580 3344 32 17 111
1628 3344 21 17 of
1733 3342 80 18 Ancient
1832 3342 60 17 Maori

1540 3366 26 22 by
1574 3366 32 18 Mr
1621 3366 73 17 Elsdon
1703 3366 45 16 Best
1764 3366 38 16 will
1810 3365 24 17 be
1842 3371 38 11 com-

1457 3389 77 17 menced
1542 3390 19 16 in
1570 3391 46 15 next
1632 3390 55 16 issue.
1712 3389 40 17 The
1768 3388 124 22 genealogies,

1456 3413 61 17 which
1527 3413 73 21 though
1609 3412 65 17 rather
1684 3412 139 22 uninteresting
1832 3413 19 15 to
1861 3411 31 17 the

1457 3436 76 22 general
1543 3436 65 17 reader
1616 3441 31 11 are
1656 3436 21 16 of
1686 3435 55 17 much
1755 3434 54 18 value
1824 3435 20 16 to
1860 3434 32 17 the

1456 3459 122 22 ethnologist,
1595 3458 39 17 will
1651 3459 23 15 be
1691 3457 103 18 concluded
1811 3457 37 17 and
1861 3457 31 17 the

1457 3481 98 23 following
1576 3482 87 22 chapters
1680 3481 38 17 will
1735 3480 42 18 deal
1799 3480 46 17 with
1861 3480 31 17 the

1456 3505 57 16 tribes
1522 3506 21 16 of
1551 3505 33 16 the
1598 3505 41 21 Bay
1653 3504 19 17 of
1689 3504 70 22 Plenty
1771 3502 73 18 district
1856 3502 36 18 and

1457 3528 32 17 the
1498 3528 122 22 Rangitaikai
1628 3527 73 22 Valley,
1712 3527 33 16 the
1754 3532 72 16 voyage
1835 3526 20 16 of
1861 3525 31 17 the

1457 3551 113 17 Aratawhao
1578 3552 21 16 to
1607 3550 94 20 Hawaiki,
1712 3550 33 16 the
1755 3549 75 17 ancient
1839 3554 53 14 wars,

1457 3574 32 17 the
1499 3573 61 18 Maori
1569 3573 65 18 Hades
1642 3573 38 17 and
1696 3572 75 17 various
1786 3571 106 20 traditions,

1457 3597 37 16 and
1503 3596 96 17 folk-lore.

1480 3626 27 16 At
1514 3625 33 17 the
1561 3625 19 17 S.
1590 3625 27 16 M.
1627 3624 60 17 Court
1694 3629 25 12 on
1733 3622 69 23 Friday
1815 3622 37 18 last
1860 3623 22 17 be-

1458 3648 39 17 fore
1506 3647 114 18 Lieut.-Col.
1630 3647 88 19 Roberts,
1732 3646 83 17 William
1830 3646 62 20 Allan,

1457 3671 63 17 whose
1528 3671 95 22 language
1633 3676 25 11 on
1666 3669 33 18 the
1707 3669 88 22 previous
1810 3669 37 22 day
1855 3669 37 18 had

1457 3694 47 17 been
1513 3699 51 12 more
1572 3694 89 21 vigorous
1669 3692 47 17 than
1733 3692 106 22 becoming,
1854 3699 38 10 was

1458 3716 99 18 sentenced
1566 3718 19 15 to
1594 3721 55 12 seven
1659 3714 46 23 days
1714 3714 47 18 hard
1771 3714 58 18 labor.
1854 3716 38 17 The

1458 3739 98 21 following
1565 3739 41 17 civil
1620 3744 51 12 cases
1686 3744 48 11 were
1751 3737 86 23 disposed
1844 3737 48 23 of:—■

1456 3762 20 17 J.
1493 3761 26 18 H.
1536 3761 70 23 Taylor
1621 3767 18 11 v.
1657 3761 64 17 James
1738 3761 74 22 Taylor,
1830 3761 61 21 claim,

1458 3784 38 19 £ls
1507 3786 29 15 10s
1547 3784 40 18 lid.
1611 3784 108 23 Judgment
1724 3790 38 11 was
1770 3785 56 22 given
1832 3785 20 16 in
1859 3785 22 16 ab-

1458 3813 53 11 sence
1520 3808 20 16 of
1555 3807 104 17 defendant
1676 3808 29 16 for
1721 3808 79 16 amount
1815 3807 77 18 claimed

1458 3831 38 16 and
1505 3831 31 16 22s
1545 3831 55 16 costs.
1625 3830 19 17 J.
1661 3830 26 17 H.
1705 3831 69 18 Taylor
1790 3836 18 11 v.
1826 3831 66 17 Alfred

1458 3853 103 20 Warbrick,
1572 3854 61 19 claim,
1644 3853 37 17 £23
1690 3854 20 16 Ss
1728 3854 30 17 (id.
1791 3854 55 17 After
1854 3854 29 17 evi-

1458 3876 57 17 dence
1524 3876 36 17 had
1568 3876 46 17 been
1623 3876 59 17 heard
1698 3876 102 23 regarding
1808 3883 12 11 a
1835 3877 57 17 house

1458 3899 62 17 stated
1530 3900 18 16 to
1557 3899 47 17 have
1612 3899 48 17 been
1675 3900 56 21 given
1744 3906 20 11 as
1777 3900 83 21 security
1868 3900 24 21 by

1459 3922 108 20 defendant,
1576 3922 36 17 but
1620 3923 20 16 of
1646 3922 62 18 wdiich
1715 3923 33 18 the
1765 3923 84 21 plaintiff
1855 3922 37 17 had

1458 3946 47 16 been
1512 3945 69 17 unable
1594 3947 20 15 to
1628 3946 65 16 obtain
1709 3946 111 22 possession,
1830 3951 12 11 a
1849 3951 33 12 ver-

1458 3968 39 17 dict
1504 3974 38 11 was
1550 3968 56 22 given
1623 3969 31 16 for
1670 3969 32 17 the
1719 3970 78 16 amount
1814 3968 78 18 claimed

1459 3991 39 17 and
1506 3990 25 18 £1
1543 3991 30 17 19s
1581 3992 56 16 costs.

1550 4018 111 17 WOLFE'S
1675 4019 132 16 SCHNAPPS

1460 4067 81 17 Enables
1549 4068 33 17 the
1595 4068 85 17 stomach
1694 4069 20 16 to
1728 4068 62 21 digest
1804 4067 32 17 the
1849 4067 43 18 food

1460 4090 116 23 thoroughly
1585 4090 38 17 and
1633 4091 81 22 rapidly.
1739 4091 51 17 Thus
1804 4091 16 16 it
1833 4091 15 16 is
1862 4090 30 17 the

1459 4119 98 16 precursor
1566 4114 19 17 of
1593 4114 67 17 robust
1668 4114 66 17 health
1742 4114 20 17 to
1771 4114 31 16 the
1812 4113 69 23 dyspep-

1460 4136 27 16 tic
1495 4136 76 16 invalid.

1918 133 39 17 The
1985 133 48 17 Man
2041 132 59 17 about
2107 131 59 17 Town
2222 129 33 17 the
2271 129 46 17 Pahi-

1896 157 46 17 atua
1950 156 63 25 Argus
2022 156 56 16 while
2086 153 99 23 deploring
2192 153 32 16 the
2231 152 100 22 departure

1896 180 20 17 of
1932 179 32 17 Mr
1980 179 23 17 R.
2022 179 25 17 H.
2067 178 82 21 Eeaney,
2170 175 46 18 road
2236 175 94 23 eugineer,

1897 202 114 18 transferred
2020 203 20 16 to
2049 202 38 17 this
2100 198 80 22 district,
2197 198 52 17 takes
2264 204 56 16 excep-

1897 226 40 16 tion
1945 226 20 16 to
1978 226 33 16 the
2028 223 141 24 arrangements
2185 221 55 17 made
2253 221 30 17 for
2300 222 32 16 the

1897 248 83 18 farewell
1996 248 40 17 ball
2051 248 56 21 given
2123 246 20 17 in
2159 245 30 17 his
2203 244 66 17 honor.
2302 245 31 17 He

1896 271 59 22 hopes
1983 271 107 18 that-when
2098 269 33 18 the
2143 268 97 21 whirligig
2253 268 20 17 of
2287 268 46 17 time

1897 294 62 17 works
1968 293 62 18 round
2039 295 21 16 to
2069 292 109 19 necessitate
2193 291 32 16 Mr
2241 290 92 23 Eeaney's

1897 318 83 17 removal
1989 318 50 16 from
2051 316 85 18 Botorua
2149 315 33 16 the
2198 313 39 23 jam
2251 314 47 17 tarts
2314 315 20 15 of

1898 340 43 17 that
1955 341 75 16 district
2043 340 39 16 will
2096 339 24 17 be
2135 337 42 18 able
2190 337 20 16 to
2227 342 79 16 arrange
2323 343 10 10 a

1898 364 5 17 i
1910 363 46 17 send
1964 360 37 24 oft"'
2010 363 20 17 in
2038 368 56 16 every
2102 362 73 21 respect
2183 360 75 21 Worthy
2267 360 20 16 of
2302 360 33 16 the

1898 386 110 22 gentleman
2016 386 43 17 who
2069 386 15 17 is
2093 384 71 18 certain
2173 384 19 16 to
2201 383 69 17 endear
2283 383 50 17 hirn-

1899 418 8 11 B
1908 409 26 17 elf
1942 410 20 16 to
1971 409 29 17 his
2008 414 43 12 new

1922 437 60 17 There
1990 437 34 17 has
2034 435 111 24 apparently
2159 434 48 17 been
2222 439 11 11 a
2243 431 64 18 flutter
2315 432 20 17 in

1899 459 32 18 the
1940 459 109 18 dove-cotes
2059 459 90 21 utTaupo
2155 463 44 12 over
2204 463 11 10 a
2222 457 62 16 recent
2294 462 28 11 ma-

1900 483 95 17 trimonial
2004 482 79 17 alliance
2099 481 67 20 which,
2184 479 102 23 according
2296 480 20 16 to
2324 485 12 10 a

1900 505 153 22 correspondent,
2070 505 34 17 has
2120 504 47 17 been
2184 501 109 20 contracted
2309 502 26 21 by

1900 534 11 11 a
1939 529 83 17 resident
2125 527 39 17 The
2173 525 58 19 latUes
2239 525 19 18 of
2263 525 72 23 Taupo,

1900 557 28 12 we
1936 557 32 12 arc
1976 551 40 18 also
2025 550 99 20 informed,
2138 550 69 17 turned
2223 555 24 10 o;:
2249 550 7 10 f
2273 548 20 17 in
2310 548 26 17 all

1901 575 49 16 their
1957 574 81 22 bravery
2047 579 24 12 on
2080 574 31 16 the
2120 573 56 22 night
2193 578 24 12 on
2303 571 33 17 the

1901 597 56 18 coach
1971 597 74 17 arrived
2060 597 104 21 conveying
2181 596 32 16 the
2229 595 59 19 bride,
2298 603 5 7 i
2312 595 25 15 nd

1901 626 48 16 gave
1957 621 34 16 her
1999 626 12 11 a
2019 619 67 23 hearty
2100 619 94 19 welcome,
2203 619 36 16 but
2250 617 39 18 dire
2299 623 13 11 v*
2321 623 16 10 is

1902 644 31 16 the
1942 642 28 19 die
1976 643 127 23 ippointment
2112 644 19 15 to
2141 641 38 18 find
2194 642 42 16 that
2248 642 17 15 it
2279 646 38 11 was
2326 646 9 10 .•

1902 672 41 12 case
1951 667 20 17 of
2038 666 58 19 cards,
2114 670 24 12 no
2243 664 19 17 It
2270 664 16 16 is
2295 669 31 11 sur-

1903 689 58 18 mised
1969 690 43 16 that
2022 689 31 17 the
2060 689 56 17 latter
2129 694 39 10 was
2176 689 32 16 too
2216 687 61 22 heavy
2286 689 20 14 to
2314 686 24 17 be

1902 712 85 23 brought
2003 718 24 11 on
2037 712 32 17 the
2086 717 50 12 same
2152 711 44 21 trip,
2213 710 36 17 but
2258 717 10 10 a
2285 710 53 17 three

1902 734 184 24 hundred-pounder
2093 735 16 16 is
2115 734 67 17 looked
2190 734 29 16 for
2227 735 20 15 at
2253 739 24 11 an
2286 732 52 23 early

1903 758 50 18 date.

1926 787 27 17 To
1962 787 54 17 those
2025 786 43 18 who
2076 791 31 12 are
2116 791 24 12 on
2149 786 85 21 pleasure
2243 784 50 20 bent,
2301 784 37 17 and

1903 811 43 17 who
1955 810 60 18 desire
2023 811 20 16 to
2053 809 83 17 combine
2145 814 11 11 a
2165 809 50 16 little
2222 809 90 21 shooting
2318 813 21 11 or

1904 835 53 16 trout
1969 833 72 22 fishing
2055 832 45 17 with
2114 832 48 17 their
2176 831 80 23 glimpse
2269 832 21 16 at
2306 831 33 16 the

1904 856 85 17 wondevs
1998 856 20 17 of
2027 856 37 17 this
2074 854 115 19 remarkable
2197 855 74 16 district
2280 854 47 17 Atea-

1904 880 48 17 muri
1962 885 23 12 on
1995 880 32 16 the
2035 879 58 17 coach
2102 878 46 17 road
2156 878 85 16 between
2248 878 45 16 here
2302 877 38 17 and

1903 903 65 22 Taupe
1977 903 55 17 offers
2041 909 12 10 a
2062 902 68 17 chance
2147 901 61 17 which
2222 900 67 18 should
2306 901 32 16 not

1903 926 23 17 be
1935 925 75 18 missed.
2035 925 27 18 To
2079 925 44 17 such
2140 924 33 17 the
2189 924 151 18 announcement

1904 949 20 17 of
1932 950 51 17 Host
1992 948 103 20 Crowther,
2103 948 20 16 of
2131 947 33 17 the
2170 946 96 18 Atcamuri
2274 946 64 18 Hotel,

1904 972 39 18 will
1954 972 23 18 be
1994 972 20 17 of
2030 972 83 16 interest.
2138 971 39 16 The
2194 971 57 16 house
2267 970 16 16 is
2300 976 27 10 em-

1904 995 90 18 bosomed
2002 995 20 17 in
2030 995 119 22 picturesque
2158 999 76 16 scenery
2243 993 36 17 and
2291 993 49 17 close

1905 1020 19 16 to
1933 1019 33 17 the
1975 1018 142 18 Aniwhaniwha
2128 1022 21 13 or
2157 1016 92 18 Rainbow
2260 1016 51 17 Falls
2320 1018 20 15 to

1905 1042 61 17 which
1976 1047 44 16 easy
2029 1047 63 11 means
2105 1040 20 17 of
2141 1045 61 12 access
2218 1039 16 18 is
2249 1039 91 17 afforded.

1905 1066 29 21 By
1943 1070 64 12 means
2016 1065 20 15 of
2044 1070 12 10 a
2063 1069 42 11 new
2114 1065 54 15 route
2176 1063 40 17 also
2225 1063 33 17 the
2267 1063 75 22 boiling

1905 1088 82 22 springs,
1996 1087 34 18 red
2038 1087 38 17 and
2084 1085 58 19 white
2150 1087 80 16 terraces
2239 1086 37 17 and
2289 1091 39 12 won-

1905 1111 63 17 derful
1976 1111 52 17 alum
2037 1116 54 12 caves
2100 1110 19 16 of
2136 1109 157 17 Orakei-Korako
2310 1115 32 11 are

1905 1134 85 23 brought
1999 1134 67 17 within
2076 1132 44 19 nine
2128 1132 53 18 miles
2190 1132 89 18 distance.

1929 1162 20 17 If
1957 1162 33 17 the
1999 1162 77 21 sittings
2081 1160 19 17 of
2107 1160 32 18 the
2148 1160 68 16 Native
2222 1160 54 16 Land
2283 1160 60 18 Court

1905 1185 45 17 hero
1958 1186 48 16 have
2016 1184 56 23 given
2086 1183 33 17 the
2136 1183 63 22 gentle
2215 1183 127 17 autochthone

1906 1215 11 10 a
1934 1209 67 16 surfeit
2017 1208 20 17 of
2054 1206 49 23 legal
2128 1205 101 23 procedure
2249 1212 28 11 we
2294 1207 49 16 have

1907 1232 55 17 much
1971 1237 66 12 reason
2047 1232 20 15 to
2076 1230 22 17 be
2107 1230 83 22 grateful
2202 1231 20 15 to
2232 1229 35 17 His
2276 1230 67 16 Honor

1906 1254 64 23 Judge
1979 1254 78 18 Wilson.
2083 1253 33 17 We
2124 1258 49 12 were
2185 1252 88 18 doubtful
2286 1253 16 16 if
2310 1252 33 19 the

1907 1284 84 11 measure
2001 1278 19 16 of
2029 1277 60 17 Maori
2096 1275 100 23 happiness
2204 1275 20 17 in
2233 1275 32 17 the
2274 1277 69 16 matter

1907 1302 20 16 of
1936 1301 96 23 litigation
2041 1299 55 18 could
2102 1299 22 18 be
2130 1299 51 17 tilled
2189 1300 19 16 to
2214 1299 128 22 overflowing.

1907 1324 44 17 This
1960 1324 69 19 would,
2039 1324 92 18 however,
2146 1328 70 16 appear
2224 1323 20 16 to
2258 1322 23 17 be
2298 1326 34 19 pos-

1908 1348 51 19 sible,
1969 1346 85 25 judging
2060 1346 48 18 from
2117 1346 32 16 the
2158 1346 39 16 fact
2202 1345 43 17 that
2249 1345 33 17 the
2289 1352 54 11 cause

1907 1371 33 16 list
1956 1370 104 17 submitted
2076 1371 19 15 to
2114 1369 114 17 Lieut.-Col.
2255 1369 87 20 Roberts,

1908 1395 54 16 when
1972 1394 23 17 he
2004 1393 45 18 took
2058 1393 29 16 his
2096 1393 39 16 scat
2144 1397 50 17 upon
2204 1392 32 16 the
2248 1392 62 17 bench
2319 1398 24 11 on

1908 1417 70 22 Friday
1987 1417 43 19 last,
2041 1422 38 11 was
2087 1414 96 23 bankrupt
2189 1415 19 17 of
2220 1421 12 11 a
2240 1415 60 22 single
2309 1421 23 11 na-

1908 1440 38 17 tive
1955 1446 61 12 name.
2034 1440 59 17 There
2102 1444 38 11 was
2149 1439 34 16 not
2191 1444 46 11 even
2246 1445 11 10 a
2265 1439 78 22 solitary

1908 1463 54 18 horse
1971 1470 47 13 ease,
2029 1463 37 17 and
2075 1467 34 12 our
2120 1463 84 21 reporter
2211 1461 41 21 left,
2262 1461 70 23 ponder-

1908 1486 35 22 ing
1950 1487 54 21 sadly
2013 1492 45 11 over
2071 1486 31 16 the
2117 1485 108 21 mutability
2239 1485 20 17 of
2273 1485 70 16 human

1908 1510 69 15 affairs.

1933 1538 16 17 A
1959 1537 84 24 meeting
2051 1538 20 16 of
2079 1536 32 19 the
2125 1535 132 23 Presbyterian
2269 1536 75 18 Churob

1910 1561 112 19 Committee
2032 1561 44 17 took
2085 1559 53 24 place
2146 1565 25 11 on
2186 1559 93 23 Saturday
2288 1564 46 13 even-

1909 1584 34 24 ing
1951 1585 43 17 last.
2020 1584 39 18 The
2067 1583 44 18 Rev.
2119 1583 22 16 li.
2149 1582 135 21 Sommerville,
2295 1583 50 16 clerk

1910 1609 19 16 to
1946 1608 33 17 the
1996 1606 99 19 Auckland
2117 1605 114 24 Presbytery
2251 1605 93 23 presided.

1910 1632 39 16 The
1958 1630 105 18 suitability
2072 1630 20 18 of
2109 1629 31 17 the
2155 1629 69 17 section
2241 1629 75 22 bought
2326 1630 18 16 :it

1910 1654 35 18 last
1953 1653 44 19 laud
2007 1653 38 18 side
2054 1653 29 18 for
2091 1658 11 12 a
2118 1652 69 18 church
2202 1653 34 16 site
2253 1658 38 11 was
2300 1658 34 11 con-

1910 1677 79 18 sidered.
2015 1677 31 17 Mr
2055 1674 128 20 Sommerville
2197 1675 39 17 said
2246 1675 42 18 that
2297 1676 49 16 after

1910 1700 106 24 inspecting
2025 1700 33 17 the
2067 1698 73 24 ground
2149 1699 23 16 lie
2187 1698 108 18 considered
2303 1698 43 18 that

1910 1724 32 17 the
1952 1724 35 17 site
1996 1721 68 21 choscd
2072 1728 20 12 as
2101 1721 42 19 well
2152 1728 20 11 us
2181 1727 35 12 sec.
2227 1728 9 10 o
2246 1721 100 23 adjoining

1911 1753 48 11 were
1968 1748 32 16 too
2009 1746 55 17 much
2074 1745 19 17 in
2110 1745 32 17 the
2159 1744 129 24 background.
2314 1745 31 17 He

1912 1770 82 23 thought
2004 1769 44 18 that
2056 1775 11 10 a
2076 1769 34 18 site
2126 1774 51 11 more
2194 1768 71 17 central
2274 1768 38 17 and
2322 1774 23 11 on

1910 1793 32 18 tbo
1951 1793 51 17 main
2009 1794 57 15 street
2075 1790 73 22 should,
2158 1791 15 17 if
2178 1791 86 22 possible,
2269 1791 23 17 he
2301 1797 33 17 pro-

1910 1816 63 18 cured.
1999 1816 55 17 After
2063 1814 127 19 considerable
2203 1813 103 18 discussion
2316 1814 31 18 Mr

1913 1839 79 18 iJulbcth
2007 1838 66 18 moved
2090 1838 36 17 and
2143 1837 32 18 Mr
2191 1837 46 17 Hall
2254 1837 92 18 seconded

1910 1863 42 18 that
1962 1863 30 16 Mr
2009 1862 129 17 Sommerville
2154 1861 22 16 be
2193 1860 117 23 empowered
2326 1862 21 15 to

1910 1886 73 23 dispose
1993 1886 20 16 of
2022 1885 31 18 tbo
2070 1884 79 24 original
2168 1884 57 21 rocky
2237 1884 76 20 section,
2326 1884 20 17 1U

1910 1910 21 18 of
1938 1909 61 18 Block
2008 1909 22 17 Hi)
2039 1910 21 16 to
2071 1908 32 18 the
2119 1908 42 16 best
2178 1907 113 23 advantage,
2309 1907 37 17 and

1910 1933 41 17 also
1961 1935 21 15 to
1990 1932 56 17 make
2055 1931 92 23 enquiries
2163 1930 19 17 in
2199 1930 47 17 view
2255 1930 20 17 of
2283 1936 52 11 secur-

1910 1956 35 22 ing
1954 1962 35 11 sec.
2000 1956 10 15 (i
2020 1956 20 16 of
2048 1954 57 18 Block
2116 1954 27 17 30.
2168 1954 45 16 This
2223 1959 37 11 was
2267 1954 78 16 carried.

1912 1980 15 16 A
1936 1979 44 22 plan
1990 1978 20 18 of
2019 1978 32 18 the
2069 1976 90 24 proposed
2176 1976 68 18 church
2255 1982 37 11 was
2301 1976 33 18 sub-

1912 2001 70 19 mitted
1988 2002 27 22 by
2023 2001 32 17 Mr
2072 2000 81 18 Dalhoth
2170 2000 34 16 but
2211 2000 64 21 owing
2284 2001 19 15 to
2313 2000 32 16 the

1911 2025 81 17 lateness
2002 2025 20 16 of
2030 2025 32 17 the
2079 2024 47 17 hour
2141 2023 56 17 could
2213 2027 34 13 not
2261 2023 23 16 bo
2301 2029 33 12 con-

1911 2048 78 19 sidered.

1934 2077 39 16 The
1982 2076 69 17 Native
2060 2074 53 17 Land
2123 2074 59 17 Court
2190 2074 60 16 under
2258 2074 32 16 the
2302 2079 33 16 pre-

1911 2100 76 21 sidency
1999 2098 20 18 of
2035 2098 63 22 Judge
2110 2097 72 18 Wilson
2195 2096 105 24 completed
2315 2096 32 18 the

1912 2123 115 17 subdivision
2037 2121 37 17 and
2089 2120 97 17 definition
2206 2121 19 16 of
2241 2120 105 17 individual

1910 2146 88 17 interests
2007 2145 18 18 in
2041 2145 31 17 the
2087 2143 101 18 Pohokura
2203 2143 58 18 Block
2274 2143 61 23 yester-

1910 2169 44 22 day.
1979 2168 45 17 This
2033 2168 65 21 brings
2107 2173 10 10 a
2126 2166 52 22 large
2187 2172 43 11 area
2239 2167 20 16 of
2266 2167 80 21 country

1911 2192 85 16 between
2013 2191 84 17 llotorua
2110 2189 37 17 and
2161 2190 33 16 the
2209 2189 101 22 boundary
2327 2189 20 17 of

1911 2215 83 17 Hawkes
2003 2215 41 21 Bay
2053 2213 57 23 (some
2126 2213 64 21 50,000
2204 2211 58 25 acres)
2276 2217 35 12 out
2327 2213 20 16 of

1911 2238 32 18 the
1952 2237 97 18 indefinite
2058 2236 95 17 condition
2162 2236 20 17 of
2194 2236 64 17 native
2273 2237 72 18 tenure,

1911 2262 38 16 and
1957 2261 63 22 places
2029 2261 14 16 it
2053 2259 59 18 under
2120 2265 11 11 a
2142 2258 50 23 good
2206 2259 38 17 and
2260 2258 87 23 tangible

1911 2284 48 20 title,
1969 2284 45 17 thus
2023 2283 89 22 enabling
2120 2283 24 16 its
2154 2281 68 24 speedy
2234 2282 113 22 occupation

1912 2308 30 16 for
1950 2307 84 23 pastoral
2043 2306 36 17 and
2089 2305 76 23 general
2178 2305 108 17 settlement
2300 2310 34 17 pur-

1911 2337 60 16 pose's.
1997 2330 39 17 The
2044 2329 55 17 block
2108 2329 84 17 contains
2200 2335 10 10 a
2216 2329 53 21 large
2277 2334 44 11 area
2328 2328 19 17 of

1912 2354 92 18 excellent
2013 2353 48 17 bush
2070 2352 38 18 and
2116 2357 48 17 open
2173 2351 45 17 land
2227 2352 19 16 of
2255 2352 32 16 the
2296 2357 51 11 same

1911 2377 74 22 quality
2002 2383 20 10 as
2039 2377 32 16 the
2088 2375 99 22 adjoining
2203 2374 71 22 blocks,
2295 2380 52 17 upon

1912 2401 61 16 which
1982 2400 54 22 largo
2044 2405 51 11 sums
2103 2399 47 16 have
2159 2397 47 18 been
2215 2397 38 18 and
2260 2403 32 12 are
2303 2404 44 11 now

1911 2423 58 23 being
1982 2422 99 24 expended
2096 2422 20 17 in
2133 2422 84 21 clearing
2229 2421 38 17 and
2283 2427 53 15 grass-

1912 2447 78 22 sowing.
2016 2446 39 17 The
2063 2444 75 24 portion
2147 2444 60 17 under
2215 2444 61 18 notice
2288 2444 21 20 is,
2320 2450 27 11 we

1911 2470 51 20 hear,
1973 2469 60 17 under
2041 2468 117 22 negotiation
2166 2468 26 21 by
2201 2467 31 17 Mr
2240 2467 18 17 J.
2267 2467 68 17 Suther-

1912 2493 44 17 land
1967 2493 41 16 who
2022 2491 88 24 acquired
2127 2491 32 17 the
2175 2488 111 20 Pobokuros
2299 2490 46 17 Xos.

1914 2518 7 15 1
1932 2516 37 17 and
1979 2518 16 18 2,
2007 2515 44 18 with
2062 2521 10 11 a
2081 2515 46 16 view
2136 2516 20 15 to
2164 2514 107 17 immediate
2280 2519 55 17 opera-

1911 2539 50 18 tions
1969 2538 21 18 in
2003 2537 118 24 bushfalling
2137 2537 37 17 and
2191 2537 91 22 bringing
2295 2537 52 17 these

1912 2563 51 21 huge
1976 2561 103 18 unutilised
2095 2566 52 12 areas
2164 2560 21 18 of
2199 2560 35 18 hill
2251 2560 38 17 and
2305 2559 42 18 dale

1912 2586 60 17 under
1980 2585 108 23 intelligent
2095 2584 37 17 and
2138 2583 99 23 profitable
2246 2583 101 22 European

1912 2608 119 23 occupation.

1936 2636 32 17 Mr
1976 2636 65 18 Brent,
2051 2636 32 15 the
2098 2634 105 25 proprietor
2218 2635 19 16 of
2251 2634 96 22 Bathgate

1912 2659 71 19 House,
1996 2659 15 17 is
2027 2658 38 18 still
2082 2658 72 21 adding
2170 2659 19 15 to
2206 2657 29 17 his
2251 2657 96 17 extensive

1912 2682 95 23 premises.
2033 2682 38 16 The
2080 2678 94 19 additions
2183 2686 42 11 now
2234 2680 19 18 in
2260 2686 87 16 progress

1912 2706 71 17 consist
1992 2705 19 17 of
2020 2711 10 12 a
2039 2710 58 16 range
2107 2704 19 17 of
2134 2705 117 21 apartments
2263 2704 47 16 with
2325 2704 22 15 02

1913 2729 37 17 feet
1960 2729 88 21 frontage
2057 2729 19 15 to
2085 2728 71 16 Eruera
2166 2728 61 16 Street
2235 2726 38 18 and
2282 2727 22 16 82
2310 2726 38 18 feet

1913 2752 20 18 at
1942 2758 10 11 a
1961 2752 52 22 right
2030 2751 56 21 angle
2102 2756 22 11 or
2140 2751 19 16 in
2174 2751 32 16 the
2220 2750 92 17 direction
2329 2750 20 16 of

1914 2775 94 17 Hinemoa
2016 2775 67 17 Street.
2108 2773 45 18 This
2161 2779 60 16 range
2225 2773 20 18 of
2251 2773 97 21 buildings

1913 2798 38 17 will
1961 2798 22 17 be
1994 2799 21 16 10
2024 2798 38 17 feet
2070 2796 47 18 wide
2127 2796 46 17 with
2182 2802 10 12 a
2203 2797 39 16 10ft
2250 2796 50 20 stud,
2310 2796 38 16 and

1913 2822 38 16 will
1961 2821 90 22 comprise
2060 2827 11 10 a
2080 2820 120 16 wash-house
2210 2819 37 17 and
2259 2818 87 23 laundry,

1913 2844 114 22 carpenter's
2036 2844 52 21 shop,
2098 2843 36 17 five
2148 2842 98 18 bedrooms
2262 2842 38 17 and
2314 2848 34 11 one

1914 2867 68 23 sitting
1997 2873 59 12 room.
2081 2866 40 17 The
2136 2865 47 18 floor
2200 2866 20 17 of
2236 2865 33 17 the
2286 2865 49 17 wash-

1912 2891 59 17 house
1979 2890 39 17 will
2027 2890 24 17 ho
2060 2890 19 17 of
2088 2890 90 18 concrete,
2189 2889 31 16 the
2234 2888 68 18 boilers
2314 2888 23 17 be-

1913 2914 34 22 ing
1956 2914 28 17 set
1992 2914 19 16 in
2020 2911 111 20 brickwork.
2156 2912 39 16 The
2210 2912 87 21 chimney
2310 2911 39 17 will

1913 2937 23 16 be
1945 2943 11 11 a
1964 2937 70 17 double
2042 2942 35 11 one
2084 2935 93 17 available
2185 2935 30 16 for
2222 2935 48 17 both
2287 2935 49 17 wash-

1913 2960 58 17 house
1980 2959 38 18 and
2027 2959 67 22 sitting
2102 2964 58 11 room.
2185 2958 32 17 Mr
2225 2958 99 22 Chapman
2333 2958 15 17 is

1913 2984 32 16 the
1955 2983 107 18 contractor
2070 2982 30 17 for
2112 2981 32 17 the
2157 2981 53 17 work
2223 2981 39 17 and
2274 2981 16 17 is
2304 2986 33 17 pro-

1914 3006 78 23 ceeding
2001 3006 46 16 with
2056 3005 25 17 all
2091 3005 32 17 the
2136 3004 108 22 expedition
2259 3004 44 17 that
2316 3004 33 18 the

1914 3036 45 10 near
1967 3029 95 22 approach
2071 3028 20 17 of
2099 3027 32 17 the
2140 3033 64 11 season
2214 3027 96 18 demands.
2330 3027 20 17 It

1914 3059 43 15 may
1966 3052 24 17 be
1996 3051 62 18 stated
2067 3051 52 17 these
2133 3050 94 17 additions
2241 3051 50 16 form
2306 3052 43 20 part

1914 3076 20 16 of
1942 3082 12 10 a
1963 3075 38 17 still
2009 3080 51 12 more
2069 3074 95 17 extensive
2173 3073 44 22 plan
2226 3074 20 17 of
2254 3074 84 21 improve-

1914 3100 61 16 ments
1984 3098 62 16 which
2055 3097 38 17 will
2101 3097 23 17 be
2133 3102 50 12 more
2190 3097 48 22 fully
2246 3097 104 22 developed

1914 3122 49 17 later
1971 3127 31 12 on.
2015 3120 95 22 Bathgate
2119 3119 66 18 House
2192 3119 35 18 has
2236 3125 43 12 now
2287 3119 63 23 ample

1914 3144 162 18 accommodation
2084 3144 30 16 for
2123 3148 44 12 over
2176 3144 22 15 60
2208 3144 69 21 guests,
2285 3143 38 16 and
2330 3149 20 10 as

1914 3168 33 17 the
1955 3173 42 12 new
2005 3166 97 23 buildings
2111 3166 112 25 completely
2232 3166 71 17 shelter
2317 3166 33 17 the

1908 3189 4 24 I
1915 3191 89 22 premises
2013 3190 49 16 from
2069 3189 31 17 the
2106 3189 57 22 chilly
2170 3189 114 17 south-west
2290 3189 60 17 winds

1915 3215 15 16 it
1947 3213 61 23 ought
2025 3214 20 15 to
2060 3212 24 17 he
2099 3219 11 10 a
2127 3212 93 17 favourite
2240 3213 61 17 resort
2321 3212 30 17 for

1908 3233 1 28 I
1915 3233 88 21 invalids.

2030 3283 94 17 PUBLIC
2138 3283 97 18 WORKS.

1915 3332 44 16 The
1968 3330 67 18 Public
2051 3330 67 18 AVorks
2135 3330 106 18 Statement
2257 3337 39 10 was
2312 3330 39 17 laid

1915 3355 64 17 before
1988 3354 32 16 the
2029 3354 64 16 House
2102 3359 24 11 on
2141 3353 84 23 Monday
2240 3354 56 22 night
2313 3353 38 17 and

1915 3377 86 18 contains
2010 3377 32 16 the
2052 3377 98 21 following
2157 3377 55 17 items
2220 3377 19 16 in
2248 3378 74 20 respect
2331 3378 19 15 to

1915 3399 96 20 Rotorua:
2013 3400 193 17 —Oxford-Rotorua
2227 3400 47 17 road
2293 3399 56 20 £'2oo,

1915 3423 183 22 Tauranga-Napier
2108 3422 52 21 road,
2166 3423 31 17 via
2202 3423 70 22 Tnupo,
2281 3423 68 20 £IOOO,

1915 3445 170 19 Rotorua-Wairoa
2094 3446 46 17 road
2145 3445 44 19 £.30,
2196 3446 85 18 Rotorua
2289 3446 62 17 wharf

1916 3468 56 22 £l5O,
1982 3469 85 18 Rotorua
2072 3469 64 17 Water
2142 3469 72 22 Supply
2220 3469 56 20 £2OO,
2283 3469 67 16 Works

1915 3494 21 15 at
1944 3492 85 17 Rotorua
2038 3491 55 22 £SOO,
2103 3492 117 18 Courthouse
2229 3491 55 20 £250,
2300 3492 50 17 Bath

1915 3515 161 17 accommodation
2086 3515 67 20 £IOOO,
2163 3515 78 22 making
2250 3521 11 10 a
2274 3515 48 17 total
2331 3515 20 17 of

1916 3538 76 19 £3,350.

1940 3562 19 16 It
1968 3562 38 16 wili
2015 3562 44 16 thus
2067 3561 24 17 be
2100 3567 42 11 seen
2155 3561 43 16 that
2213 3567 25 10 no
2255 3561 95 22 provision

1915 3584 34 17 has
1957 3584 47 18 been
2013 3584 54 18 made
2076 3584 30 17 for
2114 3584 33 17 the
2152 3584 46 17 road
2207 3585 20 16 to
2233 3584 33 17 the
2272 3584 78 17 summit

1915 3608 20 16 of
1943 3607 136 23 Ngongotaha,
2089 3607 37 17 and
2135 3607 43 17 that
2187 3608 34 16 out
2234 3607 19 17 of
2262 3613 11 11 a
2280 3613 42 11 sum
2331 3607 20 17 of

1915 3630 62 17 £ISOO
1986 3630 85 23 required
2080 3631 30 16 for
2118 3630 32 17 the
2162 3630 74 17 further
2251 3630 99 17 extension

1915 3654 20 16 of
1944 3654 32 17 the
1985 3656 59 15 water
2052 3653 68 22 supply
2128 3652 49 18 £2OO
2191 3653 44 22 only
2251 3653 35 17 has
2302 3652 48 18 been

1915 3677 97 21 provided,
2024 3677 62 16 unless
2094 3676 32 16 the
2136 3675 49 17 £SOO
2195 3677 46 16 item
2250 3676 100 22 following

1914 3700 16 17 is
1939 3701 20 16 to
1967 3700 24 17 be
1999 3699 80 18 devoted
2088 3700 19 16 to
2116 3699 43 16 that
2169 3704 87 17 purpose.
2282 3699 18 17 A
2308 3704 42 12 sum

1915 3723 21 17 of
1944 3722 62 18 £IOOO
2014 3723 16 16 is
2039 3723 19 16 to
2067 3722 22 17 bo
2098 3722 57 17 voted
2163 3722 30 17 for
2201 3722 108 22 improving
2318 3722 32 17 the

1915 3746 46 17 bath
1970 3744 167 20 accommodation,
2145 3750 11 12 a
2163 3745 68 22 totally
2236 3744 114 23 inadequate

1915 3770 85 18 amount,
2009 3769 36 17 but
2053 3774 24 11 no
2084 3767 59 18 doubt
2150 3774 20 10 as
2184 3768 55 17 much
2256 3774 21 11 as
2295 3768 55 17 could

1915 3791 25 18 be
1947 3791 62 23 hoped
2018 3792 30 16 for
2055 3791 64 21 seeing
2127 3790 32 17 the
2176 3791 97 17 smallness
2289 3791 21 17 of
2317 3791 33 16 the

1915 3821 42 10 sum
1973 3814 92 17 available
2078 3814 38 16 this
2133 3819 50 16 year.
2213 3814 38 17 The
2268 3814 70 22 Supple-

1915 3838 87 21 mentary
2011 3837 102 17 Estimates
2118 3837 48 16 have
2171 3838 33 21 yet
2209 3838 19 16 to
2235 3837 23 17 bo
2265 3837 85 22 brought

1915 3860 63 18 down.

1962 3907 62 15 FIRE
2043 3905 116 17 BRIGADE
2176 3905 125 17 MEETING.

1939 3953 16 16 A
1964 3952 77 22 general
2049 3952 84 21 meeting
2142 3952 19 16 of
2169 3952 93 17 members
2270 3951 38 17 and
2320 3951 20 17 in-

1915 3975 81 22 tenduig
2012 3975 91 17 members
2121 3974 20 18 of
2156 3975 33 16 the
2206 3975 85 17 Rotorua
2307 3975 43 17 Fire

1915 3997 82 23 Brigade
2006 3998 45 17 took
2060 3997 52 23 place
2120 3997 20 17 in
2149 3997 32 17 the
2189 3997 88 23 Reading
2289 3997 61 18 Room

1915 4027 25 11 on
1948 4020 71 23 Friday
2027 4021 56 21 night
2091 4021 30 16 for
2129 4020 32 17 the
2169 4026 80 16 purpose
2258 4021 21 16 of
2293 4020 48 17 elect-

1915 4044 33 22 ing
1958 4043 77 20 officers,
2049 4044 84 21 forming
2148 4049 11 11 a
2173 4044 113 21 permanent
2299 4049 39 11 com-

1915 4067 65 16 mittee
1989 4067 38 16 and
2035 4066 119 22 considering
2161 4066 55 18 rules.
2241 4067 39 16 The
2295 4067 55 16 Chair

1915 4095 39 12 was
1962 4089 58 17 taken
2028 4089 25 22 by
2062 4089 31 17 Mr
2102 4089 72 17 Corlett
2182 4089 37 17 and
2227 4089 53 17 there
2288 4095 39 11 was
2340 4095 10 11 a

1915 4119 12 10 a
1936 4112 50 23 good
1995 4112 117 17 attendance.
2138 4112 38 16 The
2186 4114 93 20 secretary
2289 4112 61 17 stated

1915 4136 44 16 that
1967 4136 23 16 he
1999 4135 39 17 had
2045 4135 84 17 received
2137 4141 12 11 a
2157 4135 56 17 letter
2221 4135 49 17 from
2280 4135 59 21 Super-

2353 128 100 18 intcndent
2464 128 80 23 Hughes
2553 128 19 18 of
2586 128 33 18 the
2633 127 99 19 Auckland
2747 127 32 17 Bri-

2354 152 49 23 gade
2416 152 67 23 giving
2495 152 112 22 particulars
2619 152 21 17 of
2655 151 33 17 the
2704 151 50 23 price
2771 150 21 17 of

2354 176 45 17 hose
2408 175 37 18 and
2453 175 53 20 reels,
2516 175 63 18 action
2587 181 26 11 on
2620 175 63 17 which
2692 174 38 17 had
2744 174 46 17 been

2354 198 78 18 decided
2440 204 24 11 ou
2473 200 20 15 at
2502 198 32 17 the
2549 198 108 17 committee
2670 197 83 22 meeting
2767 202 24 12 on

2354 221 124 22 Wednesday.
2504 222 19 16 It
2531 226 38 14 was
2583 221 78 18 decided
2669 223 20 15 to
2704 220 53 18 write
2771 220 20 17 to

2355 246 32 16 the
2396 245 51 17 Hon.
2456 245 18 17 J.
2486 244 103 17 McKcnzio
2606 244 94 22 directing
2715 243 30 18 his
2760 244 21 15 at-

2356 269 73 16 tention
2437 269 20 16 to
2465 268 33 17 the
2511 267 102 18 formation
2627 269 20 16 of
2660 268 32 16 the
2709 265 82 23 Brigade

2356 292 37 16 and
2407 290 68 23 asking
2492 291 29 17 for
2537 296 38 17 any
2591 291 102 17 assistance
2714 290 42 16 that
2776 290 16 15 it

2356 314 62 22 might
2426 314 22 17 he
2457 314 19 17 in
2485 314 29 16 his
2522 319 64 17 power
2591 316 21 15 to
2621 313 73 18 render.
2720 312 19 17 It
2752 316 38 13 was

2356 338 40 16 also
2413 337 79 17 decided
2507 339 21 15 to
2545 337 138 17 communicate
2699 335 46 17 with
2760 335 32 16 the

2357 361 42 16 Fire
2407 361 102 16 Insurance
2518 360 123 17 Association.
2674 360 19 16 It
2708 363 39 12 was
2761 363 21 12 re-

2358 382 64 19 solved
2430 382 43 19 that
2481 384 76 20 general
2565 383 94 22 meetings
2668 383 20 17 of
2702 382 32 17 the
2749 381 32 16 Bri-

2358 406 47 21 gade
2422 405 67 18 should
2505 407 43 16 take
2561 407 54 21 place
2633 412 24 11 ou
2674 405 33 17 the
2724 403 69 18 second

2358 429 68 22 Friday
2434 429 21 17 of
2462 429 45 17 each
2517 429 65 18 month
2592 429 37 17 and
2642 429 43 16 that
2699 426 93 19 membcrd

2360 452 66 17 should
2435 454 50 15 meet
2493 457 54 18 every
2557 452 55 18 other
2620 451 71 22 Friday
2700 452 28 16 for
2737 455 44 18 prac-

2358 475 42 17 tice.
2413 475 20 17 It
2441 481 37 11 was
2487 476 38 16 also
2534 475 78 17 decided
2620 477 21 15 to
2650 475 33 17 ask
2692 474 32 17 the
2732 473 59 17 Town

2359 498 61 17 Board
2426 499 19 16 to
2454 500 31 15 act
2493 504 20 12 as
2522 500 86 18 trustees,
2618 500 21 15 to
2648 497 55 18 assist
2711 497 19 16 in
2737 502 56 16 every

2359 526 41 16 way
2408 521 19 16 in
2433 521 49 17 their
2490 527 63 16 power
2561 521 110 21 financially
2679 520 37 17 and
2728 520 54 17 other-

2359 544 49 19 wise,
2418 544 37 17 and
2463 546 20 15 to
2491 544 76 18 become
2575 551 25 11 an
2608 544 89 22 advisory
2706 542 75 18 commit-

2360 567 28 17 tee
2398 567 18 16 in
2427 568 74 16 matters
2510 570 33 15 not
2556 568 91 21 affecting
2659 567 33 17 the
2707 565 87 23 working

2352 588 1 29 j
2360 589 66 18 details
2435 591 19 16 of
2462 591 32 16 the
2502 590 87 22 Brigade.
2615 591 40 16 The
2663 590 50 17 rules
2721 588 73 22 having

2360 612 46 17 been
2415 613 44 17 read
2469 619 43 11 over
2520 614 36 17 and
2565 612 70 24 agreed
2644 614 27 19 to,
2681 613 33 16 the
2720 612 63 17 follow-

2352 636 42 20 ing
2410 636 70 17 officers
2499 642 48 12 were
2563 638 80 16 ehoseir:
2647 633 144 25 —Superinten-

2360 658 52 22 dent,
2421 658 113 24 MrMnyci;
2554 659 83 23 captain,
2655 658 32 18 Mr
2702 658 91 20 Stewart;

2352 679 1 29 j
2361 682 83 17 foreman
2461 683 20 16 of
2496 683 50 17 hook
2559 683 37 18 and
2611 682 63 17 hidden
2674 679 4 29 -
2694 686 99 16 company,

2360 704 32 18 Mr
2408 704 77 20 Clarke;
2499 707 83 16 foreman
2599 706 20 17 of
2636 706 45 16 ho-'e
2695 708 98 18 company,

2352 727 1 23 i
2361 727 32 18 Mr
2400 728 76 20 Porter;
2490 729 97 21 treasurer,
2598 730 31 16 Mr
2735 730 50 14 secre-

2361 752 48 20 tary,
2420 750 30 18 Mr
2459 750 115 25 Neighbour.

2385 774 43 17 Two
2438 775 73 16 tenders
2520 775 28 17 for
2554 775 33 18 the
2596 775 70 23 supply
2674 775 20 16 of
2704 774 45 17 hoso
2759 772 35 17 reel

2361 802 49 12 were
2418 798 88 17 returned
2513 798 38 18 and
2558 798 16 18 it
2581 803 39 13 was
2634 797 79 19 decided.
2725 799 20 14 t>
2760 794 34 19 call

2352 816 1 24 |
2362 820 30 18 for
2400 819 50 18 fresh
2457 821 72 17 tenders
2538 822 20 17 to
2566 822 23 16 bo
2598 821 19 17 in
2626 822 33 16 the
2668 819 60 19 hands
2737 819 20 17 of
2764 819 30 16 the

2362 844 92 20 secretary
2463 843 25 22 by
2493 845 46 16 next
2551 844 69 22 Friday
2634 844 62 22 night.
2727 842 67 17 Messrs

2362 866 91 18 Williams
2462 866 36 17 and
2507 868 72 16 Corlett
2591 873 49 12 were
2656 864 103 26 appointed
2775 871 19 10 :>s

2363 896 10 10 a
2382 889 106 17 committee
2496 892 20 15 to
2532 890 35 18 call
2584 897 24 11 on
2624 888 135 20 householders
2776 890 18 14 to

2362 912 92 18 ascertain
2471 913 50 17 what
2542 914 89 17 financial
2651 913 79 23 support
2751 911 43 21 they

2363 934 63 19 would
2435 936 48 20 give.

2445 992 51 17 THE
2514 993 87 17 GRAND
2620 992 86 18 HOTEL.

2387 1038 42 18 One
2436 1038 21 17 of
2464 1038 31 17 the
2505 1040 93 22 strongest
2607 1040 65 23 proofs
2681 1039 20 17 of
2709 1039 32 17 the
2751 1043 34 12 con-

2363 1062 73 17 fidence
2443 1061 44 17 held
2494 1062 26 22 by
2528 1069 42 10 men
2579 1063 20 17 of
2607 1062 99 24 quickness
2719 1062 21 17 of
2753 1067 33 16 per-

2364 1085 75 22 ception
2455 1083 37 19 and
2508 1085 82 18 business
2604 1085 116 19 shrewdness
2733 1084 20 17 in
2765 1084 32 17 the

2364 1109 64 16 future
2437 1108 20 16 of
2466 1107 81 18 Kotorua
2556 1109 15 17 is
2579 1109 85 17 afforded
2674 1109 27 21 by
2714 1109 32 16 the
2761 1107 24 17 im-

2365 1136 62 13 mense
2436 1131 37 21 pile
2482 1131 19 17 of
2509 1129 96 25 buildings
2614 1132 62 18 which
2690 1131 70 18 Messrs
2774 1130 22 17 L.

2365 1155 24 16 D.
2398 1154 78 17 Nathan
2484 1154 37 17 and
2530 1155 38 20 Co.,
2578 1154 38 19 and
2625 1155 70 18 Messrs
2706 1152 92 19 Hancock

2365 1177 38 18 and
2412 1177 40 20 Co.,
2461 1176 48 18 have
2524 1178 105 23 conjointly
2641 1176 74 20 erected
2729 1178 20 16 at
2765 1177 33 17 the

2365 1206 66 12 corner
2447 1200 20 17 of
2481 1200 72 18 Fenton
2565 1201 37 17 and
2615 1201 96 18 Hinemoa
2724 1201 72 17 streets.

2365 1224 39 17 The
2413 1223 65 17 Grand
2487 1223 112 19 Hotel—the
2605 1230 56 12 name
2667 1225 16 17 is
2688 1230 25 11 an
2718 1223 80 22 entirely

2365 1247 121 22 appropriate
2493 1248 74 16 one—is
2574 1248 20 17 in
2603 1248 36 17 full
2644 1248 48 17 view
2699 1248 19 16 of
2723 1246 75 18 visitors

2365 1272 21 16 to
2394 1270 85 17 Rotorua
2487 1276 20 11 as
2515 1270 44 23 they
2567 1271 61 17 arrive
2636 1272 21 16 at
2666 1271 32 17 the
2712 1270 86 21 Railway

2366 1293 75 20 station,
2452 1293 36 17 and
2501 1293 32 17 the
2547 1295 78 16 massive
2641 1295 94 17 structure
2751 1293 47 17 with

2365 1316 26 18 its
2398 1316 95 22 imposing
2501 1316 64 22 facade
2574 1319 69 16 cannot
2651 1317 34 18 fail
2690 1318 20 16 to
2716 1316 82 22 surprise

2366 1339 37 18 and
2412 1340 77 21 impress
2498 1338 53 19 those
2558 1340 63 18 whose
2629 1341 42 17 first
2678 1340 39 22 trip
2726 1340 15 16 it
2749 1340 16 16 is
2778 1340 20 16 to

2366 1363 32 17 the
2407 1363 41 17 Hot
2457 1362 60 18 Lakes
2526 1363 82 17 District.
2634 1364 38 17 The
2682 1368 116 17 appearance

2366 1387 21 16 of
2394 1387 33 16 the
2434 1385 88 23 building
2530 1386 15 17 is
2554 1387 48 17 most
2609 1387 96 22 imposing
2713 1385 38 18 and
2766 1385 32 18 the

2366 1409 97 20 architect,
2477 1409 31 16 Mr
2521 1408 50 18 John
2584 1409 70 21 Currie,
2669 1409 35 18 has
2716 1415 72 11 success-

2367 1432 49 23 fully
2424 1432 92 23 grappled
2524 1432 45 18 with
2577 1433 33 17 the
2618 1439 58 16 many
2692 1432 106 18 difficulties

2366 1455 63 17 which
2445 1456 75 21 present
2535 1456 110 18 themselves
2659 1455 19 18 in
2692 1456 33 17 the
2738 1456 50 16 treat-

2367 1480 53 15 ment
2427 1479 21 16 of
2460 1484 25 11 an
2497 1478 63 18 edifice
2573 1479 100 22 composed
2685 1478 80 23 entirely
2780 1479 18 16 of

2367 1501 60 18 wood.
2452 1502 39 16 The
2499 1502 58 17 result
2568 1502 16 17 is
2597 1509 11 10 a
2621 1502 127 22 symmetrical
2761 1501 37 23 pile

2367 1525 87 23 pleasing
2470 1526 19 16 to
2506 1525 31 17 the
2553 1531 33 16 eye
2602 1522 38 20 and
2652 1525 103 22 internally
2768 1530 20 12 ar-

2367 1547 72 23 ranged
2448 1554 19 11 so
2477 1554 19 11 as
2506 1549 19 16 to
2533 1548 37 17 suit
2578 1549 32 17 the
2619 1549 80 17 comfort
2707 1548 39 17 and
2754 1554 33 11 con-

2367 1572 88 17 venience
2463 1571 20 17 of
2491 1571 53 17 those
2552 1571 42 18 who
2603 1578 43 16 may
2654 1572 23 17 bo
2683 1572 24 17 its
2712 1571 86 18 inmates.

2367 1595 40 17 The
2415 1594 90 23 drainage
2513 1594 37 17 and
2558 1595 101 17 sanitation
2667 1596 21 16 of
2696 1595 32 17 the
2736 1594 52 17 build-

2367 1618 40 21 ing,
2417 1617 61 18 which
2487 1623 31 11 are
2527 1618 31 16 the
2566 1620 49 16 most
2623 1618 104 23 important
2736 1618 62 22 points

2367 1643 20 14 to
2396 1641 23 16 lie
2428 1640 107 18 considered
2543 1641 19 16 in
2574 1641 90 22 choosijig
2672 1648 12 10 a
2692 1642 106 21 temporary

2368 1663 99 21 residence,
2485 1664 47 17 have
2544 1664 47 17 been
2605 1665 90 21 carefully
2710 1663 88 18 attended

2368 1689 25 20 to,
2404 1687 37 17 and
2450 1693 63 11 means
2522 1688 19 16 of
2549 1693 62 17 egress
2619 1688 49 17 from
2674 1688 34 17 the
2712 1686 86 24 building

2368 1710 19 18 in
2397 1716 41 12 case
2447 1711 20 16 of
2475 1716 24 10 an
2506 1710 57 18 alarm
2572 1710 20 17 of
2600 1711 33 17 tire
2646 1716 32 12 are
2691 1712 20 16 to
2724 1710 23 17 be
2762 1712 36 15 mot

2368 1734 45 16 with
2424 1739 23 11 on
2456 1739 55 16 every
2520 1733 55 17 hand.
2589 1734 38 17 The
2636 1735 69 21 system
2711 1734 19 17 of
2739 1733 50 17 venti-

2367 1757 60 17 lation
2435 1757 16 16 is
2459 1757 72 21 perfect
2539 1758 19 15 to
2567 1763 10 10 a
2583 1757 73 22 degree,
2667 1763 56 15 every
2735 1757 53 21 apart-

2368 1781 52 16 ment
2433 1780 19 16 in
2467 1780 33 17 the
2515 1780 58 17 house
2585 1780 57 23 being
2657 1780 102 17 connected
2775 1780 23 22 by

2368 1808 64 12 means
2441 1803 20 17 of
2469 1803 40 17 iron
2518 1803 54 17 tubes
2588 1803 46 17 with
2647 1803 74 22 Boyle's
2734 1804 64 21 patent

2368 1826 111 16 ventilators
2497 1826 19 16 in
2533 1826 33 16 the
2582 1827 46 15 roof.

2391 1850 39 17 The
2444 1849 88 22 building
2551 1855 63 12 covers
2628 1855 24 12 an
2669 1856 44 11 area
2730 1849 19 18 of
2768 1850 32 16 130

2368 1873 39 17 feet
2422 1878 72 18 square,
2515 1873 71 23 having
2605 1873 97 23 frontages
2718 1873 19 17 of
2758 1873 42 17 that

2368 1896 66 22 length
2450 1897 20 16 to
2492 1896 73 17 Fenton
2579 1896 36 17 and
2624 1896 94 17 Hineinoa
2726 1897 73 16 streets.

2368 1920 19 17 It
2396 1918 65 19 stands
2470 1925 50 11 some
2540 1918 82 19 distance
2641 1919 48 18 back
2709 1920 50 16 from
2768 1919 32 17 the

2368 1943 57 17 street
2445 1942 104 22 alignment
2565 1942 36 17 and
2615 1943 32 16 the
2667 1943 68 17 vacant
2753 1942 47 22 strip

2368 1966 20 17 of
2403 1965 80 23 ground,
2499 1965 58 18 railed
2570 1965 26 17 off
2607 1965 26 23 ljy
2647 1972 12 11 a
2666 1964 135 23 neat-looking

2368 1989 78 17 wooden
2467 1989 53 16 fence
2542 1989 14 16 is
2577 1988 56 23 being
2654 1988 78 22 planted
2753 1988 47 17 with

2368 2012 67 17 shrubs
2444 2011 37 18 and
2489 2012 97 22 flowering
2596 2012 68 23 plants.
2695 2012 60 16 There
2769 2017 31 11 are

2368 2037 38 15 two
2415 2035 52 17 main
2475 2036 97 16 entrances
2580 2036 19 16 to
2607 2035 32 17 the
2645 2035 57 19 hotel,
2709 2040 24 12 on
2739 2035 49 16 Hine-

2368 2064 42 12 moa
2419 2058 37 17 and
2465 2058 74 17 Fenton
2548 2059 65 16 streets
2620 2057 127 24 respectively,
2755 2057 45 18 each

2368 2081 93 18 sheltered
2476 2081 26 22 by
2519 2087 11 11 a
2545 2080 102 19 handsome
2662 2081 72 23 portico
2755 2086 34 17 sup-

2368 2104 67 23 ported
2443 2104 26 23 by
2477 2105 72 17 Tuscan
2567 2104 89 18 columns.
2681 2104 17 17 A
2712 2104 86 22 balcony,

2368 2127 91 23 similarly
2467 2127 108 23 supported,
2586 2127 45 17 with
2639 2127 107 23 projecting
2754 2127 46 22 bays

2368 2151 80 17 overthe
2454 2152 102 19 entrances,
2565 2156 68 16 sweeps
2636 2150 98 17 round'tlio
2740 2150 60 17 whole

2369 2174 93 23 frontage.
2487 2174 38 16 The
2534 2173 61 23 swing
2607 2174 61 19 doors,
2683 2173 61 17 which
2757 2172 43 18 lead

2368 2199 19 15 to
2405 2197 31 17 the
2452 2197 83 20 interior,
2554 2203 31 11 arc
2597 2196 83 23 polished
2694 2196 55 17 eedar
2763 2195 38 18 and

2368 2220 67 23 highly
2452 2219 128 24 ornamental;
2605 2220 31 17 the
2653 2219 72 18 cornice
2743 2219 58 21 being

2368 2243 103 23 supported
2486 2243 26 22 by
2528 2243 109 18 Corinthian
2654 2242 84 18 columns
2754 2242 46 17 with

2368 2266 113 23 exquisitely
2490 2266 67 18 carved
2566 2272 48 17 caps.
2639 2266 39 17 The
2686 2266 64 22 panels
2763 2265 38 17 and

2368 2290 48 17 sides
2424 2289 59 23 lights
2493 2295 31 11 are
2533 2290 20 17 of
2561 2289 51 22 plate
2621 2289 55 22 glass,
2686 2295 20 11 as
2720 2289 39 17 also
2767 2289 32 16 the

2368 2315 85 15 transom
2461 2313 64 22 lights.
2551 2313 94 21 Fronting
2652 2311 46 18 both
2707 2311 51 18 main
2767 2317 22 12 en-

2368 2337 73 16 trances
2450 2341 31 12 are
2490 2336 98 17 staircases
2596 2336 75 22 leading
2676 2336 21 16 to
2702 2335 33 16 the
2741 2340 60 17 upper

2368 2360 53 16 floor.
2434 2359 60 18 These
2501 2365 31 11 are
2542 2358 117 23 remarkably
2668 2357 132 18 well-finished

2368 2383 61 22 pieces
2438 2383 18 16 of
2466 2382 145 23 workmanship,
2621 2382 31 16 the
2667 2381 65 17 carved
2746 2381 54 17 cedar

2368 2405 69 18 newels
2446 2405 60 18 which
2516 2405 49 18 form
2573 2405 33 18 the
2614 2404 85 18 terminal
2707 2404 63 22 points
2781 2404 20 17 of

2369 2428 44 18 each
2422 2428 34 17 rail
2466 2435 31 11 are
2506 2429 48 17 from
2569 2434 25 11 an
2608 2428 79 22 original
2700 2428 66 21 design
2781 2428 20 16 of

2368 2452 33 18 the
2408 2452 97 21 architect,
2515 2452 43 20 and,
2568 2457 21 11 as
2597 2452 55 16 much
2657 2451 53 17 labor
2715 2450 33 17 has
2753 2450 47 17 been

2368 2475 96 17 bestowed
2472 2481 50 16 upon
2531 2475 58 21 them,
2597 2475 45 22 they
2650 2474 74 22 present
2732 2480 11 10 a
2751 2475 50 16 most

2369 2497 83 18 effective
2459 2504 122 17 appearance.
2598 2498 17 17 A
2623 2497 109 18 continuous
2739 2496 49 17 hand-

2369 2521 34 17 rail
2420 2522 20 16 of
2455 2521 37 18 fine
2509 2520 86 23 polished
2612 2520 52 18 cedar
2677 2520 36 17 and
2729 2526 12 10 a
2756 2521 44 15 neat

2368 2544 109 18 balustrade
2498 2544 37 18 add
2561 2545 20 16 to
2601 2544 32 17 the
2653 2543 146 17 attractiveness.

2368 2568 39 17 The
2417 2567 97 23 stairways
2527 2574 32 11 are
2571 2567 74 23 lighted
2658 2567 25 21 by
2691 2566 108 20 handsome,

2369 2591 166 22 circular-topped,
2542 2591 56 22 triple
2602 2590 93 19 windows,
2702 2589 98 17 embossed

2369 2614 46 17 with
2431 2614 94 23 Japanese
2544 2614 86 22 figuring
2648 2612 18 18 in
2686 2612 33 18 the
2739 2613 63 17 centre

2369 2643 63 16 panes,
2442 2637 38 17 and
2489 2637 45 17 with
2548 2637 65 17 flower
2628 2637 73 22 pattern
2717 2635 85 23 margins

2370 2661 19 16 of
2398 2660 48 22 ruby
2454 2660 57 23 glass.
2536 2661 27 16 To
2575 2660 33 17 the
2624 2659 51 23 right
2687 2659 19 16 of
2720 2659 33 16 the
2767 2664 22 11 en-

2369 2685 64 15 trance
2447 2683 40 18 hall
2500 2684 15 16 is
2529 2684 32 16 tin;
2575 2683 53 18 office
2643 2682 37 17 and
2695 2682 106 22 manager's

2369 2713 52 11 room
2428 2706 38 18 and
2474 2708 21 16 at
2503 2706 32 18 the
2549 2706 101 23 extremity
2664 2705 19 17 of
2697 2705 31 17 the
2743 2705 48 17 corri-

2369 2730 39 19 dor,
2419 2731 20 16 to
2447 2730 33 17 the
2488 2730 53 22 right
2549 2729 38 18 and
2595 2730 34 16 left
2642 2729 19 17 of
2673 2728 62 17 which
2748 2727 53 18 there

2370 2758 31 12 are
2408 2753 93 18 alternate
2509 2753 99 18 bedrooms
2617 2751 36 18 and
2661 2751 66 21 sitting
2732 2756 68 15 rooms,

2370 2776 31 17 the
2410 2776 35 17 bar
2452 2776 15 17 is
2480 2776 88 17 situated.
2599 2776 44 16 This
2659 2775 15 17 is
2690 2781 10 10 a
2716 2773 86 23 spacious

2370 2800 113 21 apartment,
2494 2800 38 16 21ft
2546 2805 13 11 x
2575 2799 45 20 19ft,
2635 2797 36 19 and
2687 2796 79 18 finished
2782 2797 20 16 in

2370 2823 32 16 the
2410 2824 51 16 most
2468 2823 95 17 elaborate
2571 2827 83 12 maimer.
2671 2820 39 17 The
2717 2820 85 22 polished

2370 2845 55 18 cedar
2433 2845 70 23 topped
2512 2847 78 16 counter
2598 2845 16 17 is
2622 2844 76 18 circular
2711 2843 21 16 in
2744 2843 58 22 shape

2370 2868 37 17 and
2416 2869 32 16 the
2463 2869 51 16 front
2527 2868 15 17 is
2557 2868 75 17 divided
2645 2867 38 17 into
2697 2866 65 23 panels
2776 2866 26 22 by

2370 2891 89 18 moulded
2474 2892 87 22 pilasters
2577 2891 38 17 and
2631 2889 65 19 carved
2708 2889 93 17 brackets.

2370 2915 38 17 The
2417 2915 35 17 bar
2461 2915 100 17 cheffonier
2568 2915 16 17 is
2593 2921 10 10 a
2610 2913 66 22 highly
2682 2913 64 17 ornate
2751 2912 51 22 piece

2370 2939 21 17 of
2407 2938 93 17 furniture
2514 2938 20 17 of
2550 2938 68 17 carved
2633 2936 53 18 kauri
2701 2935 38 17 and
2753 2935 49 17 rimu

2370 2961 46 17 with
2425 2961 84 17 columns
2524 2961 114 22 supporting
2650 2965 23 11 an
2686 2959 117 17 ornamental

2370 2984 101 23 pediment.
2497 2985 30 16 An
2543 2985 55 16 inner
2614 2983 62 22 porch,
2691 2981 79 18 finished
2782 2981 20 17 in

2370 3008 34 17 the
2419 3013 50 12 same
2486 3007 84 18 effective
2586 3007 53 22 style,
2657 3005 35 18 and
2706 3004 97 18 furnished

2371 3030 46 17 with
2426 3030 85 22 polished
2519 3030 56 17 cedar
2581 3030 60 22 swing
2646 3029 53 17 doors
2704 3028 15 17 is
2727 3028 74 17 erected

2370 3053 95 18 insidethe
2470 3054 57 17 street
2531 3054 89 16 entrance
2622 3052 43 20 and,
2670 3050 101 23 excluding
2777 3051 26 17 all

2371 3077 98 22 draughts,
2477 3077 47 17 adds
2531 3078 20 16 to
2557 3077 32 16 the
2596 3075 79 18 comfort
2681 3075 18 16 of
2705 3074 32 17 the
2743 3079 58 12 room.

2371 3100 38 17 Bar
2416 3100 73 22 parlors
2499 3106 31 11 are
2539 3099 112 22 contiguous
2659 3099 20 16 to
2688 3098 31 16 the
2725 3097 33 16 bar
2765 3097 38 16 and

2371 3123 44 17 each
2436 3123 16 17 is
2467 3122 92 23 provided
2573 3122 47 17 with
2641 3121 73 22 serving
2741 3120 60 17 doors.

2371 3146 123 18 Underneath
2502 3146 15 17 is
2526 3146 63 22 ample
2597 3145 89 22 cellerage
2697 3148 92 12 accommo-

2371 3169 65 17 dation
2454 3169 130 22 conveniently
2599 3167 53 18 fitted
2669 3166 83 22 up—dry
2765 3166 37 17 and

2372 3192 46 17 cool.
2443 3192 80 22 Passing
2531 3192 41 17 into
2581 3192 32 17 the
2620 3190 75 18 billiard
2709 3195 52 11 room
2775 3194 28 12 we

2372 3215 40 17 find
2421 3222 11 10 a
2440 3215 52 22 large
2501 3215 41 17 well
2553 3214 75 23 lighted
2639 3213 110 23 apartment,
2760 3214 22 14 -(>
2790 3218 12 11 x

2374 3240 20 15 19
2403 3239 44 19 feet,
2458 3238 72 23 having
2537 3238 91 17 windows
2636 3243 23 11 on
2668 3236 43 17 each
2720 3235 39 18 side
2765 3235 38 17 and

2367 3259 1 24 '
2372 3261 61 18 raised
2440 3261 90 22 platform
2538 3262 20 16 at
2567 3261 33 17 the
2608 3260 36 18 end
2652 3260 29 17 for
2694 3259 108 22 spectators.

2372 3285 38 16 The
2419 3285 50 16 main
2478 3284 75 23 ground
2561 3284 47 17 floor
2615 3282 80 19 corridor
2703 3281 60 17 which
2770 3287 22 11 ex-

2372 3307 54 18 tends
2436 3307 49 18 from
2492 3308 33 17 the
2532 3307 36 18 bar
2576 3308 20 16 to
2605 3307 32 17 the
2645 3306 66 21 dm'xg
2718 3310 58 14 room,
2792 3312 11 9 a

2372 3331 67 21 length
2447 3331 20 17 of
2481 3331 67 21 nearly
2560 3331 28 19 200
2588 3331 29 19 ft,
2632 3330 15 16 is
2665 3329 28 16 Bft
2701 3327 52 21 wide,
2771 3327 32 17 the

2372 3353 53 18 walls
2434 3353 72 22 having
2513 3360 12 11 a
2533 3353 49 18 dado
2591 3353 20 17 of
2619 3350 72 24 figured
2704 3351 49 16 rimu
2766 3350 37 17 and

2371 3377 55 17 kauri
2434 3377 20 16 in
2462 3376 91 17 alternate
2570 3375 68 18 boards
2650 3373 120 19 surmounted
2777 3373 26 22 by

2372 3406 11 10 a
2391 3399 99 22 delicately
2498 3399 62 18 tinted
2568 3404 64 17 paper.
2661 3398 37 16 The
2712 3397 40 19 bar,
2767 3396 27 17 bil-

2372 3422 47 18 liard
2440 3428 57 14 room,
2518 3423 68 22 dining
2602 3421 44 19 hall,
2664 3421 37 19 &c.,
2719 3425 31 11 are
2764 3420 39 16 also

2372 3446 80 17 finished
2459 3446 20 17 in
2488 3446 32 17 the
2528 3451 51 12 same
2588 3445 53 22 style.
2667 3444 24 16 At
2702 3443 32 17 the
2748 3442 55 23 angle

2372 3469 20 17 of
2400 3469 32 17 the
2440 3469 83 18 corridor
2531 3468 38 18 and
2578 3468 59 18 about
2647 3467 29 17 100
2676 3467 20 16 ft
2708 3466 47 16 from
2771 3462 32 20 the

2372 3493 34 16 bar
2421 3492 15 16 is
2454 3492 32 16 the
2502 3491 80 22 reading
2598 3496 57 13 room,
2674 3496 11 10 a
2701 3488 102 22 cheerfully

2371 3514 75 23 lighted
2454 3516 107 21 apai-tinent
2570 3515 23 16 ;50
2601 3520 13 11 x
2624 3513 44 20 18ft,
2677 3512 46 17 with
2730 3511 45 17 door
2784 3512 19 16 of

2371 3538 96 17 embossed
2478 3538 50 22 glass
2535 3537 40 18 and
2582 3537 79 22 bearing
2668 3536 32 16 the
2714 3540 54 11 name
2784 3535 19 16 of

2372 3561 32 17 the
2413 3560 51 18 hotel
2470 3561 20 17 in
2499 3561 31 17 the
2539 3562 64 16 centro
2615 3560 20 16 of
2648 3564 23 12 an
2684 3557 119 23 appropriate

2371 3584 73 22 design.
2474 3584 117 22 Continuing
2604 3583 58 21 along
2676 3581 33 17 the
2725 3586 78 17 passage

2372 3607 29 17 for
2410 3606 79 18 another
2500 3608 32 15 100
2541 3607 38 16 feet
2593 3605 37 18 and
2642 3604 76 23 passing
2732 3604 24 21 by
2771 3604 32 16 the

2371 3630 95 17 Hinemoa
2474 3630 62 17 Street
2549 3630 94 18 entrance,
2658 3627 36 17 and
2703 3632 100 11 numerous

2371 3653 60 22 single
2440 3653 37 17 and
2486 3653 68 17 double
2563 3652 103 19 bedrooms,
2676 3650 32 17 the
2716 3649 87 23 smoking

2371 3681 53 12 room
2431 3676 16 17 is
2455 3675 82 21 entered,
2547 3681 11 11 a
2567 3674 81 18 cheerful
2661 3674 106 21 apartment
2781 3674 22 15 20

2371 3705 13 10 x
2394 3700 44 19 15ft,
2457 3699 37 17 and
2508 3698 76 23 capable
2599 3698 19 17 of
2631 3696 56 22 being
2703 3695 99 17 converted

2370 3722 41 17 into
2420 3728 11 11 a
2440 3723 49 16 most
2497 3722 86 22 pleasant
2591 3721 75 20 lounge.
2690 3719 26 16 At
2723 3719 33 16 the
2767 3719 36 16 end

2371 3745 20 17 of
2399 3745 32 17 the
2440 3745 82 17 corridor
2529 3745 16 16 is
2554 3743 82 19 situated
2648 3742 32 17 the
2693 3743 55 21 great
2760 3741 32 17 din-

2370 3768 35 22 ing
2413 3767 39 18 hall
2460 3767 61 18 which
2529 3767 85 23 presents
2622 3773 11 10 a
2645 3766 49 16 most
2709 3764 94 23 imposing

2370 3796 122 17 appearance.
2532 3790 45 18 This
2597 3795 51 11 room
2666 3788 15 16 is
2701 3788 21 16 50
2736 3794 13 10 x
2765 3788 38 17 19ft

2371 3814 37 17 and
2425 3813 127 23 well-lighted
2568 3813 25 22 by
2610 3816 54 14 seven
2685 3810 52 23 large
2756 3810 35 17 win-

2371 3837 58 17 dows.
2454 3837 38 17 The
2507 3837 49 21 style
2573 3835 20 18 of
2608 3834 106 19 decoration
2730 3834 16 16 is
2759 3835 44 16 neat

2371 3860 38 17 and
2426 3860 127 19 unobtrusive,
2570 3859 33 16 the
2616 3857 53 17 walls
2681 3856 59 22 being
2755 3862 36 17 pan-

2371 3882 48 18 elled
2434 3888 20 12 as
2470 3882 64 18 before
2542 3880 105 19 mentioned
2657 3880 46 16 with
2711 3879 50 17 rimu
2766 3879 37 17 and

2370 3905 61 21 kauri,
2440 3906 84 22 forming
2532 3912 11 10 a
2550 3905 55 19 dado,
2614 3903 36 18 and
2660 3903 32 17 the
2706 3902 69 22 ceiling
2788 3902 15 17 is

2372 3928 19 18 of
2415 3928 87 23 panelled
2518 3928 38 17 and
2572 3926 85 24 polished
2674 3926 58 17 kauri.
2765 3926 38 16 The

2371 3957 53 12 room
2432 3952 15 17 is
2456 3952 77 21 capable
2542 3952 21 16 of
2568 3948 124 23 comfortably
2698 3954 91 12 accommo-

2372 3975 67 21 dating
2447 3975 22 16 80
2478 3974 71 22 people.
2575 3972 88 23 Opening
2671 3971 27 18 off
2704 3971 32 17 the
2752 3971 51 17 main

2372 3997 66 23 dining
2446 3997 40 18 hall
2494 3997 16 18 is
2518 4003 24 11 an
2555 3996 91 21 auxiliary
2661 3995 68 21 dining
2744 4000 58 15 room,

2371 4020 80 17 finished
2458 4021 20 16 in
2487 4020 32 17 the
2527 4025 51 12 same
2587 4018 47 23 style
2643 4017 38 18 and
2688 4017 42 17 able
2737 4018 21 16 to
2764 4019 39 16 scat

2372 4044 22 16 20
2402 4048 83 17 persons.
2504 4042 108 22 Ascending
2621 4043 19 15 to
2648 4041 32 17 the
2689 4046 60 17 upper
2757 4041 46 17 floor

2372 4066 72 17 alcoves
2453 4067 21 15 wi
2478 4067 20 16 th
2506 4066 104 17 handsome
2626 4063 68 18 arched
2706 4065 97 16 entrances

2372 4095 31 11 are
2419 4089 59 17 found
2494 4089 65 22 facing
2575 4088 33 17 the
2623 4086 79 22 landing
2718 4087 21 16 of
2758 4086 45 18 each

2372 4112 94 21 stairway.
2490 4112 59 17 These
2558 4117 47 16 open
2614 4115 24 12 on
2647 4111 20 15 to
2676 4109 32 17 the
2723 4108 80 24 balcony

2372 4134 37 16 and
2426 4135 48 15 from
2490 4135 31 15 the
2539 4135 93 15 Hinemoa
2648 4133 61 17 Street
2725 4133 52 16 front
2793 4139 10 11 a

2813 126 49 22 good
2869 126 48 17 view
2922 127 20 17 of
2948 126 33 18 the
2986 126 174 19 Whakarewarewa
3165 132 78 18 geysers,

2812 149 33 17 the
2859 148 111 19 Jlovo-horo
2988 150 63 23 Gorge
3067 150 39 17 anft
3119 150 32 17 the
3160 150 84 23 outlying

2813 174 79 21 couutiy
2901 173 15 17 is
2925 173 95 17 obtained.
3046 173 30 17 On
3084 173 32 17 the
3129 178 60 17 upper
3236 181 10 11 r

2813 201 30 12 arc
2852 195 82 18 situated
2942 196 35 17 the
2984 198 39 16 two
3031 195 87 23 drawing
3127 202 61 12 rooms
3200 198 21 15 .'iO
3233 205 10 10 ,\

2801 218 2 24 !
2814 218 40 18 15ft
2861 218 39 19 and
2908 219 22 17 25
2946 225 14 10 x
2978 220 39 16 19ft
3033 219 128 23 respectively.
3190 220 56 19 These

2812 247 62 12 rooms
2883 247 31 12 are
2923 242 114 23 beautifully
3045 242 87 21 finished,
3142 248 51 12 more
3202 244 43 18 than

2813 264 89 23 ordinary
2911 271 42 11 care
2961 265 72 22 having
3041 266 47 16 been
3095 265 96 18 bestowed
3198 272 47 17 upon
3259 266 6 21 i|

2813 287 32 18 the
2853 288 96 17 imitation
2957 288 72 18 marble
3038 289 86 20 mantels,
3140 289 32 17 the
3186 289 59 19 choice
3260 286 5 23 I

2814 311 20 16 of
2838 316 60 17 paper
2903 310 38 18 and
2948 312 33 16 the
2986 312 152 17 ornamentation
3145 313 99 22 generally.

2813 334 39 16 The
2861 335 64 22 grates
2933 340 33 12 ai'c
2974 335 19 17 of
3001 336 44 16 neat
3054 334 76 23 designs
3137 335 21 17 in
3163 335 42 17 tiles
3211 337 36 18 and
3261 334 4 23 S

2813 357 32 16 the
2854 357 56 17 floors
2918 363 33 11 are
2958 357 74 18 stained
3041 364 25 10 an
3071 358 7 16 1
3087 357 110 26 varnished;
3207 358 38 20 that
3262 357 3 26 j

2800 388 5 12 .1
2814 380 20 17 of
2842 380 32 17 the
2888 380 64 22 larger
2965 387 54 11 room
3031 381 59 23 being
3106 381 89 22 specially
3206 387 30 16 pre-

2803 400 2 28 |
2814 403 58 22 pared
2881 403 29 17 for
2918 403 89 23 dancing.
3033 404 56 17 From
3102 404 45 17 each
3163 405 21 16 of
3198 404 48 19 these
3262 400 3 28 f:

2803 427 1 22 i
2814 431 62 13 rooms
2885 428 104 16 casements
2997 427 43 22 give
3052 433 62 12 access
3127 429 21 16 to
3161 428 32 17 the
3208 428 29 18 bal-

2815 454 53 17 cony.
2894 449 29 18 On
2941 450 33 17 the
2986 456 61 16 upper
3060 450 48 17 floor
3122 452 48 16 most
3184 451 21 17 of
3218 451 29 19 the
3263 449 1 23 ,

2814 472 90 17 bedroom
2929 474 161 17 accommodation
3116 474 17 17 is
3153 474 93 22 provide!.

2815 494 58 18 These
2889 501 64 13 rooms
2968 501 32 12 are
3014 496 20 18 in
3046 501 56 18 every
3111 497 104 22 particular
3229 498 18 17 in

2814 518 97 23 thorough
2927 519 83 23 keeping
3023 519 46 17 with
3085 520 33 16 the
3133 521 37 16 rest
3186 520 20 18 oi'
3218 521 31 18 the

2815 541 149 18 establishment.
2981 543 61 17 Suites
3050 543 21 17 of
3078 543 118 22 apartments
3205 544 44 18 with

2815 564 159 18 communication
2983 565 56 18 doors
3046 566 49 17 have
3103 566 39 17 also
3149 566 47 17 been
3207 572 30 16 pro-

2816 587 61 17 vided.
2893 588 114 23 Altogether
3013 589 52 17 there
3073 595 32 11 are
3113 590 22 16 52
3144 589 61 22 single
3214 591 35 16 and

2804 606 3 29 |
2816 610 69 17 double
2892 611 99 17 bedrooms
2998 612 19 16 in
3021 612 33 16 the
3057 612 65 18 house.
3126 613 51 16 Each
3181 611 51 24 wing
3236 614 13 17 is
3264 606 1 29 1

2805 633 2 22 i
2815 633 91 22 provided
2916 634 45 17 with
2970 641 12 10 a
2993 635 125 18 housemaid's
3132 635 48 18 sink'.
3194 635 44 18 Lath-

2816 661 58 14 room,
2885 656 92 24 lavatory,
2988 659 39 20 &c.,
3037 658 39 17 and
3083 657 40 18 also
3132 658 73 18 outside
3219 659 30 18 five

2805 681 2 16 |
2816 684 31 13 C3C
2852 686 30 11 tpe
2891 681 17 15 st
2915 681 80 16 lirwavs.

2839 703 122 23 Descending
2976 707 21 14 to
3017 705 32 16 the
3066 704 75 23 ground
3160 705 48 17 floor
3226 705 24 22 by

2817 730 64 13 iiiSfciis
2888 728 20 14 of
2916 728 33 15 the
2957 728 91 17 servants'
3058 728 88 17 staircase
3155 733 36 12 w<t\
3198 734 28 11 re..
3242 735 7 10 ::

2817 749 32 17 <!ie
2862 748 77 19 kitchen
2952 750 37 17 and
3004 751 90 17 servants'
3111 752 92 21 quarters.
3237 753 12 16 A

2817 773 70 21 pantry
2895 778 21 12 or
2932 774 80 22 carving
3024 779 53 11 rjom
3122 774 81 17 situated
3221 774 20 18 be-

2817 796 61 17 tween
2887 796 32 17 the
2927 795 77 18 kitchen
3021 796 38 17 and
3071 797 33 17 the
3118 797 66 23 dining
3200 803 50 12 room

2818 818 44 17 with
2872 819 39 17 two
2920 819 55 17 doors
2991 820 21 17 of
3025 819 158 19 communication
3198 825 19 13 so
3233 828 18 11 as

2818 844 20 14 to
2846 841 75 19 obviate
2932 848 38 16 any
2983 842 39 18 risk
3036 843 21 17 of
3070 842 85 19 collision
3169 843 81 18 between

2817 864 75 17 zealouw
2900 866 116 17 attendants.
3042 867 23 15 In
3074 867 32 16 the
3114 866 98 18 kitcheiris
3219 873 33 11 one

2818 888 20 17 of
2851 888 76 22 Broady
2940 888 38 17 and
2995 889 48 18 Co.'s
3055 889 105 18 mammoth
3173 890 79 23 cooking

2818 916 68 17 ranges
2895 912 46 17 with
2950 912 53 22 large
3012 912 44 23 grill
3064 912 95 21 attached,
3171 912 38 18 and
3215 914 37 17 nls.j

2818 935 95 20 provision
2922 935 30 17 for
2960 942 11 10 a
2980 936 112 16 continuous
3101 936 68 22 supply
3178 936 20 17 of
3206 936 37 17 boil-

2819 957 33 22 ing
2861 959 64 16 water.
2943 959 17 16 A
2968 959 81 21 scullery
3055 959 75 22 adjoins
3138 959 32 17 the
3178 959 74 18 kitchen

2818 980 37 17 and
2864 981 38 16 this
2911 981 38 17 and
2958 982 31 16 the
2999 982 55 17 other
3062 984 117 20 apartments
3187 982 48 17 have
3243 990 9 10 :i

2819 1003 106 23 sufficiency
2942 1004 21 18 of
2984 1004 111 23 cupboards,
3117 1005 67 20 racks,-
3196 1006 56 19 sinks,

2819 1026 92 23 shelving,
2927 1028 33 20 &c,
2974 1028 57 17 while
3045 1028 74 18 outside
3133 1028 32 18 the
3179 1027 75 19 kitchen

2819 1049 46 17 door
2873 1050 15 17 is
2897 1051 33 16 the
2939 1051 96 21 meatsafe,
3045 1051 28 18 ice
3082 1057 52 12 room
3143 1051 38 18 and
3195 1051 57 23 dairy,

2819 1072 26 17 all
2854 1073 20 16 of
2882 1073 62 18 which
2952 1080 32 11 are
2992 1074 46 22 kept
3049 1074 121 23 becomingly
3179 1074 40 18 cool
3230 1075 5 16 1
3240 1082 14 15 >y

2819 1102 64 11 means
2892 1097 19 17 of
2920 1096 65 18 louvre
2993 1097 96 18 windows.
3122 1098 120 17 Innumerab!

2819 1119 55 17 other
2886 1121 117 21 apartments
3025 1126 31 12 are
3076 1121 77 17 utilised
3169 1127 20 11 as
3205 1122 48 16 stoiv

2819 1147 68 15 rooms,
2897 1143 54 17 linen
2958 1143 73 21 closets,
3040 1144 59 17 trunk
3107 1149 62 13 rooms
3183 1144 38 17 and
3237 1151 17 9 sn

2819 1171 31 14 on,
2860 1165 26 18 all
2899 1166 134 23 substantially
3046 1167 86 17 finished.
3161 1168 39 17 The
3214 1169 30 16 out-

2819 1189 68 17 houses
2901 1189 61 18 which
2979 1196 37 14 are,
3032 1190 92 21 however,
3141 1190 38 17 still
3196 1191 58 17 under

2819 1213 134 21 construction,
2983 1213 71 18 consist
3080 1213 20 17 of
3127 1213 126 22 wash-house,

2819 1234 87 24 laundry,
2916 1236 40 17 fuel
2963 1236 65 21 house,
3038 1237 33 17 &e.

2843 1259 38 17 The
2890 1260 86 17 contract
2984 1260 31 17 for
3022 1260 33 17 the
3063 1260 61 17 whole
3129 1260 59 21 work,
3194 1260 60 17 wnicli

2820 1287 63 12 covers
2892 1288 12 10 a
2912 1288 41 12 sum
2962 1284 34 16 not
3005 1284 30 16 far
3043 1282 53 18 short
3104 1283 21 17 of
3133 1282 75 21 £<>,ooo,
3218 1289 36 12 was

2820 1305 19 16 in
2848 1305 32 17 the
2888 1305 61 18 hands
2959 1307 20 16 of
2987 1307 32 16 Mr
3032 1307 23 16 R.
3069 1307 26 16 11.
3109 1306 115 21 McCallum,-
3238 1308 16 16 of

2820 1328 117 22 Devonport,
2946 1329 38 17 and
2993 1329 23 17 he
3025 1335 44 17 may
3080 1329 23 18 be
3112 1329 142 23 congratulated

2821 1357 24 11 on
2854 1352 31 16 the
2894 1351 81 18 efficient
2988 1358 79 11 manner
3079 1353 20 16 in
3112 1352 62 19 which
3187 1353 23 17 he
3223 1354 12 15 h
3242 1360 12 10 is

2820 1374 72 18 carried
2908 1376 34 16 out
2961 1382 24 10 an
3005 1376 128 22 undertaking
3153 1376 101 23 extending

2821 1403 43 12 over
2873 1404 55 11 seven
2937 1399 82 17 months.
3045 1399 108 17 Associated
3162 1399 47 17 with
3217 1399 37 17 him

2821 1426 38 12 was
2868 1421 31 16 Mr
2907 1421 23 18 E.
2941 1422 97 19 Williams,
3047 1422 75 22 painter
3130 1422 38 17 and
3181 1422 63 17 decora-

2821 1444 36 19 tor,
2876 1444 64 18 whose
2960 1445 112 18 handiwork
3088 1445 15 17 is
3120 1445 101 18 indicative
3238 1446 16 17 of

2821 1467 73 17 artistic
2909 1469 49 16 taste
2975 1469 37 16 and
3028 1469 125 22 unremitting
3169 1469 85 22 personal

2821 1491 100 16 attention.
2947 1491 32 17 Mr
2987 1491 76 21 Swales,
3073 1491 40 18 also
3122 1493 19 16 of
3149 1491 105 21 Auckland,

2821 1514 109 17 contracted
2939 1514 29 17 for
2982 1515 32 16 the
3031 1515 101 22 plumbing
3149 1515 53 18 work
3220 1516 34 17 and

2822 1536 32 17 the
2862 1536 76 18 electric
2944 1538 38 16 bell
2991 1538 38 17 and
3038 1538 91 23 speaking
3139 1538 43 18 tube
3198 1544 45 17 appa-

2821 1561 52 16 ratus
2881 1560 63 18 which
2953 1563 89 15 connects
3054 1562 33 16 the
3101 1562 74 17 various
3192 1563 52 20 apart-

2822 1584 60 16 ments
2891 1583 119 23 throughout
3019 1585 33 16 the
3064 1584 87 23 building
3165 1585 47 17 with
3224 1585 30 17 the

2821 1607 106 22 manager's
2944 1608 58 17 office.
3039 1608 39 17 The
3099 1608 77 23 highest
3196 1608 58 22 praise

2822 1629 14 17 is
2846 1629 36 17 due
2891 1631 20 16 to
2925 1630 32 18 Mr
2970 1630 71 21 Currie,
3055 1631 96 21 architect,
3168 1631 42 17 who
3224 1631 30 17 has

2821 1652 96 18 bestowed
2926 1659 25 11 ou
2964 1654 84 17 Itotorua
3062 1660 11 11 a
3087 1654 52 18 hotel
3151 1655 63 17 which
3228 1655 26 17 for

2822 1676 81 17 comfort
2911 1677 38 16 and
2958 1677 88 23 elegance
3060 1683 34 12 can
3109 1677 43 18 take
3167 1677 24 18 its
3204 1677 50 23 place

2822 1700 89 21 amongst
2920 1700 32 17 the
2960 1700 42 17 best
3010 1700 19 17 in
3038 1700 47 17 New
3099 1700 89 18 Zealand.
3218 1701 36 17 The

2822 1722 110 23 furnishing
2948 1724 20 16 of
2984 1724 32 17 the
3031 1723 60 18 house
3106 1724 16 17 is
3138 1730 43 12 now
3201 1724 53 22 being

2822 1746 106 22 completed
2936 1746 61 18 under
3005 1747 33 17 the
3045 1747 88 22 personal
3141 1747 113 23 supervision

2822 1769 21 16 of
2850 1769 33 17 the
2892 1775 96 17 manager,
2998 1770 31 17 Mr
3038 1770 28 17 W.
3078 1771 22 16 A.
3115 1770 91 22 Boulton,
3220 1771 34 17 and

2822 1792 19 16 in
2850 1792 33 18 the
2891 1798 65 12 course
2965 1794 21 16 of
2993 1799 12 11 a
3017 1793 52 17 week
3083 1799 21 11 or
3117 1794 38 17 two
3169 1794 33 17 the
3214 1800 30 17 pre-

2822 1815 55 17 mises
2886 1816 38 17 will
2934 1816 22 17 be
2965 1816 57 22 ready
3037 1817 30 16 for
3080 1817 33 17 the
3126 1817 96 23 reception
3238 1817 16 18 of

2822 1839 71 21 guests.
2918 1839 39 18 The
2966 1840 48 17 total
3031 1839 66 23 outlay
3111 1846 24 11 on
3151 1840 32 17 the
3197 1841 57 17 whole

2822 1859 94 25 building,
2926 1862 94 17 furniture
3028 1863 38 16 and
3074 1864 141 21 appointments
3224 1869 20 12 ex-

2822 1884 53 18 ceeds
2885 1884 87 21 £15,000.

2823 1936 426 44 CABLEGRAMS

2849 2024 90 22 London,
2960 2024 87 20 October
3066 2024 85 19 22.—1n
3171 2031 70 13 remem-

2822 2050 76 19 brance
2911 2050 21 19 of
2942 2050 35 21 the
2983 2050 133 27 anniversary
3120 2050 23 21 of
3149 2050 108 28 Trafalgar

2822 2076 94 19 Nelson's
2927 2079 119 16 monument
3055 2078 21 17 in
3085 2076 109 26 Trafalgar
3203 2078 51 26 Sqr.,

2822 2109 40 12 was
2873 2102 89 19 adorned
2974 2103 48 19 with
3033 2104 92 18 wreaths.

2848 2128 129 25 JNewYobk,
2989 2129 86 19 October
3085 2131 58 17 22.
3155 2131 10 17 V
3184 2130 37 20 fire
3237 2133 20 17 at

2821 2153 52 20 New
2888 2154 84 19 Orleans
2993 2154 106 25 destroyed
3120 2154 36 19 iiitj
3179 2156 77 24 housea,

2822 2180 40 18 and
2873 2180 38 19 700
2926 2180 72 26 people
3014 2180 52 19 have
3090 2180 50 20 been
3162 2181 95 21 tendered

2822 2205 107 20 homeless.

2848 2232 32 25 By
2892 2234 58 23 great
2960 2232 62 20 forest
3039 2232 46 20 fires
3099 2233 21 19 in
3137 2234 119 19 Minnesota.

2823 2256 83 22 Dakota
2927 2259 40 18 nnd
2988 2259 107 19 Manitoba
3118 2266 25 12 an
3162 2260 95 20 immense

2823 2285 96 24 quantity
2929 2286 21 17 of
2960 2285 58 25 grain
3029 2285 40 19 and
3080 2285 39 25 hay
3134 2293 56 18 crops
3207 2287 50 19 have

2822 2309 52 19 beeu
2883 2310 115 24 destroyed.

2823 2367 206 33 AUSTRALIAN
3045 2368 206 32 TELEGRAMS.

2848 2436 140 23 Melbourne,
3021 2437 86 20 October
3130 2440 32 19 22.
3214 2439 42 19 The

2822 2461 73 21 Crown
2906 2463 49 19 Law
2972 2463 134 26 Department
3122 2465 37 19 has
3176 2465 82 19 become

2822 2489 106 23 possessed
2943 2489 21 19 of
2978 2496 13 12 a
3010 2496 54 12 mass
3085 2491 21 18 of
3127 2491 132 20 information

2823 2513 66 20 which
2899 2516 92 18 contains
3001 2516 96 25 startling
3107 2517 121 25 allegations
3236 2519 21 18 of

2822 2540 66 19 bench
2897 2541 90 26 packing
2996 2543 40 17 and
3047 2542 81 26 bribery
3138 2544 40 18 and
3194 2544 65 19 shows

2822 2565 46 19 that,
2878 2567 35 18 the
2923 2567 87 20 Chinese
3021 2568 101 25 gamblers
3132 2569 42 19 had
3184 2576 61 19 organ-

2823 2592 43 19 ised
2885 2595 22 17 to
2925 2596 78 22 protect
3024 2594 127 24 themselves,
3172 2597 40 18 aud
3230 2597 23 24 bj

2823 2618 84 26 bribing
2918 2620 24 18 be
2961 2620 47 19 able
3023 2623 20 17 to
3059 2621 99 19 minimise
3174 2623 71 24 punish-

2824 2647 60 16 ment.
2913 2646 43 18 One
2972 2646 96 19 Celestial
3085 2653 73 14 swears
3175 2649 26 18 ho
3217 2655 40 12 was

2823 2673 81 21 present
2915 2673 20 17 at
2946 2679 11 12 a
2967 2673 90 25 meeting
3071 2673 65 19 where
3155 2674 43 19 £2O
3217 2681 41 13 was

2824 2696 119 20 subscribed
2953 2701 20 15 t,o
2985 2698 56 19 bribe
3052 2705 12 12 a
3069 2698 78 21 Justice
3155 2701 21 18 of
3186 2701 71 18 l'eace.

2850 2722 92 20 Wallaco
2953 2731 17 11 is
2981 2725 41 18 still
3036 2731 12 12 a
3063 2725 45 19 firm
3124 2726 86 19 favorite
3227 2727 32 19 for

2825 2747 34 19 the
2871 2748 71 26 Derby
2952 2750 41 19 and
3003 2751 34 18 the
3048 2751 44 19 best
3109 2752 51 19 offer
3179 2752 80 22 against

2824 2774 42 18 him
2876 2774 18 20 is
2904 2776 42 19 7to
2956 2778 19 17 4.
3000 2777 110 19 Waterfall
3121 2778 16 18 is
3148 2779 111 24 nominally

2824 2802 21 16 at
2855 2801 43 19 2to
2910 2802 17 18 1.
2962 2802 106 19 Delaware
3088 2804 17 17 is
3124 2804 85 19 favorite
3229 2806 30 18 for

2824 2825 35 19 the
2870 2827 121 20 Melbourne
3002 2828 44 25 Cup
3058 2832 21 15 at
3092 2831 21 16 10
3125 2832 19 17 to
3156 2832 16 17 1.
3191 2830 66 23 Hova,

2824 2851 122 26 Trenchant,
2960 2854 90 20 Wallaco
3060 2855 41 19 and
3108 2856 110 20 Waterfall
3225 2864 34 12 are

2825 2878 49 19 each
2885 2879 63 25 being
2957 2880 77 20 backed
3044 2884 21 16 at
3078 2883 46 17 100s
3134 2884 20 17 to
3165 2884 18 17 7.
3205 2883 54 25 flop-,

2825 2907 67 16 scotch
2902 2905 18 19 is
2934 2907 109 19 friendless
3059 2910 21 16 at
3099 2910 34 16 100
3150 2910 20 17 to
3192 2910 11 17 5
3223 2909 36 19 but

2826 2929 102 21 Xaranaki
2937 2933 18 18 is
2963 2933 111 24 supported
3083 2936 21 16 at
3116 2936 35 16 100
3162 2937 20 16 to
3193 2936 18 18 4,

2915 2990 235 33 TELEGRAPHIC.

2851 3043 115 24 Auckland,
2978 3045 42 18 this
3029 3046 96 24 day.—lt
3134 3047 18 18 is
3162 3048 44 19 said
3215 3048 45 19 that

2824 3068 34 19 Mr
2876 3071 24 17 A.
2919 3070 25 18 D.
2964 3070 98 25 Douglas,
3073 3076 60 22 agent
3140 3073 32 19 for
3181 3075 78 23 parties

2824 3094 111 21 interested
2954 3097 79 25 largely
3051 3098 20 19 in
3098 3098 51 20 New
3165 3100 94 19 Zealand

2824 3124 102 21 ventures,
2938 3123 18 19 is
2977 3124 126 24 empowered
3112 3127 20 16 to
3152 3127 106 22 ascertain,

2824 3152 26 12 on
2859 3147 71 19 behalf
2940 3149 21 18 of
2971 3149 32 19 his
3013 3150 110 24 &ynd:cate,
3135 3152 17 18 if
3160 3152 35 19 the
3203 3153 42 18 Gov-

2825 3177 92 15 ernment
2933 3181 34 12 are
2978 3175 79 26 willing
3067 3178 19 17 to
3102 3180 61 21 grant
3178 3184 71 13 conces-

2825 3198 55 19 sions
2890 3199 21 19 in
2922 3201 64 24 shape
2998 3201 21 19 of
3036 3202 48 20 laud
3094 3203 15 19 if
3120 3203 48 25 they
3187 3205 72 19 under,

2825 3224 49 19 take
2884 3225 35 19 the
2937 3228 137 18 construction
3092 3230 20 18 of
3123 3236 10 12 a
3147 3229 41 20 line
3206 3231 54 19 from

2825 3248 79 22 Paeroa
2913 3254 22 16 to
2944 3251 79 21 Waihi.
3051 3254 33 19 No
3107 3255 65 19 doubt
3193 3257 41 19 this
3245 3258 15 18 is

2825 3276 35 18 the
2874 3278 51 18 offer
2943 3279 90 19 referred
3053 3283 20 16 to
3092 3281 21 19 iu
3130 3282 36 18 tho
3187 3283 72 19 Public

2918 3303 118 21 Statement.

2999 3331 41 20 this
3054 3332 108 25 day.—Mr
3178 3334 82 20 Seddo.i

2825 3353 72 20 thinks
2907 3355 95 20 business
3011 3357 21 19 in
3043 3357 35 20 the
3096 3358 71 20 House
3187 3361 73 19 should

2825 3380 96 19 conclude
2930 3382 28 24 by
2969 3382 35 19 the
3013 3384 40 18 end
3062 3384 22 19 of
3093 3385 34 18 the
3143 3386 63 20 week.

2931 3408 35 19 the
2975 3408 43 19 first
3025 3409 49 19 item
3081 3410 21 19 of
3109 3411 34 19 the
3149 3411 111 21 Estimates

2827 3437 40 13 was
2876 3432 66 20 called
2958 3434 40 19 last
3015 3436 66 24 n-ght,
3101 3437 57 25 Capt.
3178 3437 82 21 Russell

2825 3464 44 12 rose
2879 3458 41 20 aud
2930 3460 105 24 protested
3055 3462 81 24 against
3155 3464 35 19 the
3211 3465 39 19 esti-

2826 3486 64 17 mates
2900 3484 65 27 being
2973 3488 111 23 proceeded
3095 3489 49 18 with
3161 3491 53 18 until
3224 3491 35 19 the

2828 3509 70 20 Public
2905 3511 76 20 Works
2989 3512 112 21 Statement
3109 3521 40 12 was
3156 3516 104 20 discussed

2826 3535 32 18 Mr
2868 3535 81 21 Seddon
2959 3538 77 25 replied
3044 3540 44 19 that
3097 3547 22 12 as
3128 3542 17 18 it
3151 3543 108 19 contained

2825 3567 26 12 no
2862 3568 45 13 new
2916 3564 69 25 poliey
2994 3564 57 20 there
3070 3572 39 13 was
3124 3573 26 12 no
3167 3568 52 19 need
3229 3570 31 18 for

2825 3587 119 21 discussion.
2977 3591 34 18 An
3029 3591 85 20 adverse
3130 3594 76 19 motion
3218 3602 42 12 was

2826 3613 72 19 moved
2907 3615 40 19 and
2957 3616 91 20 resulted
3056 3618 25 24 ,in
3102 3625 12 12 a
3132 3620 77 25 victory
3229 3622 31 18 for

2825 3638 35 19 the
2869 3638 137 24 Government
3018 3643 26 24 by
3052 3645 24 17 37
3087 3646 20 17 to
3118 3646 31 18 26.
3177 3646 60 19 After
3248 3654 12 11 a

2825 3664 49 19 final
2886 3665 114 22 ineffective
3011 3672 77 22 protest
3097 3671 28 18 all
3142 3671 35 19 tho
3196 3679 64 12 mem-,

2826 3690 46 19 bers
2883 3692 21 18 of
2913 3693 35 19 the
2958 3694 120 25 Opposition
3091 3696 37 19 left
3135 3697 35 19 the
3180 3698 77 20 House.

2851 3718 12 17 '1
2869 3716 26 20 he
2905 3719 83 24 opinion
2998 3722 17 17 is
3025 3721 48 19 held
3091 3722 27 25 by
3133 3723 35 19 the
3187 3724 72 20 Crown

2827 3742 49 20 Law
2895 3745 82 23 oflicers,
2989 3746 40 19 aud
3049 3747 48 25 they
3113 3749 52 18 have
3175 3750 83 20 advised

2825 3768 35 19 the
2870 3769 143 25 Government,
3025 3773 44 18 that
3079 3780 12 12 a
3104 3773 40 20 Bill
3162 3775 18 19 is
3191 3782 57 13 neces-

2825 3800 46 18 sary
2881 3798 21 16 to
2917 3797 70 20 confer
2996 3799 103 25 authority
3116 3803 20 16 to
3155 3801 63 19 admit
3239 3803 21 18 of

2825 3820 35 19 tho
2879 3824 98 22 approval
2996 3825 21 18 of
3040 3824 125 21 Parliament
3187 3827 73 25 taking

2826 3848 122 22 precedence
2965 3850 22 18 of
3005 3850 35 19 tho
3050 3852 120 19 ratification
3185 3853 22 19 of
3223 3855 36 18 tho

2826 3872 92 20 Colonial
2928 3874 60 20 Bank
2998 3875 147 22 shareholders.

2852 3898 150 26 Christchurch,
3020 3902 99 26 Tuesday.
3162 3904 97 21 Nautical

2826 3925 71 24 people
2908 3926 45 19 who
2963 3927 68 24 tO'day
3041 3928 76 20 viewed
3132 3930 34 19 tho
3182 3933 64 18 wreck-

2825 3956 39 18 ago
2871 3952 52 18 from
2930 3952 34 20 the
2968 3953 108 20 Auckland
3083 3955 78 20 Islands
3168 3957 90 25 brought

2825 3979 21 15 to
2858 3975 103 26 Lyttelton
2979 3979 27 24 by
3025 3980 34 18 the
3077 3980 102 22 Hineuioa
3197 3989 62 19 ngroo

2826 4001 45 19 that
2880 4003 35 19 the
2926 4004 127 27 Wellington
3066 4006 81 25 opinion
3163 3999 96 30 that°tho

2825 4028 66 28 yessol
2900 4029 17 19 is
2924 4030 34 18 tho
2969 4030 104 20 Timaruis
3083 4035 33 16 not
3123 4038 81 15 correct.
3215 4036 34 19 The-

2825 4053 104 21 inference
2941 4056 45 19 that
2995 4057 34 19 the
3041 4058 63 18 wreck
3114 4059 16 18 is
3140 4059 35 19 tho
3192 4061 67 19 Maria

2826 4079 57 20 Alice
2893 4081 17 19 is
2919 4082 98 25 regarded
3029 4090 22 12 as
3062 4090 53 12 moro
3122 4085 86 20 fi-asible
3217 4088 42 18 aud

2826 4104 16 19 it
2851 4105 18 19 is
2879 4106 92 20 believed
2982 4109 43 18 that
3036 4109 34 19 the
3084 4111 103 26 wreckage
3201 4119 59 13 catuo

2826 4130 53 21 from
2889 4133 65 20 either
2963 4134 37 19 her
3010 4141 22 12 or
3041 4135 35 19 the

1218 72 58 20 THE
1304 72 57 20 HOT
1389 69 93 23 LAKES
1510 70 172 23 CHRONICLE,
1710 65 190 28 WEDNESDAY,
1930 68 133 21 OCTOBER
2090 69 31 22 23,
2139 66 47 19 1895

75 167 193 79 ATE
270 165 325 79 AMUR!
634 157 325 79 HOTEL

305 258 33 19 On
346 257 36 20 the
393 257 67 19 banks
473 256 21 19 of
504 254 35 19 the
548 252 96 19 Waikato
655 252 69 18 Kiver.

77 308 155 24 Patronised
246 308 34 28 by
291 306 45 23 the
349 305 62 24 Earl
423 303 50 24 and
482 302 123 23 Countess
620 298 28 23 of
667 296 113 29 Onslow,
797 297 125 22 Countess
937 293 28 23 of

145 339 121 28 Glasgow
277 337 50 23 and
343 336 80 23 Suite,
435 334 40 22 Sir
488 332 74 21 Thos.
577 329 51 23 and
640 328 73 29 Lady
730 325 171 25 Mcllwraitli<

101 435 94 21 Situated
203 434 89 24 halfway
301 432 91 19 between
405 429 97 21 Rotorua,
521 426 70 25 Taupo
611 424 42 20 and
670 423 107 21 Lichfield.
816 421 44 20 The
877 420 87 25 starting

75 463 58 19 nlaco
145 463 31 17 for
186 461 34 18 'he
229 455 154 23 Aniwhaniwha
393 454 61 19 Falls,
466 454 34 17 the
512 451 170 20 Orakei-Korako
693 450 36 19 red
740 449 40 19 and
790 449 61 19 white
861 447 101 22 Terraces,

76 489 87 19 Gevsers
179 487 60 18 Alum
249 484 68 21 Caves,
331 482 40 22 &c.,
381 483 20 16 to
412 479 65 20 which
487 485 11 13 a
508 484 44 14 new
562 477 40 19 and
612 483 48 18 easy
674 476 57 19 track
748 482 17 12 is
783 481 44 12 now
845 473 119 25 completed.

72 515 97 19 Distance
178 513 46 18 nine
234 510 61 21 miles,
308 509 21 17 fa
337 514 17 11 ir
364 506 21 19 of
396 506 65 18 wiiijh
470 511 38 13 cn
520 504 25 19 bo
555 503 70 19 driven
635 509 47 13 over
696 503 15 17 if
723 500 86 20 desired.
838 499 43 19 Hot
903 499 60 18 baths

75 541 39 19 and
126 539 46 19 fulls
184 536 69 21 witliia
265 536 23 17 10
296 534 88 18 minutes
395 532 63 18 drive.

207 583 56 19 Good
273 583 55 18 trout
338 581 75 23 fishing
423 579 40 19 and
473 578 94 24 shooting
579 577 21 19 in
610 577 34 18 the
654 572 178 28 neighbourhood.

77 635 77 21 Guides
162 632 40 20 and
209 631 73 20 Saddle
291 630 78 19 Horses
377 627 100 26 supplied.
491 626 49 19 Post
548 625 39 19 and
595 623 115 26 Telegraph
719 623 59 19 Office
787 628 25 12 on
820 621 35 19 the
861 620 104 25 premises.

153 729 80 19 further
243 725 130 21 information
384 722 62 26 apply
457 722 76 19 Messrs
542 720 54 20 Cook
607 720 40 19 and
660 720 45 23 Son,
722 720 85 24 Agents.

219 826 70 54 C.
358 819 471 63 CROWTHER,

371 896 307 36 mOPRIKTOS,

83 1060 103 19 TTNION
198 1055 137 20 STEAMSHIP
350 1054 29 16 CO
383 1050 83 18 Ml'any
486 1048 29 15 OF

90 1076 26 23 U
167 1080 58 17 NEW
236 1076 114 19 ZEALAND
359 1074 81 17 Limited.

146 1112 123 21 PROPOSED
281 1108 167 20 DEPAIUUKKa.

217 1145 47 16 FOK
276 1142 101 18 SYDNEY.

82 1180 120 17 Tarawera,
212 1175 91 21 Tuesday,
312 1174 42 17 Oct.
364 1173 27 19 29,
403 1178 9 10 o
421 1177 46 16 p.m.

160 1219 47 16 FOK
218 1216 43 18 SUli
268 1215 80 17 I'HKkN
360 1215 78 15 L'UKIS.

82 1256 99 16 Takapusa
188 1259 50 15 every
247 1252 76 17 Mondiiv

82 1278 111 16 Mabinapua
201 1280 51 15 every
259 1273 92 20 Thursday

82 1293 123 24 Australia,
213 1295 123 22 Wednesday,
343 1293 42 18 Oct.
392 1294 28 18 30,
430 1293 10 16 3
445 1297 45 17 p.m.

82 1322 55 20 Moa,
146 1319 123 23 Wednesday,
276 1317 107 18 November
388 1317 17 20 6,
412 1322 11 11 o
430 1321 45 17 p.m.

148 1363 80 17 Reduced
236 1362 46 16 fares
288 1366 28 10 are
325 1366 38 10 now
372 1360 17 15 in
398 1359 52 16 force.

83 1385 92 17 Auckland
182 1383 67 17 Branch
301 1382 105 15 Palmernton
417 1379 98 18 Buildings.

84 1519 162 45 HUDDART,
271 1516 112 20 PARKER,
404 1514 53 18 AND
479 1512 37 18 CO.

247 1539 108 25 (limited),

162 1589 59 18 NEW
233 1587 85 19 STEAM
330 1583 110 21 SERVICE

85 1622 128 29 Bringing
223 1620 60 23 Low
292 1620 78 22 Fares
381 1617 55 22 into
449 1615 67 22 force

107 1670 96 23 Splendid,
212 1666 162 25 Well-appointed
380 1666 93 18 Steamers
480 1663 36 18 will

83 1695 24 17 bo
115 1693 114 24 despatched
237 1693 49 16 from
295 1692 119 17 AUCKLAND,
424 1694 20 11 as
459 1687 57 17 under

83 1717 92 23 (weather
190 1716 38 18 and
247 1716 53 17 other
316 1713 143 18 circumstances
475 1715 31 18 per-

83 1739 87 22 mitting)
177 1745 28 12 :

83 1764 43 18 For
132 1762 134 20 GISBOUNE,
274 1760 103 19 NAPIER,
385 1757 102 18 WELLIN
492 1756 12 17 G-

106 1787 57 20 TON,
175 1783 156 20 LYTTELTON.
342 1783 15 17 &
366 1779 128 21 DUNEDIN,

85 1811 110 19 Anglian-,.
203 1810 108 18 .Tuesday,
322 1807 41 16 Oct.
372 1806 28 19 22,
412 1805 21 15 10
441 1810 44 10 a.m.

87 1834 115 17 Tasmania.
210 1829 14 22 ..
232 1832 110 18 .Tuesday,
351 1829 49 17 Nov.
410 1834 16 14 o,
438 1832 56 12 noon.

213 1877 50 18 FOR
278 1875 111 20 SYDNEY,

132 1902 115 23 (Returning
258 1902 20 15 to
286 1898 100 19 Auckland
393 1895 80 23 Direct.)

85 1926 94 22 Carrying
198 1924 112 22 Passengers
330 1923 31 16 for
383 1921 133 17 Melbourne,

96 1949 55 17 other
156 1949 130 16 Australian
293 1946 72 19 Ports,
372 1944 38 17 and
415 1944 90 17 Horart,

85 1977 94 17 Anglian
249 1974 97 18 Monday,
360 1973 49 17 Nov.
424 1970 39 22 4,'3
470 1976 46 16 p.m.

84 2000 115 17 Tasmania.
207 2013 15 2 ..
230 1998 106 19 .Monday,
348 1996 48 17 Nov.
411 1996 27 19 18,
449 1996 9 15 4
472 1999 44 16 p.m.

108 2026 79 22 Freight
196 2025 37 18 and
241 2025 90 22 Passages
344 2025 21 16 at
378 2026 79 13 LOWEST
470 2025 35 13 CUR-

85 2054 54 14 RENT
151 2053 68 14 RATES.

107 2072 74 18 Return
189 2071 73 19 Tickets
268 2069 92 19 available
366 2070 30 16 for
401 2068 29 18 six
435 2067 81 18 months.

185 2101 22 17 L.
221 2100 23 17 D.
253 2098 109 19 NATHAN
374 2098 16 17 &
403 2097 45 21 CO.,

416 2120 80 19 Agents.

115 2173 226 49 Visitors'
368 2173 117 45 List.

117 2253 102 23 Brent's
236 2252 129 28 Bathgate
386 2250 94 22 House.

84 2286 41 18 Mrs
134 2285 38 17 and
179 2285 47 17 Miss
238 2285 56 19 Hart,
309 2283 81 17 Thames

132 2308 69 18 Hozier
209 2307 38 18 and
254 2306 56 21 maid,
320 2305 93 19 Gisborne

131 2331 92 18 Turnbull
231 2330 38 17 and
280 2330 56 19 child,
355 2326 94 19 Taranaki

84 2356 67 17 Misses
159 2354 91 18 Williams
259 2352 32 25 (2),
301 2352 90 18 Duncdin

134 2379 74 19 Brown,
218 2376 93 18 Taranaki

85 2402 32 17 Mr
125 2401 111 19 Bucktrout,
246 2399 76 23 Sydney

120 2424 38 18 and
165 2425 40 16 Mrs
215 2424 82 19 Grocott,
308 2421 116 22 Wellington

202 2447 22 17 E.
233 2446 87 19 Bennett,
332 2443 99 19 Auckland

120 2471 118 21 Ballantyne,
249 2468 99 18 Auckland

120 2495 22 16 A.
153 2493 89 19 McLean,
256 2492 76 22 Sydney

120 2517 73 22 Jessop,
203 2516 115 19 Wellington

120 2541 26 17 11.
156 2540 23 17 E.
189 2539 47 21 Hill,
245 2538 91 18 Adelaide

121 2563 114 21 Bottomley,
249 2561 94 18 Pahiatua

121 2586 118 22 Dougherty,
252 2585 92 17 Gisborne

121 2609 81 20 Telford,
220 2607 89 19 Scotland

122 2632 85 23 Phillips,
221 2630 99 18 Auckland

87 2656 28 16 Dr
123 2656 60 21 Barry
191 2655 21 17 T.
221 2653 80 21 Russell,
311 2653 78 23 Sydney

86 2679 46 18 Rev.
142 2679 31 17 Mr
181 2678 63 20 Jones,
254 2676 89 22 England

211 2716 68 22 Lake
293 2715 97 21 House.

86 2748 32 17 Mr
131 2746 118 21 Sutherland,
259 2744 82 18 Hawkcs
349 2744 41 21 Bay

122 2770 91 21 Sullivan,
221 2768 71 23 Napier

122 2794 123 18 Edmonston,
256 2789 99 19 Auckland

122 2817 78 22 Femey,
209 2816 65 22 Taupo

200 2839 79 17 Thames

121 2863 72 22 Angus,
202 2860 99 19 Auckland

120 2886 83 22 Eeaney,
217 2884 116 22 Wellington

121 2910 77 19 Turner,
209 2907 77 18 Galatea

122 2932 66 22 Inglis,
239 2944 10 7 ~

122 2955 98 19 Fail-burn,
234 2952 99 19 Auckland

199 2994 53 23 The
262 2993 141 29 Langham.

87 3026 40 17 Mrs
225 3024 100 17 Auckland

86 3050 33 17 Mr
127 3049 37 17 and
172 3048 41 18 Mrs
221 3048 46 19 Fox,
280 3047 100 22 Tauranga

87 3073 32 17 Mr
127 3072 96 22 Seymour,
234 3070 75 22 Sydney

121 3094 113 20 Macdonell,
245 3092 106 19 Southland

124 3117 108 20 Tarawhiti,
242 3116 98 18 Auckland

122 3141 71 17 Varcoe
201 3140 38 17 and
246 3140 62 22 party,
318 3137 100 19 Auckland

89 3164 64 22 Judge
249 3161 99 18 Auckland

91 3219 292 50 Ehrenfried
399 3219 122 44 Bros

232 3281 144 23 BREWERS,

168 3315 108 20 ALBERT
291 3313 150 24 BREWERY,

113 3346 216 24 QUEEN-STREET,
343 3343 158 22 AUCKLAND

191 3399 49 16 AND
253 3398 78 16 SPIRIT
342 3395 157 20 MERCHANTS,

134 3426 121 18 BOTTLERS
267 3426 52 16 AND
334 3423 144 20 IMPORTERS,

178 3450 26 18 43,
218 3451 132 14 QUEEN-STREET
366 3450 69 11 WHARF.

184 3500 50 11 PBIZK
245 3499 59 11 MEDAL
315 3499 35 10 AND
362 3497 71 12 AWARDS

93 3523 24 15 At
125 3522 28 16 the
166 3522 90 16 following
272 3520 112 15 Exhibitions
399 3518 27 16 for
435 3522 31 12 on:
475 3516 38 17 well-

187 3543 60 15 known
261 3541 44 16 Bulk
314 3541 34 15 and
357 3539 68 16 Bottled

205 3563 48 16 ALE
263 3562 50 16 AND
326 3560 85 19 STOUT:

93 3591 69 21 Sydney
170 3589 124 17 International
302 3588 108 18 Exhibition,
421 3588 48 16 1879.

93 3612 100 16 Melbourne
202 3610 126 16 International
334 3609 110 17 Exhibition,
453 3608 69 15 1880-81

94 3633 43 16 New
144 3632 72 17 Zealand
225 3630 97 19 Industrial
322 3630 108 19 Exhibition,
435 3629 77 20 Welling-

138 3656 35 15 ton,
185 3654 45 15 1885.

94 3675 45 17 New
157 3674 73 16 Zealand
244 3674 33 16 and
291 3674 54 16 South
357 3673 42 16 Seas
414 3671 109 17 Exhibition.

138 3696 85 16 Dunedin.
234 3696 78 15 1889-90.

96 3718 21 16 In
126 3716 76 17 addition
210 3717 17 15 to
236 3716 53 16 above
297 3716 43 15 havo
357 3715 43 16 been
414 3714 80 16 awarded
507 3714 17 15 at

139 3737 102 17 Tasmunian
272 3737 108 19 Exhibition,
408 3736 116 18 Liunceston,

141 3759 77 16 18jl-92.

182 3783 56 16 FIVE
249 3784 69 16 FIRST
335 3783 104 16 AWARDS

294 3809 33 12 FOR

106 3826 68 18 BULK
185 3825 108 17 BOTTLED
305 3826 59 16 ALES
381 3824 52 17 AND
450 3824 76 16 STOUT

289 3847 47 17 Also,

185 3868 247 32 CHAMPIONSHIP

126 3906 64 24 Gold
203 3904 86 23 Medal
298 3905 28 22 of
337 3904 164 24 Australasia

204 3939 71 12 AGAINST
286 3939 97 11 ALLCOMERS
394 3939 31 12 FOI?

97 3963 90 25 BULK
201 3962 69 23 AND
291 3961 144 22 BOTTLED
450 3962 64 22 ALE

190 4014 73 19 Having
271 4018 10 10 a
290 4012 57 20 Large
355 4012 52 16 Stock
414 4012 18 16 of

214 4039 44 14 AT.E
270 4038 51 16 AND
333 4037 82 19 STOUT,

98 4067 69 17 Bottle!
174 4066 18 16 in
200 4068 51 18 quart
260 4064 34 16 and
309 4063 39 20 pint
361 4062 67 19 bottles,
446 4063 81 20 specially

97 4088 68 17 brewed
173 4088 26 16 for
207 4088 28 15 the
244 4090 75 12 summer
327 4083 54 19 trade,
392 4083 56 16 which
455 4088 27 11 are
491 4089 37 10 now

97 4110 105 20 thoroughly
210 4107 84 18 matured,
307 4111 33 11 can
353 4104 43 16 -with
410 4109 50 16 every
475 4105 44 15 confi-

98 4132 52 15 dence
161 4129 106 17 recommend
282 4132 46 11 Bamo
344 4128 18 14 to
376 4130 118 11 connoisseurs
511 4130 18 11 aB

98 4151 61 17 second
169 4155 16 12 to
193 4155 44 12 none
246 4150 17 16 iu
273 4150 28 15 tho
310 4148 72 20 Colony.

626 949 248 43 NOTICE.

539 1082 195 32 FRANKTON
760 1081 207 32 JUNCTION

703 1124 113 31 HOTEL

539 1214 203 46 PASSENGERS
757 1214 28 24 by
800 1214 52 19 train
870 1215 19 18 to
904 1213 65 19 Auck'

729 1241 54 18 land.

539 1336 70 19 Trains
632 1337 44 23 stop
697 1338 75 22 twenty
791 1335 88 19 minutes
897 1337 21 17 at
938 1335 34 19 the

584 1361 69 19 Frank
655 1364 36 17 ton
699 1362 97 19 Junction
805 1361 32 19 for
847 1361 79 19 dinner.

564 1388 42 18 The
630 1387 138 25 undersigned
796 1387 37 19 lias
864 1387 109 19 first-class

539 1414 65 19 Meals
616 1413 63 25 ready
689 1414 40 18 and
739 1413 71 19 served
820 1420 26 12 on
861 1413 72 20 arrival
952 1414 21 18 of

539 1440 27 18 all
577 1440 70 18 trains.

541 1489 217 46 William
771 1489 199 55 Geaeth,

595 1556 320 22 PROPRIETOR.

540 1591 147 23 Hancock's
696 1590 98 23 XXXX
800 1589 63 23 Ales
874 1589 99 29 always

672 1624 33 16 on
716 1615 126 29 Draught.

695 1860 55 20 ASK
767 1860 54 19 FOE

543 1911 428 47 HANCOCKS'

665 1984 183 21 CELEBRATED

722 2038 86 31 XXXX

652 2097 40 42 A.
710 2096 38 43 L
762 2096 38 43 E
820 2095 43 52 S,

673 2161 58 14 MADE
739 2161 54 14 FROM
803 2161 41 13 THE

542 2192 114 32 FINEST
683 2192 89 32 MALT
793 2191 65 32 AND
876 2191 95 36 HOPS,

579 2282 53 13 TREE
644 2281 55 14 FROM
711 2281 39 14 AI.L
764 2281 127 13 ANTISEPTICS
905 2281 25 13 OR

646 2313 140 13 DELETEIUOUS
805 2313 63 13 ACIDS.

542 2382 137 31 CAPTAIN
703 2381 83 31 COOK
805 2380 168 38 BREWERY,

644 2430 196 20 NEWMARKET.

678 2481 160 23 ROTORUA.

564 2659 48 22 (One
619 2659 89 17 minute's
717 2659 50 16 walk
774 2658 50 18 from
831 2658 31 17 tlic
868 2658 72 18 Govern-

692 2683 52 16 ment
753 2681 76 21 Baths.)

659 2747 191 23 TGRMS:

567 2784 45 22 35s
621 2790 45 23 per
685 2784 87 26 week;
793 2784 28 21 6s
836 2789 46 23 per
890 2783 57 29 day.

567 2814 61 22 Two
639 2814 90 23 weeks
739 2821 28 15 or
778 2814 98 28 longer,
894 2814 54 22 30s.

576 2874 28 31 C.
636 2874 136 32 HAWKER
802 2874 139 37 WILSON,

668 2917 186 18 PROPRIETOR.

600 2973 115 46 FOR
748 2973 165 47 SALE.

543 3089 132 42 TOTARA
679 3089 95 20 HOUSE
781 3088 113 20 BLOCKS.
900 3088 74 20 Stiaim

608 3121 38 20 ers,
659 3115 40 20 and
709 3115 136 20 Government
855 3115 41 18 size
908 3114 66 23 Posts,

542 3141 21 18 in
574 3147 40 18 any
624 3142 101 24 quantity,
737 3140 102 20 dolivered
849 3142 21 18 to
880 3147 40 19 any
929 3143 47 23 part

543 3167 20 19 of
572 3167 21 19 tb
598 3173 10 13 a
617 3167 84 20 district.
703 3167 95 26 —Apply
812 3169 20 17 at
842 3166 35 20 the
889 3166 87 20 Auction

543 3193 62 19 Mart.

727 3219 20 18 .T.
765 3219 28 18 n.
806 3218 117 20 TAYLOR.

651 3332 26 13 AT
690 3331 28 13 AN
732 3330 68 13 EARLY
814 3328 61 14 DATE.

544 3362 42 19 The
597 3360 137 25 undersigned
743 3358 41 20 will
795 3358 35 19 sell
839 3363 22 13 as
868 3357 64 19 above
942 3357 35 18 tho

570 3387 80 20 residue
661 3387 21 18 of
692 3386 33 19 Mr
734 3384 116 20 FallooDa's
866 3383 109 24 furniture,

571 3412 123 24 comprising
702 3419 34 11 :

546 3434 14 46 !J
572 3438 103 21 SINGLE
690 3438 12 19 I
706 3437 54 20 BON
774 3434 162 21 BEDSTEADS

546 3486 80 20 Double
637 3485 41 20 and
687 3485 66 25 single
762 3484 46 19 hair
817 3485 118 17 mattrasses

545 3513 88 19 Feather
642 3512 41 18 and
692 3511 52 19 flock
754 3510 79 25 pillows

546 3540 24 16 32
580 3538 71 20 White
661 3537 99 19 Blankets

546 3565 25 18 20
581 3570 35 19 prs
624 3563 81 19 Double
715 3563 40 19 and
765 3561 70 25 Single
846 3561 71 19 Sheets

546 3590 157 24 Counterpanes,
719 3588 65 19 Toilet
805 3587 79 23 Covers,
904 3585 74 21 Pillow

599 3615 60 25 Slips,
669 3615 101 19 Venetian
781 3613 70 19 Blinds

546 3641 94 25 Looking
649 3641 83 25 glasses,
743 3640 66 19 Toilet
818 3638 45 19 Sets

547 3666 136 22 Washstands
693 3666 42 19 and
744 3666 69 22 Ware,
832 3665 27 18 &c
868 3664 3 24 ,
889 3664 40 23 &c.,
945 3664 33 19 &c.

739 3697 56 17 ALSO,

599 3719 47 25 Dog
657 3718 49 19 Cart

600 3744 97 20 Cortland
706 3744 98 24 Waggon

599 3771 49 19 Low
664 3770 92 19 Phaeton

600 3796 108 19 American
715 3795 54 20 built
776 3794 71 26 Spider
856 3794 76 25 Buggy
939 3793 41 20 and

653 3821 62 20 Hood

600 3848 83 23 Horses,
697 3848 41 23 &c.,
764 3847 33 19 &c.

593 3878 177 21 TERMS—Cash
784 3884 26 13 ox
824 3882 110 14 delivery.

706 3905 19 18 J.
741 3904 27 19 H.
781 3902 118 23 TAYLOR,

816 3928 139 20 Auctioneer.

584 3981 145 18 BOXING.

800 3977 146 19 BOXING.

551 4027 133 44 LESSONS
692 4027 20 16 in
721 4026 76 21 Boxing
804 4024 38 18 and
851 4024 67 18 Indian
932 4023 48 18 Club

614 4050 104 23 Swinging,
728 4048 39 18 will
774 4048 24 17 be
812 4048 54 21 given
880 4047 26 22 by
919 4047 61 17 OWEN

551 4074 94 20 Higqins,
655 4073 38 17 lata
702 4073 19 16 of
736 4071 123 22 Wellington,
873 4076 24 11 on
911 4069 58 18 Thurs-

551 4097 37 21 day
597 4097 36 16 and
642 4095 94 21 Saturday
744 4094 96 21 evenings,
851 4094 19 16 at
882 4093 31 16 Mr
927 4092 19 17 J.
963 4092 17 17 J.

553 4120 56 21 Keys'
617 4125 68 11 rooms.
710 4118 55 17 Term
773 4118 57 16 starts
839 4116 46 18 with
893 4115 60 23 pupil.

630 4147 92 16 Private
734 4146 87 17 Lessons
837 4148 68 14 given.

1075 136 246 24 MASSAGE.

1090 186 106 20 FRASER,
1212 186 89 23 qualified
1317 184 99 18 American

1018 203 8 23 1
1059 210 102 19 Masseuse,
1171 209 83 22 recently
1267 210 50 16 from
1329 207 86 20 London,

983 235 16 16 is
1012 233 92 23 prepared
1117 237 20 12 to
1151 231 65 18 attend
1232 232 83 22 patients
1331 238 24 11 on
1371 235 46 17 very

984 256 96 18 moderate
1087 257 65 16 terms.

1008 280 37 17 She
1052 280 35 16 has
1096 278 38 18 had
1141 283 58 16 many
1206 279 60 20 years'
1276 278 108 23 experience
1398 276 20 17 in

984 303 33 17 the
1032 302 109 19 treatment,
1159 301 38 17 and
1216 301 15 17 is
1247 301 118 22 thoroughly
1386 305 21 11 ac-

984 325 91 23 quainted
1083 324 47 18 with
1138 324 33 17 the
1180 324 73 22 System
1263 324 19 17 of
1292 325 28 16 Dr
1335 323 19 18 S.
1368 322 51 18 Weir

984 348 93 21 Mitchell,
1087 348 21 17 of
1116 347 136 22 Philadelphia,
1263 347 29 17 for
1301 348 33 17 the
1343 352 43 12 cure
1399 346 20 16 of

985 372 80 18 General
1074 370 91 23 Debility,
1172 370 134 21 Nervousness,
1315 369 103 20 Insomnia,

985 395 112 23 Dyspepsia,
1107 394 39 20 &c.,
1157 394 31 16 &c.

1009 422 88 20 Address,
1108 421 33 19 C/o

1079 444 96 22 Bathgate
1187 443 70 20 House,

1079 468 98 17 Tarawera
1190 466 70 21 House,

1042 497 21 11 or
1075 491 45 17 Hot
1129 490 68 17 Luces
1205 490 119 17 Chuoxicle
1332 489 64 17 Office.

1094 705 112 20 Education
1217 704 139 25 Department,

1068 732 134 24 Wellington,
1216 732 6 16 1
1230 730 34 18 Bth
1275 729 50 22 Oct.,
1340 730 56 16 1895.

983 754 4 32 •
991 757 152 29 '■pENDERS
1160 756 40 20 will
1212 757 25 17 be
1247 754 91 20 received
1356 760 27 19 up
1403 756 21 16 to

1002 774 20 31 JL
1057 791 54 13 noon
1122 784 22 18 of
1157 784 33 18 the
1207 782 35 19 9th
1257 780 116 19 November
1392 780 32 18 for

990 813 34 18 the
1031 810 90 20 removal
1127 810 21 18 of
1152 809 74 19 Native
1233 807 72 19 School
1315 805 109 25 Buildings

990 839 52 19 from
1052 836 88 20 Koto-iti
1150 838 20 16 to
1179 834 28 18 Te
1218 833 66 25 Ngae.

1017 862 150 26 Specifications
1176 866 46 18 may
1231 861 24 17 be
1267 865 46 12 seen
1324 858 40 19 and
1380 859 33 17 ten-

991 890 45 19 ders
1043 887 75 26 lodged
1128 889 22 17 at
1159 887 33 19 the
1201 885 72 20 Public
1290 884 77 20 Works
1388 884 24 18 Of-

990 916 42 22 fice,
1044 913 114 22 Auckland,
1169 911 40 20 and
1225 911 36 19 the
1279 910 49 20 Post
1346 910 78 22 Offices,

990 941 92 19 Eotorua
1092 939 40 19 and
1142 938 113 24 Tauranga.

1090 965 58 20 WM.
1159 964 54 19 JAS.
1223 962 121 23 HABENS,

1124 990 104 23 Secretary
1237 990 32 19 for
1278 988 120 23 Education.

1035 1089 26 18 ~R
1074 1088 57 19 GEO.
1145 1087 122 18 McAULEY
1280 1086 67 18 wishes
1362 1087 20 16 to
1397 1091 20 12 re-

1068 1115 45 15 turn
1132 1112 30 17 his
1180 1111 69 17 sincere
1270 1109 69 19 thanks
1355 1110 21 16 to
1395 1108 32 18 the

992 1138 55 23 party
1058 1136 43 17 who
1109 1134 98 19 horrowed
1223 1134 29 17 his
1266 1133 134 17 wheelbarrow
1417 1136 10 13 a

992 1162 36 16 few
1037 1159 76 18 months
1122 1164 37 17 ago
1167 1157 38 17 and
1213 1157 34 17 has
1256 1162 43 12 now
1308 1154 89 20 returned
1406 1155 20 16 it.

992 1184 30 17 He
1030 1182 64 19 would
1104 1181 40 18 also
1152 1181 36 18 feel
1196 1181 50 17 most
1254 1179 84 23 grateful
1346 1180 20 15 to
1377 1184 50 11 some

992 1208 20 17 of
1020 1207 32 17 the
1061 1205 113 22 Borrowing
1190 1203 67 18 Public
1271 1203 15 17 if
1303 1202 43 22 they
1364 1201 63 18 would

992 1231 65 16 return
1072 1234 50 12 some
1137 1228 20 17 of
1171 1228 32 16 the
1218 1227 50 17 tools
1285 1231 43 11 now
1344 1225 18 17 in
1379 1225 48 16 their

992 1253 111 23 possession,
1113 1257 21 11 as
1142 1251 52 17 there
1203 1256 31 11 arc
1242 1256 12 11 a
1262 1249 80 17 number
1350 1248 21 17 of
1385 1253 32 17 per-

993 1282 43 11 sons
1044 1281 43 12 now
1096 1274 79 21 waiting
1184 1274 28 16 for
1221 1273 32 17 the
1261 1272 44 17 loan
1315 1272 19 17 of
1346 1272 58 16 them.

1025 4230 101 37 Ask
1152 4229 73 38 for
1255 4227 265 40 Hancock's
1547 4226 276 39 Celebrated
1863 4224 190 39 XXXX
2077 4223 114 39 Ales
2217 4225 98 37 and
2340 4224 147 39 Stout.
