3330 4330
101 152 35 39 IN
145 150 150 41 ANCIENT
305 148 107 40 MAORI
423 148 100 40 LAND.

101 266 65 16 Notes
186 266 111 15 cotlectep
313 265 53 13 ihom
383 265 40 12 ttil
440 264 76 13 i>escex-

118 288 69 16 'PANTS
228 290 40 13 THE
282 287 121 15 ABORIGINAL
413 287 76 13 PEOPLE
503 288 23 12 OF

123 315 7 12 a
136 315 27 12 iiE
169 309 127 18 Eanoitaiki'
296 308 81 17 Valley
379 310 43 14 and
428 306 98 18 theTJke-

122 337 59 14 WEItA
188 333 103 19 COTTNTHY,
301 335 40 13 AM)
350 334 52 13 FROM
408 334 41 12 THE
454 329 57 17 MATA-

121 360 54 15 ATUA
183 357 78 16 TI.IBES.

212 390 31 16 _3Y
251 386 100 19 ELSDON
363 386 68 17 BEST.

122 465 59 17 Given
188 464 26 21 by
221 463 91 17 members
321 461 20 16 of
346 460 33 17 the
385 459 123 21 Ngati-Mana-

97 493 35 15 wu,
315 483 68 20 Tuhoe,
404 482 116 23 Ngati-Apa,

95 510 124 22 Nguti-Awn,
240 506 145 24 Ngati-Hamua
406 506 37 16 and
463 506 46 17 Patu-

96 533 74 17 heuheu
177 531 70 18 Tribes.

116 578 119 17 Koiiikoitia
247 579 41 14 nga
299 578 115 13 mahamara
426 579 11 12 o
450 574 70 17 Mata-

162 644 120 19 CHAPTER
287 644 27 16 11.
323 643 128 22 (Continued.)

94 678 50 17 How
161 681 40 13 the
219 677 114 15 Ancestors
350 679 24 12 of
391 679 41 13 the
451 676 69 16 Maori

173 703 93 14 reached
274 698 51 17 New
336 698 102 17 Zealand.

118 729 64 18 There
191 728 18 18 is
218 734 26 12 no
252 727 39 18 end
301 729 20 16 to
331 726 34 19 the
374 727 61 18 world
443 728 65 18 accord-

94 755 35 22 ing
138 757 20 15 to
170 754 31 18 the
214 752 117 25 knowledge
341 752 21 19 of
369 752 34 19 tho
410 752 72 24 Maori,
490 753 20 19 in-

92 779 80 20 asmuch
184 786 27 16 as,
223 778 106 24 according
339 780 19 17 to
369 785 36 12 our
412 783 105 20 ancestors,

93 807 55 18 there
158 811 33 12 are
202 811 45 12 men
263 804 65 24 living
344 804 20 18 in
382 804 35 19 the
431 805 88 19 heavens

92 832 69 21 above,
172 831 44 18 who
227 836 52 13 were
287 830 69 24 ported
367 830 52 19 from
430 831 56 18 earth
493 837 25 12 on

94 858 31 19 the
143 856 112 25 separation
271 856 23 18 of
307 856 67 23 Hangi
391 856 40 19 and
455 856 62 26 Papa.

93 884 39 18 The
143 882 89 19 children
242 882 21 18 of
273 882 57 18 these
337 881 44 18 who
388 881 59 20 dwell
454 882 63 19 abovo

90 916 34 12 are
137 908 98 23 Whaitiri,
256 907 88 22 Poutini,
368 907 94 22 Toutoru,
474 908 28 19 Ma-

92 934 65 19 taiiki.
174 933 62 19 Tama
245 934 66 22 rereti,
332 932 98 23 Whanui,
447 934 68 25 Kopu,

90 960 82 23 Autahi,
192 959 27 19 To
238 959 118 24 Mangaroa,
377 959 28 17 To
424 959 77 20 Whaka-

90 986 80 23 muhau,
187 985 84 22 Takero,
289 985 132 24 Tangotango
438 985 40 19 and
489 986 26 18 all

90 1013 33 18 the
134 1011 106 19 multitude
249 1011 22 17 of
280 1012 50 17 sturs
341 1011 19 18 in
376 1010 34 18 tho
420 1011 93 19 heavens.

91 1039 57 18 From
167 1037 57 18 those
242 1037 45 18 who
313 1036 101 19 remained
438 1044 25 11 on
480 1037 35 19 tho

91 1064 65 19 breast
166 1063 21 18 of
195 1063 57 24 Papa
261 1068 34 12 are
304 1068 77 19 sprung
398 1062 34 18 the
439 1069 44 12 men
494 1063 21 19 of

89 1090 40 19 this
137 1089 65 19 world-
210 1087 46 19 And
264 1088 34 18 the
306 1091 38 15 two
352 1088 45 18 who
403 1089 110 19 descended

89 1117 50 17 from
146 1115 76 19 heaven
229 1120 51 13 were
287 1113 96 19 Tawhaki
392 1114 39 18 and
440 1114 59 19 Tama-

89 1141 78 19 i-waho.

192 1166 34 18 tlie
241 1165 96 25 begotten
349 1164 21 19 of
387 1164 55 19 Tane
453 1172 48 18 quar-

89 1192 61 20 relled
162 1193 38 18 and
210 1191 57 20 strife
284 1197 55 12 arose
348 1193 93 22 nniongst
451 1191 60 21 them,

89 1219 48 19 then
148 1218 46 24 they
204 1217 103 25 separated
318 1216 39 19 and
370 1216 34 19 the
420 1217 80 19 descend-

87 1248 47 16 ants
151 1245 20 18 of
189 1244 55 19 Maui
252 1242 260 26 —Papa-titi-rnu-maewa

89 1271 39 18 and
138 1269 162 20 Tiwakawaka—
303 1275 54 12 came
376 1272 20 14 to
406 1268 39 19 this
457 1268 54 20 land.

88 1295 140 21 Tiwakawaka
243 1301 54 12 came
311 1294 47 19 here
375 1294 20 18 in
411 1294 34 19 the
463 1294 36 20 Ara-

86 1322 115 19 tau-wbaiti
218 1320 120 20 canoe—the
354 1322 57 23 great
427 1320 40 19 and
482 1327 19 13 sa-

76 1346 1 23 .
86 1348 46 19 cred
141 1354 36 13 jiju
187 1348 21 18 of
225 1347 31 18 his
273 1348 93 21 ancestor,
387 1346 124 19 Tane—and

86 1377 22 16 at
117 1374 44 19 that
178 1374 47 18 time
244 1372 40 19 this
302 1372 45 19 land
368 1378 40 12 was
427 1372 84 19 without

87 1406 51 17 men,
149 1400 36 18 but
196 1399 25 19 he
231 1398 39 19 and
288 1398 34 19 tho
341 1398 131 19 descendants
490 1400 21 18 of

88 1426 52 19 Tane
157 1425 72 19 settled
255 1425 47 18 hero
321 1425 20 17 in
357 1423 101 20 Aotearoa
470 1425 41 19 and

84 1452 72 25 jspvtad
170 1457 46 13 over
225 1451 34 18 the
276 1450 52 19 land.
355 1449 21 19 It
390 1450 18 18 is
423 1452 35 17 not
476 1452 34 18 the

86 1484 43 12 case
150 1478 44 18 iliat
214 1476 140 19 Tiwakawaka
380 1482 55 13 came
458 1477 51 19 from

86 1503 100 19 Hawaiki.
215 1503 33 19 He
257 1508 55 13 came
321 1503 51 18 from
383 1502 7 18 ]
401 1502 38 23 ani,
458 1503 51 19 from

86 1529 96 23 Mataora,
199 1528 64 20 which
283 1528 16 18 is
314 1529 56 24 rjuito
384 1535 12 11 a
415 1529 94 19 different

86 1555 59 24 place,
158 1555 43 19 that
215 1555 22 21 is,
249 1555 51 18 from
316 1554 33 18 the
366 1554 58 19 home
438 1555 22 18 of
477 1555 32 19 his

83 1581 146 19 ancestors—of
235 1580 59 23 Tane,
300 1580 38 19 and
345 1580 36 22 Tu,
387 1580 108 26 andTanga-

85 1614 39 14 roa,
135 1607 40 19 and
186 1606 79 26 Pongo,
283 1605 38 19 and
338 1606 87 19 Tawhiri
435 1610 72 19 matea,

84 1633 39 19 and
134 1633 20 18 of
163 1633 137 24 Tangotango.
328 1633 19 18 It
354 1632 17 19 is
378 1632 44 19 said
432 1633 44 18 that
482 1633 25 19 he

84 1665 54 13 camo
149 1665 24 12 on
184 1660 82 18 account
276 1658 20 19 of
305 1665 12 12 a
329 1658 79 26 quarrel
420 1665 46 12 over
473 1659 34 19 the

83 1685 115 18 cultivation
207 1684 70 19 named
288 1683 146 20 Pohutukawa.

110 1710 25 19 So
144 1712 15 18 it
168 1717 41 12 was
218 1710 44 19 that
275 1710 141 19 Tiwakawaka
425 1710 40 19 and
475 1711 31 19 his

83 1737 127 25 companions
225 1736 65 19 abodo
305 1736 19 19 in
344 1736 40 19 this
401 1737 47 18 land
466 1738 39 18 and

83 1762 47 19 thus
136 1763 34 18 the
176 1769 58 12 name
241 1763 20 18 of
269 1762 90 19 Mataora
366 1769 40 12 was
417 1762 89 26 brought

83 1788 66 19 hither
157 1788 28 25 by
194 1788 56 19 thoso
259 1790 76 24 people.
363 1788 59 19 After
434 1795 12 12 a
461 1796 33 12 cer-

83 1816 40 17 tain
134 1815 48 18 time
190 1814 63 19 Maku
269 1821 54 12 came
339 1814 51 19 from
410 1814 94 20 Hawaiki

82 1842 20 17 to
111 1841 99 18 Aotearoa
218 1840 58 25 (New
285 1840 97 25 Zealand)
392 1841 40 18 and
441 1841 63 19 found

81 1866 139 20 Tiwakawaka
250 1867 31 24 (or
309 1866 31 19 his
365 1866 139 26 descendants)

80 1892 93 25 dwelling
191 1893 53 19 here.
279 1893 47 18 This
345 1893 17 18 is
380 1893 34 19 the
432 1893 72 26 saying

80 1918 149 26 (wliakatauki)
239 1919 21 18 of
279 1918 64 20 Maku
362 1919 20 18 in
397 1919 72 24 regard
484 1923 20 16 to

81 1944 139 20 Tiwakawaka
229 1947 54 16 :•'
290 1945 146 18 Tiwakawaka
455 1951 49 13 ite

79 1975 127 15 TAE-xuARtJA
213 1977 11 13 o
376 1971 46 18 And
433 1971 69 24 Maku,

79 1997 104 24 returning
189 1999 21 16 to
218 1998 33 18 the
258 1997 64 19 abode
329 1997 20 18 of
354 1996 148 25 Tiwakawaka,

79 2021 68 21 nulled
157 2023 55 18 aside
222 2023 34 18 the
265 2023 49 19 door
323 2023 39 19 and
377 2023 77 19 uttered
464 2023 40 19 this

211 2049 65 18 Maku
286 2054 91 14 iiokixga

104 2074 140 20 Tiwakawaka
253 2074 101 19 remained
368 2075 19 18 in
404 2075 99 19 Aotearoa

77 2100 40 19 and
133 2100 31 19 his
182 2101 118 18 descendant
321 2107 39 12 was
376 2100 115 20 Toi-te-hua-

78 2126 42 18 tahi
130 2127 48 23 (ara,
192 2126 169 24 Toi-kai-ii.kau.)
388 2126 59 19 After
459 2127 41 19 him

79 2157 40 13 was
133 2151 187 20 Awa-nui-a-ninsri
338 2152 40 19 and
394 2153 52 18 after
459 2153 41 19 him

76 2183 56 13 •cane
141 2178 229 24 Tama-ki-hiku-nuigi.

104 2204 41 19 The
154 2210 58 13 name
222 2204 21 19 of
259 2204 33 19 the
307 2204 50 18 tribe
371 2204 21 18 of
407 2204 78 19 Tiwaka-

74 2229 58 19 wnka
150 2236 40 13 was
200 2230 121 25 Ngat-Ngai
331 2237 21 12 or
360 2230 126 26 Ngati-Ngai-

74 2256 41 18 nui.

101 2281 63 20 These
174 2288 33 14 aro
217 2283 33 18 the
259 2288 68 13 names
345 2283 21 17 of
380 2282 34 20 the
430 2289 57 13 ances-

75 2310 40 17 tors
127 2309 44 19 who
181 2315 54 13 came
244 2309 50 18 from
306 2307 93 21 Hawaiki
413 2309 19 19 in
442 2309 56 19 those

74 2335 79 18 ancient
171 2333 165 24 times:—Maku,
358 2335 37 24 (Te
419 2334 77 26 Uaua),

73 2360 80 19 Poutini
172 2360 192 25 (Mawake-tauno),
388 2361 97 19 Tamarau-

72 2392 40 19 apu
123 2386 96 25 (Whiro,)
228 2387 60 24 Kupo
307 2386 110 26 (Taunga,)
436 2387 62 19 Tama

76 2412 131 24 (Kunihona,)
216 2412 47 19 Hue
267 2413 36 24 (To
312 2411 116 27 Hekenga,)
439 2413 59 26 llape

75 2437 141 27 (Whakapai,)
237 2438 113 19 Tane-atua
367 2438 119 26 (Tahinga-i-

73 2465 70 24 ---fce-ranj
155 2464 3 25 '
197 2464 106 24 Ira-kewa,
327 2464 158 21 Woitaha-ariki-

73 2490 54 22 kore,
157 2490 72 26 gahue,
239 2491 207 23 Uenuku-tu-whatu,
454 2491 29 20 Pu-

72 2522 41 14 aeo,
125 2516 61 20 Tauia
196 2517 39 18 and
246 2517 87 18 Manaia.

98 2542 62 19 These
179 2549 33 12 are
228 2549 47 19 very
296 2543 78 18 ancient
396 2545 101 18 ancestors

72 2568 44 19 who
137 2575 53 12 came
212 2569 51 18 from
284 2568 211 25 Hawaiki:—Maku,

72 2593 144 25 Eongo-a-tau,
232 2594 138 19 Pani-tinaku.
397 2595 28 18 To
436 2594 48 21 Pani-

73 2620 69 19 tinaku
154 2620 98 26 belonged
262 2620 34 20 the
306 2620 46 20 food
362 2621 21 19 of
393 2621 101 20 Hawaiki.

72 2645 45 19 that
126 2646 15 18 is
150 2648 19 17 to
179 2653 35 18 say
220 2647 34 18 the
262 2646 90 20 kumara.
379 2647 48 19 This
437 2648 17 18 is
463 2648 33 19 the

72 2678 68 13 reason
164 2672 43 19 that
229 2672 44 19 that
296 2672 46 19 land
369 2680 40 12 was
432 2674 64 19 called

72 2697 100 24 Hawaiki,
191 2699 84 19 because
289 2699 21 19 of
326 2700 33 18 the
378 2699 118 20 abundauce

72 2724 22 18 of
103 2724 45 18 fond
158 2724 60 19 there.

99 2751 45 19 And
163 2752 54 18 these
235 2758 33 12 are
285 2751 35 19 the
337 2758 69 12 names
424 2753 21 18 of
462 2752 34 19 the

74 2779 98 17 ancestors
182 2778 44 19 who
232 2777 99 26 belonged
337 2781 20 15 to
365 2778 40 19 this
414 2778 82 20 land:—

73 2801 174 26 Toi'te-hua-tahi,
264 2803 230 27 Tama-ki-hiku-rangi,

73 2827 226 26 ToMahai-o-tG-rangi,
310 2830 186 27 Awa-nui-a-raugi

73 2854 341 27 P>auru,ToHeketanga-rangi,Te
423 2857 59 26 Hapu-

75 2886 80 17 oueone,
173 2881 29 19 To
216 2881 134 23 Tira-maaka,
368 2882 116 26 Pou-ranga-

74 2906 46 23 hua,
141 2906 160 26 Patu-paiareho,
323 2907 27 20 Te
373 2909 111 19 Koau-n-te-

73 2933 64 23 rangi,
149 2933 27 18 Te
186 2933 153 25 Rau-o-Piopio.

99 2958 64 19 Those
178 2965 33 12 are
228 2959 33 19 the
278 2963 98 16 ancestors
391 2963 21 17 to
430 2961 65 20 whom

73 2984 41 19 this
124 2984 45 19 land
179 2984 98 26 belonged
287 2985 38 19 and
342 2987 44 18 who
402 2988 93 25 occupied

73 3011 16 18 it
99 3011 51 18 after
160 3011 33 19 the
203 3011 119 19 dissensions
332 3012 89 20 between
441 3014 55 19 Tane

74 3036 39 19 and
123 3036 30 19 his
163 3038 132 23 companions.

230 3063 62 18 There
310 3069 39 14 was
364 3067 34 22 yet
412 3065 84 20 another

73 3091 91 16 aueostor
173 3089 20 18 of
203 3089 40 18 this
253 3089 53 23 land,
317 3096 24 12 an
350 3094 90 16 ancestor
451 3093 44 18 who

74 3114 56 19 stood
139 3121 54 18 upon
203 3121 36 12 one
250 3115 32 25 leg
297 3116 38 18 and
343 3116 45 19 held
398 3118 33 18 the
439 3118 57 19 other

74 3140 34 24 leg
117 3146 32 19 up.
178 3140 38 19 His
226 3141 61 18 bones
300 3147 32 13 are
348 3143 20 17 of
384 3146 57 22 great
456 3144 40 19 size

73 3166 41 18 and
133 3166 25 19 he
173 3166 55 20 lived
243 3173 53 18 upon
315 3168 58 19 wind.
404 3169 33 19 He
455 3177 41 12 was

73 3192 64 19 called
146 3192 34 19 the

99 3217 42 20 The
152 3219 55 24 signs
217 3225 47 13 seen
280 3219 19 19 in
310 3219 39 19 this
364 3220 48 19 land
427 3223 21 17 at
463 3223 33 18 the

74 3246 79 22 present
173 3245 40 24 day
231 3245 21 19 of
270 3245 35 19 Toi
325 3246 37 19 and
379 3246 34 20 the
435 3248 61 19 tribes

75 3269 62 19 under
146 3270 49 23 him,
207 3277 33 13 are
250 3271 34 19 the
301 3274 56 22 great
369 3271 69 22 walled
454 3280 41 16 pas.

70 3295 67 19 .These
148 3302 33 13 are
191 3303 47 13 seen
247 3304 26 12 on
287 3297 33 21 the
335 3300 119 23 mountains,
471 3307 25 12 on

75 3321 33 19 the
120 3321 46 19 hills
176 3323 40 18 and
224 3323 21 18 in
256 3323 33 19 the
304 3324 82 25 valleys,
404 3325 20 19 in
440 3330 56 20 groat

74 3347 101 19 numbers.
204 3349 53 19 Here
268 3350 16 18 is
294 3350 33 18 the
337 3351 72 24 saying
418 3353 20 17 of
448 3347 46 28 Toi:

99 3373 40 18 Kia
160 3373 70 20 huhua
244 3381 40 19 uga
302 3382 26 17 pa
344 3383 10 11 o
369 3371 117 26 Tu'i-te-hua-

167 3400 45 24 (Let
230 3401 54 19 there
301 3401 25 19 be
345 3409 60 18 many
424 3410 36 18 pas
476 3406 20 18 of

75 3424 188 28 Toi-te-hua-tahi.)
299 3427 57 20 Some
375 3424 63 24 tribes
462 3438 34 17 say

75 3451 45 18 that
130 3451 170 21 Toi-te-hua-tahi
317 3461 55 12 easno
388 3455 50 19 from
454 3455 28 21 Hu-

76 3476 61 19 waiki
148 3476 36 20 but
194 3478 15 18 it
219 3478 16 19 is
244 3481 34 16 not
294 3486 27 12 fio.
353 3481 65 18 There
433 3489 39 11 was
487 3490 9 10 ii

77 3509 46 11 man
134 3503 72 18 named
216 3504 229 21 Toi-te-atua-rere-tahi
455 3509 41 17 who

72 3526 58 21 lived
139 3528 21 19 in
170 3528 100 20 Hawaiki.
281 3530 36 20 but
330 3532 24 18 he
372 3539 60 12 never
443 3539 53 14 came

77 3553 20 19 to
107 3554 104 19 Aotearoa.
240 3556 32 18 He
282 3557 71 24 merely
415 3558 81 20 hisiitu;i

76 3579 64 20 called
147 3579 349 30 Hape«ki»tuMnatanga-a>te«ratigi

77 3609 20 15 to
107 3605 40 19 this
157 3606 47 19 land
214 3607 26 24 by
252 3614 43 18 way
304 3608 21 19 of
334 3609 35 19 the
382 3610 44 18 skv.
453 3612 43 18 And

77 3631 34 19 the
120 3632 57 18 other
191 3638 58 14 name
265 3634 21 19 of
301 3634 35 19 Toi
353 3642 40 11 was

74 3657 70 20 rakau.

102 3683 48 19 This
160 3684 17 18 is
192 3685 34 18 the
241 3686 110 25 genealogy
370 3687 51 19 from
437 3688 59 25 Tune,

75 3709 90 26 through
181 3710 145 25 Tiwakawaka,
345 3714 20 17 to
374 3705 122 30 Toi-te-hua'

74 3735 146 25 tahl:—Tane,
233 3737 54 19 Tane
297 3739 68 23 tuturi,
377 3739 53 20 Tane
440 3747 50 20 pepe
491 3748 5 8 l

540 145 2 24 I
552 146 30 19 kf>.
594 145 124 22 Tnne-ueha,
733 145 142 24 Tane-uetika,
886 145 93 20 Taue-ta'

540 171 1 24 :
551 172 55 21 koto,
618 171 146 22 luio-whenua,
778 171 29 19 Te
821 171 32 18 Ao
862 171 116 24 matiuitini,

550 197 107 24 Tangaroa
667 197 5 15 i
684 198 19 16 ta
713 196 99 25 Eupe-fu,
823 196 145 20 Maui-tikitiki-

550 223 122 24 o-Tarnnga,
690 221 28 19 Te
735 221 243 26 Fapa-titi-rau-maewa,

550 248 40 20 and
602 247 141 19 Thvnkawaka
762 247 46 19 who
828 247 47 19 took
893 249 21 17 to
932 248 47 19 wife

550 273 73 24 Botua,
642 273 39 19 and
697 273 41 19 bad
757 273 208 19 descendants—Tara-

549 301 42 19 nui,
616 299 104 22 Tara-roa,
740 298 108 25 Ngai-nui,
870 298 106 26 Ngai-roa,

550 324 194 26 Ngai-wharo-kiki,
769 324 207 25 Ngai-wkare-kaka,

549 351 117 25 Ngai-roki,
701 346 120 29 ISgai-roka,
849 350 16 19 JS
866 346 3 30 T
872 350 104 24 gai-peha,

549 377 107 25 Ngai-taki
665 376 51 19 take.
753 376 224 24 Ngai-te-huru-nianu

548 404 41 17 and
598 402 34 19 Toi
646 408 19 13 re
678 400 81 21 buatahi
770 402 45 18 who
832 402 48 18 took
896 404 21 16 to
932 402 44 19 wife

548 428 28 19 Te
586 429 153 19 kura-i-mouoa
749 427 40 19 and
807 427 41 19 had
860 428 57 19 threo
926 428 40 19 chil-

547 454 50 19 dren
606 454 72 19 named
687 454 75 22 Eauru,
784 454 190 25 Awa-nui-a-rangi

547 480 40 19 and
595 479 214 20 Te-kura-whakaata.

573 506 61 19 From
649 506 70 19 Eauru
740 505 111 19 descended
870 505 103 25 Tlatonga,

547 531 96 24 Tahatiti,
655 533 101 23 Euatapu,
776 531 109 23 Eakeiora,
902 532 58 18 Tama-

546 557 93 24 ki-te-ra,
657 557 234 25 Tama-ki-biku-rangi,
907 557 66 23 Maru,

546 582 156 24 Hine-te-ariki,
731 583 63 24 Tapa,
824 583 148 23 Ira-taketake,

545 608 72 26 Tapui,
628 609 248 25 TeMatapihi-o-Eehua,
885 609 73 19 TeTau-

545 635 148 25 rU'O-te-rangi,
705 635 28 19 Te
742 635 147 23 Uru-waewae,
910 635 50 19 Patu-

544 660 90 25 pakohu,
644 660 171 25 Kai-whakapae,
827 661 28 19 Te
863 661 99 19 Pori-o-te-

543 686 68 25 rangi,
622 686 151 23 Patu-pakeko,
785 687 58 25 Tapu
852 687 81 23 ka-nui,
945 687 20 19 H

543 712 165 22 Tumutara-Pio,
720 712 28 18 11.
758 712 28 19 Te
803 713 119 23 Bere-kino,
932 713 28 20 Ee-

543 740 49 17 nata
601 738 62 19 Katu.
689 738 120 24 {Ngatiawa
819 739 69 24 tribe.)

568 764 175 24 Awanui-a-rangi
754 764 40 19 had
805 767 39 16 two
853 766 116 18 children—

542 788 139 20 Tama-ki-tua
720 789 183 27 (Tama-ki-waho)
931 791 40 19 and

541 815 146 19 Awa-hei-nui.
715 815 61 19 From
796 816 35 19 the
844 817 76 19 former
937 818 22 18 de-

542 840 85 20 scended
635 840 162 25 Tama-ki-te-ra,
805 842 154 19 Tama-ki-kiku-

540 867 66 25 rangi,
615 867 107 23 Eakeiora,
733 867 29 19 Te
778 867 67 24 Maru,
862 869 28 18 Te
905 869 64 23 Puka,

540 892 55 24 Tete,
607 893 57 21 Tern,
681 893 29 18 To
726 893 185 24 Bangi-te-kehua,
930 895 27 19 Tu-

540 918 101 23 kau-i-ao,
649 918 112 23 llineniihi,
771 919 28 19 Te
807 920 126 26 Puinga-tni,
942 920 28 20 Te

540 944 181 25 Waka-toto-pipi,
745 943 73 26 Weka,
836 946 28 19 To
885 947 83 22 Hitaua,

539 970 73 24 Turoa,
635 970 56 23 Pehi,
715 971 66 24 Tupia
803 972 73 24 Turoa,
907 973 63 24 Kingi

538 996 73 23 Turoa,
623 995 150 26 (Ngati-Ilau.)

565 1021 60 20 From
644 1021 141 21 Awa-hei-nui
808 1030 34 12 are
856 1025 112 19 descended

538 1047 122 25 Eangi-nui,
671 1047 120 27 Eangi-roa,
808 1049 149 26 Bongi-tu-pae-

538 1073 60 23 akau,
611 1073 46 21 Titi,
669 1074 56 22 Tata,
737 1074 60 24 Eero,
806 1075 100 26 Tahinga,
917 1076 40 20 Mai-

537 1099 33 22 kn,
582 1094 133 28 Bongokako,
726 1100 104 21 Tamatea.
851 1100 52 26 (The
912 1102 43 26 Nga-

536 1125 162 25 ti-Kahungunu
708 1133 54 12 come
769 1126 52 20 from
829 1128 113 25 Tamatea.;

564 1150 52 26 [The
638 1151 41 19 line
704 1152 52 19 from
778 1153 190 27 Awa-nui-n-rangi

535 1177 90 25 through
648 1177 35 19 the
709 1178 127 24 Ngati-Hau
867 1180 52 19 tribe
947 1181 22 18 of

536 1203 134 24 Whanganui
689 1204 17 18 is
724 1207 33 16 too
776 1205 58 20 short
851 1206 40 19 and
907 1207 17 18 is
933 1209 35 17 not

535 1228 102 27 reliable.]

562 1255 60 19 Somo
632 1256 21 18 of
662 1255 34 19 the
707 1256 107 19 Mataatua
823 1258 72 25 peoplo
903 1259 52 19 main-

535 1282 43 18 tain
587 1281 45 19 that
642 1281 159 20 Toi-kni-rakau
808 1290 41 12 was
855 1291 12 12 a
876 1291 92 19 younger

535 1307 83 19 brother
634 1307 22 19 of
671 1307 175 21 Toi-te-hua-tahi
862 1310 41 19 and
921 1312 45 24 give

535 1333 32 19 his
578 1333 127 25 wbakapapa
715 1335 47 18 thus
771 1333 132 25 :—Tawhaki
914 1343 39 12 mar-

535 1359 43 19 ried
588 1359 27 19 Te
624 1359 95 19 Para-uii
730 1360 45 19 who
787 1361 41 19 had
844 1361 54 20 issue
916 1362 38 26 Ipu-

533 1385 61 24 rangi
609 1385 45 19 who
669 1386 87 19 married
774 1386 75 20 Heihei
865 1388 45 19 who
927 1389 39 19 had

534 1411 53 18 issuo
597 1411 28 18 Te
721 1411 45 20 who
775 1414 88 18 married
870 1414 84 25 Ngai-te-

533 1436 126 20 huru-manu
669 1437 45 19 who
724 1437 40 20 had
774 1438 54 20 issue
835 1439 118 21 Toi-te-hua-

533 1463 43 18 tahi
587 1462 40 19 and
637 1463 164 20 Toi-kai-rakau.

559 1488 173 20 Toi-te-hua-talii
747 1489 41 21 had
804 1492 47 18 four
866 1492 96 23 children,

533 1514 27 19 To
584 1514 185 25 Kura-whakaata,
794 1517 108 25 daughter,
924 1519 40 19 and

533 1540 77 22 Eauru,
638 1541 191 27 Awa-nui-a-rangi
849 1544 40 18 and
907 1545 43 19 Eua-

532 1566 141 26 rangi-i-mua,
685 1573 52 13 sons.

559 1592 59 19 From
630 1593 34 18 the
677 1593 102 25 daughter
790 1595 112 20 descended
919 1596 33 19 Ila-

532 1618 148 26 hau-te-raugi,
701 1619 28 19 Te
755 1620 110 26 Eangi-tu,
898 1623 63 18 Moiti.

532 1644 102 25 Kuatapu,
662 1645 107 24 Kakeiora,

531 1669 233 27 Tama-ki-hiku-rangi,
776 1672 109 24 Eakeiora,
898 1674 52 19 AVha-

531 1696 94 23 ta-kioro,
637 1697 27 19 Te
675 1697 63 24 Puka,
750 1699 56 23 Tote,
818 1700 57 24 Tera,
889 1701 58 18 Tama-

531 1722 108 23 rakei~ora,
658 1723 158 25 Ira-tu-moaua,
840 1726 120 25 Eangituhi,

531 1749 131 24 Tama-poho,
674 1749 28 19 Te
712 1749 194 27 Eewa-o-te-rangi,
923 1753 26 18 Ta-

531 1773 158 25 tiia-i-te-iangi,
697 1775 152 26 Tatu-pakake,
859 1778 90 25 Tapuika-

531 1800 38 22 nui,
580 1800 27 19 H.
620 1800 22 19 T.
653 1801 44 24 Pio,
710 1802 26 18 11.
748 1803 21 17 T.
788 1803 117 24 Eere-kino,
921 1805 40 19 and

531 1826 77 19 Kenata
617 1826 64 20 Katu.
710 1828 120 25 (Ngatiawa
838 1830 70 26 tribe.)

646 1861 34 22 [To
691 1866 23 11 IIK
727 1864 114 21 CONTINUED.]
978 1861 1 24 I

1252 86 58 19 THE
1337 88 57 19 HOT
1420 90 95 20 LAKES
1543 91 174 26 CHRONICLE,
1745 95 191 21 WEDNESDAY,
1964 94 133 21 OCTOBER
2125 98 32 22 23,
2173 98 49 18 1895.

95 3787 37 17 *la
148 3788 94 18 reference
254 3790 20 16 to
287 3789 38 17 this
341 3790 77 18 allusion
432 3793 18 17 to
465 3794 31 16 thn

71 3813 42 15 tnoa
128 3817 21 11 as
164 3817 24 12 an
201 3813 138 17 ancestor:—lt
355 3813 15 17 is
384 3814 34 18 but
434 3822 10 10 n
461 3817 35 17 few

70 3834 61 17 weeks
140 3840 36 17 ago
185 3835 43 16 that
235 3841 33 17 my
276 3836 75 17 learned
363 3837 66 21 friend,
444 3839 52 18 Rewi

69 3857 112 23 Rsngiamio
190 3858 20 17 of
219 3858 31 17 the
259 3858 159 24 Nguti-Munawa,
428 3868 23 11 on
464 3869 32 15 my

70 3880 67 24 asking
144 3881 40 17 hiui
196 3887 20 11 as
228 3883 21 16 to
264 3882 27 16 Lis
304 3883 109 24 knowledge
429 3886 19 16 of
463 3887 33 17 the

70 3909 47 15 moa,
127 3904 51 22 said:
224 3905 60 18 When
293 3905 8 18 I
311 3907 49 17 went
367 3908 20 16 to
398 3909 98 17 Auckland

69 3926 11 17 I
88 3933 38 11 saw
132 3927 21 18 in
161 3928 32 17 the
202 3928 182 20 whare-matakitaki
391 3931 32 18 the
435 3932 49 18 skele-

70 3950 32 17 ton
111 3950 19 18 of
139 3957 11 11 a
158 3957 48 12 inca.
231 3952 39 17 The
278 3952 49 23 body
335 3954 21 16 of
363 3954 32 17 the
403 3961 42 11 1110:1
457 3961 39 12 was

70 3973 90 23 complete
168 3975 38 17 and
212 3975 33 17 the
253 3976 31 22 leg
292 3975 62 21 bones,
363 3977 35 17 but
410 3978 32 18 the
456 3984 40 12 arm

69 3996 57 18 bones
134 4003 48 12 were
190 3997 43 22 lost,
243 3999 11 16 I
262 3999 59 20 think,
331 4000 29 17 for
367 4001 10 17 I
384 4001 32 17 did
424 4003 35 16 not
466 4008 30 12 see

163 4021 51 18 Here
222 4027 35 12 one
266 4022 19 17 of
294 4022 31 18 the
332 4029 64 18 young
404 4031 43 11 men
461 4025 35 18 ob-

69 4048 12 12 S'
101 4043 36 21 >-od,
214 4044 31 19 th„
255 4051 42 13 moa
304 4051 38 13 was
351 4053 11 11 a
370 4047 51 18 bird!
441 4048 55 17 Birds

70 4065 22 18 do
101 4068 34 16 not
142 4073 72 17 possess
221 4074 50 12 arms
446 4071 50 17 cried

69 4089 56 20 I.e-.ri,
156 4091 9 17 I
174 4091 77 19 mahara
262 4098 31 15 au,
308 4093 23 18 he
471 4094 25 24 (O

68 4117 39 14 Son,
117 4114 10 16 I
135 4114 84 24 thought
226 4116 32 17 the
266 4121 43 12 moa
316 4122 38 13 was
362 4123 12 12 a
381 4117 59 24 man.)

527 1913 165 17 AUSTRALIA'S
700 1914 134 19 NATIONAL

596 1936 183 20 RESTORATIVE.

526 1982 135 18 CLEMENTS
670 1983 78 18 TONIC

556 2005 133 22 RESTORES,
703 2007 107 22 VIGOUR,
827 2009 108 18 HEALTH

619 2029 53 17 AND
680 2030 124 18 VITALITY
818 2032 33 17 OF
861 2033 93 17 YOUTH.

525 2074 82 18 CURES

571 2098 146 21 WEAKNESS,

640 2122 149 21 LASSITUDE,

715 2146 132 20 DEBILITY,

780 2170 174 22 INDIGESTION,

534 2190 122 18 iMiOMri'L.
661 2194 11 14 v
681 2191 54 19 Abiv

575 2237 109 18 BEWARE
697 2237 32 19 OF
743 2239 159 19 IMITATIONS.

521 2283 32 16 Mr
561 2283 40 17 Bra
610 2283 22 17 P.
649 2283 81 22 Walker,
746 2285 103 21 Willis-st.,
864 2286 79 21 Welling-

521 2307 40 19 ton,
571 2305 47 19 New
630 2307 88 21 Zealand,
732 2308 43 16 who
790 2309 63 18 writes
870 2316 23 10 on
910 2309 44 24 July

524 2329 49 20 17th,
585 2330 99 17 1894:—1t
698 2330 15 17 is
727 2336 13 12 a
753 2331 86 22 pleasure
853 2334 20 16 to
889 2338 30 12 me
936 2335 18 16 to

521 2351 65 24 testify
595 2353 20 17 to
625 2352 31 18 the
670 2354 64 16 merits
748 2354 21 17 of
782 2355 95 18 Clements
891 2357 63 17 Tonic.

521 2375 38 17 For
568 2375 67 18 twelve
641 2382 53 16 years
704 2378 9 16 I
722 2383 38 11 was
769 2378 82 18 afflicted
856 2378 45 19 with
908 2380 46 23 gout

520 2399 39 16 and
568 2399 134 23 consequently
715 2400 136 22 sleeplessness.
877 2403 9 16 I
900 2408 54 12 never

520 2422 56 16 knew
585 2422 52 17 what
645 2422 15 17 it
669 2429 37 11 was
715 2425 20 16 to
743 2423 49 18 have
803 2430 11 11 a
829 2425 72 23 night's
917 2427 37 16 rest

520 2444 81 18 without
611 2445 90 24 suffering
708 2446 51 23 pain.
785 2448 10 16 I
867 2448 26 17 all
907 2451 47 15 sorts

520 2468 21 16 of
549 2467 47 19 stuff
603 2470 19 15 to
631 2469 30 22 try
670 2470 38 16 and
717 2469 67 19 relieve
793 2476 31 17 my
833 2477 69 17 agony,
920 2472 34 18 but

520 2491 114 24 everything
641 2491 59 19 failed
706 2493 51 17 until
770 2494 10 16 I
794 2493 50 19 tried
860 2494 94 19 Clements

520 2515 63 16 Tonic.
609 2516 55 16 After
673 2516 32 17 the
713 2516 40 17 first
770 2516 60 18 bottle
845 2518 10 17 I
870 2524 38 11 was
921 2519 22 16 de-

520 2537 74 22 cidedly
602 2538 66 17 better.
694 2538 10 18 I
713 2539 46 17 then
767 2541 102 17 continued
882 2541 24 17 its
915 2547 37 15 use,

520 2561 37 16 and
566 2561 50 17 after
622 2561 67 23 taking
697 2561 36 19 five
741 2563 55 17 small
809 2564 70 17 bottles
893 2564 10 17 I
915 2570 39 12 was

520 2584 106 22 absolutely
635 2585 61 16 cured.
722 2585 11 17 I
741 2586 48 17 have
797 2587 37 17 had
850 2587 54 17 other
919 2588 26 16 ail-

520 2609 61 15 ments
595 2607 55 20 since,
666 2608 35 17 but
717 2608 48 17 have
783 2610 59 17 found
859 2610 94 18 Clements

519 2631 58 16 Tonic
586 2631 49 22 good
644 2636 56 18 every
716 2632 51 20 time,
782 2633 38 17 and
832 2632 48 19 have
898 2639 56 12 never

520 2653 59 18 found
588 2654 15 17 it
611 2653 35 19 fail
653 2655 20 17 to
682 2655 43 21 give
734 2655 108 19 immediate
851 2656 58 18 relief.
934 2657 20 17 It

519 2677 15 16 is
543 2676 33 19 the
585 2677 90 17 medicine
684 2679 20 16 of
715 2679 100 17 medicines
828 2679 19 18 in
863 2686 32 16 my
908 2681 36 16 esti-

519 2700 78 17 mation.
614 2700 44 18 You
665 2708 31 10 aie
704 2702 21 17 at
733 2701 69 23 liberty
811 2703 19 17 to
839 2703 54 16 make
903 2703 51 18 what

519 2729 33 11 use
560 2729 39 16 you
613 2724 38 16 will
665 2724 19 16 of
700 2724 38 17 this
755 2727 108 16 statement.
897 2726 55 18 lam

519 2746 42 17 well
570 2746 69 17 known
648 2747 19 16 in
676 2747 116 22 Wellington
802 2749 38 17 and
854 2749 97 18 Hokitika.

519 2770 86 17 —Yours
613 2776 46 16 very
667 2771 110 22 gratefully,
787 2772 40 17 Ben
836 2772 22 17 V.
870 2773 81 20 Walker,

519 2792 134 16 Willis-street,
663 2794 123 14 Wellington.
795 2795 48 13 New
852 2796 88 12 Zealand.

542 2839 16 16 A
564 2840 147 21 correspondent
718 2840 66 18 thinks
790 2841 43 18 that
838 2842 33 17 the
878 2842 63 18 follow-

518 2862 34 23 ing
560 2862 115 23 description
680 2863 20 17 of
708 2868 11 12 a
727 2869 119 12 racc-courr-e
852 2871 54 11 scene
913 2866 38 17 said

518 2887 20 15 to
548 2885 47 17 have
603 2885 47 17 heen
659 2886 99 17 witnessed
767 2893 51 12 some
824 2894 54 15 years
887 2895 37 16 ago
933 2890 18 16 in

518 2908 32 17 the
567 2908 42 17 Hot
632 2909 61 17 Lakes
715 2909 79 21 district,
812 2911 75 23 clipped
904 2913 47 17 from

517 2931 113 18 Melbourne
643 2932 116 22 Sportsman,
777 2940 44 15 may
834 2935 79 17 interest
920 2936 31 17 the

516 2954 94 19 members
619 2956 20 17 of
647 2956 32 16 the
688 2955 48 18 local
744 2956 50 18 Race-

518 2978 138 22 withstanding
673 2979 33 17 the
722 2980 120 21 precautions
858 2981 57 17 taken
932 2982 19 17 to

517 3001 48 22 keep
574 3001 32 17 the
614 3001 123 23 proceedings
743 3003 74 22 orderly
826 3005 38 17 and
870 3004 31 17 the
907 3010 33 19 peo-

517 3024 31 22 ple
557 3024 60 20 sober,
627 3026 32 16 the
664 3025 102 24 gathering
776 3033 37 10 was
819 3033 25 10 an
849 3028 102 22 extremely

517 3048 58 21 lively
583 3054 41 11 one.
650 3048 37 17 For
696 3049 32 17 the
739 3049 75 18 Hurdle
825 3050 55 21 Eace,
892 3051 59 18 which

518 3071 73 21 opened
598 3071 33 17 the
639 3077 125 17 programme,
779 3073 53 17 there
840 3080 49 11 -were
898 3080 53 12 seven

517 3095 84 20 starters,
611 3095 45 21 only
664 3101 35 10 one
709 3095 20 17 of
738 3095 61 19 which
809 3098 35 21 got
851 3097 61 17 round
920 3098 31 16 the

518 3123 70 11 course.
613 3118 39 17 The
661 3118 58 17 riders
729 3119 19 16 of
755 3118 32 19 the
794 3120 29 17 six
830 3121 54 16 other
889 3121 62 17 horses

517 3140 27 17 all
553 3141 69 22 lodged
631 3142 86 21 protests,
728 3142 71 18 several
808 3143 20 17 of
833 3144 62 16 which
903 3149 48 12 were

518 3164 77 21 upheld,
605 3165 113 21 whereupon
727 3165 33 17 the
769 3172 63 11 owner
837 3167 21 16 of
864 3167 32 17 the
905 3167 35 17 win-

517 3193 35 10 ner
561 3188 77 16 insisted
647 3193 51 16 upon
706 3188 85 22 lighting
799 3189 32 18 the
838 3189 65 23 judge,
910 3191 42 16 who

518 3215 59 13 swore
586 3210 23 17 he
618 3210 62 18 would
691 3210 3 26 '
703 3212 55 16 shoot
772 3212 39 17 him
826 3213 38 17 like
878 3219 11 11 a
903 3210 48 26 dog'

518 3233 16 17 if
543 3231 22 20 he
575 3233 31 18 did
616 3235 33 16 not
657 3234 72 17 behave
743 3234 82 19 himself.
851 3236 24 18 In
883 3236 32 17 the
924 3242 19 12 se-

518 3257 49 16 cond
576 3262 41 12 race
625 3257 41 17 half
675 3257 31 18 the
715 3259 104 20 spectators
828 3259 87 17 followed
920 3260 32 17 the

518 3279 45 18 field
571 3280 61 18 round
641 3286 24 11 on
673 3280 104 19 horseback
785 3283 21 15 to
814 3288 30 12 see
853 3283 44 17 that
900 3282 52 19 there

518 3308 39 12 was
565 3309 26 11 no
599 3304 84 21 running
695 3304 101 17 insidithe
812 3308 89 20 posts—a
908 3311 33 17 pro-

519 3327 79 22 ceeding
607 3327 59 17 which
676 3328 29 16 led
716 3329 20 15 to
744 3334 12 10 a
764 3331 54 19 great
828 3328 43 18 deal
880 3329 19 17 of
908 3335 33 11 con-

519 3349 68 19 fusion,
597 3349 120 25 particularly
727 3356 21 12 as
753 3351 33 17 the
790 3351 61 24 judge
855 3358 40 12 was
899 3358 53 16 away

520 3373 71 22 having
598 3373 56 17 lunch
664 3374 54 17 when
728 3374 32 17 the
774 3374 44 19 field
832 3381 52 12 came
898 3376 54 16 home

518 3395 21 17 in
547 3401 11 12 a
567 3396 54 17 cloud
630 3397 20 16 of
658 3397 50 19 dust,
717 3397 70 18 amidst
795 3403 12 12 a
815 3398 106 17 whirlwind
934 3399 19 16 of

518 3421 87 19 protests.
631 3420 57 18 Later
704 3421 20 17 in
744 3421 34 17 the
798 3421 37 22 day
851 3428 12 10 a
879 3422 73 21 dispute

519 3447 53 12 arose
580 3442 84 19 between
673 3445 37 16 two
718 3444 79 17 backers
805 3451 21 11 as
834 3446 21 15 to
864 3445 32 17 the
904 3451 36 16 pay-

519 3471 34 14 ing
561 3471 43 11 over
618 3467 20 16 of
651 3472 10 12 a
675 3466 125 25 five-shilling
813 3474 70 15 wager,
899 3468 53 17 when

520 3487 31 18 the
561 3490 68 16 matter
637 3495 38 11 was
684 3490 98 24 promptly
797 3491 68 17 settled
878 3491 26 22 by
918 3497 34 11 one

520 3511 20 16 of
548 3512 31 16 the
593 3512 70 22 parties
675 3513 96 24 plunging
787 3515 32 17 the
834 3513 56 19 blade
906 3515 20 17 of
941 3520 11 11 a

520 3534 51 17 knife
579 3535 40 16 into
628 3536 31 17 the
668 3536 54 17 heart
731 3537 19 16 of
759 3538 31 16 the
805 3537 61 18 other,
881 3537 60 17 where-

521 3562 48 15 upon
579 3558 32 16 the
620 3559 90 19 members
719 3560 20 17 of
748 3566 35 11 one
792 3560 48 19 tribe
856 3560 32 17 fell
903 3565 49 17 upon

522 3579 30 17 the
573 3581 90 19 members
682 3584 21 16 of
718 3584 86 19 another,
821 3584 38 17 and
876 3590 11 10 a
903 3584 49 22 fight

520 3603 70 17 ensued
599 3604 58 18 which
667 3606 93 22 promised
769 3609 21 15 to
799 3607 43 20 give
854 3607 33 17 the
901 3613 39 11 raw-

520 3631 64 12 course
593 3627 31 17 the
633 3630 61 20 aspect
711 3629 20 18 of
743 3636 12 11 a
768 3629 106 18 battlefield
888 3630 38 17 had
942 3636 10 11 a

520 3650 56 21 party
593 3650 19 16 of
626 3650 58 23 police
697 3654 34 15 not
744 3659 52 11 come
812 3659 25 11 on
851 3653 33 18 the
901 3659 51 11 scene

520 3673 125 23 opportunely
654 3675 37 17 and
698 3676 102 21 prevented
806 3676 74 18 further
886 3676 55 18 blood-

520 3695 51 18 shed.
597 3696 38 19 The
644 3697 49 23 body
703 3699 20 17 of
731 3699 32 17 the
774 3699 48 18 dead
837 3700 62 16 Maori
915 3705 37 11 was

520 3718 70 19 carried
599 3720 26 18 off
633 3722 18 15 to
661 3728 10 9 a
685 3722 91 24 drinking
790 3723 70 22 shanty
874 3729 45 12 near
932 3723 20 17 at

519 3742 50 18 hand
579 3744 19 16 to
606 3744 57 17 await
671 3751 23 11 an

543 3780 68 17 Orders
619 3781 38 17 will
666 3781 23 17 be
698 3783 83 18 received
791 3784 21 16 at
821 3783 33 17 the
863 3783 89 17 Clinoxi-

519 3806 36 15 CLE
565 3803 51 17 office
625 3805 29 16 for
663 3805 60 17 Lett's
731 3805 74 17 Diaries
814 3807 30 15 for
856 3806 50 16 1896.

756 3873 16 36 j
781 3873 130 24 tamlyn,

519 3927 162 23 PaPERTIANGER,
705 3928 118 25 PAINTER,
853 3929 96 25 GIAZIER,

584 3953 132 20 SIQNWRITUR
730 3960 42 13 AND
788 3955 100 19 GEJTERAL

669 3980 130 20 Decorator.

558 4014 137 26 Twenty-five
705 4015 65 25 years'
786 4016 125 25 experience.

636 4050 115 21 Estimates
762 4057 70 14 gives'.

544 4116 70 27 Apply
623 4117 60 20 Office
694 4118 21 19 of
723 4118 42 19 this
776 4125 69 20 paper.

1004 147 217 46 Rotorua
1240 147 193 60 Bakery

1012 357 108 33 BAKER
1130 359 27 31 &
1167 359 253 35 CONFECTIONER.

1050 455 84 24 Bread
1149 458 134 23 delivered
1298 459 78 30 daily.

1050 526 166 26 GROCERIES,

1194 560 143 22 DRAPERY,

1188 597 44 13 AND

994 624 123 18 GENERAL
1124 625 207 21 STOREKEEPER'S
1338 628 89 20 GOODS.

996 692 163 42 ROTORUA
1182 693 92 41 BOOT
1295 695 26 40 &
1337 695 90 43 SHOE

1145 750 127 42 DEPOT.

1209 959 27 27 a

1171 1027 32 29 n)
1220 1044 17 12 *

990 1080 18 18 A
1028 1081 67 25 Largo
1114 1082 61 20 Stock
1195 1084 21 18 of
1232 1083 94 23 German,
1343 1083 79 19 French

1058 1109 41 18 and
1109 1108 91 20 Colonial
1210 1109 62 19 Boots
1281 1109 76 25 always

1152 1135 22 19 in
1190 1135 67 19 Stock.

989 1170 68 20 BEST
1065 1171 151 20 MATERIAL.
1253 1171 167 21 BtSTWORK.

1068 1208 157 19 AUCKLAND
1236 1208 105 20 PRICES.

989 1256 161 24 Hand-sewn
1161 1258 78 23 Eoots
1250 1265 15 16 a
1279 1257 138 31 Specialty.

1015 1572 183 48 Robert
1232 1574 154 47 Wake

985 1653 99 45 BEGS
1091 1656 21 16 to
1120 1654 93 19 intimate
1221 1658 21 16 to
1248 1655 34 19 the
1291 1655 124 20 inhabitants

1058 1680 21 18 of
1093 1679 92 21 Rotorua
1198 1682 40 18 and
1255 1681 34 19 the
1308 1682 107 26 travelling

984 1705 69 25 public
1063 1707 104 24 generally
1181 1707 46 19 that
1243 1707 25 19 ho
1286 1707 35 19 has
1338 1714 12 12 a
1369 1712 46 21 trap

983 1731 90 25 running
1083 1738 59 18 every
1153 1733 55 19 week
1217 1733 90 19 between
1317 1734 95 21 Rotorua,

983 1757 86 19 Galatea
1079 1758 40 18 and
1131 1759 28 18 To
1174 1758 80 20 Whniti
1270 1760 32 18 for
1317 1760 33 18 tlio
1366 1766 49 13 con~

983 1790 87 12 vevance
1080 1784 21 18 of
1112 1790 127 20 passengers,
1253 1785 82 25 parcels,
1355 1787 32 17 &c.

1009 1814 80 19 Parcels
1100 1814 78 20 recived
1188 1815 40 19 and
1240 1815 28 19 all
1284 1816 129 19 information

983 1839 60 24 given
1063 1844 21 15 at
1101 1840 25 19 It.
1146 1840 89 20 Wake's
1253 1841 62 24 Store,
1337 1842 76 19 Fenton

982 1866 73 19 Street.

1078 1992 243 21 ANNOUNCEMENT.

1020 2071 80 20 HAVE
1111 2073 113 25 purchased
1235 2080 11 12 a
1263 2074 38 18 full
1318 2074 55 19 stock
1391 2075 22 18 of

986 2101 18 13 A-
1033 2098 69 25 drugs,
1117 2098 113 24 chemicals,
1249 2101 40 21 &c.,
1307 2100 40 19 and
1360 2100 51 19 have

980 2124 92 24 engaged
1083 2131 12 12 a
1104 2128 114 21 competent
1228 2131 46 13 man
1286 2128 21 17 to
1318 2126 93 25 dispense

980 2149 34 19 the
1028 2156 55 13 same
1098 2152 22 17 at
1136 2150 35 19 the
1190 2157 44 13 new
1251 2151 50 25 shop
1320 2152 91 24 opposite

979 2175 35 19 the
1025 2175 69 20 Grand
1105 2175 68 21 Hotel.

1162 2221 112 19 ROBERT
1291 2222 92 18 WAKE.

976 2529 127 41 GREAT
1131 2530 275 42 DISTRIBUTION

1091 2575 40 22 OF
1157 2576 132 23 SYDNEY

974 2601 60 29 City
1049 2602 51 22 and
1122 2601 137 24 Suburban
1281 2603 125 24 Freehold

1122 2628 135 30 Property,

1158 2655 25 15 JW
1195 2656 29 13 the

986 2675 148 19 EQUITABLE
1143 2675 131 18 BUILDING
1280 2676 114 22 SOCIETY,

1123 2698 135 21 BRISBANE,

975 2721 130 21 (Incorporated
1108 2727 33 11 ace.
1149 2722 51 20 rding
1205 2726 16 11 to
1226 2723 34 15 Act
1265 2723 17 15 of
1287 2723 118 21 Parliament.)

974 2765 75 24 Issue
1058 2766 28 23 of
1089 2766 133 27 £150,000
1230 2767 93 24 Shares
1333 2769 27 22 at
1367 2768 26 26 £l-

974 2794 72 17 --
1054 2797 31 11 can
1094 2793 53 20 apply
1155 2796 28 14 for
1191 2794 58 14 shares
1258 2793 3 22 !
1275 2793 27 16 No
1310 2794 82 21 .Liability
1402 2793 4 22 !

1009 2836 96 17 BALLOT
1116 2838 44 16 20th
1171 2837 139 20 DECEMBER,
1326 2839 46 15 1895.

1046 2881 17 15 C.
1070 2886 79 12 MXTTTKE
1160 2888 21 10 OP
1194 2883 125 15 MANAGEMENT
1326 2881 4 17 :

973 2901 47 17 Hon.
1030 2902 14 15 B
1061 2902 15 16 B
1091 2903 79 17 Moreton
1187 2901 2 23 |
1200 2904 47 15 Hon.
1251 2903 46 16 John
1305 2904 98 16 Donaldson

1047 2924 79 16 Acheson
1134 2924 84 21 Qverend,
1228 2924 49 21 E-q.,
1291 2924 42 16 C.E.

1033 2951 72 16 Sydney
1122 2953 59 15 Boasd
1193 2956 20 12 of
1226 2952 116 16 Rkfkrknck:

973 2971 55 16 Bruco
1036 2973 59 19 Smith,
1105 2973 48 20 Esq.,
1186 2971 2 23 |
1209 2973 18 16 J.
1237 2973 19 16 F.
1263 2973 62 19 Burns,
1334 2973 48 21 E?q.,

1102 2994 27 17 W.
1141 2994 18 16 J.
1169 2994 62 19 Green,
1244 2994 39 21 Ki-q.

974 3020 82 16 Bankebs
1063 3020 4 22 :
1081 3020 38 17 The
1126 3021 111 16 Commercial
1249 3021 81 21 Banking
1341 3022 31 16 Co.
1388 3023 18 15 of

1124 3043 72 20 Sydney.
1213 3043 41 15 Ltd.

995 3069 31 15 508
1033 3068 58 17 Prizes
1100 3069 61 17 valued
1169 3069 44 16 from
1228 3071 32 15 £2O
1275 3072 16 13 to
1300 3071 82 19 £25,560.

994 3098 97 21 Properties
1100 3105 28 10 are
1136 3100 59 20 ue.irly
1204 3100 22 15 all
1241 3100 40 20 City
1295 3100 34 16 and
1343 3100 51 16 subur-

973 3119 39 19 ban,
1023 3125 51 15 many
1081 3120 66 21 having
1155 3121 48 20 large
1213 3122 54 15 rental
1281 3123 72 14 returns.
1377 3123 29 15 See

974 3140 106 19 Prospectus.

974 3163 29 15 Ist
1011 3163 53 16 Prize
1073 3161 87 23 £28,500,
1217 3164 37 16 2nd
1264 3165 52 16 Prize
1326 3164 80 20 £21,000

997 3185 35 17 3rd
1039 3186 54 17 Prize
1101 3186 81 20 £l(i,000
1199 3187 33 17 4tli
1241 3187 53 17 Prize
1303 3187 80 21 £11,200

974 3208 33 17 sth
1016 3209 52 17 Prize
1084 3209 75 22 £7,000,
1174 3210 39 17 und
1229 3212 34 15 503
1276 3211 54 16 other
1344 3211 62 17 Prizes

1036 3232 84 23 ranging
1127 3232 50 18 from
1192 3232 69 21 £6,500
1270 3235 19 16 to
1298 3233 44 18 £2O.

974 3260 23 17 £t
1007 3265 39 15 may
1056 3261 33 15 win
1105 3262 85 17 £125,910
1206 3262 52 15 worth
1272 3262 18 15 of
1303 3262 102 21 Properties.

995 3287 35 16 For
1039 3287 57 16 shares
1107 3288 34 15 and
1154 3288 22 13 nil
1192 3288 110 16 information
1318 3289 53 20 apply
1388 3292 18 13 to

974 3311 91 17 sorre'Hry,
1075 3310 30 15 212
1120 3309 106 20 Qukkn-ht.,
1244 3310 93 19 Brisbane,
1354 3316 19 10 or
1390 3312 16 14 to

974 3330 21 15 G.
1008 3330 19 15 C.
1037 3331 100 18 Chaiwv.ks,
1148 3332 19 15 72
1177 3331 19 15 I'i
1201 3335 58 13 rr-sT.,
1272 3332 78 19 Sydney,
1368 3332 38 15 who

975 3351 34 15 will
1018 3356 28 10 act
1054 3357 19 10 as
1080 3357 53 14 agtut
1143 3352 26 15 for
1178 3352 28 15 the
1214 3352 66 19 Society
1287 3353 18 15 in
1312 3352 71 17 N.s.W.

994 3403 126 27 Government
1138 3404 102 28 Insurance
1256 3406 127 33 Department.

1060 3458 66 19 Funds,
1139 3463 43 12 oveii
1194 3460 20 21 2j
1226 3460 92 17 Mimjons.

992 3497 40 15 Sum
1045 3497 70 17 Assured
1157 3507 7 4 -
1187 3503 39 12 over
1238 3499 147 24 £9,000,000

992 3525 63 17 Annual
1071 3526 63 16 Income
1157 3537 7 3 -
1210 3532 39 11 over
1261 3528 124 23 £360,000

1125 3568 15 13 J.
1153 3569 18 13 H.
1183 3569 137 16 RICHARDSON,

991 3584 15 15 SJ
1255 3587 130 15 Commissioner.

974 3654 34 19 TO
1023 3654 57 19 TEE
1094 3653 106 19 PUBLIC
1215 3653 34 19 OF
1269 3653 137 20 KOTORUA.

975 3705 93 46 IBEG
1080 3708 20 17 to
1110 3705 66 19 than):
1185 3705 35 19 tho
1232 3705 73 19 Public
1315 3705 21 18 of
1345 3705 50 19 Eoto-

995 3747 5 2 .
1028 3738 41 13 rua
1087 3732 32 19 for
1134 3731 53 20 their
1193 3732 82 18 favours
1287 3731 75 25 during
1373 3732 34 19 the

974 3761 46 23 past
1029 3758 71 19 fifteen
1109 3764 65 18 years,
1187 3757 41 19 and
1242 3759 20 16 to
1279 3757 65 25 notify
1362 3757 46 20 that

974 3785 32 18 for
1017 3784 34 19 the
1062 3784 133 19 convenience
1205 3783 22 18 of
1235 3782 99 20 residents
1343 3783 22 19 in
1373 3784 34 18 tho

976 3811 51 19 New
1037 3810 116 24 Township,
1166 3808 40 20 and
1216 3815 33 19 my
1262 3809 57 19 trade
1336 3815 60 19 gener-

975 3837 48 25 ally,
1033 3836 12 19 I
1055 3836 52 19 liave
1118 3836 53 18 built

1002 3871 52 19 New
1063 3871 104 19 Premises
1175 3876 22 12 in
1204 3869 46 19 Fen
1253 3875 36 13 ton
1296 3869 84 24 Street,

976 3902 65 19 which
1051 3907 52 14 weie
1112 3900 80 25 opened
1199 3900 32 19 for
1241 3899 93 19 business
1343 3905 26 13 on

1071 3934 153 20 SATURDAY
1235 3933 75 20 LAST.

975 3968 11 19 I
1006 3967 41 20 will
1065 3973 45 13 now
1129 3966 26 19 be
1175 3965 100 27 prepared
1297 3967 19 17 to
1334 3965 74 27 supply

1115 3997 72 19 Prime
1206 3996 63 19 Meat

975 4029 21 19 in
1007 4029 50 19 both
1067 4029 51 19 New
1130 4029 41 19 and
1181 4028 39 20 Old
1229 4027 125 26 Townships.

1007 4082 42 23 An
1063 4081 151 30 Inspection
1230 4080 23 23 is
1267 4080 107 24 invited.

1184 4112 102 20 HENRY
1300 4112 81 20 KJLEK.

1904 169 338 89 HOTEL,

1757 281 289 66 TAUPO,

1477 356 41 18 One
1528 357 38 17 and
1574 363 11 11 a
1593 357 41 17 lialf
1641 358 54 18 miles
1703 359 51 18 from,
1760 361 33 16 the
1802 361 46 16 Post
1856 360 64 17 Office.
1945 360 31 17 All
1983 361 81 18 Coaches
2071 362 49 17 from
2126 363 96 20 Tokaanu,
2229 363 70 21 Napier
2303 363 38 17 and

1453 379 86 18 Rotorua
1547 386 33 11 are
1588 382 39 15 met
1634 381 27 22 by
1668 381 33 17 the
1794 383 87 20 Coaches,
1891 383 38 17 and
1937 383 74 18 visitors
2019 385 97 22 conveyed
2127 387 20 15 to
2161 386 33 16 the
2303 386 38 17 free

1843 406 20 17 of
1871 406 75 22 charge.

1480 430 43 20 The
1662 432 18 18 is
1691 433 35 19 the
1736 433 68 20 Home
1813 435 22 17 of
1844 434 35 18 the
1888 433 87 19 Famous
1990 434 93 23 Crow's
2098 435 66 24 Nest
2180 436 106 27 Geyser,
2305 437 35 19 the

1454 456 82 17 Witches
1545 457 101 21 Cauldron,
1660 458 123 24 Champagne
1797 460 75 22 Geyser,
1889 459 63 21 Milky
1964 460 75 22 Geyser,
2058 461 107 22 .flesh-pot,
2180 462 92 22 Porridge
2288 463 51 20 Pots,

1453 478 50 18 Blow
1508 480 67 20 -holes,
1586 480 83 17 Hannah
1677 481 77 22 Geyser,
1762 483 34 16 the
1804 483 66 16 Lessor
1883 482 71 17 Crow's
1966 482 53 20 Nest,
2033 483 64 18 Venus
2113 484 57 20 Bath,
2185 484 73 18 Satan's
2275 485 63 22 Glory,

1453 501 40 17 Salt
1503 502 75 23 Spring,
1588 503 148 22 Paddle-wheel,
1745 505 38 17 and
1790 505 72 17 several
1870 504 55 18 other
1933 504 60 23 sights
2000 506 20 16 of
2027 506 84 17 interest.
2137 507 76 18 Guide's
2222 508 29 16 fee
2259 508 20 17 2s
2295 508 45 17 each

1452 530 74 16 person.

1476 548 39 16 The
1523 548 32 17 111
1563 549 36 16 KA
1611 549 85 16 FALLS.
1721 550 81 17 Visitors
1810 553 20 14 to
1839 551 33 16 the
1962 551 94 21 conveyed
2064 551 39 18 free
2111 552 21 17 of
2140 553 75 21 charge.

1475 570 40 18 The
1545 571 47 17 SPA
1622 572 88 17 HOTEL
1722 573 134 17 COACHING
1869 573 38 17 CO.
1913 579 36 11 run
1957 574 82 17 Coaches
2048 575 20 16 to
2082 575 33 16 the
2130 575 99 23 following
2242 576 61 22 places
2320 576 20 17 of

1451 592 114 19 interest:—

1451 615 136 24 Wairakei
1599 617 122 29 Geysers,
1733 618 61 26 daily,
1806 619 94 24 Suudays
1912 619 99 18 included.
2040 619 53 19 Fare
2103 621 22 17 2s
2136 620 32 19 6d.

1451 640 143 25 Arateatea
1609 643 104 29 Rapids,
1725 644 62 25 daily.
1816 645 51 18 Fare
1879 646 23 17 as
1912 644 31 19 6d.

1451 667 132 28 Tokaanu,
1594 668 117 25 Thursdays
1721 670 40 19 and
1775 670 101 24 Sundays.
1904 670 52 18 Fare
1965 671 29 18 ss.

1449 692 147 25 Rotokawa
1611 694 113 30 Sulphur
1738 696 77 22 Lake-
1844 696 51 18 Fare
1906 696 22 17 7s
1938 696 31 22 Cd,
1981 702 39 18 any
2030 696 55 20 time.

1473 741 39 17 The
1518 743 161 17 accommodation
1688 744 20 16 at
1715 744 33 17 the
1776 744 38 22 Spa
1863 744 26 16 all
1897 744 43 16 that
1955 750 34 11 can
2004 744 24 18 be
2045 745 78 19 desired.
2156 747 62 23 Every
2234 748 104 18 Bed-room

1449 764 108 17 over-looks
1566 765 32 16 the
1607 765 89 18 Gardens.
1722 766 77 18 Private
1808 767 61 17 Suites
1878 767 20 17 of
1906 767 128 22 Apartments.
2063 769 63 23 Large
2140 770 155 23 Drawing-room
2308 772 30 17 for

1448 786 74 18 Ladies.
1547 788 128 17 Comfortable
1684 788 162 24 Smoking-room.

1472 810 53 17 THE
1538 811 84 17 MAORI
1635 811 103 18 CARVED
1751 812 97 18 DINING
1860 812 71 18 HALL
1940 815 48 15 seats
1999 819 35 12 one
2048 815 87 18 hundred
2149 822 77 16 persons
2240 816 37 17 and
2291 823 33 12 con-

1449 833 50 16 tains
1507 833 26 17 all
1541 835 85 20 separate
1635 835 60 17 tables
1704 835 29 17 for
1741 835 74 22 private
1823 836 69 21 parties
1901 842 21 10 or
1933 836 75 18 friends.

1472 856 52 16 THE
1533 857 86 16 LARGE
1628 858 58 19 HOT,
1696 858 67 17 COLD
1773 859 15 16 &
1797 859 78 16 TEPID
1882 859 138 18 SWIMMING
2025 861 70 17 BATH
2103 861 75 23 adjoins
2187 862 32 16 the
2227 862 108 18 Bedrooms.

1471 878 39 17 The
1520 879 122 17 SULPHUR
1651 881 68 17 BATH
1728 881 15 17 is
1752 881 76 22 equally
1836 882 104 17 efficacious
1949 888 19 11 as
1975 883 32 17 the
2013 884 74 17 famous
2093 885 62 17 Priest
2159 885 51 17 Bath
2216 885 21 18 of
2245 885 90 18 Rotorua.

1470 901 39 17 The
1518 903 77 16 TEPID
1608 903 69 17 BLUE
1690 904 69 16 BATH
1768 904 15 17 is
1791 910 46 16 very
1846 905 110 22 refreshing.

1656 926 51 17 ALL
1715 927 85 17 BATHS
1809 927 38 17 free
1856 929 20 15 to
1884 928 79 17 Visitors
1972 929 19 17 to
2000 929 32 17 the

1501 947 42 20 Ihe
1554 948 93 19 Grounds
1656 955 35 12 are
1703 949 42 19 leid
1754 953 36 15 out
1805 950 20 18 in
1842 950 68 19 choice
1931 950 118 26 Rose-beds,
2071 953 140 23 Shrubberies,
2230 953 103 21 Beautiful

1447 972 94 25 Flowers,
1554 974 50 19 Fine
1615 974 133 24 Plantations,
1760 976 51 19 Turf
1821 976 74 19 Tennis
1914 977 68 23 Lawn,
1998 978 126 20 Promenade
2145 979 40 19 and
2204 980 131 19 Ornamental

1445 998 80 20 Lawns.

1498 1025 58 19 Good
1567 1025 62 19 Grass
1639 1026 111 23 Paddocks,
1762 1027 101 25 Stabling,
1876 1028 66 19 Horse
1952 1029 59 24 Feed,
2022 1031 34 19 &c.

1889 1060 11 11 o

1444 1072 115 25 Visitors
1573 1075 135 29 conveyed
1717 1075 55 24 free
1782 1077 29 22 of
1819 1077 95 29 charge
1924 1079 27 22 to
1959 1080 70 21 meet
2039 1079 36 23 all
2091 1079 110 24 coaches
2215 1082 104 27 proceed-

1728 1102 46 29 ing
1787 1105 28 20 to
1830 1103 120 24 different
1965 1106 79 28 parts.

1575 1149 125 23 TARIFF
1710 1158 5 15 :
1735 1152 34 19 10a
1783 1151 57 20 PER
1855 1152 66 20 DAY.
1949 1153 29 19 £2
1994 1155 34 17 10s
2038 1154 57 19 TER
2106 1155 94 19 WEEK.

1637 1198 5 4 .
1768 1200 5 4 .
1781 1187 8 3 ~
1877 1183 22 13 :o:

1470 1197 79 25 Special
1555 1198 125 20 concessions
1688 1201 20 17 to
1714 1199 98 20 Families
1819 1201 39 18 and
1867 1201 55 25 large
1931 1202 75 24 parties
2012 1203 86 26 making
2105 1210 12 13 a
2124 1204 124 26 lengthened
2254 1207 51 23 stay.

1446 1245 87 20 Visitors
1544 1253 47 19 may
1601 1247 122 26 confidently
1734 1252 61 16 count
1804 1256 54 19 upon
1869 1257 59 18 every
1938 1258 44 12 care
1992 1252 40 19 and
2042 1252 100 20 attention
2151 1255 21 17 to
2182 1253 53 19 their
2241 1254 89 25 comfort,

1746 1275 41 19 and
1795 1276 78 25 civility
1881 1277 50 19 from
1941 1277 34 19 the
1985 1278 54 19 staff.

1547 1298 116 21 First-class
1674 1299 69 20 Table.
1878 1303 126 19 Abundance
2013 1305 22 17 of
2044 1304 58 20 Fruit
2112 1305 21 19 in
2143 1306 82 18 Season.

1442 1322 42 19 Tea
1494 1324 40 19 and
1544 1324 69 20 Coffee
1623 1326 71 19 served
1706 1327 21 18 in
1743 1327 35 19 the
1795 1327 79 26 Dining
1889 1328 50 20 Hall
1957 1330 105 25 mornings
2081 1331 41 19 and
2139 1332 122 19 afternoons.
2298 1332 33 20 Nb

1813 1357 58 16 extra
1881 1354 81 25 charge.

1505 1484 68 52 H.
1632 1485 91 53 W.
1785 1488 481 67 NEIGHBOUR,

1604 1639 70 29 TfilT
1686 1657 7 11 i
1688 1640 14 15 A
1703 1641 28 27 »R
1789 1641 13 27 A
1810 1642 46 26 NT\
1907 1643 39 25 W,*,
1954 1643 58 25 BTT
2032 1644 42 20 M!i
2085 1644 68 21 vpd

1609 1654 122 27 lAliiVll
1784 1658 72 25 AMI;
1907 1660 99 23 MiDii

1669 1851 36 53 R
1729 1852 38 53 0
1791 1853 42 54 T
1856 1852 37 55 0
1918 1853 36 54 R
1978 1855 38 53 U
2039 1856 58 52 A.

1553 2067 267 76 LAKE
1873 2070 333 81 HOUSE

1464 2155 338 57 Hydropathic
1848 2159 158 55 Hotel,
2057 2162 234 49 Rotorua.

1717 2216 224 33 ESTABLISHED
1962 2221 77 30 1881.

1434 2252 73 20 Under
1521 2253 34 19 the
1569 2260 5 7 •
1581 2254 53 18 atroj
1642 2260 37 17 age
1689 2252 4 35 .
1701 2254 9 18 f
1721 2258 32 16 Mr
1766 2255 33 20 W.
1820 2256 87 24 Jirv.ir,
1924 2257 46 19 Pari
1988 2261 37 16 und
2044 2258 103 21 Countet-s
2164 2260 22 20 of
2205 2260 117 27 Hopetun,

1606 2279 33 19 tlie
1654 2281 53 19 Hoi;.
1719 2281 88 20 Premier
1817 2282 38 19 and
1872 2282 101 21 Members
1989 2285 21 18 of
2022 2285 129 21 Parliament.

1460 2330 42 19 Tie
1514 2330 63 20 Hotel
1591 2332 15 18 is
1616 2332 69 19 fitiint-
1694 2333 46 19 don
1751 2340 25 12 an
1787 2334 90 20 elevm.d
1891 2335 85 26 jon'tion
1987 2343 26 12 on
2023 2337 36 20 the
2069 2338 69 20 shores
2154 2339 22 20 of
2192 2340 53 19 Lake
2261 2340 49 20 Roto-

1434 2363 43 16 rua,
1620 2361 21 15 In
1651 2359 24 18 all
1688 2359 33 18 ill-
1733 2360 64 23 nights
1808 2361 19 18 in
1840 2362 34 18 »'o
1883 2362 86 20 ''i-trict.

1508 2383 112 30 Sulphur
1634 2385 50 22 and
1698 2385 112 24 Mineral
1824 2387 83 23 Baihs
1922 2389 18 17 i»
1952 2388 35 20 the
1998 2389 97 21 Grounds
2105 2392 23 18 of
2138 2392 35 19 the
2182 2392 27 19 11.
2217 2392 35 21 tel.

1459 2435 30 20 To
1500 2442 36 13 me.
1545 2438 7 17 t
1564 2439 6 16 l
1575 2435 24 20 lie
1617 2435 42 21 dull
1668 2444 32 12 e*-s
1710 2438 23 18 of
1742 2438 34 18 the
1788 2439 40 19 lim.
1837 2447 8 11 h
1856 2447 10 11 a
1877 2439 17 19 cl
1896 2447 51 19 >a-g-
1957 2435 4 33 .
1970 2442 6 18 1
1989 2442 31 19 £2
2030 2443 22 18 2s
2063 2449 37 19 per
2110 2450 35 13 wc«
2152 2444 13 19 k
2176 2444 40 19 will
2227 2444 23 20 be
2267 2445 55 20 made

1433 2462 33 18 For
1477 2468 11 11 a
1500 2462 90 23 lei>f»thei
1598 2462 23 19 ed
1712 2465 71 19 Under
1794 2472 38 12 one
1843 2472 12 12 m
1862 2474 16 10 ft
1886 2466 10 18 k
1908 2472 22 13 .>f
1943 2474 32 17 per
1985 2467 47 26 day.

1489 2514 73 19 —Mia
1574 2514 86 20 Graham
1673 2517 38 18 will
1722 2517 43 18 i.1.-o
1775 2525 15 10 e.
1799 2518 66 19 ntipu.
1882 2521 7 16 t
1899 2514 3 26 >
1913 2521 102 18 moot-vise
2026 2520 35 20 the

1552 2545 127 24 GEYSER
1700 2548 108 24 HOUSE
1830 2550 240 26 HYDROPATHIC
2083 2553 120 27 HOTEL,

1780 2576 198 25 WAIKaKKI,
2198 2572 5 11 '

1432 2597 64 19 which
1512 2597 34 19 has
1566 2599 81 20 become
1663 2607 10 11 a
1696 2607 32 20 poj
1737 2603 44 18 ular
1798 2606 38 16 ami
1855 2605 40 17 tiiv.
1904 2604 51 19 mite
1973 2608 65 17 fsort
2054 2609 93 23 rmorgst
2160 2608 107 19 travellers
2283 2609 38 18 and

1831 2629 91 20 invalid-.

1566 2652 15 18 A
1602 2651 103 21 reduction
1723 2653 16 19 is
1758 2655 58 19 made
1833 2658 22 16 to
1866 2663 33 11 vei
1909 2656 31 19 klv
1952 2651 4 32 i
1964 2663 10 12 r
1985 2658 90 25 monthly
2086 2658 18 19 hi
2113 2659 77 20 arders.

1432 2675 48 20 Gui.
1491 2682 10 13 e
1514 2676 66 20 Hooks
1591 2677 38 20 and
1639 2679 132 21 information
1782 2681 64 24 piatin
1861 2686 18 15 at
1893 2682 32 19 Co.
1935 2683 10 19 k
1962 2685 38 18 and
2020 2684 58 20 Sons'
2095 2686 50 24 (sole
2161 2688 80 24 agents)
2258 2687 64 20 offices

1743 2707 127 24 throughout
1882 2709 33 19 the
1926 2709 84 26 Colony.

1431 2749 100 47 Mrs
1550 2752 55 45 R.
1627 2753 271 58 GRAHAM,
1926 2783 18 8 -
1966 2758 353 58 Proprietress.

1462 2870 158 53 PURE
1658 2874 296 54 AERATED
1999 2879 287 54 WATERS.

1576 2971 45 18 One
1637 2972 23 20 of
1677 2973 34 19 the
1721 2975 119 20 r.ecesi-ities
1851 2976 21 19 of
1882 2976 35 19 the
1926 2978 80 25 coming
2015 2979 75 20 Seas>on
2102 2980 40 20 will
2152 2981 25 19 be

1428 3001 25 22 A
1493 3002 114 23 COOL
1647 3004 98 25 AND
1787 3008 333 27 REFRESHING
2159 3013 160 24 DRINK

1460 3032 15 19 L
1484 3033 117 20 utinctured
1613 3034 24 26 by
1646 3041 38 18 any
1695 3035 129 22 Deleterious
1840 3043 8 15 (.
1858 3039 81 19 hemical
1950 3041 22 19 C(
1981 3043 107 23 mpounds.
2117 3043 19 19 A
2145 3044 59 19 drink
2215 3046 22 17 at
2246 3051 50 13 once

1654 3072 185 33 Exhilarating
1860 3077 51 23 and
1929 3077 166 32 Refreshing,

1432 3101 39 18 and
1485 3100 65 21 which
1566 3100 42 33 rill!
1614 3109 61 19 prove
1686 3110 10 13 a
1708 3107 117 21 preventive
1835 3107 22 19 of
1864 3108 116 25 Dyspepsia
1996 3111 39 17 and
2052 3110 27 20 all
2095 3111 92 20 Internal
2207 3112 113 21 Disorders.

1458 3128 88 19 Aerated
1558 3128 84 19 Waters
1653 3130 39 18 and
1703 3130 97 25 Cordials,
1820 3140 121 19 c.mpriMng
1957 3135 33 19 the
2000 3135 75 21 Purest
2084 3138 121 25 Lemonade,
2222 3140 34 19 the
2267 3140 54 20 Most

1429 3155 105 18 Delicious
1546 3155 78 25 Ginger
1634 3155 45 25 Ale,
1693 3156 177 29 Ilighly-charged
1889 3161 52 18 Soda
1952 3162 73 20 Water

1744 3189 263 40 ZOUSJKOHE,
2026 3178 5 8 '

1429 3227 13 12 a
1451 3227 43 14 tow
1503 3220 133 27 Enervating,
1653 3223 106 20 nnn.,lc,,h
1763 3233 12 10 o
1777 3225 11 19 |i
1791 3233 10 13 c
1818 3227 115 26 Bevuage;
1950 3229 56 19 Lime
2022 3229 60 22 Jui«
2098 3232 89 25 Cordial,
2197 3232 125 26 K.spl.errr,

1431 3249 136 24 Peppermint,
1580 3249 76 24 Cloves,
1667 3249 51 20 Pine
1728 3251 73 25 Apple,
1814 3253 40 19 and
1865 3254 75 20 Lemon
1951 3256 77 25 Syrups
2037 3258 40 19 and
2098 3258 136 26 Sarsaparilla
2251 3268 33 13 are
2295 3255 26 26 a'll

1699 3280 154 18 manufactured
1866 3287 25 12 on
1900 3281 35 19 the
1943 3283 104 22 premises.

1619 3300 116 23 Lemonade
1744 3305 41 19 and
1795 3304 78 27 Ginger
1882 3307 45 24 Ale,
1938 3310 71 23 quarts
2018 3309 42 19 and
2065 3310 63 25 pints.

1452 3400 77 79 C.
1577 3400 84 76 A,
1712 3403 419 96 CLARKE,
2187 3415 104 79 Jr.

1432 3550 404 64 SEDDON'S
1867 3558 200 58 LAKE
2100 3565 216 66 VIEW,

1548 3629 139 28 Overlooking
1696 3633 37 19 the
1743 3634 37 23 Pa,
1790 3634 83 27 Boiling
1889 3636 85 26 Springs
1987 3640 41 19 and
2038 3640 91 21 Eotorua
2139 3643 63 19 Lake.

1863 3694 25 12 :c:

1574 3735 174 26 Te=R7UTS
1759 3745 6 16 :
1780 3739 48 22 30s
1838 3746 46 22 per
1892 3742 82 28 week,
1987 3750 28 16 or
2028 3745 28 22 5s
2068 3753 46 22 per
2124 3748 57 29 day.

1432 3770 102 30 Special
1545 3771 207 30 Arrangements
1760 3775 40 23 for
1811 3783 15 16 a
1832 3777 160 29 lengthened
1998 3783 136 24 residence
2141 3786 51 22 and
2200 3786 120 27 families.

1701 3840 171 22 CUISINE.—A
1886 3845 173 23 SPECIALITY.

1471 3868 126 20 References
1606 3869 127 28 throughout
1748 3873 52 20 New
1813 3875 91 19 Zealand
1913 3877 41 18 and
1962 3878 35 19 the
2005 3879 119 22 Australian
2131 3882 93 22 Colonies
2232 3885 53 20 from

1772 3901 95 24 previous
1887 3901 92 21 Visitors.

1433 3926 32 19 No
1477 3927 54 18 touts
1543 3927 106 25 employed
1660 3930 21 17 at
1691 3929 108 21 Auckland
1809 3939 22 12 or
1847 3932 91 20 Kotorua
1955 3934 94 28 Railway
2067 3937 91 22 Stations
2177 3948 22 12 or
2215 3942 105 22 Steamers.

1681 3960 32 19 No
1727 3963 34 18 ten
1771 3970 37 18 per
1818 3966 45 17 cent
1872 3964 94 26 Coupons
1976 3969 101 24 accepted.

1458 4009 154 21 NOTE.—Ask
1625 4012 33 19 for
1666 4012 108 26 Seddon's,
1784 4015 41 20 and
1835 4022 33 13 see
1877 4022 40 19 j-ou
1927 4023 34 13 are
1974 4018 38 20 left
2021 4020 64 20 there.

1436 4080 47 52 E.
1508 4080 56 52 A.
1590 4080 268 67 SEDDQN,
1893 4113 20 10 -
1964 4086 355 60 Proprietress.

957 4210 102 40 Ask
1086 4210 71 38 for
1183 4206 265 42 Hancock's
1478 4206 280 41 Celebrated
1789 4208 188 42 XXXX
2001 4212 114 42 Ales
2140 4219 95 37 and
2260 4219 138 40 Stout

2367 158 239 47 KUSABS
2639 160 153 46 BROS

2474 223 214 34 MAMAKU

2363 259 75 41 SAW
2453 261 26 39 &
2504 261 151 42 PLANING
2677 263 116 41 MILLS,

2366 329 268 23 MOUNTKIN
2657 332 136 25 RI7WY\7,

2523 372 41 13 THE
2577 372 53 13 OXLY

2366 404 134 20 GENUINE
2515 404 59 19 DKY
2589 405 79 19 LAND
2683 406 110 20 TIMBER

2467 438 31 17 IN
2510 437 52 17 THE
2575 438 113 18 MARKET.

2363 482 128 43 MESSES
2510 483 99 18 KUSABS
2625 484 71 18 BROS,
2710 485 37 23 beg
2764 492 20 11 re-

2438 506 102 22 spectfully
2545 507 20 16 to
2573 506 70 18 inform
2650 508 33 17 tlie
2695 508 67 18 Public
2774 511 19 16 of

2366 528 78 15 itotorua
2452 529 34 15 and
2495 529 73 20 vicinity
2575 529 39 16 that
2622 530 41 20 they
2676 531 44 15 have
2735 534 48 14 estab-

2366 548 55 16 lished
2429 554 10 10 a
2448 550 43 19 yard
2499 550 18 15 in
2530 549 123 21 Hinemoa-st.,
2663 553 32 14 and
2710 557 31 11 can
2755 558 38 11 now

2364 571 63 19 supply
2436 571 29 15 the
2472 570 52 16 finest
2531 571 43 15 class
2587 571 19 16 of
2619 571 83 21 Building'
2713 573 80 17 Material

2364 590 18 15 in
2391 591 29 15 the
2428 591 75 16 Market.
2519 592 18 15 It
2544 592 14 15 is
2564 593 101 19 unequalled
2674 594 16 14 in
2699 594 94 21 durability

2365 611 34 16 and
2408 612 104 21 impervious
2521 614 17 14 to
2547 612 28 16 the
2583 614 67 15 attacks
2665 614 18 16 of
2695 615 50 15 borer
2759 617 34 15 and

2364 632 32 20 dry
2407 635 32 15 rot.
2462 633 54 16 Their
2524 633 82 17 sawmills
2613 639 28 11 ere
2649 635 49 16 fitted
2707 637 42 14 with
2764 637 29 15 the

2364 656 46 14 moat
2417 654 71 16 modern
2496 655 98 20 appliances
2603 656 34 15 and
2645 656 29 16 the
2681 656 38 16 firm
2732 657 14 16 is
2754 658 38 16 able

2363 677 18 13 to
2397 676 63 20 supply
2476 681 34 15 any
2525 677 81 20 quuntity
2621 677 19 15 of
2653 677 37 21 Dry
2709 678 83 21 Building

2363 694 81 18 Material
2453 702 21 10 on
2483 697 30 16 the
2521 698 73 15 shortest
2601 698 62 16 notice.

2362 738 140 31 Skirtings,
2510 740 177 29 Architraves,
2692 742 81 23 Mould-

2396 769 68 29 ings,
2476 771 52 22 and
2537 770 111 23 Dressed
2657 772 102 23 Timber

2427 800 28 22 of
2463 807 81 23 every
2558 801 165 30 description,

2451 830 110 29 Always
2572 837 32 16 on
2614 831 83 24 Hand.

2388 863 121 24 HENAIT
2519 865 106 23 HOUSE
2635 865 128 26 BLOCKS.

2382 908 50 17 Price
2441 910 47 17 Lists
2496 916 21 10 on
2526 912 103 20 application
2638 913 18 15 to

2358 939 226 34 KUSIBS
2618 941 171 40 BHOS,,

2433 982 117 18 MAMAKU
2563 988 26 12 ok
2601 984 112 18 OHAUPO.

2486 1011 27 17 Or
2521 1012 20 16 at
2550 1012 31 16 the
2593 1012 68 21 Yards,

2381 1037 126 19 HINEMOA
2519 1039 100 20 STREET,
2639 1040 127 18 ROTORUA.

2435 1082 138 23 SPECIAL
2589 1082 123 24 NOTICE.

2479 1140 61 17 NOW
2552 1140 117 19 OPENING

2357 1167 70 24 Spring
2435 1169 37 16 and
2481 1169 87 17 Summer
2580 1169 63 17 Goods
2657 1170 19 17 in
2687 1176 56 17 every
2756 1172 22 16 de-

2416 1193 96 21 partment
2521 1193 21 16 at
2554 1192 99 17 Auckland
2661 1193 69 18 Prices.

2427 1237 155 18 INSPECTION
2603 1239 114 18 INVITED.

2432 1285 37 32 S.
2490 1284 216 38 HOWARD,

2389 1322 116 20 DRAPER
2522 1322 61 19 AND
2606 1323 148 26 CLOTHIER,

2494 1354 70 18 Comet
2577 1355 69 17 Store.

2559 1409 179 51 mm

2357 1476 58 42 MT.
2442 1477 137 41 HOBSON
2615 1479 168 48 NURSERY,

2380 1531 173 29 REMUEPvA,
2570 1533 188 30 AUCKLAND,

2458 1566 61 23 [long
2526 1569 153 22 established,]

2352 1592 204 48 SUPPLIES
2567 1595 103 20 advanced
2680 1596 58 21 Fruit
2745 1597 38 20 and

2413 1620 132 19 Ornamental
2559 1620 68 20 Trees.

2380 1651 75 19 Native
2466 1651 72 19 Plants
2548 1651 41 19 and
2598 1651 69 24 Ferns,
2684 1654 99 25 prepared

2352 1676 31 20 for
2395 1677 88 25 sending
2491 1679 21 17 to
2523 1677 28 19 all
2561 1680 55 22 parts
2635 1679 22 18 of
2670 1679 35 19 the
2722 1680 61 19 world

2352 1703 48 19 with
2412 1703 210 25 success—including
2632 1704 35 19 the
2672 1705 111 20 handsome

2352 1730 76 24 species
2438 1730 21 18 of
2469 1729 124 19 Tree-Ferns
2603 1730 21 18 of
2631 1730 56 19 these
2695 1731 87 24 Islands,

2351 1755 40 18 and
2401 1755 29 19 all
2439 1756 59 18 other
2507 1755 59 19 items
2579 1756 94 24 required
2682 1757 27 25 by
2724 1758 50 19 culti-

2350 1783 73 17 vators.

2376 1806 87 20 Current
2483 1806 85 21 circular
2587 1808 115 20 forwarded
2716 1815 27 14 on
2752 1815 21 14 re-

2350 1833 54 25 ceipt
2413 1834 21 18 of
2444 1833 90 19 address.

2380 1885 48 46 C.
2462 1886 50 46 T.
2549 1885 198 59 WREN,

2438 1951 254 35 BEMUEBA,

2374 2027 167 22 FIREWOOD!
2589 2028 165 21 FIREWOOD!

2444 2079 76 19 RATA
2533 2085 42 13 and
2589 2080 90 21 TAWA.

2347 2103 109 21 Delivered
2476 2105 28 24 by
2522 2106 84 20 Ivusabs
2627 2107 56 19 Bros,
2700 2110 23 17 to
2740 2115 39 18 any

2347 2133 48 22 part
2406 2131 22 19 of
2439 2131 35 19 the
2485 2132 99 25 township
2594 2134 20 17 at

2420 2157 86 19 Lowest
2518 2157 99 20 Current
2629 2158 75 20 Rates.

2374 2182 74 20 Orders
2458 2183 92 19 received
2562 2187 20 15 at
2592 2184 35 19 the
2637 2186 67 23 yards,
2714 2186 55 19 Ilino-

2345 2215 46 13 moa
2401 2209 73 19 Street.

2345 2327 110 20 SADDLE,
2469 2327 125 21 HARNESS,
2608 2328 54 17 AND
2679 2329 100 18 COLLAR

2515 2355 99 21 MAKER,

2345 2388 73 17 Wishes
2427 2389 20 17 to
2458 2388 63 22 notify
2535 2388 31 17 the
2580 2388 66 18 Public
2662 2390 20 16 of
2695 2390 84 18 Rotorua

2346 2411 38 17 mid
2404 2411 129 23 surrounding
2552 2411 74 18 district
2643 2412 43 18 that
2702 2413 24 17 lie
2746 2414 33 17 has

2346 2434 120 18 commenced
2476 2434 85 17 business
2573 2434 19 17 in
2606 2435 33 17 the
2647 2436 58 17 above
2714 2437 38 17 line
2760 2437 19 17 in

2345 2458 33 17 the
2386 2458 90 22 premises
2484 2458 104 22 belonging
2596 2459 20 16 to
2627 2459 22 16 13.
2664 2459 19 17 S.
2700 2460 79 21 Corlctt,

2346 2481 74 17 Fenton
2429 2481 68 20 Street,
2507 2486 24 12 on
2540 2481 32 17 the
2584 2481 84 22 opposite
2681 2488 66 12 corner
2759 2484 20 16 to

2346 2503 32 18 the
2387 2503 65 18 Grand
2461 2504 65 20 Hotel,
2536 2503 37 18 and
2582 2504 70 18 solicits
2660 2511 11 11 a
2680 2505 37 17 fuir
2725 2506 54 18 share

2345 2527 21 17 of
2374 2528 110 20 patronage.

2352 2550 4 25 •
2370 2550 71 18 Collars
2450 2550 55 17 made
2518 2551 20 16 to
2552 2555 83 13 measure
2648 2557 25 12 on
2689 2552 33 17 the
2735 2558 33 17 pre-

2346 2573 55 17 mises
2409 2580 12 10 a
2429 2573 103 22 speciality.

2370 2596 125 23 Lengthened
2503 2597 107 21 experience
2619 2597 19 17 in
2647 2597 25 18 all
2681 2597 68 19 classes
2760 2599 19 17 of

2346 2619 95 18 Saddler's
2449 2620 58 17 work.
2533 2620 31 17 All
2573 2620 63 17 orders
2644 2622 97 22 promptly
2749 2623 20 16 at-

2344 2642 69 18 tended
2425 2644 26 16 to.

2864 161 29 39 A.
2921 163 68 41 AND
3015 166 30 40 G,
3073 164 126 46 BROOK,

2820 210 78 23 BOOT
2912 213 68 23 AND
2996 215 82 24 SHOE
3099 216 145 26 MAKERS,

2878 249 85 15 xEnTON
2978 246 87 26 STHEET,
3086 249 107 20 BOTGEuA.

2819 272 47 19 And
2888 276 21 17 at
2937 276 80 21 Parnell
3040 280 40 18 and
3107 279 137 21 Newmarket.

2846 324 65 25 Large
2919 327 39 18 and
2968 329 66 20 varied
3050 331 62 20 Stock
3122 332 22 19 of
3153 331 91 26 English,

2819 350 86 25 Foreign
2916 353 38 18 and
2965 355 90 20 Colonial
3063 357 63 19 Boots
3136 359 37 18 and
3182 358 62 19 Shoes

2879 378 22 17 to
2912 377 70 21 choose
2992 381 50 19 from
3053 385 23 17 at
3084 383 35 20 the
3128 386 52 17 most

2852 408 210 38 REASONABLE
3083 416 124 31 PRICES,

2884 449 93 21 great
2989 452 188 24 reductions.

2843 478 94 27 Clearing
2954 484 37 16 out
3009 484 60 19 Stock
3087 486 32 19 for
3141 488 74 24 Spring

2968 507 119 26 Shipments.

2816 536 34 18 All
2865 537 69 20 orders
2950 539 39 18 and
3005 542 74 23 repairs
3095 544 145 25 expeditiously

2975 568 101 19 executed.

2815 597 71 61 ~~1.
2912 620 37 41 F.
2982 622 214 52 PEifSOS,

2940 688 170 22 FRUITERER.

2840 736 55 20 Next
2905 738 97 22 Saddler's
3016 742 55 25 ehop,
3081 743 132 20 Ohinemutu.

2815 768 45 19 Has
2869 769 73 25 always
2957 778 11 11 a
2983 773 50 23 good
3048 775 73 24 supply
3135 775 23 19 of
3177 776 62 20 Fresh

2888 795 63 25 Fruit,
2961 796 49 20 both
3024 799 49 19 local
3082 801 39 19 and
3131 801 23 19 im-

2938 823 69 24 ported
3018 831 25 13 on
3053 825 59 20 hand.

2981 849 18 18 A
3009 856 12 13 r.
3031 856 38 19 so,

2936 874 18 18 A
2973 875 143 21 well-asaorted

2866 898 55 19 stock
2932 899 21 19 of
2964 899 84 26 Biscuit,
3060 903 116 21 Confection-

2813 929 35 20 ery
2858 924 39 19 and
2907 926 90 19 Summer
3011 927 75 21 Drinks
3098 931 21 18 at
3135 931 105 20 Moderate

2989 952 73 21 Prices.

2813 999 52 44 B.
2907 1000 43 44 S.
2997 1003 34 43 C
3051 1004 51 18 011

2917 1074 219 28 ARCHITECT,

2891 1109 96 26 Building
3001 1112 108 25 Surveyor,
3126 1113 35 18 &c.

2813 1144 70 26 Agent
2904 1145 31 19 for
2954 1147 34 19 the
3011 1148 98 20 National
3132 1149 46 21 Fire
3201 1151 39 19 and

2904 1171 78 21 Marine
2989 1174 113 21 Insurance
3113 1177 36 19 Co.

2834 1224 42 43 G
2890 1225 46 18 EO
2937 1239 5 5 -
2961 1226 52 43 M
3027 1227 16 18 C
3051 1229 46 41 A
3109 1229 101 19 CLET
3211 1244 6 6 -

2811 1293 121 24 Plumber
2949 1295 22 23 &
2981 1296 111 24 General
3104 1298 135 25 Mechanic

2903 1344 129 21 Tutanekai
3051 1347 92 23 Stbeet,
3188 1344 4 26 t

2870 1394 212 24 ROTOR
3097 1397 33 22 \J
3146 1397 41 22 TZ.

2811 1457 136 24 BARBER
2960 1460 22 23 &
2997 1460 241 25 HAIRDRESSER.

2834 1635 55 21 HAS
2902 1637 113 19 OPENED
3034 1639 48 19 HIS
3096 1639 114 24 SALOON,

2807 1692 76 20 NEXT
2899 1693 75 20 DOOR
2987 1694 34 20 TO
3034 1694 40 20 MR
3092 1695 141 21 SAMSON'S.

2845 1796 87 20 Setting
2946 1798 81 20 Razors
3039 1805 13 13 a
3066 1799 120 20 Specialty.

2828 1854 146 43 JECKLIN
3215 1856 18 41 &
3064 1858 146 48 COTTER,

2880 1924 114 21 FAMILY
3009 1926 155 25 BUTCHERS,

2857 1975 80 19 Aravta
2960 1975 90 25 Street,
3074 1976 107 20 Rotokua.

2831 2023 57 20 Have
2899 2026 21 17 to
2930 2023 64 21 thank
3005 2025 36 20 the
3050 2025 75 21 Public
3141 2025 21 20 of
3172 2026 49 20 Eoto-

2805 2056 34 13 rua
2855 2050 32 19 for
2896 2053 45 21 past
2950 2051 84 19 favours
3045 2052 38 18 and
3096 2052 38 25 beg
3144 2054 21 17 to
3181 2055 52 17 state

2805 2076 47 25 they
2866 2076 38 19 will
2921 2078 97 18 continue
3037 2080 21 16 to
3073 2079 61 19 merit
3150 2081 83 22 support

2805 2102 25 26 by
2841 2102 106 26 providing
2958 2103 35 19 the
3003 2104 44 19 best
3055 2104 79 25 quality
3144 2104 21 19 of
3182 2109 51 15 meat

2875 2151 36 20 AT
2925 2152 118 20 LOWEST
3057 2150 104 23 PRICES.

2803 2206 51 19 IVT
2869 2207 16 20 0
2902 2208 20 19 K
2937 2208 17 20 0
2970 2208 11 19 I
2996 2209 19 20 A
3085 2209 48 28 -\J-
3147 2209 11 20 I
3172 2209 17 20 E
3205 2209 28 21 W

2803 2229 51 22 ITJL
3101 2239 13 16 y

2954 2269 125 20 PRIVATE

2804 2300 241 33 BOABPIHS
3063 2303 170 33 HOUSK.

2803 2360 108 27 Opposite
2926 2360 39 20 the
2981 2361 54 19 Post
3045 2362 47 19 and
3103 2363 127 27 Telegraph

2977 2387 78 21 o??ice.

2804 2418 44 19 And
2869 2424 47 13 near
2936 2418 34 20 the
2989 2419 120 20 Celebrated
3133 2420 99 20 PRIEST

2843 2444 114 19 RACHEL
2974 2446 39 19 and
3026 2446 56 19 other
3093 2446 98 24 BATHS,

2944 2470 144 21 ROTORUA.

2836 2521 111 41 MRS
2991 2523 205 49 YOUNG,

2934 2571 171 21 Proprietress.

2880 2603 93 20 TERMS
2989 2604 163 20 MODERATE.

2860 2664 38 39 W,
2926 2663 30 40 A.

2805 2736 218 23 PIONEER
3065 2738 166 26 STORE,

2880 2774 100 24 Opposite
2996 2775 72 19 Palace
3085 2775 68 19 Hotel.

2802 2825 135 25 GROCERY,

2842 2857 135 19 OILMEN'S
2992 2857 111 24 STORFS,

2881 2886 218 24 IRONMONGERY,

2932 2917 156 21 CROCKERY
3092 2912 101 30 WARE,'

2984 2952 143 25 DRAPERY,
3144 2954 42 23 &c.,
3195 2955 34 20 <fec-

2829 2986 16 15 A
2862 2983 146 20 well-assorted
3026 2984 55 19 stack
3102 2985 19 18 in
3139 2985 25 18 all
3181 2984 50 21 lines

2801 3010 22 19 of
2832 3009 34 19 the
2874 3009 62 20 above
2946 3013 21 16 ut
2977 3009 70 20 lowest
3059 3011 70 22 prices.

2802 3044 48 20 New
2862 3044 85 19 Zealand
2956 3044 64 26 Dairy
3029 3044 146 20 Aspociation's
3182 3046 37 19 Fac-

2836 3072 44 22 tory
2892 3070 73 20 Butter
2975 3071 56 19 fresh
3041 3071 58 19 twice
3110 3071 82 26 weekly:

2875 3105 48 19 New
2934 3105 48 19 Laid
3067 3107 42 23 &c.,
3121 3107 34 18 &c.

2423 2811 5 14 :•
2432 2811 37 12 -mi

2465 2865 37 55 A

2566 2747 33 41 M.
2635 2748 118 47 SIMON,

2542 2799 61 24 (Late
2610 2799 22 19 of
2640 2800 137 26 Melbourne.)

2552 2849 113 17 Practical
2685 2850 81 17 TAirxm.

2540 2921 105 24 Clothes
2658 2924 74 21 made
2751 2924 26 22 to

2567 2948 74 23 order
2658 2955 33 16 on
2706 2948 46 23 the

2592 2974 134 23 shortest

2610 3001 93 22 notice.

2551 3095 55 26 Style
2616 3096 39 19 and
2665 3096 36 19 Fit
2712 3098 36 17 riot
2758 3098 19 18 to

2540 3123 22 17 be
2572 3122 93 25 equalled
2682 3129 18 12 in
2718 3125 55 17 town

2465 3153 54 26 §&£o
2538 3158 111 19 Address:
2667 3159 110 19 ArawaSt.

2610 3184 101 20 lioiorua.

2413 3303 164 23 COTTAGES
2590 3304 39 23 TO
2642 3305 68 23 LET.

2345 3355 86 48 ONE
2441 3356 147 19 Four-roomed
2599 3363 25 12 on
2634 3357 34 19 the
2683 3357 94 21 Utuhina

2418 3382 72 19 Creek.

2345 3408 44 20 One
2398 3408 140 19 Two>roomed
2547 3408 21 19 in
2578 3408 124 21 Ohineniutu
2714 3412 51 17 town-

2345 3434 52 26 ship.

2371 3461 41 19 For
2422 3460 120 26 particulars
2554 3460 67 25 applv,

2528 3486 35 20 W.
2582 3487 114 23 ROGERS,

2571 3512 101 20 Ilineiuoa
2685 3514 64 20 Store.

2370 3593 114 24 Visitors
2494 3594 27 21 to
2535 3593 45 22 the
2595 3593 53 23 Hot
2657 3594 60 23 Lake
2717 3594 30 23 3.

2533 3644 58 20 THE

2375 3671 175 45 Palace
2584 3671 160 54 Hotel,

2345 3729 69 18 Situat
2427 3728 12 19 d
2463 3728 21 19 in
2507 3728 35 19 the
2565 3727 50 19 New
2638 3728 136 20 Government

2345 3754 107 25 Township
2468 3754 21 18 in
2505 3760 54 13 CiOse
2575 3754 109 25 proximity
2702 3758 21 16 to
2743 3755 34 19 the

2344 3780 73 25 Baths,
2434 3780 135 23 Sanatorium,
2589 3780 49 20 Post
2659 3780 60 21 Office
2738 3782 39 19 aid

2344 3807 92 24 ltailway
2444 3807 87 19 Station.
2550 3807 3 24 .

2371 3859 42 19 The
2423 3859 64 19 Hotel
2498 3858 16 20 is
2530 3858 126 26 luxuriously
2671 3859 106 20 furnished

2345 3886 40 19 anrl
2396 3886 78 24 replete
2484 3885 47 19 with
2539 3891 58 18 every
2605 3886 135 20 convenience
2747 3887 28 18 foi

2345 3912 87 19 tourists
2442 3911 40 19 and
2492 3911 74 19 others.
2595 3911 22 18 It
2636 3913 115 18 commands
2768 3919 9 12 a

2345 3937 93 26 splendid
2450 3937 48 19 view
2509 3937 21 19 of
2540 3936 35 19 the
2582 3936 56 20 Lake
2648 3938 37 18 and
2695 3938 16 18 is
2720 3938 46 19 with-

2346 3964 20 19 in
2377 3970 45 19 easy
2433 3970 67 12 access
2514 3962 21 20 of
2551 3961 34 21 the
2601 3963 78 24 Geyser
2693 3965 84 24 SpriDgs

2346 3990 21 19 of
2377 3989 188 20 Wbakarewarewa
2575 3988 40 19 and
2624 3989 28 19 all
2664 3989 33 21 the
2714 3991 63 24 sights

2345 4015 23 19 of
2377 4015 35 20 the
2422 4015 85 20 district.

2358 4042 36 20 All
2401 4042 108 24 telegrams
2520 4040 103 26 promptly
2632 4043 97 19 attended
2737 4045 28 17 to.

2411 4076 115 49 JOHN~
2526 4092 184 40 JOHNSTON,

2480 4130 169 19 PROPRIETOR.

2979 3174 78 24 [card.]

2817 3238 46 31 H.
2874 3236 58 33 W.
2947 3238 265 36 MITCHELL,

2897 3296 116 23 Slutljorisrt)
3023 3297 110 24 ieurlicijor,

2944 3355 141 23 FJOTORUfI.

2826 3414 172 24 WYNYARD
3012 3415 189 30 &PURCHAS,

2861 3450 127 19 Barristers
2996 3455 42 13 and
3048 3450 123 25 Solicitors,

2799 3488 82 25 Temple
2888 3488 117 24 Chambers,
3015 3488 57 26 High
3080 3490 29 23 St,
3117 3490 105 19 Auckland

2864 3549 16 19 E
2893 3549 52 19 have
2955 3556 72 19 money
3037 3554 20 15 to
3067 3551 47 19 lend
3126 3558 24 12 on
3168 3552 47 18 Mort-

2889 3582 53 19 gage
2952 3577 21 18 of
2988 3577 100 19 Freehold
3103 3577 39 19 and
3158 3578 57 18 Lease-

2799 3601 48 18 hold
2857 3607 94 19 properly
2962 3605 21 16 at
2992 3608 81 13 current
3082 3607 60 15 rates.

2858 3644 80 51 ~T
2966 3655 170 47 GOODSON,

2941 3713 149 32 RQTOROA

2801 3756 82 32 GOAL
2898 3757 27 30 &
2945 3757 166 31 FIREWOOD
3132 3756 90 35 YARD,

2885 3802 142 18 PUKUATUA
3039 3802 100 20 STREET,

2965 3836 102 18 Eotorua.

2824 3882 62 17 Goods
2894 3882 95 18 delivered
2996 3883 49 16 after
3057 3882 68 17 arrival
3138 3882 20 17 of
3168 3880 58 17 trains

2801 3906 19 16 to
2829 3905 25 17 all
2862 3906 52 21 parts
2923 3906 20 16 of
2951 3906 32 16 the
2992 3907 51 15 town
3050 3904 47 18 with
3104 3904 120 22 promptness.

2800 3936 62 22 Large
2871 3936 56 17 Stock
2940 3937 20 16 of
2976 3937 45 16 Coal
3038 3937 36 16 and
3091 3934 92 19 Firewood
3197 3934 18 15 al-

2870 3965 51 16 ways;
2930 3965 24 11 on
2962 3960 51 16 hand
3022 3960 38 16 and
3068 3957 91 19 delivered

2939 3984 20 15 at
2966 3983 33 17 the
3011 3983 81 17 shortest

2980 4005 67 18 notice.

2823 4033 67 18 RATA
2894 4038 43 13 aitd
2942 4033 72 18 TAAVA
3020 4038 26 12 at
3050 4036 77 14 lowest
3135 4034 64 14 rates.

2847 4078 51 19 OTE
2917 4085 63 18 paper
2999 4078 39 19 and
3054 4076 108 24 Envelopes
3179 4074 45 18 with

2879 4104 82 25 printed
2973 4103 89 25 heading
3071 4104 21 17 at
3101 4101 61 24 cheap
3168 4101 54 17 rates

2801 4132 21 17 at
2832 4130 105 19 Chronicle
2951 4129 61 19 office.
