3247 4203
108 136 16 18 A
132 134 51 20 BIG
190 130 137 23 MEXICAN
338 127 134 22 SWINDLE.

106 205 72 19 Bogus
189 208 65 14 claim
264 208 25 13 to
304 200 72 24 17,000
386 202 82 20 squabe

254 241 74 14 iIILES.

93 277 43 20 The
143 276 109 20 Ticbbome
261 273 100 20 Claimant
369 271 33 19 lias
414 269 47 18 been
469 267 37 18 out

81 304 51 19 done
147 304 24 20 by
181 309 11 12 a
202 301 64 20 clever
280 300 75 21 forger,
371 296 42 18 who
423 294 40 19 lost
473 293 32 18 his

82 337 45 13 case
134 329 19 19 in
218 329 21 18 at
245 328 62 17 Santa
314 324 33 22 Fe,
358 321 47 20 New
418 320 87 19 Mexico.

82 356 33 19 He
124 355 38 20 bad
173 353 39 20 hid
222 352 55 19 claim
285 353 20 15 to
315 356 12 11 a
338 351 50 16 tract
398 347 20 18 of
428 347 47 18 land
486 351 19 12 in

83 383 82 21 Arizon,
175 380 37 18 225
223 377 54 19 miles
284 375 48 25 long
342 374 25 25 by
386 374 26 19 75
420 372 55 21 wide,
485 372 21 17 of

83 409 57 24 great
166 403 79 21 natural
263 401 80 20 wealth,
365 399 49 20 with
436 398 70 23 -40,000

83 431 128 21 inhabitants,
237 428 38 19 and
305 426 69 20 valued
399 425 70 23 to-day
485 425 22 16 at

83 454 166 24 75.000,000d015.
282 453 49 20 This
358 459 51 16 man,
437 450 68 19 named

80 482 80 22 Keavis,
177 481 37 19 had
235 481 48 18 been
292 487 11 11 a
323 482 48 16 tram
391 476 116 21 conductor,

80 508 40 20 and
129 508 36 19 had
176 515 12 12 a
197 508 44 19 face
255 506 44 19 that
310 505 61 24 spoke
379 511 11 12 a
407 503 101 20 character

80 534 22 20 of
120 534 93 26 guileless
231 532 110 26 simplicity
359 530 38 20 and
418 530 90 25 honesty.

83 562 42 19 But
134 562 30 17 for
172 563 75 21 twenty
258 565 57 19 years
325 559 24 18 he
368 556 37 19 had
421 556 50 19 been
488 557 20 17 at

84 587 52 19 work
145 586 79 25 forging
231 585 33 19 the
269 590 102 18 necessary
379 582 130 20 attestations

82 614 22 19 of
115 613 29 19 bis
152 612 64 19 claim.
245 612 21 19 It
277 617 39 12 was
323 609 60 20 based
393 615 25 13 on
430 615 10 13 a
451 610 58 19 grant

83 640 56 18 made
157 639 20 19 in
195 638 50 19 1748
264 638 25 23 by
308 635 112 21 Ferdinand
440 635 31 19 Y1
489 634 20 19 of

83 665 61 25 Spain
160 667 21 16 to
191 665 46 19 Don
249 663 81 25 Miguel
347 662 24 20 de
391 661 80 20 Peralta
486 661 23 18 de

84 692 19 19 la
113 692 95 21 Cordova,
215 694 44 19 etc.,
268 689 46 19 with
320 687 189 21 whosedescendant

83 718 35 19 the
144 717 95 20 claimant
261 716 39 19 had
327 715 42 19 also
392 713 116 21 contracted

83 744 104 25 marriage.
214 742 42 20 The
289 742 118 20 documents
433 741 19 19 in
480 739 29 18 his

82 770 101 26 possesion
194 769 94 19 deceived
304 769 34 19 the
348 768 64 19 ablest
422 767 86 23 la.vyers.

83 798 28 18 To
125 803 84 18 prepare
219 795 54 19 them
284 795 25 19 he
320 795 35 19 had
368 789 97 24 mastered
477 791 32 19 the

84 822 85 25 Spanish
180 822 98 25 language
287 828 21 12 as
318 821 49 19 used
378 821 18 18 in
407 819 33 18 the
456 817 43 25 eigh-

84 849 69 20 teenth
165 851 90 22 century.
287 848 32 18 He
336 847 37 19 had
381 852 21 13 so
411 843 97 26 perfectly

83 875 91 21 imitated
200 874 33 20 the
270 874 57 23 seals,
362 872 76 23 signets
470 869 38 19 and

84 902 126 19 deviations
221 901 21 19 of
251 901 34 19 the
296 898 84 25 Spanish
391 898 57 18 court
458 903 20 12 as
489 899 20 16 to

84 928 94 20 convince
186 929 79 23 experts
274 927 22 18 in
313 924 128 24 arelwology.
473 922 36 19 The

85 955 129 20 Commercial
261 951 108 26 Telegraph
407 951 101 23 Company

85 981 84 20 assisted
184 979 45 19 him.
257 978 41 18 The
317 976 99 20 Southern
440 975 69 20 Pacific

85 1006 91 20 Railroad
204 1003 100 20 advanced
324 1003 41 19 him
388 1002 121 24 50,000d015.

84 1033 20 19 It
118 1033 16 17 is
153 1031 40 19 said
214 1030 42 19 that
284 1029 24 19 he
327 1031 59 22 spent
402 1035 11 12 a
435 1028 73 19 million

84 1058 73 20 dollar*
167 1057 19 19 in
198 1057 29 19 his
238 1056 147 26 preparations.
415 1056 13 17 A
450 1054 58 20 noted

83 1085 72 25 lawyer
169 1083 22 20 cf
201 1083 23 20 St
232 1082 60 20 Louis
304 1089 39 12 was
353 1083 20 18 to
382 1082 49 19 have
450 1087 11 12 a
480 1081 29 18 fee

85 1111 19 19 of
113 1110 42 20 half
162 1117 10 12 a
181 1109 73 20 million
262 1109 20 19 in
291 1108 34 19 the
332 1108 86 19 eventof
426 1113 83 13 success.

84 1137 34 20 All
130 1136 97 26 promised
247 1134 50 24 well,
314 1135 32 19 till
365 1142 11 11 a
395 1135 48 18 ISew
453 1132 55 19 Y<rk

84 1164 78 24 lawyer,
188 1162 35 19 Mr
248 1162 20 19 S.
289 1161 170 21 Mallet-Paovost,
485 1165 23 12 an

84 1193 70 21 expert
189 1189 19 19 in
243 1188 88 24 Spanish
356 1186 37 19 and
415 1186 93 19 Mexican

84 1216 109 23 litigation,
222 1221 39 12 was
286 1212 103 26 employed
427 1212 24 22 by
477 1210 32 19 the

83 1242 141 19 Government.
277 1240 32 17 He
342 1236 95 23 explored
477 1236 32 18 th'*

83 1268 86 19 archives
183 1268 21 16 at
226 1265 34 19 the
268 1266 40 23 city
327 1264 22 18 of
366 1263 85 20 Mexico,
469 1261 37 17 and

82 1292 47 18 then
140 1294 22 17 at
176 1291 87 20 Madrid.
291 1289 38 19 His
348 1289 102 22 discovery
470 1293 38 12 was

82 1318 131 23 astonishing.
240 1315 42 20 The
291 1315 62 17 whole
363 1313 58 24 thing
440 1319 38 12 was
497 1319 10 11 a

82 1343 54 25 myth
148 1339 3 29 ;
171 1344 36 17 not
223 1342 45 23 only
291 1347 40 11 was
350 1339 56 19 there
423 1345 25 12 no
459 1339 47 19 such

82 1372 65 21 grant,
165 1369 36 17 but
220 1373 25 12 no
258 1365 48 20 such
327 1372 70 19 person
421 1372 21 12 as
461 1365 44 19 Don

82 1394 82 24 Miguel.
215 1392 89 20 Riavis'H
349 1391 44 19 able
425 1391 81 25 lawyers

77 1420 97 26 suddenly
184 1419 74 20 ratted.
287 1419 40 19 The
338 1425 43 13 case
406 1418 99 26 collapsed

78 1451 22 16 at
107 1453 54 14 once.

106 1509 34 20 Mr
165 1508 77 26 Phoney
247 1515 44 12 man
301 1516 5 11 :
484 1508 21 19 of

78 1536 75 21 flowers
164 1536 37 19 and
214 1535 59 20 fruits
285 1534 35 21 and
333 1534 32 20 the
385 1533 46 26 like,
450 1534 55 21 there

78 1570 40 13 wns
129 1563 45 25 only
186 1569 37 13 one
235 1562 53 20 fruit
299 1562 19 19 in
329 1561 33 20 the
383 1561 80 20 Garden
485 1562 20 19 of

77 1590 55 21 Uden
144 1589 44 20 that
199 1596 39 13 was
247 1596 11 12 a

105 1616 34 21 Mr
150 1615 101 27 Uptown:
372 1620 40 14 was

104 1642 80 26 Phoney
188 1649 43 14 man
242 1641 4 27 :
346 1642 54 25 early
421 1641 44 27 pair
484 1641 21 20 of

79 1703 56 23 She's
144 1704 32 20 the
184 1704 94 25 prettiset
289 1703 77 21 maiden

103 1731 52 20 That
164 1738 47 14 ever
220 1738 39 12 was
267 1731 57 19 born,

78 1755 44 24 ller
132 1759 39 24 lips
181 1765 33 13 are
224 1765 11 12 a
245 1764 44 13 rose

104 1785 47 20 And
153 1785 61 19 her
224 1787 75 22 tongue
310 1791 17 13 is
336 1783 27 20 its
372 1783 68 19 thorn.

106 1820 21 19 It
145 1827 62 12 seems
226 1821 84 20 strange
329 1820 21 17 to
360 1820 47 17 rote
417 1819 45 18 that
472 1816 34 20 the

79 1853 46 19 eyes
144 1848 112 17 sometimes
275 1846 31 22 lie,
327 1845 36 18 but
382 1844 16 19 it
423 1844 17 19 is
456 1845 49 21 true,

79 1872 142 21 nevertheless,
232 1879 21 12 as
263 1872 70 24 people
343 1877 33 13 are
383 1870 54 19 often
447 1869 58 20 heard

80 1901 21 17 to
109 1898 77 19 remark
198 1898 46 19 that
252 1898 47 25 they
307 1898 54 19 can't
372 1897 73 19 believe
457 1896 49 20 their

80 1932 42 13 own
130 1931 52 19 eyes.

126 1959 50 19 'Saw
184 1959 54 19 wood
247 1959 39 19 and
295 1966 34 18 say
338 1957 85 25 nothing
431 1955 4 29 '
447 1957 15 18 is
470 1955 35 20 bad

205 1985 40 20 said
266 1985 34 19 the
317 1988 71 20 tramp.
436 1982 71 26 People

81 2013 69 19 should
171 2009 45 28 say:
253 2013 43 19 'See
325 2011 54 19 wood
409 2009 38 20 and
473 2015 33 19 say

108 2083 80 19 jjuriug
202 2077 33 19 the
254 2076 43 19 first
315 2082 46 13 nine
388 2074 80 20 months
487 2074 21 18 of

82 2105 56 22 1894,
163 2103 34 19 the
217 2102 79 20 United
322 2102 65 19 States
414 2099 94 26 exported

82 2130 82 22 300,000
183 2128 51 19 head
254 2128 21 19 of
292 2128 58 19 cattle
369 2129 20 18 to
407 2125 100 26 England,

80 2155 72 20 valued
167 2157 21 17 at
197 2154 130 24 5,800,000.

107 2190 32 19 An
146 2189 105 26 exploring
259 2191 61 24 party
327 2189 21 19 in
357 2187 35 20 the
398 2186 82 25 vicinity
490 2186 20 19 of

80 2215 123 21 Norsowood
212 2215 89 24 recently
310 2213 115 21 discovered
435 2220 10 12 a
456 2213 54 19 curio

80 2243 22 19 in
112 2249 11 12 a
137 2241 49 20 kind
209 2241 21 19 of
252 2241 41 19 Ilex
317 2240 66 20 which
405 2238 102 27 possessed

80 2268 69 20 elastic
158 2267 100 25 qualities.

107 2302 79 19 Amidst
195 2302 47 18 loud
251 2301 102 25 lauglitor,
364 2300 34 19 Mr
407 2299 103 19 Flatsman

80 2328 43 20 told
132 2328 34 19 the
176 2328 70 19 House
255 2327 89 25 recently
353 2326 45 19 that
408 2326 17 18 if
433 2325 35 19 the
478 2327 32 17 tea

80 2355 51 23 duty
137 2360 51 13 were
195 2353 87 20 reduced
287 2354 17 18 it
310 2352 66 20 would
383 2352 47 24 only
439 2351 71 19 induce

80 2381 35 20 the
122 2380 62 19 ladies
194 2382 20 17 to
224 2380 52 19 have
286 2380 105 18 afternoon
401 2380 33 17 tea
445 2378 21 18 in
475 2376 35 20 the

81 2406 100 25 morning.

106 2438 18 19 A
141 2437 78 25 mutiny
242 2437 36 19 has
296 2436 78 20 broken
392 2437 36 18 out
442 2436 21 18 in
474 2435 35 18 the

81 2464 74 24 Congo,
174 2470 36 13 ono
228 2463 22 19 of
265 2463 35 18 the
318 2463 68 18 nativo
402 2461 109 26 regiments

80 2490 91 24 revoling
199 2490 39 19 and
264 2489 120 25 murdering
405 2488 34 19 the
459 2493 39 14 com-

81 2516 88 20 mander.

2790 111 142 20 MANURES
2955 112 60 18 AND
3038 112 69 19 HOW
3136 112 33 19 TO

2886 137 95 20 APPLY
2990 138 89 19 THEM.

2792 191 57 18 Some
2854 191 52 24 good
2916 190 69 20 advice
2992 191 106 25 regarding
3105 198 91 14 manures

2766 217 38 18 and
2815 216 53 20 their
2875 216 123 26 application
3009 217 16 19 is
3032 217 59 24 given
3098 217 25 25 by
3131 217 34 19 *>lr
3173 218 22 20 F.

2769 243 21 19 B.
2806 243 95 23 Guthrie,
2912 243 109 24 analytical
3035 243 85 20 chemist
3131 243 23 20 of
3161 244 34 20 the

2769 269 139 24 Agricultural
2930 269 135 23 Department
3101 270 23 19 of
3147 270 50 20 New-

2767 295 64 19 South
2843 295 72 23 Wales,
2926 295 21 19 in
2957 302 10 12 a
2974 295 138 20 contribution
3127 298 21 18 to
3163 296 34 20 the

2769 321 138 25 Agricultural
2922 321 86 20 Gazette
3024 321 22 20 of
3065 322 29 19 his
3114 322 83 27 Colony.

2771 348 30 18 He
2967 347 122 26 purchasing
3094 355 13 13 a
3115 355 83 14 manure

2769 374 75 25 always
2853 373 60 19 insist
2936 380 25 12 on
2976 381 12 12 a
3010 376 110 23 guarantee
3135 375 23 19 of
3171 375 26 20 its

2770 399 132 26 composition
2912 406 22 13 as
2944 400 123 20 determined
3077 401 25 25 by
3112 401 87 26 analysis

2771 427 21 19 It
2810 427 23 23 is,
2850 433 21 12 as
2886 432 12 13 a
2911 426 50 24 rule,
2976 426 66 20 better
3061 429 19 17 to
3101 427 99 24 purchase

2772 452 71 26 simple
2854 459 98 18 manures,
2959 453 40 19 and
3005 455 22 17 to
3033 453 41 19 mix
3080 453 53 20 them
3141 460 49 18 your-

2773 479 38 20 self
2820 479 20 18 in
2850 478 35 20 the
2900 479 128 25 proportions
3047 479 98 28 requisite
3167 480 33 20 for

2773 505 34 20 the
2818 505 108 25 particular
2935 511 52 19 case,
2993 505 70 20 rather
3070 508 48 17 than
3129 507 21 18 to
3160 506 41 26 buy

2773 532 97 24 complete
2879 531 108 20 fertilisers
3001 532 61 24 ready
3077 532 70 20 mixed.
3176 533 25 19 In

2774 559 34 18 the
2827 558 44 19 first
2886 558 61 24 place,
2966 558 35 19 the
3016 558 70 25 simple
3105 558 96 26 products

2773 591 33 13 are
2821 583 59 20 much
2889 584 39 19 less
2943 584 61 19 liable
3020 586 21 17 to
3058 584 143 26 adulteration,

2773 611 39 18 and
2826 610 35 19 the
2885 610 136 19 adulteration
3039 611 16 18 is
3074 610 60 20 much
3149 618 52 13 more

2775 636 77 25 readily
2861 636 92 19 detected
2962 636 33 24 ;in
3002 636 34 20 the
3044 638 73 19 second
3138 637 62 25 place,

2774 670 39 18 you
2823 662 42 20 will
2874 662 57 19 avoid
2943 662 122 26 purchasing
3078 663 39 19 and
3129 664 74 26 paying

2774 690 32 18 for
2816 696 24 12 an
2865 695 101 13 excessive
2976 690 96 24 quantity
3091 689 21 20 of
3131 696 25 13 aa
3173 690 20 19 in-

2775 716 93 24 gredient
2879 714 64 20 which
2953 721 45 19 may
3005 718 36 17 not
3047 716 24 19 be
3079 716 94 25 required
3183 723 20 13 in

2776 742 33 19 the
2820 741 110 26 particular
2944 748 45 12 case
2999 742 31 18 for
3038 741 63 20 which
3126 749 39 17 you
3171 749 32 14 are

2776 768 61 25 using
2846 768 16 19 it
2872 777 5 15 ;
2884 768 45 23 and,
2939 767 21 19 in
2976 768 33 19 the
3016 768 54 19 third
3087 768 61 25 place,
3164 776 39 18 you

2776 801 45 12 save
2845 794 34 19 the
2893 796 42 17 cost
2959 794 22 18 of
3000 794 80 26 mixing.
3110 796 28 17 As
3148 795 57 20 these

2777 820 102 20 artificials
2903 827 33 12 are
2959 820 76 20 seldom
3062 820 94 25 required
3184 822 20 19 in

2778 849 78 23 greater
2865 846 110 26 quantitws
2990 846 49 20 than
3051 853 36 14 can
3103 847 24 19 be
3143 848 62 25 easily

2778 873 65 19 mixed
2862 873 26 25 by
2898 872 59 23 hand,
2968 873 34 19 the
3016 873 79 20 trouble
3113 874 93 20 involved

2778 906 15 12 is
2804 906 49 17 very
2868 899 64 19 small.
2959 899 42 19 The
3023 900 72 25 simple
3114 906 92 14 manures

2779 933 38 12 are:
2821 926 131 18 Bonedust
2965 927 39 17 and
3014 925 190 26 superphosphates,

2779 951 117 23 containing
2910 951 120 26 phosphoric
3047 952 44 20 acid
3115 953 39 19 and
3178 954 20 19 ni-

2780 980 69 23 trogen
2861 978 4 26 ;
2876 978 54 20 dried
2942 978 57 19 blood
3015 979 38 19 and
3073 979 94 25 sulphate
3187 980 20 20 of

2781 1005 106 23 ammonia,
2906 1004 118 26 containing
3043 1005 119 25 principally
3180 1007 19 18 ni-

2781 1033 72 22 trogen
2860 1030 4 25 :
2875 1031 71 23 kainit,
2957 1030 94 24 sulphate
3059 1031 21 19 of
3087 1031 72 23 potash
3169 1033 39 19 and

2781 1057 54 19 wood
2846 1057 65 23 ashes,
2930 1057 116 26 containing
3060 1058 71 25 potash
3142 1066 5 15 ;
3157 1058 52 26 lime,

2782 1090 93 18 gypsum,
2886 1084 41 23 &c.,
2939 1083 118 26 containing
3072 1083 52 20 lime.
3153 1085 45 19 Solu-

2783 1110 30 18 ble
2828 1116 92 13 manures
2926 1116 33 12 are
2967 1109 46 19 best
3019 1110 80 25 applied
3110 1110 56 20 when
3174 1111 34 20 the

2783 1137 56 24 plant
2848 1136 17 19 is
2876 1136 62 19 above
2952 1136 85 24 ground.
3066 1136 33 20 All
3119 1137 92 21 artificial

2784 1168 91 14 manures
2886 1161 71 20 should
2968 1161 24 20 be
3004 1163 66 19 mixed
3080 1163 48 19 with
3148 1164 62 20 about

2784 1188 56 20 three
2851 1188 57 20 times
2919 1188 53 19 their
2983 1189 74 25 weight
3068 1189 22 19 of
3104 1189 36 25 dry
3160 1190 50 20 loam

2785 1215 38 19 and
2856 1214 121 20 distiibuted
3011 1215 77 25 evenly.
3130 1215 81 22 Soluble

2785 1248 92 13 manures
2888 1241 71 20 should
2971 1241 23 19 be
3002 1241 49 20 used
3067 1241 47 20 with
3130 1243 81 20 caution

2786 1274 23 13 on
2816 1274 49 18 very
2872 1267 134 26 poronssoils.
3034 1267 179 23 Solublemanures

2786 1301 31 12 ire
2828 1294 78 25 applied
2919 1294 134 24 superficially
3064 1294 4 25 ;
3082 1295 39 19 and
3140 1295 35 20 the
3184 1295 29 19 in.

2786 1320 76 20 soluble
2870 1327 94 12 manures
2974 1327 37 13 can
3026 1321 23 19 be
3068 1321 105 20 harrowed
3192 1321 20 21 in

2787 1346 76 26 lightly.
2891 1346 56 26 They
2957 1346 73 20 should
3041 1347 23 20 be
3074 1348 48 19 used
3133 1348 21 19 in
3169 1355 33 13 con-

2788 1373 89 25 junction
2889 1373 47 19 with
2947 1373 112 25 farm-yard
3068 1381 95 13 manures
3173 1382 20 12 as
3202 1382 11 12 a

2788 1400 47 19 rule.
2863 1400 68 19 Never
2960 1399 39 20 add
3022 1400 46 19 lime
3090 1403 21 16 to
3131 1407 82 14 manure

2789 1426 113 25 ;ontaining
2917 1426 92 24 nitrogen
3019 1426 4 25 ;
3042 1427 38 19 and
3097 1426 57 20 when
3170 1428 43 20 lime

2790 1459 31 13 ias
2833 1452 49 20 been
2893 1452 80 25 applied
2984 1454 21 18 to
3020 1452 35 21 the
3070 1453 46 20 land
3136 1454 24 19 do
3180 1457 33 18 not

2790 1485 31 14 jse
2836 1478 47 20 such
2895 1485 93 13 manures
3007 1479 53 20 until
3077 1480 63 21 about
3160 1480 54 22 three

2790 1505 61 20 veeits
2862 1505 126 20 afterwards.
3016 1505 42 20 The
3068 1506 62 26 depth
3139 1506 22 21 of
3181 1513 22 19 ap-

2791 1532 68 26 plying
2867 1531 33 20 the
2910 1531 100 21 insoluble
3021 1539 91 14 manures
3133 1533 40 21 will
3192 1534 22 22 be

2792 1559 98 26 regulatod
2900 1561 21 16 to
2932 1565 55 13 some
2995 1562 70 17 extent
3076 1560 25 26 by
3120 1560 34 20 the
3173 1563 41 19 root

2792 1586 17 20 >f
2820 1585 33 20 the
2863 1592 54 20 crop,
2928 1585 38 20 but
2975 1592 22 14 ae
3006 1592 11 15 a
3027 1586 45 21 rule
3081 1585 17 22 it
3107 1586 17 21 is
3134 1589 37 18 not
3180 1589 24 19 ad-

2793 1612 70 21 visable
2878 1615 20 18 to
2922 1618 83 15 manure
3033 1615 20 18 to
3077 1615 32 19 too
3125 1617 58 23 great
3205 1622 9 14 a

2793 1638 127 28 lepth.Mr
2931 1639 61 26 Graj',
3003 1638 22 22 of
3033 1639 85 22 Lincoln
3129 1640 85 29 College,

2793 1674 17 13 is
2820 1665 35 21 the
2874 1665 64 21 result
2957 1667 22 19 of
2993 1673 11 13 a
3014 1666 61 21 series
3086 1666 21 22 of
3117 1667 97 27 analyses,

2794 1692 74 21 idvises
2877 1692 34 21 the
2921 1691 108 23 insistence
3035 1697 54 23 Upon
3104 1701 11 13 a
3134 1694 80 22 written

2795 1722 102 24 juar-mtee
2907 1720 52 20 from
2968 1719 34 20 the
3012 1721 58 20 seller
3079 1720 21 21 of
3107 1728 12 13 a
3129 1727 87 19 manure*

2789 1777 40 20 AN
2836 1775 236 22 INTERNATIONAL
3078 1776 137 23 WOMAN'S

2903 1808 196 22 CONVENTION.

2813 1862 19 20 A
2843 1862 78 20 scheme
2933 1862 32 20 for
2984 1862 34 20 the
3037 1863 146 21 advancement
3196 1865 20 19 of

2787 1895 75 13 women
2872 1889 17 19 is
2905 1888 78 26 rapidly
3003 1889 81 26 gaining
3103 1886 113 25 influential

2785 1918 86 22 support
2889 1915 21 19 in
2929 1915 82 20 Franco.
3040 1917 41 18 The
3097 1916 45 20 idea
3161 1917 16 20 is
3196 1920 19 18 to

2785 1942 52 19 raise
2848 1942 35 19 the
2890 1942 71 19 morale
2967 1942 21 19 of
3003 1942 154 21 Frenchwomen
3177 1945 37 19 and

2785 1968 85 25 thereby
2881 1968 35 19 lift
2926 1968 56 20 them
2993 1970 21 18 to
3025 1968 70 27 higher
3109 1970 107 21 standards

2786 1994 22 19 of
2823 1995 62 19 social
2905 1995 113 20 excellence
3037 1996 39 19 and
3096 1996 119 26 usefulness,

2784 2020 39 19 and
2834 2020 33 20 for
2878 2020 39 21 this
2929 2028 88 19 purpose
3027 2022 17 19 it
3059 2022 34 19 has
3113 2022 51 20 been
3183 2023 22 21 de-

2783 2047 59 19 cided
2854 2049 21 17 to
2890 2047 47 20 hold
2954 2054 25 13 an
2996 2048 150 21 International
3167 2049 36 20 Con-

2783 2079 56 18 gress
2849 2076 49 17 next
2905 2081 55 18 year,
2971 2074 56 20 when
3038 2075 26 19 all
3074 2075 68 23 social,
3152 2076 54 26 politi-

2782 2100 38 23 cal,
2840 2100 39 19 and
2900 2100 171 25 philantbropical
3088 2102 127 21 associations

2782 2125 22 19 cf
2816 2133 13 12 7>
2830 2125 2 25 -
2834 2132 57 13 orDen
2902 2126 21 19 in
2935 2126 33 19 the
2978 2127 68 23 world,
3055 2127 101 21 whatever
3166 2128 50 20 their

2783 2152 117 20 tendencies
2912 2152 39 19 and
2963 2152 50 21 aims
3028 2160 33 13 are
3080 2156 21 17 to
3110 2154 23 20 be
3142 2154 73 21 invited

2783 2180 20 17 to
2815 2179 77 24 attend,
2903 2186 21 12 so
2935 2179 46 19 that
2996 2179 34 20 the
3049 2180 39 19 fair
3107 2181 108 25 daughters

2782 2204 22 19 of
2815 2204 79 21 France
2905 2212 44 18 may
2956 2205 59 25 glean
3025 2206 35 20 the
3069 2206 45 21 best
3124 2208 90 21 methods

2782 2230 21 20 of
2813 2231 112 25 solidarity.

2837 2288 62 20 OUR
2913 2288 126 21 YELLOW
3053 2289 104 21 RIVALS.

2809 2342 34 19 No
2860 2343 12 18 2
2889 2341 23 20 of
2919 2341 78 20 Svensk
3012 2342 107 25 Tidskrift,
3143 2344 72 27 always

2783 2375 37 12 one
2831 2368 22 19 of
2866 2368 36 19 the
2916 2368 45 20 best
2976 2368 21 19 of
3021 2368 34 21 the
3070 2369 145 21 Scandinavian

2783 2395 121 25 magazines,
2915 2401 63 19 opens
2989 2394 49 20 with
3056 2402 24 13 an
3095 2396 120 27 interesting

2785 2428 61 19 paper
2854 2427 25 14 on
2936 2421 42 20 The
2987 2421 83 27 Coming
3077 2423 98 25 Struggle
3185 2423 20 20 be-

2782 2448 66 19 tween
2863 2448 36 19 the
2914 2448 73 19 White
3001 2447 55 21 Race
3070 2449 40 20 and
3123 2449 34 20 the
3171 2450 33 20 Yel-

2851 2474 35 19 the
2895 2476 41 24 gist
2947 2474 23 19 of
2980 2474 64 20 which
3059 2475 15 19 is
3090 2475 34 20 the
3146 2476 57 26 unpal-

2782 2500 69 20 atable
2863 2501 70 25 theory
2948 2500 45 19 that
3008 2507 37 14 one
3059 2502 38 19 evil
3113 2502 45 26 day,
3173 2510 32 18 per-

2783 2527 53 25 haps
2846 2529 36 17 not
2894 2527 30 19 far
2935 2526 85 24 distant,
3041 2528 33 19 the
3088 2535 47 12 man
3146 2529 22 20 of
3183 2529 32 20 the

2785 2553 88 20 Almond
2895 2554 54 24 Eyes
2978 2553 39 20 will
3046 2554 24 19 be
3097 2554 75 28 pitting
3187 2555 27 20 his

2783 2580 96 25 strength
2895 2580 78 25 against
2987 2580 47 19 that
3055 2580 21 19 of
3090 2581 123 26 Whiteskin,

2782 2606 46 24 and,
2846 2606 68 19 unless
2929 2606 117 20 Whiteskin
3062 2607 45 19 look
3122 2610 21 17 to
3168 2608 35 20 him-

2783 2632 40 20 self
2830 2632 40 19 and
2881 2632 78 20 beware
2966 2632 20 19 in
2994 2632 55 25 time,
3058 2633 38 20 will
3103 2634 111 27 ultimately

2783 2661 61 18 wrest
2853 2658 36 20 the
2899 2660 79 24 sceptre
3000 2659 51 20 from
3069 2660 40 19 him
3131 2662 40 19 and
3192 2661 21 20 be

2784 2686 60 19 ruler,
2853 2692 28 17 or,
2891 2685 54 20 what
2955 2686 16 18 is
2982 2685 73 20 almost
3069 2693 22 12 as
3113 2687 45 25 bad,
3184 2695 20 12 co-

2783 2712 56 19 ruler
2848 2712 48 19 with
2909 2712 40 19 him
2957 2712 21 19 of
2989 2712 33 19 the
3033 2712 67 20 world.
3130 2715 28 18 As
3175 2716 37 22 yet,

2784 2738 119 20 Whiteskin
2914 2738 17 19 is
2945 2738 48 20 lord.
3022 2738 42 20 But
3072 2739 35 20 the
3125 2741 89 25 growing

2784 2772 67 18 power
2862 2764 21 20 of
2891 2765 66 25 Japan
2966 2765 16 19 is
3002 2773 11 11 a
3023 2765 77 20 serious
3122 2768 91 24 question

2784 2792 83 24 already
2882 2791 46 19 with
2945 2791 33 20 tho
3002 2792 99 19 Russians
3117 2794 39 18 and
3180 2794 32 19 the

2785 2818 131 25 Englishmen
2928 2817 20 20 in
2966 2818 54 24 Asia,
3035 2818 40 19 and
3089 2818 33 21 the
3141 2820 62 19 threat-

2785 2845 61 24 ening
2856 2844 87 20 attitude
2954 2844 21 19 of
2985 2844 65 21 China
3069 2845 40 19 will
3133 2846 24 19 be
3178 2846 34 20 but

2787 2870 84 28 slightly
2882 2870 86 20 affected
2980 2871 25 25 by
3016 2871 35 20 her
3067 2873 69 18 recent
3150 2872 51 21 disas-

2786 2903 55 14 trous
2849 2897 80 27 quarrel
2941 2896 48 20 with
3007 2898 34 19 the
3051 2897 61 20 sister
3121 2901 90 23 country.

2785 2926 40 20 We
2837 2931 43 19 may
2890 2930 48 14 even
2958 2926 79 24 expect,
3062 2925 108 26 according
3192 2928 19 17 to

2785 2953 35 19 the
2832 2953 69 18 writer
2910 2950 21 20 of
2942 2950 34 20 the
2985 2951 75 23 article,
3066 2950 44 20 that
3117 2952 36 20 the
3164 2952 48 19 blow

2786 2979 54 20 John
2851 2978 112 19 Chinaman
2987 2977 35 19 has
3046 2978 104 20 sustained
3173 2978 40 20 will

2785 3008 38 24 put
2835 3011 41 13 new
2888 3004 37 19 life
2935 3004 38 19 and
2987 3004 35 19 fire
3046 3003 44 20 into
3115 3004 45 25 him,
3176 3005 35 19 and

2785 3039 58 13 rouse
2858 3031 40 20 him
2912 3030 51 19 from
2978 3029 121 26 stagnation,
3119 3038 50 13 even
3192 3039 19 12 as

2785 3060 78 19 France
2872 3057 63 20 under
2946 3056 34 20 the
2988 3057 61 19 Third
3060 3057 89 25 Empire,
3157 3058 54 20 when

2785 3093 24 13 on
2818 3086 33 19 the
2859 3091 46 18 very
2912 3083 61 19 brink
2983 3083 21 19 of
3020 3084 52 23 ruin,
3084 3090 39 14 was
3142 3085 70 20 roused

2785 3113 26 25 by
2822 3112 34 19 the
2866 3109 101 26 whipping
2990 3110 35 19 she
3049 3110 89 20 received
3162 3112 49 19 from

2786 3140 102 23 Germany
2900 3137 42 19 into
2954 3135 82 26 making
3045 3136 22 20 of
3077 3137 35 19 her
3122 3138 68 19 defeat
3202 3145 10 13 a

2784 3166 163 24 stepping-stone
2957 3165 21 17 to
2995 3163 34 19 tha
3052 3163 71 26 higher
3145 3166 67 26 thinga

2785 3192 63 20 which
2858 3191 34 19 she
2902 3189 17 19 is
2928 3196 44 12 now
2991 3196 49 14 once
3063 3197 60 18 more,
3148 3192 64 23 under

2785 3219 33 19 the
2829 3219 113 23 dangerous
2952 3215 106 21 indolence
3064 3217 22 19 of
3093 3217 35 20 her
3135 3220 76 26 twenty

2785 3252 56 17 years
2851 3250 21 14 or
2884 3249 66 20 peace,
2966 3243 120 26 permitting
3096 3244 77 21 herself
3192 3249 19 20 to

2836 3271 45 20 hold
2891 3271 28 23 of,
2929 3271 58 20 while
2996 3279 43 13 new
3057 3273 78 22 defects
3145 3275 21 20 in
3180 3276 33 21 her

2785 3297 89 21 national
2894 3297 104 20 character
3013 3298 83 28 develop
3110 3302 92 21 undistur-

2785 3324 36 21 bed
2832 3324 38 20 and
2890 3323 111 21 unheeded.
3029 3326 41 19 The
3093 3326 118 26 lugubrious

2786 3351 100 26 prophecy
2896 3351 16 19 is
2931 3351 143 26 substantially
3095 3354 76 21 backed
3186 3363 26 18 up

2785 3378 24 23 by
2822 3377 34 20 the
2866 3377 137 20 observations
3026 3379 57 20 mado
3111 3380 26 26 by
3160 3382 52 20 Eroil

2783 3404 97 24 Metzger,
2896 3403 51 24 who,
2957 3404 88 21 resident
3060 3405 20 20 in
3102 3406 57 26 Java,
3179 3408 35 21 has

2784 3431 38 19 had
2845 3431 150 24 opportunities
3016 3432 21 19 of
3060 3432 96 28 studying
3178 3435 35 20 the

2784 3457 69 24 yellow
2863 3463 45 13 man
2920 3458 22 18 at
2952 3457 62 25 home,
3025 3458 38 20 and
3076 3458 34 21 has
3122 3467 54 13 come
3190 3464 21 17 to

2784 3483 32 19 the
2827 3483 115 19 conclusion
2955 3483 51 26 that,
3026 3485 56 20 when
3103 3493 49 13 once
3175 3495 36 13 our

2783 3509 122 20 civilisation
2940 3509 34 21 has
3009 3510 63 21 broke
3080 3518 6 13 1
3124 3513 86 27 through

2784 3535 81 20 China's
2894 3536 192 22 traditionswhen
3107 3546 49 13 once
3179 3541 33 21 the

2784 3562 85 20 Chinese
2879 3562 49 19 have
2939 3562 66 20 learnt
3015 3564 34 20 the
3071 3565 59 20 value
3139 3567 22 19 of
3178 3568 22 20 be-

2783 3588 34 25 ing
2828 3588 18 19 in
2857 3588 59 20 tench
2927 3589 49 19 with
2987 3589 33 20 the
3036 3591 59 20 sister
3104 3593 106 20 nationF

2783 3614 51 20 have
2843 3615 67 19 learnt
2919 3615 52 19 from
2989 3622 22 13 us
3030 3617 34 20 the
3085 3619 59 20 much
3164 3620 47 27 they

2785 3641 49 19 have
2844 3644 34 22 yet
2889 3643 20 17 to
2920 3641 137 21 learntheir
3076 3644 76 26 dogged
3168 3653 32 19 per-

2784 3673 105 14 severance
2900 3668 38 19 and
2949 3669 64 25 tough
3023 3671 94 25 strength
3128 3673 39 19 will
3185 3674 25 19 do

2783 3693 89 24 thereat,
2882 3695 39 19 and
2935 3694 116 22 Whiteskin
3076 3697 40 19 will
3137 3698 24 21 bo
3185 3706 24 14 no

2783 3719 71 26 longer
2870 3720 51 20 lord.

2810 3774 42 20 Ibe
2869 3777 139 26 municipality
3028 3779 21 19 of
3066 3780 83 21 Genera
3167 3789 43 14 uow

2783 3800 57 20 claim
2852 3801 45 20 that
2904 3802 47 26 tliey
2960 3803 49 21 have
3017 3804 35 20 the
3062 3805 75 26 largest
3152 3808 48 21 foun-

2783 3828 42 18 tain
2833 3828 21 19 in
2866 3829 68 19 world.
2962 3830 46 20 This
3015 3831 94 21 fountain
3117 3833 36 21 has
3160 3834 51 21 been

2782 3854 80 20 erected
2871 3857 22 17 at
2901 3855 34 20 the
2945 3857 63 24 port's
3019 3859 96 19 entrance
3132 3861 21 19 of
3169 3862 42 19 that

2782 3880 47 24 city.
2858 3880 22 19 It
2894 3881 15 19 is
2924 3888 25 13 no
2965 3883 39 19 less
3027 3884 49 20 than
3100 3887 39 19 300
3148 3887 20 19 ft
3191 3888 19 20 in

2782 3906 75 24 height,
2868 3908 38 19 and
2915 3914 45 19 may
2970 3909 25 19 be
3005 3916 45 13 seen
3061 3911 52 20 from
3127 3920 12 12 a
3154 3916 56 22 great

2782 3932 92 21 distance
2881 3934 108 26 detaching
3004 3935 55 21 itself
3073 3937 41 21 like
3129 3946 10 12 a
3153 3942 57 23 great

2782 3958 61 20 white
2853 3960 36 19 sail
2901 3960 89 27 flapping
3000 3962 87 26 through
3099 3965 34 19 the
3149 3967 60 20 effect

2782 3985 21 19 of
2814 3984 33 21 the
2857 3986 59 20 wind.

1185 60 57 20 THE
1256 59 60 22 HOT
1330 60 94 21 LAKES
1440 60 176 22 CHRONICLE,
1642 60 191 22 WEDNESDAY,
1856 60 132 22 OCTOBER
2002 60 34 22 23,
2047 58 59 23 1895,

2781 4061 71 16 Printed
2864 4062 33 16 and
2909 4062 90 21 published
3018 4064 27 16 for
3061 4066 30 16 the
3107 4069 95 19 proprietor

2803 4084 18 13 at.
2836 4082 27 16 his
2883 4083 94 19 registered
2982 4084 79 22 printing
3067 4087 48 17 office
3128 4083 79 26 Rotorua'

2801 4103 23 20 by
2831 4104 59 16 Peucy
2901 4104 31 16 Jai
2946 4109 12 12 js
2968 4105 98 22 Hammond,
3079 4109 19 16 of
3105 4109 77 20 Kotorua

2800 4128 161 24 WEDNESDAY,
2971 4130 109 21 OCTOBER
3088 4135 27 21 23,
3124 4136 42 19 1895

574 123 29 26 J.
619 121 50 31 W.
682 119 218 31 WRIGLEY,

524 160 372 23 abohiteo
929 159 24 24 t,

663 191 146 20 EOTOEUA.

548 225 68 24 Agent
623 224 33 19 for
666 223 35 20 the
711 223 63 19 South
790 222 77 20 British
876 221 47 19 Fire
934 221 18 19 &

524 251 80 19 Marine
615 251 112 18 Insurance
737 249 110 25 Company.

524 302 165 43 ROTORUA
710 301 162 40 SAWMILL
899 300 52 40 CO,

529 396 135 19 TXTHITE
673 395 60 20 AND
744 393 55 20 RED
809 392 68 19 FINE
886 392 22 19 of
920 392 35 19 the

536 414 43 30 VV
628 423 60 19 finest
706 420 79 26 quality
802 418 40 19 and
858 418 98 25 carefully

525 451 40 17 cut.

711 472 54 19 Also

527 507 89 23 Matai,
646 505 126 23 Pukatea,
804 501 50 22 and
878 502 79 21 Tawa

554 533 131 25 Shingles,
699 529 115 25 Palings,
830 528 98 22 Blocks

665 557 50 21 and
739 555 82 21 Posts.

551 603 19 18 A
584 601 53 26 good
646 599 40 21 and
696 598 89 20 assorted
799 597 74 26 supply
882 597 75 26 always

527 636 25 12 on
562 627 55 20 hand
626 628 21 18 at
657 626 34 19 the
701 623 83 21 Timber
792 623 64 24 Yard,

670 656 137 20 EOTOEUA.

526 707 159 27 N.B.Special
695 712 45 13 care
749 705 62 19 taken
827 705 21 19 in
864 705 34 19 the
914 710 33 12 sea-

708 731 78 26 soning.

539 781 99 20 PEIOES
652 781 36 19 AT
703 778 132 21 CUEEENT
848 776 95 21 BATES.

576 841 34 19 W.
624 838 154 22 HENSHAW,
799 836 111 19 Manager.

633 902 154 19 ESTABLISHED
805 902 44 17 187g.

745 938 46 20 OSa

527 1009 57 16 Under
590 1008 28 15 the
633 1007 94 18 Patronage
742 1005 18 15 of
774 1004 33 15 His
817 1003 98 19 Excellency
928 1002 28 14 the

619 1026 87 16 Governor
713 1025 17 15 of
738 1025 40 14 New
783 1023 76 16 Zealand.

552 1116 129 20 BUILDER
704 1116 16 17 &
743 1110 185 23 CONTRACTOR,

671 1140 137 23 EOTORUA.

565 1180 108 19 Estimates
700 1176 61 25 given
787 1175 32 19 for
840 1174 115 26 Buildings,

527 1206 115 19 alterations
652 1203 40 18 and
701 1201 77 26 repairs
788 1201 21 18 in
818 1201 28 19 all
855 1201 100 19 branches

526 1231 21 17 of
556 1230 34 18 the
604 1229 64 19 trade.

550 1255 104 25 Painting,
666 1253 164 27 Paperhanging,
842 1253 40 19 and
893 1253 48 19 Glaz-

524 1281 41 25 ing,
584 1281 101 20 Venetian
709 1279 38 19 and
766 1279 57 19 other
840 1279 72 19 Blinds
935 1281 21 17 to

524 1307 59 19 order
592 1314 24 12 or
624 1305 116 26 ro-painted
750 1305 40 19 and
798 1305 100 25 re-taped.

525 1333 58 19 Good
591 1333 68 19 stocks
669 1333 21 17 of
698 1330 91 21 Funeral
797 1331 121 25 Requisites.

524 1366 434 36 rMHTffllTfl'tffinft'lfl

553 1456 41 40 W.
614 1456 30 40 H,
670 1454 23 41 &
717 1453 31 41 H.
768 1453 27 41 C.
819 1452 106 51 Wright,

599 1508 137 22 SURGEON
747 1507 143 20 DENTISTS.

575 1564 117 25 (Successor
702 1563 21 18 to
734 1559 26 30 A.
772 1561 22 20 L.
805 1559 102 27 \Vright),

564 1616 74 26 Notify
649 1615 45 20 that
721 1614 47 26 they
784 1620 34 14 are
837 1612 119 28 continuing

524 1642 33 21 the
573 1644 97 20 Business
694 1644 21 17 at
725 1642 34 19 the
774 1641 104 23 Premises,
888 1642 36 24 top
934 1641 21 19 of

524 1670 189 20 iShortlaud-street.
732 1667 42 20 The
785 1667 107 26 high-class
902 1667 52 19 work

524 1698 20 19 of
557 1698 34 19 the
602 1698 40 19 late
653 1696 34 20 Mr
698 1696 24 19 A.
733 1696 24 18 L.
768 1694 84 26 Wright
872 1693 40 21 will
932 1694 23 20 be

524 1724 87 20 adh.-red
621 1725 28 23 to,
658 1723 37 19 and
708 1729 37 17 any
757 1721 38 19 left
806 1720 114 20 unfinished
929 1720 24 25 by

525 1751 44 20 that
581 1750 114 26 gentleman
707 1748 39 19 will
766 1748 24 19 be
806 1747 112 26 completed
929 1747 24 26 by

618 1777 34 19 the
662 1783 43 12 new
715 1776 147 23 management.

525 1803 115 25 Telephone
650 1803 44 20 G57.

575 1854 164 37 Rotopua
754 1851 158 43 Library.

527 1915 113 47 OPEN
656 1914 52 20 from
720 1915 24 18 10
757 1921 44 12 a.m.
811 1915 21 17 to
842 1914 12 17 5
861 1919 46 19 p.m.
918 1912 38 19 and

586 1943 12 18 G
607 1943 25 18 30
641 1944 20 17 to
671 1942 25 18 10
705 1947 14 19 p.
726 1947 24 12 m.
762 1940 93 24 Sundays
864 1939 31 18 till
903 1940 54 24 9p.m

527 1973 193 21 Subscription:
729 1971 52 17 80s
794 1976 48 17 per
855 1975 99 13 annum

552 2004 88 20 Visitors
661 2009 43 19 may
723 2008 85 20 procure
823 2001 68 20 Books
906 2001 51 20 from

527 2031 33 19 the
578 2030 86 25 Library
682 2036 24 13 on
725 2028 80 26 making
823 2035 12 13 a
848 2028 79 25 deposit
938 2028 21 19 of

527 2059 37 18 not
579 2056 39 20 less
637 2056 49 19 than
705 2057 27 21 ss,
751 2055 39 19 and
806 2053 121 27 purchasing
938 2055 21 19 la

527 2090 80 18 coupon
617 2083 32 19 for
659 2089 60 18 every
731 2081 55 19 Pour
796 2081 69 19 books.

553 2115 43 20 The
614 2115 87 24 Library
719 2114 18 18 is
760 2119 52 19 open
835 2113 71 25 during
925 2112 34 19 the

528 2142 91 25 eveuing.

551 2202 68 40 M*
647 2201 45 35 W
726 2199 39 38 J.
797 2199 37 38 N
844 2199 74 17 APIER
918 2211 5 8 '

579 2244 151 19 BARRISTER
743 2243 15 17 &
767 2242 140 19 SOLICITOR.

529 2267 147 17 Commissioner
685 2265 20 17 of
713 2265 32 17 the
762 2265 89 22 Supreme
866 2264 59 18 Court
938 2264 20 17 of

721 2288 54 22 Fiji.)

529 2313 88 18 Solicitor
629 2314 20 17 to
658 2312 31 17 the
698 2312 24 17 N.
732 2311 21 17 Z.
763 2311 127 17 (Joverument
903 2310 56 18 under

636 2335 96 19 Advances
741 2336 19 16 to
769 2333 76 19 Settlors

529 2372 97 18 Victokia
636 2372 89 22 Akcade,
733 2371 114 20 Queen-st.,
856 2369 103 18 Auckland.

551 2408 71 22 Money
631 2410 20 15 to
659 2406 51 19 lend
720 2411 24 12 on
753 2406 83 17 freehold
849 2406 80 23 security
942 2409 17 14 at

529 2432 37 17 low
574 2433 50 16 rates
630 2431 20 17 of
653 2430 83 18 interest.
762 2430 18 18 M
785 2435 47 17 ouey
841 2429 84 19 invested
933 2430 26 17 for

530 2455 68 17 clients
608 2455 38 17 free
656 2454 19 17 of
685 2453 73 20 charge.

535 2533 270 46 PHOENIX
829 2533 131 43 FIRE

634 2579 221 43 OFFICE.

531 2685 80 20 Losses
636 2685 54 18 Paid
823 2684 138 23 20,000,000

531 2737 53 20 Fire
594 2738 104 19 Premium
709 2735 97 20 Exceeds
849 2736 72 24 I,s'Hi
936 2738 22 18 Of
958 2735 3 25 1

530 2792 161 19 Accumulated

530 2817 88 20 Exceed
852 2816 109 20 IOOOOOO

529 2868 25 23 W.
575 2869 59 22 WARD
643 2867 80 22 BAKERm
732 2867 4 25 ,
764 2867 24 22 W.
804 2868 17 21 A.
836 2867 100 24 WILLIAMS

566 2894 70 22 District
653 2893 57 24 Mange
803 2892 48 22 Local
860 2894 51 24 Agent

616 2916 102 24 Aucklaaud.
855 2919 78 25 Rotorua,

554 2986 45 39 W.
620 2987 184 36 Blomfield
820 2985 36 36 &
869 2985 65 47 Go,,

529 3044 207 21 TOTALISATOR
756 3043 197 26 PROPRITORS-

555 3079 40 16 Are
603 3075 97 26 prepared
710 3078 19 15 to
744 3074 55 20 make
806 3077 153 22 arrangements

529 3108 24 13 on
574 3101 118 20 favourable
712 3103 61 17 terms
797 3101 32 19 for
844 3101 35 19 the
889 3107 39 14 use
938 3101 21 19 of

529 3128 53 20 their
592 3129 106 19 machines.

700 3163 101 18 Addhess

529 3202 45 39 W,
613 3201 184 36 Blomfield
833 3202 36 35 &
904 3201 55 40 Co.

597 3273 104 35 QUEEN
764 3272 129 35 STREET,

659 3319 170 27 AUCKIo/rND.

129 2577 158 52 Steele
326 2577 137 51 Bros.

83 2664 192 43 MARAEROA
332 2664 176 40 SAWMILL.

82 2723 133 50 DESIRE
224 2724 21 18 to
255 2722 63 21 thank
340 2723 34 19 the
391 2723 69 26 public
480 2723 31 19 for

162 2752 44 23 past
214 2750 68 19 favors
290 2750 38 19 and
337 2749 37 22 bee
383 2752 18 16 to
408 2756 103 13 announce

83 2777 44 20 that
144 2776 74 25 having
236 2783 11 12 a
271 2776 55 25 large
344 2776 58 20 stcclc
421 2776 21 19 of
460 2777 40 19 well-

82 2804 94 19 eensonod
197 2803 106 19 firat-class
322 2802 73 20 timber
414 2808 22 14 on
458 2803 52 19 bund

82 2829 48 27 they
141 2836 31 13 are
182 2829 98 26 prepared
300 2834 20 14 to
337 2829 54 19 fulfil
409 2829 69 19 orders
489 2833 20 15 at

83 2856 85 20 reduced
179 2859 59 16 rates.

82 2905 40 45 y
159 2904 54 45 jyj
256 2902 184 47 JJARRISOIV,
454 2903 57 24 8.A.,

94 2962 160 21 BARRISTER
269 2962 61 20 AND
341 2961 155 24 SOLICITOR,

95 2996 44 23 118,
149 2995 108 20 Victoria.
269 2996 93 22 Atsca.dk,
374 2994 123 20 Auckland,

269 3031 57 18 Also

83 3060 101 20 Barrister
195 3060 38 19 and
243 3060 93 20 Solicitor
347 3059 21 20 of
376 3062 33 17 the
416 3060 95 24 Supreme

160 3087 69 23 Court,
242 3087 92 22 Ontario,
346 3086 81 19 Canada

85 3139 63 43 W
195 3140 46 45 R.
274 3139 63 44 W

354 3137 156 24 ALKBB,

122 3192 90 19 STOCK
223 3192 16 18 &
250 3190 221 23 SHABEBKOKJ3B,

82 3229 64 21 LJ,yt>,
158 3230 78 13 ESTATE
247 3229 40 14 AND
297 3229 81 14 COMMIS
390 3227 37 15 XON
434 3227 76 18 AGENT,

83 3257 40 19 No.
133 3257 31 23 82,
176 3255 151 26 Queen-Street
336 3255 88 25 (Arcade
443 3257 57 19 Build-

266 3282 62 26 ings,)

236 3318 126 18 Auckland.

1001 1860 73 20 Under
1088 1860 35 19 the
1139 1859 152 25 distinguished
1307 1860 115 25 Patronage
1439 1860 21 19 of
1474 1860 33 19 his
1515 1860 122 24 Excellency
1647 1860 35 19 the
1693 1859 103 20 Governor
1806 1860 36 19 the

1331 1886 50 19 Earl
1395 1886 21 19 of
1426 1886 86 20 Onslow.

1036 1947 140 65 HOT
1209 1946 298 67 SPRINGS
1558 1946 244 74 HOTEL,

1212 2043 37 27 T
1264 2042 39 29 e
1359 2043 95 27 MR
1469 2042 37 29 O
1524 2043 40 27 H
1583 2043 51 27 7X.

1044 2102 54 24 The
1111 2102 57 23 host
1192 2101 130 29 Situated,
1344 2102 46 23 the
1402 2103 68 22 most
1483 2100 184 30 Comfortable;
1682 2101 45 22 the
1740 2100 57 24 best

1210 2134 139 31 appointed
1362 2135 79 23 Hotel
1451 2134 28 24 in
1491 2135 34 23 Te
1543 2135 96 24 Arolia.

1011 2171 109 32 Adjoins
1146 2171 74 32 (with
1243 2171 104 25 Private
1373 2171 141 32 Entrance)
1540 2172 45 25 the
1616 2172 122 24 Thermal
1761 2171 108 32 Springs

979 2205 119 32 Domain,
1110 2205 95 24 Tennis
1219 2205 82 24 Court
1310 2205 28 24 in
1350 2205 119 25 Domain.

1163 2290 94 24 Terms
1259 2292 62 22 6s
1339 2298 45 24 per
1402 2290 57 32 day,
1479 2292 45 22 30s
1542 2298 45 24 per
1601 2289 81 31 week,

981 2359 46 37 W.
1056 2358 40 38 Ji
1124 2358 161 46 MOCK,,
1348 2375 13 6 -
1423 2380 12 7 -
1498 2375 12 7 -
1576 2375 13 6 -
1644 2357 222 42 Proprietor.

1006 2443 41 19 The
1065 2443 59 19 baths
1143 2442 39 19 and
1202 2441 97 24 drinking
1319 2445 63 16 water
1400 2448 34 12 are
1449 2441 110 25 especially
1578 2441 115 21 efficacious
1713 2441 20 19 in
1757 2441 57 19 Gout
1830 2440 38 19 and

979 2469 122 21 Rheumatic
1112 2468 113 24 affections,
1236 2467 89 21 Chronic
1334 2467 120 26 Dyspepsia,
1465 2468 108 20 Disorders
1594 2469 21 18 of
1625 2469 35 19 the
1670 2468 89 25 Urinery
1782 2469 87 23 Organs,

980 2497 104 19 Cutanous
1094 2495 100 24 Diseases,
1209 2494 80 26 Splenic
1300 2494 40 20 and
1358 2494 86 25 Hepahc
1458 2495 116 24 Disorders,
1592 2495 94 19 Diseases
1701 2495 39 19 due
1756 2496 21 17 to
1794 2494 75 19 Exeess

982 2523 87 25 Acidity,
1080 2522 118 25 Neuralgia,
1209 2521 94 20 Sciatica.

1413 2558 3 14 :
1419 2559 11 13 0
1432 2558 3 14 ;

1087 2589 72 20 Public
1174 2588 49 20 Ilall
1234 2589 38 19 and
1284 2588 80 24 Sample
1374 2587 78 21 Eooms
1468 2589 110 19 connected
1594 2589 44 19 ,vith
1649 2588 33 20 the
1693 2587 71 25 Hotel,

984 2754 452 61 GEYSER
1460 2754 382 58 HOUSE

1027 2829 329 48 Hydropathic
1387 2828 153 41 Hotel,
1559 2829 257 38 Wairakei.

1177 2875 36 19 Six
1223 2875 58 19 miles
1291 2875 51 18 from
1352 2874 57 19 Lake
1418 2874 71 26 Taupo
1500 2874 100 26 (Eotorua
1610 2874 59 25 side).

1106 2907 218 32 SUPERIOR
1356 2906 384 31 ACCOMMODATION

1174 2946 54 19 ALL
1237 2946 58 19 THE
1305 2944 144 21 COMFORTS
1459 2945 35 19 OF
1505 2944 15 20 A
1531 2944 82 21 HOME
1623 2945 55 19 FOE

1212 3005 155 27 Tourists
1387 3005 67 26 and
1484 3004 165 27 Invalids.

980 3092 71 27 Hot
1070 3090 203 31 Swimming
1286 3088 119 33 Baths,
1421 3088 196 27 Kiri-o-Kai
1632 3095 40 19 or
1686 3087 82 27 New
1783 3086 83 27 Skin

1033 3124 98 31 Bath,
1152 3124 71 26 Hot
1241 3121 139 28 Douche
1402 3121 118 33 Baths,
1537 3121 118 27 Grand
1670 3120 150 30 Climate.

1079 3160 311 33 Elevationl,3so
1400 3160 68 27 feet
1481 3161 109 27 above
1605 3167 59 20 sea
1678 3158 94 28 level.

1411 3205 2 13 :
1416 3205 17 9 rv

980 3238 255 31 COMPETENT
1252 3238 160 27 GUIDES
1423 3247 156 23 accompany
1592 3236 106 26 tourists
1709 3238 26 23 to
1743 3236 44 25 the
1799 3236 53 25 vari-

1079 3283 45 15 ous
1136 3274 85 31 places
1234 3273 26 23 of
1272 3272 116 31 interest,
1402 3272 86 24 which
1496 3271 75 25 bailie
1584 3271 46 24 the
1643 3271 65 23 most
1719 3269 77 25 facile
1806 3278 59 23 pen,

1079 3307 49 25 and
1141 3315 47 16 can
1200 3306 60 31 only
1273 3306 32 23 he
1316 3305 109 24 realized
1436 3305 78 24 when
1531 3313 68 17 seen.

982 3407 192 24 GEYSER
1188 3406 72 23 VAI
1289 3405 92 24 LEY
1391 3405 93 20 contains
1491 3404 35 20 the
1534 3404 110 25 following
1650 3401 123 27 unequalled
1783 3401 82 20 Natura

1060 3433 91 19 wonders
1160 3428 155 27 :Tuhuatahi,
1336 3439 23 12 or
1379 3433 65 19 Great
1463 3432 132 23 Champagne
1615 3429 103 21 Cauldron
1728 3437 5 15 ;
1748 3428 34 19 the
1800 3428 65 19 Groat

1059 3459 102 19 Wairakei
1171 3459 79 24 Geyser
1258 3454 4 29 ;
1272 3457 34 20 the
1317 3458 87 25 Donkey
1414 3459 80 24 Engine
1503 3454 4 29 ;
1519 3457 35 19 the
1564 3456 84 20 Fairies'
1658 3455 52 20 Bath
1720 3454 4 29 ;
1735 3454 34 19 the
1780 3454 72 24 Lightn-

1060 3485 38 25 ing
1108 3485 47 19 Pool
1166 3480 3 30 ;
1181 3485 35 19 the
1227 3484 88 20 Cascde
1326 3485 83 24 Geyser,
1424 3491 22 13 or
1458 3483 102 26 Dragon's
1571 3483 71 19 mouth
1652 3480 4 30 ;
1667 3482 35 19 the
1710 3480 58 20 black
1780 3480 85 26 Geyser;

1060 3512 33 19 the
1101 3511 50 19 Mud
1164 3511 91 24 Geyser;
1274 3510 33 20 the
1319 3510 51 20 Blue
1380 3511 54 19 Lake
1444 3520 5 15 ;
1458 3510 35 20 the
1512 3510 33 19 Oil
1558 3509 66 23 Bath;
1643 3508 35 19 the
1701 3507 78 25 Eagle's
1799 3507 66 23 JN'cst;

1061 3539 35 18 the
1107 3536 76 20 Devil's
1195 3537 68 19 Punch
1275 3537 55 19 Bowl
1341 3532 4 29 ;
1356 3537 34 19 the
1402 3537 72 19 Prince
1488 3536 22 20 of
1520 3535 76 21 Wales'
1608 3535 97 20 Feathers
1714 3532 4 29 ;
1726 3534 33 18 the
1776 3532 89 26 Mirror;

1060 3565 33 19 the
1102 3563 55 20 Twin
1168 3564 77 25 Geyser
1256 3559 4 30 ;
1272 3563 34 19 the
1317 3563 59 19 Coral
1387 3564 78 24 Geyser
1475 3559 4 30 ;
1491 3563 35 19 the
1536 3562 66 19 Green
1619 3559 62 30 Pool;
1700 3559 131 25 Terekerehe,
1844 3568 21 11 or

1060 3590 47 20 Hell
1119 3590 78 23 Geyser
1206 3586 3 27 ;
1220 3589 35 20 the
1266 3590 67 19 S'eam
1345 3590 103 19 Hammer.
1477 3588 84 21 Guide's
1573 3588 31 19 fee
1615 3589 22 18 to
1648 3588 78 24 Geyser
1767 3586 58 24 alley,
1836 3589 28 22 ss;

1060 3617 92 19 distance
1162 3616 52 19 from
1225 3616 33 19 the
1269 3615 61 25 hotel,
1341 3623 37 12 ouo
1389 3615 52 20 mile.

983 3670 95 24 THE
1098 3668 334 24 AREATEATEA
1466 3675 22 12 or
1499 3668 80 19 Ladder
1588 3666 85 25 Rapids.
1701 3666 41 19 The
1761 3666 103 20 Grandest

1060 3696 77 23 Bapids
1148 3695 21 19 in
1179 3695 35 19 the
1225 3694 101 19 Southern
1338 3694 70 19 Heniis
1414 3694 60 25 phere
1482 3702 5 16 ;
1496 3694 75 24 falling
1582 3694 20 19 in
1622 3694 29 17 six
1670 3692 85 19 distinct
1772 3693 91 19 cascades

1060 3723 93 24 amongst
1169 3721 61 19 weird
1242 3721 40 18 and
1293 3721 74 24 rugged
1383 3727 89 18 scenery.
1500 3720 98 19 Distance
1608 3719 52 18 from
1672 3718 35 19 the
1726 3718 62 25 hotel,
1808 3719 55 20 three

1061 3748 62 19 miles.
1152 3747 75 20 Saddle
1236 3747 70 20 horses
1321 3749 21 17 to
1352 3746 47 19 visit
1409 3746 33 19 the
1451 3746 83 25 Bapids,
1545 3746 22 19 7s
1578 3746 26 19 Od
1614 3745 55 20 each.

1322 3783 11 3 ..
1410 3777 20 11 :o:

982 3795 220 25 KERAPITI
1230 3801 23 13 or
1263 3795 34 18 the
1307 3794 76 19 Devil's
1394 3794 97 23 Trumpet
1501 3793 16 19 is
1535 3794 42 19 said
1597 3795 21 17 to
1639 3793 50 19 emit
1708 3800 11 12 a
1740 3799 93 18 pressure
1842 3793 21 19 of

1060 3822 69 19 180lbs
1140 3822 21 18 of
1175 3824 64 16 steam
1250 3822 20 17 to
1281 3820 34 19 the
1322 3819 53 23 inch,
1390 3820 52 18 from
1453 3826 24 12 an
1494 3821 96 23 aperture
1600 3819 21 20 of
1641 3819 63 20 about
1722 3820 25 18 12
1763 3819 69 20 inches
1842 3819 19 19 in

1058 3848 103 19 diameter.
1189 3847 99 19 Distance
1299 3846 52 19 froin
1363 3845 53 20 hotel
1425 3845 56 20 three
1493 3847 38 19 and
1544 3854 11 12 a
1565 3845 43 20 half
1618 3845 56 20 miles
1681 3854 5 15 ;
1707 3845 69 20 saddle
1793 3845 69 20 horses

1059 3876 20 17 to
1091 3874 47 18 visit
1147 3873 35 19 the
1192 3873 68 23 above,
1272 3873 56 19 2s(3d
1339 3872 53 20 each.

1389 3904 52 14 ALSO

983 3926 94 25 THE
1098 3925 131 24 HUKA
1248 3925 168 30 FALLS,
1434 3925 34 19 the
1601 3925 56 19 Falls
1667 3931 21 13 in
1707 3923 33 20 the
1761 3923 99 21 Southern
1865 3923 1 32 i

1058 3956 139 24 Hemisphere.
1226 3956 41 20 The
1279 3955 54 20 Falls
1344 3962 43 19 may
1402 3956 23 18 be
1435 3955 72 20 visited
1515 3962 26 13 on
1550 3956 35 19 tho
1595 3962 54 13 same
1656 3955 113 24 expedition
1783 3962 22 12 as
1827 3955 33 21 the

1058 3982 76 20 Devil's
1141 3983 104 24 Trumpet.
1274 3981 97 20 Distance
1380 3981 52 19 from
1444 3981 52 20 hotel
1507 3982 59 20 three
1575 3982 38 19 and
1625 3989 10 11 a
1646 3981 43 19 half
1700 3981 61 19 milo3.
1786 3982 75 20 Saddle

1060 4009 57 19 horse
1135 4016 21 12 or
1166 4008 68 26 buggy
1249 4008 49 20 2*od
1308 4007 54 20 each.

1113 4048 86 27 MRS
1213 4048 38 27 R.
1270 4047 192 32 GRAHAM,
1483 4047 241 34 Proprietress.

84 3396 511 47 SPECIAL
654 3396 303 46 SALE

499 3467 51 27 OF

130 3524 190 45 Cutlery,
346 3523 255 42 Hardware,
628 3524 285 41 Brasswares,

218 3576 149 35 House
385 3576 277 43 Furnishing
678 3576 141 34 Goods

362 3622 54 31 (in
426 3622 97 32 great
536 3622 146 32 variety)

82 3659 155 37 Nickle
264 3659 87 35 and
376 3659 95 34 E.P.
499 3661 165 42 Spoons
701 3659 86 34 and
820 3659 139 35 Forks

381 3704 94 39 E.P.
504 3705 155 36 Cruets

220 3756 88 35 Tea
332 3755 115 41 Pots,
472 3756 155 35 Butter
656 3755 156 35 Dishes

82 3808 102 35 Jam
202 3809 165 44 Spoons
621 3807 156 35 Butter
795 3807 163 35 Knives

339 3859 143 45 Sugar
532 3859 148 45 Tongs

259 3910 79 32 etc.
480 3908 77 36 etc.
703 3907 78 32 etc.

463 3955 72 9 o&c*
558 3955 4 9 -

166 3975 270 41 SPLENDID
486 3974 386 40 ASSORTMENT.

311 4033 622 78 J\TDICKEy,

290 4107 93 43 234,
417 4106 148 45 Queen
600 4111 151 39 Street,

975 311 56 26 HIGH
1049 311 35 26 ST.
1104 310 38 26 and
1160 310 110 26 VICTORIA
1292 310 34 26 ST.
1349 309 64 30 EAST,

999 419 43 19 The
1057 419 63 18 aliovo
1137 417 109 20 Favourite
1260 417 40 19 and
1310 415 91 22 Commod-

975 445 42 18 ious
1049 444 63 19 Hotel
1143 443 75 20 affords
1250 442 166 21 EXCELLENT

975 469 238 21 ACCOMMODATION
1227 469 32 19 for
1274 467 141 24 TOURISTS,

974 496 180 20 TRAVELLERS
1181 497 17 17 &
1225 494 129 21 VISITORS
1371 494 45 19 who

975 523 40 18 will
1024 522 75 19 receive
1109 528 60 18 every
1183 521 91 20 Comfort
1290 522 41 19 aud
1346 520 70 19 Atteu-

1000 646 105 19 Excellcut
1127 647 89 19 Cuisiuo.
1258 646 95 26 Spacious
1378 644 40 19 and

977 680 180 20 Well-Ventilated
1174 682 117 18 Bedrooms.
1332 678 87 20 Billiard

975 715 65 19 Room
1049 715 50 21 with
1110 718 38 17 two
1157 715 104 20 first-class
1275 714 72 19 tables.
1374 712 45 19 Hot

976 815 16 18 &
1002 814 52 19 Cold
1067 814 79 25 Plunge
1156 814 13 18 &
1181 812 83 19 Shower
1273 812 72 19 Baths.

976 840 77 25 Wines,
1083 840 71 25 Spirits
1169 838 40 19 and
1224 838 48 20 Ales
1291 839 22 19 of
1330 838 34 20 the
1374 838 44 19 hest

1126 865 79 19 Brands
1213 864 53 26 only.

1482 593 26 38 If

1507 610 54 23 KiS:

2067 276 34 49 i

2013 318 61 26 &.*

2331 423 80 26 Sample
2430 425 75 19 Rooms
2519 424 32 19 for
2561 417 188 25 COMMERCIAL

2307 459 181 23 TRAVELLERS
2503 461 101 21 available
2623 460 21 18 at
2654 457 29 20 all
2691 456 50 21 time

2333 560 87 28 Charges
2469 564 113 20 Moderate.
2640 560 115 21 SPECLAL

2308 598 88 21 RATES
2411 602 33 19 TO
2468 601 177 22 PERMANENT
2669 599 68 20 BOAR-

2309 636 78 20 DERS.

2433 738 39 38 C.
2508 736 222 45 CAULTON,

2437 859 205 46 Proprietor.

1703 959 18 33 v
1739 1010 5 4 .
1855 957 772 77 SANATORIUM,

1814 1021 123 36 AND

1451 1070 167 73 HOT
1644 1068 350 75 SPRINGS
2074 1071 278 76 HOTEL

977 1172 86 32 Only
1091 1172 43 27 30
1166 1172 99 27 miles
1299 1172 111 27 North
1441 1172 36 27 of
1503 1171 194 32 Auckland,
1729 1171 87 27 with
1844 1171 97 33 daily
1973 1173 293 29 communication
2296 1176 86 28 with
2411 1176 111 28 Coach
2552 1185 40 20 or
2613 1176 132 28 steame

1305 1213 53 20 See
1373 1213 166 20 advertised
1550 1214 84 20 Time
1650 1213 78 20 table
1739 1212 30 20 of
1777 1218 45 14 s.s.
1838 1212 78 21 Rose
1928 1213 97 27 Casey
2036 1214 58 19 and
2111 1214 128 23 Butler's
2251 1218 31 20 R.
2296 1218 37 20 M.
2352 1218 105 21 Coach.

978 1249 101 63 THE
1105 1249 117 24 ABOVE
1237 1249 297 24 ESTABLISHMENT
1544 1249 140 24 STANDS
1698 1248 231 24 UNRIVALLED
1943 1258 26 14 as
1987 1258 13 14 a
2013 1249 90 24 Health
2114 1258 26 15 or
2153 1251 110 31 pleasure
2277 1254 97 27 Resort,
2387 1253 48 24 and
2448 1253 42 24 has
2501 1254 89 31 special
2612 1253 143 31 advantage;

1063 1283 36 22 for
1112 1282 76 24 cither
1213 1282 111 24 Tourists
1340 1291 27 15 or
1381 1282 115 26 Invalids,

1340 1380 173 27 Beautiful
1533 1380 157 33 Scenery,
1711 1381 240 32 Sea-Bathing,
1971 1381 157 33 Boating,
2147 1383 151 37 Fishing,
2312 1384 55 31 &c.

1528 1415 125 26 Ousine
1667 1414 68 26 and
1749 1414 208 28 attendance
1977 1414 36 27 of
2033 1415 58 26 the
2114 1416 84 31 best.

977 1455 93 24 Famed
1081 1455 37 24 for
1131 1455 30 24 its
1173 1456 109 24 curative
1295 1455 94 24 natural
1403 1455 102 25 medical
1520 1456 53 24 Hot
1585 1457 102 32 Springs
1700 1457 49 23 and
1763 1456 82 25 Baths.
1881 1456 37 24 As
1931 1456 41 24 the
1987 1456 101 33 Springs
2100 1458 47 24 and
2162 1458 74 24 Baths
2249 1467 41 16 are
2300 1459 40 24 the
2354 1463 113 28 property
2481 1459 24 24 of
2517 1459 39 25 the
2571 1458 83 29 Hotel,
2669 1458 98 24 visitors

1008 1497 41 16 are
1060 1488 109 33 supplied
1179 1489 57 24 with
1246 1489 104 28 Towels,
1364 1489 47 24 and
1424 1498 43 15 can
1477 1489 56 24 take
1543 1498 30 15 an
1587 1490 126 24 unlimited
1726 1490 103 24 number
1843 1490 24 24 of
1880 1489 74 25 Baths
1967 1494 25 19 at
2004 1498 46 24 any
2062 1491 59 24 time
2134 1492 25 24 of
2169 1491 41 26 the
2222 1492 48 32 day
2285 1493 76 27 FREE
2374 1493 64 24 from
2451 1501 45 24 any
2504 1493 87 33 charge
2603 1492 130 26 whatever.

1402 1530 121 39 PER
1536 1530 143 48 DAY,
1699 1530 52 42 7s
1770 1533 65 45 8s;
1884 1530 121 41 PER
2019 1531 192 50 WEEK,
2232 1534 65 39 <l
2345 1533 79 41 15s
2441 1535 49 39 to
2516 1535 70 39 2
2605 1535 67 39 2a.

1383 1587 159 33 Cottages
1555 1587 34 27 to
1603 1587 48 27 let
1663 1587 47 33 by
1723 1586 58 28 the
1800 1587 105 32 week,
1918 1586 130 34 month,
2064 1594 39 20 or
2122 1588 57 28 the
2198 1595 131 22 season.

975 1638 48 25 For
1041 1645 45 24 any
1099 1635 156 28 information
1268 1636 112 34 required
1394 1636 80 34 please
1488 1636 71 35 apply
1573 1642 24 21 to
1610 1636 146 34 Proprietor.
1947 1652 9 4 -
2108 1637 57 27 Post
2175 1638 48 27 and
2234 1638 141 36 Telegraph
2385 1639 92 27 Offices
2488 1638 124 36 adjoining
2636 1639 41 26 the
2691 1638 76 27 Hotel

1530 1680 60 46 A.
1618 1679 53 40 A.
1700 1680 202 48 SMITH,
2024 1681 278 47 Proprietor.

1885 2911 275 31 WHOLESALE-
2174 2913 183 36 AGENTS,

2178 2953 50 38 L.
2257 2953 52 38 D.
2338 2953 262 42 NATHAN
2625 2956 116 40 &Co.

1908 3083 84 33 CE$K
2369 3081 42 39 SL
2552 3095 65 23 dam
2651 3096 79 41 &#lgj

2573 3191 191 51 TWF

1887 3233 46 26 \J
2028 3233 68 25 jy\
2119 3236 43 25 \j
2189 3238 31 22 X
2227 3234 29 26 X
2279 3235 26 26 X
2329 3239 68 22 XX
2412 3242 46 20 W
2498 3242 52 18 JU
2572 3242 29 17 JL
2628 3243 29 16 JL
2664 3242 32 19 JL.
2708 3243 57 18 Jtmml

2071 3330 532 49 BETWEEN

1999 3442 266 54 Rotorua
2301 3446 118 51 and
2451 3447 212 64 Taupo.

2154 3699 346 28 TKURKNGH

1883 3732 80 39 Smith
1994 3732 47 38 and
2059 3731 114 51 Carriage
2196 3733 104 46 Works,
2330 3733 80 39 Coacli
2437 3734 48 39 and
2515 3734 111 52 Wagon
2660 3735 103 49 Factory

2087 3794 213 21 ESTABLISHED
2316 3794 80 21 OVER
2413 3795 26 20 10
2454 3796 106 21 YEARS.

1901 3840 37 15 The
1946 3841 115 20 undersigned
2070 3847 29 10 are
2106 3841 139 17 manufacturers
2252 3842 19 15 of
2278 3842 22 16 all
2309 3842 63 16 classes
2379 3843 19 15 of
2406 3843 80 17 Vehicles
2495 3844 14 16 &
2517 3843 121 21 Agricultural
2646 3843 116 20 Implements.

1902 3861 36 16 Our
1947 3862 110 16 well-known
2065 3862 98 21 reputation
2172 3868 19 10 as
2198 3862 84 17 Practical
2298 3863 101 17 Mcclmnica
2415 3864 33 16 and
2462 3865 59 16 W.P's
2533 3866 20 15 27
2568 3869 50 16 years
2629 3864 99 20 experience
2746 3865 17 16 in

1879 3882 30 16 the
1913 3883 118 16 Australasian
2039 3883 85 19 Colonies,
2133 3885 65 19 justify
2234 3885 17 14 in
2268 3884 83 20 claiming
2362 3885 39 16 that
2416 3891 25 10 wo
2459 3891 31 11 can
2504 3886 68 16 furnish
2588 3891 10 10 a
2613 3886 56 15 better
2684 3885 44 16 class
2747 3887 17 15 of

1881 3904 75 16 vehicles
1963 3904 94 16 consistent
2066 3905 41 15 with
2116 3905 61 16 honest
2186 3906 46 15 work
2241 3907 18 14 at
2267 3911 10 10 a
2285 3905 75 21 cheaper
2371 3908 37 15 rate
2417 3907 41 15 than
2467 3913 35 14 any
2510 3908 18 15 of
2536 3912 32 10 our
2576 3906 116 21 competitors.

1900 3925 37 16 The
1944 3925 61 16 Public
2013 3925 35 16 will
2059 3926 36 15 find
2104 3926 14 16 it
2128 3928 18 14 to
2160 3926 45 16 their
2220 3927 98 19 advantage
2334 3929 17 13 to
2367 3927 149 17 ENCOURAGE
2535 3927 78 17 .LOCAL
2633 3927 129 22 INDUSTRY,

1879 3946 56 16 where
1943 3946 41 21 they
2000 3951 31 11 can
2039 3947 44 15 have
2090 3947 28 16 the
2124 3948 79 19 pleasure
2210 3948 19 15 cf
2236 3948 59 20 seeing
2309 3948 91 17 first-class
2416 3949 78 16 material
2507 3949 34 16 aii'l
2556 3948 127 22 workmanship
2699 3951 33 19 put
2746 3951 17 16 in

1900 3968 24 16 ole
1928 3972 12 15 il
1948 3968 49 16 made
2005 3969 17 14 to
2030 3968 44 15 their
2079 3968 63 16 valued
2149 3968 64 16 orders.

1899 3989 46 18 N,B.
1947 3989 100 17 Vehicles
2055 3989 18 16 of
2079 3989 23 16 all
2110 3989 113 21 descriptions
2232 3989 84 22 repaired,
2326 3991 78 21 painted,
2414 3991 94 17 renovated
2517 3991 33 15 and
2560 3990 48 17 made
2624 3992 17 15 to
2656 3991 40 17 look
2713 3993 50 21 equal

1878 4011 17 14 to
1904 4015 44 11 new.

1878 4057 201 28 WILLIAM
2098 4058 183 32 PARKER,
2304 4059 255 31 Coachbuilder.

2230 4096 139 26 JAMES
2388 4097 133 32 HAUA,
2542 4097 219 30 Blacksmith

2149 4129 148 18 DEYONPORT
2307 4128 74 20 ROAD,
2396 4129 127 18 TAURAGA-
