2550 4010
1193 33 99 33 THE

47 101 457 135 NEW
613 91 866 135 ZEALAND
1589 91 858 135 GAZETTE

1202 254 99 33 AND

38 287 1087 175 BRITANNIA
1246 287 1208 175 SPECTATOR.

2306 520 99 40 [Vol.
2427 520 27 31 I.

517 526 131 33 PORT
671 526 284 36 NICHOLSON,
978 523 261 34 SATURDAY
1260 521 237 38 MORNING,
1519 521 287 32 SEPTEMBER
1830 523 50 34 19,
1905 523 88 28 1840.

46 539 62 31 No.
131 535 66 39 24.]

93 630 82 22 HEW
194 626 170 23 ZEALAND
382 622 185 23 COMPANY.

38 684 93 28 Capital,
146 682 119 27 £100,000,
280 681 24 20 in
312 680 55 20 4000
376 677 81 22 Shares
467 676 26 21 of
503 675 47 22 £25
560 673 62 27 each,

263 707 30 21 all
303 705 50 28 paid
363 712 36 19 up.
406 705 3 3 '

120 764 130 21 Governor:
265 759 122 23 TlujJEarl
397 764 28 14 of
435 756 113 22 Durham.

84 798 90 26 Deputy
184 786 135 31 Governor:'
328 792 86 21 Joseph
429 790 81 25 Somes,
527 788 53 27 Esq.

271 825 112 23 Directors
392 830 5 14 :

94 855 59 23 Lord
165 855 72 24 Petre,

96 884 59 21 Hon.
167 883 93 20 Francis
268 879 91 26 Baring,
370 877 69 26 M.P.,

93 910 60 21 John
166 908 102 22 Eltorker
277 905 108 25 Boulcott,
401 903 60 27 Esq.,

93 937 60 21 John
166 935 99 22 William
277 931 89 26 Buckle,
377 931 60 26 Esq.,

95 963 87 22 Russell
194 961 76 26 EUice,
282 960 58 26 Esq.,

93 991 78 21 James
181 987 82 24 Brodie
274 985 97 26 Gordon,
385 985 59 26 Esq.,

93 1017 99 22 Thomas
202 1015 66 21 Alers
279 1012 102 25 Hankey,
393 1011 61 26 Esq.,

94 1043 99 22 William
207 1041 57 21 Hutt
282 1039 58 26 Esq.,
353 1037 68 26 M.P.,

94 1071 95 22 Stewart
198 1065 161 30 Majoribanks,
371 1064 61 27 Esq.,
633 1065 6 12 '

94 1098 36 21 Sir
139 1096 98 21 William
250 1091 147 26 Molesworth,
411 1091 67 26 Bart.,
489 1090 69 25 M.P.,

96 1123 130 23 Alexander
235 1120 78 26 Nairn,
326 1119 59 26 Esq.,

94 1151 61 22 John
167 1149 65 26 Pirie,
244 1147 60 27 Esq.,
316 1145 130 26 Alderman,

94 1178 36 21 Sir
140 1178 88 25 George
239 1173 99 26 Sinclair,
350 1172 69 25 Bart.,
431 1172 69 25 M.P.,

94 1204 62 22 John
168 1203 58 22 Abel
236 1200 78 23 Smith.
327 1200 59 27 Esq.,
399 1198 68 26 M.P.,

95 1232 58 21 Wm.
164 1230 139 25 Thompson,
313 1227 60 26 Esq.,
385 1225 130 25 Alderman,
527 1224 69 26 M.P.,

95 1259 36 21 Sir
142 1257 79 26 Henry
232 1255 78 26 Webb,
320 1254 68 25 Bart.,
425 1261 2 3 ■

96 1284 85 23 Arthur
192 1282 80 26 Willis,
284 1281 58 26 Esq.,

96 1313 89 25 George
197 1307 116 24 Frederick
325 1307 87 26 Young,
424 1305 52 27 Esq.

153 1345 119 25 Secretary
279 1350 7 13 \
300 1342 60 21 John
373 1340 81 26 Ward,
467 1338 52 27 Esq.

46 1406 87 52 THE
142 1404 62 23 main
214 1403 96 22 features
317 1401 26 21 of
349 1401 37 21 the
394 1404 82 23 system
486 1399 25 21 of
518 1398 110 24 coloniza-

117 1434 47 21 tion
175 1429 97 29 adopted
282 1429 28 26 by
320 1428 37 21 the
370 1428 122 26 Company,
509 1433 67 18 are,—
577 1425 50 26 -Ist,

44 1464 35 21 the
90 1460 45 22 sale
145 1458 26 22 of
181 1457 72 26 lands,
268 1460 24 17 at
305 1462 27 15 an
347 1453 99 23 uniform
460 1452 45 22 and
519 1452 110 22 sufficient

46 1490 68 25 price;
133 1486 43 21 and
192 1484 76 26 2ndly,
282 1482 38 26 ,the
336 1481 153 28 employment
503 1479 26 21 of
542 1486 13 14 a
569 1479 59 26 large

44 1515 85 27 portion
139 1513 26 22 of
172 1512 37 21 the
219 1509 208 29 purchase-money,
439 1514 22 14 as
473 1514 27 14 an
512 1506 117 27 Immigra-

44 1545 44 20 tion
101 1540 70 23 Fund.
202 1538 27 21 In
241 1537 62 21 these
312 1538 103 24 respects,
432 1534 37 21 the
478 1533 119 28 principles
607 1534 23 20 of

44 1568 68 24 South
127 1565 113 24 Australia
254 1563 57 21 have
326 1563 57 20 been
397 1561 104 21 followed
515 1567 23 14 as
553 1559 76 27 nearly

44 1605 22 14 as
85 1596 173 21 circumstances
275 1589 76 26 would,
373 1589 22 21 in
412 1588 37 21 the
467 1590 89 25 present
573 1593 55 20 case,

45 1632 26 20 ?e
69 1650 48 22 'fhe
132 1646 72 28 grand
220 1645 74 26 object
308 1643 25 21 of
347 1642 38 22 the
400 1648 56 19 new,
472 1648 24 14 or
507 1639 121 28 improved,

44 1681 83 21 system
138 1674 24 21 of
174 1673 38 22 the
222 1670 95 28 disposal
333 1669 26 22 of
374 1668 97 22 colonial
484 1667 72 26 lands,
574 1667 18 21 is
608 1671 22 17 to

44 1702 98 24 re«iilate
158 1700 37 21 the
210 1698 81 28 supply
306 1697 25 22 of
347 1703 48 15 new
411 1694 60 25 land,
488 1694 29 26 by
533 1694 38 21 the
585 1693 45 22 real

46 1733 67 19 wants
126 1728 26 21 of
166 1727 38 21 the
220 1725 115 26 Colonists,
352 1730 23 14 so
391 1722 49 22 that
454 1721 37 21 the
507 1721 53 21 land
576 1721 55 21 shall

46 1763 66 17 never
130 1756 27 20 be
176 1753 72 22 either
266 1749 188 29 superabundant,
475 1755 25 14 or
519 1747 110 26 deficient,

43 1785 72 21 either
131 1785 36 18 too
184 1780 77 25 cheap,
280 1785 25 14 or
322 1781 37 17 too
376 1777 61 22 dear.
477 1775 21 21 It
515 1774 41 22 has
575 1774 55 22 been

44 1812 76 21 shown
131 1809 47 20 that
188 1807 38 22 the
236 1806 44 21 due
293 1804 128 28 proportion
435 1803 102 21 between
553 1802 78 26 people

44 1838 45 22 and
95 1835 55 23 land
156 1841 53 20 may
214 1834 28 21 be
251 1831 124 26 constantly
382 1829 93 23 secured
481 1829 29 26 by
517 1829 115 21 abandon-

44 1866 38 25 ing
93 1864 36 21 the
140 1862 37 21 old
188 1863 84 25 system
283 1858 25 21 of
319 1864 95 19 grants,
425 1855 46 23 and
479 1855 115 27 requiring
604 1862 26 14 an

46 1891 95 23 uniform
152 1888 61 28 price
223 1893 40 21 per
273 1892 55 19 acre,
345 1884 32 21 for
387 1883 29 21 all
427 1890 48 14 new
485 1881 72 26 lands,
569 1881 63 21 with-

46 1923 38 17 out
94 1916 126 26 exception.
250 1912 25 22 If
286 1912 35 21 the
331 1911 60 27 price
402 1911 28 20 be
445 1912 40 18 not
498 1912 38 17 too
550 1909 49 24 low,
614 1908 18 21 it

45 1946 74 21 deters
128 1941 136 28 speculators
274 1939 56 20 from
345 1937 116 26 obtaining
475 1935 61 26 land,
552 1935 52 21 with
620 1943 12 13 a

46 1973 54 21 view
111 1973 23 18 to
143 1968 90 25 leaving
243 1966 58 20 their
309 1968 104 27 property
423 1964 21 20 in
456 1970 13 13 a
480 1962 74 21 desert
567 1965 63 22 state,

45 1997 45 20 and
104 1996 51 19 tlms
169 1996 105 24 prevents
284 1990 106 26 injurious
400 1989 122 26 dispersion
530 1994 5 18 ;
551 1991 18 15 it
579 1987 51 25 also,

46 2023 28 24 by
86 2020 135 26 compelling
228 2024 68 19 every
303 2016 101 20 labourer
413 2018 21 16 to
442 2013 61 21 work
510 2013 35 20 for
553 2019 77 19 wages,

46 2047 56 24 until
112 2046 29 21 he
150 2046 42 20 has
201 2043 69 22 saved
284 2042 35 20 the
330 2041 53 26 only
393 2047 79 14 means
481 2039 26 21 of
518 2039 116 24 obtaining

46 2074 60 25 land,
117 2073 87 21 insures
219 2078 13 13 a
247 2068 79 27 supply
340 2067 26 21 of
376 2067 79 21 labour
469 2066 35 20 for
518 2065 55 21 hire.
604 2064 26 27 If,

47 2110 28 14 on
86 2100 38 21 the
134 2098 65 22 other
207 2095 69 26 hand,
293 2095 35 21 the
338 2093 59 27 price
407 2093 28 21 be
446 2095 40 18 not
494 2095 37 18 too
541 2092 60 26 high,
616 2094 18 17 it

48 2127 86 24 neither
143 2125 100 22 confines
253 2122 38 21 the
302 2120 85 22 settlers
402 2119 75 21 within
493 2125 13 14 a
520 2125 65 20 space
601 2118 33 21 in-

47 2151 160 27 conveniently
223 2156 92 19 narrow,
333 2154 40 14 nor
388 2146 54 21 does
456 2146 18 20 it
489 2147 94 25 prevent
597 2145 37 20 the

47 2180 79 27 thrifty
139 2179 105 21 labourer
258 2175 56 21 from
329 2173 119 26 becoming
461 2180 14 13 a
486 2171 146 26 land-owner,

49 2209 56 22 after
115 2205 101 26 working
226 2210 61 14 some
299 2201 51 21 time
360 2201 34 20 for
404 2206 79 20 wages.
588 2224 4 5 <

78 2235 19 22 A
105 2248 3 3 ■
115 2231 118 25 sufficient,
251 2229 42 21 but
310 2231 38 18 not
367 2233 61 15 more
449 2226 52 21 than
522 2226 112 21 sufficient

49 2263 57 24 price
120 2261 33 20 for
166 2258 29 22 all
209 2263 51 15 new
274 2255 59 26 land,
349 2255 19 20 is
383 2253 38 21 the
436 2253 60 21 main
512 2252 85 21 feature
613 2250 25 21 of

49 2290 37 21 the
104 2293 49 16 new
169 2288 83 23 system
268 2283 26 21 of
310 2280 155 23 colonization.
499 2279 21 21 It
536 2278 99 21 obviates

48 2322 67 18 every
127 2313 85 27 species
226 2310 27 22 of
266 2308 100 26 bondage
373 2315 5 17 ;
397 2307 31 26 by
443 2306 118 27 providing
577 2311 58 15 com-

49 2340 87 25 binable
146 2339 85 24 labour,
243 2337 18 21 it
270 2335 89 22 renders
369 2333 102 27 industry
478 2340 53 20 very
541 2332 94 27 produc-

49 2371 44 20 tive
112 2367 44 22 and
165 2363 122 24 maintains
296 2361 52 22 both
359 2360 54 27 high
428 2367 79 20 wages,
524 2360 45 20 and
583 2360 52 25 high

49 2395 87 25 profits;
159 2393 17 21 it
193 2391 77 22 makes
289 2389 36 21 the
343 2388 82 26 colony
440 2394 23 14 as
480 2388 116 19 attractive
613 2391 23 15 as

50 2421 93 26 possible
166 2418 56 23 both
237 2422 23 17 to
276 2415 119 28 capitalists
411 2414 45 21 and
472 2417 21 17 to
507 2413 128 25 labourers;

49 2449 45 23 and
103 2452 41 17 not
152 2445 85 27 merely
248 2447 22 18 to
280 2443 67 26 these,
362 2442 40 21 but
412 2441 52 26 also,
475 2440 30 27 by
514 2438 124 26 bestowing

49 2485 28 14 on
94 2475 37 21 the
143 2474 87 25 colony,
247 2471 38 21 the
296 2470 71 21 better
381 2467 117 22 attributes
514 2466 34 21 of-
556 2473 29 14 an
601 2466 37 20 old

49 2503 90 25 society,
151 2504 22 18 to
181 2499 63 22 those
253 2497 50 22 who
310 2497 56 21 have
374 2503 13 13 a
393 2495 91 21 distaste
492 2493 34 21 for
533 2493 60 21 what
598 2493 40 20 has

49 2528 124 25 heretofore
182 2527 59 20 been
252 2525 38 21 the
305 2523 109 28 primitive
425 2521 114 22 condition
551 2520 26 21 of
588 2526 49 15 new

51 2556 104 23 colonies.
399 2575 4 6 ,
610 2572 6 4 .

75 2583 48 23 The
133 2584 64 24 great
206 2579 74 27 object
291 2577 22 21 of
325 2577 37 21 the
372 2583 60 20 price
442 2582 18 14 is
474 2578 21 18 to
510 2581 77 15 secure
601 2577 38 17 the

50 2614 57 19 most
117 2607 108 24 desirable
235 2604 139 29 proportions
384 2603 100 21 between
499 2600 81 28 people
594 2600 45 21 and

51 2637 52 23 land
110 2645 5 17 ;
131 2636 40 21 but
181 2634 38 21 the
229 2633 53 27 plan
293 2632 38 20 has
341 2630 37 22 the
387 2629 86 21 further
479 2628 71 22 result
557 2628 26 20 of
590 2634 50 20 pro-

51 2664 82 26 ducing
144 2670 13 13 a
166 2667 107 18 revenue,
290 2657 70 23 which
376 2656 45 22 will
435 2659 41 19 not
491 2655 54 27 only
560 2654 79 27 supply

51 2692 36 21 the
100 2689 106 28 requisite
220 2687 67 28 profit
302 2689 20 17 to
338 2684 37 22 the
390 2682 155 22 shareholders
560 2681 26 21 of
602 2681 37 21 the

51 2720 122 24 Company,
198 2715 41 20 but
263 2711 109 23 furnishes
395 2710 38 22 the
456 2716 78 15 means
553 2709 34 21 for
610 2715 28 14 an

54 2743 160 27 Immigration'
219 2739 103 27 Fund,
324 2746 13 14 —a
344 2737 56 22 fund
408 2735 126 28 constantly
543 2735 98 27 applica-

52 2772 35 22 ble
104 2774 22 18 to
143 2770 36 21 the
197 2774 96 21 purpose
309 2765 25 22 of
346 2764 107 27 bringing
466 2763 80 21 labour
562 2766 23 17 to
602 2762 37 21 the

52 2798 80 26 colony
133 2808 31 5 —
165 2796 50 21 that
228 2795 25 26 is,
271 2793 24 22 in
312 2791 91 26 causing
420 2791 37 21 the
474 2790 50 21 best
542 2796 56 14 sort
617 2789 24 20 of

52 2823 150 25 colonization
213 2825 21 17 to
244 2819 95 28 proceed
349 2821 22 19 at
383 2818 37 21 the
433 2819 98 24 greatest
543 2815 96 27 possible

52 2857 53 18 rate.
134 2849 56 23 And
197 2848 44 22 this
247 2855 20 14 is
275 2847 36 21 the
318 2844 83 23 second
410 2844 85 22 feature
507 2842 25 22 of
543 2842 39 21 the
592 2848 49 15 new

52 2888 20 20 SJ
78 2905 48 22 The
137 2902 154 28 employment
301 2899 25 21 of
340 2898 37 21 tlie
391 2896 210 29 purchase-money,
616 2901 25 14 or

53 2933 36 22 the
99 2928 110 30 principal
219 2930 51 25 part
279 2926 26 22 of
313 2926 24 25 it,
348 2925 23 21 in
382 2923 126 27 conveying
517 2922 87 21 settlers
618 2924 23 18 to

54 2960 35 21 the
100 2958 88 26 colony,
200 2955 40 22 has
251 2953 38 22 the
298 2951 113 27 following
421 2951 82 21 effects.
533 2950 22 20 It
565 2950 76 19 makes

54 2987 36 21 the
104 2984 133 27 purchasers
253 2981 26 21 of
294 2979 53 22 land
361 2986 36 14 see
412 2977 92 28 plainly,
520 2977 49 19 that
585 2977 56 19 then-

55 3020 81 16 money
145 3010 45 22 will
200 3010 27 21 be
237 3006 106 23 returned
352 3006 22 21 in
390 3005 37 21 the
441 3004 68 27 shape
523 3003 26 20 of
562 3003 79 20 labour

54 3040 45 22 and
106 3036 139 30 population.
276 3035 22 21 It
307 3033 69 26 tends,
392 3032 23 21 in
427 3031 50 27 fact,
494 3033 23 18 to
526 3029 68 21 lower
604 3028 37 22 the

55 3072 116 19 necessary
190 3061 108 24 standard
315 3061 25 21 of
355 3059 69 28 price,
439 3059 102 24 because,
560 3058 53 19 with
628 3062 13 14 a

55 3096 103 20 constant
166 3090 73 23 influx
249 3089 26 21 of
286 3087 77 24 people
373 3090 22 18 to
406 3085 38 21 the
454 3085 88 25 colony,
552 3083 37 21 the
600 3083 41 27 due;

54 3123 127 23 proportion
190 3122 99 16 Between
298 3119 75 22 people
381 3112 46 22 and
433 3111 54 22 land
494 3118 53 19 may
554 3111 27 20 be
590 3111 51 25 kept

56 3155 28 17 up
93 3146 31 25 by
134 3152 12 14 a
154 3144 70 22 lower
232 3142 68 27 price,
312 3141 54 21 than
375 3139 20 22 if
408 3139 62 21 there
480 3144 57 15 were
547 3144 30 14 no
587 3137 54 20 such

56 3172 148 24 immigration
211 3186 5 5 .
237 3171 22 20 It
269 3167 109 23 therefore
385 3165 129 22 diminishes
522 3163 37 22 the
566 3162 75 29 period

56 3199 80 27 during
145 3197 73 22 which
228 3196 38 21 the
275 3195 103 22 labourer
390 3196 61 18 must
462 3191 61 22 work
538 3191 35 21 for
587 3189 54 27 hire,

57 3226 42 23 and
108 3226 31 26 by
148 3225 38 22 the
200 3223 65 27 rapid
279 3227 100 21 progress
393 3219 74 21 which
480 3219 19 21 it
513 3218 93 27 imparts
620 3220 21 18 to

57 3254 36 21 the
101 3253 50 21 best
160 3255 47 18 sort
216 3250 26 22 of
253 3246 155 26 colonization,
424 3245 18 22 it
456 3245 101 27 explains
574 3247 22 18 to
606 3245 35 19 the

58 3279 114 26 labouring
181 3278 58 22 class
249 3276 26 21 of
281 3274 146 26 immigrants,
439 3271 48 22 that
496 3278 66 19 every
571 3277 42 15 one
621 3271 20 21 of

58 3307 60 22 them
131 3306 48 21 who
196 3305 20 21 is
230 3301 137 24 industrious
383 3299 45 21 and
446 3298 83 27 thrifty,
548 3304 52 19 may
615 3297 26 21 be

57 3341 48 15 sure
116 3336 22 18 to
147 3333 93 21 become
253 3332 42 19 not
308 3326 84 27 merely
407 3332 28 14 an
453 3332 74 14 owner
541 3325 27 20 of
583 3325 58 24 land,

58 3361 39 21 but
113 3360 46 21 also
174 3359 25 22 in
218 3357 35 22 his
273 3360 58 21 turn,
352 3360 29 15 an
402 3351 115 28 employer
535 3351 26 21 of
581 3351 60 21 lured

58 3387 119 25 labourers,
189 3393 14 14 a
211 3387 84 19 master
305 3382 24 21 of
339 3383 109 19 servants.

86 3413 65 22 From
161 3412 63 22 these
233 3407 183 26 considerations,
431 3406 37 20 the
479 3406 116 24 Company
606 3406 35 18 lias

59 3440 95 27 adopted
173 3439 38 21 the
228 3445 62 14 same
306 3437 81 26 system
405 3432 26 22 of
447 3431 114 26 disposing
576 3430 26 20 of
616 3433 25 18 its

60 3471 65 18 waste
137 3466 72 26 lands,
225 3472 25 14 as
265 3464 41 21 has
319 3460 91 27 already
424 3457 84 29 proved
522 3457 79 26 highly
612 3457 29 20 fa-

59 3493 105 22 vourable
178 3496 23 18 to
216 3492 37 21 the
268 3487 182 31 productiveness
463 3485 27 21 of
505 3485 103 23 industry
622 3490 19 14 m

59 3520 70 22 South
139 3518 122 23 Australia.
291 3517 25 20 In
327 3522 13 14 a
350 3521 49 15 new
412 3511 87 26 colony,
515 3511 93 26 planted
622 3516 19 14 in

59 3555 13 14 a
80 3546 72 22 fertile
163 3546 46 21 and
224 3543 113 23 extensive
352 3540 111 25 territory,
479 3541 19 17 it
512 3544 19 14 is
546 3538 95 24 obvious,

60 3574 46 21 that
126 3573 37 22 the
179 3570 169 24 establishment
363 3567 25 22 of
404 3565 56 22 such
475 3572 13 13 a
502 3566 84 25 system
601 3569 19 14 is
634 3569 7 14 a

61 3604 78 19 matter
156 3600 25 21 of
200 3598 37 21 the
254 3597 90 27 deepest
362 3595 100 21 moment
479 3595 22 17 to
519 3591 38 20 the
574 3591 67 19 future

61 3626 85 22 welfare
159 3626 26 21 of
199 3624 92 27 society.
341 3622 66 22 From
423 3619 17 21 it
455 3618 38 21 the
507 3617 51 21 best
573 3617 68 20 effects

61 3661 49 18 may
120 3652 53 22 with
183 3650 130 23 confidence
321 3650 29 21 be
360 3645 148 28 anticipated:
524 3650 14 14 a
545 3645 96 19 constant

61 3680 42 21 and
112 3679 90 27 regular
211 3677 81 27 supply
302 3676 25 21 of
336 3682 51 15 new
395 3673 56 22 land
460 3672 23 21 in
498 3671 44 21 due
556 3675 85 21 propor-

56 3707 46 21 tion
113 3710 23 17 to
145 3705 38 22 the
204 3707 71 18 wants
284 3703 26 22 of
319 3710 13 14 a
340 3700 131 29 population
484 3702 125 20 increasing
622 3698 19 23 by

58 3732 69 23 births
138 3732 45 21 and
197 3729 150 28 immigration
353 3736 6 18 ;
377 3727 32 23 all
423 3726 37 22 the
475 3725 136 24 advantages
626 3725 15 18 tc

59 3759 72 22 which
140 3758 103 22 facilities
253 3757 26 21 of
290 3758 110 25 transport
407 3753 45 21 and
460 3751 181 23 communication

59 3793 37 15 are
106 3784 105 23 essential
218 3792 5 19 ;
240 3783 109 26 certainty
364 3781 25 21 of
399 3780 76 25 limits,
492 3777 46 23 and
552 3779 89 22 security

60 3812 25 23 of
96 3812 48 21 title
154 3816 22 17 to
187 3813 106 25 property
303 3810 20 21 in
338 3807 66 26 land;
420 3806 37 22 the
468 3806 98 26 greatest
579 3805 62 19 facili-

59 3840 41 21 ties
110 3845 29 14 on
148 3837 118 29 acquiring
276 3836 36 22 the
323 3835 43 22 due
376 3835 115 26 quantity;
506 3833 38 19 the
554 3833 87 23 greatest

59 3868 191 24 encouragement
263 3866 23 19 to
294 3860 150 27 immigration
455 3859 45 21 and
510 3859 131 23 settlement;

61 3891 44 23 and
119 3891 38 22 the
172 3894 60 19 most
244 3889 64 28 rapid
321 3894 104 22 progress
439 3885 24 22 of
480 3884 37 22 the
531 3885 79 25 people
625 3889 16 14 in

61 3918 101 23 material
170 3917 98 22 comfort
275 3915 45 23 and
329 3913 68 23 social
405 3912 173 27 improvement.

89 3944 54 21 Port
151 3944 132 24 Nicholson,
300 3941 59 27 April
371 3941 31 22 14.
416 3940 59 20 IS4O.

692 621 114 21 UNION
820 622 101 20 BANK
935 620 42 21 OF
992 619 218 22 AUSTRALIA.

656 655 95 22 London
770 655 92 26 Office,
879 654 43 22 No.
937 655 36 24 33,
990 653 51 21 Old
1057 652 184 22 Broad-street.

712 707 92 28 Capital,
816 707 120 27 £500,000;
957 706 52 28 paid
1018 713 36 20 up,
1070 705 117 26 £300,000.

888 761 61 21 Dire(
957 764 44 17 tors
1006 768 6 13 :

713 788 146 27 George.Fife
870 787 84 26 Angas,
969 787 57 27 lisq.,

713 815 85 22 Robert
807 812 92 28 Brooks,
911 814 43 26 Esq
965 830 6 10 ,

713 842 76 21 James
799 841 61 24 Jphn
871 841 79 21 Cumin
951 848 4 7 1
961 846 31 20 us,
1004 839 59 27 Esq..

713 869 85 21 Robert
807 867 122 27 Gardener,
940 867 10 21 f
950 874 4 8 1
960 874 41 19 sq.,
1012 864 149 27 Manchester,

650 914 6 8 ,
714 896 60 21 John
785 895 68 26 Core,
865 895 59 26 Esq.,
936 898 4 3 '

714 922 90 22 Charles
815 921 107 26 Hindley,
933 920 19 22 E
964 922 28 27 qJ,
1004 919 68 26 M.P.,

714 949 117 27 Benjamin
844 949 26 20 E.
881 947 78 22 Lindo.
970 947 57 26 Esq.,

714 975 90 22 Charles
816 974 94 22 Edward
919 972 108 26 Mangles,
1040 972 59 26 Esq.,

714 1001 142 27 Christopher
868 1001 100 24 Rawson,
980 999 60 27 Esq.,
1051 997 99 26 Halifax,

667 1030 28 23 s'
714 1029 97 22 Thomas
821 1027 78 26 Sands,
911 1027 43 26 Esq
965 1024 140 28 .Liverpool,

650 1061 4 14 «
714 1056 76 21 James
801 1054 69 27 Bogle
881 1053 77 21 Smith.
972 1052 56 27 Esq.,

715 1083 76 21 James
802 1080 96 22 Ruddell
907 1079 70 25 Tod.l,
988 1079 53 27 Esq.

660 1116 116 22 Trustees:
802 1115 96 22 George
916 1114 63 21 Caisii
1004 1112 73 26 Glyn,
1102 1111 58 27 Esq.,
1183 1109 62 22 John

698 1144 72 26 Gore,
782 1142 59 27 Esq.,
858 1140 45 23 and
912 1140 75 21 Javks
997 1138 22 22 J.
1032 1140 114 24 Cummins,
1157 1137 52 27 Esq.

660 1177 114 22 Bankers:
799 1176 91 21 Messrs.
914 1174 34 22 Gl
967 1180 21 19 n,
1013 1173 128 24 Hallifax,
1162 1170 84 26 Mills,

649 1211 2 11 :
906 1201 44 21 and
968 1201 34 21 Zo.

743 1238 116 26 Secretary
868 1244 5 13 :
890 1236 60 21 Sami
961 1243 21 13 sl
993 1234 109 25 Jackson,
1114 1232 50 27 Esq.

698 1271 100 22 Colonial
809 1271 128 27 Inspector:
953 1270 22 20 J.
985 1268 24 22 C.
1022 1267 121 25 M'Laren,
1158 1265 51 27 Esq.

649 1321 2 27 |
783 1325 70 20 New
871 1323 120 21 Z3aland
1010 1320 115 22 Branch,
1162 1328 12 12 a
1192 1335 5 4 .

662 1359 68 23 Local
741 1359 126 21 Directors:
884 1357 56 21 Geo.
952 1356 22 21 S.
985 1356 82 24 Evans,
1082 1354 60 26 Esq.,
1155 1352 93 26 D.C.L.,

727 1387 60 21 Edw.
799 1385 73 21 Betts
883 1384 101 25 Hopveu,
997 1382 59 27 Esq.,
1070 1380 45 23 and
1127 1380 56 21 Geo.

872 1411 106 25 Huntp.li,
990 1409 53 27 Esq.

663 1448 122 26 Manager:
802 1446 63 21 John
876 1444 81 24 Smith,
971 1443 57 26 Esq.,
1045 1441 43 21 late
1099 1440 26 21 of
1136 1439 37 22 the
1183 1440 66 21 Com-

712 1472 91 24 mercial
814 1471 63 22 Bank
889 1471 25 20 of
926 1469 109 28 England,
1048 1467 150 23 Manchester.

773 1505 113 23 Branches
896 1508 23 18 at
934 1503 96 28 Sydney,

937 1530 86 22 llobart
1032 1529 75 26 Town,

938 1557 7 21 1
957 1559 127 23 aunceston,
1096 1554 44 23 and

937 1585 9 21 1
955 1587 33 18 ort
1000 1583 77 27 Philip.

664 1624 53 21 Port
727 1622 129 26 Nicholson,
869 1618 78 24 March
957 1619 33 26 21,
1003 1618 60 21 IS4O.

665 1677 90 27 npHE
773 1676 114 21 Directors
903 1672 25 22 of
945 1672 37 21 ihe
999 1671 55 21 New
1070 1668 100 23 Zealand
1185 1667 65 22 Land

672 1694 29 32 X
740 1705 115 25 Company
870 1700 78 26 herebj
969 1698 51 27 give
1037 1697 80 25 notice,
1135 1695 47 22 that
1199 1695 51 26 they

664 1732 57 20 have
729 1737 112 15 EFFECTED
853 1735 26 15 AN
893 1732 169 17 ARRANGEMENT
1070 1723 52 21 With
1131 1723 35 20 the
1176 1723 73 19 UIUOH

664 1758 64 21 Bank
743 1758 25 21 of
785 1754 120 26 Australia,
922 1753 94 25 N.>.38,
1032 1751 43 21 Old
1092 1749 158 24 Broad-street,

651 1789 5 14 '.
665 1785 101 25 London,
777 1784 35 21 for
822 1782 36 21 the
872 1779 168 23 establishment
1052 1777 25 22 of
1091 1784 14 14 a
1122 1777 129 20 BRANCH

665 1811 88 22 BANK
768 1810 33 22 IN
817 1808 72 23 NEW
903 1805 157 26 ZEALAND,
1073 1802 95 27 through
1181 1801 71 21 which

665 1838 36 22 the
711 1838 102 26 business
826 1836 26 21 of
865 1835 36 21 the
920 1834 55 21 New
992 1830 99 23 Zealand
1105 1829 64 22 Lnnd
1186 1829 67 21 Com-

665 1872 59 20 pany
734 1864 43 22 will
786 1864 28 21 be
825 1860 132 24 transacted.
985 1859 49 20 The
1049 1858 113 21 Directors
1179 1857 73 19 there-

665 1887 52 25 fore'
721 1889 145 23 recommend
874 1893 23 17 to
914 1886 109 23 Colonists
1041 1884 35 22 the
1095 1883 74 21 Union
1187 1883 64 19 Bmk

664 1919 26 21 of
709 1917 114 22 Australia
840 1923 24 14 as
882 1922 28 14 an
937 1911 168 24 establishment
1127 1915 126 21 possessing

665 1945 57 21 their
739 1944 69 21 entire
832 1942 135 21 confidence,
987 1938 46 21 and
1052 1937 48 21 able
1120 1940 22 17 t<>
1160 1935 93 27 provide

665 1970 125 24 effectually
806 1970 42 19 for-
856 1968 39 19 the
905 1965 108 21 financial
1028 1968 69 16 wants
1114 1963 25 19 of
1151 1963 36 19 the
1205 1963 48 18 hr»t

664 1996 134 21 settlement.

833 2019 34 27 By
878 2017 65 22 order
952 2016 26 21 of
988 2015 37 21 the
1037 2014 78 24 Board,

910 2048 83 23 JOHN
1009 2046 103 26 WARD,
1129 2045 122 29 Secretary.

666 2088 55 22 New
732 2086 99 23 Zealand
841 2084 64 22 Land
915 2081 134 28 Company's
1058 2079 78 26 Office,

694 2116 18 24 1,
724 2114 158 23 Adam-street,
896 2109 102 27 Adi'lphi,
1009 2107 52 23 27th
1071 2107 67 25 Aug.,
1150 2107 60 19 1839.

729 2166 128 23 PUBLIC
880 2164 91 21 BALL
994 2162 74 21 AND
1091 2160 98 21 FETE.

889 2197 140 16 COMMITTEE.

814 2220 35 17 Mr.
860 2220 17 16 J.
889 2217 99 19 DORSKT,

814 2241 58 20 Major
882 2240 23 15 D.
916 2240 17 15 S.
946 2237 82 19 DURIE,

814 2262 35 17 Mr.
860 2260 76 17 JAMES
948 2259 74 16 WATT.

814 2283 36 16 Mr.
861 2280 97 18 GEORGB
970 2279 85 18 DUPPA,

815 2304 35 16 Mr.
861 2303 19 16 F.
893 2302 19 16 A.
925 2298 174 19 MOLESWORTH,

815 2325 36 15 Mr.
861 2321 97 19 ROBERT
970 2321 22 16 It.
1004 2320 102 18 STRANG,

815 2346 36 15 Mr.
862 2342 98 18 GEORGE
971 2341 87 19 WHITE,

816 2367 35 16 Mr.
863 2365 21 16 It.
897 2362 119 18 BARRETT.

816 2387 32 16 Dr.
858 2383 131 20 JOHNSTON,
1002 2382 54 19 M.D.,

816 2408 57 19 Major
885 2405 89 17 BAKER.

816 2429 35 16 Mr.
861 2427 65 17 JOHN
938 2424 76 19 WADE,

816 2450 35 16 Mr.
862 2447 107 17 DODERY,

816 2470 75 20 Captain
902 2466 130 19 CHAFFERS,

816 2492 35 16 Mr.
861 2489 64 18 JOHN
937 2486 137 18 THOMPSON.

745 2521 35 17 Mr.
790 2520 18 17 J.
820 2517 99 19 DORSET,
931 2516 92 19 Secretary
1034 2514 34 16 and
1079 2514 104 16 Treasurer.

697 2549 48 23 The
762 2549 54 21 Fete
833 2546 44 22 will
895 2544 50 23 take
959 2543 63 28 place
1036 2549 23 14 as
1075 2548 56 14 soon
1146 2541 57 20 after
1220 2538 38 22 the

671 2575 163 28 appropriation
846 2573 26 21 of
879 2572 36 22 the
922 2571 68 22 Town
1003 2569 100 22 Sections
1114 2575 23 14 as
1147 2568 37 21 the
1192 2568 66 20 Com-

671 2604 76 22 mittee
757 2601 124 23 determine
893 2598 41 23 will
948 2598 44 21 suit
1007 2596 74 28 public
1098 2600 160 17 convenience.

699 2638 47 21 The
763 2635 115 26 following
893 2633 36 21 list
945 2631 26 22 of
987 2629 122 23 diversions
1129 2628 56 22 have
1201 2628 57 20 been

672 2663 139 24 determined
821 2668 67 21 upon,
896 2659 43 22 and
951 2659 36 21 the
993 2657 110 22 members
1112 2655 25 21 of
1149 2655 36 21 the
1194 2654 66 22 Com-

672 2692 76 22 mittee
759 2689 82 23 named
851 2695 37 14 are
896 2691 21 18 to
927 2687 27 21 be
965 2683 119 24 addressed
1089 2685 126 25 respecting
1223 2683 37 19 tlie

672 2720 177 25 arrangements.

700 2753 21 21 A
737 2753 95 21 Rowing
844 2749 94 25 Match,
950 2746 121 26 consisting
1081 2744 26 21 of
1120 2742 69 22 whale
1196 2742 64 21 boats

673 2779 79 22 owned
761 2779 29 25 by
801 2778 37 21 the
848 2775 109 23 residents
968 2774 24 21 of
1005 2773 51 22 Port
1066 2771 133 22 Nicholson.
1229 2771 32 19 Ist

672 2807 68 28 prize,
752 2807 47 21 £20
806 2813 5 16 ;
826 2803 52 27 2nd,
888 2802 46 22 £10
942 2809 5 19 ;
962 2800 47 26 3rd,
1016 2800 40 21 £5.
1086 2798 36 21 No
1131 2804 49 14 race
1186 2796 75 21 unless

673 2834 43 21 five
726 2834 63 20 boats
801 2834 60 19 start.
892 2829 112 21 Entrance
1020 2826 42 25 fee,
1079 2824 34 22 £2
1130 2823 53 22 each
1201 2823 59 21 boat.

674 2860 54 22 And
745 2867 14 14 a
777 2860 97 20 Sailing
895 2856 90 24 Match,
1006 2853 31 27 by
1055 2852 64 21 boats
1135 2851 78 20 owned
1232 2851 29 25 by

673 2887 115 21 residents.
818 2886 34 20 Ist
861 2883 67 27 prize,
936 2882 46 20 £10
989 2888 5 18 ;
1011 2878 51 27 2nd,
1070 2878 42 21 £o.
1140 2877 120 25 Entrance,

674 2914 30 21 £I;—managing1
711 2922 38 18 ;—
751 2911 122 27 managing
881 2908 106 26 member,
1001 2907 61 26 Capt.
1073 2906 106 20 Chaffers.

701 2948 22 20 A
731 2947 77 21 Canoe
817 2944 70 24 Race,
895 2942 30 27 by
931 2940 99 25 Natives,
1039 2938 47 22 £10
1093 2941 22 17 to
1122 2937 28 21 be
1159 2935 102 23 awarded

674 2981 24 14 as
719 2981 12 14 a
748 2972 68 28 prize,
835 2970 46 21 and
900 2976 12 13 a
930 2967 58 21 War
1008 2966 81 22 Dance
1100 2972 38 19 ;—
1140 2963 121 28 managing

675 3000 106 26 member,
792 2998 45 22 Mr.
849 2997 26 22 R.
888 2996 93 21 Barrett.

702 3035 22 20 A
735 3033 99 22 Hurdle
849 3031 71 21 Race.
952 3029 30 20 Ist
999 3026 73 26 horse,
1089 3025 61 26 £15;
1175 3023 55 22 2nd.
1239 3026 22 18 to

675 3069 52 14 save
738 3061 32 21 his
780 3059 81 22 stakes.
891 3056 112 22 Entmnce
1013 3054 42 26 fee,
1071 3053 34 22 £3
1118 3053 53 20 each
1189 3053 71 18 horse.

675 3088 71 21 Three
755 3087 77 21 horses
841 3091 23 15 to
879 3087 60 17 start.
966 3089 16 14 >r
997 3088 31 14 no
1045 3087 50 14 race
1101 3087 5 19 ;
1109 3090 31 5 —
1141 3083 120 21 managing

675 3115 106 25 member,
794 3113 43 21 Mr.
849 3111 76 21 James
941 3110 14 19 A
964 3111 40 18 att.

702 3149 22 20 A
735 3148 71 21 Rifle
818 3145 93 22 Match.
943 3143 31 20 Ist
982 3141 67 27 prize,
1058 3139 54 26 £25,
1122 3141 22 18 to
1154 3136 107 29 purchase

676 3184 13 14 a
698 3175 48 22 rifle
754 3182 5 18 ;
775 3173 52 27 2nd,
838 3172 55 24 £10,
903 3174 22 17 to
936 3168 108 28 purchase
1053 3174 13 14 a
1079 3165 91 26 fowling
1185 3170 64 21 piece
1256 3170 5 19 ;

675 3202 47 25 3rd,
733 3202 40 25 £5,
784 3204 23 17 to
813 3198 108 28 purchase
929 3203 12 14 a
947 3196 64 21 brace
1020 3193 26 21 of
1051 3193 83 28 pistols.
1149 3193 112 20 Entrance

677 3230 40 26 fee,
729 3229 30 22 £1;1
768 3236 38 19 ;—
808 3224 121 28 managing
942 3221 116 26 members,
1073 3219 91 22 Messrs.
1180 3217 81 22 Moles-

676 3256 70 22 worth
757 3254 44 23 and
811 3254 89 26 Duppa.

703 3290 141 21 Wrestling
861 3285 93 23 Match,
972 3283 115 21 Climbing
1103 3280 82 26 Poles,
1203 3278 58 21 Foot

678 3318 81 25 Races,
783 3315 40 22 &c.
860 3313 47 22 £20
926 3309 101 23 awarded
1049 3308 35 21 for
1102 3306 36 22 the
1157 3313 61 14 same
1227 3313 34 18 ;---

677 3343 121 27 managing
826 3339 117 25 members,
973 3336 90 22 Messrs.
1096 3334 92 26 Dodery
1220 3334 41 19 and

677 3372 94 21 Barrett>
886 3391 64 23 THE
967 3389 87 23 BALL.

705 3429 60 23 Each
777 3427 125 24 subscriber
911 3425 26 22 of
948 3425 33 22 £2
990 3424 19 21 is
1019 3421 93 24 allowed
1119 3424 23 18 to
1150 3418 111 24 introduce

678 3457 37 21 the
733 3456 70 22 ladies
829 3454 26 22 of
879 3454 34 21 his
936 3451 174 27 acquaintance;
1113 3460 30 4 —
1145 3451 116 31 managing

678 3483 117 25 members,
807 3481 75 27 Major
890 3479 72 22 Baker
972 3478 44 21 and
1027 3477 90 21 Messrs.
1129 3475 82 21 Dorset
1221 3475 40 18 and

679 3511 28 21 R.
718 3511 88 25 Strang.

707 3543 38 22 All
752 3542 109 22 members
868 3541 26 21 of
901 3539 36 23 the
945 3537 132 24 Committee
1084 3543 37 14 are
1128 3532 133 29 empowered

681 3576 21 15 ;o
712 3570 87 21 receive
809 3567 166 26 subscriptions.

870 3621 82 21 NEW
976 3618 99 22 MILK.

681 3656 179 50 FAMILIES
871 3654 100 28 supplied
980 3652 52 23 with
1040 3650 96 28 genuine
1146 3655 49 16 now
1204 3646 57 27 milk,

755 3686 22 18 at
785 3683 44 21 Mr.
841 3682 89 26 Howes,
942 3680 99 24 Queen's
1051 3677 71 26 Head,
1137 3675 124 25 Thorndon,

680 3715 23 18 at
712 3710 35 22 Bd.
757 3717 40 20 per
804 3711 72 25 quart.

884 3762 69 20 FOR
968 3760 94 21 SALE.

683 3798 51 48 A
745 3795 111 26 HOUSE,
877 3793 129 26 containing
1019 3792 61 20 three
1099 3796 75 16 rooms
1192 3786 45 23 and
1255 3795 6 14 a

761 3829 99 23 passage,
880 3820 53 22 with
949 3819 111 25 windows,
1076 3817 71 25 doors,
1163 3815 98 25 flooring,

682 3852 49 25 &c,
743 3842 52 29 with
802 3856 28 14 an
842 3847 124 24 out-house,
976 3844 120 25 consisting
1108 3842 25 21 of
1143 3849 14 14 a
1165 3842 96 25 kitchen,

682 3882 139 21 store-room,
841 3874 45 22 and
901 3871 187 25 servants-room,
1100 3870 31 21 all
1138 3870 80 21 fenced
1235 3874 26 17 in.

681 3905 60 22 Situ?
746 3903 35 22 t-d
788 3910 30 14 on
825 3899 118 26 thebeach,
952 3896 123 24 Britannia.
1097 3896 125 27 Enquireat
1228 3895 33 21 the

829 3927 76 23 Office.

1400 615 152 21 WEEKLY
1567 614 161 21 MARKET.

1275 649 88 47 MR.
1378 649 21 21 J.
1414 648 143 22 TELFORD
1571 647 41 22 has
1627 645 108 27 arranged
1744 649 23 18 to
1777 645 56 22 have
1844 652 13 13 a

1363 682 90 15 weekly
1479 681 92 15 market
1598 681 29 14 on
1651 672 138 23 MONDAY
1813 671 44 22 and

1274 702 163 21 SATURDAY
1453 700 167 26 EVENINGS,
1636 703 22 18 at
1667 700 35 21 his
1711 698 144 26 Warehouse,

1274 728 55 21 from
1339 730 15 20 4
1363 733 22 17 to
1396 730 11 20 7
1418 728 92 26 o'clock,
1522 728 67 26 being
1603 726 108 22 intended
1728 725 80 27 chiefly
1822 725 36 21 for

1275 754 35 22 the
1331 754 190 22 accommodation
1542 754 26 21 of
1585 753 142 22 Workmen's
1746 751 111 22 Families.

1274 781 46 22 The
1338 782 113 26 following
1470 780 87 22 articles
1575 780 43 21 will
1637 780 27 21 be
1683 779 50 22 sold
1750 779 24 22 in
1794 777 64 23 small

1275 809 124 27 quantities,
1409 812 23 17 at
1441 807 130 22 reasonable
1581 807 70 27 prices
1657 813 5 14 :
1664 818 31 4 —

1302 835 72 27 Flour,
1395 834 103 27 oatmeal,
1517 841 71 19 sugar,
1610 836 42 24 tea,
1676 833 77 25 coffee,
1777 831 80 26 butter,

1276 862 76 21 c'neese
1354 877 13 11 )4
1367 861 100 26 .candles,
1478 867 61 20 soap,
1550 861 39 20 &c.
1602 860 40 21 &c.

1287 885 68 27 ?i*ort
1363 887 129 27 Nicholson,
1503 887 60 21 June
1573 888 33 25 15,
1618 886 59 21 1840.

1293 937 3 27 !
1415 940 167 23 GENERAL
1597 938 117 23 STORE.

1278 976 88 48 MR.
1381 975 142 24 TELFORD
1538 974 83 26 having
1634 973 99 26 recently
1745 971 65 22 made
1819 978 39 15 ex-

1366 1003 84 20 tensive
1467 1001 125 29 purchases,
1612 1001 51 26 begs
1674 1003 21 18 to
1707 1005 117 16 announce
1835 1001 22 18 to

1277 1030 32 21 his
1319 1029 82 22 friends
1410 1029 48 21 that
1467 1027 28 23 lie
1505 1028 40 21 has
1556 1035 27 14 on
1595 1027 53 26 sale,

1303 1062 182 22 HARDWARE
1501 1062 25 21 of
1537 1061 37 21 the
1583 1060 49 22 first
1641 1059 91 28 quality,
1743 1058 115 26 including

1276 1097 12 14 a
1297 1093 62 23 great
1366 1089 84 27 variety
1460 1088 26 21 of
1497 1088 63 21 nails.

1302 1123 102 22 FLOUR
1413 1122 25 22 of
1451 1122 47 21 first
1507 1121 45 22 and
1562 1120 82 22 second
1654 1119 93 28 quality.

1303 1156 211 22 GROCERIES.—
1515 1154 53 27 Tea,
1583 1160 82 20 sugars,
1684 1152 77 26 coffee,
1778 1151 80 26 butter,

1277 1190 58 20 soap,
1347 1183 95 26 candles,
1453 1182 54 26 rice,
1521 1188 64 20 curry
1603 1179 95 28 powder,
1716 1178 84 28 pickles
1815 1178 45 21 and

1277 1216 81 21 sauces,
1369 1210 109 27 spiceries,
1495 1215 28 15 ox
1535 1212 100 22 tongues,
1648 1205 88 28 pickled
1746 1205 63 27 tripe,
1819 1204 40 21 &c.

1303 1243 98 22 WINES
1416 1242 67 22 AND
1493 1240 156 24 SPlßlTS.—
1651 1239 89 22 Besides
1750 1238 38 21 the
1798 1237 62 22 usual

1278 1271 77 27 supply
1365 1271 25 20 of
1401 1271 68 20 wines
1477 1268 46 22 and
1533 1267 79 28 spirits,
1627 1266 61 21 there
1698 1265 19 21 is
1727 1272 13 14 a
1750 1264 111 22 consider-

1278 1298 48 21 able
1340 1297 100 27 quantity
1453 1295 26 22 of
1497 1295 86 21 Scotch
1602 1289 111 25 Whiskey
1723 1300 5 18 ;
1750 1299 13 14 a
1775 1291 86 21 limited

1277 1326 100 26 quantity
1397 1324 24 21 of
1441 1323 116 21 Colonial
1578 1320 111 22 Whiskey
1709 1319 19 21 is
1754 1317 108 28 expected

1279 1351 59 27 early
1348 1354 54 18 next
1411 1350 68 21 week.

1291 1385 108 22 -BOOTS
1414 1384 67 22 AND
1497 1382 104 23 SHOES.
1603 1393 31 5 —
1634 1380 72 22 There
1715 1379 41 22 has
1763 1379 56 21 been
1827 1385 35 15 re-

1279 1412 75 22 ceived
1372 1419 13 13 a
1404 1411 101 26 quantity
1527 1410 26 21 of
1574 1408 137 26 Wellington
1733 1406 66 21 boots
1817 1405 45 22 and

1280 1439 109 21 Warren's
1396 1438 112 25 blacking.

1305 1471 167 24 BLANKETS.
1474 1483 32 3 —
1508 1469 68 22 Fresh
1592 1467 90 23 arrivals
1698 1467 58 21 have
1767 1473 61 15 come
1840 1469 22 17 to

1279 1500 59 22 lund
1348 1500 21 21 in
1380 1500 37 20 8-4
1427 1498 44 21 and
1481 1498 57 26 11-4,
1556 1496 26 22 of
1595 1495 88 22 various
1699 1493 103 28 qualities
1817 1492 44 22 and

1279 1528 76 27 prices.

1306 1557 295 25 HABERDASHERY.—
1601 1556 72 21 There
1689 1554 19 21 is
1723 1561 13 14 a
1745 1553 69 22 select
1822 1552 42 22 but

1279 1587 84 23 limited
1388 1586 102 27 quantity
1513 1592 30 14 on
1568 1583 68 26 hand,
1658 1580 117 27 including
1794 1584 67 23 tapes,

1281 1614 92 26 threads,
1385 1612 64 22 black
1461 1611 45 22 and
1521 1610 104 22 coloured
1640 1615 86 15 sewing
1742 1614 62 15 silks
1818 1606 46 21 and

1281 1642 61 26 twist,
1363 1639 93 23 worsted
1474 1638 45 22 and
1540 1638 96 25 darning
1658 1639 82 22 cotton,
1766 1632 96 26 needles,

1281 1669 80 25 combs,
1375 1666 62 22 India
1447 1665 43 22 silk
1498 1665 45 21 and
1550 1668 76 18 cotton
1632 1660 179 27 handkerchiefs,
1819 1660 45 21 and

1280 1695 81 26 braces,
1373 1694 38 22 &c.

1307 1726 163 24 DRAPERY.-
1476 1725 92 21 -White
1587 1726 75 19 cotton
1685 1721 102 27 shirting,
1806 1723 59 19 stout

1281 1754 137 23 unbleached
1437 1757 82 22 cotton,
1539 1751 58 22 40in.
1618 1750 61 26 wide,
1704 1748 81 22 Scotch
1803 1748 61 21 linen

1282 1782 105 26 sheeting,
1399 1780 57 22 Irish
1463 1780 70 25 linen,
1544 1781 75 18 cotton
1628 1776 87 27 checks,
1725 1775 55 23 dark
1787 1774 77 29 prints,

1282 1810 39 21 &c.
1333 1808 38 21 &c.

1310 1842 51 22 OIL
1383 1841 66 22 AND
1474 1839 142 22 LAMPS.—
1617 1837 52 22 This
1686 1836 68 23 latter
1772 1834 40 23 has
1830 1842 35 14 re-

1282 1869 76 21 ceived
1367 1876 29 14 an
1406 1869 98 20 increase
1514 1867 26 20 of
1551 1866 36 20 the
1597 1866 49 20 best
1659 1863 85 28 quality
1763 1862 47 21 that
1825 1861 40 22 has

1282 1900 37 23 jet
1329 1896 56 21 been
1396 1893 81 23 offered
1486 1894 24 20 in
1520 1893 37 21 the
1569 1892 91 26 Colony.

1308 1929 70 22 There
1389 1928 39 21 has
1438 1927 46 22 also
1496 1933 62 15 come
1569 1929 21 18 to
1610 1924 60 22 hand
1687 1931 13 14 a
1716 1922 64 22 small
1794 1922 32 22 lot
1843 1921 26 22 of

1285 1956 102 25 Wqleigh
1403 1954 45 23 and
1462 1954 95 21 Neave's
1573 1952 99 27 superior
1683 1950 95 22 London
1785 1949 81 21 beaver

1284 1973 54 32 ftfcs,
1349 1986 63 14 straw
1420 1980 58 21 haw,
1490 1978 46 20 sou'
1549 1982 93 19 welters,
1656 1975 81 22 Scaich
1747 1981 59 20 caps,
1817 1980 48 15 um-

1282 2006 85 24 brellas,
1379 2006 39 20 &c.

1310 2038 166 26 CLOTHING,
1488 2036 121 26 consisting
1615 2035 26 21 of
1648 2034 90 22 Jackets
1745 2034 24 21 in
1775 2033 90 22 beaver-

1284 2069 56 23 teen,
1351 2065 114 26 corduroy,
1476 2063 45 22 and
1531 2062 57 22 duck
1597 2071 5 17 ;
1620 2062 130 24 waistcoats,
1762 2060 22 21 in
1795 2066 70 15 swan-

1284 2092 63 22 down
1363 2092 44 21 and
1422 2092 134 20 beaverteen
1564 2097 5 19 ;
1591 2093 108 21 trowsers,
1723 2087 146 21 beaverteen.i

1284 2120 113 26 corduroy,
1415 2117 104 27 flushing,
1544 2116 66 26 duck,
1634 2115 39 21 &c.
1682 2122 5 18 ;
1712 2117 92 23 regatta,
1824 2120 42 14 un-

1285 2145 103 22 bleached
1415 2149 83 21 cotton,
1525 2143 45 21 and
1594 2145 59 18 stout
1678 2140 86 27 striped
1787 2140 64 21 shirts
1860 2147 4 18 ;

1285 2172 114 27 Guernsey
1408 2171 74 22 frocks
1493 2170 45 22 and
1546 2169 79 22 lamb's
1636 2168 55 21 wool
1706 2166 72 23 under
1794 2166 70 25 shirts,

1284 2199 70 26 shirts,
1374 2199 51 21 blue
1441 2197 46 22 and
1505 2196 40 22 red
1560 2203 63 20 serge
1643 2195 62 25 ditto,
1727 2197 76 18 cotton
1821 2191 46 23 and

1285 2226 91 21 worsted
1386 2226 60 21 hose.
1828 2220 16 16 *

1387 2279 39 21 TO
1440 2278 65 22 THE
1519 2276 116 23 RETAIL
1649 2274 114 23 TRADE.

1312 2313 44 22 Mr.
1366 2312 90 23 Telford
1468 2311 40 22 has
1517 2309 122 33 peculiarly
1650 2307 128 23 favourable
1789 2309 79 20 attrac-

1287 2340 55 21 tions
1352 2340 34 21 for
1396 2339 36 22 the
1441 2338 72 22 Trade
1523 2339 24 20 in

1312 2374 55 20 Fine
1378 2380 52 20 cape
1439 2371 119 29 powdered
1568 2370 45 22 and
1622 2370 41 21 salt
1672 2369 82 27 butter,

1313 2400 36 22 An
1361 2400 113 22 extensive
1484 2398 80 28 supply
1575 2398 25 21 of
1610 2397 51 26 rice,

1312 2427 53 21 Raw
1379 2433 83 20 sugars.

1312 2459 203 27 STATIONERY,
1540 2457 120 26 consisting
1683 2456 27 21 of
1729 2455 44 28 day
1793 2454 76 26 books,

1286 2487 80 28 pocket
1380 2487 93 26 ledgers,
1491 2488 59 24 note,
1567 2483 177 26 memorandum,
1763 2482 43 22 and
1821 2488 50 21 pass

1287 2514 75 27 books,
1373 2514 86 26 writing
1469 2519 74 21 paper,
1559 2511 47 27 ink,
1623 2511 72 26 slates,
1711 2509 55 23 slate
1781 2507 90 29 pencils,

1288 2542 38 21 &c.

1315 2567 102 27 Clothing
1427 2567 25 21 of
1464 2574 67 19 every
1540 2565 140 27 description,

1314 2594 101 27 Ticking.

1316 2622 21 21 A
1351 2622 42 21 few
1408 2624 43 19 sets
1465 2620 26 22 of
1507 2627 80 15 scales
1602 2619 46 21 and
1660 2625 104 15 weights
1783 2619 45 19 still
1843 2622 29 15 on

1289 2648 67 22 hand.

1317 2676 74 21 PIGS.
1394 2688 29 4 —
1425 2675 66 22 From
1511 2673 37 22 the
1566 2672 188 28 disappointment
1770 2671 43 21 and
1830 2671 44 20 dis-

1289 2706 63 27 putes
1362 2703 67 21 about
1438 2702 43 21 this
1491 2701 80 21 week's
1582 2699 87 26 arrival,
1678 2699 45 21 Mr.
1731 2697 90 23 Telford
1829 2696 43 21 will

1289 2737 22 14 in
1322 2730 72 21 future
1404 2729 87 21 decline
1503 2727 123 32 promising
1641 2730 21 17 to
1677 2725 57 27 keep
1750 2724 44 22 this
1811 2723 66 32 stocky

1289 2757 34 21 for
1331 2756 120 28 particular
1458 2755 83 27 parties
1548 2762 4 19 ;
1569 2754 40 21 but
1620 2752 42 22 will
1678 2752 57 22 send
1752 2751 84 21 notices
1851 2749 21 21 oi

1290 2791 27 14 an
1329 2782 107 28 expected
1444 2781 82 22 arrival
1535 2781 22 21 in
1570 2788 12 13 a
1590 2780 42 21 few
1648 2779 60 27 days,
1726 2777 45 23 and
1788 2776 41 22 will
1846 2776 26 21 be

1291 2817 55 21 open
1357 2815 21 16 to
1389 2810 78 21 tender
1476 2809 34 21 for
1520 2808 37 21 the
1568 2806 78 27 whole,
1659 2806 78 21 within
1747 2812 14 15 a
1771 2803 103 28 specified

1291 2837 51 22 time
1352 2837 56 22 after
1417 2835 81 23 arrival
1509 2842 28 14 on
1548 2834 36 21 the
1593 2832 81 23 Beach.

1317 2864 87 21 Several
1415 2862 68 23 milch
1493 2869 63 19 cows,
1568 2868 42 14 one
1622 2867 24 15 or
1655 2863 42 18 two
1710 2865 56 15 near
1780 2857 92 26 calving.

1292 2919 70 48 ON
1387 2918 56 26 Sale,
1460 2922 24 17 at
1502 2915 151 24 COGLAN'S
1670 2913 114 22 Waterloo
1794 2913 80 24 Stores,

1375 2944 121 26 Britannia,
1514 2948 23 17 at
1552 2950 54 20 very
1622 2941 99 22 reduced
1739 2940 78 27 prices,
1838 2938 37 22 the

1291 2972 112 28 following
1411 2971 88 22 articles
1507 2978 3 13 :

1318 3000 60 26 Rice,
1390 3006 39 20 per
1437 2998 50 26 bag,
1498 2996 36 22 3d.
1544 3003 39 19 per
1592 2995 32 21 lb.

1317 3027 76 26 Sugar,
1402 3025 35 21 4d.
1448 3031 40 20 per
1496 3023 39 26 lb.,
1545 3029 59 20 soap,
1615 3028 39 20 per
1659 3020 52 26 box,
1720 3020 50 25 PJd.

1318 3052 109 23 Hollands
1436 3058 45 20 gin,
1500 3052 45 19 50s.
1564 3049 20 25 4,
1605 3047 44 22 and
1664 3048 46 20 245.
1727 3049 13 18 2
1750 3045 43 27 gal.
1808 3051 68 15 cases.

1317 3080 93 21 Tuscan,
1419 3078 104 24 bonnets,
1540 3075 89 22 various
1635 3074 62 25 sizes,
1709 3073 59 21 from
1785 3073 43 20 10s.
1839 3073 37 19 6d.

1291 3106 108 28 upwards.

1319 3133 46 22 Salt
1373 3131 54 22 beef
1433 3134 22 18 at
1464 3129 49 26 3Jd.
1523 3136 41 20 per
1571 3128 31 21 lb.
1612 3134 39 21 per
1659 3130 76 18 tierce.

1319 3159 58 22 Pork
1386 3158 34 21 6d.
1432 3165 39 19 per
1482 3156 28 22 lb.
1521 3163 40 19 per
1571 3155 75 21 tierce.

1293 3212 161 51 HAND
1474 3210 26 22 T.
1519 3209 85 22 COOK
1627 3208 43 27 beg
1693 3211 23 17 to
1738 3206 80 22 inform
1838 3205 37 21 the

1356 3251 10 10 •
1384 3238 77 23 Pubhc
1471 3237 49 22 that
1529 3236 52 27 they
1591 3235 58 21 have
1658 3233 87 29 opened
1761 3232 36 22 the
1806 3232 69 21 house

1292 3268 68 26 lately
1369 3265 107 28 occupied
1486 3266 28 25 by
1526 3263 44 22 Mr.
1582 3262 99 21 Heather
1697 3268 24 14 as
1738 3267 13 14 a
1767 3259 68 25 Store,
1851 3258 23 21 in

1293 3294 125 22 connexion
1427 3292 51 21 with
1487 3290 56 22 their
1551 3289 64 22 other
1622 3287 174 24 establishment,
1804 3285 71 21 where

1293 3322 52 26 they
1355 3319 77 23 intend
1441 3323 23 18 to
1475 3325 63 19 carry
1548 3322 28 15 on
1590 3315 108 25 business,
1717 3314 46 20 and
1777 3312 55 27 hope
1843 3312 33 20 for

1294 3356 13 14 a
1326 3346 151 24 continuation
1498 3344 25 22 of
1542 3343 37 22 the
1597 3345 122 24 patronage
1744 3340 53 26 they
1819 3340 56 19 have

1294 3374 89 26 already
1393 3381 23 14 so
1426 3371 78 28 kindly
1514 3369 108 23 received.

1321 3400 121 26 Britannia,
1454 3397 129 28 September
1595 3396 31 25 10,
1638 3395 59 21 1840.

1328 3450 313 27 EXTRAORDINARY
1655 3446 190 24 BARGAINS.

1297 3489 150 50 HAND
1462 3487 26 22 T.
1503 3485 84 23 COOK
1609 3484 56 22 have
1683 3483 48 27 just
1747 3480 90 26 landed,
1856 3483 22 18 at

1359 3527 9 10 •
1408 3515 57 21 their
1481 3515 82 24 Stores,
1580 3515 23 18 at
1618 3509 129 26 Thorndon,
1768 3508 54 21 from
1841 3506 37 22 the

1422 3549 14 14 a
1458 3541 61 26 large
1540 3538 103 29 quantity
1660 3536 26 22 of
1706 3536 36 21 the
1766 3534 112 26 following

1296 3570 74 29 goods,
1382 3568 71 22 which
1463 3567 53 26 they
1527 3573 41 15 can
1584 3565 54 21 offer
1649 3563 70 22 either
1728 3561 116 22 wholesale
1855 3567 23 14 or

1297 3597 69 26 retail,
1378 3599 23 18 at
1408 3594 120 26 unusually
1538 3593 42 21 low
1589 3591 77 28 prices.
1837 3613 6 5 .

1324 3625 74 21 Shell
1413 3621 44 22 and
1472 3621 56 21 SorT
1544 3620 118 22 Almonds,
1678 3616 93 25 Malaga
1784 3616 94 24 Raisins,

1299 3650 87 23 Bottled
1404 3648 79 26 Fruits,
1505 3648 87 22 Sauces,
1618 3644 94 24 Pickles,
1737 3643 141 23 Anchovies,

1298 3679 97 22 Spanish
1415 3675 93 24 Olives,
1528 3673 58 21 Fine
1606 3671 72 21 Salad
1698 3670 52 25 Oil,
1771 3669 107 22 Mustard,

1297 3706 53 25 Tea,
1369 3702 61 25 Rice,
1452 3700 59 22 Loaf
1531 3699 77 26 Sugar,
1630 3696 106 26 CORKS,
1762 3694 51 22 Port
1836 3692 42 22 and

1298 3732 87 22 Sherry,
1416 3729 49 21 Old
1497 3727 101 21 Jamaica
1629 3724 53 20 Rum
1712 3723 39 24 (no
1776 3721 102 23 Arrack,)

1298 3758 111 23 Cheroots,
1436 3755 85 26 Diaper
1545 3752 68 25 Rugs,
1636 3748 125 23 WITNEY
1786 3745 92 23 BLAN-

1298 3783 83 24 KETS,
1392 3782 40 22 &c.
1443 3781 40 21 &c.
1493 3780 41 21 &c.
1772 3798 15 9 „

1351 3808 103 26 Superior
1463 3807 78 26 Sperm
1552 3804 42 26 Oil,
1609 3805 23 19 at
1641 3803 42 20 10s.
1693 3807 41 21 per
1743 3800 81 26 gallon.

1324 3838 65 21 Some
1399 3834 25 22 of
1435 3833 37 22 the
1483 3833 70 21 above
1566 3828 87 24 articles
1668 3828 58 21 have
1741 3827 58 20 been
1814 3826 64 20 much

1298 3862 87 25 wanted
1393 3861 23 23 in
1425 3860 38 22 the
1473 3858 93 26 Colony,
1582 3855 85 22 dealers
1676 3853 45 23 will
1731 3852 110 23 therefore
1851 3851 27 22 do

1298 3889 49 24 well
1356 3894 22 18 to
1387 3887 66 23 make
1462 3885 61 27 early
1533 3882 140 29 application.

1288 3928 1 7 ,
1323 3913 128 27 Thorndon,
1463 3913 87 25 August
1559 3911 33 25 26,
1606 3910 58 21 1840.

1287 3948 3 22 I

1970 614 142 24 QUEEN'S
2127 614 97 18 HEAD
2240 614 156 19 TAVERN.

1888 646 36 47 J
1957 644 109 22 HOWES
2090 644 54 27 begs
2154 649 23 17 to
2190 645 81 22 inform
2286 645 35 22 his
2332 645 83 22 friends
2429 646 45 21 and

1930 682 10 11 •
1970 671 38 21 the
2018 671 82 27 public,
2116 671 49 22 that
2179 671 36 22 the
2225 672 72 21 above
2311 671 69 22 house
2389 672 21 21 is
2422 678 51 15 now

1888 705 59 20 open
1966 697 45 22 and
2028 698 81 26 parties
2128 698 117 26 favouring
2267 697 48 22 him
2340 698 52 21 with
2416 698 58 23 their

1888 728 121 24 patronage
2020 724 44 21 will
2074 724 48 21 find
2132 730 67 21 every
2209 724 200 21 accommodation.

1916 749 48 23 The
1980 750 102 32 splendid
2098 757 49 15 new
2161 751 51 21 boat
2420 751 52 22 with

1889 784 29 14 an
1929 776 146 27 experienced
2088 784 63 20 crew,
2168 777 42 21 will
2226 777 64 22 leave
2308 776 36 22 the
2360 777 74 22 Beach
2452 782 22 17 at

1890 804 78 21 Petoni
1978 811 65 19 every
2053 804 105 26 morning
2164 806 40 19 at
2199 806 25 19 9
2210 803 92 27 o'clock,
2311 804 33 21 for
2349 804 123 26 Britannia,

1888 830 47 21 and
1942 834 76 17 return
2032 830 59 21 from
2105 830 37 21 the
2159 830 70 21 above
2245 830 69 21 house
2330 834 22 17 at
2366 832 14 19 3
2396 831 24 21 in
2435 830 38 23 the

1888 857 125 20 afternoon.

1917 883 54 21 Cold
1978 883 69 27 joints
2056 882 83 27 always
2148 882 76 27 ready.
2253 882 65 21 Good
2331 883 60 22 beds.

1916 936 90 21 FORT
2025 936 199 20 NICHOLSON
2243 936 115 21 HOTEL
2373 936 76 21 AND

2105 963 156 20 TAVERN.

1889 998 35 47 J
1954 996 103 22 ALLEN
2075 997 55 26 begs
2145 1000 22 17 to
2182 996 82 22 inform
2280 996 36 22 his
2330 996 85 22 friends
2431 997 45 21 and

1930 1035 9 9 •
1970 1023 38 22 the
2024 1023 82 27 public,
2123 1023 47 21 that
2185 1023 28 21 he
2224 1023 40 21 has
2274 1023 87 27 opened
2370 1023 35 21 his
2419 1023 56 21 New

1890 1050 85 27 House,
1992 1051 46 20 and
2046 1051 18 20 is
2074 1050 75 27 happy
2165 1053 22 17 to
2198 1053 55 17 state
2264 1050 48 20 that
2327 1050 27 21 he
2364 1050 41 21 has
2417 1050 59 27 good

1890 1077 64 26 Beds,
1966 1076 44 22 and
2020 1083 66 20 every
2097 1076 193 22 accommodation
2301 1083 59 20 upon
2371 1076 38 21 the
2419 1080 59 18 most

1890 1104 127 20 reasonable
2034 1107 75 17 terms.
2144 1102 47 22 The
2207 1103 53 21 boat
2279 1103 134 27 Enterprize
2432 1103 45 21 will

1890 1133 55 18 start
1952 1130 56 21 from
2017 1130 34 20 his
2060 1130 77 20 House
2145 1136 66 20 every
2217 1130 106 26 morning
2329 1133 22 17 at
2359 1131 14 19 9
2384 1129 92 27 o'clock,

1890 1157 36 20 for
1935 1156 127 26 Thorndon,
2072 1156 35 21 for
2116 1156 36 22 the
2164 1163 141 19 conveyance
2314 1156 25 21 of
2345 1156 133 27 Passengers

1891 1183 45 21 and
1947 1183 90 27 parcels,
2048 1182 44 22 and
2103 1187 75 17 return
2188 1183 23 21 ih
2223 1182 36 21 the
2269 1182 104 27 evening.

1919 1210 56 21 N.B.
1992 1210 26 21 In
2029 1210 127 21 connexion
2166 1209 51 22 with
2228 1211 37 21 the
2275 1210 78 26 above,
2365 1210 21 21 J.
2398 1210 28 21 A.
2437 1209 41 22 has

1891 1236 35 22 his
1937 1237 127 21 Butcher's
2077 1237 67 25 Shop,
2158 1236 116 27 Grocery,
2291 1237 129 21 Provjsion,
2433 1236 46 22 and

1892 1264 112 20 Drapery
2015 1264 93 26 Stores,
2121 1264 73 20 where
2204 1263 37 22 the
2251 1263 76 28 public
2338 1270 40 14 can
2389 1263 28 21 ba
2427 1270 51 20 sup-

1892 1290 60 27 plied
1966 1290 52 21 with
2035 1297 67 20 every
2111 1290 76 21 article
2200 1290 22 21 in
2233 1290 38 22 the
2281 1290 70 21 above
2361 1289 117 28 branches,

1891 1317 46 21 and
1949 1317 49 21 with
2008 1316 58 27 good
2077 1316 44 22 and
2132 1316 69 28 cheap
2211 1314 33 24 oif
2353 1317 39 21 Sec.
2405 1317 40 21 &c.

1912 1371 238 21 COMMERCIAL
2165 1371 114 20 HOTEL
2297 1371 20 20 &
2333 1370 129 21 COFFEE

2121 1398 127 19 ROOMS.

1893 1432 35 47 J
1958 1431 111 26 ALLEN,
2080 1431 22 21 in
2114 1431 115 26 returning
2237 1430 81 22 thanks
2326 1434 21 17 to
2355 1430 35 21 his
2396 1429 83 23 friends

1935 1470 9 9 •
1975 1457 45 22 and
2029 1457 37 22 the
2077 1457 74 28 public
2161 1458 35 20 for
2210 1457 37 22 the
2265 1464 54 20 very
2335 1457 77 21 liberal
2429 1464 50 20 sup-

1893 1489 51 23 port
1953 1485 27 21 he
1990 1485 39 20 has
2039 1484 103 21 received
2156 1485 59 20 since
2225 1484 29 21 he
2265 1483 145 22 commenced
2419 1484 60 21 busi-

1893 1519 52 14 ness
1956 1516 22 17 at
1987 1511 85 26 Petoni,
2084 1511 53 26 begs
2147 1514 23 17 to
2180 1511 81 21 inform
2272 1511 61 20 them
2344 1510 48 21 that
2401 1510 28 21 he
2439 1510 41 21 haa

1893 1538 88 27 opened
2009 1538 35 21 the
2072 1537 163 22 above-named
2260 1537 170 21 establishment
2457 1540 24 18 at

1895 1565 121 26 Britannia,
2022 1564 74 21 where
2102 1564 28 21 he
2138 1571 40 14 can
2187 1563 165 22 accommodate
2360 1563 60 22 them
2429 1563 53 22 with

1893 1591 158 22 refreshments
2071 1591 44 21 and
2127 1590 58 27 good
2194 1591 64 24 beds;
2269 1590 46 22 and
2329 1590 60 22 there
2401 1589 44 23 will
2453 1589 29 23 be

1895 1625 29 15 an
1936 1618 108 27 Ordinary
2056 1617 59 27 daily
2126 1621 23 17 at
2159 1624 42 14 one
2211 1617 94 21 o'clock.

1923 1645 22 21 J.
1956 1645 66 20 Allen
2032 1644 41 21 has
2083 1644 45 21 also
2138 1644 23 21 in
2170 1644 131 21 connection
2311 1643 51 21 with
2368 1642 38 22 the
2413 1643 71 21 above

1896 1671 174 26 establishment,
2083 1678 13 14 a
2102 1670 89 27 general
2203 1671 68 25 Store,
2292 1670 56 22 from
2365 1669 73 22 which
2454 1669 29 22 he

1897 1705 41 14 can
1949 1698 78 27 supply
2047 1705 67 20 every
2131 1697 75 21 article
2222 1697 25 21 of
2264 1697 100 27 drapery,
2385 1696 97 27 hosiery,

1895 1725 129 27 provisions,
2036 1724 61 21 fresh
2107 1728 65 21 meat,
2184 1724 39 21 &c.
2235 1724 39 21 &c.

1925 1752 22 21 J.
1958 1752 49 21 A.'s
2017 1751 62 26 Boat,
2091 1750 51 22 with
2152 1757 27 15 an
2191 1757 156 15 experienced
2357 1756 70 20 crew,
2438 1747 45 23 will

1897 1779 104 21 continue
2013 1781 21 18 to
2044 1777 64 22 leave
2126 1777 77 21 Petoni
2220 1784 67 19 every
2305 1776 110 27 morning,
2432 1779 23 17 at
2471 1776 12 20 8

1897 1805 92 27 o'clock,
2001 1805 34 20 for
2044 1804 123 26 Britannia,
2182 1803 43 22 and
2241 1808 78 17 return
2336 1803 80 21 thence
2432 1805 24 19 at
2469 1803 16 21 4

1895 1832 24 21 in
1931 1832 35 21 the
1977 1831 125 22 afternoon.

1983 1885 208 21 ARCHIBALD
2205 1883 189 21 ANDERSON

1897 1918 106 48 BEGS
2023 1921 21 18 to
2063 1917 82 22 inform
2165 1917 37 21 the
2219 1916 83 28 public,
2330 1916 48 21 that
2396 1916 28 21 he
2443 1914 42 23 has

1973 1944 87 28 opened
2070 1952 13 13 a
2093 1944 95 21 Storeiat
2195 1943 130 25 Thorndon,
2334 1950 26 13 on
2373 1942 37 21 the
2418 1942 66 21 north

1898 1971 43 21 end
1952 1970 25 21 of
1987 1971 37 20 the
2036 1970 80 25 BeaoV,
2135 1969 73 29 vhjyro
2222 1969 28 20 he
2268 1969 44 20 will
2329 1968 55 21 aJv.'n
2385 1990 4 6 (
2389 1976 21 13 .-;
2426 1968 58 21 hfive

1897 2004 29 13 on
1936 1996 60 21 hand
2006 2003 12 14 a
2028 1996 79 26 supply
2123 1996 25 19 of
2159 1997 37 19 the
2211 1994 116 26 following
2341 1994 95 26 articles,
2455 2001 29 14 ou

1895 2023 47 22 sale
1952 2026 23 17 at
1983 2022 114 21 moderate
2106 2021 78 27 prices.

1924 2050 98 21 Jackets
2033 2048 45 21 and
2087 2048 130 26 Trowsers,
2233 2047 24 21 in
2274 2046 116 28 corderoy,
2406 2046 80 22 bever-

1898 2079 58 23 teen,
1968 2076 44 21 and
2022 2075 66 21 duck.

1926 2103 119 25 Shirting,
2071 2102 24 20 in
2118 2100 46 22 fine
2188 2103 87 24 regatta
2300 2099 112 27 coloured,
2432 2099 53 22 blue

1898 2130 85 26 stripes,
1995 2128 44 21 and
2048 2127 141 22 unbleached
2200 2131 83 18 cotton.

1926 2156 137 25 Groceries,
2082 2158 23 17 at
2119 2154 103 21 different
2236 2154 73 27 prices
2316 2161 5 19 ;
2344 2156 43 24 tea,
2408 2153 77 25 coffee,

1898 2182 106 26 mustard,
2015 2188 89 20 pepper,
2115 2180 45 22 and
2170 2181 50 21 rice.

1926 2209 79 22 Wines
2016 2208 44 21 and
2070 2208 97 25 Spirits,
2179 2207 25 22 of
2215 2206 119 23 wholesale
2344 2206 92 28 quality.

1928 2236 54 21 Oils
1992 2234 45 22 and
2046 2234 66 22 Lamp
2123 2234 74 21 Wick.

1927 2262 133 22 Hardware
2071 2261 45 21 and
2126 2261 114 26 Cutlery,
2253 2260 25 21 of
2290 2259 31 22 all
2330 2259 73 28 kinds,
2412 2259 45 22 and
2466 2259 27 22 of

1899 2290 99 25 superior
2008 2288 92 28 quality.

1928 2317 29 21 A.
1972 2316 28 21 A.
2016 2315 46 22 also
2079 2316 53 25 begs
2151 2317 22 18 to
2188 2313 80 22 inform
2287 2313 39 22 the
2344 2313 75 27 public
2439 2312 49 22 that

1900 2343 54 27 they
1963 2350 40 14 can
2014 2342 26 21 be
2057 2340 102 29 supplied
2176 2340 51 22 with
2243 2340 61 27 good
2318 2339 60 22 fresh
2397 2344 89 17 mutton

1901 2370 46 22 and
1956 2369 54 28 pork
2021 2368 67 27 daily.

1904 2422 152 49 CLARET,
2069 2422 23 21 in
2106 2429 62 14 cases
2182 2421 25 21 of
2222 2428 42 14 one
2279 2421 72 21 dozen
2363 2420 63 27 each,
2440 2420 50 27 just

1973 2448 83 23 landed
2070 2449 56 21 from
2137 2448 37 21 the

2073 2483 27 21 T.
2116 2482 33 22 M.
2167 2480 182 23 PARTRIDGE
2359 2480 47 21 and
2416 2480 46 21 CO.

1905 2536 218 52 STATIONERY
2152 2535 59 22 FOR
2241 2534 87 27 SALE,
2356 2534 42 21 AT
2417 2533 72 28 .THE

1992 2563 143 23 GAZETfE
2172 2562 108 22 OFFICE
2288 2569 39 13 :--

2045 2597 136 15 WHOLESALE
2196 2596 45 14 AND
2257 2595 90 15 RETAIL.

1933 2619 55 22 Fine
1996 2618 46 22 laid
2050 2621 57 24 pott,

1933 2646 54 21 Fine
1997 2644 60 22 thick
2067 2651 62 14 wove
2139 2645 77 25 quarto
2225 2644 56 24 post,

1933 2673 61 21 Ditto
2048 2671 57 21 ditto
2138 2674 77 17 octavo
2225 2669 44 25 do.,

1933 2698 113 28 Superfine
2056 2704 62 14 wove
2128 2699 78 24 quarto
2215 2695 56 21 satin
2281 2697 58 25 post,

1933 2726 61 21 Ditto
2048 2724 56 21 ditto
2131 2726 78 18 octavo
2219 2721 74 27 ditto,j

1932 2753 61 21 Ditto
2004 2751 47 22 thin
2062 2750 45 22 laid
2116 2754 78 23 quarto
2205 2748 61 27 ditto,

1933 2779 61 22 Ditto
2048 2777 57 21 ditto
2115 2780 78 18 octavo
2203 2775 62 26 ditto,

1933 2805 113 28 Superfine
2058 2804 61 27 large
2133 2803 49 21 thin
2195 2801 51 23 blue
2264 2808 62 14 wove
2340 2799 89 30 quarto]]
2433 2803 56 25 post,

1905 2832 107 28 stamped,

1934 2859 112 28 Superfine
2056 2857 47 22 laid
2112 2857 105 26 foolscap,

1935 2887 69 26 Large
2015 2885 47 21 thin
2073 2887 79 25 quarto
2161 2886 56 25 post,

1935 2913 57 22 Note
2001 2919 75 20 paper,

1936 2940 78 22 Brown
2024 2945 74 20 paper,
2105 2936 103 29 imperial
2217 2944 56 19 cap.,

1936 2967 46 26 Bag
1992 2966 61 25 ditto,

1937 2993 61 22 Kent
2007 2992 61 26 ditto,

1937 3019 68 28 Royal
2015 3017 68 27 hand,

1936 3046 96 22 Lumber
2041 3044 63 27 ditto,

1936 3073 54 21 Blue
2000 3072 72 26 demy,

1935 3099 74 26 Demy
2015 3097 97 27 blotting
2118 3103 75 21 paper,

1936 3125 86 23 Double
2031 3131 80 20 crown,

1936 3152 68 22 Small
2013 3151 67 26 hand,

1937 3179 83 25 Crown,

1936 3205 71 23 Blank
2017 3203 71 28 cards,

1936 3231 147 23 Memoranda
2091 3229 77 28 books,

1937 3260 45 21 Pen
1991 3258 95 26 holders,
2099 3257 67 21 wafer
2178 3259 89 24 stamps,
2274 3256 53 22 leal
2335 3254 92 29 pencils,
2439 3254 56 22 slate

1909 3287 61 26 ditto,
1988 3285 65 21 India
2071 3284 88 26 rubber,
2179 3283 64 22 sealit
2251 3290 13 20 g
2282 3290 27 14 wj
2319 3289 20 20 k,
2359 3282 63 22 office
2441 3288 54 21 pen-

1908 3313 84 25 knives,
2004 3312 39 21 &c.
2055 3311 41 21 &c.
2107 3311 40 21 &c.

2098 3365 121 26 Britannia,
2236 3363 130 28 September
2375 3363 20 26 8,
2408 3362 58 21 1840.

1909 3398 144 51 NOTICE
2069 3398 28 21 IS
2118 3397 125 22 HEREBY
2264 3395 106 26 GIVEN,
2391 3394 48 22 that
2457 3393 36 22 the

1978 3424 141 28 Partnership
2128 3424 104 27 formerly
2241 3423 92 22 entered
2340 3423 47 20 into
2395 3421 99 21 between

1910 3452 88 27 Dudley
2010 3451 94 22 Sinclair
2114 3451 45 21 and
2170 3450 122 23 Archibald
2309 3448 80 26 Millar,
2408 3447 35 21 for
2458 3445 37 23 the

1911 3480 152 21 manufacture
2074 3478 26 21 of
2112 3478 76 21 Bricks
2198 3477 59 26 here,
2260 3483 56 14 -was
2333 3475 42 21 this
2392 3473 43 27 day
2452 3473 44 21 dis-

1910 3505 75 23 solved
1994 3505 30 27 by
2035 3504 84 22 mutual
2131 3508 103 22 consent;
2255 3503 45 21 and
2314 3501 28 22 all
2356 3500 83 22 claims-

1911 3532 103 26 standing
2023 3531 87 27 against
2120 3531 38 21 the
2168 3530 46 22 said
2224 3529 81 29 parties
2316 3527 43 22 will
2367 3527 28 21 be
2405 3525 52 29 paid
2466 3525 30 28 by

1911 3560 38 21 the
1959 3558 47 22 said
2017 3557 121 22 Archibald
2151 3557 82 22 Millar.
2460 3562 5 8 f

2127 3589 128 24 DUDLEY
2269 3586 153 25 SINCLAIR,

2130 3614 182 25 ARCHIBALD
2329 3612 129 23 MILLAR.

1937 3645 98 23 Witness
2035 3657 27 4 —
2062 3644 37 22 W.
2109 3645 127 21 Johnston.

1925 3706 227 24 DISSOLUTION
2166 3705 42 21 OF
2222 3701 259 24 PARTNERSHIP.

1914 3743 43 25 rp
1961 3742 42 22 HE
2017 3741 49 22 firm
2082 3740 26 21 of
2124 3738 97 23 DURIE
2234 3736 44 22 and
2292 3734 124 24 MILLAR
2429 3734 68 27 being

1921 3760 29 30 _L
1986 3775 50 15 now
2046 3765 117 26 dissolved,
2173 3765 29 21 all
2211 3764 77 22 claims
2298 3762 44 22 will
2351 3762 24 21 in
2385 3761 74 25 future
2469 3760 27 22 be

1912 3795 79 22 settled
2001 3795 30 26 by
2041 3793 43 22 Mr.
2100 3792 82 27 Millar,
2199 3790 50 22 who
2266 3788 45 23 still
2326 3791 117 19 continues
2459 3787 38 22 the

1912 3822 106 22 business.
2301 3841 31 7 ,_

2020 3845 102 28 (Signed)
2152 3844 29 22 D.
2198 3844 20 21 S.
2234 3841 106 25 DURIE,

2157 3868 185 24 ARCHIBALD
2356 3865 130 24 MILLAR.

1940 3899 120 26 Britannia,
2077 3899 59 27 Sept
2147 3897 35 27 17,
2192 3898 60 20 1840,
