2550 4010
1922 1016 46 26 Sir,
1969 1028 28 4 —
1999 1015 88 22 Several
2095 1015 144 27 melancholy
2246 1016 78 21 deaths
2332 1016 58 21 from
2399 1016 89 22 drown-

1893 1050 40 27 ing
1942 1050 84 27 having
2035 1049 70 27 lately
2115 1049 114 27 occurred,
2244 1050 9 21 I
2267 1049 44 23 feel
2328 1051 18 21 it
2362 1057 14 14 a
2392 1049 56 28 duty
2464 1053 24 19 to

1893 1084 66 21 make
1970 1091 13 14 a
1992 1083 43 21 few
2041 1082 100 22 remarks
2148 1090 60 20 upon
2218 1082 36 22 the
2263 1086 122 19 treatment
2393 1083 26 22 of
2426 1091 62 14 cases

1894 1117 27 21 of
1931 1116 127 27 suspended
2067 1116 131 26 animation,
2209 1116 35 22 for
2254 1116 38 22 the
2298 1116 111 27 guidance
2418 1117 26 21 of
2450 1117 39 21 the

1894 1150 75 27 public
1979 1149 115 27 generally
2103 1150 24 21 in
2139 1149 37 22 the
2187 1150 95 21 absence
2294 1150 27 21 of
2331 1150 96 21 medical
2437 1150 49 27 aid;

1894 1183 18 21 it
1920 1183 68 27 being
2004 1183 128 28 frequently
2148 1186 24 18 at
2188 1186 37 18 too
2241 1187 64 22 great
2321 1190 13 14 a
2348 1183 100 23 distance
2465 1187 24 18 to

1893 1216 82 22 render
1985 1216 37 22 the
2032 1220 90 24 prompt
2134 1216 120 22 assistance
2270 1224 119 20 necessary
2399 1218 23 21 in
2434 1217 55 22 such

1894 1258 69 14 cases.
1994 1250 84 22 Should
2087 1258 46 19 you
2146 1250 103 22 consider
2265 1250 38 22 the
2321 1254 62 18 notes
2401 1250 88 27 worthy

1894 1292 57 19 your
1967 1284 116 26 attention,
2104 1289 29 16 an
2150 1284 63 27 early
2227 1284 138 27 publication
2382 1284 27 21 of
2427 1284 62 22 them

1894 1318 46 22 will
1948 1318 87 27 greatly
2046 1314 80 30 oblige,
2141 1317 41 27 Sir,

2116 1351 64 22 Your
2190 1352 107 21 obedient
2306 1355 98 24 servant,

2192 1385 28 21 G.
2235 1385 30 21 D.
2281 1385 177 28 MONTEITH,

1894 1418 88 28 Petoni,
1994 1419 59 27 Sept.
2066 1420 32 26 18,
2109 1420 62 20 1840.
2379 1419 109 27 Surgeon.

2092 1462 197 22 DIRECTIONS.

1924 1503 65 21 After
1995 1502 84 27 having
2085 1502 67 22 taken
2161 1502 34 22 off
2206 1502 36 22 the
2251 1506 43 18 wet
2303 1503 92 28 clothes,
2405 1503 84 23 endea-

1895 1544 57 14 vour
1960 1536 117 27 gradually
2087 1539 22 18 to
2120 1540 84 18 restore
2215 1536 37 21 the
2270 1537 89 22 natural
2377 1540 112 25 tempera-

1897 1573 48 19 ture
1955 1570 26 22 of
1992 1570 36 22 the
2039 1569 86 22 surface
2135 1570 31 27 by
2175 1577 78 15 means
2271 1570 27 22 of
2308 1570 40 22 hot
2358 1571 96 27 napkins
2465 1579 25 14 or

1896 1604 101 26 flannels,
2009 1604 90 27 placing
2108 1604 38 21 the
2156 1604 60 27 body
2232 1604 82 22 almost
2330 1604 158 29 horizontally,

1896 1637 38 22 the
1943 1637 58 22 head
2010 1637 69 27 being
2089 1645 13 13 a
2107 1637 57 22 little
2176 1637 108 28 elevated,
2297 1638 51 26 and,
2357 1638 21 21 if
2383 1639 105 26 possible,

1896 1671 66 21 make
1979 1670 37 22 the
2030 1671 87 27 patient
2134 1672 96 21 swallow
2248 1679 13 14 a
2275 1672 43 21 few
2334 1672 115 26 spoonfuls
2467 1673 26 21 of

1896 1712 63 14 some
1969 1705 106 21 aromatic
2086 1705 123 21 stimulant.
2231 1705 114 22 Artificial
2355 1706 134 27 respiration

1897 1739 79 22 should
1987 1742 22 18 at
2020 1739 36 21 the
2067 1747 61 14 same
2140 1740 53 21 time
2204 1740 130 21 endeavour
2352 1743 22 18 to
2390 1740 28 22 be
2435 1740 54 28 kept

1896 1780 30 20 up
1935 1773 31 27 by
1973 1773 118 26 breathing
2100 1773 23 21 in
2135 1776 22 18 at
2167 1773 39 21 the
2223 1773 78 22 mouth
2319 1781 25 14 or
2359 1774 90 22 nostrils
2468 1775 26 21 of

1896 1807 38 22 the
1945 1807 91 27 patient,
2048 1815 24 14 so
2083 1815 24 14 as
2114 1811 24 18 to
2147 1808 78 21 inflate
2235 1808 38 21 the
2282 1808 75 27 lungs,
2367 1808 46 22 and
2423 1808 67 22 after-

1897 1841 71 21 wards
1978 1841 38 21 the
2026 1841 33 21 air
2072 1841 103 27 expelled
2189 1841 31 26 by
2235 1849 103 20 pressure
2355 1842 66 21 made
2437 1842 54 21 with

1897 1874 37 22 the
1945 1874 61 22 hand
2023 1882 60 20 upon
2094 1875 38 21 the
2149 1876 71 21 chest.
2256 1876 104 27 Holding
2376 1877 116 21 ammonia

1898 1908 45 21 and
1953 1908 70 21 aether
2032 1912 23 17 to
2067 1909 36 21 the
2114 1909 98 27 nostrils,
2224 1909 95 27 tickling
2329 1910 37 21 the
2376 1910 73 21 inside
2468 1910 26 21 of

1897 1942 38 19 the
1957 1942 74 19 throat
2049 1942 53 19 with
2119 1950 15 12 a
2148 1943 95 24 feather,
2274 1943 89 20 friction
2381 1950 54 13 over
2444 1943 47 19 .the

1897 1973 77 26 region
1986 1973 25 20 of
2032 1973 36 21 the
2087 1973 66 21 heart
2172 1974 54 20 with
2245 1975 109 20 aromatic
2373 1975 116 26 tinctures,

1899 2005 105 22 aromatic
2023 2006 94 26 vinegar
2136 2013 25 14 or
2178 2013 106 15 common
2301 2006 60 22 table
2378 2007 49 27 salt,
2451 2007 41 22 hot

1898 2039 81 21 bottles
1990 2039 24 21 of
2025 2043 69 17 water
2110 2046 26 15 or
2150 2039 83 22 heated
2250 2040 76 22 bricks
2343 2043 22 19 to
2381 2041 40 21 the
2438 2041 51 26 feet,

1898 2072 79 27 hands,
1997 2073 46 22 and
2062 2081 47 14 arm
2129 2074 50 27 pits,
2202 2074 44 21 and
2265 2074 87 27 boiling
2372 2078 69 18 water
2466 2075 24 21 in

1899 2107 101 21 bladders
2009 2115 26 13 or
2044 2107 96 22 flannels
2147 2108 82 27 dipped
2237 2109 47 21 into
2293 2109 17 21 it
2319 2109 46 21 and
2373 2109 88 27 applied
2469 2112 23 18 to

1899 2140 37 21 the
1947 2140 32 27 pit
1988 2140 26 22 of
2025 2140 38 22 the
2072 2141 108 26 stomach,
2192 2142 44 21 and
2251 2142 82 21 should
2348 2142 28 22 be
2392 2142 101 22 resorted

1900 2179 22 17 to
1930 2175 24 21 in
1966 2175 62 26 rapid
2039 2175 132 27 succession,
2191 2178 23 19 to
2231 2175 130 22 endeavour
2377 2179 23 18 to
2415 2176 77 21 kindle

1899 2216 29 20 up
1940 2209 36 21 the
1987 2209 80 21 almost
2076 2210 158 26 extinguished
2244 2210 66 27 spark
2321 2210 27 21 of
2358 2210 46 21 life.

1927 2250 22 20 It
1957 2250 19 21 is
1987 2253 36 18 too
2032 2250 106 27 frequent
2147 2258 13 13 a
2169 2251 98 26 practice
2283 2253 23 19 to
2322 2250 55 22 hold
2385 2250 39 22 the
2434 2250 58 22 head

1900 2283 26 21 of
1945 2283 37 22 the
2001 2284 86 26 patient
2106 2284 129 26 dowwards,
2256 2288 23 18 to
2296 2285 51 27 give
2357 2288 61 24 vent,
2430 2292 24 14 as
2473 2285 19 21 is

1900 2317 144 27 erroneously
2063 2317 117 28 supposed,
2202 2321 21 17 to
2234 2325 14 14 a
2256 2318 106 27 quantity
2373 2318 26 21 of
2416 2322 75 18 water.

1900 2350 59 22 Such
1969 2354 120 19 treatment
2099 2351 65 22 tends
2175 2351 53 27 only
2244 2356 23 17 to
2284 2352 44 26 the.
2343 2352 83 27 speedy
2445 2352 46 21 loss

1900 2384 26 22 of
1936 2392 67 19 every
2015 2385 85 21 chance
2110 2385 27 21 of
2147 2385 169 22 re-animation.

1901 2462 152 24 CONVICT
2067 2462 267 24 COLONIZATION
2348 2462 44 24 OF
2411 2462 80 24 NEW

1995 2503 165 23 ZEALAND
2180 2503 44 23 BY
2243 2503 150 23 FRANCE.

1307 1047 24 24 It
1343 1056 46 16 was
1400 1049 101 30 recently
1514 1057 40 15 our
1565 1049 89 31 painful
1672 1049 54 23 task
1745 1053 22 19 to
1785 1049 80 23 record

1273 1088 39 24 the
1324 1089 68 23 death
1403 1089 30 30 by
1447 1089 117 30 drowning
1576 1089 26 23 of
1609 1089 87 23 several
1708 1089 26 23 of
1744 1094 40 18 out
1792 1089 73 23 fellow

1275 1128 123 24 Colonists.
1439 1129 45 23 We
1503 1128 57 24 have
1582 1136 51 15 now
1655 1133 24 19 to
1701 1128 101 31 perform
1827 1129 37 23 the

1273 1169 143 30 melancholy
1440 1169 56 30 duty
1516 1169 23 23 of
1562 1169 147 30 announcing
1728 1169 39 22 the
1786 1168 77 29 death,

1273 1209 23 22 in
1305 1217 12 14 a
1325 1209 86 23 similar
1419 1216 103 21 manner,
1536 1209 24 23 of
1572 1208 101 24 Edward
1681 1209 67 23 Betts
1759 1208 104 31 Hopper,

1274 1248 58 31 Esq.
1364 1249 24 23 It
1395 1256 95 23 appears
1498 1248 49 24 that
1555 1249 49 23 Mr.
1614 1248 105 32 Hopper,
1729 1248 48 24 Mr.
1787 1249 76 28 Petre,

1274 1289 43 22 and
1336 1296 63 16 some
1416 1288 126 28 workmen,
1562 1288 45 23 had
1625 1289 59 23 been
1703 1289 111 31 engaged,
1837 1297 29 15 on

1274 1329 122 30 Thursday
1407 1328 53 29 last,
1480 1329 25 23 in
1523 1329 90 30 getting
1632 1329 90 28 timber,
1745 1329 43 23 and
1807 1337 58 15 were

1274 1369 137 30 descending
1423 1369 39 23 the
1475 1369 71 22 River
1560 1368 62 24 Hutt
1634 1369 55 22 with
1701 1377 14 14 a
1726 1369 59 28 load,
1799 1369 64 23 when

1274 1409 38 23 the
1322 1409 55 23 boat
1389 1409 79 23 struck
1480 1409 91 30 against
1582 1416 29 16 an
1630 1416 87 16 unseen
1738 1416 62 23 snag,
1821 1409 45 23 and

1274 1449 46 23 Mr.
1337 1448 104 31 Hopper,
1455 1448 49 24 who
1517 1456 45 16 was
1576 1449 108 30 standing
1694 1449 25 23 in
1731 1449 39 23 the
1781 1449 51 23 bow
1844 1450 24 22 of

1274 1489 38 23 the
1322 1489 63 28 boat,
1397 1497 46 15 was
1456 1489 87 24 thrown
1555 1490 49 22 into
1616 1489 38 23 the
1673 1495 79 18 water.
1788 1490 78 31 Every

1275 1529 103 23 exertion
1390 1536 44 16 was
1447 1529 66 23 made
1526 1534 20 18 to
1566 1537 52 15 save
1638 1529 48 25 Mr.
1701 1530 105 31 Hopper,
1825 1531 42 23 but

1274 1569 58 23 from
1357 1569 38 23 the
1418 1570 105 31 inability
1540 1575 23 18 to
1583 1571 36 23 aid
1639 1571 101 28 himself,
1765 1571 63 23 there
1846 1572 20 22 is

1274 1616 82 16 reason
1367 1614 23 18 to
1401 1609 89 23 believe
1501 1610 29 23 he
1541 1610 45 23 had
1599 1611 57 23 been
1670 1611 96 23 stunned
1780 1612 22 22 in
1814 1611 52 23 fall-

1275 1650 39 29 ing
1325 1649 49 23 into
1393 1649 38 23 the
1451 1656 69 17 water
1529 1659 5 20 ;
1549 1650 90 32 though
1661 1659 51 15 oars
1736 1651 44 23 and
1803 1652 64 23 other

1275 1689 78 31 things
1365 1697 58 15 were
1435 1689 88 24 thrown
1535 1690 56 29 him,
1604 1691 29 23 he
1646 1691 64 23 made
1722 1700 30 14 no
1772 1696 95 27 attempt

1275 1734 22 18 to
1311 1729 65 23 catch
1388 1729 53 24 hold
1454 1730 25 22 of
1496 1730 70 24 them.
1610 1731 50 23 The
1673 1731 60 31 body
1745 1737 45 18 was
1802 1740 64 15 reco-

1275 1769 68 23 vered
1360 1769 58 23 after
1428 1770 71 31 being
1510 1771 23 22 in
1552 1771 39 23 the
1614 1775 67 19 water
1702 1771 69 23 about
1790 1772 77 23 fifteen

1274 1813 108 28 minutes,
1405 1813 45 23 and
1463 1821 67 23 every
1542 1813 66 24 effort
1619 1818 23 19 to
1650 1818 87 19 restore
1745 1815 123 23 animation

1275 1861 45 15 was
1332 1853 103 23 resorted
1447 1858 31 24 to,
1491 1854 36 23 for
1538 1855 88 22 several
1643 1855 77 28 hours,
1741 1855 42 23 but
1800 1855 67 23 with-

1275 1897 40 19 out
1338 1901 45 22 any
1404 1898 109 26 prospect
1534 1894 26 23 of
1576 1902 101 15 success.
1713 1895 45 22 Dr.
1783 1895 84 23 Stokes

1275 1940 45 16 was
1332 1933 63 27 early
1406 1934 24 22 in
1443 1933 142 26 attendance,
1606 1935 41 21 but
1666 1935 38 21 the
1722 1935 146 22 unfortunate

1275 1968 130 30 gentleman
1422 1977 47 15 was
1487 1969 90 30 beyond
1598 1970 38 23 the
1655 1971 68 22 reach
1743 1971 26 23 of
1784 1971 84 23 human

1276 2007 36 23 aid
1323 2008 77 23 before
1412 2008 71 23 taken
1496 2009 59 23 from
1568 2009 39 23 the
1619 2014 79 18 water.

1310 2047 49 23 Mr.
1374 2048 96 31 Hopper
1489 2056 46 15 was
1555 2056 42 16 one
1616 2050 26 22 of
1658 2049 38 23 the
1715 2050 92 23 earliest
1826 2050 43 23 and

1275 2092 61 18 most
1360 2088 90 22 zealous
1473 2088 113 24 members
1610 2089 25 23 of
1661 2089 38 23 the
1722 2090 148 23 Association

1275 2127 89 23 formed
1376 2133 21 17 to
1411 2128 101 23 colonize
1525 2128 57 24 New
1590 2129 109 28 Zealand,
1713 2130 46 22 and
1771 2130 99 31 through

1276 2168 30 22 all
1318 2167 39 23 the
1369 2168 130 24 difficulties
1519 2168 53 23 with
1591 2169 75 23 which
1685 2170 39 22 the
1743 2170 85 23 friends
1848 2171 22 23 of

1277 2208 149 23 colonization
1433 2208 47 23 had
1487 2213 23 18 to
1519 2209 96 23 contend
1622 2210 36 22 for
1666 2210 87 22 several
1761 2218 73 22 years,
1841 2211 29 22 he

1276 2248 117 23 remained
1412 2248 79 31 steady
1510 2253 22 18 to
1551 2248 37 23 his
1607 2257 108 23 purpose.
1752 2250 77 22 When
1852 2251 18 22 it

1276 2295 45 15 was
1334 2288 141 24 determined
1487 2293 22 19 to
1529 2288 52 24 take
1602 2290 38 22 the
1659 2295 62 26 steps
1741 2290 73 23 which
1833 2291 37 23 led

1277 2332 22 18 to
1311 2328 39 22 the
1362 2328 121 24 formation
1496 2329 26 23 of
1531 2329 45 22 this
1589 2330 138 28 settlement,
1743 2330 47 23 Mr.
1801 2330 68 31 Hop-

1276 2375 40 24 per
1336 2368 79 31 joined
1437 2368 38 23 the
1498 2369 127 23 hazardous
1644 2370 155 31 undertaking
1816 2371 54 23 with

1277 2417 92 22 energy,
1384 2409 43 23 and
1438 2410 86 30 proved
1536 2410 35 23 his
1592 2411 128 23 conviction
1738 2411 31 31 by
1788 2412 82 31 sailing

1276 2449 23 22 in
1312 2448 38 24 the
1362 2448 50 24 first
1425 2450 138 30 expedition.
1601 2450 71 24 From
1684 2449 38 25 tlie
1736 2453 54 22 time
1803 2452 25 23 of
1833 2452 37 23 his

1277 2488 83 24 arrival
1371 2489 53 23 here
1435 2490 30 22 he
1477 2490 42 23 has
1531 2490 57 24 been
1602 2491 103 30 engaged
1716 2492 24 22 in
1753 2493 117 23 extensive

1277 2530 132 23 mercantile
1422 2531 159 23 transactions.
1619 2531 40 23 He
1672 2540 45 15 was
1730 2540 14 15 a
1762 2532 107 24 Director

1278 2572 25 23 of
1312 2572 38 24 the
1364 2572 91 24 Branch
1475 2573 24 23 of
1516 2573 37 24 the
1578 2574 80 24 Union
1672 2575 69 23 Bank
1765 2575 25 24 of
1805 2576 65 23 Aus-

1278 2613 67 23 tralia
1352 2622 6 19 ;
1377 2613 28 23 he
1418 2621 47 15 was
1477 2621 13 15 a
1500 2613 64 32 large
1574 2612 84 26 landed
1670 2616 127 30 proprietor
1807 2625 6 20 ;
1828 2616 42 23 and

1278 2661 25 15 as
1315 2653 29 23 he
1357 2661 45 15 was
1413 2654 140 31 universally
1564 2655 126 30 respected,
1710 2655 37 23 his
1760 2657 110 30 untimely

1278 2693 45 24 fate
1347 2693 46 23 will
1414 2693 30 23 be
1467 2694 101 31 severely
1586 2695 49 28 felt,
1655 2695 46 23 aud
1718 2695 56 31 long
1792 2696 78 31 deeply

1278 2735 122 29 regretted.

836 2973 246 17 THERMOMETER.

699 3001 70 18 Week
779 3001 85 22 ending
873 3001 91 22 Friday,
977 3001 129 22 September
1117 3001 33 22 19,
1162 3001 57 20 1840.

845 3293 115 17 LATEST
975 3293 105 17 DATES.

668 3320 99 24 London
1033 3320 68 31 April
1120 3322 39 27 25,
1181 3323 10 22 1
1198 3323 49 22 840.

668 3354 95 30 Sydney
1032 3353 94 31 August
1136 3356 38 26 14,
1183 3356 64 23 1840.

669 3387 93 23 Hobart
774 3387 83 23 Town.
866 3391 8 18 '.
1033 3386 63 31 Aug.
1111 3389 39 26 28,
1166 3390 71 22 1840.

1324 2787 52 24 The
1399 2788 111 24 schooner
1730 2790 90 23 arrived
1844 2798 28 15 on

1280 2829 109 30 Tuesday
1400 2829 52 27 last,
1470 2829 59 24 from
1547 2830 39 23 the
1606 2830 156 29 Launceston,
1782 2831 91 23 whence

1280 2869 40 23 she
1332 2869 72 24 sailed
1415 2878 30 15 on
1458 2869 38 24 the
1509 2870 46 23 2nd
1567 2871 94 22 instant.
1708 2871 47 23 She
1775 2871 41 23 has
1834 2876 40 19 not

1280 2909 118 24 furnished
1410 2918 27 15 us
1457 2910 56 23 with
1531 2918 44 23 any
1594 2919 91 23 papers,
1704 2911 43 23 but
1766 2919 32 16 we
1818 2912 56 23 have

1280 2949 59 24 been
1351 2950 112 23 informed
1475 2950 49 23 that
1541 2951 131 31 previously
1691 2956 22 18 to
1735 2952 38 23 the
1792 2952 82 31 sailing

1282 2991 24 27 o,f
1326 2991 48 22 this
1386 2991 81 28 vessel,
1488 2991 100 31 English
1601 2992 63 23 dates
1677 2997 22 18 to
1712 2992 39 23 the
1764 2992 41 24 Bth
1818 2993 55 30 May

1280 3030 45 23 had
1344 3031 56 22 been
1420 3031 104 24 received
1542 3036 24 19 at
1585 3032 92 23 Hobart
1699 3032 82 23 Town.
1825 3032 49 23 The

1282 3071 111 24 schooner
1586 3080 46 16 was
1648 3073 134 23 announced
1799 3078 21 18 to
1833 3073 41 23 sail

1282 3119 28 15 on
1322 3111 40 23 the
1374 3119 61 16 same
1454 3112 44 31 day
1511 3113 72 22 which
1595 3113 39 23 the
1830 3121 44 14 was

1282 3151 128 24 advertised
1422 3156 22 19 to
1458 3157 57 18 start
1526 3161 68 23 upon,
1609 3153 44 23 and
1663 3161 54 23 very
1724 3153 104 31 possibly
1835 3153 39 23 she

1282 3191 41 24 has
1337 3200 14 15 a
1362 3193 53 22 mail
1428 3193 35 23 for
1476 3193 58 24 Port
1546 3193 136 29 Nicholson,
1694 3193 74 23 which
1782 3201 32 15 we
1822 3201 52 23 may

1283 3236 83 27 expect
1378 3233 69 30 daily.

1315 3285 41 24 W.
1370 3285 131 30 Shortland,
1527 3286 67 31 Esq.,
1620 3286 104 23 Colonial
1743 3286 129 31 Secretary,

1283 3325 44 23 and
1340 3325 49 23 Mr.
1402 3325 85 29 Smart,
1503 3326 64 27 J.P.,
1582 3333 58 16 were
1651 3333 139 23 passengers
1802 3330 23 19 to
1838 3326 36 23 the

1284 3366 49 29 Bay
1346 3365 25 23 of
1387 3365 99 29 Islands,
1499 3367 23 22 in
1536 3366 73 23 H.M.
1622 3366 53 29 brig

676 3446 86 37 New
790 3446 200 37 Zealand
1019 3446 228 37 Gazette.

732 3503 65 19 AND
812 3503 180 19 BRITANNIA
1007 3503 181 19 SPECTATOR.

1316 3426 45 23 We
1374 3434 37 15 are
1422 3426 78 31 happy
1512 3431 22 19 to
1546 3426 28 23 be
1587 3426 51 24 able
1651 3431 22 19 to
1686 3431 59 19 state
1757 3427 49 23 that
1821 3427 54 23 sub-

1284 3467 109 31 criptions
1405 3471 23 19 to
1441 3474 13 15 a
1466 3466 63 31 large
1541 3471 94 19 amount
1646 3467 58 23 have
1716 3467 91 32 already
1820 3468 55 23 been

1285 3506 145 25 contributed
1441 3511 23 19 to
1477 3507 39 23 the
1527 3506 56 24 fund
1595 3507 24 23 in
1632 3507 36 23 aid
1688 3507 25 24 of
1729 3507 39 24 the
1786 3509 89 23 widows

1284 3548 45 23 and
1341 3547 102 23 children
1452 3547 42 23 left
1505 3547 25 23 in
1539 3555 14 15 a
1569 3547 124 24 distressed
1713 3553 60 19 state
1790 3549 31 30 by
1839 3549 36 24 the

1284 3587 104 24 accident
1398 3587 74 23 which
1489 3587 109 23 occurred
1616 3594 14 16 a
1648 3587 64 24 short
1731 3589 54 23 time
1804 3589 71 24 dince.

1285 3628 58 24 Late
1355 3628 44 23 last
1414 3628 98 30 evening
1529 3635 33 15 we
1581 3628 105 23 received
1703 3636 14 15 a
1734 3629 40 23 list
1792 3629 26 23 of
1839 3629 36 23 the

1285 3668 148 28 subscribers,
1448 3667 76 24 which
1536 3675 33 16 we
1581 3668 45 23 will
1639 3669 72 23 insert
1721 3669 26 23 in
1760 3677 40 15 our
1812 3673 63 19 next.

1926 2570 48 22 The
1985 2570 148 28 inexplicable
2143 2570 147 28 proceedings
2306 2570 27 22 of
2345 2570 36 22 the
2397 2577 96 20 govern-

1901 2611 63 18 ment
1973 2607 53 21 with
2035 2611 88 23 respect
2133 2611 22 18 to
2173 2607 38 22 the
2228 2607 151 22 colonization
2397 2607 26 22 of
2437 2607 56 22 New

1901 2644 99 21 Zealand
2014 2643 58 22 have
2087 2644 46 21 had
2152 2651 58 14 even
2229 2651 13 14 a
2260 2651 72 14 worse
2350 2643 71 22 result
2440 2643 53 22 than

1901 2681 63 21 those
1984 2681 136 26 anticipated
2137 2680 48 22 who
2203 2680 94 22 foresaw
2313 2680 68 22 much
2399 2681 26 21 of
2437 2680 57 22 their

1902 2717 44 21 evil
1957 2717 118 26 tendency.
2105 2712 38 26 An
2154 2716 130 28 expedition
2294 2716 41 22 has
2350 2717 71 21 sailed
2436 2718 57 20 from

1903 2753 108 22 Rochfort
2020 2753 35 22 for
2066 2753 35 22 the
2112 2761 96 19 purpose
2223 2753 26 22 of
2259 2753 100 27 forming
2376 2761 13 14 a
2406 2753 87 22 French

1903 2791 80 26 colony
1994 2791 22 21 in
2023 2790 56 22 New
2086 2790 101 22 Zealand
2195 2798 6 19 ;
2217 2790 45 22 and
2272 2792 40 20 riot
2322 2790 54 27 only
2385 2798 14 14 a
2407 2789 88 23 French

1903 2827 80 27 colony
1994 2827 22 21 in
2034 2824 60 24 what
2110 2834 45 14 was
2173 2826 95 22 deemed
2284 2826 46 22 and
2345 2826 87 22 treated
2448 2834 24 14 as
2482 2833 13 14 a

2090 2864 26 21 of
2132 2864 37 21 the
2190 2864 104 27 territory
2311 2864 27 21 of
2352 2864 56 21 New
2425 2862 70 23 South

2013 2900 46 22 and
2068 2900 112 22 therefore
2189 2904 50 24 part
2249 2900 26 21 of
2282 2899 38 22 the
2331 2899 83 22 British
2425 2899 70 22 domi-

1904 2937 72 27 nions,
1987 2937 41 22 but
2038 2944 13 14 a
2061 2944 73 15 penal
2145 2937 81 26 colony
2233 2936 23 21 in
2266 2936 37 21 the
2310 2934 185 28 neighbourhood

1905 2974 24 21 of
1936 2973 37 22 the
1985 2977 48 24 spot
2042 2973 73 21 where
2125 2973 39 21 the
2174 2972 60 27 body
2244 2972 26 21 of
2276 2972 38 21 the
2331 2972 99 24 Queen's
2444 2972 51 21 sub-

1901 3010 58 26 jects
1969 3010 49 21 who
2029 3009 123 27 emigrated
2161 3009 45 22 last
2221 3015 54 21 year
2291 3015 38 14 are
2346 3008 109 28 probably
2465 3008 30 27 by

1905 3046 43 20 this
1959 3046 52 20 time
2022 3045 142 21 established.

1931 3088 49 21 Our
1989 3088 144 22 information
2144 3095 29 15 on
2184 3088 38 22 the
2232 3088 88 28 subject
2329 3088 18 22 is
2359 3091 36 18 too
2411 3088 85 27 precise

1905 3125 45 21 and
1960 3125 114 22 authentic
2090 3128 23 18 to
2130 3125 72 22 admit
2219 3125 25 21 of
2256 3125 79 22 doubt.
2366 3125 21 22 It
2404 3132 92 21 appears

1905 3161 48 21 that
1962 3161 153 28 immediately
2125 3162 57 22 after
2192 3162 38 22 the
2239 3161 139 28 publication
2390 3162 27 21 of
2423 3170 14 13 a
2451 3168 45 16 cer-

1906 3198 46 21 tain
1962 3198 110 28 Treasury
2083 3198 97 28 Mimite,
2191 3199 95 27 bearing
2303 3198 52 22 date
2373 3198 51 22 19th
2435 3198 60 27 July,

1905 3236 62 24 1839,
1984 3234 104 28 whereby
2105 3235 38 22 the
2161 3235 144 27 sovereignty
2321 3234 27 22 of
2361 3234 38 22 the
2416 3233 80 23 British

1906 3271 79 22 Crown
2003 3271 24 22 in
2046 3272 55 21 New
2118 3272 102 21 Zealand
2237 3278 45 15 was
2301 3271 139 28 repudiated,
2460 3270 36 22 the

1905 3308 75 27 public
1990 3316 61 19 press
2062 3309 25 21 of
2094 3309 86 21 France
2190 3307 120 23 abounded
2328 3307 22 21 in
2368 3306 54 22 calls
2437 3313 59 21 upon

1906 3345 37 22 the
1953 3349 149 23 government
2112 3346 26 21 of
2145 3345 48 22 that
2202 3347 96 24 country
2314 3347 23 18 to
2354 3344 85 21 imitate
2457 3350 40 14 our

1906 3389 49 14 own
1966 3382 29 28 by
2013 3381 168 27 endeavouring
2201 3384 22 17 to
2242 3387 85 14 obtain
2338 3386 14 14 a
2363 3386 92 15 cession
2475 3377 24 22 of

1906 3419 103 27 territory
2020 3418 45 22 and
2074 3414 116 29 sovereign
2206 3415 69 27 rights
2292 3414 58 23 from
2368 3415 37 21 the
2423 3414 73 22 native

1906 3455 80 27 chiefs;
2001 3455 50 21 that
2065 3457 22 19 to
2105 3453 62 22 these
2184 3452 53 22 calls
2253 3451 38 22 the
2308 3453 150 26 government
2475 3448 24 23 of

1907 3492 85 21 France
2002 3499 56 19 gave
2068 3498 14 14 a
2096 3489 70 27 ready
2183 3495 44 19 ear,
2246 3487 65 22 while
2330 3495 40 14 our
2386 3494 51 15 own
2453 3492 43 15 was

1907 3528 109 26 throwing
2026 3535 67 19 every
2103 3525 97 29 possible
2211 3523 99 23 obstacle
2320 3524 25 22 in
2354 3523 38 23 the
2409 3531 49 19 way
2475 3521 24 22 of

1907 3565 37 22 the
1964 3564 83 23 British
2067 3563 96 27 subjects
2183 3561 54 21 then
2257 3560 70 22 about
2343 3563 22 19 to
2376 3560 106 27 emigrate
2490 3566 5 19 ;

1907 3601 48 23 that
1964 3609 13 13 a
1988 3607 110 21 company
2107 3598 40 22 has
2157 3598 57 21 been
2225 3596 88 23 formed
2330 3600 23 18 at
2370 3596 77 22 Havre
2463 3595 33 21 for

1907 3638 37 23 the
1954 3644 94 21 purpose
2065 3636 25 21 of
2103 3634 128 27 colonizing
2249 3633 57 22 New
2326 3633 107 26 Zealand,
2453 3631 43 23 and

1907 3674 40 22 has
1957 3672 106 23 obtained
2071 3672 58 21 from
2144 3671 37 21 the
2199 3673 149 24 government
2364 3676 14 14 a
2393 3671 66 24 grant
2475 3666 24 22 of

1907 3718 88 19 money,
2007 3716 14 14 a
2030 3708 95 22 number
2136 3707 25 21 of
2167 3714 54 14 men
2230 3706 82 28 picked
2321 3706 57 21 from
2389 3705 38 22 the
2435 3703 61 28 royal

1907 3754 66 20 navy,
1985 3746 45 21 and
2040 3753 13 14 a
2063 3751 138 15 commission
2213 3751 26 14 to
2249 3751 101 14 reserve
2359 3751 24 13 as
2392 3749 45 14 the
2448 3748 48 14 site

1907 3791 26 14 OF
1945 3791 13 13 A
1969 3789 72 15 PENAL
2052 3788 147 15 SETTLEMENT
2211 3788 13 13 A
2235 3788 66 13 FIFTH
2318 3787 27 14 OF
2362 3786 46 14 ANY
2425 3784 71 15 LANDS

1907 3827 76 14 which
1994 3826 61 14 they
2067 3825 71 14 shall
2149 3824 91 14 obtain.
2272 3816 49 21 One
2338 3814 49 28 ship
2404 3813 92 26 belong-

1906 3857 39 26 ing
1955 3859 21 17 to
1988 3855 42 22 this
2041 3861 109 20 company
2162 3854 40 21 has
2213 3852 91 27 already
2322 3851 80 27 sailed;
2419 3850 44 22 and
2480 3849 16 21 it

1907 3893 17 20 is
1934 3892 49 21 said
1993 3892 47 21 that
2050 3890 74 23 others
2134 3890 45 21 will
2188 3889 74 22 follow
2272 3887 122 29 presently.
2430 3885 67 23 Their

1907 3926 134 20 destination
2057 3926 18 20 is
2095 3925 84 21 Bank's
2190 3924 122 22 Peninsula
2330 3925 22 21 in
2369 3923 39 21 'the
2429 3921 67 24 South

1318 3729 52 24 The
1383 3729 110 23 attention
1506 3728 25 23 of
1546 3737 41 15 our
1600 3728 91 24 readers
1703 3730 19 22 is
1736 3729 100 23 directed
1854 3733 21 19 to

1285 3777 13 15 a
1308 3769 68 23 letter
1387 3768 100 23 inserted
1499 3769 23 22 in
1535 3768 95 23 another
1643 3768 90 23 column
1749 3769 59 22 from
1829 3768 46 23 Mr.

1285 3808 124 29 Monteith,
1429 3817 30 16 on
1472 3809 38 24 the
1529 3809 89 31 subject
1637 3809 24 24 of
1677 3810 159 22 resuscitation
1855 3808 20 23 of

1284 3856 97 23 persons
1408 3849 134 30 apparently
1572 3849 58 23 dead
1660 3848 59 24 from
1750 3848 125 30 drowning.

1287 3888 99 28 Coming
1395 3887 58 22 from
1466 3894 13 16 a
1491 3887 104 27 medical,
1614 3895 54 14 man
1686 3888 18 21 it
1715 3888 21 21 is
1748 3887 94 23 entitled
1853 3892 22 18 to

1285 3925 139 23 confidence.

795 3555 130 26 Saturday,
941 3554 64 22 Sept.
1021 3556 33 25 19,
1070 3557 59 21 1840.

704 3609 51 24 Our
762 3609 73 24 fellow
844 3609 115 24 Colonists
968 3617 37 16 are
1013 3617 49 16 now
1068 3610 77 31 busily
1152 3612 100 31 engaged

669 3650 23 22 in
706 3650 117 30 removing
835 3654 22 18 to
871 3649 129 29 Britannia,
1019 3650 45 22 and
1081 3650 110 32 building,
1214 3652 42 22 and

670 3689 117 31 enclosing
799 3689 54 23 land
871 3689 71 29 there,
962 3690 44 23 and
1024 3698 34 15 we
1079 3698 37 16 are
1135 3692 121 23 convinced

670 3730 59 23 their
741 3729 90 24 labours
840 3729 45 23 will
897 3734 40 18 not
944 3737 69 23 prove
1020 3731 158 30 unprofitable.
1215 3732 41 24 We

669 3770 58 30 hope
741 3777 36 15 ere
789 3769 54 31 long
861 3769 54 31 they
933 3770 46 23 will
996 3770 55 23 have
1071 3779 61 15 some
1153 3771 26 24 of
1200 3772 56 23 their

670 3810 54 22 time
736 3814 23 18 at
772 3809 124 29 command,
910 3810 45 23 and
965 3817 34 16 we
1011 3818 37 15 are
1070 3818 52 16 sure
1141 3811 54 31 they
1213 3811 43 23 will

670 3854 40 18 not
721 3849 27 23 be
762 3849 53 23 slow
828 3854 22 18 to
861 3849 127 24 undertake
1001 3850 37 23 the
1047 3850 87 24 several
1143 3848 113 35 measures

670 3888 26 23 of
710 3896 14 15 a
736 3888 75 31 public
823 3888 63 29 kind,
899 3889 75 24 which
987 3890 72 30 ought
1072 3894 23 19 to
1113 3890 28 24 be
1159 3883 97 37 brought

671 3928 47 21 into
731 3927 71 22 active
814 3928 124 28 operation.
976 3928 92 30 Among
1075 3928 62 25 them
1145 3937 31 16 we
1184 3935 48 17 wou
1234 3927 6 11 T
1237 3928 19 22 id

526 55 100 32 THE
651 54 365 35 NEW4ZEALAND
1038 52 225 32 GAZETTE
1286 51 103 32 AND
1412 51 276 32 BRITANNIA
1713 51 292 31 SPECTATOR;

1270 137 101 22 mention
1383 136 38 22 the
1433 135 106 30 Library,
1553 135 93 28 School,
1662 134 107 31 Savirigs'
1782 134 76 29 Bank,

1270 174 45 24 and
1326 175 157 30 Temperance
1496 174 99 31 Society,
1616 182 25 15 as
1658 174 95 23 entitled
1764 181 25 16 ro
1801 174 57 23 their

1270 214 92 23 earliest
1374 215 119 22 attention.

1951 134 169 24 SHIPPING
2140 127 276 31 INTELLIGENCE.

2108 192 153 21 ARRIVED.

1917 227 59 27 Sept.
1994 228 33 24 12,
2044 227 85 27 barque
2317 227 48 27 150,
2381 225 100 28 Rhodes,

1889 253 58 22 from
1957 253 38 21 the
2006 254 55 21 East
2070 253 78 26 Coast;
2164 253 72 21 maize
2248 252 45 22 and
2301 254 58 26 pigs.

1918 281 32 25 15,
1963 280 108 21 schooner
2274 280 48 26 150,
2337 279 58 22 from
2406 279 75 22 Laun-

1890 310 88 22 ceston;
1995 306 45 21 Mr.
2051 306 89 26 Brown,
2150 313 129 19 passenger.

1918 333 32 26 17,
1971 332 109 21 schooner
2306 332 35 27 70,
2358 332 123 27 Cummins,

1889 359 59 21 from
1958 359 38 21 the
2006 359 55 21 East
2070 359 67 21 Coast
2142 367 5 18 ;
2163 359 72 21 maize
2246 358 46 22 and
2301 359 56 26 pigs.

2124 412 121 21 SAILED.

1919 446 59 27 Sept.
1989 447 32 26 14,
2032 445 50 27 brig
2314 445 118 28 Richards,
2448 446 35 22 for

1891 472 98 27 Sydney.

1920 499 32 26 15,
1964 499 108 21 schooner
2249 499 93 27 Barker,
2355 499 35 21 for
2399 499 84 22 Banks'

1891 525 129 22 Peninsula.

1917 563 29 4 —
1946 569 6 9 ,
1960 552 85 27 barque
2219 552 98 27 Rhodes,
2328 555 22 18 to
2359 552 36 22 the
2404 552 78 22 South.

1919 580 33 24 16,
1962 579 66 21 H.M.
2039 579 49 27 brig
2281 579 95 27 Captain
2383 579 100 27 Stanley,

1891 605 35 21 for
1936 606 38 21 the
1985 606 47 27 Bay
2042 606 26 21 of
2079 605 97 22 Islands.

1917 643 28 4 —
1945 648 7 11 ,
1964 632 108 22 schooner
2269 632 35 21 for
2314 632 55 22 Port
2376 632 94 27 Cooper.

2120 688 33 16 IN
2171 688 85 16 PORT.

1922 721 77 20 Cutter
2178 721 134 25 Lockwood,
2338 737 3 3 .

1922 746 85 28 Barque
2214 746 137 23 Kettlewell.

1922 773 51 27 Ship
2202 774 87 21 Clarke.

1990 798 193 23 "Corom'andel."

1922 826 113 21 Schooner
2201 826 82 21 Munn.

2072 853 61 23 Sally
2238 851 122 23 Cuniiriiris.

1892 927 40 22 TO
1947 927 63 22 THE
2030 927 118 22 EDITOR
2164 927 39 21 OF
2218 927 64 22 THE
2326 927 71 22 NEW
2412 927 74 23 ZEA-

2053 961 88 22 LAND

1303 273 45 24 We
1360 274 44 23 feel
1415 274 50 23 that
1477 282 41 15 our
1532 273 94 32 journal
1638 273 53 23 does
1710 277 42 20 not
1769 278 91 27 present

1271 314 48 24 that
1327 315 89 30 variety
1435 314 26 24 of
1475 318 82 19 matter
1575 318 23 19 to
1617 314 74 23 which
1710 322 42 15 our
1769 314 91 23 readers

1271 361 37 16 are
1320 353 102 24 entitled.
1459 353 35 24 At
1505 358 92 27 present
1608 353 39 23 the
1661 358 91 26 greater
1769 358 52 26 part
1839 353 24 23 of

1271 401 41 15 our
1325 393 54 23 tihie
1422 393 109 32 occupied
1541 394 25 22 in
1577 393 105 30 building
1693 392 95 24 another
1797 393 64 22 office

1271 433 44 23 and
1337 434 119 30 removing
1475 441 42 15 our
1535 433 181 29 establishment,
1737 433 43 23 and
1805 441 25 15 as
1849 441 12 15 a

1271 480 131 24 newspaper
1414 473 24 23 in
1451 481 24 15 so
1489 473 66 23 small
1562 482 14 14 a
1583 473 141 30 community
1732 473 46 23 will
1784 473 77 30 barely

1270 519 45 25 pay
1325 513 32 23 its
1368 521 57 23 way,
1443 521 58 15 even
1519 513 53 23 with
1592 513 37 23 the
1647 517 61 19 most
1725 513 136 23 economical

1271 558 167 26 management,
1458 561 34 15 we
1509 561 37 15 are
1564 553 90 31 obliged
1673 557 22 19 to
1715 553 147 31 superintend

1272 592 133 31 everything
1418 593 123 28 ourselves,
1554 592 75 23 which
1640 593 20 22 is
1673 600 41 16 our
1734 600 82 15 excuse
1828 592 33 24 for

1272 637 110 26 apparent
1402 633 91 30 neglect
1501 642 6 20 ;
1520 633 42 23 but
1572 640 34 16 we
1623 637 82 26 expect
1723 633 83 30 during
1825 633 36 23 the

1272 673 98 30 ensuing
1382 680 23 16 or
1417 673 117 31 following
1544 673 66 23 week
1618 680 35 16 we
1665 673 59 23 shall
1736 673 28 23 be
1780 673 25 22 in
1822 680 40 16 our

1272 720 48 15 new
1332 713 73 28 office,
1429 713 67 23 when
1519 721 33 15 we
1574 713 47 23 will
1640 713 68 30 again
1727 713 80 23 devote
1825 713 37 22 the

1272 752 71 23 whole
1357 752 25 23 of
1392 760 39 15 our
1449 753 54 23 time
1520 757 21 19 to
1560 753 47 23 this
1626 760 79 23 paper.
1804 752 59 31 hope

1272 797 22 18 to
1305 792 29 23 be
1347 792 50 23 able
1409 797 23 18 to
1444 800 90 16 remove
1546 797 23 18 to
1582 793 121 23 Britannia
1713 793 96 23 without
1816 792 46 24 dis-

1272 832 93 30 turbing
1374 832 36 23 the
1422 833 124 30 regularity
1555 832 25 23 of
1590 840 41 15 our
1639 834 82 27 issues,
1734 833 42 22 but
1783 833 80 23 should

1272 872 38 22 the
1332 879 70 24 paper
1421 872 40 22 fail
1480 876 23 19 to
1523 879 83 24 appear
1624 876 57 18 next
1698 872 66 23 week
1783 880 24 15 or
1826 873 37 22 the

1273 911 115 30 Saturday
1399 912 123 30 following,
1535 912 18 22 it
1570 912 46 22 will
1639 912 59 22 arise
1717 916 41 18 out
1776 912 24 23 of
1820 912 43 23 bad

1272 953 100 24 weather
1384 954 135 31 interfering
1530 953 56 24 with
1597 957 42 20 dur
1651 959 171 26 arrangements
1840 956 23 22 in

1273 995 126 29 removing.

789 3047 44 12 lorn.

882 3043 57 16 Even.

984 3043 60 16 Wind.

1116 3043 90 17 Weather.

675 3085 22 15 iat

675 3107 36 14 !un.
730 3116 18 5 ...

675 3126 43 16 ilon.
730 3137 17 5 ...

675 3147 46 16 ?ues.
730 3158 18 5 ...

675 3168 42 15 Veil.
731 3178 18 5 ...

675 3189 74 16 ?hurs...

675 3209 23 16 i-ri

793 3084 21 16 47

794 3106 20 15 50

793 3126 21 15 55

794 3147 20 16 55

794 3168 21 15 50

795 3188 20 15 50

794 3208 21 16 47

900 3086 21 15 50

900 3106 21 15 50

900 3126 21 16 50

900 3147 20 16 55

900 3168 21 15 50

901 3189 20 15 50

901 3209 20 16 49

996 3084 51 17 N.W.
1076 3084 53 16 Rain.

998 3105 50 17 N.W.
1076 3106 51 16 Fine.

997 3126 50 16 N.W.
1076 3126 50 17 Fine.

996 3147 51 16 N.W.
1077 3147 53 16 Rain.

997 3168 51 15 N.W.
1077 3168 50 16 Fine.

997 3189 40 15 S.E.
1077 3189 50 16 Fine.

997 3209 44 16 N.E.
1078 3209 50 16 Fine.

688 3251 54 16 Mean
747 3263 5 4 .

792 3251 47 16 50.60
859 3250 3 22 |

903 3251 48 16 50.60

743 137 71 20 TEN
833 136 136 20 POUNDS
986 134 171 22 REWARD!

659 169 97 32 rpWO
766 169 134 22 CHINESE
911 169 77 26 PIGS,
994 168 122 27 belonging
1123 171 23 18 to
1152 167 88 23 Messrs.

665 190 30 28 JL
734 196 94 21 Hanson
839 195 45 21 and
893 195 102 24 Alzdorf,
1007 198 23 18 at
1046 194 38 22 the
1100 197 48 18 east
1162 195 44 21 end
1221 193 24 22 of

658 223 60 31 the^
725 222 81 26 Beach,
834 221 84 27 Petoni,
944 221 58 21 have
1026 221 58 21 been
1105 220 137 27 maliciously

657 249 117 27 poisoned.
801 243 112 26 Whoever
924 254 40 14 can
976 247 49 27 give
1036 247 55 21 such
1100 247 141 21 information

658 283 25 13 as
699 275 45 21 will
760 275 50 21 lead
827 278 22 18 to
866 274 37 21 the
922 274 125 21 conviction
1066 273 25 21 of
1109 273 37 21 the
1162 273 81 28 parties

659 301 132 27 concerned,
803 301 44 21 will
857 301 87 21 receive
955 300 36 22 the
1002 300 69 21 above
1081 299 91 22 reward.

725 354 282 22 POSTPONEMENT
1023 354 42 20 OF
1081 353 95 21 SALE.

659 385 91 36 rpHE
768 388 49 21 Sale
835 387 26 22 of
878 387 103 25 WOOD,
999 387 47 26 &c,
1066 386 134 22 announced
1215 386 28 28 by

666 408 30 28 JL
734 414 111 21 handbills
861 414 34 21 for
910 413 43 22 this
964 413 42 26 day
1022 413 136 27 (Saturday,)
1174 416 23 18 at
1207 413 35 21 the

657 441 70 22 house
739 441 25 21 of
775 441 44 21 Mr.
827 440 67 27 Binn,
904 447 29 14 on
943 440 38 21 the
988 440 69 21 River
1065 440 64 25 Hutt,
1140 440 18 21 is
1169 447 68 14 neces'

658 468 67 26 sarily
735 466 129 28 postponed.
894 466 50 22 Due
955 467 73 21 notice
1038 466 45 22 will
1098 466 27 21 be
1141 466 66 26 given
1223 466 24 21 of

658 501 13 14 a
681 494 74 21 future
765 494 43 26 day
819 494 26 21 of
856 492 53 23 sale.

658 548 52 48 A
718 547 106 22 GREAT
838 546 159 23 ADDITION
1005 549 22 19 to
1037 546 38 22 the
1085 549 89 25 present
1184 546 60 22 stock

739 574 25 21 of
771 573 197 22 STATIONERY
976 573 40 21 has
1022 574 48 26 just
1076 573 58 21 been
1144 572 100 22 received

659 604 24 18 at
696 601 38 22 the
904 600 78 26 Office,
997 607 40 19 per

659 627 45 22 and
713 627 45 22 will
768 628 27 20 be
804 626 34 22 for
849 626 45 22 sale
904 630 23 18 at
941 626 38 21 the
993 626 56 21 New
1067 625 77 28 Office,
1160 630 23 17 at
1197 626 47 23 Bri-

658 654 85 26 tannia,
755 653 70 22 which
835 653 45 22 will
893 654 29 21 be
932 653 86 27 opened
1027 653 68 21 about
1108 656 43 17 two
1166 653 77 22 week's

658 680 80 22 hence.

835 734 113 20 LOCAL
962 734 107 19 BANK.

661 767 91 48 THE
771 767 214 22 PROVISIONAL
1005 767 185 22 COMMITTEE
1207 774 37 14 an-

734 802 88 14 nounce
838 794 49 21 that
903 794 42 21 this
963 793 63 21 Bank
1043 793 43 21 Will
1103 794 27 20 be
1145 795 69 26 ready
1223 797 20 17 to

658 828 29 19 go
697 821 47 21 into
755 820 112 28 operation
878 828 25 13 as
915 828 54 14 soon
984 820 55 21 after
1054 820 37 21 the
1109 820 98 27 delivery
1223 820 24 22 of

659 847 38 22 the
706 847 68 22 Town
786 847 75 21 Lands
870 854 24 14 as
904 847 103 27 possible.

861 902 70 20 FOR
946 901 96 25 SALE,

659 934 140 48 HOUSE
810 934 71 26 doors,
892 934 54 21 with
956 934 87 26 frames,
1056 933 116 28 complete.

769 961 87 21 French
866 964 88 23 cottage
964 960 112 22 windows.

770 988 101 21 Two-cut
882 987 68 22 deals.

769 1014 99 21 Battens.

769 1040 53 22 Port
831 1040 124 22 Nicholson
965 1040 87 22 boards.

770 1068 63 21 Ditto
843 1067 68 27 plank
922 1067 45 21 and
977 1067 116 26 scantling.

688 1094 58 21 Now
754 1098 22 17 at
783 1094 85 27 Petoni,
875 1094 41 21 but
926 1094 45 21 will
980 1094 27 21 be
1018 1094 48 21 sold
1076 1093 133 23 deliverable
1219 1101 26 15 on

660 1121 39 21 the
708 1121 72 22 beach
790 1124 23 18 at
826 1119 124 23 Britannia.

837 1154 24 21 T.
878 1154 33 22 M.
928 1154 182 21 PARTRIDGE
1120 1154 45 21 and
1175 1155 44 21 CO.

689 1181 59 26 Sept.
761 1183 32 24 10,
805 1182 60 20 1840.

809 1236 158 20 FENCING
983 1235 113 21 POLES.

661 1268 93 48 MR.
779 1268 143 21 TELFORD
941 1268 19 21 is
979 1268 126 21 authorised
1124 1272 23 17 to
1163 1270 82 22 receive

754 1294 74 22 orders
838 1295 35 21 for
882 1295 44 21 this
937 1295 83 27 article,
1032 1299 22 17 to
1064 1295 28 22 be
1103 1295 113 22 delivered
1226 1300 20 17 at

660 1321 81 27 Lowry
746 1322 54 26 Bay,
809 1321 36 21 the
854 1321 75 22 Beach
937 1325 23 18 at
968 1322 85 26 Petoni,
1063 1329 24 14 or
1095 1326 23 17 at
1125 1322 120 23 Britannia.

816 1357 104 22 HOUSE
936 1357 62 22 FOR
1012 1358 86 22 SALE.

688 1391 58 22 That
760 1391 49 22 well
824 1390 96 23 finished
934 1391 45 22 and
993 1394 67 18 water
1075 1391 57 27 tight
1147 1391 98 23 Wooden

660 1418 86 26 House,
758 1418 105 26 occupied
872 1418 31 26 by
915 1418 43 21 Mr.
971 1418 71 21 Grace
1049 1426 5 18 ;
1072 1420 26 19 14
1108 1418 45 21 feet
1162 1426 82 20 square,

660 1445 45 21 and
716 1446 26 24 7£
755 1444 45 22 feet
814 1444 52 27 nigh
883 1445 23 20 in
925 1444 37 22 tlie
980 1444 65 22 walls.
1076 1444 22 21 It
1113 1445 18 21 is
1148 1445 36 21 the
1200 1446 47 21 best

659 1471 77 22 model
746 1472 26 21 of
783 1479 12 13 a
805 1471 145 22 comfortable
960 1471 63 22 small
1033 1471 69 22 house
1112 1475 38 23 yet
1159 1472 57 22 built
1224 1474 21 20 in

660 1498 39 21 the
710 1498 92 26 Colony.

688 1525 123 26 Britannia,
829 1524 58 28 Sept.
899 1526 33 25 18,
944 1526 61 21 1840.

864 1580 69 19 FOR
949 1579 95 25 SALE,

663 1611 163 49 SEVERAL
835 1611 45 22 late
891 1612 106 21 numbers
1006 1613 25 20 of
1043 1612 88 22 choices
1141 1613 35 21 for
1185 1613 61 22 Land

727 1639 23 21 in
762 1639 35 21 the
809 1639 57 21 First
873 1639 44 21 and
927 1639 110 27 Principal
1045 1640 132 21 Settlement
1183 1648 5 19 ;
1204 1640 43 22 and

816 1672 137 21 WANTED
967 1672 40 21 TO
1022 1672 69 27 BUY,

661 1698 50 22 One
722 1706 24 14 or
756 1702 42 17 two
809 1699 95 21 sections
915 1699 25 20 of
951 1706 30 14 an
991 1699 61 27 early
1061 1699 83 22 choice.
1173 1700 74 28 Apply

660 1729 24 18 to
695 1726 29 21 A.
734 1725 36 22 W.
781 1725 81 26 Shand,
880 1725 64 22 Land
955 1726 75 26 Agent
1042 1726 45 21 and
1097 1727 148 22 Accountant.

900 1782 107 19 LAND.

659 1815 186 47 WANTED,
862 1815 100 21 Sections
978 1815 50 22 with
1041 1816 69 21 Town
1122 1816 76 26 Acres,
1210 1816 37 21 be-

741 1856 5 5 -
758 1845 70 18 tween
853 1842 55 21 Nos.
931 1844 41 19 200
997 1842 43 21 and
1063 1844 47 21 300.
1151 1843 96 22 Address

660 1868 31 21 X.
702 1867 28 22 Y.
741 1869 33 26 Z.,
786 1872 22 17 at
818 1868 37 21 the
1023 1869 78 22 Office.

689 1895 64 24 April
764 1897 19 22 9.
795 1896 60 21 1840.

661 1939 163 45 PERSONS
835 1940 94 24 wishing
939 1943 23 16 to
973 1940 86 24 dispose
1070 1942 25 18 of
1101 1941 68 19 Town
1178 1942 70 19 Aoees

741 1964 23 19 in
784 1964 37 19 the
845 1964 184 25 neighbourhood
1049 1964 25 20 of
1094 1964 40 21 Dr.
1155 1964 92 21 Evans's

661 1989 77 26 house,
751 1989 44 21 and
805 1992 23 18 at
837 1989 37 21 the
885 1989 58 21 head
954 1990 27 20 of
991 1990 37 20 the
1038 1990 55 26 Bay,
1106 1997 51 19 may
1171 1990 48 21 find
1236 1997 12 14 a

660 2016 121 27 purchaser
790 2016 30 27 by
830 2015 107 28 applying
946 2020 22 17 to
976 2016 43 21 Mr.
1028 2016 24 21 F.
1060 2016 28 21 A.
1098 2016 148 27 Molesworth,

661 2043 83 26 stating
755 2042 36 21 the
802 2044 95 19 number
907 2043 27 20 of
944 2043 38 20 the
992 2050 50 14 acre
1052 2043 46 21 and
1107 2043 38 21 the
1155 2044 65 26 price.

833 2098 104 20 TOWN
953 2098 122 20 ACRES.

661 2133 51 47 A
722 2132 106 22 LARGE
844 2131 94 22 number
948 2131 27 25 of
985 2131 67 21 Town
1064 2131 77 26 Acres,
1153 2131 94 22 situated

740 2159 24 21 in
775 2159 86 21 various
871 2163 61 22 parts
948 2158 26 22 of
987 2156 122 28 Britannia,
1127 2163 23 17 to
1166 2158 27 22 be
1211 2165 36 14 ex-

661 2185 109 30 changed,
781 2185 54 26 sold,
848 2185 44 21 and
908 2185 38 25 let,
965 2185 53 21 with
1033 2192 25 14 or
1074 2185 93 21 without
1183 2185 64 21 lease.

661 2213 71 21 Acres
744 2212 42 22 will
796 2213 28 21 be
835 2211 142 22 sub-divided
987 2215 22 17 to
1017 2212 44 21 suit
1068 2211 129 28 purchasers
1205 2211 44 22 and

661 2243 97 17 tenants.
789 2239 132 21 Immediate
931 2239 123 26 possession
1065 2238 44 22 will
1119 2239 28 21 be
1157 2238 73 27 given.

689 2266 44 21 For
743 2265 86 22 further
838 2265 139 28 particulars,
988 2265 66 27 apply
1064 2269 23 17 to

925 2298 128 22 DUDLEY
1068 2298 153 22 SINCLAIR.

690 2326 131 27 September
829 2327 20 25 8,
860 2326 62 21 1840.

890 2380 44 20 TO
950 2380 74 24 LET,

663 2414 121 48 TOWN
799 2413 104 27 ACRES,
918 2415 40 20 245
975 2413 43 22 and
1033 2415 47 20 392.
1110 2413 43 21 For
1165 2413 84 21 further

742 2441 136 28 particulars,
900 2441 91 27 enquire
1010 2444 23 18 at
1052 2440 37 22 the
1134 2440 94 22 Gazette

664 2467 78 22 Office.

690 2494 123 26 Britannia,
826 2494 59 27 Sept.
897 2496 35 20 10.

891 2550 45 20 TO
950 2550 76 24 LET,

664 2582 121 49 TOWN
798 2582 105 27 ACRES,
919 2584 41 20 394
976 2582 43 22 and
1033 2583 48 21 395.
1111 2582 44 22 For
1165 2582 85 23 further

740 2606 138 30 particulars,
891 2610 92 27 enquire
995 2610 24 21 of

839 2643 25 22 T.
881 2643 33 22 M.
931 2643 182 22 PARTRIDGE
1124 2643 44 22 and
1179 2644 45 21 CO.

693 2671 60 26 Sept.
765 2672 32 25 10,
808 2671 60 20 1840.

664 2724 105 49 NOW
786 2724 103 27 Landing
901 2724 57 21 from
972 2724 37 21 the
1178 2727 9 20 1
1204 2733 47 14 case

747 2751 26 22 of
779 2751 99 22 muskets
892 2751 45 21 and
946 2753 10 20 1
969 2759 49 14 case
1030 2752 25 21 of
1067 2752 104 21 Oxonian
1181 2752 70 22 shoes.

846 2785 25 21 T.
885 2785 32 21 M.
929 2785 182 22 PARTRIDGE
1122 2786 45 21 and
1177 2787 46 21 CO.

692 2812 56 27 July
758 2813 20 25 3,
790 2813 62 20 1840.

665 2859 159 49 BUTTER,
841 2859 23 22 in
882 2859 85 27 firkins,
984 2859 34 22 for
1035 2860 49 21 Sale
1099 2860 30 27 by
1146 2860 37 22 the
1198 2862 54 21 Sub-

743 2886 101 21 scribers.

828 2913 26 21 T.
872 2913 31 21 M.
922 2912 183 23 PARTRIDGE
1120 2914 45 21 and
1180 2915 46 21 CO.

133 139 247 26 GOVERNMENT
398 140 139 24 NOTICE.

242 178 100 22 Colonial
353 178 137 28 Secretarj^
497 178 78 26 Office,

325 205 94 26 Russell,
433 205 52 21 18th
496 205 60 27 July,
568 205 60 21 1840.

71 239 87 22 SALE
174 238 43 21 OF
233 238 104 20 TOWN
352 238 246 20 ALLOTMENTS.

42 273 70 49 AT
127 273 97 26 NOON,
240 280 28 14 on
284 272 145 26 MONDAY,
446 272 37 20 the
494 272 52 20 12th
555 272 44 26 day
609 272 24 20 of

122 299 98 21 October
230 302 61 23 next,
303 299 37 21 the
349 298 99 22 Colonial
457 298 119 21 Treasurer
587 298 43 21 will

41 331 41 24 put
91 333 30 24 up
132 329 23 17 to
165 325 105 27 Auction,
283 328 23 18 at
316 325 37 21 the
364 324 100 22 Colonial
480 324 76 27 Office,
573 325 57 21 Rus-

42 353 47 25 sell,
101 351 36 23 the
149 352 203 21 undermentioned
361 351 69 21 Town
442 350 142 27 Allotments,
600 358 29 14 on

43 379 38 23 the
89 386 68 15 terms
167 378 129 22 authorised
305 378 30 27 by
346 375 161 24 Government.

69 411 97 23 Further
181 411 144 22 information
337 411 126 26 respecting
480 410 61 22 these
557 410 73 22 Allot-

42 442 73 19 ments
134 445 54 20 may
205 439 27 20 be
252 437 104 22 obtained
374 437 59 21 from
452 437 37 21 the
510 437 120 32 Surveyor-

43 465 106 26 General,
165 464 45 22 and
222 465 125 26 respecting
356 463 37 22 the
404 467 68 17 terms
482 463 26 21 of
518 463 45 22 sale
573 465 56 20 from

42 492 38 22 the
90 491 102 22 Colonial
201 491 126 21 Treasurer.

96 525 112 22 Russell.
210 536 30 4 —
242 524 89 21 Section
346 525 19 25 1,
383 523 127 22 allotments
520 522 53 23 Nbs.
584 524 11 21 1
607 526 23 18 to

268 552 34 25 23,
311 550 108 21 inclusive
424 558 5 18 ;
442 550 53 21 each
502 550 128 26 containing

269 576 52 22 half
332 584 28 14 an
371 583 57 20 acre,
440 583 62 15 more
512 583 24 14 or
546 576 49 21 less.

243 604 90 21 Section
343 604 20 25 2,
379 603 128 21 allotments
520 602 54 22 Nos.
586 604 9 20 1
607 606 23 18 to

270 632 34 23 14,
309 630 108 21 inclusive
423 637 5 19 ;
440 629 54 22 each
501 630 130 26 containing

269 656 52 21 half
332 663 28 14 an
370 663 58 19 acre,
439 663 62 14 more
512 663 24 14 or
545 656 50 21 less.

71 698 49 23 Full
129 697 132 27 particulars
271 698 26 21 of
308 697 37 21 the
356 698 70 20 above
443 696 127 22 allotments
586 696 44 22 will

42 727 28 21 be
81 724 117 29 published
209 731 29 14 on
249 731 28 14 an
289 724 60 26 early
360 724 50 26 day.

70 764 116 23 NOTICE
214 764 28 21 IS
265 764 79 21 ALSO
369 763 130 21 HEREBY
523 762 106 26 GIVEN,

42 792 49 21 that
106 790 38 23 the
159 790 138 21 Allotments
311 790 24 21 in
351 790 96 21 sections
463 791 20 25 3,
493 791 20 25 4,
523 790 21 25 5,
556 786 45 25 and
609 792 19 24 6,

43 826 37 14 are
90 824 58 21 open
158 817 35 21 for
202 817 113 25 selection,
327 816 44 21 and
384 823 52 20 may
450 816 28 21 be
494 816 87 27 applied
597 816 34 21 for

42 845 24 21 in
78 844 35 22 the
125 844 63 21 usual
202 850 48 20 way
257 851 5 19 ;
285 843 64 21 when
366 842 53 27 they
429 842 45 22 will
483 843 27 20 be
520 847 40 22 put
569 850 29 19 up
609 846 21 17 to

43 872 78 21 Public
139 870 106 26 Auction,
264 869 56 22 after
334 870 83 26 having
433 870 57 20 been
508 869 121 26 measured,

43 898 45 21 and
97 896 127 23 advertised
232 896 119 26 according
360 900 22 17 to
398 896 155 21 Government
567 903 64 19 regu-

43 924 89 22 lations.

71 965 21 21 A
104 963 52 28 plan
168 963 25 21 of
204 962 38 21 the
254 962 69 22 Town
340 963 25 21 of
382 962 89 22 Russell
485 969 53 20 may
553 962 28 21 be
597 962 34 21 in-

44 990 95 28 spected,
162 989 45 22 and
224 996 67 20 every
309 989 144 21 information
474 988 110 27 obtained,
602 995 29 14 on

43 1017 135 28 application
189 1020 23 17 to
223 1015 38 22 the
271 1016 120 26 Surveyor-
395 1015 106 22 General!

124 1058 36 26 By
170 1057 42 22 His
222 1056 155 28 Excellency's
387 1056 127 27 command,

218 1084 53 26 (For
282 1084 38 21 the
330 1084 101 21 Colonial
442 1084 134 26 Secretary.)

261 1124 62 21 JAS.
335 1124 120 21 STUART
470 1124 160 21 FREEMAN.

53 1180 131 22 NOTICE
210 1180 44 20 TO
278 1180 246 20 LANDOWNERS
548 1180 75 20 AND

262 1206 148 21 AGENTS.

45 1239 250 49 LANDOWNERS
306 1239 44 21 and
362 1239 120 21 AGENTS
489 1239 113 27 requiring
609 1242 22 18 to

107 1267 27 21 be
146 1266 75 21 shewn
232 1266 57 21 their
299 1266 68 21 Town
378 1266 78 25 Acres,
468 1273 36 14 are
515 1266 117 27 requested

45 1298 23 17 to
79 1293 54 22 send
142 1294 23 20 in
181 1293 58 21 their
254 1293 146 27 applications
413 1293 22 20 in
453 1293 87 26 writing
556 1296 21 18 to
594 1292 37 22 the

45 1319 228 27 Surveyor-General,
283 1322 22 18 at
311 1319 56 21 least
377 1326 42 14 one
430 1319 45 31 day
483 1319 75 21 before
566 1327 5 18 ;
588 1319 44 21 and

45 1350 22 18 to
84 1347 27 21 be
128 1349 23 17 at
167 1345 34 22 his
217 1346 70 21 Office
301 1346 31 26 by
346 1347 25 20 10
387 1343 87 24 o'clock
490 1353 29 13 on
534 1345 38 22 the
589 1346 43 27 day

44 1372 126 29 appointed,
184 1372 63 22 when
264 1380 14 14 a
294 1373 111 26 Surveyor
420 1372 44 21 will
479 1372 27 21 be
523 1372 68 27 ready
609 1376 22 18 to

46 1399 77 22 attend
133 1399 69 21 them.

157 1454 176 20 WEARING
351 1454 172 20 APPAREL.

45 1487 93 49 JUST
153 1487 165 26 RECEIVED,
334 1487 45 21 and
388 1494 29 14 on
429 1487 50 21 Sale
489 1490 23 18 at
522 1487 36 22 the
570 1488 61 21 Store

109 1514 26 21 of
148 1514 37 21 the
195 1514 157 26 undersigned,

71 1548 53 21 Two
134 1547 80 21 trunks
222 1547 147 28 gentlemen's
379 1547 45 22 fine
431 1554 98 15 summer
536 1548 97 26 wearing

45 1573 96 29 apparel,
153 1574 43 21 viz.
205 1582 5 12 :
211 1587 27 3 —

72 1607 116 28 Superfine
198 1606 60 23 cloth
268 1607 104 27 shooting
381 1611 68 23 coats,

73 1634 116 28 Superfine
197 1634 67 21 black
273 1634 61 21 dress
344 1638 66 23 coats,

71 1660 117 28 Superfine
198 1660 65 21 black
274 1664 103 24 surtouts,

71 1687 117 32 Superfine
196 1687 66 21 black
273 1688 123 21 waistcoats
405 1687 46 22 and
461 1691 106 24 trowsers,

73 1713 92 22 Printed
175 1714 54 21 cord
238 1717 108 23 trowsers,

72 1741 149 26 Kerseymere
231 1743 108 25 trowsers,

71 1766 103 28 Taglioni
186 1770 66 23 coats,

71 1794 76 21 White
158 1794 53 21 cord
221 1797 108 23 trowsers,

71 1820 75 21 White
157 1824 96 17 cantoon
264 1824 108 24 trowsers,

71 1847 75 21 White
157 1850 96 18 cantoon
264 1848 54 21 cord
327 1851 67 21 coats.

72 1873 89 22 Shrunk
172 1874 59 21 linen
243 1874 49 21 drill
307 1877 107 24 trowsers,

71 1900 94 22 Twilled
175 1900 59 21 cloth
245 1904 102 24 surtouts,

72 1926 75 22 Check
156 1927 87 21 merino
254 1931 107 22 trowsers,

72 1953 110 21 Coloured
193 1956 96 17 cantoon
300 1957 107 22 trowsers;

71 1979 55 20 Fine
137 1978 95 26 quilling
242 1979 130 26 waistcoats,

71 2004 61 23 Drab
143 2004 92 21 doeskin
247 2008 107 23 trowsers,

72 2031 88 27 Striped
169 2031 70 21 union
252 2034 107 24 trowsers,

72 2058 67 27 Light
150 2058 109 21 Valencia
268 2058 130 27 waistcoats,

72 2084 55 23 Buff
137 2084 80 21 welted
228 2084 130 27 waistcoats,

73 2112 54 21 Fine
139 2110 58 22 chali
207 2111 132 27 waistcoats,

72 2137 70 24 Black
154 2138 61 21 dress
225 2138 81 26 stocks,

73 2164 66 23 India
148 2161 82 25 rubber
240 2168 78 24 straps.

197 2206 45 14 ONE
257 2206 65 19 BALE,
339 2206 141 14 CONTAINING

71 2234 125 21 Beverteen
207 2236 108 22 trowsers,
325 2232 61 21 lined
397 2232 45 22 and
452 2232 99 27 unlined,

72 2260 123 22 Beverteen
207 2258 45 22 and
262 2258 108 22 moleskin
383 2259 94 27 jackets.

72 2286 91 22 Fustian
177 2285 104 27 shooting
295 2290 67 22 coats,

72 2312 142 26 Swansdown
226 2312 43 21 and
280 2312 108 21 Valencia
398 2312 131 27 waistcoats,

73 2339 95 23 Flannel
179 2338 87 28 jackets
276 2338 46 22 and
332 2339 88 22 sleeved
429 2340 131 26 waistcoats,

73 2366 108 26 Flushing
191 2368 61 19 coats
262 2366 45 21 and
316 2370 108 22 trowsers,

72 2394 46 21 Pea
129 2392 88 27 jackets
228 2392 43 21 and
282 2392 54 26 pilot
349 2396 67 22 coats,

73 2420 99 21 Canvass
182 2418 46 22 and
236 2418 60 23 duck
306 2422 108 19 trowsers.

72 2453 50 22 One
131 2452 46 22 box
189 2452 110 27 superfine
310 2452 95 22 London
416 2453 82 21 beaver
507 2452 58 22 hats.

354 2486 146 22 WILLIAM
515 2486 92 22 LYON.

46 2540 172 22 SHINGLES
227 2540 4 21 !
248 2540 170 21 SHINGLES
427 2540 5 21 !
449 2541 169 20 SHINGLES
628 2540 5 21 !

48 2573 91 49 THE
154 2573 156 27 Undersigned
325 2573 38 22 has
374 2573 33 22 for
418 2574 50 21 Sale
480 2574 63 21 ONE
556 2574 80 22 HUN-

115 2601 85 20 DRED
210 2600 171 22 THOUSAND
389 2601 86 21 VERY
482 2601 154 21 SUPERIOR

48 2627 71 23 NEW
129 2627 150 21 ZEALAND
290 2627 163 22 SHINGLES.

360 2661 147 22 WILLIAM
517 2661 91 22 LYON.

236 2716 44 20 TO
294 2716 43 20 BE
353 2716 94 24 SOLD,

50 2751 51 47 A
125 2749 105 21 SMALL
258 2749 189 22 THRASPIING
479 2749 156 28 MACHINE,

115 2775 57 21 flour
189 2776 47 21 mill
254 2776 52 22 with
322 2776 84 27 trench,
425 2777 71 26 burrs,
515 2784 13 14 a
544 2777 93 22 circular

50 2803 84 26 sawing
143 2802 111 27 machine,
266 2810 14 14 a
289 2803 66 26 lathe,
366 2810 13 14 a
388 2803 88 21 smith's
489 2803 69 27 forge,
576 2803 61 28 large

49 2836 75 19 screw,
135 2829 81 21 timber
227 2829 83 27 chains,
322 2829 44 22 and
376 2830 85 22 several
471 2834 44 18 sets
525 2831 26 21 of
558 2838 28 14 ox
593 2831 44 21 and

50 2855 65 22 horse
125 2859 71 17 traces
207 2855 45 22 and
262 2863 59 18 gear.

77 2882 99 27 Enquire
185 2885 23 18 at
216 2882 43 21 Mr.
268 2883 99 26 White's,
377 2891 28 13 on
414 2883 38 22 the
461 2884 80 27 Beach,
551 2885 84 21 Petoni.

52 2935 160 49 MESSRS.
236 2936 146 22 READING
406 2937 68 22 AND
498 2937 137 28 NEWELL,

139 2962 157 27 Garpenters,
323 2963 104 27 Joiners,
449 2972 45 14 and
514 2965 122 27 Builders,

50 2989 42 28 beg
102 2990 63 21 leave
176 2993 22 17 'o
209 2989 81 22 inform
302 2989 36 22 the
348 2990 74 27 public
429 2991 116 28 generally
553 2992 25 21 of
585 2992 52 21 Port

51 3015 131 27 Nicholson,
196 3016 49 21 that
253 3016 84 28 having
353 3017 64 21 made
433 3022 167 23 arrangements
616 3022 21 18 to

50 3050 77 15 secure
145 3050 13 14 a
175 3046 103 18 constant
294 3044 78 27 supply
391 3044 26 21 of
428 3045 87 26 timber,
534 3045 51 27 they
601 3053 36 14 are

52 3076 48 14 now
109 3069 69 27 ready
187 3073 22 17 to
220 3073 100 19 contract
336 3071 34 21 for
386 3071 38 21 the
442 3072 97 20 erection
556 3072 25 21 of
594 3079 44 20 any

52 3096 55 22 class
116 3095 26 21 of
149 3095 119 28 buildings,
280 3097 43 21 and
334 3100 55 18 trust
398 3097 30 26 by
438 3098 140 27 punctuality
594 3099 44 20 and

52 3123 43 21 and
106 3121 108 28 dispatch,
229 3126 22 18 to
269 3123 67 21 merit
355 3130 12 15 a
385 3123 65 22 share
470 3124 25 21 of
509 3124 37 22 the
564 3125 74 27 public

52 3154 129 23 patronage.

80 3181 122 27 Britannia,
214 3186 54 18 next
278 3182 54 23 door
342 3187 22 18 to
376 3183 43 22 Mr.
429 3183 88 22 Allen's
527 3185 70 21 Store.

278 3238 138 21 NOTICE.

54 3271 165 23 /CAPTAIN
239 3271 120 27 MUNRO,
380 3273 25 20 of
426 3273 37 22 the
483 3273 88 22 French
591 3274 48 27 ship

54 3299 40 21 \y
317 3299 99 21 cautions
424 3299 37 22 the
469 3300 75 26 public
553 3301 86 26 against

51 3325 77 26 giving
137 3324 72 21 credit
217 3327 23 18 to
250 3331 45 20 any
305 3325 25 21 of
340 3325 34 21 his
384 3326 69 26 Crew,
470 3333 24 14 as
506 3327 28 21 lie
545 3328 43 21 will
598 3332 40 17 not

54 3352 26 21 be
90 3351 138 22 answerable
238 3351 35 21 for
283 3358 44 19 any
337 3351 61 22 debts
407 3353 54 26 they
470 3360 52 20 may
532 3358 106 18 contract.

80 3385 54 21 Port
143 3382 130 29 Nicholson,
286 3384 89 27 August
383 3386 34 26 29,
429 3386 61 21 1840.

240 3438 213 21 EDUCATION.

54 3471 92 50 MR.
170 3471 105 22 GRACE
296 3472 90 21 intends
402 3476 22 18 to
442 3480 56 19 open
513 3473 36 22 his
563 3474 77 22 Public

146 3499 82 21 School
243 3498 44 22 and
302 3499 112 26 Boarding
429 3499 174 23 Establishment
617 3505 23 17 at

53 3525 130 27 Thorndon,
204 3525 68 21 about
292 3525 37 21 the
350 3525 123 28 beginning
492 3527 25 20 of
537 3528 102 21 October.

52 3553 96 26 Though
171 3552 38 21 the
236 3551 117 27 Seminary
376 3552 18 20 is
419 3552 108 22 intended
551 3554 33 21 for
603 3554 37 21 the

52 3579 111 22 initiation
175 3579 26 21 of
212 3579 83 26 Young
306 3578 133 22 Gentlemen
454 3579 48 21 into
516 3579 37 22 the
563 3580 77 27 higher

52 3605 146 22 branches'of
210 3605 126 26 education,
349 3605 42 21 Mr.
404 3605 27 21 G.
447 3605 51 26 will,
516 3610 23 17 at
555 3607 36 21 the
607 3615 33 14 re-

54 3635 64 26 quest
128 3633 26 20 of
165 3632 35 21 his
209 3632 91 26 friends,
312 3632 79 21 devote
402 3634 43 18 two
456 3631 67 22 hours
534 3633 54 21 each
598 3633 42 28 day

54 3663 22 18 to
87 3660 36 21 the
133 3659 166 26 improvement
308 3658 26 22 of
349 3658 82 26 Young
447 3658 86 22 Ladies.
563 3660 27 21 In
607 3661 33 20 in-

54 3685 108 27 structing
179 3685 69 27 them,
264 3685 38 21 the
311 3688 63 24 great
384 3685 73 25 object
466 3685 26 21 of
505 3685 43 21 Mr.
560 3686 26 21 G.
598 3687 42 20 will

53 3713 35 26 be,
100 3717 22 17 to
132 3715 114 19 accustom
257 3711 61 22 them
329 3715 21 17 to
360 3710 71 27 think,
447 3711 71 21 which
532 3711 18 22 is
566 3713 74 21 unfor-

54 3738 101 27 tunately
165 3742 37 18 too
212 3737 56 23 little
279 3737 105 23 attended
395 3742 22 17 to
428 3738 22 21 in
463 3738 82 22 female
562 3739 79 22 educa-

54 3766 54 22 tion.
137 3765 90 26 During
243 3765 37 21 the
297 3765 92 21 interval
408 3765 100 21 between
527 3765 42 21 this
589 3767 51 21 time

49 3789 6 11 ;
54 3793 44 21 and
108 3791 37 22 the
156 3793 98 26 opening
264 3791 25 22 of
301 3791 36 21 the
349 3791 86 26 School,
449 3791 43 21 Mr.
510 3791 27 22 G.
555 3793 43 21 will
614 3793 26 21 be

51 3819 76 28 .happy
136 3822 23 17 to
170 3818 87 22 receive
270 3818 145 27 applications
428 3813 57 27 from
496 3818 92 22 Parents
598 3820 42 21 and

48 3845 133 26 .Guardians
198 3845 49 21 who
263 3844 79 22 intend
356 3845 122 26 intrusting
494 3845 57 21 their
567 3854 74 19 young

48 3868 84 31 ipeople
144 3875 22 17 to
177 3871 35 21 his
222 3878 58 14 care.

82 3904 86 26 Petoni,
181 3908 48 17 east
238 3904 45 21 end
294 3904 26 21 of
331 3904 36 21 the
377 3903 83 28 Beach,

160 3931 131 27 September
301 3932 19 25 9,
334 3932 59 20 1840.
