2550 4010
1924 291 68 24 After
2004 291 86 30 Having
2099 291 68 30 given
2177 297 14 15 a
2202 290 91 30 general
2306 289 84 24 outline
2402 289 25 24 of
2441 290 38 23 the

1891 326 74 21 coasts
1989 324 44 22 and
2056 331 14 15 a
2089 324 138 29 description
2239 322 26 24 of
2279 322 39 24 the
2329 322 118 29 harbours,
2465 322 14 24 I

1891 357 98 31 proceed
2011 361 23 18 to
2057 356 68 23 make
2148 363 63 16 some
2236 355 103 23 remarks
2357 355 69 23 about
2442 355 38 24 the

1891 390 98 31 geology
2002 389 24 23 of
2036 388 39 24 the
2087 388 80 29 island,
2181 388 47 23 this
2239 388 70 31 being
2320 388 37 23 the
2368 393 60 18 most
2439 394 42 17 na-

1892 423 60 22 tural
1962 422 135 23 foundation
2107 421 35 23 for
2154 429 13 15 a
2176 421 139 31 description
2326 421 25 23 of
2360 421 39 23 the
2416 421 62 29 land,

1893 463 24 15 as
1929 456 35 22 far
1976 463 24 15 as
2009 456 17 22 it
2035 456 106 22 interests
2148 454 39 23 the
2195 454 186 30 agriculturalist.
2401 453 13 24 I
2421 454 58 23 have

1893 489 111 22 observed
2014 492 23 19 at
2050 488 37 23 the
2099 489 113 26 entrance,
2237 487 49 23 that
2305 491 22 19 at
2345 486 38 24 the
2402 487 79 23 north-

1893 525 98 20 western
2004 521 118 30 extremity
2132 528 14 15 a
2158 520 71 23 series
2247 520 25 23 of
2287 520 54 23 hills
2360 519 121 24 overreach

1893 555 38 23 the
1939 555 45 23 low
1994 554 135 30 undulating
2141 553 98 23 surface.
2265 553 50 23 The
2322 553 59 23 form
2389 552 25 23 of

1893 588 53 23 hills
1960 586 65 25 alorie
2037 587 74 31 might
2121 585 51 24 lead
2184 585 39 24 the
2242 585 104 24 observer
2359 589 22 19 to
2400 592 28 16 an
2447 586 36 22 in-

1894 620 62 31 sight
1965 621 49 23 into
2033 619 58 24 tKe'ir
2101 618 109 33 probable
2222 623 121 18 structure.
2380 617 68 24 Some
2460 616 26 26 df

1894 654 63 23 them
1969 654 87 23 consist
2073 652 24 24 of
2112 651 116 32 pyramids
2247 651 25 23 of
2289 659 14 15 a
2320 659 54 25 very
2392 651 100 31 tegular-

1894 687 78 31 shape,
1985 686 38 24 the
2034 686 55 23 base
2101 685 25 23 of
2134 684 75 24 which
2221 685 19 22 is
2251 684 90 31 longest
2351 684 60 24 from

1894 724 23 19 to
1929 725 56 23 east,
1999 719 45 23 and
2054 719 38 23 the
2102 718 55 23 hills
2169 719 25 22 in
2204 717 133 31 ascending.
2341 717 58 23 form
2407 725 13 15 a
2427 717 58 23 kind

1895 752 25 24 of
1940 753 74 23 oblate
2038 760 63 21 cone,
2124 759 62 23 upon
2209 750 75 24 whicli
2300 751 38 22 the
2407 750 25 23 of
2445 750 38 23 the

1894 785 106 31 pyramid
2010 786 67 22 rises.
2113 784 86 23 Others
2210 783 58 24 have
2280 792 14 14 a
2302 791 62 15 more
2374 783 112 31 irregular

1896 819 77 30 shape,
1985 818 45 22 and
2037 826 38 14 are
2082 817 87 23 formed
2177 817 25 23 of
2207 816 102 23 rounded
2316 820 66 26 stony
2389 824 95 21 masses,

1894 851 62 31 piled
1967 858 30 15 on
2009 851 38 22 the
2059 855 39 26 top
2110 850 24 23 of
2143 858 29 14 an
2185 849 113 23 elevation
2309 849 24 23 of
2339 847 38 25 tKe'
2387 844 97 35 ground.

1896 884 38 23 No
1946 891 43 16 one
2002 891 42 15 can
2056 882 97 24 mistake
2165 882 39 23 the
2216 886 80 19 nature
2308 882 25 23 of
2343 882 62 22 these
2423 881 62 29 hills,

1896 917 74 23 which
1983 924 47 16 owe
2040 916 59 23 their
2111 916 73 30 origin
2197 920 22 18 to
2227 915 101 23 volcanic
2336 915 82 23 action.
2456 914 30 24 In.

1896 950 125 31 ascending
2044 950 45 23 and
2106 949 133 30 examining
2257 955 62 16 some
2338 948 25 23 of
2379 948 70 28 them,
2474 948 13 23 I

1896 983 73 24 found
1979 983 62 23 them
2049 983 139 31 throughout
2197 982 125 30 consisting
2329 981 24 23 of
2359 988 29 16 an
2396 982 91 22 ancient

1896 1017 102 23 volcanic
2009 1016 65 28 rock,
2087 1016 129 23 sometimes
2229 1015 24 23 of
2263 1023 14 15 a
2287 1013 69 24 deri'se
2368 1014 45 23 and
2423 1014 61 28 firm,

1898 1053 23 19 at
1933 1050 64 22 other
2009 1050 68 22 times
2094 1049 25 23 of
2134 1056 14 15 a
2166 1047 94 24 cellular
2279 1056 25 14 or
2322 1047 166 31 amygdaloidal

1897 1082 82 29 basalt;
1993 1082 38 23 the
2044 1082 54 23 cells
2109 1082 70 30 being
2195 1080 72 24 either
2284 1084 76 28 empty
2380 1088 24 15 or
2422 1080 64 23 filled

1898 1115 55 23 with
1975 1115 69 23 white
2067 1113 150 32 decomposed
2240 1113 119 24 carbonate
2381 1113 25 23 of
2423 1113 64 23 lime.

1899 1148 50 24 The
1961 1148 57 23 rock
2037 1148 64 23 itself
2116 1148 80 30 nearly
2214 1147 124 23 resembles
2355 1146 82 29 basalt,
2461 1146 26 24 dr

1898 1182 74 31 might
1983 1181 28 23 be
2030 1181 76 23 rather
2125 1180 73 24 called
2217 1188 14 15 a
2244 1180 95 23 basaltic
2357 1180 59 23 lava.
2453 1180 36 31 By

1898 1216 31 23 its
1939 1214 112 24 hardness
2065 1215 17 22 it
2092 1213 116 24 furnishes
2221 1221 29 15 an
2262 1213 112 23 excellent
2385 1213 104 24 material

1899 1249 35 23 for
1946 1248 157 31 constructing
2113 1247 67 23 roads
2193 1246 46 24 and
2249 1247 35 23 for
2296 1246 63 23 other
2377 1248 112 29 purpose's

1900 1282 25 23 of
1935 1282 38 23 the
1986 1289 62 16 same
2061 1281 146 29 description.

1933 1315 68 23 None
2014 1314 25 24 of
2056 1314 63 24 these
2138 1313 54 23 hills
2216 1312 85 24 exceed
2323 1315 48 21 800
2394 1313 47 23 feet
2463 1313 27 23 in

1898 1348 89 31 height.
2023 1347 53 24 The
2087 1351 158 19 westernmost
2261 1346 25 23 of
2301 1346 61 23 them
2380 1347 20 22 is
2419 1345 74 24 called

1901 1381 172 28 Mataketakki,
2091 1388 24 16 or
2134 1380 87 24 Mount
2241 1380 119 23 Paterson.
2397 1379 56 23 Two
2466 1387 27 15 or
2508 1376 10 10 A

1900 1414 64 24 three
1976 1414 66 23 miles
2054 1414 85 23 distant
2149 1413 61 24 from
2222 1413 53 29 this,
2297 1413 44 22 and
2359 1413 100 31 forming
2477 1420 14 15 a

1901 1448 66 23 small
1979 1455 73 24 group
2065 1447 25 23 of
2098 1447 61 28 hills,
2171 1446 120 31 separated
2298 1446 59 23 from
2365 1446 54 22 each
2427 1446 66 23 other

1900 1482 31 30 by
1942 1482 99 28 ravines,
2054 1482 20 21 is
2087 1481 37 22 the
2136 1479 106 31 Maunga
2247 1480 47 23 nui.
2331 1479 62 23 That
2414 1479 42 23 bill
2469 1479 26 23 of

1901 1515 45 23 this
1958 1522 81 23 group,
2053 1514 73 23 which
2136 1514 20 22 is
2167 1517 92 19 nearest
2277 1517 23 19 to
2319 1512 38 23 the
2376 1512 115 28 seashore,

1901 1548 73 23 forms'
1985 1555 14 16 a
2011 1547 50 24 cliff
2070 1547 95 23 towards
2177 1547 39 22 the
2229 1551 69 23 coast,
2314 1546 25 23 of
2355 1545 69 24 about
2445 1548 48 21 100

1901 1581 46 23 feet
1969 1581 174 31 perpendicular
2166 1580 92 30 height:
2283 1580 42 22 but
2346 1579 39 23 the
2407 1587 40 15 sea
2470 1583 24 19 at

1901 1619 92 26 present
2005 1614 54 23 does
2071 1619 39 18 not
2120 1613 68 24 bathe
2208 1613 38 23 the
2265 1613 47 22 foot
2331 1611 24 24 of
2372 1611 45 24 this
2436 1610 55 31 cliff,

1903 1656 24 15 as
1941 1649 38 22 the
1991 1648 55 23 land
2056 1648 42 22 has
2109 1646 83 31 gained
2209 1654 52 15 over
2280 1646 39 23 the
2336 1649 70 19 water
2424 1645 45 23 and
2480 1652 14 16 a

1901 1681 41 23 flat
1955 1681 112 23 stretches
2080 1685 38 19 out
2127 1680 60 23 from
2200 1681 18 22 it
2230 1681 47 22 into
2290 1679 45 23 the'
2341 1686 47 22 sea,
2409 1679 25 22 of
2450 1686 44 16 one

1903 1714 43 24 and
1958 1722 14 15 a
1984 1714 49 23 half
2042 1718 23 19 to
2078 1718 42 19 two
2131 1714 67 22 miles
2210 1713 62 29 long.

1937 1748 75 23 Three
2025 1747 66 23 miles
2108 1747 85 23 distant
2216 1747 58 22 from
2298 1746 104 30 Maunga
2423 1746 70 29 river,

1903 1789 54 15 near
1970 1781 39 23 the
2020 1780 60 24 head
2098 1780 24 23 of
2139 1780 131 30 Wangaroa
2286 1780 52 30 bay,
2358 1780 20 22 is
2399 1779 94 23 another

1903 1814 40 23 hill
1955 1815 26 22 of
1990 1815 59 22 little
2061 1814 117 26 elevation,
2192 1813 73 23 called
2276 1813 135 22 Eraokawa.

1937 1848 96 23 Distant
2051 1847 59 23 from
2127 1846 45 24 this
2193 1846 64 23 three
2279 1846 73 28 miles,
2377 1853 55 16 near
2455 1845 39 23 the

1903 1881 57 24 head
1969 1881 24 23 of
2003 1881 112 31 Wangate
2121 1881 51 29 bay,
2186 1880 21 22 is
2216 1879 37 24 the
2262 1879 83 24 Mount
2352 1879 141 28 Wakkabbi,

1903 1914 38 24 the
1953 1919 60 19 most
2019 1914 92 30 regular
2117 1913 106 32 pyramid
2230 1913 24 23 of
2264 1913 39 29 all,
2312 1912 43 24 and
2362 1912 133 31 apparently

1904 1947 38 22 the
1955 1947 101 30 highest.

1938 1980 64 30 Only
2013 1988 13 14 a
2037 1980 47 22 few
2092 1979 65 23 miles
2167 1979 61 23 from
2240 1978 46 23 this
2294 1978 19 23 is
2322 1978 38 23 the
2371 1978 123 31 Waipapa,

1903 2013 104 23 likewise
2019 2020 14 15 a
2045 2012 110 30 pyramid.

1938 2046 52 24 The
2000 2046 46 23 last
2058 2047 24 22 in
2086 2046 43 23 'the
2142 2046 71 23 series
2226 2046 44 23 and
2287 2045 58 24 from
2364 2044 79 24 which?
2458 2044 38 25 the

1905 2080 98 30 original
2025 2088 67 15 name
2112 2079 27 23 of
2155 2079 39 23 the
2213 2078 76 24 island
2311 2079 20 23 i's
2353 2078 100 28 derived,
2476 2079 21 23 is

1905 2113 160 23 Warrekauri.
2100 2112 24 24 It
2135 2113 20 22 is
2164 2112 99 23 situated
2272 2119 54 16 near
2338 2112 37 23 the
2388 2112 110 23 northern

1906 2147 74 28 shore,
1993 2147 70 23 about
2074 2146 78 23 fifteen
2163 2145 67 24 miles
2242 2145 58 23 from
2312 2145 38 23 the
2360 2145 138 23 north-west

1906 2180 43 23 end
1962 2180 25 23 of
1997 2180 38 23 the
2047 2179 80 29 island,
2147 2179 46 23 and
2203 2179 78 23 stands
2294 2179 69 23 about
2374 2183 44 19 two
2430 2178 68 24 miles

1906 2214 59 22 from
1978 2213 38 23 the
2028 2213 114 23 seashore.
2180 2212 24 24 It
2223 2213 97 23 consists
2332 2211 25 24 of
2367 2212 87 23 several
2465 2213 33 22 ir-

1907 2247 91 30 regular
2010 2246 86 31 shaped
2181 2246 56 23 with
2246 2250 62 26 steep
2317 2244 131 25 declivities.
2485 2245 14 24 I

1907 2281 45 22 had
1962 2288 31 15 no
2005 2281 146 30 opportunity
2163 2284 22 18 to
2199 2279 83 23 ascend
2294 2279 45 23 this
2357 2277 49 30 hill,
2425 2278 75 24 which

1908 2315 19 22 is
1939 2318 42 18 not
1991 2314 83 30 higher
2085 2313 54 23 than
2152 2312 39 24 the
2210 2312 76 24 others
2305 2311 45 24 and
2366 2312 134 31 apparently

1908 2347 26 22 of
1943 2347 40 22 the
1996 2354 62 15 same
2071 2350 121 19 structure.

1941 2380 97 24 Besides
2051 2380 62 23 these
2124 2380 62 28 hills,
2200 2379 63 24 there
2276 2387 37 16 are
2327 2386 59 16 none
2406 2378 24 24 of
2452 2378 46 24 this

1908 2414 138 31 description
2060 2422 28 15 on
2099 2413 39 23 the
2149 2413 84 28 island,
2250 2413 55 23 with
2321 2412 38 24 the
2379 2413 121 30 exception

1910 2448 25 23 of
1957 2452 50 18 two'
2019 2446 108 30 hillocks,
2146 2446 100 24 situated
2265 2450 23 19 at
2307 2446 38 23 the
2364 2446 139 23 south-west

1910 2481 50 29 end,
1984 2481 75 22 which
2070 2481 56 22 bear
2141 2480 46 23 the'
2198 2488 67 15 name
2284 2479 26 23 of
2325 2479 175 30 Wakkakaiwa,

1910 2514 44 24 and
1965 2514 74 23 which
2052 2522 38 15 are
2101 2522 13 15 a
2125 2514 131 31 prominent
2266 2512 67 24 mark
2344 2512 35 24 for
2390 2512 37 24 the
2434 2513 67 23 navi-

1909 2552 73 27 gator,
2006 2547 50 24 wlfo
2068 2555 54 15 runs
2134 2547 69 31 along
2215 2542 38 28 ttie
2266 2550 61 20 coast
2338 2546 35 24 for
2385 2545 118 32 Waitangi

1910 2582 108 22 harbour.

1945 2615 40 23 On
2004 2615 38 23 the
2060 2614 97 23 nothern
2176 2617 64 19 coast
2258 2613 38 23 the
2315 2613 106 31 receding
2439 2620 63 17 wave

1911 2649 75 23 shows
2002 2648 40 23 the
2060 2655 60 16 same
2140 2647 102 23 volcanic
2259 2646 58 24 rock
2335 2647 82 31 spread
2435 2646 70 31 along

1912 2683 36 22 the
1961 2682 75 27 shore,
2051 2681 43 23 and
2106 2681 37 23 the
2156 2688 63 16 same
2231 2681 19 22 is
2262 2684 48 20 met
2326 2680 54 23 with
2399 2681 22 23 in
2440 2680 65 31 large

1910 2716 127 30 fragments
2049 2715 58 22 from
2119 2714 38 23 the
2169 2714 110 23 southern
2291 2713 40 24 red
2345 2713 62 24 bluff
2421 2717 24 20 to
2465 2714 38 23 the

1912 2749 139 23 south-west
2063 2747 42 24 end
2124 2747 25 24 of
2166 2747 38 23 the
2223 2747 82 28 island,
2326 2747 43 23 and
2388 2746 73 32 dykes
2481 2747 25 23 of

1912 2782 37 23 the
1966 2789 64 15 same
2050 2789 37 15 are
2105 2789 54 15 seen
2178 2782 129 29 traversing
2325 2780 39 23 the
2382 2780 123 24 sandstone

1912 2815 169 31 conglomerate
2093 2814 24 24 of
2127 2816 50 22 that
2185 2812 66 31 bluff,
2265 2814 99 23 directed
2371 2818 22 19 to
2402 2813 101 25 E.N.E.

1912 2857 25 15 or
1948 2854 24 18 to
1985 2853 57 24 east,
2063 2848 43 23 and
2123 2848 60 23 from
2200 2855 43 16 one
2256 2852 22 19 to
2291 2855 42 16 one
2345 2847 45 24 and
2402 2847 49 24 half
2460 2847 46 24 feet

1911 2883 79 23 broad.
2028 2881 115 24 Rounded
2153 2882 77 30 pieces
2243 2881 25 23 of
2277 2881 46 23 this
2334 2881 56 23 rock
2402 2888 38 16 are
2453 2881 48 23 also

1912 2916 71 23 found
1995 2916 23 22 in
2031 2915 38 23 the
2081 2915 100 29 interior,
2201 2914 31 31 by
2247 2916 61 22 their
2326 2914 180 31 decomposition

1914 2949 62 24 often
1988 2949 78 31 laying
2077 2949 53 22 bare
2143 2949 94 22 cavities
2249 2956 24 15 or
2286 2948 88 23 drusen'
2381 2948 25 23 of
2415 2956 13 15 a
2435 2947 71 24 milk-

1913 2983 68 23 white
1993 2982 43 24 and
2051 2982 133 29 crystalized
2204 2982 122 23 carbonate
2338 2978 25 27 of
2372 2982 61 23 lime.

1947 3016 76 23 From'
2030 3015 47 23 this
2089 3016 17 22 it
2117 3015 19 23 is
2148 3022 30 16 no
2190 3015 80 30 longer
2282 3015 110 28 doubtful,
2406 3014 50 24 that
2467 3014 40 24 the

1913 3050 96 30 igneous
2021 3056 87 24 powers
2121 3048 25 23 of
2162 3048 38 23 the
2214 3048 56 31 deep
2282 3055 57 16 were
2358 3055 56 16 once
2432 3049 75 22 active

1915 3083 24 22 in
1951 3082 47 23 this
2010 3081 82 29 island,
2112 3081 45 23 and
2173 3081 146 23 'contributed
2338 3081 88 31 greatly
2443 3086 23 18 to
2478 3082 30 22 its

1914 3115 131 24 formation.
2082 3116 46 22 But
2139 3114 55 31 they
2206 3122 83 23 appear
2301 3116 23 22 at
2334 3119 93 26 present
2444 3117 23 21 to
2478 3114 30 24 be

1915 3149 80 31 totally
2008 3149 93 23 extinct.
2138 3147 38 24 No
2188 3147 58 24 kind
2258 3148 26 23 of
2292 3152 129 20 movement
2432 3147 26 24 of
2468 3147 39 24 the

1915 3182 71 29 earth,
1999 3186 41 19 not
2052 3181 160 31 unfrequently
2224 3181 42 24 felt
2277 3182 26 23 in
2319 3182 55 23 New
2395 3181 110 29 Zealand,

1915 3215 41 24 has
1969 3223 51 16 ever
2031 3215 60 24 been
2101 3215 111 23 observed
2230 3215 54 23 here
2301 3215 30 29 by
2350 3215 38 23 the
2407 3215 98 23 natives.

1948 3249 108 23 Another
2068 3249 70 22 series
2150 3248 26 23 of
2190 3248 71 23 rocks
2272 3248 74 24 which
2357 3250 21 22 is
2391 3248 37 24 the
2446 3252 62 20 most

1916 3288 112 23 common,
2042 3282 44 23 and
2098 3281 29 31 by
2140 3282 29 23 its
2182 3290 137 15 occurrence
2335 3285 25 20 in
2372 3290 13 15 a
2397 3281 112 24 stratified

1916 3320 66 25 state,
1994 3323 83 24 proves
2089 3314 49 24 that
2148 3316 19 22 it
2179 3323 61 16 owes
2249 3316 30 23 its
2292 3316 74 31 origin
2377 3317 23 22 to
2409 3322 100 24 aqueous

1917 3357 87 21 causes,
2018 3349 20 23 is
2051 3357 14 15 a
2076 3356 67 24 green
2157 3349 106 23 coloured
2275 3349 65 28 slate,
2359 3350 24 22 in
2395 3349 38 23 fhe
2446 3356 63 16 com-

1915 3383 100 31 position
2037 3382 24 23 of
2087 3382 75 23 which
2184 3383 61 23 mica
2268 3382 70 24 forms
2361 3390 13 15 a
2396 3380 113 33 principal

1917 3417 105 22 element.
2048 3415 36 24 Its
2091 3415 75 32 layers
2173 3424 39 15 are
2220 3416 115 30 generally
2344 3415 99 23 directed
2451 3414 59 24 from

1917 3450 38 23 W.
1968 3450 31 30 by
2008 3450 25 23 S.
2049 3453 23 20 to
2084 3449 29 24 E.
2123 3450 31 29 by
2162 3449 41 29 N.,
2218 3449 44 24 and
2274 3449 50 31 dips
2336 3448 54 23 with
2401 3456 28 15 an
2442 3448 68 30 angle

1918 3483 23 23 of
1958 3483 69 23 about
2039 3485 46 22 45
2096 3487 23 19 to
2131 3482 38 24 the
2183 3482 137 24 southward.
2356 3481 58 24 This
2423 3481 87 23 forma-

1917 3518 48 22 tion
1978 3523 97 24 appears
2087 3516 122 31 especially
2221 3520 23 19 at
2256 3516 38 23 the
2313 3514 136 24 north-west
2466 3514 46 24 end

1918 3550 24 23 of
1963 3549 39 24 the
2019 3549 83 29 island,
2117 3551 25 21 in
2159 3549 121 30 Wangate,
2299 3547 149 31 Wangamoe,
2466 3547 46 24 and

1917 3583 133 31 Wangaroa
2056 3583 64 31 bays,
2157 3591 28 15 on
2194 3582 39 23 the
2242 3581 108 24 northern
2358 3586 69 24 coast,
2435 3580 77 24 where

1918 3617 23 23 in
1955 3617 133 30 Kaingarao
2098 3616 44 31 bay
2154 3615 38 23 the
2204 3615 111 23 direction
2327 3613 25 24 of
2367 3614 38 24 the
2417 3614 95 24 stratifi-

1920 3650 75 24 cation
2014 3651 20 22 is
2053 3650 39 24 W,
2111 3650 31 30 by
2162 3649 35 28 S.,
2219 3648 44 23 and
2282 3648 30 23 its
2330 3647 74 32 layers
2427 3647 85 24 almost

1918 3683 181 31 perpendicular,
2136 3681 45 24 and
2197 3681 69 30 along
2284 3680 38 24 the
2340 3680 173 24 north-eastern

1919 3721 52 26 part
1983 3716 25 23 of
2023 3716 40 23 the
2082 3720 47 19 east
2147 3718 72 20 coast.
2257 3714 58 23 This
2333 3713 57 24 rock
2408 3714 105 23 contains

1918 3751 107 29 frequent
2035 3749 89 23 lamina
2137 3747 44 24 and
2196 3748 64 23 ruins
2279 3747 26 23 of
2321 3747 67 23 white
2407 3747 108 24 coloured

1920 3787 88 28 quartz,
2020 3782 76 23 which
2107 3781 62 24 often
2181 3780 65 24 swell
2259 3781 48 22 into
2317 3784 101 28 compact
2424 3787 89 17 masses

1920 3816 25 24 of
1960 3824 14 15 a
1986 3823 56 24 grey
2054 3815 84 28 colour,
2158 3813 39 25 the
2209 3814 86 30 largest
2306 3814 25 23 of
2345 3813 75 24 which
2439 3813 12 24 I
2472 3813 41 25 ob-

1920 3849 82 24 served
2023 3856 56 16 near
2097 3847 101 28 Waikai,
2222 3855 30 16 on
2270 3847 39 24 the
2329 3851 89 20 eastern
2442 3852 71 24 coast,

1919 3883 71 30 being
2002 3882 69 23 about
2083 3883 47 23 300
2143 3881 66 24 cubic
2221 3880 47 24 feet
2284 3881 26 23 in
2326 3880 128 29 thickness,
2474 3880 40 24 the

1921 3915 155 31 surrounding
2096 3915 70 24 softer
2190 3914 57 24 slate
2271 3919 64 19 stone
2358 3914 87 31 having
2466 3914 49 23 dis-

1921 3949 112 31 appeared
2045 3949 30 31 by
2093 3948 187 32 decomposition,
2302 3947 107 32 although
2428 3947 19 23 it
2468 3947 49 25 still

1317 2341 118 22 Peculiar
1445 2342 211 21 Characteristics
1670 2349 27 14 of
1708 2342 143 22 Australia.

1291 2368 114 22 Australia
1414 2375 71 15 seems
1496 2372 22 18 to
1531 2369 30 21 be
1573 2376 62 14 more
1645 2368 76 22 unlike
1733 2369 38 22 the
1781 2370 99 26 portions

1292 2395 25 21 of
1327 2395 37 21 the
1375 2395 63 21 earth
1447 2396 68 26 lately
1526 2396 84 21 known
1621 2400 21 17 to
1655 2403 25 14 us
1697 2396 54 21 than
1771 2404 44 19 any
1831 2401 50 23 part

1292 2422 25 21 of
1335 2422 112 25 America,
1464 2430 24 14 or
1504 2429 46 21 any
1567 2423 26 21 of
1614 2422 36 22 the
1667 2422 85 22 islands
1772 2425 109 21 scattered

1292 2448 95 28 through
1397 2449 37 22 the
1445 2448 82 23 Pacific
1537 2449 46 21 and
1598 2449 80 22 Indian
1695 2457 55 15 seas.
1781 2450 36 22 No
1835 2451 35 21 vol

1292 2483 86 15 canoes'
1383 2476 57 22 have
1449 2480 38 23 yet
1495 2477 58 21 been
1565 2476 142 26 discovered,-
1721 2477 46 21 and
1777 2484 30 14 no
1816 2479 68 26 proof

1292 2503 25 21 of
1325 2503 36 21 the
1371 2507 64 23 great
1444 2503 111 27 antiquity
1566 2503 26 22 of
1600 2503 35 22 the
1645 2503 110 28 products'
1762 2512 28 14 on
1798 2505 28 21 its
1834 2513 48 14 sur-

1292 2530 54 22 face.
1377 2526 84 31 Nearly
1471 2530 28 21 all
1510 2530 38 22 the
1559 2531 84 26 species
1654 2531 24 21 of
1684 2531 75 26 plants
1775 2531 58 22 from
1845 2532 35 22 the

1291 2563 86 20 grasses
1388 2561 21 18 to
1419 2557 38 21 the
1473 2557 86 22 loftiest
1575 2561 129 18 ornamants
1721 2558 27 21 of
1761 2558 37 22 the
1813 2559 69 22 forest

1292 2590 38 15 are
1339 2591 50 15 new
1399 2588 22 18 to
1431 2584 39 21 the
1486 2584 140 22 inhabitants
1643 2585 23 21 of
1680 2585 38 21 the
1737 2582 46 25 Old
1796 2585 85 23 World.

1293 2610 46 22 The
1360 2611 132 27 indigenous
1520 2611 96 23 animals
1634 2619 43 20 are,
1698 2612 23 21 in
1743 2613 91 21 several'
1849 2613 34 22 in-

1293 2641 95 24 stances;
1405 2639 25 21 of
1437 2646 13 13 a
1460 2638 104 22 different
1573 2639 115 21 character
1704 2642 22 18 to
1743 2647 45 20 any
1804 2640 23 22 in
1846 2641 36 21 the

1294 2665 111 22 countries
1416 2665 26 21 of
1454 2665 36 21 the
1506 2665 65 22 other
1591 2669 98 21 quarters
1711 2666 27 22 of
1752 2667 38 21 the
1809 2667 72 27 globe,

1294 2691 64 22 while
1367 2700 60 14 none
1438 2692 40 22 but
1486 2692 38 22 the
1535 2692 55 27 dogs
1602 2700 54 14 nave
1666 2700 45 20 any
1719 2693 88 28 affinity
1817 2698 22 18 to
1847 2695 36 22 the

1294 2719 95 21 animals
1399 2719 25 22 of
1431 2719 42 22 this
1483 2726 49 14 new
1543 2719 125 28 continent;
1685 2720 45 22 and
1740 2719 22 23 it'
1767 2721 18 21 is
1796 2721 88 23 curious

1295 2745 47 22 that
1351 2746 28 21 its
1389 2747 68 21 rivers
1473 2746 45 22 and
1536 2747 99 21 marshes
1651 2749 44 19 are'
1704 2751 41 17 not
1761 2747 83 23 known
1861 2752 22 18 to

1294 2773 95 23 contain,
1395 2781 44 20 any
1454 2773 26 22 of
1493 2773 38 22 the
1546 2773 75 23 lizard
1633 2781 25 15 or
1671 2775 93 21 tortoise
1782 2775 67 22 tribes
1859 2783 25 14 or

1294 2806 45 20 any
1359 2801 26 20 of
1400 2801 37 21 the
1457 2804 63 23 great
1538 2801 113 22 mamalia.
1680 2801 47 22 The
1745 2802 75 21 native
1841 2802 43 27 dog

1294 2826 65 22 bears
1368 2834 62 15 some
1439 2827 154 23 resemblance
1604 2831 22 19 to
1641 2836 13 14 a
1668 2829 104 26 mongrel
1790 2829 94 28 fox-dog

1294 2853 45 22 and
1356 2853 41 23 has
1412 2862 60 14 some
1490 2854 175 23 characteristics
1682 2855 121 22 indicative
1818 2856 26 22 of
1856 2857 28 21 its

1294 2880 69 27 being
1372 2888 52 14 so
1425 2881 37 21 the
1478 2881 123 26 effluvium,
1623 2883 36 21 the
1678 2883 169 22 tenaciousness
1863 2884 25 21 of

1294 2907 46 27 life,
1356 2908 29 22 its
1395 2908 82 22 silence
1492 2909 67 21 when
1580 2909 75 27 dying,
1674 2909 46 22 and
1739 2910 29 21 its
1786 2910 99 27 peculiar

1295 2933 62 23 short
1365 2935 57 21 bark
1450 2935 72 21 which
1532 2935 52 22 lead
1595 2939 22 18 to
1628 2936 35 22 the
1681 2937 138 26 supposition
1838 2937 48 22 that

1295 2961 18 21 is
1321 2965 41 18 not
1369 2961 140 28 indigenous,
1521 2962 42 22 but
1571 2970 14 13 a
1595 2970 50 14 race
1656 2963 90 21 derived
1756 2963 57 22 from
1824 2971 61 15 some

1296 2987 151 28 shipwrecked
1457 2989 91 21 animal.
1577 2989 48 21 The
1635 2989 83 22 human
1727 2990 79 27 beings
1814 2991 71 22 which

1296 3015 57 21 have
1362 3015 97 22 hitherto
1469 3015 57 21 been
1537 3015 72 21 found
1623 3023 28 14 on
1666 3016 38 21 the
1719 3016 83 27 shores,
1821 3025 26 14 or
1862 3018 23 21 in

1296 3041 38 22 the
1341 3042 99 27 interior,
1452 3050 37 14 are
1499 3042 26 21 of
1531 3042 39 21 the
1581 3049 61 15 same
1653 3043 92 27 species,
1762 3043 45 21 and
1823 3044 64 22 differ

1296 3068 135 27 sufficiently
1441 3069 22 21 in
1474 3069 56 21 form
1542 3073 23 17 to
1575 3069 119 22 constitute
1711 3077 14 14 a
1741 3071 84 26 species
1844 3071 42 22 dis-

1296 3095 57 22 tinct
1362 3095 56 21 from
1429 3103 44 19 any
1482 3095 98 22 hitherto
1596 3095 89 23 known.
1715 3097 66 21 Some
1795 3104 92 15 anoma-

1296 3122 40 22 lies
1346 3129 38 15 are
1395 3122 95 27 evident,
1501 3122 74 22 which
1584 3123 82 28 belong
1675 3126 24 18 to
1709 3130 30 15 no
1749 3124 64 22 other
1826 3132 59 15 race.

1296 3149 64 27 They
1369 3148 57 22 have
1436 3152 62 24 great
1508 3149 47 22 and
1565 3150 75 22 varied
1647 3158 85 19 powers
1741 3151 26 21 of
1773 3151 111 29 mimicry,

1296 3175 95 22 without
1399 3176 83 27 having
1492 3176 117 23 exhibited
1618 3185 137 14 naturally
1766 3185 44 20 any
1816 3178 72 23 talent

1296 3203 36 21 for
1341 3203 202 22 constructiveness
1549 3212 6 19 ;
1571 3203 91 28 though,
1681 3204 65 22 when
1755 3205 130 28 instructed,

1297 3229 53 28 they
1360 3230 57 22 have
1428 3230 75 22 shown
1515 3238 28 14 an
1562 3231 98 26 aptitude
1676 3232 36 21 for
1725 3232 110 27 building.
1865 3233 23 22 It

1296 3256 40 22 has
1356 3264 70 15 never
1442 3257 55 22 been
1512 3258 142 21 ascertained
1669 3259 49 20 that
1735 3259 53 27 they
1805 3260 58 21 have
1873 3267 14 14 a

1297 3283 93 23 definite
1404 3285 76 21 notion
1492 3285 26 21 of
1525 3292 13 14 a
1548 3285 108 27 Supreirie
1665 3283 80 29 Being,
1757 3286 49 21 who
1817 3284 71 25 creat-

1297 3310 28 22 ed
1334 3311 61 22 them
1406 3311 44 22 and
1461 3312 28 21 all
1501 3311 54 28 they
1570 3319 37 15 see
1624 3312 86 21 around
1726 3312 69 23 them.
1824 3311 63 30 They

1296 3337 58 22 have
1369 3338 89 22 neither
1473 3339 57 22 idols
1547 3346 42 15 nor
1606 3339 115 26 sacrifices,
1740 3347 92 20 prayers
1847 3347 41 15 nor

1297 3365 90 27 priests;
1402 3365 73 22 which
1489 3366 76 27 places
1581 3366 59 21 them
1658 3373 82 20 among
1757 3366 38 22 the
1811 3366 78 23 lowest

1297 3393 82 20 known
1390 3392 22 21 in
1429 3392 37 22 the
1481 3392 59 22 scale
1561 3392 25 22 of
1602 3392 83 22 human
1704 3396 87 19 nature.
1820 3394 68 22 Their

1297 3419 141 27 perceptions
1449 3427 36 14 are
1496 3419 69 28 quick
1571 3427 5 20 ;
1593 3420 51 26 and,
1662 3420 45 21 like
1725 3420 65 22 other
1805 3427 82 21 savage

1298 3445 45 22 and
1353 3446 129 28 wandering
1492 3446 75 27 tribes,
1580 3446 53 28 they
1644 3454 40 14 can
1694 3446 102 23 discover
1805 3455 14 14 a
1826 3448 63 22 track

1298 3472 72 21 where
1390 3473 37 22 the
1446 3473 104 22 civilized
1567 3481 54 14 man
1640 3481 40 14 can
1699 3481 38 14 see
1753 3474 98 28 nothing
1866 3479 23 18 to

1297 3499 67 26 guide
1384 3499 54 23 him.
1450 3520 5 5 ,
1475 3500 64 28 They
1551 3507 55 18 .are.
1617 3500 105 28 cunning,
1743 3500 76 28 lively,
1845 3502 45 22 and

1299 3525 130 28 capMcibiis;
1448 3526 40 23 but
1513 3526 54 23 with
1591 3527 94 27 feelings
1704 3528 27 21 of
1751 3528 139 23 attachment

1297 3551 73 23 which
1382 3558 37 17 are
1428 3557 23 18 to
1461 3554 27 21 be
1497 3554 125 32 improved,
1640 3554 45 22 and
1694 3562 14 14 a
1717 3562 65 15 sense
1793 3556 26 21 of
1830 3560 60 17 want

1299 3579 44 22 and
1353 3579 130 29 inferiority,
1495 3581 74 22 which
1580 3589 51 16 may
1641 3582 27 21 be
1684 3582 84 21 turned
1784 3585 22 18 to
1823 3583 65 27 good,

1299 3606 54 21 both
1362 3606 36 21 for
1407 3606 37 23 the
1454 3608 87 21 settlers
1551 3608 46 21 and
1606 3605 140 30 themselves,
1755 3609 22 22 if
1786 3610 103 27 patience

1299 3633 45 22 and
1355 3633 109 22 Christian
1478 3634 87 28 charity
1583 3642 37 15 are
1637 3636 113 21 exercised
1765 3636 95 22 towards
1878 3644 13 15 a

1299 3667 51 14 race
1361 3660 74 22 whose
1446 3665 95 23 country
1552 3669 32 14 we
1595 3662 63 27 seize,
1672 3662 46 22 and
1734 3662 75 23 whose
1823 3664 68 21 hunt-

1297 3686 41 27 ing
1347 3687 105 27 grounds,
1464 3695 28 14 on
1503 3688 74 25 which
1591 3688 58 23 their
1660 3689 114 22 existence
1783 3690 106 28 depends,

1299 3720 33 15 we
1350 3713 88 23 enclose
1456 3718 22 18 to
1494 3715 52 22 feed
1564 3723 40 14 our
1621 3716 72 26 cattle,
1712 3716 46 22 and
1774 3724 61 20 grow
1851 3725 40 14 our

1301 3747 60 14 corn.
1392 3740 83 23 Ogle's
1485 3742 117 21 Western
1614 3743 143 20 Australia.

1328 3777 42 21 His
1382 3777 72 23 Grace
1465 3778 25 22 of
1501 3778 136 27 Richmond,
1645 3779 68 26 being
1722 3779 70 22 asked
1802 3779 50 28 why
1862 3779 29 22 he

1301 3803 94 22 ordered
1414 3811 13 15 a
1445 3805 109 27 captain's
1581 3805 70 27 guard
1669 3808 22 18 to
1711 3809 80 18 mount
1810 3807 25 20 in
1854 3806 37 22 the

1300 3829 99 27 kitchen,
1407 3831 90 27 replied,
1508 3831 50 22 that
1564 3831 29 23 he
1603 3831 83 22 wished
1695 3835 22 19 to
1729 3835 114 20 accustom
1854 3833 37 22 the

1301 3857 100 27 captains
1410 3860 23 19 to
1444 3857 65 23 stand
1518 3858 48 22 fire.

1327 3895 48 23 The
1391 3902 100 16 excesses
1507 3896 27 22 of
1545 3904 41 15 our
1603 3896 68 27 youth
1689 3904 37 16 are
1744 3896 71 24 drafts
1831 3905 60 25 upon

1302 3930 40 16 our
1351 3923 38 22 old
1398 3930 48 21 age,
1457 3923 95 28 payable
1564 3924 51 22 with
1631 3925 91 22 interest
1738 3925 69 22 about
1822 3925 69 28 thirty

1302 3957 62 16 years
1376 3950 56 22 after
1443 3950 56 23 date.

685 202 47 22 The
741 200 101 24 Colonial
854 201 134 27 Secretary's
999 199 81 28 speech
1089 206 29 15 on
1134 198 114 22 introduc-

659 239 40 27 ing
717 238 36 22 the
773 238 105 21 Reunion
897 237 51 27 Bill,
969 235 92 22 showed
1084 242 15 14 a
1121 237 128 25 competent

659 274 130 27 knowledge
810 273 26 22 of
852 273 37 22 the
906 273 93 26 subject,
1021 271 44 22 and
1082 271 28 21 its
1130 274 54 18 tone
1203 277 44 14 was

659 310 202 28 unexceptionable
871 308 143 28 throughout.
1053 307 28 22 In
1097 314 42 14 our
1155 308 94 20 account

661 348 26 21 of
698 346 119 28 Monday's
827 345 146 29 proceedings
983 344 24 21 in
1017 343 144 27 Parliament,
1173 343 29 21 all
1212 341 37 22 the

661 383 102 22 essential
773 383 100 27 portions
883 382 26 22 of
923 381 38 21 the
972 379 81 29 speech
1070 386 37 15 are
1122 378 125 29 preserved,

661 419 45 22 and
715 419 17 22 it
741 419 18 21 is
769 419 110 21 therefore
889 418 102 21 needless
1001 420 22 18 to
1033 419 63 19 enter
1108 416 50 21 into
1173 413 76 23 details

660 455 61 22 here.
749 455 47 22 The
802 454 85 22 United
894 454 78 21 House
981 453 26 22 of
1013 452 119 27 Assembly
1143 451 45 22 will
1198 458 52 14 con-

661 492 40 21 sist
716 492 25 21 of
753 491 27 22 78
796 491 111 22 members
940 492 27 19 39
983 490 59 21 from
1059 489 55 22 each
1132 488 117 29 province;

661 528 38 22 the
709 527 150 28 qualification
871 527 25 21 of
911 526 94 22 electors
1017 529 21 17 to
1047 525 28 21 be
1087 532 23 14 as
1122 528 23 18 at
1154 526 95 26 present,

660 565 42 21 but
711 564 109 22 members
830 567 60 18 must
899 571 87 20 possess
995 562 55 22 land
1059 561 82 22 valued
1151 564 24 19 at
1183 561 67 22 500.

661 600 48 23 The
720 600 119 27 Assembly
850 600 44 21 will
902 603 40 18 not
952 599 57 21 have
1021 597 36 22 the
1068 605 75 20 power
1153 598 26 21 of
1186 597 65 27 origi-

661 638 80 27 nating
749 644 83 20 money
848 636 57 22 bills.
942 635 48 22 The
1007 634 136 27 Legislative
1160 635 92 21 Council

662 678 23 18 to
695 674 82 22 consist
787 673 25 22 of
822 676 42 18 not
879 672 67 22 fewer
963 672 55 20 than
1033 674 85 24 twenty
1134 671 116 27 members,

662 714 23 18 to
694 712 28 20 be
732 709 132 23 nominated
873 709 34 22 for
915 708 40 22 life
964 708 31 27 by
1005 708 37 21 the
1052 708 87 21 Crown.
1170 707 83 22 Parlia-

661 750 75 18 ments
746 750 22 17 to
784 746 45 21 last
846 745 35 22 for
899 745 51 21 four
967 751 73 20 years.
1078 744 24 21 A
1120 746 134 25 permanent

662 783 56 22 Civil
730 783 47 22 List
788 783 26 21 of
819 783 98 26 75,000
928 788 13 14 a
950 788 55 19 year
1014 781 19 21 is
1047 783 22 19 to
1084 780 28 21 be
1127 780 81 22 settled
1224 786 28 15 on

662 820 38 22 the
711 819 120 27 Sovereign
840 818 36 22 for
885 820 108 26 payment
1003 816 26 22 of
1035 816 90 22 salaries
1134 819 24 18 to
1169 816 85 21 Gover-

662 864 49 19 nor,
740 856 79 27 Judge,
842 855 45 22 and
905 854 65 22 other
989 853 81 22 official
1089 859 100 21 persons,
1210 852 44 21 and

661 893 105 27 pensions
775 896 23 17 to
809 892 38 21 the
861 894 78 19 extent
948 891 26 21 of
986 890 97 27 50,000
1098 897 25 13 or
1132 889 98 26 60,000
1243 896 12 13 a

662 936 60 20 year.
742 928 132 26 Something
881 927 44 22 will
934 927 28 21 be
969 927 59 21 done
1035 926 94 21 towards
1139 924 115 22 establish-

661 967 40 25 ing
708 964 120 28 municipal
835 964 138 21 institutions
979 963 24 21 in
1012 962 78 22 Lower
1098 961 102 27 Canada;
1211 961 45 22 and

662 1001 61 22 Lord
733 1000 60 22 John
804 1000 88 22 Russell
902 999 115 28 professed
1029 1006 12 14 a
1050 998 96 22 decided
1163 999 91 27 opinion

662 1038 49 21 that
720 1037 36 22 the
767 1037 45 22 sale
823 1037 27 21 of
858 1040 65 18 waste
933 1035 72 28 lands,
1026 1035 44 22 and
1079 1035 38 21 the
1129 1035 127 28 appropria-

662 1075 48 21 tion
727 1074 24 22 of
765 1074 37 22 the
819 1073 108 28 proceeds
942 1072 83 22 should
1040 1072 28 21 be
1085 1072 66 21 made
1169 1079 29 14 on
1215 1071 38 22 the

661 1114 85 24 system
811 1110 72 22 which
901 1110 43 21 Mr.
963 1108 126 22 Wakefield
1105 1108 19 22 is
1141 1108 38 22 the
1196 1112 60 17 most

664 1148 51 21 able
884 1146 60 23 Lord
955 1145 61 22 John
1027 1145 59 22 dealt
1096 1145 102 28 tenderly
1212 1145 44 21 and

664 1184 95 27 adroitly
767 1183 52 22 with
828 1183 38 22 the
873 1183 87 27 subject
965 1182 26 22 of
1019 1181 137 28 responsible
1162 1189 94 20 govern-

663 1225 64 18 ment
757 1220 35 22 for
802 1220 37 22 the
851 1220 106 22 colonies.
986 1218 38 22 He
1033 1225 56 21 gave
1099 1218 23 21 in
1136 1218 36 22 his
1172 1220 7 8 s
1186 1218 68 21 adhe-

664 1259 49 21 sion
723 1261 22 18 to
755 1258 38 21 the
804 1257 106 27 doctrine,
921 1256 111 26 however,
1043 1263 24 14 as
1083 1254 173 29 unequivocally

664 1303 24 14 as
699 1294 66 22 could
774 1294 28 22 be
814 1293 107 28 expected
931 1293 57 21 from
1000 1300 13 13 a
1028 1292 100 21 minister
1144 1292 50 21 who
1212 1291 44 21 had

664 1331 127 28 previously
817 1329 131 23 committed
974 1328 93 22 himself
1083 1328 89 27 against
1188 1328 24 27 it,
1233 1328 22 21 in

664 1369 121 29 ignorance
796 1367 25 22 of
827 1367 29 22 its
864 1366 47 22 real
922 1366 114 26 meaning.
1076 1365 56 27 May
1150 1373 33 14 we
1198 1364 58 28 hope

665 1406 50 21 that
723 1405 37 22 the
770 1404 94 28 diligent
873 1402 89 28 perusal
980 1402 26 22 of
1021 1409 40 14 our
1075 1409 69 19 pages
1158 1401 40 22 has
1217 1408 39 15 en-

664 1441 116 27 lightened
791 1440 61 22 Lord
868 1440 61 21 John
946 1446 24 15 as
986 1442 23 18 to
1024 1438 59 22 what

843 1477 26 26 is,
882 1476 45 22 and
936 1476 61 22 what
1005 1475 19 22 it
1031 1475 19 22 is
1058 1475 52 21 not?
1139 1474 117 22 Colonial

667 1515 114 24 Gazette,
794 1514 88 21 March
892 1514 35 20 25.

694 1557 228 23 Governor-General
949 1555 130 28 Thompson
1105 1555 18 22 is
1150 1554 107 29 perfectly

666 1594 97 22 satisfied
782 1594 53 22 with
854 1594 35 21 his
906 1595 162 25 management
1087 1592 25 21 of
1125 1592 37 21 the
1181 1592 76 26 Upper

667 1631 90 23 Canada
767 1631 146 27 Legislature.
943 1630 38 21 He
1000 1629 73 22 closed
1083 1628 39 22 the
1132 1628 86 22 session
1228 1635 28 13 on

666 1668 38 22 the
716 1668 50 21 10th
777 1668 26 21 of
809 1668 43 21 last
861 1667 87 27 mdnth,
960 1666 52 22 with
1023 1665 158 28 compliments
1191 1667 21 18 to
1221 1663 36 22 the

666 1705 110 22 members
796 1712 28 14 on
845 1704 57 22 their
920 1703 170 26 extraordinary
1107 1701 151 22 discernment

666 1743 24 20 in
701 1741 108 27 choosing
817 1741 39 21 the
864 1740 47 22 line
922 1740 25 22 of
956 1739 96 22 conduct
1061 1738 28 23 he
1099 1738 48 22 had
1159 1741 99 24 suggest-

668 1778 39 22 ed.-
732 1778 22 22 It
763 1777 74 22 would
845 1778 30 21 be
886 1776 93 23 difficult
996 1780 23 17 to
1036 1776 102 21 discover
1154 1774 72 22 which
1237 1773 24 22 of

667 1815 35 21 his
713 1818 41 18 two
764 1821 116 15 measures
889 1816 59 19 most
965 1812 96 27 delights
1077 1812 38 21 the
1131 1811 128 21 Governor-

669 1851 104 23 General.
803 1851 37 22 He
852 1858 71 14 seems
934 1853 23 18 to
967 1849 106 22 attribute
1090 1855 29 14 an
1137 1847 65 28 equal
1220 1847 37 21 de-

668 1895 52 20 gree
730 1888 25 21 of
761 1888 140 27 importance
911 1890 23 18 to
945 1886 38 22 the
1000 1886 80 26 Clergy
1090 1885 110 22 Reserves
1215 1884 44 21 and

668 1924 38 22 the
721 1924 103 22 Reunion
842 1923 64 26 Bills;
922 1922 42 22 but
982 1922 18 21 it
1023 1929 52 19 may
1094 1921 28 21 be
1143 1920 115 26 surmised,

668 1960 48 20 that
726 1959 65 21 while
800 1959 28 20 he
838 1962 60 17 must
906 1958 68 20 know
984 1957 39 20 the
1035 1956 68 20 lattev
1118 1959 22 16 to
1155 1955 28 20 be
1200 1955 59 19 Lord

669 1995 121 22 Durham's
800 1994 113 28 offspring,
932 1993 30 21 he
979 1993 68 20 views
1063 1991 38 22 the
1118 1990 82 27 Clergy
1216 1989 43 22 Bill

669 2032 53 21 with
732 2039 13 14 a
754 2031 84 27 species
850 2030 26 22 of
881 2029 104 29 parental
995 2029 114 21 fondness.
1141 2027 25 21 If
1178 2034 31 19 so,
1226 2033 33 15 we

669 2069 48 21 fear
725 2068 34 21 his
769 2067 79 22 tender
858 2067 94 26 feelings
969 2073 37 15 are
1024 2065 69 26 likely
1108 2068 23 18 to
1149 2063 86 22 receive
1247 2070 12 14 a

669 2105 76 22 shock.
774 2105 43 21 For
828 2103 64 22 while
903 2103 38 21 the
953 2103 104 21 Reunion
1068 2101 45 21 Bill
1123 2100 46 22 will
1179 2100 80 28 proba-

669 2142 39 27 bly
718 2149 49 20 pass
776 2142 48 20 into
835 2148 14 14 a
858 2140 42 22 law
910 2140 54 21 with
973 2139 58 22 little
1042 2138 102 27 damage,
1153 2137 61 22 there
1223 2144 37 14 are

671 2182 75 23 strong
756 2180 123 26 symptoms
896 2176 26 22 of
936 2183 13 14 a
965 2175 122 22 resolution
1106 2175 26 21 of
1146 2175 37 21 the
1198 2174 63 27 High

671 2215 87 22 Church
768 2218 64 24 party
849 2217 23 19 at
887 2214 75 26 home,
981 2216 22 18 to
1021 2213 69 27 reject
1106 2211 37 22 the
1160 2218 101 15 measure

671 2251 71 21 which
749 2251 101 21 meddles
859 2251 52 21 with
922 2251 38 21 the
1061 2249 71 21 lands.
1165 2248 57 22 Ibid.

699 2288 59 22 Lord
786 2288 22 22 J.
828 2288 90 22 Russell
945 2286 99 28 brought
1068 2286 55 21 both
1150 2292 112 15 measures

671 2326 75 22 before
765 2324 38 22 the
828 2324 78 21 House
924 2324 26 21 of
964 2324 121 21 Commons
1103 2329 29 14 on
1153 2321 108 28 Monday.

671 2362 49 21 The
738 2361 79 28 Clergy
836 2360 46 22 Bill
899 2360 30 22 he
947 2359 47 23 laid
1004 2366 29 14 on
1044 2359 37 21 the
1092 2359 60 21 table
1160 2366 4 19 ;
1181 2358 80 27 where,

673 2399 118 26 according
801 2401 21 19 to
833 2397 38 22 the
882 2400 36 19 act
929 2397 26 21 of
962 2397 61 26 1791,
1038 2396 19 21 it
1066 2396 45 21 will
1127 2395 87 22 remain
1230 2395 34 22 for

673 2435 68 27 thirty
755 2434 61 28 days,
837 2434 46 22 and
900 2434 55 21 then
973 2434 94 21 become
1087 2440 14 14 a
1118 2432 51 27 law,
1188 2432 75 22 unless

673 2472 69 22 either
752 2471 77 22 House
839 2470 91 22 address
941 2470 37 21 the
990 2470 79 24 Queen
1089 2473 22 18 to
1123 2469 93 22 withold
1226 2468 37 22 the

673 2508 72 28 Royal
759 2512 86 23 assent;
861 2508 24 21 in
901 2507 73 22 which
993 2509 67 19 event
1075 2506 19 21 it
1108 2506 19 21 is
1144 2505 50 22 lost.
1225 2505 38 22 Al-

673 2545 83 27 though
767 2553 14 14 a
790 2545 64 22 burst
862 2545 26 21 of
894 2543 174 23 dissatisfaction
1078 2542 53 22 with
1143 2550 13 14 a
1162 2549 101 15 measure

674 2582 72 22 which
754 2589 65 21 pares
829 2582 34 22 off
869 2589 13 14 a
890 2581 90 28 portion
991 2580 26 23 of
1024 2580 37 21 the
1075 2579 105 22 church's
1196 2579 68 22 herit-

675 2627 40 20 age
723 2627 69 19 came,
805 2627 23 14 as
835 2618 73 28 might
914 2618 28 22 be
950 2617 115 28 expected,
1074 2617 57 22 from
1141 2617 35 22 Sir
1183 2617 83 22 Robert

675 2656 76 28 Inglis,
762 2657 17 20 it
789 2657 19 20 is
818 2655 103 22 doubtful
929 2654 100 22 whether
1036 2654 37 22 the
1080 2654 134 27 Opposition
1222 2653 44 22 will

675 2697 34 24 try
725 2693 57 22 their
795 2692 100 28 strength
906 2700 29 14 on
946 2691 50 23 that
1005 2692 102 27 question
1117 2691 24 21 in
1151 2690 39 22 the
1200 2690 66 22 Com-

674 2738 70 19 mons,
756 2730 93 27 though,
860 2730 23 21 in
891 2737 13 14 a
915 2729 91 22 Church
1016 2728 109 28 question,
1137 2728 54 27 they
1195 2728 73 27 might

674 2766 93 23 succeed
777 2774 57 14 even
846 2766 70 21 there.
946 2766 45 21 But
1002 2764 36 22 the
1049 2764 78 28 Upper
1138 2764 78 23 House
1225 2764 41 22 has

675 2811 27 14 an
722 2804 94 27 especial
831 2803 104 22 function
952 2803 24 21 in
993 2802 63 22 these
1073 2805 101 19 matters.
1207 2801 61 22 Lord

675 2840 142 22 Duncannon
828 2848 46 13 was
884 2839 100 28 scarcely
994 2838 94 22 allowed
1099 2839 54 21 time
1164 2842 22 18 to
1203 2843 64 17 rtten-

675 2877 47 21 tion
732 2876 37 21 the
780 2876 48 22 title
839 2877 26 20 of
872 2876 36 22 the
918 2876 47 26 bill,
983 2876 77 21 before
1070 2876 38 21 the
1126 2875 142 27 Archbishop

676 2912 25 21 of
708 2912 140 28 Canterbury
857 2920 49 14 rose
916 2915 24 18 to
956 2915 85 24 protest
1056 2912 88 26 against
1185 2919 13 14 a
1207 2919 61 14 mea-

676 2956 49 15 sure
744 2949 73 21 which
835 2948 75 22 would
929 2956 28 19 go
974 2947 55 28 nigh
1047 2951 23 18 to
1085 2948 129 27 extinguish
1231 2948 37 22 the

676 2985 88 22 Church
775 2985 27 21 of
814 2985 104 27 England
933 2985 25 21 in
1117 2984 46 22 and
1179 2985 28 21 he
1223 2992 45 14 was

675 3022 103 22 followed
786 3023 30 27 by
824 3022 38 22 the
874 3022 82 28 Bishop
963 3022 25 21 of
993 3022 103 27 London,
1108 3022 51 22 who
1166 3021 102 23 declared

676 3058 49 22 that
756 3066 13 14 a
777 3066 63 15 more
857 3056 84 29 unjust,
960 3065 12 14 a
986 3065 63 15 more
1066 3057 202 24 unconstitutional

675 3102 108 20 measure,
795 3102 70 15 never
875 3102 44 14 was
930 3094 121 22 submitted
1065 3097 22 18 to

676 3132 45 22 and
738 3132 29 22 he
788 3132 71 22 called
878 3138 61 21 upon
956 3130 37 22 the
1011 3130 78 22 House
1106 3133 23 19 to
1145 3130 72 22 shield
1233 3130 35 22 the

676 3169 139 22 Established
834 3168 90 23 Church
942 3168 59 21 from
1049 3167 38 22 the
1107 3167 81 28 deadly
1208 3167 58 22 blow

676 3205 73 22 aimed
758 3208 23 19 at
790 3206 19 21 it
814 3205 24 22 in
848 3205 43 22 this
994 3204 60 21 Ibid.

702 3250 42 21 We
753 3249 139 22 understand
901 3249 50 22 that
965 3249 62 22 Lord
1041 3248 62 23 John
1118 3248 91 23 Russell
1229 3248 41 21 has

676 3286 120 29 appointed
807 3286 97 28 Stephen
916 3286 106 27 Walcott,
1038 3286 60 27 Esq.,
1117 3286 119 26 Secretary
1247 3287 22 19 to

678 3323 38 23 the
726 3323 65 23 Land
800 3323 46 23 and
857 3323 139 28 Emigration
1011 3322 81 22 Board.
1122 3322 49 22 The
1182 3321 88 23 Coloni-

678 3361 73 21 zation
761 3361 185 21 Commissioners
960 3360 35 22 for
1006 3359 69 23 South
1086 3359 116 22 Australia
1212 3358 58 22 have

678 3397 120 27 appointed
817 3397 38 22 the
875 3405 61 14 same
956 3396 128 28 gentleman
1106 3399 22 18 to
1152 3403 13 14 a
1187 3395 83 22 similar

678 3433 104 22 situation
792 3434 73 21 under
875 3434 61 21 them
942 3442 5 19 ;
964 3433 46 22 and
1018 3432 62 23 John
1089 3432 107 27 Gliddon,
1209 3432 60 27 Esq.,

679 3473 22 17 to
711 3469 73 23 whom
795 3470 37 22 the
848 3471 137 21 transaction
996 3470 27 22 of
1034 3469 73 23 affairs
1116 3468 154 27 immediately

680 3506 123 21 connected
809 3506 52 22 with
868 3507 71 21 South
944 3506 115 22 Australia
1064 3506 45 22 will
1116 3506 29 21 be
1152 3503 117 29 intrusted,

681 3540 112 23 Assistant
802 3543 123 25 Secretary.
957 3544 59 21 Ibid.

708 3584 43 22 Mr.
763 3585 98 27 Feargus
872 3586 120 22 O'Connor
1006 3593 44 14 was
1061 3585 57 22 tried
1129 3587 24 20 at
1162 3584 37 22 the
1209 3584 62 22 York

682 3620 87 22 Assizes
780 3628 29 14 on
819 3629 30 14 an
861 3629 27 14 ex
897 3622 74 22 officio
982 3622 146 22 information
1137 3621 53 22 filed
1195 3621 31 25 by
1235 3620 36 23 the

683 3656 79 22 Attorn
766 3658 143 27 ey-Goneral,
929 3659 34 21 for
986 3659 129 27 publishing
1134 3666 15 14 a
1167 3657 105 22 sediti6us

682 3692 52 22 libel
743 3693 24 21 in
780 3693 35 22 his
829 3701 137 21 newspaper,
985 3695 38 22 the

682 3728 47 21 The
762 3728 223 29 Attorney-General
1019 3730 83 28 quoted
1130 3732 87 24 reports
1248 3729 28 22 of

683 3764 105 27 speeches
807 3768 22 18 at
849 3765 97 23 Chartist
964 3767 117 26 meetings,
1107 3765 114 22 delivered
1243 3765 30 28 by

684 3801 43 21 Mr.
739 3801 119 22 O'Connor
868 3801 92 23 himself
971 3802 46 22 and
1028 3802 80 27 others,
1125 3801 45 22 and
1183 3801 90 28 leading

683 3837 86 23 articles
783 3838 24 22 in
821 3838 40 22 the
1127 3842 24 18 to
1166 3839 107 21 convince

683 3874 38 22 the
735 3874 58 28 Jury
803 3874 49 23 that
862 3874 42 23 Mr.
915 3874 121 23 O'Connor
1045 3874 44 23 had
1099 3874 174 23 recommended

683 3911 84 22 violent
776 3911 45 23 and
831 3911 73 28 illegal
915 3912 152 28 proceedings,
1084 3920 29 14 on
1131 3912 38 23 the
1185 3916 50 24 part
1251 3913 25 22 of

683 3947 36 22 the
730 3956 87 19 m.-issps,
831 3952 22 18 to
869 3956 93 19 procure
977 3949 98 26 political
1094 3949 103 26 changes.
1228 3949 43 23 JWr.

523 45 101 40 *HE
650 53 108 32 NEW
783 50 229 34 ZEALAND
1036 50 227 32 GAZETTE
1287 49 101 31 AND
1411 37 276 43 BRiTANNIA

752 135 225 23 ENGLISH
1009 133 140 25 NEWS.

1887 123 240 26 DESCRIPTION
2145 120 45 26 OF
2209 123 73 23 THE
2301 113 175 37 CHATHAM

2106 155 160 25 ISLANDS;

1974 204 31 17 BY
2018 203 100 17 ERNEST
2129 203 194 22 DIEFFENBACH,
2339 203 54 17 m;d.

2027 234 139 23 [Continued
2175 234 60 22 from
2244 234 43 22 No.
2297 234 44 23 16.]

1275 129 125 28 O'Connor,
1419 130 23 21 in
1459 129 33 22 his
1511 129 101 26 defence,
1632 127 125 23 declaimed
1774 127 88 26 against

1275 166 37 21 the
1320 166 96 27 iniquity
1426 166 26 21 of
1463 173 28 14 ex
1500 165 74 22 officio
1584 164 161 27 information's,
1753 163 47 22 arid
1807 162 55 22 read

1275 209 68 20 many
1358 210 103 20 passages
1477 202 59 22 from
1552 201 35 22 his
1602 208 68 21 paper
1684 200 27 21 of
1728 207 14 14 a
1758 202 104 23 contrary

1275 238 113 28 tendency
1402 242 22 18 to
1443 238 62 22 those
1526 238 61 21 cited
1604 238 34 21 for
1656 228 36 30 die
1711 230 150 33 prosecution.

1276 275 21 21 A
1316 274 86 22 verdict
1419 274 26 22 of
1611 280 44 14 was
1672 271 114 23 returned.
1814 270 49 22 The

1278 310 219 28 Attorney-General
1504 310 86 28 prayed
1597 308 127 23 immediate
1731 308 130 28 judgment;

1276 346 40 22 but
1323 353 29 15 on
1361 347 44 21 Mr.
1414 346 139 22 O'Connor's
1561 348 119 19 statement
1689 344 49 22 that
1747 344 63 21 there
1819 351 45 14 was

1277 382 93 23 another
1383 383 140 28 prosecution
1538 382 101 27 hanging
1655 388 53 14 over
1720 380 37 22 his
1771 379 58 22 head
1844 383 20 18 at

1277 418 125 28 Liverpool,
1414 419 45 21 and
1469 418 48 22 that
1528 418 30 21 he
1574 417 80 22 should
1668 416 59 22 have
1741 416 58 22 been
1816 423 48 20 pre-

1277 455 67 27 pared
1358 455 53 22 with
1426 454 109 23 affidavits
1551 454 25 21 in
1590 453 125 27 mitigation
1732 452 26 22 of
1773 451 91 29 punish-

1277 495 62 18 ment
1347 491 46 22 had
1402 491 28 22 he
1439 491 82 22 known
1532 491 121 27 judgment
1661 489 75 22 would
1743 489 58 22 have
1807 489 57 21 been

1277 527 84 28 prayed
1370 531 23 18 at
1403 534 62 21 once,
1476 527 37 22 the
1529 527 69 22 Court
1613 525 124 29 postponed
1751 528 113 19 sentence.

1305 563 58 21 Ibid.

1315 607 65 23 Some
1399 608 87 22 curious
1505 607 80 22 details
1604 614 37 14 are
1657 606 67 27 given
1741 606 126 27 respecting

1279 643 34 22 Sir
1322 644 76 22 Moses
1409 644 155 22 Montefiore's
1572 644 54 21 visit
1634 646 22 18 to
1666 642 38 22 the
1724 642 62 27 Holy
1802 642 65 21 Land

1279 687 60 15 some
1349 680 54 22 time
1412 680 65 22 back.
1512 680 38 21 On
1560 679 35 22 his
1604 679 135 28 pilgrimage
1749 678 29 22 he
1787 685 57 20 gave
1854 685 13 14 a

1280 717 73 21 talaris
1363 720 23 19 to
1397 724 67 20 every
1473 724 43 14 one
1527 717 27 21 of
1564 716 38 22 the
1611 716 116 22 Israelites.
1757 715 37 22 He
1802 715 64 22 made

1280 753 84 22 careful
1372 753 106 28 inquiries
1491 753 129 28 respecting
1629 753 35 21 the
1675 752 87 22 several
1778 752 89 22 biblical

1280 790 128 27 antiquities
1422 789 25 22 of
1462 789 37 22 the
1517 789 72 27 place,
1610 789 44 22 and
1671 788 141 23 ascertained
1830 788 37 21 the

1280 828 92 19 amount
1383 826 25 21 of
1423 826 54 26 duty
1492 825 75 22 which
1585 825 38 22 the
1640 825 77 22 sacred
1732 825 75 27 places
1823 825 45 21 and

1280 861 91 27 villages
1393 861 51 28 paid
1463 865 22 17 to
1506 861 38 21 the
1572 861 112 28 Egyptian
1711 864 155 23 government,

1281 897 72 22 which
1362 905 45 14 was
1416 905 55 14 near
1480 899 78 25 64,000
1567 905 83 20 purses.
1687 897 35 22 On
1739 898 91 26 coming
1847 900 21 19 to

1282 934 138 22 Alexandria
1429 934 28 22 he
1468 934 83 22 offered
1561 934 38 22 the
1612 934 96 27 Viceroy
1725 937 23 18 to
1764 941 44 20 pay
1825 933 44 22 this

1281 978 49 15 sum
1341 974 38 18 out
1390 971 25 21 of
1426 971 33 21 his
1470 978 48 14 own
1529 971 90 27 pocket,
1630 971 107 27 provided
1746 971 38 21 the
1802 971 67 21 Vice-

1282 1015 39 20 roy
1337 1007 74 22 would
1430 1007 62 22 allow
1511 1007 50 22 him
1580 1011 22 18 to
1623 1007 99 22 colonize
1738 1007 38 22 the
1795 1008 75 27 places

1282 1044 166 27 particularised
1457 1044 53 21 with
1521 1044 119 26 Israelites,
1652 1047 22 18 to
1678 1043 80 22 'which
1767 1044 103 27 proposal

1283 1081 35 22 the
1339 1081 99 27 Viceroy
1459 1080 110 27 assented,
1595 1079 113 28 provided'
1726 1080 39 21 the
1789 1080 81 27 colony

1282 1117 80 22 should
1370 1118 29 21 be
1410 1117 131 22 considered
1551 1124 23 14 as
1584 1116 106 27 national;
1699 1116 46 22 and
1751 1120 42 18 not
1799 1117 72 21 under

1282 1154 119 26 European
1410 1153 131 27 protection.
1571 1153 81 23 Times.

1309 1200 116 22 Accounts
1434 1200 57 22 from
1502 1200 72 22 Chiva
1583 1200 57 22 have
1654 1200 57 22 been
1727 1200 106 22 received
1847 1200 24 21 in

1283 1237 36 22 the
1327 1237 49 28 City
1381 1237 43 22 this
1430 1237 110 27 morning,
1546 1237 31 27 by
1584 1244 50 20 way
1642 1237 24 21 of
1678 1236 192 28 Constantinople,

1283 1273 71 23 which
1364 1277 56 18 state
1430 1273 48 21 that
1491 1273 38 21 the
1547 1273 108 21 Russians
1668 1272 46 22 had
1730 1273 58 22 been
1803 1273 69 22 foiled

1282 1311 22 21 in
1316 1317 28 14 an
1355 1313 94 25 attempt
1459 1313 21 18 to
1491 1310 67 21 make
1569 1309 132 22 themselves
1717 1313 94 18 masters
1822 1310 27 21 of
1859 1317 14 14 a

1283 1348 44 21 fort
1335 1348 23 21 in
1369 1347 48 21 that
1432 1350 100 23 country,
1553 1346 45 21 and
1614 1346 48 21 that
1677 1354 14 13 a
1706 1346 126 21 succession
1850 1346 26 21 of

1283 1384 50 22 cold
1336 1391 3 5 1
1352 1383 46 22 and
1416 1383 144 27 tempestious
1577 1383 96 21 weather
1687 1382 47 22 had
1753 1390 65 14 come
1835 1390 36 19 on,

1283 1415 78 27 whicfr
1364 1427 45 14 was
1419 1419 107 22 attended
1542 1419 55 21 with
1615 1423 61 23 great
1692 1420 70 20 losses
1779 1419 55 21 both
1851 1420 26 21 of

1282 1456 101 27 infantry
1402 1456 45 22 and
1466 1456 101 27 cavalry;
1589 1463 25 14 so
1632 1455 67 22 much
1718 1463 25 14 so
1764 1456 48 21 that
1835 1455 38 22 the

1284 1493 73 28 object
1374 1491 26 24 of
1411 1491 38 23 the
1464 1491 129 29 expedition
1608 1493 34 21 for
1659 1492 37 22 the
1713 1495 91 26 present
1820 1500 53 20 year

1283 1537 44 14 was
1337 1529 131 22 considered
1478 1533 21 18 to
1508 1529 29 21 be
1548 1529 83 27 wholly
1644 1529 128 22 frustrated.
1801 1529 72 22 These

1284 1571 106 18 accounts
1400 1574 37 14 are
1446 1566 102 22 believed
1559 1567 24 21 in
1594 1566 37 22 the
1640 1566 49 22 best
1703 1566 77 22 circles
1794 1567 24 21 in
1836 1566 37 22 the

1285 1604 51 27 city.
1365 1603 23 22 It
1398 1604 39 21 has
1446 1603 57 22 been
1513 1603 120 22 remarked
1644 1603 47 21 that
1700 1602 39 23 th*e
1750 1603 127 22 climate^'of

1285 1641 69 21 Chiva
1363 1641 20 20 is
1393 1648 23 13 so
1426 1640 105 27 peculiar,
1543 1639 75 22 thafit
1628 1639 97 28 depends
1742 1640 36 21 for
1793 1648 14 13 a
1823 1648 51 19 sup-

1284 1678 37 27 ply
1332 1677 26 23 of
1369 1680 68 19 water
1452 1684 29 14 on
1496 1676 39 22 the
1552 1676 39 22 fall
1609 1676 24 21 of
1644 1683 78 20 snows,
1741 1677 45 21 and
1803 1677 71 22 hence

1285 1715 48 21 that
1342 1722 46 19 any
1398 1714 127 27 expedition
1534 1714 25 21 in
1570 1713 95 22 weather
1682 1716 41 19 not
1734 1713 51 22 cold
1802 1714 73 21 would

1284 1752 27 22 be
1320 1751 117 28 imposible
1447 1750 71 28 while,
1530 1757 30 15 on
1570 1750 39 22 the
1619 1750 62 21 other
1690 1750 69 27 hand,
1778 1750 36 22 the
1825 1750 50 22 cold

1285 1788 98 23 weather
1392 1788 18 22 is
1419 1795 25 14 so
1454 1795 75 14 severe
1540 1795 24 14 as
1574 1791 23 18 to
1612 1787 56 22 have
1683 1787 37 22 the
1739 1787 136 22 destruction

1287 1825 24 23 of
1318 1833 28 14 an
1354 1832 63 20 army
1427 1832 23 14 as
1460 1824 27 22 its
1493 1824 109 28 probable
1609 1823 75 23 result.
1711 1824 63 22 Thus
1779 1824 18 22 it
1804 1832 71 14 seems

1287 1870 43 20 any
1340 1862 80 22 hostile
1431 1865 131 18 movement
1568 1862 87 26 against
1662 1861 44 21 this
1713 1864 95 24 country
1816 1865 60 18 must

1287 1900 78 21 almost
1379 1898 132 27 necessarily
1527 1898 67 27 bring
1608 1898 36 21 the
1659 1898 129 26 aggressing
1802 1905 74 20 power

1286 1936 48 21 into
1344 1943 13 14 a
1367 1935 111 22 dilemma.
1508 1935 59 20 Ibid.

1315 1977 116 22 Congress
1447 1985 42 14 for
1503 1985 47 14 the
1561 1978 101 21 Affairs
1677 1985 27 14 of
1718 1985 46 14 the
1780 1977 67 22 East.

1287 2013 47 22 The
1367 2014 85 27 Lieipsic
1461 2015 94 20 Gazette
1585 2018 78 17 asserts
1669 2014 49 21 that
1725 2014 39 22 the
1769 2015 107 22 Austrian

1289 2051 155 21 Government
1452 2051 39 21 has
1500 2051 112 28 proposed
1622 2051 37 22 the
1668 2052 148 22 convocation
1827 2052 26 22 of
1864 2060 13 14 a

1289 2088 108 26 Congress
1407 2088 25 21 of
1444 2088 115 21 Ministers
1569 2095 29 14 on
1611 2088 35 21 the
1656 2088 73 22 affairs
1738 2088 26 21 of
1771 2088 36 22 the
1816 2089 59 27 East,

1289 2128 21 17 to
1320 2128 61 17 meet
1391 2127 23 18 at
1423 2124 85 27 Toplitz
1518 2128 56 18 next
1583 2132 103 19 summer,
1702 2128 23 18 at
1742 2125 73 22 which
1831 2126 46 22 also

1289 2160 36 22 the
1340 2161 108 28 Emperor
1464 2161 26 21 of
1505 2161 95 22 Austria
1616 2161 44 22 and
1675 2162 87 28 Russia,
1779 2162 45 22 and
1840 2163 37 22 the

1290 2198 60 27 King
1360 2198 27 22 of
1398 2198 93 27 Prussia,
1503 2197 44 22 will
1558 2198 27 22 be
1597 2202 93 23 present.
1718 2198 56 23 This
1785 2200 92 27 project,

1289 2235 17 21 it
1320 2234 61 28 adds,
1399 2234 41 22 has
1454 2234 57 22 been
1527 2235 132 28 favourably
1675 2236 104 21 received
1795 2236 30 27 by
1841 2236 36 22 the

1289 2275 62 23 great
1485 2271 59 22 Ibid.

43 138 84 27 Island,
137 139 75 21 where
222 139 17 21 it
248 139 18 21 is
276 137 87 27 alleged
374 136 48 22 that
431 143 13 15 a
454 136 94 27 Captain
556 135 75 27 Lang-

42 176 49 26 lois,
112 182 42 15 one
165 175 27 22 of
199 175 36 22 the
246 181 117 20 company,
381 173 19 21 is
417 172 37 21 the
468 171 123 28 proprietor
607 171 27 21 of

43 219 13 14 a
75 211 153 22 considerable
247 210 103 26 territory
368 207 125 29 purchased
509 207 59 21 from
592 207 39 21 the

43 247 92 22 natives.
167 247 41 21 We
218 247 62 21 learn
290 245 85 26 finally,
394 245 47 21 that
457 244 40 21 her
513 244 118 26 Majesty's

44 283 111 22 ministers
174 282 57 21 have
250 282 56 21 been
325 281 35 21 for
374 287 60 15 some
451 280 53 21 time
521 286 72 15 aware
608 279 26 21 of

44 320 62 21 these
116 318 63 28 facts,
190 318 41 21 but
240 317 57 22 have
307 317 69 22 taken
393 324 29 14 no
438 320 60 23 steps
512 316 25 21 in
554 322 77 15 conse-

43 362 92 20 quence.

72 397 23 21 It
112 397 18 21 is
150 399 41 19 not
209 403 41 15 our
273 398 92 25 present
389 402 95 20 purpose
502 397 23 19 to
544 394 87 27 inquire

45 432 100 24 whether
154 432 38 22 the
201 440 54 19 very
271 438 61 15 same
350 435 48 17 acts
413 430 126 28 performed
555 433 24 18 at
594 429 37 22 the

45 477 60 15 same
114 470 53 21 time
178 477 24 14 as
212 469 62 21 those
284 468 75 22 which
370 466 120 23 converted
499 466 56 21 New
562 465 70 22 South

45 506 82 26 Wales,
137 505 52 22 Van
196 505 114 22 Dieman's
318 503 72 29 La^d,
403 503 44 22 and
454 501 95 23 Norfolk
556 501 77 22 Island

43 543 49 21 into
102 541 163 28 dependencies
274 540 27 22 of
306 540 38 22 the
360 539 82 23 British
453 539 77 21 Crown
560 538 73 22 which

44 579 19 21 is
73 578 38 21 the
121 585 50 13 case
180 577 35 21 for
226 576 80 22 British
322 576 128 26 sovreignty
465 575 23 21 in
504 574 57 23 New
576 574 56 22 Zea-

44 614 55 22 land
126 613 70 27 really
207 612 134 22 established
356 619 13 14 a
384 611 82 22 British
484 611 114 21 dominion
607 611 24 22 in

45 651 38 22 the
101 650 66 22 latter
186 649 83 22 islands
287 647 188 29 unquestionable
493 647 30 27 by
546 647 86 28 foreign

45 695 85 21 powers
139 686 121 27 according
270 689 22 18 to
302 685 39 21 the
351 685 43 21 law
405 684 25 22 of
435 684 99 22 nations:
550 684 48 22 that
614 685 19 21 is

45 732 14 14 a
77 724 87 27 subject
183 722 72 23 which
270 725 61 19 must
346 722 27 21 be
391 720 110 23 discussed
519 721 23 21 in
553 720 80 28 parlia-

45 764 69 19 ment.
144 760 50 21 Nor
202 759 56 22 shall
267 766 33 14 we
310 762 95 18 venture
415 758 21 21 to
452 757 66 28 opine
534 760 23 18 to
575 756 59 22 what

45 799 78 20 extent
277 797 47 19 acts
334 795 26 21 of
366 793 38 22 the
419 796 148 25 government
575 800 58 20 .may

44 833 57 22 have
121 832 122 22 amounted
261 835 22 18 to
303 839 30 13 an
353 830 167 22 abandonment
538 830 26 21 of
579 830 54 21 such

45 869 142 27 sovereignty
195 877 5 13 :
215 868 34 22 for
259 868 36 21 the
309 871 102 24 mystery
427 866 72 32 whic^h
515 866 37 22 the
569 866 65 21 Colo-

44 906 47 21 nial
101 905 71 22 Office
181 906 41 21 has
232 904 107 23 observed
354 905 23 21 in
393 903 43 22 this
451 906 87 23 matter,
556 910 25 14 as
596 906 39 23 yet

45 943 101 26 deprives
165 942 38 22 the
221 941 74 28 public
314 941 27 21 of
357 939 111 23 sufficient
489 938 144 22 information

44 979 105 22 whereon
168 982 23 18 to
210 978 69 21 found
295 985 14 14 a
324 976 127 22 conclusive
461 976 99 26 opinion.
589 974 45 22 But

45 1014 43 22 this
98 1021 32 15 we
145 1021 53 19 may
215 1021 49 14 now
280 1020 47 20 say,
346 1013 53 20 with
418 1012 37 21 the
474 1018 117 15 assurance
611 1011 27 21 of

44 1051 91 28 general
146 1049 118 29 sympathy
292 1049 49 22 that
350 1049 20 21 if
376 1049 24 21 in
416 1048 60 22 truth
492 1048 85 22 France
593 1047 40 22 has

46 1087 105 28 acquired
160 1087 31 26 by
202 1089 46 19 acts
258 1094 23 13 or
300 1086 140 21 ommissions
457 1086 26 20 of
497 1085 35 21 the
551 1084 82 22 British

44 1126 149 25 government
203 1131 13 14 a
226 1122 57 28 right
297 1126 23 18 to
337 1122 99 22 colonize
452 1122 56 21 New
525 1121 107 26 Zealand,

45 1160 37 22 the
102 1159 84 22 British
203 1162 149 24 government
367 1158 40 22 has
424 1159 57 21 been
493 1157 142 27 enormously

45 1197 114 27 negligent
170 1196 26 22 of
203 1196 37 22 the
250 1195 75 28 public
335 1195 103 21 interests
448 1194 103 22 confided
568 1197 22 19 to
605 1195 30 21 its

44 1240 57 15 care.

73 1274 43 21 For
126 1280 51 15 now
187 1273 32 23 let
227 1281 27 14 us
269 1273 82 28 briefly
365 1277 54 18 note
438 1273 38 21 the
494 1272 54 22 evils
563 1272 72 21 which

47 1314 59 19 must
114 1310 123 28 inevitably
252 1310 70 22 result
337 1310 58 21 from
413 1310 36 21 the
468 1309 168 22 establishment

47 1348 25 21 of
83 1355 14 14 a
115 1347 88 22 French
222 1347 66 27 penal
307 1347 82 27 colony
409 1347 23 21 in
452 1347 55 21 New
526 1346 108 21 Zealand.

45 1384 73 22 Those
136 1384 85 21 islands
239 1391 51 20 may
306 1384 29 21 be
352 1383 48 23 said
419 1387 21 18 to
462 1390 112 15 command
596 1383 39 21 the

48 1420 109 22 Southern
169 1420 89 22 Pacific.
293 1420 64 27 They
367 1420 29 22 lie
407 1421 22 21 in
439 1420 38 21 the
488 1420 70 21 direct
574 1419 63 22 track

48 1458 25 22 of
91 1458 81 21 vessels
189 1457 216 22 homeward-bound
414 1457 56 22 from
486 1457 36 22 the
542 1457 96 21 Austra-

47 1494 45 22 lian
103 1494 105 21 colonies.
237 1494 38 21 An
287 1501 83 20 enemy
384 1493 93 22 secured
492 1494 23 21 in
532 1493 38 22 the
586 1501 52 20 pos-

48 1531 82 21 session
141 1531 27 21 of
179 1538 14 14 a
205 1530 58 27 good
279 1530 98 22 harbour
394 1530 68 26 there,
479 1529 72 28 might
567 1529 71 22 either

48 1571 38 17 cut
95 1574 30 20 up
134 1574 14 14 a
154 1566 103 22 valuable
268 1567 45 21 and
322 1566 224 28 rapidly-increasing
551 1566 86 22 branch

49 1604 25 21 of
87 1611 40 14 onr
135 1604 70 26 trade,
218 1611 24 14 or
253 1603 73 22 would
335 1607 40 24 put
385 1611 26 14 us
421 1607 22 18 to
453 1603 38 22 the
501 1611 97 19 expense
615 1603 26 21 of

50 1648 13 13 a
72 1640 53 21 fleet
142 1640 35 21 for
193 1640 28 21 its
239 1641 133 26 protection.
410 1640 58 21 That
487 1647 44 20 any
550 1640 87 26 foreign

49 1684 74 20 power
132 1677 62 21 there
204 1677 135 21 established
349 1676 74 22 would
433 1684 55 14 soon
503 1676 93 22 become
607 1683 30 14 an

50 1721 87 19 enemy,
149 1721 72 14 seems
231 1721 61 14 more
309 1713 55 22 than
382 1713 113 27 probable,
513 1712 64 23 when
594 1720 43 15 one

49 1750 115 22 recollects
174 1750 50 21 how
233 1757 69 19 many
312 1757 56 14 wars
375 1749 58 22 have
439 1749 58 22 been
506 1749 133 22 occasioned

50 1787 29 28 by
90 1787 37 22 the
143 1787 102 21 rivalries
260 1787 44 21 and
321 1787 100 27 disputes
437 1786 26 21 of
474 1786 165 27 neighbouring
645 1804 4 4 .

49 1825 98 21 colonies
164 1824 93 27 planted
274 1824 30 26 by
324 1823 104 22 different
444 1823 96 21 nations.
579 1823 59 22 Such

49 1861 100 22 colonies
171 1860 58 22 have
257 1860 125 27 invariably
414 1859 124 28 quarrelled
572 1860 68 21 about

49 1897 137 27 boundariys
201 1897 31 27 by
241 1896 54 22 land
305 1896 46 22 and
367 1903 44 20 sea,
428 1896 44 21 and
488 1895 57 22 have
562 1896 76 21 drawn

50 1934 59 21 their
117 1937 81 24 parent
207 1936 55 18 state
272 1934 48 20 into
334 1933 116 21 hostilites.
478 1933 48 21 The
540 1932 46 22 rich
598 1933 40 21 soil

50 1969 25 21 of
97 1969 54 21 New
168 1968 106 27 Zealand,
302 1968 130 26 abounding
458 1968 24 21 in
508 1967 131 28 exportable

50 2004 112 28 products,
186 2004 52 21 with
255 2004 37 21 the
308 2004 88 27 prolific
410 2003 190 27 fishing-grounds
617 2004 26 21 of

50 2041 28 21 its
89 2039 190 28 neighbourhood,
291 2039 74 23 would
374 2041 51 26 give
440 2047 63 15 room
521 2040 34 22 for
574 2040 66 21 innu-

52 2077 98 21 merable
175 2077 104 27 disputes,
304 2080 42 18 not
372 2079 22 18 to
421 2076 99 22 mention
547 2075 95 22 another

51 2114 98 21 element
167 2114 27 21 of
215 2114 88 21 discord
321 2113 25 22 in
365 2113 37 22 the
422 2112 123 28 aboriginal
565 2113 75 26 tribes,

51 2150 114 28 generally
176 2153 24 19 at
209 2157 44 14 war
271 2157 84 19 among
372 2150 138 26 themselves,
529 2149 46 21 and
591 2157 50 14 sure

53 2189 63 21 when
132 2188 54 27 they
202 2190 39 24 get
257 2187 46 21 into
321 2187 101 21 collision
438 2186 54 22 with
508 2194 43 14 one
569 2189 33 19 set
619 2186 26 21 of

53 2225 112 26 colonists,
177 2228 23 18 to
210 2225 28 21 be
248 2223 65 23 aided
323 2224 30 27 by
361 2223 38 22 the
406 2223 71 22 other:
490 2223 47 22 The
545 2223 97 22 chances

52 2270 45 19 are,
118 2262 49 21 that
185 2261 76 22 before
280 2261 37 21 the
337 2260 44 22 end
401 2260 29 22 of
455 2260 43 22 this
516 2261 84 21 session
619 2261 27 20 of

53 2298 140 28 parliament,
213 2298 37 21 the
267 2297 89 22 French
372 2296 46 22 and
434 2296 37 22 the
488 2296 94 27 English
598 2297 44 22 will

53 2335 28 21 be
92 2335 136 27 quarrelling
238 2338 23 18 tn
273 2334 57 22 New
346 2333 99 23 Zealand
464 2334 67 22 about
548 2334 53 21 land
619 2342 23 14 or

54 2375 74 23 water,
139 2379 25 13 or
174 2371 111 21 influence
295 2371 55 21 with
360 2378 62 14 some
432 2371 74 21 native
517 2370 57 22 tribe
581 2378 4 19 ;
598 2371 45 21 and

54 2408 48 21 that
112 2408 52 28 they
175 2408 79 21 should
262 2408 56 26 long
328 2407 108 22 maintain
448 2407 91 22 distinct
555 2408 88 21 nation-

53 2444 72 23 alities
134 2445 22 21 in
168 2452 25 15 so
203 2444 64 23 small
276 2451 13 15 a
301 2448 95 23 country
406 2451 24 14 so
438 2444 102 27 peopled,
551 2444 93 21 without

53 2481 89 27 coming
160 2484 24 18 to
201 2481 75 27 blows,
297 2481 18 22 is
331 2481 84 27 utterly
430 2481 135 27 impossible.
594 2481 49 22 The

57 2517 86 23 French
161 2521 149 24 government
329 2525 53 20 may
398 2521 39 19 not
454 2518 66 21 know
550 2517 58 22 what
626 2519 18 21 is

55 2554 37 21 the
112 2555 44 21 fact
187 2554 47 22 that
253 2555 36 21 the
309 2555 89 22 natives
417 2555 25 22 of
466 2554 57 23 New
542 2555 102 22 Zealand

53 2590 59 23 have
120 2592 58 21 been
189 2592 78 26 taught
275 2592 31 27 by
316 2592 38 21 the
361 2592 119 27 vagabond
491 2592 93 27 English
594 2592 50 21 who

56 2627 57 23 have
136 2629 55 27 long
215 2629 116 21 inhabited
350 2629 38 21 the
407 2632 101 24 country,
529 2629 38 21 the
586 2633 59 18 most

56 2664 79 23 hostile
146 2666 94 27 feelings
251 2666 94 22 towards
356 2666 37 21 the
405 2665 94 23 French.
528 2667 22 21 A
561 2674 84 14 massa-

57 2709 37 14 cre
105 2702 24 21 of
140 2702 38 21 the
189 2701 47 23 first
245 2702 59 28 body
314 2702 27 22 of
352 2702 86 22 French
456 2703 86 21 settlers
559 2704 30 27 by
605 2703 39 21 the

56 2738 92 27 natives,
159 2742 35 18 set
203 2746 28 15 on
242 2739 44 22 and
295 2739 94 22 assisted
399 2740 29 26 by
445 2747 107 20 runaway
567 2740 78 22 sailors

56 2775 44 21 and
111 2776 106 25 convicts,
228 2775 19 22 is
257 2783 28 14 an
304 2780 68 17 event
389 2776 47 21 that
454 2776 78 21 should
548 2777 97 27 surprise

55 2811 97 28 nobody.
189 2812 45 22 But
250 2820 94 19 suppose
359 2812 38 22 the
413 2812 86 22 French
515 2813 80 27 colony
611 2821 34 14 es-

55 2848 117 26 tablished,
184 2848 52 21 then
248 2856 73 14 comes
333 2849 37 22 the
377 2849 155 27 impossibility
542 2850 25 21 of
575 2850 71 21 main-

56 2884 86 27 taining
161 2884 91 22 convict
275 2884 106 28 dicipline
405 2886 24 21 in
459 2885 38 22 the
515 2886 130 22 immediate

57 2921 184 26 neighbourhood
261 2921 26 22 of
306 2921 76 22 native
401 2922 67 22 tribes
495 2922 44 22 and
563 2923 82 21 British

57 2958 146 21 settlements.
233 2958 22 21 It
264 2958 18 22 is
292 2958 55 27 only
356 2958 23 22 in
391 2966 14 14 a
415 2958 73 22 desert
497 2963 94 24 country
600 2959 46 23 like

58 2993 55 22 New
125 2994 107 28 Holland,
243 2995 72 22 where
326 2995 165 28 hush-ranging
506 2996 18 22 is
541 2996 38 21 the
597 3004 50 20 way

58 3033 22 18 to
96 3030 65 23 death
179 3032 30 26 by
229 3032 129 27 starvation,
377 3032 49 22 that
441 3033 100 22 convicts
560 3041 41 14 can
619 3034 27 21 be

57 3067 100 22 retained
173 3068 24 21 in
214 3068 104 23 durance.
356 3069 27 22 In
399 3069 55 23 New
473 3069 101 23 Zealand
592 3071 55 27 they

58 3103 73 22 would
140 3111 79 21 escape
234 3105 54 21 with
302 3105 120 29 impunity,
439 3106 75 22 would
530 3107 47 21 mix
593 3107 54 22 with

57 3137 39 23 the
115 3140 86 22 natives
221 3141 45 22 and
283 3149 42 14 our
344 3144 106 26 runaway
469 3143 100 22 convicts
587 3144 59 22 from

59 3175 121 29 Australia,
200 3177 45 22 and
259 3177 75 22 would
349 3185 62 20 soon,
428 3179 20 21 if
462 3179 53 28 they
531 3187 58 15 were
606 3184 41 19 not

59 3211 50 22 shot
118 3212 65 24 down
193 3214 44 22 like
248 3214 51 22 wild
314 3215 82 27 beasts,
414 3216 80 22 render
509 3217 37 21 the
563 3217 84 22 islands

58 3255 14 14 a
80 3248 45 22 hell
134 3257 60 20 upon
206 3250 68 22 earth.
304 3250 46 22 But
360 3251 54 27 they
422 3252 73 22 would
502 3253 29 21 be
547 3253 98 28 destroy-

59 3284 28 21 ed
95 3285 30 27 by
134 3286 38 21 the
189 3286 120 28 organized
327 3287 82 22 British
424 3288 91 23 settlers.
546 3290 101 29 Perhaps

59 3320 48 22 that
124 3322 17 22 is
161 3323 69 22 Louis
250 3323 114 28 Phillipe's
381 3324 85 28 object;
481 3325 34 22 for
532 3326 19 22 it
567 3327 18 22 is
600 3328 48 22 said

57 3357 49 22 that
114 3359 27 22 he
152 3360 160 30 contemplates
323 3360 96 27 sending
434 3363 21 19 to
472 3361 55 22 New
545 3363 103 23 Zealand

60 3393 37 22 the
115 3395 98 27 political
233 3397 111 27 prisoners
360 3397 50 22 who
428 3398 84 22 overfill
528 3399 35 22 his
579 3401 69 26 gaols.

61 3429 60 24 Here
131 3432 74 22 would
213 3433 28 22 be
249 3434 86 21 further
346 3434 102 22 occasion
457 3434 33 22 for
497 3443 44 14 war
548 3436 101 23 between

62 3467 93 23 nations.
185 3469 45 22 But
238 3470 122 27 supposing
370 3477 56 15 even
436 3470 49 22 that
495 3471 87 22 French
597 3480 54 15 con-

62 3503 46 22 vict
117 3504 149 24 colonization
277 3506 67 22 could
354 3507 27 21 be
399 3507 138 22 maintained
554 3508 24 21 in
594 3509 57 21 New

63 3538 99 25 Zealand
173 3542 92 22 without
275 3550 45 14 war
328 3543 104 22 between
441 3543 44 22 this
496 3547 93 24 country
606 3546 46 20 and

65 3575 89 29 France,
167 3578 60 22 what
235 3586 15 15 a
257 3584 104 23 prospect
371 3580 33 21 for
414 3580 28 21 all
459 3580 48 21 that
521 3584 51 24 part
581 3581 25 21 of
614 3581 38 22 the

64 3613 68 21 world
138 3613 5 21 !
174 3615 33 21 As
217 3616 19 21 if
243 3624 31 14 we
283 3616 47 22 had
338 3621 40 17 not
385 3617 135 27 sufficiently
527 3617 101 27 polluted
635 3618 18 22 it

64 3648 30 27 by
114 3657 39 15 our
172 3659 50 14 o.vn
239 3657 83 23 system
340 3653 26 21 of
379 3653 66 28 penal
465 3654 186 27 transportation!

66 3684 57 23 Well
137 3686 18 22 it
173 3687 20 21 is
210 3689 120 26 presumed
349 3690 49 21 that
417 3697 40 14 our
473 3693 149 24 government
634 3691 19 22 is

66 3721 66 23 about
141 3727 22 18 to
175 3724 84 22 abolish
274 3725 37 22 the
345 3727 110 22 shameful
473 3727 44 22 and
532 3727 121 22 unblessed

162 3767 25 14 so
198 3760 57 27 that,
267 3761 115 28 probably,
395 3763 37 21 the
442 3763 111 22 Southern
565 3763 88 23 Islands

66 3794 43 21 will
118 3794 132 24 henceforth
264 3797 27 22 be
309 3797 38 22 the
528 3800 27 21 of
568 3800 85 22 France

67 3831 53 26 only
126 3839 5 13 :
146 3832 43 22 but
199 3836 22 18 at
230 3833 29 22 all
269 3837 79 18 events
358 3834 37 21 the
407 3835 88 22 convict
503 3836 150 22 colonization

67 3866 26 21 of
99 3867 55 21 New
163 3868 100 22 Zealand
271 3869 30 28 by
311 3869 87 23 France
414 3871 44 22 will
471 3871 28 22 be
516 3879 14 14 a
543 3879 102 15 memora

67 3901 36 23 ble
114 3907 66 18 event
189 3904 23 23 in
222 3904 37 23 the
268 3905 86 29 history
372 3906 26 22 of
411 3906 36 22 the
464 3907 74 23 Britsh
555 3908 98 29 Empire.

95 3939 115 24 CbtONIAI,
227 3942 114 21 G.\ZETTU.
