2550 4010
1439 1900 264 23 REGULATIONS.

1312 1936 10 21 1
1329 1951 6 6 .
1338 1946 33 4 —
1371 1933 51 24 The
1432 1933 90 31 Capital
1535 1934 24 23 of
1575 1933 37 23 the
1621 1933 120 31 Company
1750 1938 21 18 to
1783 1934 85 23 consist

1277 1967 24 21 of
1317 1968 122 24 £50.000,
1453 1968 24 20 in
1491 1969 75 21 2.500
1580 1966 86 23 Shares
1679 1968 22 20 of
1719 1969 54 21 £20
1786 1966 63 23 each.

1310 1998 24 20 2.
1338 2009 32 3 —
1372 1997 51 21 One
1435 1996 78 30 pound
1524 2004 40 23 per
1577 1997 66 22 share
1657 2002 22 17 to
1697 1997 28 23 be
1743 1998 54 29 paid
1815 2005 53 22 pre-

1277 2029 64 22 vious
1353 2033 22 18 to
1387 2028 38 23 the
1437 2030 97 22 election
1547 2030 24 22 of
1588 2030 126 27 Directors,
1727 2031 21 21 of
1769 2029 72 22 which
1856 2038 12 14 a

1277 2062 83 22 week's
1370 2062 76 31 public
1462 2063 74 22 notice
1553 2062 45 22 will
1616 2062 29 23 be
1664 2063 82 30 given;
1767 2062 45 23 and
1831 2064 34 22 £1

1276 2095 123 23 additional
1417 2100 23 17 at
1460 2095 40 23 the
1519 2096 127 30 expiration
1667 2096 25 22 of
1714 2096 55 23 each
1788 2096 79 23 month

1277 2129 57 22 from
1346 2128 48 23 that
1406 2128 87 31 period,
1513 2129 56 23 until
1587 2130 36 22 £5
1639 2128 42 24 has
1693 2129 56 23 been
1762 2129 53 31 paid
1828 2138 39 23 up.

1310 2164 23 22 3.
1336 2175 34 3 —
1371 2161 101 24 Further
1484 2162 55 23 calls
1552 2168 22 17 to
1588 2162 28 23 be
1635 2162 66 23 made
1720 2168 23 17 at
1762 2162 38 23 the
1820 2162 48 24 dis-

1276 2196 84 22 cretion
1376 2195 25 23 of
1415 2195 39 23 the
1473 2195 120 24 Directors
1603 2205 5 19 ;
1629 2195 45 23 and
1687 2195 62 23 three
1767 2196 100 23 months'

1276 2229 104 30 previous
1399 2229 75 22 notice
1494 2230 20 22 ol
1534 2229 54 23 each
1608 2229 44 22 call
1671 2234 22 18 to
1713 2229 28 23 be
1759 2230 69 30 given
1844 2237 23 16 m

1277 2262 36 23 the
1357 2262 54 23 New
1426 2262 101 23 Zealand

1308 2298 25 20 4.
1337 2308 32 4 —
1371 2295 35 23 No
1418 2303 85 23 person
1515 2300 23 18 to
1550 2296 27 23 be
1593 2296 96 23 allowed
1709 2300 22 19 to
1749 2296 119 24 subscribe

1276 2328 33 23 for
1322 2336 62 15 more
1396 2329 53 22 than
1464 2331 33 21 50
1511 2329 93 23 Shares.

1309 2364 24 21 5.
1336 2374 33 4 —
1370 2361 50 23 The
1433 2361 100 24 Officers
1546 2363 24 22 of
1586 2362 37 23 the
1637 2362 120 31 Company
1771 2367 22 19 to
1813 2371 55 15 con-

1275 2396 43 22 sist
1337 2395 25 23 of
1382 2396 53 22 nine
1454 2395 120 23 Directors
1593 2396 46 22 and
1658 2404 12 14 a
1691 2396 103 29 Cashier,
1814 2397 54 23 with

1275 2429 56 22 such
1351 2429 124 22 assistance
1494 2436 24 15 as
1538 2428 37 23 the
1594 2429 121 23 Directors
1733 2437 52 23 may
1804 2430 64 23 deem

1277 2469 129 23 necessary.

1310 2496 24 23 6.
1337 2507 33 4 —
1371 2494 50 23 The
1440 2495 120 22 Directors
1579 2500 23 18 to
1620 2495 30 23 be
1670 2495 85 24 elected
1773 2496 36 23 for
1827 2504 41 16 one

1275 2536 62 23 year,
1350 2528 29 31 by
1392 2528 36 22 the
1441 2528 166 23 Shareholders
1617 2538 4 19 ;
1644 2533 24 19 at
1684 2529 38 23 the
1741 2531 127 30 expiration

1276 2561 25 22 of
1317 2561 49 23 that
1383 2561 86 31 period,
1489 2569 44 15 one
1552 2562 59 23 third
1632 2563 26 22 of
1673 2562 38 23 the
1727 2563 105 29 number,
1846 2569 22 18 to

1276 2595 27 22 be
1315 2594 140 24 determined
1466 2594 32 30 by
1513 2595 39 28 lot,
1571 2595 60 23 shall
1649 2596 77 28 retire,
1746 2596 44 23 and
1810 2597 59 23 their

1275 2628 64 30 place
1357 2628 29 23 be
1404 2627 62 24 filled
1486 2628 29 30 by
1533 2628 60 23 fresh
1609 2629 106 29 election,
1717 2643 32 2 —
1750 2629 39 24 the
1801 2631 68 22 retir-

1277 2662 39 29 ing
1327 2662 119 22 Directors
1458 2665 24 19 to
1494 2662 27 22 be
1534 2662 93 30 capable
1640 2663 26 22 of
1681 2663 143 23 re-election.

1311 2698 23 22 7.
1338 2707 32 4 —
1371 2694 50 23 The
1441 2694 97 23 Cashier
1557 2699 22 18 to
1593 2695 28 23 be
1640 2696 123 30 appointed
1781 2697 30 30 by
1831 2697 38 23 the

1277 2728 125 28 Directors,
1415 2728 46 22 and
1473 2728 129 23 removable
1614 2733 25 17 at
1649 2728 60 24 their
1720 2729 114 31 pleasure.

1310 2765 24 20 8.
1337 2774 32 4 —
1371 2761 165 25 Qualification
1555 2761 25 23 of
1601 2761 121 24 Directors
1741 2767 22 18 to
1784 2763 29 23 be
1839 2766 29 21 15

1277 2795 93 23 Shares.

1309 2831 24 21 9.
1336 2841 33 3 —
1371 2827 28 24 In
1411 2827 30 24 all
1453 2829 113 30 meetings
1579 2828 25 23 of
1619 2828 173 30 Shareholders,
1809 2830 60 23 Pro-

1275 2862 96 31 prietors
1390 2866 22 18 to
1429 2862 58 22 have
1501 2870 41 15 one
1555 2866 50 19 vote
1617 2862 36 23 for
1665 2871 69 22 every
1745 2866 14 21 5
1773 2864 95 23 Shares.

1312 2898 39 21 10.
1353 2908 33 4 —
1388 2895 36 24 No
1435 2895 47 23 Bill
1494 2900 22 18 to
1528 2895 29 24 be
1564 2895 136 24 discounted
1708 2902 81 26 except
1797 2897 72 24 under

1276 2928 37 24 the
1326 2929 102 23 sanction
1446 2929 26 23 of
1487 2929 64 23 three
1570 2929 25 23 of
1610 2929 39 23 the
1668 2930 120 23 Directors
1798 2940 6 19 ;
1827 2939 42 15 nor

1276 2963 18 22 if
1304 2962 103 31 objected
1418 2966 22 19 to
1453 2963 31 30 by
1498 2970 41 16 one
1551 2963 26 22 of
1586 2963 64 23 three
1663 2963 25 23 of
1698 2963 38 24 the
1748 2964 121 24 Directors

1275 3000 100 27 present.

1311 3031 38 22 11.
1352 3041 33 4 —
1387 3029 118 31 Meetings
1517 3034 23 18 to
1551 3029 29 23 be
1596 3029 54 24 held
1668 3029 146 33 half-yearly,
1833 3032 36 23 for

1276 3062 36 23 the
1324 3070 97 23 purpose
1435 3062 25 23 of
1476 3062 116 31 declaring
1604 3063 137 28 Dividends,
1755 3064 43 23 &c.

1312 3097 38 22 12.
1352 3107 34 5 —
1386 3095 23 24 A
1432 3100 124 19 statement
1579 3096 25 23 of
1625 3096 40 23 the
1687 3096 75 23 afFairs
1782 3097 26 23 of
1830 3097 38 23 the

1277 3128 67 23 BauK
1356 3133 22 18 to
1394 3128 28 23 be
1440 3128 48 23 laid
1506 3128 77 24 before
1602 3129 39 23 the
1661 3129 165 23 Shareholders
1845 3135 24 18 at

1275 3161 55 23 each
1354 3161 55 23 such
1434 3161 139 31 half-yearly
1596 3163 110 29 meeting,
1730 3163 44 22 and
1797 3163 71 23 after-

1275 3194 72 23 wards
1376 3194 122 31 published
1526 3196 24 22 in
1578 3195 38 23 the
1679 3196 59 22 New
1766 3196 102 23 Zealand

1307 3287 25 24 A
1344 3286 65 25 Deed
1421 3288 25 23 of
1463 3288 144 26 Settlement,
1625 3293 23 18 to
1660 3288 29 24 be
1701 3288 81 31 signed
1793 3289 31 30 by
1837 3289 29 23 all

1275 3320 37 24 the
1333 3320 174 30 Shareholders,
1526 3321 139 31 embodying
1686 3322 64 23 these
1768 3322 45 23 and
1836 3323 30 22 all

1274 3353 65 24 other
1356 3361 122 23 necessary
1489 3354 148 30 regulations,
1657 3355 44 23 will
1716 3355 27 23 be
1755 3356 111 30 prepared

1274 3395 24 16 as
1310 3386 102 31 speedily
1424 3395 25 15 as
1461 3387 109 30 possible.

1290 3446 260 24 PROPOSITIONS
1564 3454 31 16 at
1608 3455 53 16 the
1675 3448 172 25 MEETING.

1309 3483 10 21 1
1326 3497 5 7 .
1334 3493 33 4 —
1369 3479 61 24 That
1437 3480 38 23 the
1482 3480 139 31 Prospectus
1629 3488 51 16 now
1688 3482 54 23 read
1748 3483 27 23 be
1784 3483 80 31 adopt-

1274 3514 27 23 ed
1313 3513 46 24 and
1369 3513 98 31 printed.

1307 3549 24 21 2.
1334 3559 33 4 —
1369 3546 61 24 That
1453 3546 99 32 Captain
1577 3547 102 24 Edward
1705 3548 93 25 Daniell
1821 3551 43 23 and

1275 3580 96 24 Messrs.
1386 3580 130 30 Partridge,
1532 3580 71 28 Watt,
1617 3580 88 30 Millar,
1719 3583 44 23 and
1776 3584 88 29 Pierce,

1273 3613 28 24 do
1318 3614 58 23 form
1395 3621 13 15 a
1426 3613 146 23 Provisional
1585 3613 138 25 Conmittee
1736 3620 21 19 to
1770 3625 66 23 carry
1849 3619 15 22 it

1274 3648 48 21 into
1335 3647 73 22 effect.

677 123 18 22 is
707 122 109 31 generally
833 122 93 23 covered
945 122 55 22 with
1018 121 128 30 vegetation
1165 120 27 23 of
1207 120 48 23 fern

677 156 43 22 and
731 160 53 18 trees
802 156 24 22 in
844 163 29 15 an
892 155 117 29 agreeable
1028 155 108 26 mixture,
1155 153 44 23 and
1218 153 37 23 the

677 188 79 23 natives
778 188 59 22 have
856 187 120 23 cultivated
994 187 65 23 these
1075 186 84 31 places,
1183 186 71 23 which

677 221 36 30 dip
727 227 31 17 out
769 220 48 24 like
829 228 65 16 vases
906 220 56 23 from
976 219 37 23 the
1032 219 153 30 surrounding
1201 219 52 30 bog.

678 254 46 22 But
732 253 55 23 what
798 254 21 22 is
831 258 60 19 most
902 253 168 29 advantageous
1082 253 23 22 in
1118 251 44 23 this
1181 252 74 30 boggy

677 286 42 23 soil
730 287 21 26 is,
772 285 49 24 that
838 287 30 22 its
885 286 127 22 lowermost
1023 285 76 30 layers
1118 285 96 22 consists
1233 286 21 20 in

677 327 58 14 some
755 319 76 30 places
854 319 81 22 almost
957 318 97 30 entirely
1077 317 26 23 of
1123 317 132 23 carbonized

678 356 62 18 stems
753 352 25 22 of
786 356 68 23 trees,
867 351 73 23 which
952 350 12 23 I
978 350 123 31 especially
1114 350 108 22 observed
1234 355 21 17 at

678 384 37 23 the
727 384 49 23 head
788 384 26 23 of
824 384 132 30 Kaingaroa
971 383 52 31 bay,
1042 383 75 22 where
1135 383 17 21 it
1169 383 86 22 formed

678 417 46 23 real
732 416 73 24 brown
818 417 55 28 coal,
892 424 23 15 or
927 416 87 30 lignite,
1034 416 25 22 in
1071 414 72 24 which
1159 415 96 30 impres-

678 451 57 22 sions
752 450 25 22 of
800 449 230 31 monocotyledonous
1049 449 76 30 plants
1144 448 67 23 could
1229 449 26 22 be

678 490 56 16 seen.
769 482 66 24 Thus
856 491 13 15 a
889 487 62 25 great
967 482 128 29 advantage
1110 482 18 21 is
1143 481 111 29 obtained,

677 523 24 15 as
713 523 23 15 an
750 515 165 24 inexhaustible
928 522 79 16 source
1018 515 26 22 of
1048 515 100 28 burning
1154 515 100 22 material

678 549 18 22 is
708 548 87 31 opened,
807 548 55 23 both
874 556 24 15 as
909 548 48 23 turf
965 547 45 23 and
1022 548 56 28 coal,
1092 546 71 23 which
1176 548 19 21 is
1203 555 51 23 pro-

677 581 60 31 bably
750 581 69 23 found
832 582 30 22 in-
868 589 14 15 a
893 581 45 23 still
950 581 74 23 better
1036 585 58 18 state
1109 580 28 27 by
1153 581 102 29 working

677 614 33 23 for
722 615 13 22 it
744 619 22 18 to
778 614 40 23 the
840 614 80 30 deeper
932 614 82 30 layers.
1053 613 39 23 On
1105 613 36 22 the
1151 613 103 23 westside

678 647 25 22 of
712 647 123 31 Wangaroa
844 647 52 30 bay,
910 646 43 23 and
964 651 24 18 at
1000 646 65 23 other
1072 646 75 31 places
1155 646 99 23 between

677 679 36 24 the
725 679 47 24 hills
784 680 148 30 Maunganui
943 679 45 23 and
1000 679 136 27 Emokawa,
1156 678 38 23 the
1212 680 43 22 turf

677 713 40 23 has
727 713 86 23 become
826 713 84 30 ignited
917 713 29 30 by
955 720 62 15 some
1026 720 68 16 cause
1102 720 25 14 or
1134 712 37 22 the
1184 712 68 28 other,

677 746 43 22 and
731 746 64 23 burns
807 746 79 30 slowly
897 746 71 22 under
987 746 38 22 the
1044 745 96 28 surface,
1159 745 45 23 and
1222 746 31 22 al-

677 778 78 31 though
767 779 89 23 neither
874 779 78 23 flames
971 786 25 15 or
1014 779 42 22 fire
1075 786 38 14 are
1132 786 61 20 seen,
1218 779 36 23 the

677 816 142 26 temperature
847 813 19 22 is
890 819 51 22 very
965 811 110 24 elevated.
1119 811 33 23 Te
1165 811 37 22 ahi
1217 812 37 22 kai

677 844 37 22 kai
727 849 14 18 te
752 852 37 15 ore
796 852 44 20 ore,
861 845 37 23 the
919 845 41 22 fire
983 852 122 15 consumes
1127 844 37 22 the
1184 845 69 28 earth,

677 885 39 22 say
728 877 30 23 the
772 879 94 27 natives,
891 877 42 23 and
955 878 31 30 by
1009 878 47 22 this
1079 877 55 23 slow
1154 885 98 23 process,

677 910 64 23 whicli
753 918 46 16 was
812 910 90 31 already
913 918 22 15 m
948 911 75 22 action
1042 915 23 18 at
1084 910 38 22 the
1140 911 81 22 arrival
1233 916 19 18 ol

677 943 36 23 the
731 941 51 25 New
795 943 100 23 Zealand
913 943 132 29 colonizers,
1066 944 36 22 six
1120 950 66 24 years
1205 951 47 23 ago,

676 976 43 22 and
730 976 67 23 which
819 976 13 23 I
845 976 74 23 traced
933 981 22 18 to
967 984 14 15 a
993 977 69 22 much
1081 976 78 30 longer
1178 977 76 30 period

675 1008 61 29 back,
758 1009 39 23 the
818 1009 42 23 soil
879 1010 22 22 in
919 1009 39 23 the
981 1009 186 31 neighbourhood
1191 1010 63 23 sinks

674 1041 110 31 gradually
797 1043 31 22 in.
865 1042 50 23 The
925 1044 130 29 vegetation
1066 1047 25 18 at
1106 1042 62 23 these
1179 1042 74 30 places

675 1075 19 22 is
708 1075 117 31 extremely
841 1076 105 30 vigorous
965 1075 45 23 and
1029 1075 37 23 the
1086 1075 43 23 soil
1146 1076 106 31 perfectly

675 1108 47 30 dry,
733 1108 69 23 which
814 1109 75 22 shows
900 1108 48 23 that
960 1109 18 22 it
988 1109 20 22 is
1021 1109 52 29 only
1086 1108 38 23 the
1141 1110 111 31 interrup-

675 1141 46 23 tion
732 1141 19 23 of
760 1141 38 23 the
811 1146 80 19 waters
902 1142 29 30 by
944 1141 38 23 the
994 1146 70 24 roots,
1077 1141 73 24 which
1162 1143 90 23 renders

675 1174 36 23 the
732 1174 38 23 soil
791 1176 25 21 in
835 1183 61 15 some
914 1175 76 31 places
1009 1175 101 31 marshy.
1156 1176 24 23 A
1198 1176 54 30 phe-

675 1214 103 16 nomenon
790 1208 47 23 like
851 1208 44 23 this
906 1208 100 31 burning
1018 1209 26 22 of
1059 1209 37 23 the
1115 1209 41 23 soil
1176 1210 19 22 is
1214 1215 38 17 not

674 1240 107 23 unknown
795 1242 24 22 in
831 1241 39 24 the
889 1241 86 31 history
994 1242 25 23 of
1035 1247 89 23 nature,
1143 1250 25 15 as
1187 1250 64 23 many

675 1273 68 30 places
755 1274 61 23 exist
835 1274 73 23 where
920 1275 48 22 coal
980 1274 135 24 formations
1126 1275 57 23 have
1192 1284 59 15 come

673 1306 142 31 occasionally
823 1308 47 23 into
879 1308 168 30 conflagration,
1058 1308 45 23 and
1110 1309 57 22 burn
1176 1309 75 31 slowly

673 1339 76 31 during
769 1348 14 14 a
805 1340 55 31 long
878 1341 68 23 series
965 1341 26 23 of
1006 1349 74 22 years,
1101 1343 95 30 causing
1214 1343 36 23 de-

673 1374 103 21 struction
788 1373 26 23 of
824 1373 37 24 the
875 1374 47 22 coal
941 1374 54 30 only
1014 1382 30 15 on
1063 1383 13 14 a
1094 1382 54 24 very
1165 1383 85 16 narrow

673 1406 62 26 scale,
753 1406 44 23 ami
816 1406 45 24 this
872 1407 159 30 phenomenon
1051 1407 54 24 does
1124 1413 39 18 not
1182 1414 23 18 at
1222 1410 29 23 all

673 1439 80 31 depend
765 1447 61 23 upon
833 1440 101 23 internal
946 1448 26 15 or
983 1440 104 23 volcanic
1102 1449 86 16 causes.

706 1472 43 23 The
760 1472 77 31 boggy
853 1479 78 17 nature
951 1473 25 23 of
992 1474 40 22 the
1051 1474 42 22 soil
1113 1475 19 22 is
1150 1475 100 24 likewise

672 1505 102 23 observed
802 1507 68 30 along
892 1507 38 22 the
952 1507 111 22 northern
1091 1507 43 23 and
1162 1514 87 18 eastern

672 1543 64 24 coast,
753 1538 75 24 where
846 1540 97 22 sections
962 1545 94 25 present
1073 1540 138 24 themselves
1228 1547 21 19 to

672 1571 37 23 the
722 1580 40 22 eye.
799 1573 34 22 At
847 1573 38 23 the
903 1577 90 19 eastern
1012 1578 63 18 coast
1094 1581 29 16 an
1141 1575 108 24 immense

671 1606 96 29 quantity
786 1606 26 22 of
832 1606 87 23 bivalve
938 1606 71 23 shells
1028 1606 42 24 has
1088 1607 59 23 been
1164 1607 85 32 heaped

671 1646 37 22 up,
722 1646 59 23 many
795 1639 45 22 feet
852 1640 24 22 in
889 1639 125 24 thickness.
1045 1641 120 23 Alternate
1178 1642 71 30 layers

672 1672 24 21 of
717 1672 57 22 these
800 1672 70 24 shells
898 1673 43 23 and
965 1673 152 31 decomposed
1135 1675 114 30 vegetable

671 1704 60 24 earth
738 1713 38 15 are
788 1713 54 15 seen
855 1706 70 28 there,
938 1706 39 23 the
988 1706 69 23 latter
1068 1707 62 23 often
1148 1710 101 21 contain-

670 1738 40 29 ing
721 1738 67 29 pieces
802 1740 25 21 of
836 1739 63 23 wood
911 1739 44 23 and
965 1744 70 18 roots.

704 1771 43 23 The
759 1771 118 24 character
887 1772 52 23 here
951 1773 68 30 given
1028 1774 21 21 is
1063 1774 122 30 especially
1202 1774 47 24 that

669 1804 25 23 of
704 1804 32 23 the
753 1804 109 24 northern
880 1806 48 22 half
944 1806 25 22 of
986 1806 39 23 the
1043 1807 82 28 island,
1146 1808 40 22 but
1205 1809 44 23 this

668 1841 50 26 part
735 1843 103 25 presents
861 1838 94 23 another
977 1844 41 18 not
1038 1839 48 24 less
1108 1841 141 24 remarkable

668 1870 87 28 feature,
779 1879 26 15 as
828 1872 127 30 intimately
979 1873 126 23 connected
1126 1874 55 23 with
1212 1875 37 23 the

670 1908 71 18 nature
753 1905 25 22 of
788 1904 40 24 the
838 1905 96 24 surface.
972 1905 60 24 This
1044 1907 19 22 is
1076 1907 39 22 the
1134 1908 115 23 existence

668 1936 24 23 of
710 1945 13 14 a
734 1937 93 24 number
839 1938 26 23 of
880 1938 60 23 fresh
954 1943 68 19 water
1039 1939 74 29 lakes,
1132 1941 115 30 generally

668 1971 134 21 surrounded
813 1971 29 28 by
861 1972 78 27 gently
958 1972 91 27 sloping
1066 1973 63 22 hills.
1173 1974 75 22 The*.'

667 2001 63 22 lakes
737 2009 37 14 are
786 2002 84 29 mostly
882 2002 96 22 situated
990 2002 85 22 behind
1088 2002 37 23 the
1136 2002 43 23 low
1188 2003 58 27 hills,

668 2033 66 23 whicli
745 2041 43 15 run
801 2034 68 31 along
882 2034 35 23 the
930 2038 70 24 coast,
1014 2034 46 23 and
1072 2035 35 23 for
1115 2035 37 23 the
1159 2041 89 25 greater

666 2071 49 25 part
728 2065 46 32 tlicy
785 2067 55 23 have
854 2067 57 23 their
922 2068 71 22 outlet
1006 2068 48 23 into
1066 2068 38 23 the
1117 2076 45 16 sea.
1183 2069 64 32 They

666 2107 37 15 are
723 2100 114 31 especially
859 2101 105 30 frequont
986 2101 70 31 along
1079 2102 39 22 the
1140 2102 106 24 northern

666 2138 66 23 coast,
753 2133 44 23 and
817 2142 37 14 are
870 2134 116 30 generally
1004 2134 59 23 from
1084 2143 41 15 one
1144 2140 22 19 to
1186 2136 61 24 three

666 2166 63 23 miles
737 2167 21 22 in
777 2168 183 22 cireumferance.
1004 2167 68 30 They
1091 2176 37 15 are
1146 2168 101 25 likewise

665 2199 67 24 found
740 2208 54 15 near
806 2200 38 23 the
856 2206 94 17 western
971 2205 71 24 coast,
1062 2209 58 16 were
1139 2202 53 31 they
1211 2211 36 16 are

665 2238 39 18 not
716 2241 46 23 very
775 2233 86 23 distant
871 2234 57 22 from
941 2234 38 23 the
998 2234 72 23 beach
1078 2243 6 20 ;
1106 2235 37 23 the
1162 2236 85 31 largest

666 2267 25 22 of
701 2266 54 24 them
767 2267 19 22 is
800 2272 23 17 at
835 2267 38 23 the
882 2267 55 23 head
945 2268 25 23 of
979 2267 118 31 Waitangi
1106 2268 56 31 Bay,
1176 2270 70 23 which

666 2300 18 22 is
704 2300 61 22 about
788 2301 37 22 six
843 2300 66 23 miles
927 2300 81 29 round,
1023 2301 74 23 called
1108 2302 81 23 Hulla.
1225 2303 22 24 A

666 2333 58 23 river
741 2333 35 23 six
802 2338 22 18 to
849 2333 61 31 eight
929 2334 67 30 yards
1014 2335 80 28 broad,
1114 2336 82 23 named
1214 2337 33 23 Te

666 2366 117 30 Mangabe,
798 2366 77 23 drains
887 2367 24 28 it,
924 2367 44 23 and
978 2367 74 23 forms
1064 2376 13 14 a
1096 2368 112 32 tributary
1226 2371 23 23 of

666 2399 87 24 another
772 2400 59 23 river
844 2399 71 24 which
934 2405 76 18 enters
1030 2401 124 31 Waitangi.
1198 2403 49 24 The

666 2432 52 23 hills
734 2432 70 23 which
824 2434 111 22 surround
953 2434 65 22 these
1037 2434 66 23 lakes
1121 2443 37 15 are
1177 2444 70 23 gene-

665 2465 57 30 rally
732 2466 94 29 wooded,
837 2466 45 23 anJ
893 2466 57 24 form
966 2467 145 24 remarkable
1124 2469 43 23 and
1178 2470 69 23 beau-

666 2498 49 23 tiful
727 2499 79 23 feature
819 2500 25 22 of
852 2507 14 15 a
879 2499 146 24 Warrekauri
1033 2500 128 33 landscape.
1199 2503 49 24 The

666 2532 72 23 shores
752 2533 24 22 of
786 2533 38 23 the
840 2533 114 30 Mangabe
964 2534 67 28 river,
1051 2535 74 22 which
1135 2536 62 23 flows
1211 2543 38 17 out

667 2565 24 22 of
707 2565 31 23 the
756 2565 54 24 lake
830 2566 80 28 Hulla,
930 2574 37 15 are
988 2567 76 30 partly
1084 2569 94 23 covered
1195 2571 52 23 with

666 2603 65 24 trees,
749 2598 49 29 but,
823 2599 69 31 being
916 2599 76 23 rather
1011 2599 51 30 low,
1083 2601 38 24 the
1139 2608 70 18 water
1226 2609 22 18 at

666 2639 61 16 some
735 2632 74 30 places
819 2632 42 23 has
870 2633 92 23 become
974 2637 117 27 stagnant.
1127 2635 50 23 The
1196 2637 51 23 lake

667 2665 62 23 itself
735 2665 16 23 is
764 2665 70 24 about
845 2667 37 22 six
892 2667 65 22 miles
969 2667 23 23 in
1005 2667 185 26 circumference.

701 2698 24 23 It
734 2698 68 23 would
816 2699 27 23 be
856 2700 86 23 tedious
956 2705 22 18 to
990 2700 104 24 describe
1102 2702 29 22 all
1140 2702 37 23 the
1186 2703 62 23 other

667 2731 85 24 smaller
764 2731 73 29 lakes,
851 2733 43 23 and
908 2733 10 23 I
932 2733 54 30 only
1005 2734 95 23 observe
1122 2735 59 29 here,
1200 2737 49 24 that

668 2764 11 23 I
692 2764 50 23 have
755 2766 97 23 counted
864 2766 96 23 thirteen
974 2767 25 22 of
1014 2766 71 24 them.

700 2797 44 24 The
755 2797 54 24 lake
823 2798 73 24 Hulla
907 2800 18 22 is
938 2801 119 30 separated
1068 2801 31 31 by
1112 2810 13 15 a
1138 2810 70 24 range
1227 2804 23 23 of

666 2831 42 23 low
720 2831 66 24 fertile
804 2831 54 24 hills
878 2833 55 23 from
953 2833 39 23 the
1011 2834 86 31 largest
1108 2835 52 24 lake
1173 2837 25 22 of
1212 2837 35 23 the

666 2865 73 28 island,
754 2865 72 23 which
840 2867 103 30 occupies
958 2867 79 31 nearly
1053 2869 29 22 its
1102 2874 83 24 centre,
1205 2871 42 23 and

667 2898 17 23 is
700 2906 13 15 a
727 2898 46 23 like
792 2899 27 22 of
840 2899 106 24 brackish
966 2905 77 19 water.
1082 2902 57 23 This
1157 2903 54 24 Jake
1229 2905 18 22 is

666 2931 66 23 about
747 2933 142 30 twenty-five
906 2933 66 23 miles
990 2933 63 32 long,
1080 2943 37 16 six
1135 2944 24 15 or
1180 2945 67 16 seven

665 2964 72 29 broad,
749 2964 43 24 and
805 2966 70 23 about
887 2967 59 31 sixty
955 2967 23 23 in
986 2968 184 25 circumference.
1198 2970 49 24 The

666 2998 117 31 aboriginal
795 3006 67 16 namp
875 2999 24 23 of
920 3001 18 22 it
957 3001 19 22 is
997 3001 36 23 Te
1052 3001 98 32 Wanga.
1188 3003 24 24 It
1228 3005 19 22 is

665 3031 134 24 surrounded
812 3032 27 30 by
854 3032 59 30 hills,
927 3033 73 24 which
1013 3043 39 15 are
1066 3035 72 24 either
1156 3037 91 24 wooded

665 3072 24 16 or
701 3065 77 31 boggy.
816 3065 101 25 Wooded
929 3067 53 31 they
993 3076 39 15 are
1045 3076 28 15 on
1087 3070 30 22 its
1132 3070 114 28 northern,

665 3103 89 23 eastern,
767 3098 45 23 and
825 3100 107 23 southern
944 3100 68 29 sides,
1033 3102 44 23 and
1089 3102 75 31 boggy
1178 3111 30 15 on
1219 3105 28 21 its

666 3135 88 19 western
767 3131 56 24 side.
861 3134 37 22 On
912 3133 37 23 the
962 3138 90 19 eastern
1065 3135 57 29 side,
1138 3136 45 23 this
1196 3137 51 23 lake

664 3164 20 22 is
696 3165 113 30 separated
825 3165 60 24 from
903 3166 37 23 the
960 3174 39 15 sea
1019 3168 29 30 by
1066 3168 45 23 low
1129 3169 117 29 sandhills,

664 3197 68 23 about
741 3200 45 21 100
800 3198 68 29 yards
880 3199 54 23 wide
944 3208 6 19 ;
970 3200 24 22 in
1004 3208 64 16 some
1080 3201 84 31 places,
1185 3203 60 23 how-

664 3237 60 21 ever,
734 3230 50 31 they
797 3238 38 15 are
846 3231 69 24 above
934 3239 14 16 a
966 3232 54 23 mile
1038 3233 79 25 broad.
1152 3237 35 22 At
1206 3245 41 15 one

664 3263 63 30 place
736 3264 36 22 the
783 3264 143 31 intervening
934 3265 52 23 hills
997 3265 128 32 disappear,
1134 3269 42 23 and
1185 3269 61 24 leave

664 3304 14 15 a
689 3296 42 23 low
738 3297 71 31 sandy
820 3297 71 24 beach
903 3298 98 23 between
1016 3299 38 24 the
1072 3300 53 24 lake
1136 3302 44 23 and
1192 3311 39 15 s°a
1239 3312 5 20 ;

665 3329 37 23 the
714 3330 51 23 level
777 3330 27 23 of
823 3330 38 24 the
881 3331 50 23 lake
951 3332 19 23 is
988 3332 70 24 about
1077 3338 43 19 two
1139 3343 25 15 or
1185 3335 62 24 three

665 3362 45 23 feet
721 3363 63 23 above
796 3363 56 31 high
870 3370 69 18 water
957 3365 76 24 mark.
1069 3366 120 33 Although
1209 3370 37 22 the

664 3400 67 19 water
738 3397 19 22 is
769 3405 13 14 a
793 3397 58 23 little
863 3398 115 29 brackish,
991 3398 41 24 the
1043 3399 44 23 salt
1106 3400 69 25 forms
1195 3403 50 30 only

664 3436 14 15 a
696 3429 59 23 small
773 3434 51 26 part
838 3430 26 23 of
878 3431 29 22 its
925 3431 120 29 elements,
1066 3433 46 23 and
1132 3442 73 17 seems
1224 3441 21 18 to

664 3461 101 24 diminish
776 3462 126 32 gradually,
917 3472 24 14 as
955 3464 38 23 the
1005 3472 39 16 sea
1056 3465 42 23 has
1110 3474 67 17 never
1189 3469 55 23 been

666 3494 73 24 kuown
752 3500 22 18 to
787 3497 111 22 encroach
911 3504 58 23 upon
983 3498 25 28 it,
1028 3499 45 22 and
1092 3499 53 24 thus
1164 3502 18 22 it
1200 3502 44 23 will

664 3528 111 30 gradunlly
787 3528 94 24 become
893 3537 13 15 a
917 3530 62 22 fresh
999 3535 69 19 water
1087 3532 59 25 lake.
1185 3534 24 24 It
1226 3536 19 22 is

665 3561 96 30 supplied
774 3561 30 31 by
817 3566 42 18 two
872 3562 88 29 creeks,
975 3563 76 24 which
1063 3572 62 17 come
1138 3567 21 23 in
1172 3575 14 15 a
1197 3576 47 15 ser-

665 3594 84 29 pentine
773 3602 79 15 course
877 3596 55 23 from
953 3604 12 15 a
983 3604 72 23 range
1074 3599 25 22 of
1121 3599 41 23 low
1184 3600 60 29 hills,

666 3626 68 24 which
754 3627 84 23 stretch
863 3627 55 24 from
943 3629 67 23 north
1035 3634 22 19 to
1081 3633 65 23 south
1165 3638 25 18 at
1209 3634 36 23 the

665 3659 163 24 south-eastern
847 3662 119 30 extremity
986 3662 23 23 of
1030 3663 37 23 the
1087 3665 80 25 island.
1201 3667 39 23 Al-

666 3691 78 32 though
757 3692 53 31 only
823 3700 62 16 some
899 3695 66 29 yards
984 3695 79 30 broad,
1085 3698 62 24 these
1166 3700 80 23 creeks

666 3732 42 15 run
721 3725 45 23 with
779 3726 103 30 velocity,
895 3728 43 22 and
950 3728 120 32 discharge
1089 3730 58 25 their
1165 3738 80 18 waters

666 3758 46 23 into
725 3765 23 16 an
758 3763 93 26 estuary
864 3760 26 22 of
905 3760 36 24 the
953 3761 61 24 lake.

835 3797 44 27 [To
888 3798 27 22 be
925 3799 141 28 continued.]

1896 3887 94 22 Printed
2008 3888 44 21 and
2070 3888 120 27 published
2212 3893 24 18 at
2255 3889 37 22 the
2312 3890 71 22 Office
2402 3890 26 21 of
2446 3888 36 22 the

1947 3913 57 22 New
2014 3914 101 23 Zealand
2126 3915 95 22 Gazette
2237 3916 44 22 and
2292 3916 116 23 Britannia
2418 3916 64 28 Spec

2023 3940 51 21 Port
2085 3941 131 23 Nicholson,
2230 3943 54 20 New
2298 3943 105 21 Zealand.

66 126 118 24 contained
212 133 61 16 some
300 123 125 32 fragments
452 123 26 23 of
503 123 38 23 the
545 143 3 3 .
549 123 98 30 /J^atter.

66 160 75 22 When
153 159 29 30 by
195 158 37 24 the
243 158 75 23 action
330 158 26 23 of
365 157 41 23 the*
405 163 9 10 4
421 162 68 21 water
570 157 26 23 of
611 156 38 23 the

66 191 142 32 atmosphere
230 191 45 23 this
294 191 57 22 slate
368 190 104 23 becomes
492 189 155 30 decomposed,

66 224 38 23 the
123 224 82 31 lighter
224 224 44 23 and
288 223 70 23 softer
375 223 108 22 elements
502 230 37 15 are
558 221 89 23 washed

66 265 70 22 away,
160 257 38 23 the
221 261 119 26 quartzose
363 256 101 22 however
487 255 93 27 remain,
605 254 44 23 and

65 290 58 23 f,rm
136 298 13 15 a
159 290 46 23 fine
216 289 67 22 white
294 289 57 22 sand
363 296 28 15 on
408 296 62 15 some
488 292 62 26 parts
570 287 26 23 of
612 287 37 23 the

67 322 79 24 beach.
193 321 118 30 Although
334 321 38 23 the
395 321 57 22 slate
470 322 64 21 itself
550 320 41 23 has
611 325 38 17 not

64 355 146 31 particularly
221 354 59 30 good
292 354 111 30 qualities,
416 353 39 23 the
467 353 62 23 slabs
541 353 23 22 in
577 352 71 23 which

64 389 18 21 it
99 387 83 24 breaks
201 386 72 31 might
284 387 27 22 be
322 386 57 23 used
397 391 22 18 to
427 386 36 30 lay
471 386 39 23 the
517 385 131 24 foundation

64 420 25 24 of
103 420 84 23 houses
199 419 43 23 and
254 424 22 18 to
289 423 115 19 construct
415 418 70 24 walls.

97 452 58 24 This
167 452 55 23 rock
233 460 75 15 seems
320 457 22 18 to
354 452 28 22 be
402 452 39 23 the
459 451 128 23 lowermost
605 451 44 23 and

64 491 61 18 most
136 486 89 22 ancient
236 485 25 23 of
270 485 38 23 the
319 484 81 29 island,
414 484 43 23 and
475 490 22 17 to
517 485 56 22 have
592 484 55 23 been

66 518 114 23 traversed
202 518 29 30 by
250 517 38 24 the
306 518 73 30 rising
397 517 99 23 volcanic
517 524 74 21 cones,
611 517 38 23 the

62 551 68 23 rocks
143 551 26 23 of
183 550 72 23 which
267 551 61 22 often
341 551 89 22 contain
442 550 125 31 fragments
576 550 26 22 of
611 550 37 23 the

66 584 64 28 slate,
144 583 84 24 altered
238 584 31 29 by
282 583 36 23 the
331 584 74 22 action
417 583 26 22 of
452 583 37 23 the
500 583 49 23 fire.

99 616 50 24 The
161 621 55 19 next
227 616 56 23 rock
296 617 22 22 in
332 616 38 23 the
381 616 64 23 order
457 617 19 21 is
485 616 48 22 that
540 616 25 22 of
574 615 73 23 which

65 649 38 24 the
115 649 108 24 southern
235 649 45 23 and
289 649 108 23 northern
409 649 40 22 red
460 649 60 22 bluff
529 656 37 15 are
586 657 61 14 com-

64 683 79 30 posed.
191 682 58 24 This
271 683 21 22 is
310 691 13 14 a
342 682 165 30 conglomerate
529 682 25 23 of
572 690 14 15 a
604 683 43 22 soft

64 720 87 23 nature,
163 715 45 23 and
220 717 22 21 in
254 715 29 23 its
296 719 112 19 structure
427 719 63 19 enter
508 715 139 30 sharpedged

64 748 44 23 and
119 748 58 23 solid
189 748 105 30 particles
313 748 25 22 of
358 748 49 30 clay
431 748 25 22 of
475 755 14 15 a
511 748 39 22 red
571 748 76 23 brown

62 781 84 28 colour,
158 781 117 23 cemented
287 780 103 31 together
400 780 30 30 by
443 780 66 23 white
529 781 118 23 carbonate

62 814 25 23 of
96 813 62 24 lime.
202 814 135 23 Sometimes
357 813 38 23 the
413 813 85 31 clayey,
518 814 129 23 sometimes

63 846 128 23 calcareous
203 846 107 23 elements
323 845 93 32 prevail,
429 845 44 23 and
493 846 20 22 if
529 846 37 23 the
586 854 61 16 com-

62 884 85 26 ponent
157 884 63 26 parts
231 887 38 15 are
281 886 84 21 coarse,
384 879 37 23 the
432 879 57 23 rock
499 887 104 15 assumes
610 880 37 23 the

61 919 139 24 appearance
213 912 23 22 of
250 920 13 14 a
282 912 101 31 pudding
401 917 72 19 stone.
517 912 57 23 This
593 913 52 23 rock

61 952 51 23 may
137 945 27 22 be
186 945 120 31 especially
329 945 119 22 examined
470 950 24 17 at
517 945 38 22 the

61 977 72 23 which
148 978 68 22 forms
228 978 38 22 the
278 978 107 22 southern
405 977 112 23 headland
537 978 25 22 of
580 978 65 23 Wai-

60 1011 62 29 tangi
134 1010 105 23 harbour.
277 1011 64 22 Here
353 1011 19 22 it
384 1011 69 22 forms
464 1011 72 22 either
555 1016 90 18 unstra-

61 1043 62 23 tified
146 1051 94 21 masses,
264 1051 26 15 or
308 1044 131 22 sometimes
457 1052 13 14 a
489 1044 156 23 stratification

61 1084 51 22 may
125 1076 27 23 be
165 1084 60 20 seen,
243 1076 101 30 striking
362 1077 59 22 from
440 1077 64 22 N.E.
530 1082 23 17 to
577 1077 67 24 S.W.

61 1110 44 22 and
116 1109 95 30 dipping
222 1114 21 18 to
257 1109 37 23 the
306 1109 114 24 W.N.W.
442 1110 72 22 under
532 1118 28 15 an
579 1110 66 31 angle

61 1142 24 22 of
95 1145 53 21 45°.
184 1143 50 22 The
246 1143 40 22 red
296 1150 138 23 appearance
447 1143 24 23 of
485 1143 47 23 this
550 1143 57 23 rock
626 1145 19 22 is

59 1175 115 31 produced
185 1175 29 31 by
226 1176 28 22 its
266 1176 132 30 containing
409 1176 68 23 much
496 1176 57 28 iron,
572 1176 73 24 which

60 1208 61 23 often
134 1216 82 23 appear
228 1209 22 22 in
263 1209 49 22 thin
325 1209 69 27 slabs,
409 1217 24 15 or
445 1210 22 22 in
480 1209 57 23 dark
550 1209 94 32 shining

59 1240 76 32 lumps
151 1249 25 15 as
195 1242 76 22 brown
289 1242 50 23 iron
358 1250 45 20 ore,
423 1242 118 23 imbedded
560 1243 24 22 in
607 1243 37 23 the

57 1275 174 30 conglomerate.

92 1308 12 22 I
129 1308 57 22 have
205 1307 90 31 already
313 1308 130 23 mentioned
462 1308 49 23 that
529 1308 72 31 dykes
621 1310 26 23 of

57 1340 100 23 volcanic
170 1348 85 16 masses
276 1346 99 18 traverse
387 1341 38 23 the
437 1341 66 23 latter
510 1350 6 19 ;
537 1342 37 22 the
588 1350 54 15 con-

56 1373 123 30 glomerate
191 1374 63 22 itself
259 1374 102 23 contaius
374 1374 123 30 fragments
509 1374 25 23 of
542 1375 102 23 volcanic

56 1406 63 29 rock,
133 1407 85 23 around
231 1407 72 23 which
315 1408 18 22 it
345 1415 95 22 appears
452 1413 21 17 to
486 1407 57 23 have
559 1408 84 23 under-

56 1447 59 23 gone
127 1447 61 16 more
201 1448 23 15 or
236 1440 45 23 less
294 1440 131 23 alterations
437 1440 29 30 by
478 1441 49 27 fire,
548 1442 52 23 and.
605 1442 37 23 the

56 1472 72 23 whole
140 1473 74 23 shows
232 1473 114 30 evidently
365 1473 49 23 that
437 1473 52 23 heat
511 1474 46 23 had
578 1480 66 25 great

55 1510 51 25 part
118 1506 23 21 in
152 1507 78 29 giving
241 1507 29 21 its
283 1511 93 25 present
388 1507 67 22 form.

90 1538 29 23 In
133 1538 113 31 Waitangi
258 1547 14 14 a
283 1540 60 22 river
355 1540 95 30 empties
461 1539 64 23 itself
538 1541 48 23 into
604 1540 38 24 the

56 1579 45 20 sea,
116 1571 37 23 the
165 1572 40 23 left
223 1572 66 23 shore
309 1573 25 22 of
350 1573 73 22 which
442 1574 19 21 is
480 1573 87 23 formed
586 1574 30 30 by
629 1583 12 14 a

55 1611 70 24 range
138 1605 25 22 of
172 1605 42 23 low
225 1605 60 27 hills,
299 1606 72 22 which
384 1613 38 15 are
435 1606 36 22 the
489 1608 151 22 construction

55 1637 25 23 of
89 1637 38 23 the
139 1637 64 29 bluff,
223 1638 42 23 and
277 1639 29 29 by
319 1639 39 22 the
376 1639 177 31 decomposition
572 1641 26 22 of
612 1642 29 21 its

54 1675 65 18 stone
132 1671 75 23 mixed
219 1672 53 22 with
285 1671 37 23 the
334 1672 116 30 vegetable
466 1673 77 22 mould
563 1674 25 22 of
604 1674 37 23 the

56 1704 107 30 covering
174 1709 66 23 trees,
254 1713 12 14 a
278 1705 49 23 rich
346 1705 82 30 loamy,
449 1706 123 23 somewhat
590 1707 50 23 red-

54 1736 51 23 dish
125 1737 49 28 soil,
198 1738 25 23 of
238 1745 54 23 very
308 1738 74 23 fertile
395 1738 111 30 qualities,
527 1739 40 23 has
584 1740 56 23 been

54 1769 95 23 formed.

89 1803 38 23 On
141 1802 38 24 the
189 1803 69 24 beach
272 1804 25 23 of
306 1804 38 23 the
356 1804 107 23 northern
473 1810 63 18 coast
542 1813 34 15 we
583 1806 56 24 have

54 1837 145 30 opportunity
212 1841 21 19 to
247 1837 92 23 observe
352 1846 12 14 a
377 1837 61 23 third
449 1839 70 22 series
532 1839 25 22 of
563 1840 75 28 rocks,

54 1869 72 22 which
149 1877 38 15 are
206 1870 45 22 laid
269 1870 53 23 bare
341 1875 22 18 to
381 1879 41 14 our
433 1872 55 22 view
499 1872 30 30 by
541 1872 98 31 forming

53 1902 67 24 cliffs.
157 1902 64 24 Here
231 1903 38 23 the
282 1903 127 23 lowermost
421 1904 25 23 of
456 1904 36 24 the
512 1905 125 24 horizontal

52 1935 169 24 stratifications
237 1937 20 22 is
275 1936 35 23 for
329 1936 38 24 the
390 1942 76 18 extent
491 1938 25 23 of
536 1938 68 23 about
626 1948 13 14 a

53 1969 52 22 mile
125 1976 13 15 a
159 1969 58 23 dark
238 1976 70 23 green
331 1969 57 23 sand
410 1971 26 21 of
456 1971 58 22 little
536 1972 101 30 solidity.

52 2001 80 23 About
144 2001 62 22 three
219 2001 44 22 feet
280 2002 70 22 above
368 2002 38 22 the
426 2002 56 23 level
501 2003 26 22 of
542 2002 39 23 the
601 2011 38 16 sea

50 2033 63 23 there
125 2041 94 23 appears
231 2034 70 23 above
320 2034 45 23 this
384 2042 28 15 an
432 2035 125 23 horizontal
576 2035 62 32 layer

50 2067 57 22 from
131 2067 50 22 half
201 2075 12 14 a
235 2067 48 22 foot
305 2072 22 18 to
351 2075 42 15 one
405 2068 47 23 foot
463 2068 64 23 thick
543 2068 26 23 of
584 2077 53 23 very

50 2100 87 22 broken
150 2100 45 22 and
213 2100 149 31 decomposed
381 2101 77 28 shells,
478 2102 124 31 belonging
613 2108 22 18 to

50 2133 38 22 the
99 2133 101 22 nautilus
212 2133 42 23 and
267 2138 76 26 oyster
356 2133 63 24 kind.
456 2134 68 31 They
541 2143 38 15 are
599 2144 37 15 ce-

49 2166 91 23 mented
153 2166 101 31 together
265 2167 30 30 by
308 2175 13 15 a
333 2175 53 22 very
398 2167 44 23 soft
449 2169 188 30 pepper-colour-

52 2199 27 23 ed
90 2199 131 24 sandstone.
256 2200 80 23 Above
350 2201 43 22 this
406 2209 13 14 a
427 2201 114 23 calcarous
549 2201 88 24 breccia

52 2232 95 29 follows,
167 2234 125 29 consisting
304 2234 25 22 of
346 2234 151 23 comminuted
513 2235 124 30 fragments

51 2266 25 22 of
85 2266 77 28 shells,
176 2274 41 15 one
230 2271 22 18 to
263 2271 43 18 two
323 2267 47 22 feet
388 2268 23 21 in
431 2267 118 23 thickness
557 2277 5 19 ;
583 2268 54 23 then

50 2298 87 23 follows
149 2299 38 23 the
200 2300 68 22 above
285 2300 130 23 mentioned
433 2301 203 30 pepper-coloured

50 2337 73 23 fctone,
143 2332 132 31 alternately
288 2333 54 23 with
355 2333 47 23 thin
422 2333 74 31 layers
517 2334 24 23 of
557 2334 78 27 shells,

50 2365 43 22 and
105 2373 61 23 upon
179 2365 44 24 this
235 2370 21 19 to
270 2366 37 23 the
320 2371 38 25 top
371 2367 26 22 of
406 2367 37 22 the
462 2367 51 22 cliff
528 2375 13 15 a
558 2367 77 29 black,

50 2397 82 32 loamy,
153 2399 43 23 and
209 2400 128 22 sometimes
357 2399 74 31 boggy
451 2400 63 22 earth
533 2408 102 23 appears,

51 2431 73 23 which
135 2432 22 22 in
170 2432 39 23 the
220 2432 67 23 latter
299 2440 51 15 case
362 2434 102 21 contains
482 2433 37 23 the
538 2435 98 22 remains

51 2464 25 23 of
86 2470 58 18 trees
156 2473 25 15 or
192 2465 83 31 plants.
312 2465 68 24 None
400 2466 24 23 of
434 2465 37 23 the
484 2466 70 24 shells
566 2467 71 24 above

50 2498 128 23 mentioned
189 2507 37 14 are
238 2503 23 18 at
271 2503 93 27 present
382 2499 71 23 found
470 2500 24 22 in
506 2499 38 24 the
555 2500 82 31 neigh-

50 2530 98 31 bouring
159 2539 46 15 sea.

86 2564 22 23 It
120 2572 94 23 appears
225 2564 58 24 from
295 2565 46 23 this
353 2565 49 24 that
413 2565 48 24 that
473 2566 73 23 useful
564 2571 72 19 mate-

50 2597 49 28 rial,
113 2597 60 29 lime,
192 2606 49 22 may
253 2598 29 23 be
294 2599 87 22 burned
399 2599 58 23 from
477 2599 37 23 the
533 2599 105 24 different

52 2630 130 23 calcareous
194 2631 72 30 layers
280 2632 24 22 of
320 2631 46 24 this
384 2632 56 23 rock
459 2632 23 23 in
501 2640 63 15 more
583 2633 54 24 than

52 2664 112 22 sufficient
177 2665 101 30 quantity
290 2665 33 23 for
343 2665 38 23 the
400 2670 70 18 wants
490 2665 25 23 of
531 2674 13 14 a
562 2666 76 24 future

51 2697 139 30 population.
226 2697 66 24 Even
305 2698 37 23 the
355 2698 56 23 sand
424 2699 25 23 of
462 2699 37 23 the
519 2699 71 24 beach
609 2708 28 15 on

52 2729 45 23 this
108 2735 50 26 part
170 2731 25 22 of
204 2730 36 24 the
253 2736 62 18 coast
334 2733 97 22 consists
450 2732 25 23 of
491 2733 66 23 small
575 2733 62 31 frag-

52 2768 74 17 ments
139 2763 24 23 of
173 2763 69 24 shells
254 2764 45 23 and
311 2772 41 15 can
363 2764 28 24 be
403 2765 56 23 used
470 2766 35 23 for
518 2766 38 23 the
576 2773 61 17 same

50 2803 106 23 purpose.

86 2830 93 30 Having
191 2830 52 23 thus
256 2831 130 24 considered
398 2832 38 23 the
449 2836 111 20 structure
569 2833 26 23 of
600 2833 36 24 the

50 2862 76 28 rocks,
140 2862 37 24 the
189 2863 112 30 skeleton,
321 2872 25 15 as
358 2865 19 23 if
386 2866 17 22 it
415 2873 57 15 were
485 2866 25 23 of
519 2866 38 24 the
576 2867 60 28 land,

52 2895 12 23 I
88 2895 59 24 shall
168 2896 100 23 describe
287 2897 36 23 the
343 2904 131 26 uppermost
493 2899 70 31 layer,
588 2900 48 23 that

51 2928 73 23 which
136 2930 19 22 is
167 2935 59 17 most
237 2931 133 30 interesting
383 2937 21 17 to
417 2932 38 23 the
472 2933 163 30 agriculturist.

54 2961 27 23 In
94 2961 37 24 the
145 2963 105 22 northern
263 2963 49 23 half
322 2964 24 23 of
357 2964 35 23 the
412 2965 72 24 island
503 2966 18 23 it
539 2966 97 24 consists

51 2994 34 24 for
97 2995 38 23 the
146 3001 99 24 greatest
256 3001 51 26 part
319 2997 25 23 of
353 3005 13 15 a
374 2998 54 31 deep
441 2998 74 31 boggy
528 2999 50 28 soil,
592 3000 43 23 and

51 3028 20 22 is
83 3028 85 23 formed
181 3030 45 22 into
238 3030 152 24 undulations.
428 3031 57 24 This
502 3032 42 23 soil
563 3034 73 30 owing

51 3065 22 18 to
85 3061 38 24 the
134 3062 154 32 intertwining
300 3064 23 22 of
333 3064 38 22 the
383 3069 69 24 roots,
464 3065 73 23 which
550 3065 27 23 do
598 3072 38 18 not

51 3094 63 22 allow
129 3095 36 23 the
178 3101 67 17 water
254 3101 23 17 to
287 3097 59 22 filter
359 3097 97 31 through
464 3098 70 28 them,
547 3100 19 21 is
575 3100 60 23 often

51 3127 98 30 marshy,
163 3129 120 30 especially
296 3130 22 22 in
330 3130 39 22 the
381 3130 70 23 dales.
487 3131 36 23 As
536 3131 36 23 the
581 3132 52 23 land

50 3159 103 23 however
165 3160 41 23 h?s
218 3162 140 30 everywhere
369 3163 59 30 good
440 3163 115 32 drainage,
568 3165 68 31 being

51 3193 137 31 sufficiently
200 3194 100 23 elevated
311 3196 70 23 above
395 3196 36 23 the
444 3197 57 23 level
513 3198 25 22 of
543 3198 38 23 the
589 3206 46 20 sea,

51 3225 45 23 this
109 3231 79 18 nature
200 3227 24 22 of
234 3227 37 23 the
283 3228 42 23 soil
337 3230 20 22 is
369 3237 28 15 no
410 3230 112 30 objection
535 3231 34 22 for
587 3232 48 23 cul-

51 3259 102 27 tivation,
173 3259 44 23 and
231 3262 111 28 promises
362 3267 21 18 to
403 3263 90 23 become
512 3263 64 23 when
597 3264 37 24 the

50 3292 85 31 plough
148 3292 41 23 has
201 3300 54 16 once
267 3294 92 24 entered
371 3296 24 27 it,
408 3304 54 15 even
475 3297 24 22 in
511 3297 37 22 the
568 3303 68 18 worst

50 3330 70 26 parts,
146 3333 12 15 a
181 3333 53 23 very
252 3326 49 23 rich
318 3327 52 23 land
388 3328 57 23 both
461 3329 36 23 for
515 3330 65 31 grain
592 3331 43 23 and

50 3358 121 23 meadows.
304 3367 12 15 a
329 3361 57 23 river
398 3369 25 15 or
435 3362 66 24 creek
514 3363 41 23 has
565 3364 70 23 form-

50 3391 27 22 ed
97 3391 67 28 itself,
190 3391 43 23 and
251 3391 53 24 thus
323 3401 13 14 a
355 3394 110 24 sufficient
484 3395 106 32 drainage
607 3398 28 22 be

51 3424 95 31 opened,
158 3432 26 14 or
196 3424 73 23 where
281 3425 37 23 the
330 3432 69 18 water
410 3427 40 23 has
461 3428 57 24 been
529 3429 106 24 collected

50 3457 47 23 into
110 3466 13 14 a
134 3457 61 28 lake,
216 3458 21 22 in
250 3457 38 23 the
301 3458 67 31 depth
381 3460 24 22 of
416 3460 37 23 the
471 3462 93 30 valleys,
590 3462 45 24 this

50 3490 41 23 has
104 3490 56 23 been
174 3490 92 24 effected
278 3491 30 30 by
320 3496 87 24 nature,
421 3493 42 23 and
476 3502 13 15 a
500 3495 47 23 rich
567 3503 68 23 vege-

50 3524 70 23 tation
129 3523 41 24 has
179 3532 85 22 sprung
271 3532 39 22 up,
318 3525 79 31 giving
404 3526 121 24 additional
533 3529 102 30 strength

50 3561 23 18 to
85 3557 38 23 the
136 3557 41 23 soil
189 3558 30 29 by
231 3558 28 22 its
279 3557 78 31 decay,
377 3558 44 23 and
438 3559 100 32 yielding
556 3569 13 15 a
588 3562 47 23 rich

50 3589 91 23 harvest
153 3595 21 18 to
188 3590 36 23 the
236 3591 75 22 native
323 3591 96 30 planter.
456 3592 57 23 This
522 3594 18 22 is
549 3596 86 29 especi-

50 3622 45 31 ally
108 3622 38 24 the
158 3631 51 15 case
222 3631 27 15 ou
263 3623 38 24 the
312 3623 44 23 low
376 3623 51 24 hills
447 3624 47 24 that
506 3626 80 24 border
598 3627 38 23 the

49 3655 114 28 seashore,
179 3656 70 23 which
256 3664 38 15 are
306 3657 97 28 wooded,
417 3657 43 23 and
472 3660 111 22 surround
597 3660 36 23 the

50 3689 74 23 island
136 3690 52 23 with
201 3697 15 16 a
225 3690 72 30 girdle
310 3690 25 23 of
339 3697 69 24 green
417 3690 101 24 verdure.
555 3692 80 24 Some-

51 3723 66 22 times
130 3723 64 23 these
207 3723 50 23 hills
270 3731 38 15 ar«
320 3723 80 31 sandy,
412 3723 42 23 but
465 3723 45 23 this
522 3725 19 22 is
560 3725 76 23 rather

50 3763 28 15 an
90 3756 133 30 advantage,
240 3763 25 16 as
276 3756 37 23 the
325 3756 76 24 leaves
413 3757 25 23 of
454 3756 38 24 the
511 3761 66 25 trees,
598 3758 38 24 de-

51 3789 81 30 caying
151 3789 62 23 since
231 3789 122 28 centuries,
372 3789 56 24 have
447 3789 52 24 thus
518 3790 87 24 formed
624 3800 12 15 a

49 3821 59 31 light
118 3822 70 23 black
206 3822 49 29 soil,
275 3822 75 23 which
362 3823 19 22 is
398 3822 145 31 particularly
563 3824 73 24 suited

49 3854 34 24 for
106 3855 146 30 agriculture.
301 3855 50 23 The
362 3872 1 4 .
380 3856 85 27 conical
488 3856 60 29 hills,
579 3857 56 24 from

49 3887 85 31 having
145 3895 13 16 a
169 3888 132 23 foundation
313 3888 25 23 of
348 3897 14 14 a
378 3888 100 24 volcanic
497 3889 63 29 10.-k,
579 3890 57 24 have

50 3928 15 15 a
75 3928 56 21 very
141 3921 49 23 rich
203 3921 40 23 soil
256 3921 24 23 in
293 3921 59 23 their
359 3921 192 31 neighbourhood,
564 3923 72 24 which

693 3861 67 22 Avoid
771 3866 127 23 arguments
908 3871 82 20 among
997 3864 39 22 the
1044 3864 77 24 ladies.
1151 3867 27 21 In
1187 3867 60 27 spir-

666 3895 55 26 ning
729 3902 67 16 yarns
807 3904 83 19 among
899 3905 61 15 silks
971 3897 47 23 and
1032 3906 80 16 saiins
1129 3907 13 15 a
1159 3907 54 15 man
1230 3899 17 22 is

666 3935 49 13 snre
726 3931 16 16 to
750 3928 29 21 he
795 3935 47 14 wok
845 3937 61 12 step.

543 39 102 32 THE
793 39 231 31 ZEALAND
1047 36 228 33 GAZETTE
1299 36 101 31 AND
1423 35 275 31 BRITANNIA
1722 33 291 32 SPECTATOR.

1339 118 95 17 BANK
1449 118 44 17 OF
1508 118 90 17 PORT
1612 118 207 17 NICHOLSON.

1285 151 132 21 CAPITAL
1433 151 105 23 £50.000,
1559 151 33 19 IN
1610 151 65 19 2.500
1693 151 121 19 SHARES
1832 151 36 23 OF

1285 174 194 13 £20
1544 174 324 13 EACH;

1497 194 47 4 j£2o
1559 194 99 7 EACH;

1285 210 31 21 To
1324 210 29 21 be
1362 209 118 22 increased
1490 212 23 18 at
1522 209 37 21 the
1570 209 119 21 discretion
1705 208 27 21 of
1743 207 36 22 the
1795 207 75 23 Direc-

1311 240 52 23 tors,
1371 236 29 27 by
1410 236 37 21 the
1457 236 60 21 issue
1527 235 25 21 of
1563 235 20 22 £
1586 237 61 19 1.000
1654 235 121 21 additional
1785 235 85 26 Shares,

1311 266 23 15 to
1344 263 27 18 be
1381 262 48 19 sold
1438 262 35 19 for
1483 262 37 19 the
1531 262 83 19 benefit
1624 261 27 20 of
1662 261 38 20 the
1710 261 71 20 Bank.

1317 317 51 23 The
1379 317 138 30 advantages
1529 315 115 32 produced
1654 315 32 30 by
1695 324 14 14 a
1716 315 72 23 Local
1796 315 76 29 Bank,

1282 350 56 23 both
1360 358 24 14 as
1402 358 13 14 a
1437 350 120 30 profitable
1580 350 139 21 investment
1736 348 25 23 of
1781 349 91 30 capital,

1284 383 44 23 and
1347 390 24 15 as
1390 390 13 15 a
1421 390 80 15 means
1525 383 25 22 of
1570 381 195 24 accommodation
1788 386 23 18 to
1836 382 37 22 the

1283 416 147 29 community,
1440 423 38 15 are
1491 420 36 18 too
1540 415 50 23 well
1602 414 140 23 established
1749 419 23 18 to
1784 416 88 29 require

1283 457 45 22 any
1346 453 113 18 comment
1478 453 24 18 at
1524 452 99 26 present.
1661 447 77 23 There
1760 448 18 22 is
1802 452 41 18 not
1861 456 12 14 a

1283 482 74 30 single
1369 482 87 22 British
1471 482 88 29 Colony
1571 481 25 22 of
1606 489 44 22 any
1659 481 139 30 importance
1806 480 67 23 with-

1283 520 39 18 out
1334 518 23 20 at
1368 515 57 22 least
1437 522 43 16 one
1493 515 55 22 such
1562 514 76 27 Bank,
1658 514 45 22 and
1714 514 24 21 in
1757 521 67 22 every
1837 513 36 23 in-

1282 553 78 18 stance
1371 548 64 23 these
1446 548 143 22 institutions
1597 555 39 14 are
1645 555 28 14 no
1685 546 45 23 less
1741 554 14 15 a
1762 554 80 15 source
1851 546 22 23 of

1282 581 68 30 profit
1362 586 22 18 to
1396 581 38 23 the
1446 580 165 24 Shareholders
1632 579 55 23 than
1706 579 25 23 of
1747 579 85 23 beneiit
1851 585 22 17 to

1283 614 37 23 the
1340 614 148 30 community.
1531 613 28 24 In
1578 614 54 27 fact,
1650 612 66 23 while
1735 612 37 23 the
1792 612 81 23 Banks

1283 647 73 23 which
1379 647 56 23 have
1463 647 57 23 been
1549 645 139 24 established
1715 646 29 30 by
1772 645 100 31 English

1282 680 83 31 capital
1376 680 23 23 in
1411 680 38 22 the
1463 679 159 24 Australasian
1637 678 107 24 Colonies
1764 678 75 23 divide
1851 684 21 17 at

1283 713 37 23 the
1332 717 85 19 utmost
1428 712 59 23 from
1503 715 12 23 7
1529 717 22 19 to
1566 715 29 21 10
1608 720 41 23 per
1662 717 69 24 cent.,
1749 712 39 22 the
1806 713 66 30 profit

1282 746 26 22 of
1322 746 38 23 the
1373 745 70 24 Local
1456 745 82 24 Banks
1555 753 96 23 average
1669 746 58 22 from
1750 748 27 20 15
1799 750 22 17 to
1841 747 31 21 20

1281 786 41 23 per
1334 783 58 19 cent.
1430 779 59 22 This
1501 779 120 23 difference
1633 779 20 21 is
1667 779 70 30 easily
1748 778 124 23 accounted

1283 812 34 22 for
1326 820 6 15 :
1359 819 65 23 every
1444 812 123 23 individual
1588 812 21 22 in
1629 819 14 15 a
1659 811 87 30 Colony
1759 811 112 30 naturally

1281 845 86 30 prefers
1390 853 13 14 a
1425 844 71 24 Bank
1514 845 53 22 with
1589 845 76 22 whose
1685 844 125 31 Managers
1829 844 41 22 and

1285 879 141 29 Proprietors
1437 877 29 22 he
1486 879 22 20 is
1517 877 151 31 -acquainted,
1688 877 46 22 and
1751 878 23 21 in
1798 876 74 23 which

1282 910 28 23 lie
1322 910 93 24 himself
1431 918 52 23 may
1496 910 57 23 have
1565 918 14 14 a
1590 910 73 22 direct
1678 910 102 28 interest,
1794 914 22 18 to
1830 917 42 15 one

1281 944 125 23 conducted
1417 943 29 30 by
1465 948 126 26 strangers.
1628 943 30 23 In
1672 943 66 23 order
1752 948 22 18 to
1792 950 80 16 secure

1282 981 21 18 to
1317 977 38 23 the
1367 977 112 31 proposed
1494 976 68 23 Bank
1581 976 45 23 this
1646 976 126 30 advantage
1791 976 23 23 in
1834 976 38 23 the

1282 1010 77 23 fullest
1371 1010 88 30 degree,
1478 1010 38 23 the
1528 1009 78 23 shares
1618 1009 58 23 have
1695 1009 57 23 been
1771 1009 61 23 fixed
1849 1014 23 18 at

1280 1043 58 23 such
1350 1051 28 15 an
1390 1048 101 23 amount,
1506 1051 24 15 as
1542 1047 22 19 to
1577 1042 65 23 allow
1656 1050 43 23 any
1713 1042 121 31 Capitalist
1848 1044 22 21 in

1281 1075 37 24 the
1335 1076 86 31 Colony
1435 1081 21 18 to
1470 1077 92 22 become
1574 1084 13 14 a
1595 1076 161 23 Shareholder.
1793 1075 78 31 Every

1280 1117 51 21 one,
1344 1110 119 28 therefore,
1484 1110 47 22 will
1549 1109 57 23 have
1623 1117 30 14 an
1672 1110 95 21 interest
1790 1109 23 22 in
1834 1109 37 23 the

1280 1143 127 30 prosperity
1416 1143 46 23 and
1473 1142 102 30 stability
1588 1142 25 22 of
1628 1142 39 22 the
1680 1141 75 28 Bank,
1769 1141 44 23 and
1826 1142 44 22 will

1279 1176 52 30 give
1343 1177 18 22 it
1372 1183 13 15 a
1397 1176 131 30 preference
1540 1175 54 23 both
1613 1176 24 21 in
1658 1175 94 29 making
1769 1174 102 31 deposits

1279 1209 45 23 and
1337 1209 135 30 circulating
1484 1209 29 22 its
1524 1213 73 18 notes.

1313 1242 51 23 The
1378 1242 89 31 Capital
1480 1242 26 23 of
1520 1242 38 22 the
1571 1240 68 24 Bank
1652 1240 42 23 has
1705 1241 58 22 been
1774 1240 63 24 fixed
1848 1246 23 18 at

1278 1275 123 29 £50.000,
1414 1284 14 14 a
1439 1283 53 15 sum
1505 1275 72 23 which
1590 1275 17 22 it
1620 1275 19 22 is
1652 1274 107 23 assumed
1776 1274 47 23 will
1842 1274 28 23 be

1279 1310 113 22 sufficient
1411 1309 34 22 for
1465 1309 38 22 the
1515 1312 92 27 present
1618 1312 72 18 wants
1710 1308 26 22 of
1750 1307 38 23 the
1808 1315 62 15 com-

1279 1343 96 30 munity.
1412 1341 60 24 This
1485 1341 89 32 Capital
1587 1348 50 21 can,
1658 1341 111 28 however,
1788 1341 28 23 be
1834 1342 36 22 in-

1279 1376 91 23 creased
1385 1380 22 19 at
1418 1375 38 23 the
1470 1375 121 23 discretion
1604 1374 24 23 of
1645 1374 37 23 the
1698 1374 127 28 Directors,
1840 1374 30 31 by

1279 1408 37 23 the
1329 1409 61 23 issue
1407 1409 25 22 of
1448 1411 76 21 1.000
1544 1407 123 23 additional
1687 1407 92 28 Shares,
1800 1412 23 18 to
1842 1407 28 23 be

1279 1441 106 31 disposed
1407 1442 25 22 of
1458 1442 36 22 for
1517 1441 38 23 the
1577 1441 86 22 benefit
1682 1441 25 22 of
1727 1440 37 23 the
1784 1440 85 23 Share-

1279 1474 89 24 holders
1378 1484 5 19 ;
1404 1474 44 24 and
1460 1475 19 23 it
1492 1475 20 22 is
1531 1474 111 31 proposed
1658 1474 50 23 that
1719 1474 38 23 the
1769 1474 67 23 Deed
1848 1475 25 21 of

1278 1508 136 23 Settlement
1426 1508 60 22 shall
1498 1508 90 23 contain
1600 1515 13 15 a
1625 1508 123 30 provision,
1767 1507 102 23 authori-

1277 1542 54 30 sing
1342 1541 37 23 the
1390 1541 108 31 majority
1510 1541 25 23 of
1550 1541 38 22 the
1607 1540 166 24 Shareholders
1791 1545 22 17 to
1834 1541 35 22 in-

1278 1582 77 15 crease
1373 1574 38 23 the
1431 1574 90 31 Capital
1536 1579 21 18 to
1570 1574 57 23 such
1639 1574 88 23 further
1739 1578 94 19 amount
1845 1581 24 16 as

1279 1616 50 22 may
1341 1609 25 21 in
1377 1608 58 23 their
1447 1608 93 30 opinion
1552 1607 28 23 be
1595 1607 105 30 justified
1719 1607 29 30 by
1760 1607 39 23 the
1811 1615 57 23 aug-

1278 1641 90 23 mented
1380 1641 109 23 demands
1502 1641 25 23 of
1542 1640 38 23 the
1593 1641 96 29 Colony.

1312 1674 50 24 The
1375 1674 105 23 business
1494 1674 25 23 of
1534 1674 37 22 the
1585 1673 69 23 Bank
1668 1673 46 23 will
1733 1673 27 23 be
1779 1674 89 30 strictly

1278 1707 49 23 that
1346 1708 24 22 of
1392 1715 13 15 a
1428 1707 70 24 Bank
1517 1707 22 23 of
1563 1707 116 23 Discount
1698 1707 43 22 and
1761 1707 107 31 Deposit.

1277 1740 52 24 The
1341 1745 47 19 rate
1400 1741 26 23 of
1439 1741 106 22 discount
1557 1745 22 17 to
1592 1740 27 23 be
1635 1742 30 21 10
1675 1748 40 23 per
1728 1745 59 18 cent.
1798 1749 6 19 ;
1825 1740 44 23 and

1277 1776 14 21 5
1305 1782 41 22 per
1353 1778 58 19 cent,
1421 1774 47 22 will
1480 1774 28 23 be
1520 1774 94 23 allowed
1625 1781 62 23 upon
1700 1773 100 31 deposits
1813 1774 34 22 for
1856 1782 13 14 a

1278 1808 79 29 longer
1367 1807 78 31 period
1458 1807 55 23 than
1526 1815 13 14 a
1550 1806 87 29 month,
1640 1819 33 4 —
1675 1811 40 19 not
1726 1811 21 18 to
1762 1807 26 22 be
1802 1807 66 23 with-

1277 1841 77 22 drawn
1366 1840 71 23 under
1451 1842 31 22 10
1496 1841 62 29 days'
1571 1841 85 22 notice.

1914 115 83 20 NEW
2013 115 170 21 ZEALAND
2197 116 55 20 and
2264 117 215 22 AUSTRALIA.

1902 148 44 21 HP
1952 148 42 21 HE
2009 147 228 22 UNDERSIGNED
2249 149 98 27 supplies
2356 151 136 28 merchants,

1909 170 29 25 A
1976 175 36 21 for
2021 182 87 14 export
2120 182 67 19 only,
2197 176 52 20 with
2260 176 142 26 agricultural
2412 178 81 28 imple-

1901 205 86 23 ments;
2004 201 97 26 whaling
2110 208 59 20 gear,
2183 209 75 14 which
2269 210 20 13 is
2301 210 62 15 much
2375 212 118 16 approved

1902 235 26 14 of
1936 236 5 18 ;
1958 228 69 21 house
2037 228 91 26 fittings,
2140 228 57 21 tools
2204 228 35 21 for
2244 230 88 20 various
2341 231 77 26 trades,
2426 233 65 27 nails,

1901 254 79 26 anvils,
1988 254 66 26 vices,
2063 254 85 26 spades,
2158 254 45 22 and
2209 255 77 22 chains
2293 263 5 19 ;
2312 256 82 28 plated,
2403 265 88 22 copper,

1901 280 69 26 brass,
1980 282 57 24 iron,
2044 280 61 26 steel,
2113 280 84 22 British
2202 282 66 26 plate,
2281 282 122 28 Britannia,
2410 285 83 27 japan-

1902 307 50 26 ned,
1965 307 40 26 tin,
2014 307 44 21 and
2068 306 64 22 other
2142 309 67 20 metal
2220 315 69 15 wares
2295 317 5 19 ;
2317 317 67 20 every
2394 311 99 28 descrip-

1902 333 46 21 tion
1968 334 26 20 of
2011 334 165 27 ironmongery,
2194 334 91 28 cutlery,
2304 336 44 21 and
2364 337 127 29 hardware;

1901 360 56 26 iron,
1968 360 58 26 lead,
2035 367 87 19 copper,
2131 361 68 26 brass,
2208 362 55 26 zinc,
2272 362 45 21 and
2328 363 62 21 other
2400 365 79 22 metals
2486 374 5 19 ;

1902 386 31 21 tin
1949 386 78 28 plates,
2043 386 98 27 buttons,
2159 387 99 27 brushes,
2276 390 46 20 and
2337 390 63 27 glue^
2420 392 73 27 single

1902 412 45 22 and
1962 413 81 21 double
2058 412 92 28 fowling
2164 414 80 27 pieces,
2258 416 106 27 muskets,
2382 418 109 28 carbines,

1901 439 66 27 rifles,
1985 439 82 27 pistols,
2084 439 45 22 and
2144 440 83 21 swords
2235 449 5 18 ;
2261 442 103 28 saddlery
2380 444 43 22 and
2440 445 53 22 har-

1901 472 59 20 ness,
1981 467 39 20 &c.
2041 466 40 21 &c.
2090 474 5 18 ;
2120 466 60 27 gold,
2200 467 72 27 silver,
2293 469 48 26 gtlt,
2361 470 45 21 and
2423 471 68 23 black

1898 492 122 27 jewellery,
2044 493 39 20 &c.
2091 501 5 17 ;
2122 493 61 21 work
2201 494 76 27 boxes,
2303 495 101 29 dressing
2421 506 70 20 cases,

1903 519 87 26 writing
2000 518 70 28 desks,
2083 520 48 26 &c.,
2143 520 95 21 suitable
2251 525 22 17 to
2289 521 62 22 these
2366 525 113 22 countries
2486 534 5 5 •

1903 545 101 27 together
2018 546 52 21 with
2085 546 95 21 window
2195 547 65 27 glass,
2276 548 46 21 and
2336 549 58 27 glass
2409 558 82 21 wares;

1902 572 38 21 the
1951 572 71 21 whole
2032 572 26 21 of
2068 572 73 22 which
2151 580 37 14 are
2199 574 97 26 charged
2303 582 30 15 on
2342 583 52 21 very
2402 585 91 15 reason-

1902 598 50 22 able
1963 602 74 18 terms.

2147 626 137 23 EDWARD
2300 628 135 30 CHANCE,

1903 658 122 22 Hardware
2035 658 45 22 and
2091 659 98 22 General
2200 661 147 23 Commission
2364 663 128 24 Merchant.

1929 685 108 21 L.indon:
2051 687 20 25 2,
2084 685 187 24 Coleman-street
2280 688 120 29 buildings.

1903 746 218 24 WHOLESALE
2153 734 337 42 PRICES~~CUHRENT.

2049 805 163 23 IMPORTED
2229 808 111 22 GOODS.

1973 845 130 15 CORRECTED
2121 847 27 14 UP
2163 847 28 14 TO
2207 848 84 15 FRIDAY
2307 850 108 15 EVENING.

2242 867 16 17 £
2281 873 15 12 S.
2322 870 18 15 (1.
2394 871 16 16 £
2432 875 16 13 a.
2474 872 12 16 d

1903 885 66 21 Rum:
1985 885 25 21 P.
2021 885 25 21 B.
2058 886 32 26 P.,
2107 886 55 27 duty
2176 887 54 26 free,

2010 919 39 19 per
2057 912 76 27 gallon
2246 916 13 19 0
2286 917 14 19 9
2328 918 81 21 0..0
2424 920 25 19 12
2479 921 14 20 G

1902 937 60 22 Gin:
1983 938 52 21 Pule
2244 943 14 20 0
2286 944 13 20 8
2328 945 13 19 6
2358 958 18 6 ..
2395 946 13 20 0
2423 946 26 20 12
2479 948 13 19 0

1983 966 61 25 Case,
2059 967 15 19 4
2088 966 87 27 gallons
2184 969 44 19 4-5.
2246 970 10 19 1
2287 971 9 19 1
2328 972 13 19 0
2358 985 5 5 .
2371 985 5 6 .
2397 972 9 21 1
2434 974 14 19 5
2479 975 13 19 0

1901 991 96 23 Brandy
2006 1000 5 13 :
2027 992 57 22 First
2091 993 92 28 quality,
2193 1002 39 19 per

2049 1019 75 27 gallon
2245 1023 13 20 0
2273 1023 37 21 14-
2328 1025 14 20 0
2359 1039 17 5 ..
2395 1026 13 20 0
2423 1026 26 20 1G
2479 1028 14 19 0

2023 1046 87 22 Second
2119 1047 106 31 quality..
2245 1051 13 19 0
2274 1051 24 20 13
2328 1053 12 19 0
2358 1066 18 5 ..
2395 1054 13 19 0
2425 1054 24 19 15
2479 1055 14 18 0

2022 1073 69 21 Third
2101 1073 55 22 ditto
2244 1078 55 20 012
2328 1080 12 19 0
2358 1093 5 5 .
2371 1093 5 5 .
2395 1080 13 19 0
2424 1080 24 20 13
2478 1082 14 19 G

1902 1099 84 21 Brown
2006 1099 86 23 Stout:
2117 1101 113 21 Trueman

2137 1128 46 20 and
2190 1129 38 21 Co.
2245 1130 13 20 7
2284 1132 14 19 0
2327 1133 13 19 0
2357 1145 18 6 ..
2394 1133 13 20 7
2422 1133 26 20 10
2478 1135 13 19 0

1902 1152 92 22 Porter
2003 1160 5 14 :
2037 1153 102 27 Dunbar,
2152 1155 23 20 in
2185 1155 43 21 bot.

2067 1187 40 19 per
2118 1181 41 21 doz
2244 1184 12 19 0
2272 1184 26 20 16
2326 1185 14 19 0
2357 1199 5 5 .
2369 1199 6 5 .
2393 1187 13 20 0
2422 1187 26 20 18
2477 1188 14 19 0

1901 1206 63 20 Ai.k:
1981 1206 28 21 In
2019 1206 75 27 bottle,
2110 1207 114 27 perdoz..
2244 1211 12 19 0
2272 1211 26 19 16
2327 1212 13 20 0
2358 1226 18 6 ..
2395 1215 13 18 0
2423 1214 26 19 18
2478 1216 14 18 0

1902 1232 79 22 Wine:
1998 1233 88 27 Sherry,
2097 1241 40 19 per
2146 1234 50 27 pipe
2207 1237 50 19 ..28
2285 1239 13 19 0
2328 1239 80 21 0..40
2435 1241 14 20 0
2478 1242 14 19 0

2010 1260 68 26 Ditto,
2096 1268 39 19 per
2150 1261 78 22 dozen.
2246 1264 7 20 1
2283 1265 14 19 5
2327 1266 13 19 0
2357 1279 18 6 ..
2394 1267 13 20 2
2423 1267 26 20 10
2478 1270 14 18 0

1900 1286 87 21 Sugar:
2004 1287 118 21 Mauritius
2132 1295 40 20 per
2182 1293 48 17 cwt.
2245 1291 13 19 2
2285 1292 13 19 5
2328 1293 14 19 0
2359 1306 17 6 ..
2395 1294 13 20 2
2436 1296 12 18 8
2479 1296 14 19 0

2009 1313 80 22 Brown
2244 1318 14 20 0
2284 1319 14 20 0
2327 1320 48 19 0..
2395 1321 52 20 115
2477 1323 14 19 0

2010 1341 94 21 Refined
2122 1341 52 27 loaf,
2192 1350 39 19 per

2035 1368 21 20 lb
2244 1372 13 19 0
2284 1373 14 19 0
2315 1373 25 19 10
2357 1387 18 5 ..
2394 1375 14 19 0
2435 1376 53 19 Oil

1899 1392 62 22 Tea:
1980 1393 85 28 Hyson,
2077 1402 40 20 per
2127 1395 62 22 chest
2207 1399 50 19 ..10
2273 1399 25 20 10
2327 1401 13 19 0
2357 1402 50 19 ..12
2423 1402 25 19 12
2477 1404 14 19 0

1900 1420 87 22 Coffee
1995 1428 4 13 :
2012 1421 62 26 Java,
2086 1429 40 20 per
2135 1422 22 22 lb
2244 1427 12 19 0
2286 1427 8 19 1
2326 1427 13 19 3
2357 1441 4 5 .
2370 1441 5 5 .
2394 1430 12 18 0
2437 1429 8 19 1
2477 1432 14 17 0

1900 1447 57 21 Rice
1964 1454 5 14 :
1982 1448 107 22 Common
2100 1456 40 19 per
2147 1454 48 16 cwt.
2207 1465 5 5 .
2220 1465 5 5 .
2247 1453 8 19 1
2286 1453 10 20 1
2327 1454 13 19 0
2357 1468 5 5 .
2371 1468 5 5 .
2396 1456 8 19 1
2434 1456 14 19 3
2477 1458 14 19 0

1981 1475 65 21 Good
2068 1490 155 7 ............
2245 1479 9 19 l
2283 1480 13 20 5
2327 1481 13 19 0
2357 1495 4 5 .
2369 1495 6 5 .
2394 1482 10 20 1
2434 1484 13 19 8
2477 1485 14 18 0

1901 1504 115 18 lobacco:
2032 1504 141 25 JNegrohead,
2191 1511 40 20 per
2251 1508 31 21 •&

2057 1528 22 21 lb
2244 1531 25 21 0>
2286 1534 10 20 1
2327 1534 13 20 8
2357 1548 5 6 .
2370 1548 6 6 .
2394 1536 14 20 0
2434 1536 14 20 2
2477 1538 14 20 3

1899 1554 86 22 Cigars
1994 1562 4 14 :
2011 1555 101 27 Manilla,
2121 1564 39 19 per
2170 1559 58 25 1000,

2035 1582 54 27 duty
2104 1583 54 27 free,
2176 1591 53 20 very

2035 1616 75 15 scarce
2241 1613 12 19 5
2281 1614 15 20 0
2324 1615 48 20 0..
2391 1617 13 19 0
2432 1618 14 19 0
2476 1619 14 20 0

2009 1635 127 23 Havannah
2266 1647 60 14 none
2337 1641 22 20 in
2370 1642 95 23 market.

2008 1662 125 23 Chinsurah
2242 1667 14 19 4
2284 1669 14 19 0
2326 1670 49 18 0..
2392 1672 13 17 5
2434 1673 13 18 0
2475 1673 14 19 0

1898 1688 59 22 Salt
1966 1696 5 14 :
1988 1689 124 28 Liverpool,
2124 1698 40 20 per
2175 1696 37 17 ton
2221 1709 6 5 .
2242 1694 13 20 S
2283 1696 14 19 0
2326 1696 13 19 0
2356 1710 5 5 .
2369 1710 5 5 .
2382 1698 25 20 10
2434 1699 13 19 0
2477 1700 13 19 0

1898 1716 59 20 Soap
1967 1723 5 14 :
1999 1716 101 22 Hawes's
2124 1718 103 28 London,

2025 1750 38 20 per
2074 1748 37 17 ton
2230 1747 26 21 70
2284 1749 14 20 0
2326 1750 14 19 0
2356 1764 5 5 .
2369 1764 5 5 .
2381 1750 25 21 75
2434 1752 14 19 0
2477 1753 14 20 0

1898 1769 106 22 Candles
2012 1777 4 14 :
2025 1771 92 26 English
2126 1780 56 19 wax,
2190 1780 39 20 per

2044 1797 5 21 >
2052 1798 13 20 b
2067 1814 5 4 -
2095 1813 5 5 •
2242 1802 14 20 0
2282 1802 14 20 3
2326 1803 80 22 0..0
2433 1806 14 19 3
2477 1808 13 19 6

2029 1824 80 22 Mould
2242 1830 13 19 0
2284 1830 9 19 1
2325 1830 81 21 0..0
2435 1832 9 20 1
2475 1834 12 19 4

1900 1849 62 22 Pork
1970 1858 5 12 :
1993 1850 63 27 Irish,
2068 1859 39 18 per
2118 1852 72 22 barrel
2204 1868 5 6 .
2217 1868 5 6 .
2241 1856 13 19 5
2282 1857 14 20 0
2325 1857 13 19 0
2355 1871 6 5 .
2369 1871 5 5 .
2392 1860 14 19 0
2433 1861 14 18 0
2477 1862 13 19 0

1898 1876 83 22 Hams.
1997 1877 128 28 Yorkshire,
2141 1887 40 19 per
2190 1881 23 20 lb
2222 1896 5 6 .
2243 1884 13 18 0
2286 1884 9 19 1
2328 1884 8 19 1
2357 1898 18 6 ..
2394 1888 13 18 o
2437 1887 7 19 1
2477 1889 13 18 (j

1898 1903 106 22 Butter:
2021 1904 63 27 Irish,
2095 1912 40 21 per
2145 1907 30 21 lb.
2206 1910 51 19 ..0
2286 1910 9 21 1
2327 1911 13 20 8
2357 1925 18 6 ..
2394 1914 13 19 0
2436 1913 10 20 1
2465 1914 26 21 10

1899 1930 129 22 Potatoes:
2049 1932 56 21 New
2121 1933 107 29 Zealand,

2075 1966 39 18 Per
2124 1966 38 15 ton
2178 1976 44 6 ....
2241 1962 13 21 5
2282 1965 15 19 0
2326 1965 13 19 0
2356 1979 5 5 .
2369 1979 5 5 .
2394 1966 12 21 7
2434 1968 13 19 0
2477 1968 13 19 0

1898 1985 102 17 Cheese:
2017 1985 105 20 Cheshire
2242 1990 13 18 0
2283 1991 10 17 1
2324 1991 14 18 3
2355 2003 18 5 ..
2392 1994 14 17 0
2435 1994 8 16 1
2465 1995 24 16 10

2016 2009 54 21 Pine
2081 2011 74 26 Apple
2178 2015 77 19 ....0
2284 2016 10 18 1
2324 2016 82 21 4..0
2433 2019 14 18 0
2476 2020 13 19 0

1898 2035 90 20 Starch
1997 2042 4 13 :
2018 2035 42 21 Per
2068 2035 23 21 lb
2243 2041 13 19 0
2284 2042 10 20 1
2326 2042 13 19 9
2356 2056 5 6 .
2369 2056 6 6 .
2393 2046 13 19 0
2434 2045 13 19 2
2476 2047 14 18 0

1898 2060 43 21 Oil
1950 2068 4 14 :
1971 2061 103 27 Linseed,
2086 2070 39 19 per
2134 2065 75 25 gallon
2221 2068 34 19 .0
2282 2069 14 19 9
2326 2070 35 19 0.
2369 2084 6 4 .
2393 2072 37 19 01
2437 2072 7 19 1
2476 2074 13 18 0

1972 2088 76 27 Black,
2059 2096 39 20 per
2109 2090 55 22 ditto
2243 2096 13 19 0
2282 2096 16 19 4
2326 2096 80 23 6..0
2432 2099 14 18 5
2477 2100 13 19 G

1899 2114 71 22 Pitch
1985 2122 5 13 :
2022 2116 138 29 Stockholm,
2190 2127 40 19 per

2047 2143 72 22 barrel
2244 2149 9 19 1
2272 2149 24 20 15
2326 2150 14 19 0
2357 2164 18 5 ..
2395 2152 9 20 1
2422 2152 26 20 18
2467 2144 23 29 ~0

1900 2168 46 22 Tar
1954 2176 5 13 :
1976 2168 52 22 Coal
2243 2175 52 21 115
2325 2178 13 19 0
2356 2191 5 5 .
2369 2192 5 5 .
2393 2180 13 19 2
2434 2180 14 19 0
2477 2182 13 18 0

1980 2197 121 21 American
2241 2203 13 19 3
2282 2204 14 19 0
2325 2205 81 22 0..4
2434 2208 14 18 0
2476 2209 13 18 0

1898 2224 127 20 Mustard:
2042 2224 41 21 Per
2093 2225 71 22 dozen
2244 2230 53 21 116
2326 2233 80 21 0..0
2434 2234 14 19 0
2476 2234 14 20 0

1900 2249 95 22 Pickles
2007 2258 5 13 :
2044 2251 115 28 Assorted,
2190 2261 40 20 per

1898 2303 25 11 *r
2037 2277 47 37 -.xr^
2086 2286 26 14 02
2114 2295 12 9 -'
2153 2288 6 13 c
2159 2288 5 19 '
2169 2284 59 18 Uarts
2244 2284 131 21 ]20..
2395 2287 53 20 110
2477 2289 13 19 0

1898 2303 123 21 Muskets:
2037 2303 92 23 Walnut
2136 2307 92 22 stocked
2244 2310 10 20 1
2283 2312 13 20 S
2326 2314 13 19 0
2356 2327 18 6 ..
2393 2316 14 19 0
2433 2316 14 18 0
2475 2316 14 19 0

1897 2330 74 21 Beef:
1987 2331 75 26 Fresh,
2083 2340 90 15 carcase
2188 2342 40 19 per

2015 2357 16 21 ll
2031 2365 13 14 >-
2240 2365 13 19 0
2282 2366 9 19 1
2323 2367 13 20 0
2354 2381 17 5 ..
2390 2369 14 20 0
2432 2368 14 20 0
2474 2369 14 20 0

1898 2387 115 18 Mutton.-
2034 2387 92 21 Carcase
2138 2395 40 19 per
2187 2388 22 21 lb
2220 2406 5 5 .
2241 2392 14 20 0
2283 2393 10 20 1
2324 2394 14 19 0
2355 2408 18 5 ..
2392 2396 13 20 0
2432 2396 15 19 0
2475 2397 14 19 0

1900 2411 74 21 Pork:
1990 2411 75 28 Fresh,
2084 2421 89 15 carcase
2189 2423 40 20 per

1899 2464 16 13 r
2008 2438 17 39 i
2027 2439 12 21 h
2242 2446 18 26 o,x,
2258 2454 11 17 x
2283 2447 15 20 0
2325 2447 13 20 5
2357 2461 18 6 ..
2394 2449 13 20 0
2434 2449 14 20 0
2476 2449 13 21 8

1898 2464 91 22 Flour:
2008 2465 41 22 Per
2059 2470 38 18 ton
2227 2472 69 21 42*0
2324 2475 80 21 0..45
2432 2477 14 19 0
2475 2478 13 19 0

1898 2491 78 22 Milk:
1994 2493 41 21 Per
2042 2493 98 28 pint....
2242 2500 13 20 0
2282 2501 15 20 0
2324 2502 14 20 4
2355 2516 19 5 ..
2393 2503 13 21 0
2433 2504 57 20 0,0

1898 2520 94 20 Plank:
2020 2520 52 22 Port
2095 2522 132 28 Nicholson,

2047 2555 40 19 per
2096 2550 41 20 100
2147 2550 45 22 feet
2205 2566 18 5 ..
2243 2554 13 19 0
2271 2554 26 21 18
2326 2556 14 20 0
2357 2570 18 5 ..
2395 2557 7 20 1
2421 2557 26 20 10
2476 2558 13 19 0

2020 2575 122 27 Hokianga
2243 2581 13 20 2
2283 2582 13 19 5
2326 2583 14 20 0
2357 2597 18 5 ..
2393 2584 13 20 2
2423 2585 25 19 10
2476 2586 13 18 0

1898 2600 143 22 Scantling:
2058 2602 42 21 Per
2108 2604 39 21 100
2157 2604 66 22 feet..
2244 2608 12 20 0
2272 2609 25 20 18
2326 2610 14 20 0
2357 2623 18 6 ..
2395 2611 9 20 1
2434 2611 12 19 5
2477 2612 12 20 0

1898 2626 128 23 Shingles:
2042 2629 42 21 Per
2093 2631 54 21 1000
2244 2635 10 20 1
2272 2636 26 20 10
2326 2637 14 20 0
2357 2651 18 6 ..
2394 2639 14 19 2
2434 2639 14 19 5
2477 2640 13 18 0

1898 2679 63 23 Boat
1973 2680 73 23 Hire:
2061 2682 42 22 Per
2110 2683 50 35 day,
2167 2685 63 22 with-

1898 2733 27 11 er
2027 2735 24 9 ,r
2089 2716 40 15 o«t
2139 2711 71 23 hands
2221 2729 5 6 .
2242 2716 55 21 016
2326 2718 49 19 0..
2395 2719 9 20 1
2434 2719 14 20 5
2477 2720 13 20 0

1902 2737 94 19 Wages:
2025 2737 139 28 Mechanics,
2191 2747 40 20 per

2052 2764 61 21 week
2246 2769 9 20 1
2274 2770 25 20 16
2328 2772 14 20 0
2359 2785 17 5 ..
2395 2773 13 20 2
2436 2774 13 19 8
2478 2775 13 19 0

2035 2792 126 22 Labourers
2245 2797 8 20 1
2273 2797 25 21 10
2327 2799 14 19 0
2359 2813 17 5 ..
2395 2801 13 19 0
2436 2801 13 19 0
2477 2802 14 19 0

1932 2848 51 24 The
2004 2850 63 24 New
2087 2852 128 27 Zealand
2237 2856 124 25 Gazette
2383 2849 56 34 will'
2455 2860 36 23 for

1898 2881 38 24 the
1947 2889 101 25 present;
2059 2885 29 24 be
2094 2887 124 30 published
2226 2890 96 31 weekly,
2332 2900 67 23 every
2407 2893 82 23 Satur-

1898 2916 43 30 day
1954 2919 113 31 morning.
2105 2921 32 23 So
2157 2930 56 16 soon
2232 2931 25 16 as
2275 2925 20 23 it
2313 2926 20 22 is
2352 2927 138 30 sufficiently

1898 2952 132 29 supported,
2053 2954 18 22 it
2094 2955 46 23 will
2165 2956 29 24 be
2218 2958 79 23 issued
2322 2959 167 32 semi-weekly.

1898 2985 129 32 Subjoined
2038 2995 37 15 are
2088 2987 38 23 the
2139 2993 70 19 terms
2218 2998 5 15 :—:
2225 3003 35 3 —

1931 3025 82 25 Price
2033 3035 29 15 of
2081 3035 52 16 the
2154 3029 97 24 Paper.
2254 3043 34 3 —
2289 3031 72 32 Forty
2383 3033 108 32 shillings

1896 3066 42 22 per
1949 3067 93 21 annum,
2060 3061 97 29 payable
2169 3062 24 23 in
2204 3062 101 25 advance
2314 3074 7 19 ;
2342 3073 24 15 or
2378 3074 42 16 one
2432 3068 59 23 shil-

1897 3092 49 31 ling
1956 3092 36 23 for
2004 3093 73 30 single
2089 3095 119 24 numbers.

1929 3131 285 28 Advertisements.—
2216 3137 43 24 Six
2275 3137 61 25 lines
2354 3140 45 23 and
2409 3141 80 28 under,

1896 3166 37 21 3s.
1947 3165 38 24 (3d.
1999 3165 36 23 for
2046 3166 38 24 the
2095 3168 51 23 first
2150 3166 124 33 Insertion,
2284 3172 46 23 and
2342 3181 41 15 one
2395 3174 95 31 shilling

1895 3198 36 22 for
1950 3199 56 23 each
2024 3200 141 31 subsequent
2183 3203 125 30 insertion;
2334 3206 58 25 from
2410 3209 37 22 six
2467 3213 22 18 to

1896 3236 38 17 ten
1946 3231 67 29 lines,
2025 3233 43 24 five
2080 3234 108 33 shillings
2199 3237 35 23 for
2248 3238 38 23 the
2305 3239 58 30 first,
2383 3241 44 23 and
2446 3249 42 15 one

1896 3264 95 32 shilling
2013 3267 45 23 and
2080 3269 109 30 sixpence
2211 3271 37 23 for
2270 3272 56 23 each
2348 3274 141 31 subsequent

1896 3298 109 24 insertion
2016 3309 5 19 ;
2041 3300 71 25 above
2124 3307 39 19 ten
2180 3304 68 29 lines,
2267 3306 44 23 five
2330 3306 105 33 shillings
2453 3308 35 22 for

1895 3333 38 23 the
1945 3334 52 23 first
2009 3339 37 18 ten
2058 3335 67 29 lines,
2138 3337 46 23 and
2194 3338 125 32 fourpence
2333 3347 40 24 per
2391 3341 44 23 line
2453 3340 35 24 for

1895 3367 38 24 the
1945 3375 81 16 excess
2038 3368 25 24 of
2078 3369 50 23 that
2135 3371 97 23 number
2242 3381 5 19 ;
2267 3373 44 23 and
2325 3378 114 27 twopence
2446 3382 41 24 per

1894 3401 47 23 line
1952 3401 36 24 for
2000 3402 56 23 each
2067 3403 141 32 subsequent
2220 3406 122 25 insertion.

1927 3442 201 25 Advertisements
2140 3445 47 23 will
2197 3451 41 18 not
2249 3455 85 23 appear
2347 3448 24 23 in
2389 3448 38 24 the
2446 3456 40 15 en-

1894 3476 70 31 suing
1975 3478 104 28 number,
2091 3479 21 22 if
2126 3479 104 23 received
2242 3479 59 25 later
2319 3481 56 23 than
2392 3481 94 31 Friday,

1898 3512 28 21 10
1951 3511 96 28 o'clock,
2071 3519 56 16 a.m.
2168 3512 200 26 Advertisements
2390 3515 46 23 will
2458 3515 30 23 be

1895 3544 123 23 continued
2029 3545 43 22 and
2085 3545 101 31 charged
2196 3547 59 23 until
2270 3548 199 24 counter-ordered
2479 3556 5 20 ;

1895 3577 57 24 such
1964 3578 66 23 order
2042 3583 61 18 must
2115 3579 28 22 be
2161 3584 52 18 sent
2231 3584 22 19 to
2272 3580 39 23 the
2331 3582 73 23 Office
2422 3582 64 23 three

1895 3612 56 30 days
1958 3611 77 23 before
2042 3612 148 30 publication,
2199 3613 45 23 and
2251 3619 63 18 must
2321 3615 27 23 be
2356 3616 24 22 in
2387 3615 97 30 writing.

1916 3652 53 27 ,All
1981 3652 85 27 orders,
2081 3652 197 30 advertisements,
2297 3655 46 23 and
2360 3655 125 23 communi-

1895 3685 87 23 cations
1994 3690 23 17 to
2029 3685 37 22 the
2079 3685 90 28 Editor,
2185 3693 38 16 are
2238 3688 121 30 requested
2371 3693 21 18 to
2405 3688 27 23 be
2444 3686 40 25 ad-

1895 3718 96 24 dressed
2002 3722 23 18 to
2037 3718 45 23 this
2096 3718 84 24 Ofiice.

1929 3758 68 24 Book
2009 3758 62 23 work
2083 3758 45 23 and
2143 3759 41 30 job
2195 3760 105 33 printing
2319 3762 26 23 of
2360 3770 67 23 every
2445 3761 39 23 de-

1896 3793 117 29 scription,
2026 3792 110 23 executed
2149 3793 53 23 with
2215 3793 113 32 dispatch,
2347 3796 44 23 and
2409 3796 23 23 in
2447 3794 37 23 th*

1894 3826 53 22 best
1958 3825 68 29 style.

1275 3694 144 50 PAINTS,
1432 3695 48 26 oils,
1492 3695 45 21 and
1546 3695 115 23 varnishes
1668 3703 5 20 ;

1357 3721 62 22 Nails
1429 3721 46 22 and
1484 3721 62 23 locks
1557 3723 26 21 of
1593 3723 30 21 all
1633 3723 67 23 kinds
1707 3732 6 20 ;

1355 3748 103 22 Window
1467 3749 66 27 glass,
1546 3751 25 21 13
1581 3749 29 28 by
1620 3752 13 20 9
1640 3758 6 19 ;

1357 3776 62 27 Soap,

1356 3803 51 26 Tea,

1356 3829 60 28 Rice,

1357 3857 57 22 Rose
1425 3857 60 21 Cork
1494 3857 82 28 butter,

1357 3883 93 27 Arrack,
1463 3884 41 22 &c.
1515 3885 40 21 &c.

1475 3910 28 20 T.
1519 3911 32 21 M.
1568 3911 185 24 PARTRIDGE
1763 3913 46 22 and
1820 3914 46 21 CO.

1303 3935 61 19 June
1373 3936 20 19 9.
