2440 3810
1469 561 97 20 BIRTH.

1287 607 93 19 JBots.—
1380 607 58 19 June
1449 608 56 23 10th,
1518 608 25 19 at
1552 607 59 20 View
1620 608 55 24 Hill,
1687 608 37 20 the
1729 608 47 20 wife

1263 642 21 20 of
1293 642 85 26 George
1388 644 25 19 G.
1422 644 63 25 Boys,
1497 643 24 20 of
1529 650 12 13 a
1560 643 114 26 daughter.

1261 741 123 35 Oxford
1405 741 62 35 and
1488 741 82 35 Cust
1591 741 185 35 Observer.

1261 832 273 17 PUBLISHED
1564 832 212 17 WEEKLY.

1324 904 168 19 SATURDAY,
1537 910 46 13 June,
1261 910 331 13 13,
1623 904 153 19 1891.

1297 970 67 28 The
1378 971 194 36 government
1583 970 31 28 of
1622 970 50 28 the
1687 970 59 39 day
1752 970 28 28 is

1259 1009 109 38 unique
1391 1010 32 28 m
1450 1009 50 29 the
1519 1010 105 28 annals
1648 1010 31 28 of
1705 1009 73 32 New

1261 1048 139 30 Zealand.
1442 1047 31 31 It
1486 1049 26 29 is
1540 1050 116 39 largely
1679 1059 96 29 repre-

1262 1090 147 28 sentative
1420 1091 31 27 of
1470 1090 51 28 the
1543 1090 84 29 labor
1641 1091 134 35 interest^

1262 1130 59 28 and
1335 1129 68 29 that
1415 1131 236 37 representation
1665 1131 24 28 is
1701 1141 75 19 com-

1262 1170 93 39 posed
1371 1170 35 29 of
1425 1169 139 40 working
1590 1181 68 19 men
1682 1171 94 30 them-

1263 1211 103 29 selves.
1409 1211 98 29 There
1519 1221 55 19 can
1588 1211 37 29 fee
1639 1221 38 19 no
1693 1222 84 28 ques-

1262 1250 65 29 tion
1337 1250 67 29 that
1427 1260 19 19 a
1472 1252 113 28 certain
1608 1252 125 30 number
1747 1253 31 29 of

1265 1299 233 21 common-sense
1572 1291 206 31 clear-headed

1263 1331 151 28 workmen
1431 1341 50 19 are
1491 1341 17 19 a
1525 1332 123 29 distinct
1666 1333 70 37 gain
1747 1336 31 26 to

1266 1381 61 28 any
1337 1370 187 30 Parliament.
1569 1371 82 40 They
1672 1372 106 30 should

1263 1412 38 30 be
1316 1412 65 29 able
1393 1415 31 26 at
1434 1412 76 30 least
1524 1412 150 34 to/inform
1687 1414 95 30 whatr-

1265 1462 70 20 ever
1359 1458 195 33 government
1578 1465 68 27 may
1683 1455 37 30 be
1747 1456 32 28 iii

1265 1503 101 30 power
1393 1493 32 29 of
1447 1492 53 31 the
1522 1495 174 30 sentiments
1721 1495 60 30 and

1265 1534 82 30 ideas
1374 1534 32 29 of
1432 1534 79 30 their
1541 1534 76 31 class
1652 1543 37 22 On
1721 1546 59 30 any

1266 1574 137 39 question
1420 1575 33 28 of
1472 1575 61 34 the.
1546 1575 66 39 day.
1654 1575 54 30 We
1729 1577 49 29 be-

1265 1614 76 30 lieve
1356 1614 67 29 that
1446 1614 52 30 the
1512 1615 136 39 working
1672 1617 108 30 clashes

1265 1663 78 22 Were
1370 1665 91 21 never
1484 1666 80 20 more
1588 1656 138 40 disposed
1749 1661 32 26 to

1265 1696 178 39 reasonably
1466 1696 135 30 consider
1618 1698 52 29 the
1695 1708 84 19 econ-
1802 1717 2 4 •

1266 1736 76 30 omic
1361 1737 59 28 and
1439 1738 134 37 political
1593 1739 95 37 topics
1713 1739 67 28 that

1265 1776 87 30 make
1365 1777 48 32 for
1426 1777 51 29 the
1491 1777 101 39 public
1616 1778 73 29 weal
1704 1780 75 28 than
1801 1802 3 6 ,

1266 1817 73 34 they
1367 1827 51 19 are
1441 1821 30 25 to
1495 1818 67 33 day.
1606 1819 31 29 It
1650 1818 25 30 is
1701 1820 97 28 clear-,

1266 1857 131 30 that'the
1408 1863 198 33 government
1623 1864 112 27 cannot
1743 1861 36 29 be
1797 1882 4 4 •

1267 1898 156 39 composed
1445 1898 32 29 of
1496 1898 52 29 the
1573 1908 69 21 sons
1672 1900 31 29 of
1726 1901 55 28 toil

1266 1938 108 40 simply
1392 1939 127 30 because
1544 1939 74 41 they
1630 1940 79 29 have
1727 1944 53 26 not

1265 1980 62 28 had
1354 1980 52 28 the
1426 1980 78 28 trail)
1508 1980 52 40 ing
1575 2011 3 2 .
1588 1981 59 28 and
1671 1990 107 30 oppor-
1797 1991 4 4 '

1264 2020 102 38 tunity
1391 2029 158 29 necessary
1569 2020 47 29 for
1637 2020 51 29 the
1715 2032 65 19 suc-

1264 2059 109 30 cessful
1388 2064 211 33 management
1613 2060 31 29 of
1664 2061 52 29 the
1729 2062 53 39 gi-

1263 2101 102 38 gantic
1389 2100 137 29 business
1542 2109 128 22 concern
1684 2103 97 28 which

1265 2151 18 19 a
1292 2143 197 37 government
1502 2141 95 40 really
1608 2146 123 26 amount
1738 2147 41 26 to.

1262 2181 64 30 But
1340 2181 83 30 there
1444 2181 26 30 is
1494 2192 39 19 no
1547 2192 106 20 reason
1675 2183 31 29 m
1730 2184 52 30 the

1263 2221 94 30 world
1371 2222 71 39 why
1465 2232 59 29 any
1546 2223 154 30 workman
1714 2225 67 29 who

1264 2272 70 31 may
1354 2263 38 29 be
1409 2263 32 28 m
1462 2261 186 32 Parliament
1671 2264 109 30 should

1264 2307 55 26 not
1332 2303 32 29 m
1385 2304 50 29 the
1449 2313 120 29 process
1588 2305 31 28 of
1631 2305 72 30 time
1731 2314 47 21 oc-

1268 2354 77 29 cupy
1355 2344 52 29 the
1411 2344 122 38 highest
1536 2344 138 39 position.
1717 2347 64 29 The

1265 2383 70 32 field
1353 2385 25 28 is
1392 2393 85 29 open,
1503 2384 84 30 there
1607 2385 24 29 is
1653 2394 82 21 room
1749 2387 32 29 m

1266 2424 52 29 the
1332 2425 67 28 first
1406 2424 86 35 rank,
1507 2425 61 28 and
1578 2425 71 40 only
1660 2425 42 30 let
1718 2427 62 29 him

1266 2464 84 30 show
1368 2463 36 30 he
1425 2464 54 29 has
1517 2462 106 42 ability
1646 2466 47 29 for
1719 2467 61 29 this

1265 2505 202 38 positioned
1481 2505 128 40 nothing
1623 2506 60 30 will
1707 2506 74 40 keep

1264 2545 62 29 him
1340 2546 76 28 from
1430 2545 34 30 it.

1306 2586 30 29 It
1360 2585 26 30 is
1413 2587 155 39 generally
1604 2588 177 38 recognised

1264 2626 68 30 that
1345 2626 50 30 the
1418 2627 158 30 socialistic
1599 2627 67 30 talk
1685 2629 32 29 of
1730 2629 52 29 the

1265 2667 126 29 election
1424 2668 27 27 iR
1484 2666 77 30 done
1588 2668 82 29 with.
1721 2669 61 29 The

1266 2707 117 29 dreams
1394 2707 34 28 of
1432 2717 91 30 every
1531 2719 71 18 man
1614 2708 87 39 being
1714 2710 67 29 able

1265 2750 33 26 to
1308 2748 59 28 live
1378 2752 31 24 at
1425 2747 51 29 the
1489 2749 143 28 standard
1646 2749 33 31 of
1692 2749 91 30 about

1265 2787 86 30 £300
1365 2798 18 19 a
1394 2797 73 29 year
1481 2797 33 20 as
1527 2788 138 41 Bellamy
1683 2790 100 39 paints

1266 2828 32 37 it,
1311 2828 24 28 if
1347 2828 69 39 only
1425 2829 148 29 socialism
1585 2839 61 20 was
1654 2832 130 37 adopted

1265 2869 26 29 is
1315 2877 68 21 now
1402 2879 70 19 seen
1496 2871 33 27 to
1556 2870 37 30 be
1614 2870 165 32 ridiculous

1267 2909 59 29 and
1357 2909 118 29 absurd.
1519 2909 89 31 Were
1635 2912 53 29 the
1721 2912 62 30 im-
1797 2920 3 6 '

1266 2960 101 20 mense
1388 2950 107 30 wealth
1510 2950 33 30 of
1556 2954 86 36 great
1664 2951 117 31 Britain

1266 2990 122 30 divided
1422 2991 121 39 equally
1565 3002 109 29 among
1687 2994 39 29 its
1737 2995 44 29 in-

1265 3030 153 30 habitants
1432 3032 99 28 would
1554 3033 72 38 only
1644 3034 80 38 yield
1745 3046 38 19 an

1265 3071 115 29 income
1395 3072 32 28 of
1437 3072 89 29 about
1543 3071 66 32 £10
1620 3083 18 19 a
1651 3084 71 28 year
1735 3076 48 29 for

1264 3111 73 30 each
1346 3121 107 29 person
1463 3123 5 24 ;
1491 3112 33 29 m
1537 3112 41 30 all
1590 3113 86 30 other
1691 3124 93 21 coun-

1265 3151 73 31 tries
1348 3152 89 29 much
1451 3152 68 31 less.
1562 3153 157 37 However,
1723 3167 3 6 1
1731 3156 51 32 the

1265 3192 106 40 people
1398 3201 69 21 now
1503 3195 155 39 generally
1689 3197 95 30 admit

1266 3233 72 38 they
1351 3236 81 26 must
1451 3237 52 26 not
1530 3234 38 30 be
1590 3235 125 31 deluded
1743 3238 41 40 by

1266 3273 131 30 socialist
1411 3274 115 29 dreams
1540 3276 56 28 but
1625 3279 45 27 set
1689 3278 94 30 them-

1266 3314 95 29 selves
1373 3317 31 26 to
1416 3315 66 29 deal
1491 3316 73 29 with
1572 3319 84 28 stern
1665 3319 78 30 facts
1752 3320 31 30 of

1266 3354 82 39 daily
1362 3354 59 30 life.

1307 3394 63 30 The
1384 3399 197 34 government
1604 3408 125 30 propose
1752 3404 30 28 to

1266 3434 67 30 deal
1357 3435 73 29 with
1456 3436 52 30 the
1536 3441 79 26 most
1644 3442 138 39 pressing

1267 3476 137 37 question
1418 3476 33 29 of
1457 3476 194 43 irregularity
1660 3481 34 30 of
1698 3483 80 29 work

1266 3532 41 5 —
1307 3516 83 29 work
1426 3516 34 30 of
1490 3528 101 21 course
1641 3524 140 39 meaning

1265 3565 107 29 wages.
1414 3557 64 30 The
1489 3559 153 42 wearying
1651 3563 60 29 and
1721 3564 60 30 dis-

1265 3597 131 39 tressing
1406 3598 153 31 condition
1571 3599 33 30 of
1616 3601 84 32 these
1722 3605 58 29 col-

1266 3637 82 29 onies
1362 3638 26 29 is
1413 3638 50 29 the
1484 3639 84 33 fitful
1585 3641 129 33 demand
1733 3646 48 29 for

1263 3677 92 30 labor.
1400 3678 52 31 We
1479 3679 75 32 have
1577 3682 123 39 pointed
1728 3690 55 27 out

1263 3718 68 31 that
1340 3719 33 30 m
1387 3721 114 30 several
1515 3733 82 30 ways
1606 3725 61 31 this
1690 3728 89 38 prob-

1864 182 58 29 lem
1938 183 61 28 will
2023 182 37 29 be
2084 182 159 38 gradually
2267 182 112 29 solved.

1863 222 182 40 Shortening
2065 222 91 30 hours
2183 220 147 41 probably
2354 222 28 29 is

1863 272 56 19 one
1933 263 31 28 of
1972 264 92 29 them.
2105 262 63 30 The
2182 263 197 38 government

1862 312 125 28 propose
2011 307 30 26 to
2063 303 143 30 establish
2226 312 18 20 a
2276 302 101 31 Labor

1860 342 120 30 Bureau
1995 344 42 38 by.
2048 343 99 30 which
2159 343 52 28 the
2238 343 67 28 best
2322 343 54 29 'in-

1861 383 159 30 formation
2043 383 61 30 will
2133 382 38 30 be
2206 382 170 31 obtainable

1861 423 98 30 where
1973 424 84 29 labor
2070 424 26 29 is
2112 424 33 29 m
2166 422 129 32 demand
2315 423 61 31 and

1861 464 138 30 facilities
2022 465 59 29 will
2103 465 39 30 be
2171 464 134 30 afforded
2328 464 48 29 for

1860 504 153 30 workmen
2034 505 120 39 getting
2176 507 32 27 to
2242 505 53 29 the
2328 505 46 29 in-

1860 544 97 40 viting
1969 545 142 31 districts.
2119 560 3 4 •
2152 545 56 30 We
2218 545 70 30 take
2314 545 62 30 this

1860 594 32 19 as
1901 595 18 18 a
1928 590 76 25 most
2018 586 221 29 commendable
2253 590 64 34 step
2335 595 40 20 on

1859 624 52 29 the
1926 631 66 31 part
2002 625 33 28 of
2042 626 50 28 the
2100 630 204 34 government,
2315 625 59 30 and

1861 674 44 19 we
1926 665 76 38 hope
2023 665 80 30 their
2129 665 155 40 proposals
2314 665 64 30 will

1859 714 91 28 prove
1982 706 150 39 judicious
2179 706 60 31 and
2286 705 87 32 satis-

1858 744 124 41 factory.

1897 786 57 29 Let
1962 797 34 18 us
2018 787 77 38 hope
2121 787 68 30 that
2209 789 81 35 steps
2307 796 71 27 may

1858 825 62 30 also
1934 827 37 28 be
1986 827 90 29 taken
2091 831 31 24 to
2146 818 144 39 facilitate
2315 835 62 19 em-

1858 865 116 39 ployers
2011 867 60 30 and
2107 865 111 30 Trades
2259 865 117 29 Unions

1858 906 136 39 working
2007 907 32 28 m
2054 907 145 38 harmony
2218 905 117 30 instead
2344 905 32 30 of

1858 947 270 38 antagonistically.
2169 944 48 31 No
2240 944 138 31 business

1856 985 33 29 m
1902 985 73 32 New
1991 987 144 35 Zealand,
2155 996 32 20 as
2215 996 17 19 a
2249 984 74 37 rule,
2350 985 25 29 is

1856 1027 114 40 paying
1970 1044 38 4 —
2010 1038 34 18 or
2053 1028 76 36 only-
2151 1026 105 39 barely
2283 1025 96 39 doing

1855 1076 40 19 so.
1937 1065 162 32 Workmen
2112 1076 51 20 are
2173 1066 130 39 needing
2314 1075 64 20 em-

1856 1107 155 38 ployment
2061 1107 35 29 iri
2142 1107 233 29 manufactures.

1856 1147 83 29 Eaw-
1949 1147 151 30 materials
2109 1175 4 2 .
2122 1146 131 32 abound?
2262 1147 33 28 m
2315 1145 61 31 this

1856 1187 59 30 Isle
1929 1189 32 28 of
1973 1189 52 29 th*
2039 1187 125 31 Blest—
2165 1186 151 31 materials
2342 1186 34 30 of

1855 1232 67 25 vast
1947 1229 102 29 worth;
2093 1229 119 38 Capital
2230 1227 26 30 is
2291 1227 87 39 lying

1857 1268 68 29 idle.
1968 1268 62 29 The
2041 1269 71 38 only
2127 1268 64 29 link
2202 1267 68 30 that
2284 1267 25 30 is
2324 1278 56 19 re-

1858 1309 106 38 quired
1978 1312 31 26 to
2023 1313 46 26 set
2088 1309 26 29 it
2126 1336 5 9 r
2135 1309 40 29 all
2198 1307 93 40 going
2310 1307 27 30 is
2358 1317 53 20 a..

1857 1349 62 28 real
1940 1349 108 30 honest
2073 1347 238 40 understanding
2329 1348 49 29 be-

1857 1393 95 26 tween
1966 1399 68 20 men
2057 1389 60 30 and
2143 1387 136 32 masters.
2321 1387 57 31 Le-

1858 1430 139 38 gislation
2012 1441 70 29 may
2109 1429 90 31 assist
2223 1429 61 30 and
2302 1438 74 31 open

1858 1471 52 29 the
1926 1481 64 29 way
2001 1483 5 17 :
2029 1472 56 28 but
2093 1469 71 42 only
2179 1481 18 18 a
2204 1470 174 30 reasonable

1858 1511 59 29 and
1958 1511 257 40 straightforward
2267 1511 109 29 under-

1860 1553 141 38 standing
2009 1553 208 31 in.therealms
2226 1551 32 31 of
2266 1551 111 40 capital

1862 1594 59 28 and
1941 1594 85 28 labor
2037 1603 55 19 can
2103 1593 38 29 do
2150 1593 52 29 the
2215 1592 64 30 real
2298 1592 81 30 busi-

1858 1643 74 19 ness.
1973 1633 178 40 Employers
2185 1636 111 26 cannot
2335 1631 43 31 af-

1858 1674 69 29 ford
1939 1677 32 27 to
1991 1675 68 39 give
2080 1673 120 40 beyond
2226 1683 18 19 a
2264 1673 113 30 certain

1859 1718 63 26 rate
1937 1714 31 30 of
1976 1724 84 29 wage
2060 1731 40 4 —
2101 1722 34 22 as
2148 1714 74 39 they
2232 1713 77 34 fcave
2324 1714 54 30 the
2394 1712 3 8 '

1860 1755 115 29 outside
2028 1755 118 29 market
2199 1754 181 39 controlling

1858 1794 121 30 them—
1981 1795 98 39 surely
2089 1794 53 30 the
2156 1794 71 30 wise
2262 1805 68 29 way
2351 1794 29 31 is

1858 1840 31 24 to
1904 1835 68 29 take
1982 1836 80 30 what
2070 1835 73 39 they
2154 1845 57 19 can
2222 1834 83 30 offer,
2345 1830 41 34 it
2408 1857 3 4 .

1858 1876 99 29 better
1988 1875 88 31 times
2103 1885 82 21 come
2208 1885 35 20 or
2269 1874 110 40 profits

1859 1917 142 34 increase,
2029 1925 95 29 wages
2147 1925 70 31 may
2220 1915 2 11 1
2232 1915 103 31 follow
2360 1926 23 20 a,

1858 1956 111 40 sliding
1983 1957 79 30 scale
2076 1956 137 40 upward.'

1897 1998 56 28 We
1962 1998 38 28 do
2011 2001 53 25 not
2091 1998 66 28 like-
2178 1997 51 29 the
2251 1997 68 29 idea
2345 1997 38 29 of

1856 2047 69 19 men
1933 2038 162 38 travelling
2104 2037 91 29 about
2203 2037 80 29 from
2291 2037 91 38 places

1858 2080 31 28 to
1898 2078 91 38 place,
2006 2088 72 20 even
2094 2080 32 28 at
2143 2076 51 30 the
2216 2076 165 34 invitation;

1860 2118 31 29 of
1915 2129 18 18 a
1959 2118 100 30 Labor
2091 2118 157 35 Minister;
2291 2118 84 30 there

1860 2159 96 39 ought
1969 2161 32 28 to
2015 2160 38 29 be
2062 2168 40 20 no
2111 2157 76 31 need
2198 2158 32 30 of
2237 2158 34 30 it.
2312 2157 68 32 But

1860 2205 32 24 at
1901 2203 122 36 present
2032 2201 26 28 it
2068 2200 26 28 is
2116 2210 18 19 a
2147 2199 68 30 wise
2224 2199 153 40 provision

1858 2244 33 25 to
1918 2241 87 29 make
2031 2241 53 28 the
2105 2241 68 29 best
2194 2240 31 29 of
2249 2240 127 30 circum-

1860 2284 123 34 stances,
2013 2282 59 28 and
2086 2281 41 29 all
2141 2280 69 30 wise
2224 2280 60 31 and
2298 2280 80 40 good

1859 2332 69 19 men
1954 2322 61 29 will
2039 2325 105 35 accept
2164 2322 35 35 it,
2218 2321 50 30 till
2283 2331 93 20 some-

1858 2363 89 38 thing
1957 2362 98 29 better
2068 2372 56 20 can
2133 2363 38 29 be
2184 2362 131 30 devised.

1860 2402 29 29 It
1912 2413 94 19 seems
2030 2406 121 35 strange
2184 2405 34 26 to
2246 2412 37 21 us
2307 2402 70 40 why
2386 2417 17 18 .->

1860 2442 169 40 something
2044 2443 87 30 could
2145 2445 55 27 not
2211 2442 36 30 be
2257 2442 77 30 done
2343 2443 33 30 m

1857 2483 61 29 this
1933 2493 65 29 way
2022 2483 33 28 m
2074 2482 116 30 Oxford
2211 2492 33 21 as
2261 2483 49 29 for
2323 2483 54 32 in-r

1858 2528 101 25 stance
1972 2524 30 28 m
2025 2523 53 30 the
2093 2523 228 32 establishment
2343 2523 33 31 of

1859 2574 19 19 a
2249 2564 55 31 We
2312 2564 66 31 fear

1860 2609 82 26 want
1966 2606 32 28 of
2024 2606 87 39 unity
2136 2605 57 30 has
2216 2605 77 30 been
2323 2605 54 31 the

1860 2649 95 26 secret
1974 2655 34 20 or
2031 2646 108 30 failure
2162 2647 81 30 here.
2283 2646 95 31 Local

1861 2685 166 31 Industries
2054 2689 81 27 must
2154 2688 38 28 be
2220 2696 55 20 our
2304 2697 72 30 cry:

1860 2727 61 28 and
1940 2727 32 28 m
1995 2728 161 28 meantime
2178 2737 45 20 we
2246 2728 131 38 applaud

1863 2767 40 28 all
1918 2770 198 35 government
2129 2767 60 30 and
2196 2765 183 33 individuals

1862 2807 68 30 who
1949 2817 52 20 are
2023 2808 105 39 trying
2145 2807 183 41 judiciously
2345 2810 34 28 to

1862 2848 87 30 make
1983 2848 51 30 the
2074 2849 66 29 best
2179 2849 32 29 of
2252 2849 125 31 circum-

1860 2893 125 26 stances.

1862 2988 2 6 ,
2086 2988 49 6 —
2135 2974 74 20 i_
2291 2974 120 20 _—4

1859 3060 95 26 WEST
1987 3060 135 25 OXFORD
2156 3061 134 26 SCHOOL
2319 3062 75 26 EX-

2018 3093 198 26 AMINATION.

1957 3133 47 23 For
2022 3133 41 22 the
2075 3133 88 23 Month
2174 3133 25 23 of
2215 3133 67 28 May;

1861 3196 120 26 Standard
1992 3196 38 24 VI
2041 3196 113 33 possible
2167 3198 55 24 160.

1922 3234 75 31 Pryce
2007 3234 75 24 Jones
2156 3242 19 26 .;_
2201 3246 45 18 .--■/■
2298 3245 5 3 ■
2328 3236 47 24 114

1860 3277 121 25 Standard
1992 3277 24 23 V
2027 3277 105 25 Possible
2144 3279 55 26 16Q.
2287 3300 29 5 
2381 3284 3 4 '

1922 3315 112 25 Leonard
2051 3314 85 26 Ancall
2269 3338 3 3 .
2328 3316 83 28 140^

1922 3358 145 25 Henderson
2087 3358 82 25 Msrsh
2328 3359 46 25 131

1922 3401 63 24 Kate
1996 3401 75 23 Luers
2329 3403 45 24 181

1922 3443 77 31 Lydia
2010 3443 107 32 Oomyhs
2191 3443 21 19 '"-
2265 3444 5 4 ~
2326 3445 49 26 127

1922 3486 110 25 William
2056 3486 77 25 FreeV
2180 3483 26 17 J°
2326 3488 47 25 124

1921 3529 113 25 William
2057 3529 174 33 Wotherspoon
2326 3531 47 24 124

1859 3572 120 26 Standard
1988 3572 36 26 IV
2041 3572 107 25 Possible
2159 3573 56 24 160.

1921 3610 86 24 Albert
2018 3610 113 31 Har3ing
2328 3611 47 24 185

1918 3653 77 24 Maud
2005 3653 115 25 Knowlea
2129 3671 4 7 <
2326 3655 47 23 125

1918 3696 89 25 Robert
2018 3696 83 25 Crowe
2282 3709 4 11 »
2326 3697 47 24 124

1918 3740 64 23 Fred
1992 3739 82 24 Blank
2324 3740 49 23 120

566 51 165 31 OXFORD
772 52 88 31 AND
903 52 104 30 OUST
1053 52 220 32 OBSERVER
1315 52 230 38 SATURDAY,
1587 54 106 31 JUNE
1738 59 46 34 13,
1827 59 75 30 1891

1262 298 21 38 f
1298 298 76 29 have
1383 299 51 28 the
1441 299 92 29 above
1543 303 122 25 amount
1674 300 104 38 placed

1263 329 21 45 £
1324 338 32 28 m
1381 348 50 28 my
1465 338 94 29 hands
1588 343 31 25 to
1650 341 70 28 lend
1739 349 37 20 on

1261 378 95 39 really
1364 379 79 37 good
1453 379 135 29 freehold
1597 381 138 38 security.

1390 423 111 31 JOHN
1523 424 174 31 INGRAM.

1314 463 184 30 Auctioneer
1513 465 26 27 &
1554 465 107 29 Estate
1668 466 108 38 Agent.
1803 470 2 4 '

654 174 345 32 ODDFELLOW'S
1025 174 142 38 HALL,

777 235 85 22 WEST
904 234 132 22 OXFORD'

656 317 241 57 SKATING
933 314 238 60 SEATING

696 401 121 22 opened
828 401 59 22 son
920 399 70 23 the;
1007 399 116 22 season

702 443 139 30 EVERY
854 442 276 36 WEDNESDAY,

788 498 32 26 at
842 495 75 29 7.30.
940 504 71 29 p.m.
1071 522 3 3 .
1102 515 3 5 .

694 588 224 42 TEmmros
959 589 136 38 hotel
1145 620 4 3 .

783 641 93 25 WEST
904 640 142 25 OXFORD.

654 714 58 24 MR.
724 714 24 25 J.
760 714 80 24 KIRB
846 714 17 24 V
876 713 57 32 begs
944 715 25 22 to
978 712 111 24 intimate
1096 712 24 24 to
1129 711 50 24 the,

654 747 149 24 inhabitants
812 747 26 24 of
845 746 88 25 Oxford
942 746 44 23 and
997 745 40 24 the
1046 744 125 30 travelling

654 780 78 29 public
739 780 23 22 m
771 780 137 29 particular,
919 778 52 23 that
980 779 27 22 He
1018 777 43 23 has
1074 776 97 24 secured

654 819 14 15 a
680 810 62 24 lease
753 811 25 23 of
786 811 51 24 this
847 812 54 23 first
909 810 60 23 class
981 809 80 28 Hotel,
1071 808 49 24 and
1128 807 41 24 ha-

652 844 58 29 ving
729 843 128 30 throughly
875 841 150 26 refurnished
1042 841 47 25 the.
1095 847 74 20 same,

652 875 32 24 he
693 877 23 22 is
726 884 55 16 now
792 875 113 31 prepared
917 877 24 22 to
950 875 57 23 offer
1015 873 100 25 comfort
1122 872 48 24 and

655 908 178 32 accompdation
851 908 105 31 superior
975 908 25 23 to
1020 913 46 23 any
1086 906 26 23 m
1131 905 42 23 the

652 940 101 25 district.

710 973 113 25 LIQUOE,
850 973 78 20 WINE
955 972 58 20 AND
1039 969 74 21 BEER
1152 991 3 3 .

812 1011 22 20 of
844 1011 36 19 the
889 1010 45 20 best
942 1009 87 25 quality.

680 1071 52 36 R,

655 1120 130 22 SHOEING
811 1119 59 21 AND
910 1113 261 29 GBNEKAL^BLACK-

862 1148 93 22 SMITH.

811 1191 59 20 Near
889 1187 37 22 the
944 1185 49 22 Sale
1002 1184 66 27 yards

698 1226 151 39 EAST
889 1220 254 41 OXFORD.

873 1279 10 10 >
892 1278 20 11 —
917 1278 21 11 1»»
946 1277 9 11 a
1016 1283 4 2 •

658 1305 40 24 All
708 1304 68 25 kinds
786 1301 27 25 of
821 1300 124 25 Ironwork
955 1295 113 31 Skilfully
1079 1295 93 33 Execu-

657 1338 39 24 ted
705 1341 24 20 at
739 1336 122 24 Moderate
872 1333 87 23 Prices.

708 1423 164 65 Sliop
900 1415 216 55 Before

658 1512 38 28 12
731 1507 114 31 o'clock
878 1514 38 20 on
957 1498 216 39 Wednesdays.

636 1607 3 48 :

656 1714 200 81 WANTED
882 1710 159 30 Known—
1041 1707 83 37 Page
1145 1704 28 28 &

757 1754 76 31 Co.'s
855 1751 93 32 Stock
973 1753 31 25 at

910 1785 181 40 PAEISH'S

661 1850 64 77 eW
734 1850 23 39 {■
782 1844 97 32 Yards
899 1843 32 30 of
951 1833 222 38 SHIBTINGS

702 1871 58 55 |3
804 1889 32 27 at
856 1884 153 39 Sixpence
1025 1888 54 31 per
1099 1874 77 43 yard

638 1947 1 2 ■
655 1931 98 31 worth
775 1928 46 31 Bd.
842 1935 54 31 per
910 1921 83 43 yard.

657 1982 100 76 7A-A
788 1976 134 32 YARDS
942 1973 52 30 OF
1017 1966 154 35 COTTON

695 2002 63 57 jfj
796 2011 224 37 SHIRTINGS
1032 2014 32 26 at
1078 2008 48 30 4d.

655 2075 18 35 i
705 2070 97 40 CAA
822 2067 100 30 Yards
934 2065 32 30 of
978 2056 195 38 FLANNEL

637 2101 3 45 i
658 2096 38 56 li
705 2096 97 57 9U-U
846 2112 31 25 at
887 2109 17 29 1
940 2116 20 29 p
962 2114 33 20 er
1008 2100 77 43 yard
1107 2098 66 32 sold

637 2163 50 27 ;.afe
701 2154 196 42 Cooperative
912 2151 101 31 Stores
1025 2152 33 26 at
1068 2143 103 42 l/Svd-

866 2204 36 30 E.
917 2203 40 31 H.
969 2197 166 34 PARISH.

952 2252 75 31 East
1047 2247 127 34 Oxford.

656 2318 517 114 Fruit^fruit-

659 2458 111 78 Pears,
783 2453 190 38 Burgamots,
997 2446 61 31 and
1075 2444 98 37 Burg-

737 2495 113 34 ondies,
876 2490 111 41 Apples
1011 2488 49 30 for
1073 2484 101 38 eating

637 2549 2 17 :
658 2538 72 31 and-
746 2535 138 38 cooking,
924 2531 134 37 Oranges
1096 2526 80 29 froni

659 2579 100 30 Tahiti
788 2576 60 30 and
881 2571 130 41 Sydney,
1044 2566 130 32 Peaches

658 2622 80 28 from
766 2617 83 34 Oust,
868 2615 138 30 Lemons,
1026 2609 149 32 Bananas,

659 2660 176 33 Cocoamits,
845 2653 129 32 Biscuits
980 2650 120 33 Lollies,
1115 2646 60 31 and

659 2702 59 28 fine
729 2697 202 38 Champaigne
942 2697 32 26 at
986 2691 36 30 2d
1032 2700 54 30 per
1095 2689 80 38 glass

637 2735 3 9 '
660 2742 41 29 all
713 2744 33 25 to
758 2740 35 28 be
804 2741 53 36 got
871 2738 31 27 at
914 2735 50 28 the
975 2732 82 37 Shop
1066 2728 33 31 of

637 2776 3 32 !
714 2785 32 30 P.
771 2784 55 30 DE
842 2778 148 35 LOREE,
1005 2776 27 30 &
1047 2773 88 36 SON,

959 2819 76 29 East
1053 2812 123 33 Oxford.

750 2921 130 46 FOR
910 2915 175 48 SALE.

663 3026 82 59 ONE
762 3033 52 15 acre
825 3024 26 22 of
858 3022 69 24 Land
938 3021 46 24 and
994 3020 81 23 House
1086 3015 92 31 occupi-

732 3059 28 23 ed
770 3059 31 28 by
822 3056 41 23 Mr
873 3053 101 25 Edward
985 3051 112 27 Rossiter,
1113 3048 67 24 West

661 3091 96 27 Oxford,
770 3089 37 24 for
815 3092 71 20 terms
897 3086 46 23 ar.d
953 3083 139 33 particulars
1108 3080 70 32 apply

639 3116 3 33 !
756 3136 25 20 to
798 3129 128 27 JOSEPH
941 3125 154 28 WEEBER,

716 3168 127 18 .••■■■
1005 3164 61 23 East
1081 3161 97 25 Oxford.

742 3213 71 25 Title-
824 3211 70 25 Land
903 3208 111 25 Transfer
1025 3206 57 25 Act.

664 3286 162 81 iCOW,
847 3281 109 34 calved
956 3281 74 34 Dec.
1051 3281 47 34 27,
1120 3277 60 31 last

750 3327 101 40 Apply
865 3329 32 25 to

823 3376 92 30 Office
936 3373 31 30 of
987 3372 61 29 this
1069 3370 106 37 Paper.

662 3469 162 80 MOTICE
831 3469 59 39 any
890 3469 118 39 Person
1014 3478 33 19 or
1052 3466 127 31 Persons

743 3520 38 19 on
792 3509 64 30 foot
865 3519 33 19 or
908 3507 165 30 horseback
1082 3507 95 30 found

660 3551 186 38 trespassing
859 3559 34 20 or
903 3547 275 41 passing.through

660 3601 50 29 my
721 3591 74 30 farm
806 3590 95 34 lands,
920 3589 47 29 for
961 3608 5 17 ;
975 3599 63 29 any.
1049 3598 129 30 purpose

644 3654 2 9 ,
661 3631 150 31 whatever
825 3630 61 30 will
899 3631 37 29 be
950 3629 185 40 prosecuted.

834 3681 34 31 P.
889 3680 209 36 M'GRATH,

699 3748 2 3 .
917 3721 85 32 West
1013 3723 125 30 Oxford.

59 130 5 17 5

117 174 67 24 THE
204 174 142 24 HORSE'S
364 171 135 26 FBIEND.

55 233 88 21 'AGE'S
162 234 51 20 Nol
234 234 91 19 HOUSE
345 232 91 20 OlLS—
437 232 52 19 Sure
508 230 54 21 Cure

56 272 21 13 or
89 268 94 23 Hpruras,
211 266 87 20 Bruises
312 271 22 13 ot
353 263 115 26 {swellings
477 263 24 19 of
518 268 45 21 any

59 298 37 19 iivi
102 298 25 19 m
136 298 85 19 Horses'

54 350 85 21 ■'AGE*-
160 350 39 20 No.
210 352 12 17 2
230 348 97 21 TIOENK
346 347 89 22 OlLS—
435 347 54 19 Sure
508 346 54 20 Cure

52 388 25 14 <sr
87 383 27 18 Wo
117 388 35 14 res
160 388 29 14 on
200 381 57 21 Baok
266 387 25 13 or
297 379 117 20 Shoulders
424 384 25 13 or
458 384 44 19 any
507 378 56 19 kind

50 414 20 20 »f
79 414 24 19 B>
108 415 56 19 oken
174 413 102 20 Wounds.

49 466 134 22 KumUersof
198 465 145 21 testimonials
362 470 40 14 can
413 463 24 21 he
444 463 118 26 produced.

153 499 48 19 Sole
211 498 73 20 uiiJcer
292 497 44 20 and
345 496 125 26 proprietor.

89 532 24 18 F.
126 531 32 20 W.
168 530 79 22 PAGE,
258 529 109 26 Chertsey,
379 527 143 25 Ganterbvu-y.

48 567 84 25 &ge<*ts
149 567 35 19 Mr
193 566 56 23 Pwlo,
262 565 61 20 View
339 564 58 20 Hill.
425 562 35 20 Mr
467 562 91 27 J?isher,

45 599 63 19 West
115 597 91 20 Oxford.

145 686 121 40 Divine
299 684 159 39 Services.

190 759 97 24 Sunday
305 758 64 23 June
383 755 50 26 7th.

75 824 54 24 The
141 823 31 24 U.
186 823 32 24 M.
230 823 30 24 F.
271 821 103 28 Ghurch,
387 820 68 24 West
473 818 92 25 Oxford

41 881 36 5 —
78 868 38 23 11.
127 875 56 16 a.m.
192 867 51 23 Rev
259 865 24 24 J.
303 863 120 30 Banning,
447 861 98 31 Subject
554 868 6 16 :

72 910 50 23 The
134 908 143 25 Christian's
289 907 65 31 Duty
396 905 48 24 and
462 905 25 23 at
493 909 3 3 •
506 904 54 23 6.30

43 960 62 23 p.m.
119 951 99 32 Subject
231 959 7 15 :
239 964 32 4 —
297 949 52 24 The
362 947 66 24 Dead
450 948 49 23 who
522 953 39 17 are

77 1036 62 25 East
148 1035 91 25 Oxford
249 1035 117 30 2.45.p.m
387 1032 49 24 Rev
458 1031 23 24 J.
498 1030 62 24 Ben-

44 1080 70 30 ning,
135 1077 97 31 Subjeet
305 1077 51 23 The
374 1075 120 23 difference
524 1074 38 23 be-

44 1124 80 23 tween
137 1121 81 24 Saints
229 1121 47 23 and
445 1117 40 23 All
496 1117 66 24 Seats

47 1165 70 28 Free,
142 1164 48 25 and
216 1171 33 17 an
277 1161 70 33 equal
376 1161 125 24 Welcome
538 1161 26 23 to

46 1207 51 25 All.

45 1294 302 59 FIREWOOD

266 1366 299 61 FIREWOOD

46 1456 102 80 THE
168 1455 197 40 -undersigned
379 1455 73 38 begs
468 1458 31 24 to
513 1453 53 29 in-

130 1497 77 29 form
231 1497 46 29 his
305 1496 113 30 friends
433 1495 59 29 and
512 1495 52 28 the

45 1538 122 38 general
187 1538 111 38 public,
315 1536 67 30 that
398 1536 37 29 he
453 1537 24 27 is
492 1545 73 28 pre-

44 1578 94 40 pared
151 1581 32 25 to
200 1578 107 38 supply
335 1576 153 30 Firewood
500 1575 62 35 &c,

46 1623 34 26 at
89 1622 120 28 current
219 1623 87 25 rates.
338 1646 7 3 .

178 1663 38 30 H.
238 1662 190 35 HAWKER,

308 1704 75 29 East
402 1702 122 29 Oxford.

57 1818 78 56 1M
149 1815 391 59 POUNDED.

92 1913 249 32 IMPOUNDED
362 1917 31 26 at
402 1914 86 29 View
498 1914 65 29 Hill

49 1957 82 28 from
139 1956 49 28 Mr
198 1955 25 29 J.
240 1955 34 28 R.
287 1956 139 29 Gorton's
436 1955 127 39 Station,

50 1997 73 28 four
142 1996 95 38 Sbeep
261 2005 38 18 no
318 1995 111 29 brands
449 1994 113 31 visible.

53 2036 171 35 Earmarks,
249 2036 14 28 1
285 2034 162 31 Crossbred
463 2039 51 35 top
531 2035 32 28 of

52 2076 47 29 off
124 2086 49 20 ear
211 2077 90 28 notch
339 2079 54 25 out
421 2076 32 28 of
480 2076 83 29 front

52 2120 131 36 quarter.
226 2117 14 29 1
265 2115 115 31 Merino
401 2116 92 29 notch
510 2119 53 26 out

53 2159 32 28 of
101 2168 72 19 near
190 2168 59 19 ear.
291 2157 64 29 Ido
372 2160 120 36 quarter
511 2161 53 25 out

52 2199 32 28 of
94 2209 71 18 near
176 2209 58 18 ear.
278 2197 68 30 Ido
360 2197 57 30 Slit
436 2208 38 19 on
492 2207 72 20 near

52 2250 61 26 ear,
144 2238 67 30 fork
237 2248 39 19 on
303 2238 45 30 off
363 2248 58 20 ear.
462 2238 31 29 If
510 2241 54 26 not

52 2280 126 29 claimed
199 2280 59 29 and
279 2287 144 30 expenses
441 2279 68 39 paid
531 2283 33 25 to

51 2321 39 28 be
99 2321 64 28 sold
174 2328 39 21 on
223 2319 76 30 June
313 2320 73 29 13th
408 2324 30 25 at
460 2319 105 30 twelve

54 2360 113 29 o'clock
177 2371 86 18 noon.

128 2409 169 31 THOMAS
318 2408 170 36 GLEEVE,

304 2450 222 39 Poundkeeper.

55 2547 167 53 TjIOTICE.
233 2547 337 32 AIIPERSONSfound

56 2598 36 28 jj
137 2590 183 39 trespassing
341 2589 31 29 m
395 2591 118 37 pursuit
537 2591 32 29 of

54 2629 94 30 Game
157 2639 39 20 on
209 2630 131 30 Sections
351 2632 105 34 -16025,
470 2632 95 28 26026

54 2670 106 34 27590,
186 2671 105 34 27591,
306 2670 106 36 27589,
429 2671 26 29 &
470 2672 95 29 34549

54 2709 86 30 West
151 2710 124 36 Oxford,
287 2711 100 30 willbe
392 2710 177 40 prosecuted

54 2759 33 19 as
100 2750 51 29 the
165 2749 72 30 Law
251 2751 114 29 directs.

236 2801 93 31 R.F.
351 2802 176 30 THOMAS.

56 2907 168 59 WANTED
231 2908 32 32 by
273 2917 15 16 a
296 2909 117 24 YOUTH
419 2909 152 26 accustomed

143 2942 25 24 to
184 2942 73 24 Farm
278 2942 70 27 work,
360 2950 15 16 a
387 2942 114 26 situation
512 2951 33 17 on
556 2951 15 17 a

54 2973 73 25 Farm
139 2982 27 16 or
179 2975 95 24 Station
285 2976 71 30 apply
367 2978 26 21 to

231 3018 35 32 H.
285 3017 28 26 0.
331 3018 141 28 OLEEVE,

391 3061 67 25 View
475 3060 60 25 Hill.

54 3145 170 59 WANTED
242 3154 15 16 a
273 3146 70 24 Good
353 3146 103 25 General
468 3147 103 25 Servant

238 3179 76 32 Apply
331 3180 24 23 to

285 3212 56 24 MR.
358 3212 117 28 IVORY,

306 3244 129 25 Bennett's
451 3244 118 25 Junction

51 3329 151 44 MISS
223 3329 181 52 POLE,

101 3386 202 45 DRESS
315 3385 253 44 MAKER.

50 3483 98 78 AND
181 3483 127 33 .teacher
350 3483 32 30 of
416 3481 152 31 Scientific

129 3523 240 38 Dress-cutting,
398 3522 100 39 (Pupil
537 3523 32 28 of

49 3562 75 31 Miss
164 3564 138 38 Keating,
336 3561 228 39 Ghristchurch)

50 3603 108 30 Ladies
170 3604 131 30 Dresses/
306 3603 79 30 from
395 3601 47 37 5/-
450 3606 32 26 to
492 3601 74 39 10/-.

48 3641 126 33 Bodices
195 3648 52 26 cut
276 3644 64 30 and.
365 3643 87 30 fitted
482 3642 87 31 Price

50 3683 60 41 2/6.
117 3685 80 29 Next
205 3686 73 28 door
282 3688 33 25 to
320 3684 49 29 Mr
375 3684 194 30 Lewthwaite

217 3725 114 31 WEST
354 3724 175 31 OXFORD.
