2440 3810
86 168 30 21 To
129 168 34 21 the
179 168 82 21 Editor
274 168 30 26 of
318 168 35 22 the

78 209 51 27 -Sir,
130 223 32 4 —
163 208 37 30 By
212 210 42 23 the
274 210 110 28 courtesy
406 208 26 24 of
452 217 14 15 a
490 208 82 30 neigh-

48 247 49 27 bor,
109 247 14 24 I
134 255 47 16 was
192 247 95 25 favored
298 247 82 30 to-day
391 245 56 24 -with
459 246 42 24 the
520 253 54 23 per-

49 285 52 23 usal
113 285 26 24 of
148 293 60 22 your
220 285 48 23 last
279 284 72 24 issue.
385 284 13 22 I
416 283 156 30 experienced

50 322 74 24 much
135 321 160 32 pleasureand
306 320 145 25 satisfaction
461 320 24 24 m
494 320 76 24 learn-

49 360 43 31 ing
104 360 54 23 how
169 367 59 23 your
239 358 95 24 various
342 358 77 27 public
426 357 146 24 institutions

51 407 51 19 e.g.,
114 397 68 24 Eoad
205 396 87 28 Board*
317 395 86 26 School
427 395 145 24 Committee

52 436 39 23 &o.
104 443 38 16 are
160 435 160 29 progressing,
344 433 47 23 and
414 432 42 24 the
478 432 95 25 va:iou3

52 474 106 29 changes
167 473 22 22 m
203 473 63 23 their
287 472 122 30 personnel
426 471 48 23 and
497 478 75 16 oram-

53 515 185 25 atists'prrsnncr,
252 509 47 24 and
312 508 86 25 should
414 508 62 24 have
497 508 77 24 restart

52 549 27 23 m
101 549 164 22 contentment
287 546 48 24 and
358 546 106 24 satisfied
487 545 87 24 vsilence

52 586 45 23 but
119 586 36 23 for
177 586 40 23 the
240 592 45 17 one
333 584 75 23 vexed

54 622 76 25 which
145 631 75 15 seems
232 624 25 22 at
268 623 94 30 prosent
374 623 25 22 to
411 621 27 23 be
451 629 14 15 a
477 622 59 22 hone
551 621 26 23 of

54 661 138 24 contention
203 661 23 22 in
231 679 8 7 r
240 667 56 23 yonr
318 659 82 23 midst.
434 659 13 23 I
469 658 60 24 refer
551 659 25 23 to

54 699 43 23 the
144 697 139 29 Mechanic?
306 696 130 29 Institute,'
440 698 5 9 1
469 695 108 31 together

54 736 57 24 with
125 736 40 23 the
176 734 73 24 books
262 734 128 30 belonging
412 734 99 25 thereto,
535 732 42 24 the

54 772 97 32 general
163 772 133 30 stagnation
309 772 52 23 into
383 770 74 24 which
480 770 40 24 the
543 770 35 24 af-

55 811 45 23 fair
111 811 44 23 hn.«
165 810 80 26 fallen,
256 809 47 24 and
321 809 63 23 what
405 808 49 24 had
477 809 52 22 best
550 808 27 23 be

55 849 62 24 done
129 849 25 23 m
167 848 66 24 order
244 849 24 22 to
278 847 70 30 bring
359 847 72 24 about
442 855 13 14 a
468 854 63 16 more
539 845 39 24 de-

56 885 87 24 sirable
156 887 59 22 state
226 885 26 24 of
266 884 85 24 affairs.

89 923 66 23 Now.
170 922 46 28 Sir,
228 922 14 23 I
252 921 92 24 believe
355 920 13 24 I
391 920 59 24 need
473 920 104 29 scarcely

55 960 95 24 remind
162 967 46 23 you
219 960 54 23 that
285 966 26 16 so
322 957 37 24 far
370 965 26 17 as
408 957 42 24 the
461 956 74 25 books
553 957 24 24 m

57 1006 59 24 your
136 996 100 32 Library
255 1004 39 17 are
316 995 141 28 concerned,
489 994 89 25 Oxford

57 1043 45 16 can
114 1035 58 24 hold
184 1043 32 22 up
227 1035 44 22 her
292 1033 61 24 head
376 1034 43 23 not
441 1032 58 32 only
520 1033 57 23 with

57 1080 48 23 any
127 1073 118 29 township
267 1071 23 23 of
309 1070 44 24 her
374 1070 56 27 size,
454 1069 42 25 but
518 1070 60 24 with

57 1118 74 22 many
153 1110 78 24 others
254 1109 80 30 laying
355 1107 68 24 claim
447 1108 26 23 to
506 1108 72 23 much

57 1148 93 31 greater
173 1145 154 32 pretansions.
362 1143 75 33 Loyal
456 1144 47 25 and
525 1145 54 24 true

57 1186 81 23 hearts
149 1185 61 22 have
221 1183 94 24 worked
337 1183 59 23 with
419 1182 87 23 honest
529 1181 51 24 zeal

59 1223 46 23 and
118 1221 66 31 pride
203 1221 26 24 m
252 1220 42 27 the
299 1219 6 8 r
308 1243 4 6 :
316 1219 127 24 selections
466 1218 26 24 of
511 1218 70 24 those

58 1259 83 29 books;
151 1259 70 24 those
233 1257 101 25 workers
342 1256 61 25 have
410 1256 73 31 freely
491 1256 91 24 burned

59 1297 42 25 the
113 1296 116 31 midnight
240 1295 29 24 oil
282 1294 26 24 m
320 1294 69 25 order
400 1294 53 24 that
461 1293 62 25 their
530 1302 52 16 own

59 1336 48 23 and
115 1336 78 23 future
204 1333 151 31 generations
367 1332 83 24 should
461 1331 30 25 be
510 1331 72 25 bene-

58 1372 71 24 fitted
139 1372 31 30 by
183 1372 61 23 their
255 1371 67 23 labor
332 1370 25 23 of
376 1369 60 24 love.

92 1409 63 24 That
166 1409 42 24 the
219 1407 113 26 financial
351 1406 121 25 condition
495 1405 26 25 of
540 1406 42 25 the

57 1447 99 31 Library
168 1447 20 23 is
207 1447 23 23 m
254 1454 14 16 a
291 1445 111 24 dormant
421 1452 26 16 or
470 1446 113 29 stagnant

42 1496 3 3 •
59 1487 70 26 state,
150 1492 57 23 goes
230 1484 102 24 without
356 1482 92 31 saying,
472 1482 45 24 and
541 1482 42 24 the

57 1523 109 32 question
193 1522 120 26 becomes,
343 1520 75 24 What
454 1519 61 25 shall
553 1519 30 25 be

57 1560 61 24 done
129 1560 32 31 by
172 1568 60 22 way-
243 1559 24 24 of
273 1578 5 6 ,
288 1557 99 31 remedy
395 1559 12 22 ?
441 1557 32 24 As
496 1566 13 15 a
532 1557 50 24 sin-

57 1605 52 16 cere
120 1597 52 24 well
183 1597 88 22 wisher
290 1596 25 23 of
320 1615 2 3 .
337 1602 59 24 your
419 1595 128 30 township,
570 1595 13 24 I

57 1635 78 24 would
148 1637 98 21 venture
256 1636 24 22 to
290 1638 97 23 suggest
398 1633 52 23 that
459 1633 124 24 inasmuch

57 1680 28 16 as
94 1680 47 23 you
149 1680 55 16 now
222 1673 58 23 have
569 1679 14 15 a

60 1710 63 24 boon
131 1709 48 24 and
190 1709 75 23 credit
277 1710 25 22 to
314 1708 42 24 the
367 1707 75 31 place,
461 1706 55 31 why
539 1710 41 22 not

59 1748 54 23 sink
126 1747 53 24 that
191 1743 127 27 miserable
357 1745 61 24 East
430 1745 48 23 and

58 1792 122 17 nonsense
192 1785 67 29 (only
269 1783 93 30 worthy
367 1783 25 24 of
395 1783 105 24 children
506 1783 24 23 m
545 1783 39 24 the

41 1840 6 9 ,
59 1822 109 30 ntfrjtery)
178 1821 48 23 and
235 1820 64 25 work
311 1820 106 31 together
426 1819 47 25 like
483 1828 57 16 men
550 1821 35 23 for

59 1859 42 24 the
123 1866 112 18 common
250 1858 76 31 'good,
350 1857 47 24 and
419 1865 94 17 remove
524 1865 60 24 your

58 1896 83 28 books,
154 1896 48 24 and
212 1896 19 23 if
243 1895 104 30 possible
359 1902 60 23 your
429 1894 109 32 building
559 1897 26 23 to

59 1934 41 24 the
109 1933 70 27 Park,
193 1934 47 23 and
252 1933 95 24 become
359 1940 32 16 an
418 1932 85 25 united
518 1940 65 17 com-

58 1972 97 30 munity
166 1971 84 30 dispite
270 1970 41 24 the
334 1969 65 31 tepid
417 1969 114 31 croaking
553 1970 28 25 of

58 2007 238 29 weik-taa-drinking
339 2006 107 31 inspired
501 2007 82 31 gospel

59 2045 111 31 grinding
192 2044 127 24 dissenters
341 2044 55 24 who
418 2043 89 32 always
536 2044 48 24 will

59 2085 80 24 throw
150 2084 53 24 cold
214 2085 74 23 water
299 2091 31 16 on
342 2082 141 32 everything
494 2084 26 23 m
543 2084 50 24 the*

61 2122 75 31 shape
148 2122 34 24 .of
192 2139 4 4 •
203 2121 93 24 human
318 2120 115 25 kindness
454 2120 21 25 if
490 2121 20 24 it
525 2136 4 5 •
532 2129 54 17 soar

61 2160 74 24 above
146 2159 43 25 the
201 2167 69 23 scope
282 2159 26 24 of
316 2158 62 24 their
396 2166 93 16 narrow
509 2158 77 27 intel-r

59 2197 50 24 lect
120 2205 28 16 or
158 2196 43 24 fail
210 2199 25 20 to
247 2195 93 24 further
350 2195 43 24 the
410 2195 58 24 ends
480 2195 26 25 of
522 2195 62 25 their

62 2235 69 30 petty
143 2233 88 25 creels.
499 2256 5 4 ,

239 2271 87 28 Yours,
361 2271 49 28 &c,

209 2305 59 28 '"A
280 2309 119 24 Rustical

105 2442 119 24 Funeral
264 2442 106 24 Sermon.
373 2457 31 3 —
406 2442 38 25 On
484 2443 95 31 Sunday

61 2484 103 31 evening
176 2486 57 22 next
243 2484 43 24 the
298 2484 50 24 Rev
359 2484 24 24 J.
396 2485 113 31 Benning
536 2486 43 24 will

59 2527 89 31 preach
157 2526 43 25 the
211 2526 105 25 Funeral
330 2526 103 26 Sermon
444 2528 26 23 of
477 2528 42 24 the
529 2528 50 24 late

62 2569 60 24 Miss
134 2570 34 23 M.
189 2570 30 23 E.
243 2569 87 28 Booth,
353 2570 27 23 m
397 2569 41 25 the
461 2570 31 24 U.
506 2570 33 24 M.
552 2570 27 26 F.

61 2611 106 29 Church,
181 2611 68 26 West
258 2611 100 25 Oxford.

93 2654 72 24 Band
176 2663 28 15 of
216 2655 78 24 Hope.
296 2669 33 4 —
330 2655 35 24 On
378 2655 89 31 Friday
478 2657 101 31 evening

59 2699 61 22 next
130 2697 66 24 Juno,
209 2697 58 25 19th
278 2697 42 24 the
331 2697 62 24 East
405 2697 91 25 Oxford
506 2698 73 25 Band

59 2738 26 25 of
96 2737 69 33 Hope
177 2738 46 25 will
232 2739 58 24 hold
310 2739 62 24 their
394 2739 69 26 usual
475 2740 104 32 meeting

57 2781 29 24 m
103 2795 3 12 ;
107 2780 42 26 tli3
177 2781 131 25 Methodist
330 2780 98 26 Church
450 2783 25 24 at
491 2783 17 25 7
518 2790 61 23 p.m.

48 2834 5 13 ;
60 2824 106 28 feather
176 2825 148 30 permitting.
392 2829 76 18 -.,u*

90 2876 66 24 East
169 2877 97 24 Oxford
290 2877 107 25 School.
399 2892 32 3 —
431 2877 103 25 Parents
557 2879 22 24 of

59 2918 113 27 Children
184 2919 125 32 attending
320 2920 50 25 this
384 2919 89 26 School
493 2928 41 18 are
544 2929 35 17 re-

59 2962 96 25 minded
166 2964 53 24 that
241 2963 41 25 the
306 2963 88 26 School
416 2972 113 23 re-opens
551 2972 28 17 on

61 3005 104 31 Monday
180 3007 62 24 next.

89 3057 113 26 Concert
218 3067 29 16 at
270 3059 136 25 Carleton.
408 3072 33 6 —
442 3059 50 24 The
513 3060 65 30 post-

52 3100 80 32 poned
151 3101 74 25 Brass
238 3102 70 24 Band
330 3101 102 25 Concert
454 3102 47 24 will
522 3102 56 24 take

54 3143 68 32 place
133 3151 32 17 on
176 3144 42 24 the
231 3145 56 23 13th
299 3144 58 25 inst.

88 3187 88 24 Divine
206 3187 111 25 Service.
321 3201 31 5 —
353 3187 52 25 The
437 3187 51 25 Rev
511 3186 23 25 J.
551 3186 26 25 J.

56 3229 111 33 Pendray
178 3230 50 25 will
249 3231 87 31 preach
358 3231 26 24 m
395 3231 42 24 the
459 3230 119 25 Institute

53 3273 68 29 Hall,
134 3273 117 30 Carleton,
275 3281 32 18 on
337 3273 100 33 Sunday
469 3274 60 25 next
551 3274 26 24 at

53 3318 14 22 6
81 3318 30 23 30
126 3325 58 23 p.m.

86 3370 170 26 Magistrates
263 3370 80 26 Court
352 3379 39 17 :—
393 3371 109 32 (Before
510 3371 67 27 Wil-

53 3420 43 16 son
116 3413 93 25 Fisher
230 3422 46 16 and
298 3413 65 25 John
382 3413 95 25 Ingram
496 3413 81 28 Esqrs

50 3455 73 25 J.P's.
158 3455 96 26 Breach
285 3455 28 26 of
355 3455 136 26 Education
521 3456 55 25 Act.

50 3498 89 25 James
150 3499 86 25 Clarke
243 3506 46 18 was
297 3498 105 31 charged
410 3499 30 31 by
447 3499 42 25 the
497 3499 80 25 chair-

50 3548 58 16 man
116 3540 27 25 of
149 3541 40 24 the
196 3541 70 24 View
275 3540 53 25 Hill
337 3540 87 24 School
436 3540 140 25 Committee

49 3582 27 24 m
89 3582 102 32 keeping
200 3582 40 25 his
248 3581 72 31 child,
328 3582 81 25 whose
418 3589 44 25 age
470 3583 22 24 is
501 3583 76 25 under

50 3626 30 22 18
85 3643 5 10 ,
97 3625 63 25 from
167 3626 126 31 attending
303 3625 97 25 School.
434 3624 50 26 The
489 3626 87 31 charge

50 3676 49 16 was
110 3669 117 26 admitted
238 3669 48 26 and
297 3669 70 25 order
378 3675 50 19 was
439 3667 71 26 made
521 3668 53 26 that

111 3712 66 24 child
198 3713 87 25 should
305 3711 29 25 bo
357 3713 53 24 sent
431 3710 97 32 regular
550 3713 26 24 to

659 177 88 24 school.
782 178 71 23 Civil
865 179 71 28 Cask,
938 193 33 4 —
971 180 33 24 M.
1016 181 29 23 A.
1068 181 108 25 Eossiter

654 227 76 16 rersns
743 219 88 26 Smith.
867 221 76 24 Claim
956 221 32 25 £1
1003 223 50 32 16/-
1065 224 37 24 for
1120 227 55 23 rent

654 262 146 31 Judgement
811 264 36 24 for
857 264 116 26 Plaintiff.

678 427 282 32 MOTHERS'
995 429 155 33 PAGE.

679 493 111 20 EDITED
804 494 41 20 BY
863 494 167 22 "MOTHERS'

679 545 48 21 The
737 546 62 26 Lady
809 546 78 21 Editor
896 548 71 20 would
975 549 45 19 like
1030 550 21 20 to
1060 550 27 21 be
1096 556 14 15 a
1122 551 52 27 help

652 578 22 19 to
683 577 39 21 the
732 579 98 20 mothers
839 579 45 20 and
900 580 118 26 daughters
1035 581 23 21 of
1075 582 39 21 the
1132 583 44 22 dis-

652 610 59 24 trict,
723 610 42 20 but
775 617 59 14 more
844 612 117 25 especially
979 614 23 19 to
1019 613 39 20 the
1071 615 101 27 mothers,

652 641 45 20 and
703 642 81 24 invites
790 642 61 20 them
857 643 23 19 to
887 643 63 20 write
956 643 23 20 to
983 643 40 21 her
1028 645 35 20 for
1066 647 109 27 anything

655 673 51 26 they
715 680 50 19 may
776 674 50 20 wish
837 675 24 19 to
871 674 67 21 know.
967 676 43 20 She
1019 676 46 21 will
1070 677 106 22 endeavor

656 706 22 19 to
693 705 50 25 give
760 705 59 20 them
839 706 39 20 the
896 707 48 19 best
962 713 96 16 answers
1075 709 24 20 to
1116 709 60 21 their

653 737 118 24 questions,
775 737 58 25 Jand,
845 737 21 19 m
879 739 81 23 return,
971 739 73 20 would
1052 740 28 21 be
1089 741 53 25 glad
1152 742 23 20 to

654 767 83 21 rewire
747 774 44 19 an}'
805 769 145 25 suggestions,
969 770 56 26 good
1040 772 84 26 recipes
1141 773 35 21 for

654 799 97 27 cookery,
770 800 142 26 needlework,
934 807 24 14 or
977 802 121 26 otherwise,
1125 805 51 21 thut

653 830 53 27 they
715 831 66 20 think
791 832 46 20 will
845 831 28 22 be
886 832 50 22 usef
938 832 22 22 al
977 835 25 19 to
1016 834 60 22 their
1092 835 84 22 friends

654 863 44 20 and
708 863 118 23 neighbors.
857 864 37 20 All
903 866 182 26 correspondence
1103 868 24 20 to
1149 869 27 21 be

652 894 117 21 .-vMre-woil
778 896 24 19 to
821 897 5 8 '
837 896 106 20 iMofchor'a
961 897 70 26 Help,
1056 899 6 9 •
1070 899 106 22 Observer

656 925 70 25 Office,
737 927 54 19 East

764 1006 145 21 DOMESTIC
918 1007 144 24 ECONOMY.

689 1036 34 26 To
732 1038 54 24 take
793 1045 69 25 greas
869 1043 42 19 out
919 1038 27 25 of
953 1042 133 29 carpets.—
1088 1041 88 27 Grease

656 1076 45 18 can
712 1070 28 24 be
753 1070 70 24 taken
835 1073 42 21 out
889 1072 25 23 of
924 1074 94 28 carpets
1029 1073 60 25 with
1099 1083 14 15 a
1131 1075 44 25 hot

655 1102 53 24 iron
720 1102 49 25 laid
780 1111 30 16 on
824 1110 66 17 some
902 1103 81 24 brown
996 1112 81 23 paper.

689 1134 35 25 To
746 1134 91 26 recolor
866 1134 80 26 brown
976 1136 106 27 Holland
1091 1153 32 5 —
1124 1139 52 26 The

656 1167 174 24 old-iashioned
850 1175 51 23 way
923 1171 24 21 to
976 1170 89 25 reuolor
1097 1171 78 26 brown

657 1198 98 26 holland
764 1200 60 24 after
835 1200 109 31 washing
955 1201 28 29 it,
1005 1209 50 18 was
1078 1205 25 23 to
1126 1204 48 26 boil

656 1232 20 24 it
687 1232 24 24 m
725 1240 66 16 some
802 1233 69 24 clean
889 1233 57 31 hay,
969 1234 59 25 with
1046 1236 83 32 plenty
1152 1238 25 25 of

657 1266 82 27 water,
750 1264 45 25 but
804 1268 25 21 at
839 1268 97 28 present
947 1274 75 24 many
1032 1269 81 31 people
1133 1278 42 17 use

658 1299 102 23 annatto
771 1298 55 29 viz.,
839 1305 46 17 one
896 1306 75 18 ounce
983 1300 26 24 of
1028 1303 101 24 annatto
1150 1305 26 23 to

658 1329 67 25 three
736 1332 84 29 quarts
832 1330 27 24 hf
870 1333 78 26 water,
958 1332 48 24 and
1018 1335 47 22 two
1087 1342 88 18 ounces

658 1361 27 25 of
693 1362 95 30 potash.
823 1362 51 25 Stir
885 1371 40 21 up,
937 1364 48 24 and
1004 1365 50 24 mix
1076 1365 36 26 for
1133 1368 44 24 five

658 1394 113 25 minutes.
781 1397 3 5 '
805 1395 68 24 Then
883 1397 44 29 put
938 1396 24 23 m
975 1397 40 24 the
1026 1397 76 30 linen,
1127 1400 47 25 and

658 1427 139 25 afterwards
809 1428 40 31 dip
860 1428 26 24 m
908 1428 54 24 cold
983 1431 83 28 water,
1089 1432 47 24 and
1157 1433 20 24 if

658 1461 42 23 not
711 1459 60 25 dark
788 1460 94 31 enough
903 1463 45 29 put
969 1461 104 33 through
1096 1465 79 31 again,

657 1491 73 32 being
740 1492 90 26 careful
842 1494 24 24 to
877 1494 65 24 rinse
964 1494 148 28 afterwards.

808 1579 208 21 HOUSEKEEPER.

691 1615 75 25 Game
777 1616 235 31 Pier^Hay&jeady
1023 1626 14 16 a
1048 1618 128 28 forcemeat

657 1649 71 24 made
739 1656 28 17 as
774 1648 93 25 follows
877 1656 38 16 :t—
917 1648 68 32 Chop
997 1650 69 31 equal
1083 1654 93 30 quanti-

658 1681 46 24 ties
715 1682 26 23 of
750 1681 52 24 veal
813 1680 48 25 and
871 1680 35 25 fat
918 1680 82 30 bacon,
1012 1683 55 24 with
1077 1692 14 16 a
1113 1684 64 26 little

659 1713 53 24 lean
724 1713 66 28 ham,
802 1713 47 25 and
867 1720 84 18 season
972 1714 20 25 it
1011 1714 85 34 highly
1117 1717 59 26 with

659 1754 92 23 pepper,
764 1746 53 28 salt,
830 1745 48 25 and
901 1746 72 31 spice.
1006 1746 62 26 Line
1090 1757 15 17 a
1127 1751 49 30 pie-

661 1778 54 25 dish
729 1778 57 25 with
805 1786 14 17 a
830 1778 66 31 layer
906 1783 25 21 ol
945 1779 52 25 veal
1019 1779 84 34 highly
1125 1791 53 17 sea-

660 1811 73 24 soned
744 1811 58 24 with
811 1818 96 24 pepper,
919 1811 55 28 salt,
986 1812 49 24 and
1046 1814 72 30 spice,
1131 1816 46 24 and

659 1840 79 35 pieces
750 1843 26 24 of
784 1843 75 24 bacon
870 1851 28 16 or
908 1842 64 26 ham.
1007 1844 38 25 On
1068 1846 49 25 this
1139 1847 40 33 lay

660 1876 42 25 the
713 1884 77 22 game,
802 1875 77 25 either
889 1876 76 25 whole
976 1885 28 16 or
1014 1877 24 24 m
1047 1878 84 30 joints,
1152 1889 26 16 as

661 1917 45 22 you
718 1908 93 28 choose,
823 1908 47 24 and
881 1908 37 24 fill
929 1916 33 23 up
969 1909 59 25 with
1051 1911 127 27 forcemeat

661 1941 56 28 and,
729 1941 21 23 if
757 1948 134 24 necessary,
901 1949 15 16 a
922 1940 63 25 little
993 1950 68 17 more
1070 1944 53 24 veal
1131 1946 47 24 and

661 1974 57 23 ham
728 1974 27 23 m
776 1973 86 30 pieces.
896 1973 75 25 Cover
993 1974 57 25 with
1072 1984 15 17 a
1115 1974 68 34 good'

661 2007 64 22 crust
736 2005 48 24 and
790 2005 67 24 bake.

792 2079 249 27 NEEDLEWORK.

692 2123 87 33 Baby's
790 2123 95 26 knitted
896 2124 119 26 Petticoat
1025 2125 60 26 with
1092 2126 86 27 Bodice

659 2170 33 5 —
692 2157 24 24 It
727 2157 21 24 is
759 2157 152 24 commenced
928 2156 62 26 from
1013 2157 43 26 the
1077 2159 101 30 bottom,

661 2189 48 24 and
720 2189 68 24 made
798 2189 28 24 m
836 2190 45 23 two
902 2190 85 30 pieces,
1010 2190 48 25 and
1078 2191 46 26 has
1147 2200 31 18 an

661 2221 137 31 oper-work
818 2222 99 31 pointed
932 2222 66 31 edge,
1020 2223 57 25 with
1109 2225 69 25 tuoks

661 2255 26 24 m
696 2262 15 17 a
722 2255 72 24 color.
828 2254 14 24 I
852 2254 63 25 have
927 2254 175 37 alwayj|io.und
1124 2257 54 27 that

661 2288 56 29 they
727 2286 45 25 sell
795 2295 54 22 very
870 2287 54 25 well
941 2289 26 23 at
989 2289 105 37 bazaars.
1127 2290 51 26 One

660 2319 52 32 pair
722 2319 27 25 of
757 2319 55 31 pins
822 2319 46 25 No.
881 2321 22 27 8,
915 2319 42 33 £lb
976 2320 75 26 white
1073 2321 105 27 German

661 2352 127 31 fingering,
800 2352 45 24 loz
856 2353 63 23 coral
929 2360 28 17 or
968 2352 64 27 blue,
1065 2354 59 25 Cast
1146 2363 32 18 on

661 2385 26 24 m
708 2384 42 25 the
769 2384 71 29 color,
864 2385 46 23 112
932 2385 108 25 stitches.
1075 2388 13 23 1
1111 2387 67 31 plain

662 2424 55 21 row,
731 2418 12 22 1
753 2417 55 31 purl
819 2424 56 19 row,
885 2418 12 22 1
906 2417 66 31 plain
979 2425 58 17 row.
1070 2418 29 25 In
1106 2420 72 25 white

663 2449 76 24 *knit
757 2450 21 27 1,
791 2449 54 24 knit
851 2450 118 31 together,
993 2450 54 24 knit
1071 2453 21 27 8,
1117 2453 61 24 wool

661 2481 108 28 forward,
781 2481 53 25 knit
846 2483 22 29 1,
880 2481 58 25 wool
949 2482 107 30 forward,
1080 2484 51 25 knit
1152 2486 25 28 8,

661 2514 46 31 slip
720 2516 22 26 1,
755 2512 59 30 knit,
826 2522 56 23 pass
893 2515 40 23 the
951 2515 46 31 slip
1020 2516 74 26 stitoh
1115 2525 62 21 over,

661 2549 85 28 repeat,
764 2546 14 16 *
785 2547 55 30 purl
852 2546 77 29 -Jbaok.
963 2547 90 32 Kepeat
1072 2549 68 25 these
1163 2551 15 24 2

661 2587 63 17 rows
734 2580 16 23 4
761 2579 80 25 times.
875 2580 78 28 Then,
965 2580 27 24 m
1004 2581 69 29 color,
1086 2581 54 25 knit
1163 2584 15 22 2

661 2611 67 32 plain
738 2619 70 20 rows,
821 2613 13 23 1
844 2611 62 31 purl,
918 2613 14 23 1
950 2612 75 32 plain.
1059 2614 119 26 Continue

661 2645 40 24 the
712 2644 71 31 fancy
799 2646 97 29 pattern
917 2645 24 24 m
964 2646 80 28 white,
1067 2647 48 24 and
1136 2648 42 24 the

660 2677 59 31 pink
730 2677 70 23 tucks
811 2676 38 25 till
861 2678 66 24 there
934 2684 40 18 are
986 2679 14 22 3
1012 2678 27 25 of
1047 2679 42 25 the
1096 2679 80 26 latter.

661 2709 69 24 Then
743 2709 52 24 knit
805 2709 26 23 m
840 2704 80 31 whftfe,
932 2709 34 30 m,
969 2710 43 24 the
1023 2710 70 32 fancy
1104 2712 73 25 stitoh

660 2740 39 26 till
710 2740 67 26 there
788 2749 40 16 are
841 2742 30 23 10
883 2741 27 24 of
913 2741 43 25 the
962 2749 72 23 open-
1036 2744 63 24 work
1106 2751 69 22 rows,

659 2773 138 32 decreasing
807 2773 31 32 by
846 2773 97 31 putting
951 2774 15 24 2
974 2774 67 31 plain
1049 2775 129 27 stitchesin

659 2807 42 24 the
705 2806 73 30 fancy
784 2807 95 29 pattern
886 2813 60 16 were
954 2806 41 24 the
1004 2808 14 22 3
1025 2815 60 17 were
1094 2815 7 22 ;
1117 2808 61 26 then

660 2838 107 25 decrease
778 2838 57 24 here
847 2838 48 24 and
906 2838 66 24 there
983 2838 37 26 till
1029 2839 40 25 the
1077 2840 101 26 stitohes

661 2879 39 16 are
710 2871 101 24 reduced
819 2872 24 23 to
856 2872 38 23 56.
927 2871 60 24 This
995 2872 132 31 completes
1135 2874 43 24 the

661 2904 60 24 skirt
731 2904 63 31 part.
828 2903 67 25 Then
903 2903 37 25 rib
948 2903 42 25 the
998 2905 30 23 56
1038 2905 105 26 stitohes.
1161 2908 16 24 4

659 2937 71 32 plain,
742 2938 15 22 4
769 2936 61 32 purl,
842 2936 37 25 for
891 2938 29 23 56
932 2944 68 22 rows,
1012 2937 37 25 for
1061 2938 40 25 the
1108 2939 67 29 body,

659 2971 52 23 cast
716 2970 38 24 off.
788 2969 71 25 Make
866 2969 102 25 another
971 2970 66 30 piece
1041 2971 25 25 of
1071 2971 107 33 knitting

657 3002 53 31 just
720 3001 42 24 the
774 3010 73 21 same,
859 3001 58 32 only
924 3001 90 32 adding
1023 3012 14 14 a
1055 3005 65 29 strap
1141 3005 37 26 for;

660 3034 43 25 the
714 3033 112 25 shoulder
837 3035 26 22 at
875 3034 42 25 the
929 3033 132 33 beginning
1072 3036 47 24 and
1131 3037 46 24 end

660 3066 27 25 of
695 3066 42 24 the
755 3067 31 23 56
809 3066 106 29 stitohes,
939 3067 30 23 12
991 3067 98 25 stitches
1108 3068 69 30 wide,

660 3099 48 24 and
729 3104 36 19 lor
784 3100 88 29 twenty
890 3106 69 17 rows.
993 3099 58 25 Cast
1072 3100 34 25 off
1137 3102 41 24 the

660 3131 90 25 middle
759 3131 108 27 stitches,
877 3138 47 17 sew
935 3139 32 22 up
979 3132 58 24 thhe
1049 3133 69 28 sides,
1131 3134 47 24 and

655 3163 55 33 join
720 3163 41 25 the
772 3163 58 24 ends
840 3163 27 24 of
877 3163 42 24 the
941 3165 78 29 straps
1041 3172 32 17 on
1091 3165 26 25 to
1135 3166 43 25 the

659 3198 41 29 top
711 3196 27 25 of
746 3195 42 25 the
800 3196 70 24 other
880 3195 73 31 piece.
989 3196 86 24 Finish
1087 3198 58 24 with
1162 3206 16 17 a

659 3229 97 26 crochet
767 3228 87 31 edging
865 3228 37 25 for
912 3229 40 24 the
963 3229 62 24 neck
1036 3229 49 25 and
1103 3238 74 22 arms,

659 3270 46 17 run
716 3262 26 24 m
755 3270 15 16 a
788 3261 86 31 string.

852 3346 135 20 EXTRACT.

681 3384 79 24 Don't
771 3391 62 17 have
844 3391 15 16 a
871 3382 79 26 Scold
960 3391 26 16 m
998 3391 47 16 the
1056 3382 95 26 Houbb.

689 3448 24 25 It
724 3449 21 24 is
772 3456 16 17 a
815 3449 68 31 great
911 3447 140 25 misfortune
1078 3450 26 23 to
1115 3448 61 25 have

657 3481 107 26 children
779 3481 83 25 reared
884 3481 26 24 m
932 3480 40 25 the
993 3488 112 24 presence
1128 3481 48 25 and

657 3515 77 24 under
743 3515 43 24 the
802 3514 121 24 influence
945 3513 27 24 of
992 3521 13 16 a
1016 3513 73 24 scold.
1124 3514 51 25 The

657 3547 82 24 effects
750 3546 26 24 of
790 3546 41 24 the
852 3545 141 31 everlasting
1014 3544 162 33 complaining

657 3578 48 25 and
716 3577 167 31 fault-finding
893 3577 27 25 of
925 3577 61 24 such
997 3584 99 24 persons
1117 3577 22 25 is
1151 3579 25 24 to

656 3611 71 25 make
736 3611 42 25 the
785 3619 81 23 young
873 3610 55 25 who
937 3610 58 24 hear
1002 3610 19 25 it
1030 3610 144 30 unamiable,

656 3644 131 29 malicious,
811 3643 208 28 callous-hearted,
1042 3643 48 25 and
1117 3643 59 33 they

656 3676 66 25 often
733 3677 69 25 learn
821 3678 25 24 to
868 3676 56 25 take
942 3676 107 31 pleasure
1066 3677 27 24 m
1103 3676 73 33 doing

657 3710 41 24 the
709 3718 56 23 very
776 3709 71 32 thing
868 3714 37 20 lor
915 3708 80 27 which
1016 3709 58 32 they
1084 3709 92 27 receive

1259 174 60 24 such
1330 178 202 33 tongue-lashing.
1566 184 38 23 As
1615 185 55 27 they
1681 196 38 16 are
1741 186 34 26 al-

1260 214 64 23 ways
1334 209 94 32 getting
1439 210 40 26 tbe
1491 212 75 28 blame
1576 215 28 26 of
1611 216 72 33 doing
1693 228 83 21 wrong

1259 239 58 32 they
1327 241 70 25 think
1409 243 55 31 they
1475 246 79 31 might
1565 256 27 18 as
1606 251 170 31 welldowrong

1259 279 28 16 as
1298 274 73 30 right.
1406 275 65 33 They
1490 278 48 26 lose
1560 281 30 24 all
1613 283 117 26 ambition
1748 288 26 22 to

1261 309 73 20 strive
1355 306 37 24 for
1417 308 40 24 the
1484 312 62 29 good
1568 314 98 31 opinion
1687 318 28 24 of
1733 318 41 24 the

1260 341 157 27 tault-finder,
1430 348 63 19 since
1504 344 58 33 they
1573 354 38 17 see
1623 348 54 31 they
1687 349 89 30 always

1260 370 72 25 strive
1343 371 26 24 m
1391 374 61 24 vain.
1487 376 75 30 Thus,
1574 386 15 17 a
1611 382 65 24 scold
1696 382 22 25 is
1735 383 41 24 not

1259 403 57 30 only
1337 410 15 18 a
1374 406 123 30 nuisance,
1522 409 42 27 but
1586 420 14 16 a
1621 412 122 33 destroyer
1753 414 24 25 of

1261 434 40 24 the
1313 437 87 24 morals
1418 438 26 24 of
1462 441 112 27 clildren.
1608 444 25 24 If
1653 447 67 25 these
1731 455 45 18 un-

1259 468 75 28 loved,
1355 469 101 26 dreaded
1478 475 82 30 people
1581 478 70 24 could
1672 480 57 31 only
1738 488 38 16 see

1260 502 143 25 themselves
1425 511 26 17 as
1472 506 81 26 others
1576 516 38 17 see
1636 511 68 25 them
1721 513 55 31 they

1260 534 78 22 would
1349 534 46 25 flee
1412 537 25 23 to
1459 537 41 25 the
1523 542 138 25 mountains
1683 544 27 24 m
1721 553 55 21 very

1259 564 90 30 shame,
1369 574 28 17 or
1412 571 40 28 get
1475 571 37 25 rid
1533 572 25 24 of
1580 574 62 24 their
1664 576 112 26 offensive

1259 596 75 26 habit.

543 50 167 33 OXFORD
752 52 88 31 AND
883 54 103 31 OUST
1030 54 223 32 OBSERVER
1297 55 229 44 SATURDAY,
1569 64 103 34 JUNE
1717 71 46 35 13,
1806 72 88 29 1891.

1861 3580 99 26 Printed
1982 3583 49 25 and
2057 3583 133 26 PublisLed
2216 3584 31 33 by
2267 3584 109 25 Richard

1874 3647 5 4 .
1891 3624 106 27 Holman
2017 3626 99 31 Pamsh,
2139 3629 26 23 at
2182 3628 40 24 his
2240 3620 136 41 BegisteW

1891 3668 113 33 Printing
2014 3670 84 31 Office,
2120 3671 65 33 High
2210 3672 87 27 Street,
2319 3672 57 25 Ewt

1896 3710 89 27 Sxford
1996 3713 151 30 Csmterbury

1906 198 51 76 f
1962 198 103 58 OR
2127 200 195 63 6AL>E

2059 339 102 32 OATS

1927 385 101 44 Apply
2050 390 93 31 Office
2157 393 33 29 of
2200 392 61 33 this
2270 394 107 41 Paper.

1877 506 532 67 JVEEDLEWOEE.*

1862 616 110 78 MISS
1989 619 127 32 SCOTT
2139 622 26 30 is
2186 626 146 37 prepared
2343 630 33 26 to

1951 660 86 29 make
2043 660 104 32 Ladies
2153 664 59 29 and
2219 665 158 32 (Dhildrens

1862 698 243 45 underclothing,
2125 703 65 30 also
2218 705 161 31 Childrens

1860 736 163 42 Pinafores,
2036 740 135 39 Dresses,
2183 745 54 29 &c.
2345 766 2 7 ,

2026 791 115 32 WEST
2162 794 175 33 OXFORD,

1859 982 113 79 HISS
2006 983 160 33 EEEYES
2201 987 111 32 desires
2313 1011 4 11 ;
2341 993 35 27 to

1951 1025 69 38 give
2038 1026 112 30 lessons
2169 1028 32 29 m
2221 1028 146 42 Drawiug

1859 1065 58 28 aud
1932 1064 20 29 1
1959 1065 90 29 lower
2057 1066 149 42 Painting.

1972 1109 103 32 Terms
2091 1111 73 40 10/-
2176 1124 55 30 per
2244 1119 131 35 quarter.

1858 1300 221 78 WEEBERS
2090 1303 143 32 FANCY
2242 1304 133 34 STORE

2025 1355 74 21 EAST
2125 1357 119 22 OXFOBD.

2073 1397 9 11 «
2094 1396 39 13 mm
2146 1398 9 11 »

1858 1420 41 23 For
1909 1420 124 28 Stationery,
2043 1423 61 25 Toys,
2120 1424 70 25 Fancy
2206 1424 76 25 Goods,
2295 1425 83 22 Razors

1899 1453 40 19 and
1950 1453 92 25 Shaving
2050 1455 107 24 requisites
2169 1456 43 20 and
2220 1456 125 28 Perfumery,
2350 1460 7 7 *

1858 1488 92 26 irtbday,
1971 1489 119 22 Christmas
2112 1492 43 20 and
2176 1493 89 25 Flajinp
2284 1489 65 25 Caids

1949 1521 90 21 SKUtF
2049 1523 40 19 and
2098 1523 11 20 3
2116 1523 104 21 obaconist
2228 1524 76 21 Goods.

1861 1545 64 22 Silver
1935 1547 110 25 Brooches,
2056 1550 103 20 CLOCKS
2170 1555 52 16 Jrom
2236 1553 31 18 six
2279 1552 102 26 shillings

1858 1582 80 22 Picture
1950 1584 74 21 Frame
2041 1586 115 25 Moulding.
2192 1587 81 22 Picture
2289 1589 86 20 Frames

2040 1613 59 19 made
2118 1616 21 16 to
2149 1614 70 20 Order.

1861 1636 66 20 Suhes
1946 1637 63 25 ieady
2031 1638 71 24 glazed
2121 1640 27 19 all
2168 1640 59 20 sizes,
2242 1646 26 15 on
2280 1641 63 24 hand,
2357 1647 24 15 or

1998 1665 98 23 procured
2113 1667 21 17 to
2152 1666 69 20 Order.
2265 1684 3 4 .
2375 1681 3 3 .

1859 1693 66 26 Agent
1926 1713 8 7 t
1936 1693 32 20 f->r
1977 1694 114 21 Ellip-'on's
2099 1696 112 26 Neuralgia
2217 1698 74 26 Lrops,
2302 1698 42 21 and
2347 1698 28 22 W

1972 1725 66 23 8d..,*
2050 1733 37 14 jws
2101 1728 153 26 Preparations.

1858 1855 116 44 XT.
2001 1857 192 53 Brown,
2215 1860 39 42 &
2275 1861 98 43 Son

1906 1930 70 21 TIMB
1994 1932 20 20 V.
2023 1932 17 20 &
2049 1933 71 20 GOAL
2133 1933 177 23 MEROHANTS.

2023 1969 159 22 iMPOBTLJfiS

1858 2013 33 26 Of
1918 2014 137 28 TIMBER
2083 2017 51 26 and
2162 2017 49 27 All
2239 2018 85 27 Kinds
2347 2017 30 29 of

1907 2060 179 29 BUILDING
2110 2062 205 29 MATERIALS

2039 2126 146 29 CORNER

1858 2166 154 26 COLOMBO
2041 2170 29 30 >
2097 2170 95 25 TUAM
2226 2171 148 26 STEEETS

2009 2211 185 27 Chbistohueoh

1919 2366 155 39 RANGIORA
2110 2368 202 40 DISPENSARY

1861 2447 173 78 GEORGE
2064 2435 221 55 SHORlIIJ)
2304 2453 71 39 begs

1934 2491 33 27 to
2010 2490 100 40 notify
2146 2492 69 29 that
2245 2492 41 31 lie
2320 2493 54 31 has

1858 2528 117 40 bought
2005 2530 53 30 the
2096 2532 94 31 above
2227 2533 144 32 business.

1859 2568 122 42 Haying
2000 2571 141 31 obtained
2162 2573 51 30 the
2237 2573 92 31 Stock
2343 2578 32 27 at

1858 2619 19 20 a
1903 2616 80 25 most
2009 2614 173 30 reasonable
2209 2615 97 35 value,
2336 2616 38 30 he

1858 2650 64 30 Trill
1952 2651 57 30 sell
2051 2658 31 25 at
2119 2661 75 34 very
2221 2656 153 31 moderate

1859 2692 104 38 prices.
2006 2693 73 29 Best.
2094 2695 175 40 Stationary
2278 2697 97 29 added

1858 2733 32 27 to
1904 2731 51 30 the
1969 2733 143 31 business.

1898 2772 106 31 Orders
2024 2773 77 30 from
2131 2774 63 41 10/-
2228 2777 60 29 and
2316 2788 57 29 up-

1858 2813 106 35 wards,
1974 2813 172 32 forwarded
2156 2817 57 29 rail
2223 2818 70 29 free.

1858 2983 3 4 ■
1903 2966 138 61 MISS'
2084 2966 305 64 MCfflT*

1958 3061 11 3 -
2022 3044 88 23 DRESS
2124 3045 98 22 MAKES

2085 3081 68 26 BAY
2179 3083 99 31 EOAD,

1858 3124 182 34 EAST
2084 3123 287 38 OXFORD

1858 3231 215 63 wsm
2148 3204 221 118 m||i,

1890 3322 174 27 GENERAL
2085 3320 258 30 STOREKEEPER

1858 3368 93 46 Teas,
1990 3368 129 47 Coffees,
2154 3369 130 46 Cocoas,,
2308 3367 66 41 and

1958 3419 140 40 General
2119 3420 163 39 Groceries
2325 3436 19 12 ■■->

1908 3469 140 33 WEST
2109 3471 235 45 OXFOED^

1260 752 172 79 NOTICE,
1474 758 41 31 all
1543 759 127 34 Hounds
1717 766 60 30 and

1341 797 138 41 sporting
1513 800 74 40 dogs
1620 804 92 31 found
1737 817 39 20 on

1260 845 56 20 our
1339 838 117 38 private
1479 848 144 35 property
1647 849 32 26 at
1691 846 83 31 View

1259 874 74 32 Hill,
1362 879 60 28 will
1451 880 36 30 be
1512 882 76 37 shot,
1623 895 18 19 a
1642 886 41 30 jd
1697 888 79 31 their

1259 924 115 23 owners
1388 923 186 34 prosecuted.

1378 968 170 34 S.*J.M<
1557 972 139 41 BRIAR,

1512 1014 86 32 West
1610 1016 123 35 Oxford.

1257 1149 121 40 OXFORD
1403 1153 166 41 DRAMATIC
1590 1158 159 41 COMPANY.

1258 1230 195 81 WANTED
1486 1236 108 34 Ladies
1614 1242 60 30 and
1694 1242 84 32 Gen-

1357 1275 112 32 tlemen
1490 1279 115 42 willing
1638 1286 32 26 to
1705 1284 69 31 take

1259 1324 18 18 a
1297 1318 69 36 part
1385 1317 33 28 m
1439 1318 52 30 the
1511 1325 74 26 next
1620 1323 152 33 Dramatic

1259 1353 211 34 Performance
1478 1363 31 26 to
1520 1363 72 28 send
1600 1363 80 31 their
1688 1375 87 21 name

1260 1395 59 29 and
1334 1396 124 33 address
1467 1404 31 27 to
1508 1401 51 31 the
1580 1402 153 42 Manager,

1557 1443 75 31 East
1653 1445 121 33 Oxford.

1313 1591 165 33 PLENTY
1500 1594 236 36 SAW-MILLS.

1357 1641 115 33 WEST
1503 1645 174 34 OXFORD.

1260 1721 138 48 BEN
1426 1725 350 60 SHARPLIN,

1278 1797 14 32 \
1312 1794 158 32 TIMBER
1482 1797 240 36 MERCHANT.

1259 1873 49 31 All
1322 1876 89 29 kinds
1431 1878 32 29 of
1478 1878 88 31 Sawn
1583 1881 120 31 Timber
1717 1884 60 29 and

1299 1915 157 32 Firewood
1469 1919 113 40 always
1592 1932 40 19 on
1646 1923 90 31 hand.

1412 1998 53 29 the
1506 1999 107 31 Mill—
1614 2000 80 33 Take
1725 2003 52 31 the

1258 2035 78 36 road,
1340 2039 31 27 to
1380 2037 52 31 the
1454 2039 84 39 right
1555 2041 101 32 before
1674 2045 103 29 reach-

1257 2076 54 39 ing
1323 2076 126 33 Booth's
1462 2079 74 32 Mill.

1256 2275 185 35 REASONS
1455 2279 98 32 WHY
1574 2281 84 33 YOU

1364 2339 167 33 SHOULD
1552 2342 226 33 SURSCRIBE

1463 2395 37 21 TO
1514 2396 57 21 THE

1261 2435 119 40 Oxford
1400 2436 68 40 and
1494 2439 82 39 Oust
1606 2440 174 43 Observer.

1301 2538 133 34 Because
1452 2540 25 30 it
1499 2542 84 39 gives
1601 2543 52 31 the
1676 2544 105 31 fullest

1261 2581 60 29 and
1336 2585 78 26 most
1424 2582 154 32 authentic
1592 2584 77 30 local
1686 2596 94 27 news.

1301 2620 134 33 Because
1462 2623 26 31 it
1515 2623 26 31 is
1564 2624 60 31 fair
1645 2626 62 29 and
1728 2626 53 31 im-

1262 2662 110 39 partial
1385 2667 31 26 to
1431 2663 49 31 all.

1301 2702 133 32 Because
1447 2704 26 28 it
1483 2705 161 30 advocates
1651 2706 53 29 the
1712 2717 69 30 pro-

1261 2743 153 38 gressand
1431 2743 217 40 improvement
1671 2746 36 31 of
1728 2748 52 30 the

1261 2782 114 31 Oxford
1383 2784 61 30 and
1455 2783 85 32 Oust.

1299 2822 135 32 Because
1447 2824 25 29 it
1494 2825 82 30 deals
1600 2826 74 31 with
1701 2827 78 32 local

1259 2866 125 28 matters
1397 2865 33 30 m
1442 2875 41 20 an
1494 2866 181 43 interesting
1694 2879 87 20 man-

1258 2915 62 21 ner.

1300 2945 133 32 Because
1446 2946 24 31 it
1484 2947 27 32 is
1534 2949 195 33 contributed
1743 2954 33 28 to

1260 2987 42 38 by
1322 2987 52 30 the
1384 2988 67 31 best
1463 2988 78 31 local
1566 2990 130 32 writers.

1300 3026 134 33 Because
1465 3029 27 30 it
1525 3031 124 38 appeals
1682 3035 33 27 to
1738 3031 42 32 all

1262 3066 118 33 classes.

1299 3107 134 32 Because
1449 3109 26 30 it
1484 3110 28 30 is
1531 3111 54 30 the
1607 3111 73 42 only
1702 3112 80 32 local

1260 3158 102 30 paper.

1301 3188 134 32 Because
1465 3189 26 31 it
1521 3191 27 31 is
1577 3192 120 32 neither
1722 3221 3 8 s
1729 3193 53 33 the

1261 3240 97 29 organ
1368 3231 32 29 of
1421 3242 61 29 any
1509 3234 113 41 special
1655 3238 65 27 sect
1729 3246 52 21 -or

1260 3270 109 40 clique.
1783 3289 2 15 :

1301 3311 135 34 Because
1442 3313 26 30 it
1475 3313 26 31 is
1510 3315 180 41 out-spoken
1698 3317 32 31 m
1741 3318 42 30 all

1261 3356 134 27 matters.

1302 3393 134 31 Because
1439 3394 31 30 it
1477 3396 74 30 tries
1559 3399 32 27 to
1594 3396 126 32 interest
1729 3398 52 30 the

1261 3433 112 40 public.

1301 3473 134 32 Because
1470 3475 26 30 it
1524 3476 56 30 has
1616 3478 165 32 advocated

1261 3524 152 20 measures
1423 3515 99 31 which
1535 3516 78 34 have
1626 3518 74 31 been
1713 3529 67 21 suc-

1261 3555 141 40 cessfully
1412 3555 139 40 adopted.

1301 3595 136 31 Because
1449 3596 25 30 it
1481 3597 55 31 has
1550 3596 78 32 done
1642 3609 82 22 more
1747 3604 34 28 to

1261 3636 151 31 advertise
1426 3636 116 35 Oxford
1550 3638 61 32 and
1620 3639 76 33 Oust
1705 3642 76 32 than

1260 3688 61 31 any
1329 3677 89 33 other
1430 3688 102 31 paper.
