3320 4370
1114 3403 123 17 VISITORS'
1251 3403 209 17 LIST.

1455 3440 4 6 c

1134 3449 74 18 Grand
1217 3449 77 18 Hotel.
1442 3448 1 21 I
1455 3448 4 21 c

1020 3477 30 17 Mr
1059 3477 136 23 Kempthomc,
1209 3478 68 17 Misses
1294 3477 136 23 Kempthorne,
1442 3476 1 24 ;
1454 3476 5 16 I

998 3499 25 24 (2)
1034 3500 67 18 Messrs
1110 3502 22 15 A.
1143 3502 22 16 G.
1183 3497 82 24 Horton,
1282 3500 69 18 Ernest
1366 3501 64 22 Davis,
1442 3497 1 26 '
1455 3497 4 26 0

997 3523 65 17 Josiuli
1069 3523 78 22 Martin,
1158 3524 75 22 Battye,
1246 3523 99 19 Auckland
1352 3522 3 24 ;
1370 3525 60 17 Both-
1454 3522 5 16 i

997 3546 66 22 schild,
1072 3547 128 23 Wellington;
1215 3547 87 20 Costlow,
1317 3547 82 23 Sydney.
1418 3546 19 24 ;
1456 3546 3 24 t

1063 3593 89 18 Beent's
1164 3594 111 16 Bathgate
1287 3593 77 17 House.
1454 3591 5 16 (

1020 3624 31 17 Mr
1060 3624 38 18 and
1111 3625 41 18 Mrs
1160 3624 102 22 McCurdy,
1274 3624 28 17 Dr
1312 3625 79 18 Russell,
1403 3626 32 16 Mr

997 3648 25 16 H.
1041 3648 20 17 C.
1078 3648 69 21 White,
1166 3648 85 22 Sydney;
1274 3647 40 18 Mrs
1329 3648 39 17 and
1385 3648 46 17 Miss

997 3671 71 20 Dunks,
1082 3671 127 22 Wellington;
1235 3671 45 17 Miss
1301 3671 75 17 Garden
1397 3671 32 22 (2),
1453 3674 6 11 s

997 3693 114 22 Yorkshire;
1124 3695 30 16 Mr
1162 3694 25 17 N.
1196 3694 23 17 E.
1231 3693 64 21 Gibbs,
1309 3688 120 27 Melbourne;
1441 3688 1 27 !
1453 3697 6 10 v

997 3717 38 16 Mrs
1051 3716 18 17 J.
1091 3717 100 21 Rensliaw,
1208 3716 38 18 and
1255 3716 29 17 Mr
1296 3716 94 18 Renshaw
1397 3718 32 21 jr.,
1453 3715 6 16 t:

997 3738 78 19 Thames
1110 3740 38 18 Mrs
1167 3740 37 17 and
1219 3740 44 16 Miss
1280 3740 22 16 G.
1316 3740 22 16 B.
1361 3740 68 21 Smitli,

997 3763 99 21 Bunedin;
1111 3765 68 16 Messrs
1188 3763 87 20 Melville,
1285 3763 25 17 Te
1317 3763 111 21 Awamutu;
1452 3766 7 11 a

997 3785 98 23 Connolly,
1100 3786 62 22 Hyde;
1171 3787 82 21 Reaney,
1258 3785 100 21 Pahietua;
1365 3785 64 21 Stone,
1452 3783 7 17 C

995 3808 19 17 J.
1036 3809 20 17 C.
1078 3810 79 20 Abbott,
1179 3809 74 20 Nieliol,
1276 3808 29 17 Mr
1325 3809 37 16 and
1386 3809 44 17 Miss
1452 3808 7 16 t

996 3832 112 21 Alexander,
1115 3832 86 23 Barling,
1211 3832 32 16 Mr
1249 3831 37 17 and
1295 3831 40 18 Mrs
1347 3831 81 21 Knight,
1451 3837 8 10 a

996 3855 31 16 Mr
1035 3855 38 17 and
1082 3856 38 16 Mrs
1129 3855 22 17 G.
1167 3855 93 19 Mcßride,
1268 3855 67 16 Misses
1348 3855 81 17 MeFar-
1453 3853 6 15 ft

996 3877 42 18 lane
1047 3877 32 23 (2),
1090 3878 38 17 and
1137 3878 79 19 French,
1232 3877 110 21 Auckland;
1361 3878 32 17 Mr
1409 3878 18 17 J.
1439 3875 1 25 ;
1453 3875 6 17 I

995 3900 59 20 Watt,
1065 3901 87 22 Sydney;
1166 3901 31 17 Mr
1209 3900 38 18 and
1255 3900 40 17 Mrs
1305 3900 62 18 Lisoh,
1382 3900 47 18 New
1438 3898 2 25 j
1451 3898 8 16 ti

995 3923 114 22 Plymouth;
1124 3924 30 16 Mr
1161 3924 88 21 Burgess,
1260 3923 82 21 Canada;
1357 3923 29 17 Mr
1392 3924 38 17 and
1438 3923 2 22 !

997 3945 43 18 Miss
1049 3947 70 18 Pullin,
1126 3945 140 22 Christchurcli;
1276 3945 66 18 Misses
1354 3946 75 18 Bewick
1438 3945 2 23 !
1451 3952 8 16 t]

995 3969 39 17 and
1041 3969 104 23 Ferguson,
1155 3969 86 22 Mercury
1249 3969 52 23 Bay;
1315 3969 47 17 Miss
1375 3970 53 17 Dob-
1450 3975 9 16 ].

995 3996 34 13 son
1037 3992 38 17 and
1091 3992 56 21 maid,
1157 3991 96 24 Ebgland.

1450 4027 9 11 o

1131 4039 85 17 Mokoia
1228 4039 63 16 View.
1449 4044 10 16 i,

1016 4065 33 18 Mr
1057 4066 40 17 Mrs
1107 4066 37 17 and
1152 4066 47 17 Miss
1205 4065 82 20 Horrell,
1294 4066 70 17 Messrs
1370 4066 57 17 Cald-
1450 4072 9 11 si

995 4088 47 21 well,
1065 4088 73 21 Galvin,
1161 4089 86 22 Sydney;
1274 4088 87 21 Hennen,
1383 4089 44 17 Mel-
1450 4090 9 16 F

994 4111 81 21 bourne;
1091 4112 81 22 Goggin.
1183 4111 131 21 Queensland;
1328 4112 99 20 Marshall,
1449 4113 10 16 b

994 4135 110 21 Auckland;
1118 4135 53 21 Parr,
1190 4135 129 21 Canterbury;
1341 4135 87 17 Mather-
1449 4140 10 12 c

994 4163 40 16 son,
1048 4158 88 21 Thames.
1450 4159 9 16 S

1598 140 44 18 Tiie
1654 140 111 18 Laxgiiaji.

1489 170 30 16 Mr
1526 170 38 17 and
1580 170 38 18 Mrs
1633 171 74 21 Munro,
1725 172 88 22 Sydney;
1827 172 40 16 Mrs
1876 172 22 16 R.

1465 191 68 22 Smith,
1540 194 47 17 Miss
1592 194 53 18 F.M.
1653 194 68 22 Smith,
1727 195 48 17 New
1783 195 104 22 Plymouth
1893 201 5 14 ;

1464 217 32 16 Mr
1502 217 37 16 and
1547 217 41 17 Mrs
1596 217 116 21 Donaldson,
1727 217 127 21 Whans-arei:
1868 218 31 16 Mr

1464 239 38 17 and
1510 240 40 16 Mrs
1566 240 106 21 McNiehol,
1690 241 56 18 Dune
1748 239 42 23 din;
1813 241 31 17 Mr
1862 241 37 17 and

1463 262 42 17 Mrs
1513 262 122 23 McDougall,
1650 264 25 17 Te
1684 264 52 17 Puke
1744 262 4 23 ;
1762 264 70 17 Messrs
1849 265 48 20 Tait,

1464 285 73 21 Otugo;
1552 286 68 20 Curtis,
1630 287 68 17 Waihi.

1465 335 56 23 THE
1543 335 54 22 HOT
1729 335 56 25 LAKES
1796 335 101 25 CHRONICLE

1650 373 57 13 AND

1566 399 108 20 Tourists'
1691 400 101 24 Journal.

1466 452 167 19 WEDNESDAY,
1641 454 144 17 DECEMBER
1798 455 29 21 25,
1846 455 50 17 1895.

1460 492 6 13 ic
1489 501 12 7 ~
1569 487 7 14 :
1610 487 8 22 ;

1460 511 6 19 j,
1486 503 118 16 OItniSTJIAS
1611 503 34 17 has
1654 509 46 12 once
1711 510 52 11 more
1776 510 52 11 come
1837 504 60 17 round

1460 528 57 28 ipvhen
1534 529 16 17 it
1566 529 80 19 behoves
1660 537 23 11 us
1700 532 19 16 fo
1737 532 46 17 wish
1800 537 35 11 our
1851 538 34 16 sup-

1460 558 75 24 jporters
1538 558 64 19 —and,
1613 559 29 17 for
1649 560 34 17 the
1698 561 70 16 matter
1776 561 21 16 of
1804 561 48 20 that,
1863 566 35 12 our

1460 588 210 20 .■non-supporters—all
1686 589 32 16 the
1736 589 131 22 compliments
1877 590 19 17 of

1461 615 32 17 the
1503 621 71 12 season.
1599 617 57 20 Here,
1666 623 20 11 as
1695 618 19 16 in
1726 619 50 16 most
1781 618 55 17 other
1844 624 39 12 com-

1461 643 94 20 munities,
1565 643 54 18 there
1627 650 31 11 are
1667 645 79 23 carping
1754 645 114 18 individuals
1877 648 19 16 to

1461 673 23 17 be
1491 675 40 15 met
1538 673 45 17 with
1592 673 79 20 endued,
1682 680 21 12 as
1712 675 33 17 the
1752 676 98 18 American
1860 677 24 17 hu-

1462 697 64 17 morist
1535 698 44 20 puts
1588 697 21 20 it,
1644 697 47 18 with
1704 704 24 11 an
1742 698 88 18 immoral
1844 700 52 18 twist

1460 720 21 17 Eof
1489 726 46 16 pure
1691 721 42 18 who
1748 723 60 16 retort
1821 723 43 17 that
1877 723 19 18 in

1460 744 33 16 the
1502 743 88 22 struggle
1597 744 30 16 for
1635 744 96 18 existence
1741 751 44 11 now
1799 746 60 22 going
1872 752 24 11 on

1460 767 54 19 .there
1522 767 16 16 is
1546 766 49 18 little
1604 767 120 18 inducement
1738 770 21 16 to
1773 774 44 16 pass
1832 771 64 21 empty

1460 788 137 24 'compliments.
1618 791 51 21 They
1679 791 53 22 point
1741 793 20 16 to
1770 792 32 17 the
1811 793 85 22 rigorous

1460 814 67 15 winter
1536 812 61 18 which
1607 819 27 11 we
1642 814 49 17 have
1700 815 67 21 passed
1775 815 90 23 through,
1876 817 19 16 to

1460 836 33 17 the
1501 836 108 22 protracted
1618 837 83 23 opening
1710 838 21 17 of
1741 838 34 17 the
1788 844 72 16 season,
1876 840 20 17 fo

1461 860 33 17 the
1508 860 126 18 heedlessness
1647 861 65 17 shown
1726 861 26 23 by
1766 862 33 17 the
1811 862 72 18 Govern-

1460 884 52 17 ment
1520 883 19 17 in
1548 883 113 23 developing
1676 884 31 17 the
1720 890 94 13 resources
1828 886 20 17 of
1859 887 32 17 this-

1460 906 112 19 :inarvellous
1581 906 79 20 district,
1674 907 38 18 and
1724 908 71 18 launch
1808 909 52 18 forth
1870 909 26 18 all

1460 927 48 19 'sorts
1517 929 20 17 of
1545 928 111 23 pessimistic
1665 932 172 21 prognostications
1850 939 34 11 con-

1460 953 78 22 cerning
1546 953 66 22 things
1620 953 19 17 in
1648 955 83 21 general.
1762 955 59 17 There
1834 956 22 20 is,
1871 962 25 11 no

1460 975 65 21 doubt,
1536 976 55 17 much
1605 977 53 17 truth
1672 977 19 17 in
1705 978 52 17 what
1771 979 16 16 is
1801 979 45 20 said,
1861 979 35 17 but

1460 1005 34 13 .our
1503 999 113 23 philosophy
1621 1002 21 15 at
1649 1000 157 18 Christmas-tide
1810 1003 86 21 prompts

1460 1028 22 11 us
1491 1024 20 16 to
1524 1022 55 18 make
1592 1023 32 17 tho
1637 1023 42 17 best
1692 1024 20 17 of
1725 1024 84 23 existing
1823 1025 71 22 things,

1460 1045 43 21 iand,
1514 1045 90 23 standing
1612 1052 20 11 as
1641 1052 27 10 we
1675 1052 32 12 are
1715 1053 25 11 on
1752 1047 33 17 the
1797 1048 99 18 threshold

1460 1069 20 16 of
1494 1068 79 17 another
1586 1075 51 15 year,
1651 1071 50 16 trust
1715 1070 42 17 that
1774 1071 33 17 the
1821 1071 75 23 coming

1460 1092 76 17 months
1545 1097 43 17 may
1596 1092 23 17 be
1627 1092 55 17 laden
1698 1094 45 17 with
1753 1101 10 10 a
1775 1100 81 16 panacea
1867 1092 23 20 foi-

1460 1115 25 17 all
1494 1121 34 11 our
1541 1115 35 17 ills.
1601 1115 53 17 Witli
1668 1116 39 18 this
1721 1116 50 18 brief
1783 1118 71 21 homily
1868 1123 27 12 we

1460 1139 45 17 wish
1515 1138 45 18 each
1569 1138 38 17 and
1620 1145 55 13 every
1690 1146 35 11 one
1740 1142 19 15 of
1773 1146 35 12 our
1821 1141 75 17 readers

1567 1162 16 17 A
1592 1162 77 18 Meki.t
1675 1163 119 19 Chiijst.mas

1654 1191 28 12 AX
1685 1191 11 12 I)

1554 1209 16 16 A
1583 1209 75 17 Haitv
1670 1210 49 17 New
1734 1210 66 17 Yeah.

1449 1247 7 27 j
1484 1258 16 15 A
1509 1257 62 18 choice
1580 1259 113 16 assortment
1702 1259 20 17 of
1728 1259 80 19 saddles,
1819 1259 74 21 bridles,

1460 1280 73 21 collars,
1543 1280 70 20 chains,
1622 1281 44 21 bits,
1677 1287 60 17 spurs,
1747 1282 77 18 harness
1833 1289 60 16 »oaps,

1460 1304 40 20 &c.,
1510 1303 34 17 has
1552 1304 40 22 just
1600 1304 48 17 been
1657 1305 72 22 opened
1738 1306 19 16 a':
1765 1306 24 17 il.
1798 1306 97 18 StewaitV

1449 1325 85 24 £Feuton
1542 1328 73 17 street.*

1449 1367 5 15 j
1484 1359 15 17 A
1505 1359 64 17 Dance
1578 1359 38 17 will
1628 1360 44 16 take
1681 1360 52 22 place
1739 1367 19 11 .n
1767 1361 33 17 the
1808 1362 87 17 Pui:eroa'

1460 1381 47 18 Hall
1516 1381 59 18 under
1583 1382 32 17 the
1624 1383 84 22 auspices
1721 1385 21 16 of
1762 1385 32 16 tlie
1803 1386 92 16 Amutour

1459 1405 56 17 Brass
1524 1405 53 17 Band
1585 1411 24 11 on
1617 1406 99 23 Thursday
1729 1407 63 23 night.

1482 1432 31 17 Mr
1525 1432 97 19 Priestlov,
1644 1439 24 11 an
1690 1435 90 22 engineer
1788 1435 60 18 nndjr
1860 1442 32 11 011-

1449 1456 3 26 <
1458 1457 103 20 gagoment
1570 1457 20 16 to
1603 1456 32 17 Mr
1646 1456 73 22 Fernio,
1733 1458 68 22 passed
1810 1459 83 23 through

1458 1484 23 11 on
1491 1479 29 17 his
1528 1479 45 17 road
1578 1480 21 16 to
1611 1479 65 23 Taupo
1688 1486 24 12 oa
1721 1480 19 18 S.
1742 1481 64 23 in.lay.

1481 1507 31 16 Mr
1521 1507 68 18 Evans,
1600 1507 20 17 of
1625 1507 120 24 Cambridge,
1755 1508 34 18 has
1795 1509 46 17 been
1848 1515 33 12 eon-

1458 1529 80 22 ducting
1544 1529 131 23 Presbyterian
1683 1531 73 18 Service
1761 1533 19 15 in
1786 1533 33 17 the
1825 1533 67 17 School

1458 1559 52 11 room
1519 1554 30 15 for
1556 1553 33 17 the
1594 1555 43 20 past
1645 1556 39 15 two
1693 1555 92 22 Sundays.

1449 1576 2 24 1
1481 1580 38 17 The
1528 1580 108 19 Promoters
1657 1582 20 17 of
1686 1582 31 17 the
1726 1582 38 18 Lite
1773 1585 76 15 concert
1862 1590 20 10 re-

1457 1604 45 16 turn
1510 1604 70 16 thanks
1599 1609 20 11 in
1632 1605 80 17 another
1724 1606 76 17 column
1814 1607 30 16 for
1860 1607 33 17 the

1457 1627 66 17 liberal
1531 1628 105 22 patronage
1644 1628 94 18 extended
1746 1630 21 16 to
1776 1630 58 17 them.

1449 1655 2 22 -
1481 1655 101 19 Constable
1590 1656 72 21 Butler,
1676 1658 44 17 who
1740 1658 34 17 has
1794 1658 48 18 been
1852 1660 30 15 sta-

1449 1679 72 17 tioned
1530 1680 20 16 at
1558 1679 25 17 To
1593 1679 70 17 Whaiti
1672 1681 30 16 for
1711 1686 51 12 some
1775 1682 45 17 time
1841 1684 49 20 past,

1457 1701 34 18 has
1499 1702 47 17 been
1554 1702 115 19 transferred
1674 1705 21 16 to
1704 1704 145 22 Auckland,and
1858 1706 34 16 left

1449 1725 1 25 ;
1458 1726 29 16 for
1496 1725 32 17 the
1535 1725 38 23 city
1580 1725 26 23 by
1613 1726 101 23 Tuesday's
1724 1728 55 17 train.

1449 1754 3 26 '
1481 1754 69 17 Clauds
1559 1755 19 16 of
1584 1754 43 17 dust
1636 1755 48 18 have
1688 1755 48 19 been
1742 1757 85 23 swirling
1833 1757 58 22 along

1458 1777 32 17 the
1499 1778 66 17 streets
1574 1778 70 23 during
1652 1778 33 18 the
1693 1781 44 20 past
1754 1780 36 17 few
1798 1780 46 22 days
1853 1781 38 17 and

1449 1797 1 26 I
1458 1802 77 21 suggest
1545 1801 30 17 the
1596 1802 105 18 occasional
1721 1809 33 11 use
1763 1804 20 16 cf
1792 1804 32 17 the
1833 1805 58 16 street

1449 1823 1 26 j
1457 1823 128 23 stand-pipes.

1482 1853 39 17 The
1530 1853 51 17 office
1594 1854 72 17 erected
1676 1854 26 23 by
1721 1856 33 16 Mr
1774 1856 72 18 Corlett
1862 1856 29 18 for

1449 1875 1 23 ;
1458 1875 69 18 Messrs
1536 1876 48 18 Tlios
1594 1877 51 17 Cook
1655 1878 37 17 and
1702 1878 43 20 Son,
1759 1879 20 17 in
1796 1879 95 18 Hiuemoa

1458 1900 30 19 st.,
1498 1899 16 16 is
1522 1904 42 12 now
1570 1900 84 17 finished.
1665 1901 32 17 Mr
1705 1902 74 22 Battye,
1790 1903 89 22 thercpre-

1449 1918 1 28 |
1457 1922 92 17 tentative
1569 1922 43 18 hero
1620 1924 21 17 of
1660 1925 32 16 the
1703 1925 48 21 firm,
1769 1927 62 16 enters
1850 1926 41 17 into

1449 1946 1 24 j
1458 1951 107 17 occupancy
1571 1946 63 23 today.

1481 1974 75 17 Entries
1560 1974 29 17 for
1592 1975 31 16 the
1629 1975 47 17 New
1680 1976 66 18 Year's
1752 1976 42 23 Day
1803 1978 62 21 sports
1871 1978 20 17 of

1458 1997 33 18 the
1500 1997 84 18 Rotorua
1593 1997 55 18 Brass
1660 1999 54 17 Band
1723 2001 52 16 must
1786 2001 24 16 be
1818 2001 19 17 in
1858 2001 33 17 the

1457 2020 60 17 hands
1527 2021 20 16 of
1555 2021 32 16 the
1596 2021 111 18 Committee
1716 2023 26 22 by
1751 2025 46 16 next
1806 2024 84 22 Monday

1457 2045 20 16 at
1486 2046 10 14 8
1505 2049 45 17 p.m.
1560 2044 80 18 Tenders
1653 2046 30 16 for
1695 2046 33 17 the
1736 2046 59 21 booth
1805 2049 50 15 must
1862 2048 18 16 al-

1457 2073 20 11 so
1486 2067 23 17 be
1517 2067 20 17 in
1545 2068 21 16 at
1573 2067 34 17 the
1615 2073 50 15 sayie
1673 2068 51 20 time.

1481 2095 38 17 The
1528 2095 89 22 Monthly
1624 2096 73 18 Record
1700 2098 20 16 of
1723 2097 33 17 the
1761 2097 100 18 Auckland
1865 2098 24 17 Y.

1449 2117 1 26 I
1457 2118 74 17 M.C.A.
1540 2117 16 18 is
1565 2121 20 14 to
1590 2118 56 18 hand.
1657 2119 74 19 Besides
1740 2121 58 22 being
1806 2127 12 11 a
1825 2121 65 17 record

1449 2137 1 30 j
1457 2142 20 16 of
1485 2141 32 16 the
1526 2142 134 17 Association's
1671 2143 51 18 work
1729 2143 70 24 during
1806 2144 32 17 the
1847 2150 32 17 pre-

1449 2161 1 30 |
1457 2164 67 22 ceding
1533 2164 66 18 month
1609 2166 60 17 much.
1674 2167 70 17 matter
1752 2168 19 15 of
1787 2174 11 10 a
1815 2168 74 21 helpful

1449 2185 1 25 j
1456 2188 68 16 nature
1530 2187 38 17 and
1576 2188 20 16 of
1613 2189 76 21 general
1709 2190 78 17 interest
1808 2190 38 18 will
1867 2190 23 18 be

1449 2210 1 32 |
1457 2210 59 17 found
1525 2211 19 16 in
1552 2211 25 17 its
1585 2216 63 18 pages.

1480 2242 27 16 As
1514 2241 45 22 only
1568 2248 35 12 one
1611 2242 66 18 tender
1684 2249 39 14 w/is
1731 2245 84 17 received
1824 2246 29 16 for
1858 2246 32 17 the

1449 2265 1 25 i
1457 2270 45 16 crop
1510 2265 20 17 of
1542 2265 89 23 standing
1645 2266 39 22 hay
1704 2273 23 11 on
1745 2267 32 17 the
1797 2268 51 22 slope
1870 2269 20 16 of

1457 2287 129 18 Pukeroaand
1594 2289 32 16 the
1634 2288 60 22 figure
1705 2291 70 16 offered
1785 2296 39 12 was
1832 2292 56 17 much

1457 2312 31 16 too
1497 2311 43 21 low,
1557 2311 33 18 the
1595 2312 63 17 Board
1663 2312 49 18 haw
1718 2314 79 17 decided
1805 2316 20 15 to
1832 2315 45 17 with-

1449 2334 1 28 |
1457 2334 52 18 draw
1517 2335 14 16 it
1541 2335 48 17 from
1598 2335 38 17 ado
1648 2336 38 17 and
1695 2338 31 16 cut
1742 2338 38 16 and
1789 2338 53 17 stack
1865 2344 24 11 on

1457 2357 49 18 their
1514 2363 42 12 own
1569 2360 86 16 account.

1480 2389 32 17 Mr
1520 2390 84 20 Orocott,
1612 2390 41 18 who
1662 2390 34 18 has
1714 2392 49 17 been
1771 2393 87 22 engaged
1870 2394 19 16 in

1458 2413 31 16 the
1498 2413 48 17 local
1552 2413 99 23 telegraph
1669 2415 50 17 office
1729 2415 30 17 for
1777 2422 50 11 some
1844 2417 46 17 time

1456 2436 35 17 loft
1500 2437 19 16 to
1528 2441 73 12 resume
1618 2437 32 17 his
1668 2437 61 19 duties
1738 2439 21 16 in
1772 2439 116 23 Wellington

1457 2459 36 17 last,
1502 2458 58 22 week,
1569 2460 37 17 and
1615 2459 33 18 has
1657 2460 47 18 been
1716 2463 102 17 succeeded
1824 2463 26 23 by
1858 2464 32 17 Mr

1457 2483 81 18 Forrest,
1545 2483 21 17 of
1570 2483 32 17 the
1608 2483 160 19 Aucklandoffice.
1777 2486 112 19 MrGrocott

1457 2511 39 12 was
1504 2505 19 17 in
1531 2505 106 19 indifferent
1646 2507 64 18 health
1719 2509 55 17 when
1782 2509 24 17 he
1815 2510 73 17 arrived

1456 2528 44 18 here
1506 2529 34 16 but
1547 2529 102 18 benefitted
1663 2531 74 23 greatly
1742 2532 26 22 by
1777 2532 29 18 his
1815 2534 49 22 stay.

1480 2561 76 21 During
1561 2561 31 17 the
1599 2563 42 20 past
1648 2562 37 17 few
1690 2563 45 22 days
1739 2564 59 17 about
1803 2566 22 16 -iO
1831 2565 20 17 of
1857 2565 33 17 the

1457 2589 43 12 men
1508 2583 86 24 engaged
1603 2590 24 11 on
1636 2585 32 17 the
1678 2587 45 16 road
1731 2587 62 17 works
1810 2594 45 10 near
1864 2589 24 16 Tc

1456 2606 71 17 Whaiti
1535 2607 47 17 have
1591 2608 66 17 ceased
1665 2609 51 17 work
1723 2610 38 17 and
1770 2611 57 17 taken
1840 2611 49 17 their

1457 2630 99 22 departure
1566 2630 29 18 for
1603 2631 51 17 fresh
1665 2632 58 18 fields.
1741 2634 61 17 There
1810 2641 31 10 are
1850 2635 38 16 still

1455 2653 60 17 about
1520 2654 22 16 30
1547 2659 44 12 men
1596 2655 86 22 engaged
1687 2655 20 17 in
1711 2656 32 18 the
1747 2657 75 18 various
1827 2663 62 17 gangs

1456 2676 37 17 and
1502 2677 15 16 it
1524 2677 15 16 is
1547 2678 34 16 not
1590 2678 93 22 supposed
1696 2679 42 18 that
1758 2684 5 13 t
1767 2680 29 17 his
1809 2681 81 17 number

1456 2700 39 17 will
1503 2700 22 17 be
1535 2700 55 17 much
1602 2701 96 18 increased
1712 2702 63 19 before
1784 2704 103 23 February.

1479 2731 40 18 The
1526 2731 83 18 erection
1617 2733 20 16 of
1645 2733 32 17 the
1686 2734 46 23 shop
1745 2735 37 17 and
1799 2735 90 24 dwelling

1456 2755 58 17 house
1522 2756 21 15 at
1550 2755 33 17 the
1592 2761 65 13 corner
1665 2757 21 17 of
1695 2757 73 18 Feiiton
1776 2759 37 16 and
1823 2759 52 17 Puku-

1455 2779 115 16 atua-strcct
1577 2778 26 23 by
1612 2779 69 18 Messrs
1697 2781 20 17 A.
1732 2781 39 17 and
1785 2782 23 17 G.
1827 2782 61 18 Brook

1456 2802 30 16 for
1495 2801 29 17 Mr
1533 2801 25 17 11.
1573 2801 87 22 Stewart,
1676 2803 119 22 hairdresser,
1810 2806 36 16 fills
1864 2811 25 16 up

1456 2825 32 17 the
1496 2823 44 18 four
1548 2830 73 12 corners
1631 2826 19 17 of
1662 2826 43 17 that
1713 2828 176 18 intersection—the

1455 2848 42 17 first
1505 2849 20 16 to
1534 2848 23 17 bo
1566 2854 19 11 so
1595 2850 110 21 completed.
1730 2851 29 16 Mr
1777 2851 81 18 Stewart
1873 2852 16 17 is

1456 2871 77 22 moving
1542 2871 40 17 into
1590 2872 28 16 his
1627 2878 42 12 new
1674 2874 87 21 premises
1770 2881 21 10 as
1799 2881 28 11 we
1836 2881 24 15 pro
1869 2877 21 16 to

1455 2900 57 16 press.
1538 2894 44 23 May
1590 2895 26 17 all
1624 2896 51 22 good
1683 2896 75 18 fortune
1768 2898 65 17 atlend
1842 2898 46 18 him.

1479 2926 17 17 A
1505 2926 60 21 picnic
1573 2926 20 17 of
1601 2926 34 18 the
1650 2928 92 17 members
1758 2930 20 15 of
1794 2930 35 17 the
1836 2936 39 11 com-

1455 2949 61 17 bined-
1521 2949 90 18 churches
1616 2950 37 17 and
1662 2951 73 18 schools
1742 2952 38 17 will
1786 2952 45 18 take
1836 2953 53 22 place

1456 2978 24 11 on
1486 2972 49 17 New
1545 2972 68 18 Year's
1629 2973 48 23 Day.
1710 2975 26 17 Te
1751 2975 55 23 Ngae
1825 2977 14 15 is
1857 2977 31 16 the

1456 2996 68 17 chosen
1533 2996 48 22 spot,
1591 2996 38 17 and
1637 2997 34 17 the
1678 2997 76 23 holiday
1767 2999 74 18 makers
1850 2999 38 18 will

1456 3019 22 17 be
1487 3018 95 23 conveyed
1589 3020 19 16 to
1617 3020 49 17 their
1674 3020 115 19 destination
1794 3022 26 22 by
1829 3024 59 15 steam

1455 3042 69 17 launch
1533 3042 38 17 and
1578 3043 87 17 vehicles.
1690 3044 34 18 We
1738 3046 51 16 trust
1804 3046 44 16 that
1856 3046 34 17 the

1455 3065 81 17 concord
1557 3067 89 21 amongst
1670 3067 33 17 the
1718 3067 90 23 religious
1824 3069 64 17 bodies

1455 3088 45 17 thus
1508 3088 105 18 betokened
1629 3090 38 16 will
1684 3090 23 17 be
1719 3091 47 23 long
1780 3092 107 20 continued,

1455 3111 38 18 and
1497 3111 43 18 that
1546 3112 97 22 thepicnie
1645 3113 39 17 will
1687 3113 102 24 belargely
1792 3115 96 18 attended.

1478 3143 32 16 Mr
1518 3144 17 16 A
1543 3143 69 23 Brady,
1625 3144 91 23 formerly
1724 3145 21 18 in.
1752 3146 70 23 charge
1830 3147 20 16 of
1857 3147 31 17 the

1454 3166 35 17 bar
1509 3168 21 16 at
1549 3166 51 18 Lake
1610 3167 69 18 House,
1702 3168 33 17 lias
1756 3168 76 19 entered
1848 3170 40 17 into

1454 3189 86 18 business
1551 3196 20 11 as
1579 3190 43 17 hair
1635 3191 72 18 dresser
1715 3192 38 17 and
1769 3193 117 17 tobaccouist

1455 3213 19 16 in
1483 3213 32 16 the
1523 3213 47 23 shop
1579 3213 90 23 formerly
1677 3215 89 23 occupied
1774 3215 26 23 by
1810 3217 28 15 Mr
1846 3216 42 18 Mc-

1455 3236 83 22 Fadyeu,
1547 3236 79 17 saddler.
1656 3238 31 17 Mr
1697 3238 62 22 Brady
1768 3239 16 17 is
1792 3245 24 11 an
1822 3241 67 21 expert

1455 3259 20 17 in
1484 3259 91 17 tonsorial
1584 3260 78 18 matters
1670 3260 37 18 and
1716 3267 20 12 as
1749 3262 26 17 he
1781 3262 40 17 also
1830 3264 59 15 caters

1455 3283 31 16 for
1493 3282 43 17 that
1544 3283 41 17 vast
1592 3284 70 16 section
1672 3284 20 17 of
1698 3285 32 17 the
1736 3285 65 22 public
1810 3286 42 16 who
1858 3286 20 16 in-

1456 3305 57 23 dulge
1522 3305 19 17 in
1549 3306 34 17 the
1590 3306 90 22 soothing
1685 3307 50 18 weed
1742 3313 24 12 lie
1771 3309 39 16 will
1819 3309 58 17 doubt-

1455 3328 36 17 less
1505 3334 63 12 secure
1582 3335 12 10 a
1610 3327 127 21 oonsidera&le
1749 3332 54 17 share
1816 3332 20 17 of
1843 3338 34 15 sup-

1455 3353 49 20 port.

1479 3383 38 16 The
1538 3384 94 17 attention
1641 3384 21 17 of
1671 3385 78 18 tourists
1768 3386 37 17 and
1826 3386 63 17 others

1455 3406 15 17 is
1479 3406 66 17 drawn
1553 3408 20 15 to
1582 3412 24 12 an
1615 3407 145 18 advertisement
1768 3410 20 16 in
1806 3410 79 16 another

1455 3429 76 17 column
1540 3429 110 24 containing
1658 3431 111 22 particulars
1782 3433 19 16 of
1815 3439 10 10 a
1838 3432 50 23 daily

1455 3452 57 18 coach
1522 3453 69 16 service
1599 3453 62 18 which
1669 3454 35 18 has
1711 3455 47 17 been
1773 3455 115 18 established

1455 3476 85 17 between
1549 3476 84 17 Rotorua
1641 3477 38 17 and
1695 3478 97 17 Okoroire.
1825 3479 51 18 Even-

1455 3504 35 11 one
1499 3499 43 16 who
1549 3499 35 17 has
1593 3500 94 16 traversed
1700 3501 31 17 the
1751 3503 55 16 route
1822 3502 66 22 speaks
1894 3495 1 33 j

1455 3522 19 16 in
1483 3523 87 21 raptures
1578 3523 20 16 of
1617 3522 25 17 its
1650 3523 162 24 picturesqueness
1821 3525 37 17 and
1867 3531 19 11 as
1894 3522 1 25 !

1457 3545 30 16 the
1496 3545 49 16 fares
1553 3551 32 11 are
1593 3545 95 18 moderate
1698 3546 39 22 (10s
1744 3547 45 18 each
1798 3547 50 23 way)
1854 3548 31 17 the
1894 3541 1 29 !

1454 3568 37 16 line
1501 3568 38 16 will
1547 3573 24 11 no
1584 3567 60 19 doubt
1652 3569 23 17 be
1683 3569 80 23 liberal'y
1773 3570 113 22 patronised.
1894 3567 1 25 ]

1455 3591 82 17 Coaches
1545 3592 48 16 start
1599 3592 47 17 from
1657 3592 45 18 each
1710 3593 37 17 end
1759 3593 57 22 daily,
1838 3594 49 18 Sun-
1894 3591 1 24 j

1455 3613 46 23 days
1509 3615 34 16 not
1555 3615 95 21 excepted,
1661 3617 20 15 at
1691 3617 21 15 10
1721 3622 16 11 a.
1745 3622 25 11 in.

1479 3645 30 17 On
1537 3645 84 22 Monday
1641 3647 89 22 morning
1749 3648 33 16 the
1810 3646 79 25 railway

1454 3668 70 17 station
1533 3669 98 21 presented
1640 3676 11 10 a
1660 3675 52 11 scene
1728 3671 70 17 almost
1806 3677 23 11 on
1836 3678 10 10 a
1852 3677 35 16 par
1894 3668 1 25 '

1453 3691 48 16 with
1510 3691 42 17 that
1559 3692 20 16 of
1585 3692 33 16 the
1625 3693 87 21 previous
1719 3694 105 22 Thursday.
1848 3694 39 17 The
1894 3691 1 27 j

1453 3714 51 17 train
1524 3719 39 13 was
1579 3715 87 18 crowded
1686 3716 45 17 with
1752 3722 134 17 passengers—
1894 3714 1 28 j

1453 3737 77 17 tourists
1551 3743 24 11 on
1584 3737 48 17 their
1641 3744 42 17 way
1690 3739 49 18 back
1759 3742 20 14 to
1788 3740 99 17 Auckland

1453 3760 37 17 and
1510 3760 91 17 residents
1626 3761 46 18 bent
1692 3768 24 11 on
1725 3763 94 23 spending
1838 3763 49 17 their

1453 3782 44 18 Chri
1500 3784 56 16 stums
1560 3784 45 17 with
1610 3784 69 18 friends
1683 3785 106 18 elsewhere.
1793 3787 93 20 Amongst

1453 3806 32 18 the
1493 3806 57 18 latter
1559 3812 47 12 were
1615 3807 31 17 Mr
1657 3808 38 16 and
1706 3808 36 18 Mrs
1751 3808 97 21 Williams,
1855 3810 31 16 Mr

1452 3829 38 18 and
1500 3829 44 17 -Miss
1551 3829 67 22 Wylio,
1628 3830 84 21 Galatea,
1723 3832 31 16 Mr
1768 3832 118 17 Bennarand

1453 3852 44 17 Miss
1504 3852 97 20 Mandeno,
1606 3853 121 18 Maketuand
1732 3855 69 16 Messrs
1806 3855 80 17 Webber

1453 3875 64 22 Lynds
1525 3875 38 17 and
1571 3876 63 17 others
1646 3877 48 16 from
1704 3878 38 17 this
1761 3878 59 17 town.
1853 3878 33 17 We

1451 3899 51 16 trust
1509 3898 49 17 their
1568 3899 36 22 trip
1613 3900 38 16 will
1657 3906 57 15 prove
1723 3907 10 10 a
1745 3900 87 23 pleasant
1843 3906 42 12 one*

1475 3930 39 16 The
1523 3930 81 21 opening
1613 3931 20 16 of
1641 3931 32 16 the
1683 3931 71 18 Paeroa
1762 3932 98 17 extension
1865 3932 21 17 of

1451 3952 32 16 the
1491 3953 78 22 railway
1577 3953 38 17 line
1621 3959 39 11 was
1668 3954 106 18 celebrated
1782 3961 25 11 on
1815 3954 70 23 Friday
1894 3951 1 26 j

1451 3975 42 19 last,
1504 3975 19 17 in
1531 3981 89 16 presence
1627 3977 20 16 of
1660 3977 35 17 the
1705 3977 88 18 Minister
1806 3979 22 16 of
1832 3979 52 15 Rail-
1894 3975 1 22 I

1450 4004 58 16 ways,
1518 3998 46 17 with
1570 3999 25 16 all
1601 3999 32 17 tlie
1639 4000 49 17 eclat
1696 4001 108 22 customary
1809 4007 25 10 on
1839 4001 45 18 such
1894 3998 1 25 !

1451 4021 99 17 occasions.
1575 4022 40 17 The
1631 4022 107 19 time-table
1754 4024 16 16 is
1785 4024 100 22 published
1894 4021 1 25 !

1451 4044 19 16 in
1478 4044 80 17 another
1566 4045 75 17 column
1650 4046 50 17 from
1708 4047 62 17 which
1781 4047 15 17 it
1810 4047 36 17 will
1861 4047 24 17 bo

1451 4073 42 11 seen
1503 4067 42 17 that
1554 4073 23 11 on
1592 4068 99 22 Mondays,
1706 4069 128 23 Wednesdays
1846 4070 38 17 and

1451 4090 79 22 Fridays
1546 4090 52 17 tliero
1612 4097 31 10 are
1656 4092 52 22 early
1721 4093 88 21 morning
1825 4093 60 17 trains
1893 4090 2 26 |

1450 4113 85 17 between
1544 4113 24 17 Te
1583 4114 63 17 Arolia
1660 4114 38 18 and
1714 4115 117 21 Ohinemuri,
1846 4116 38 16 and
1893 4113 2 27 j

1451 4136 169 22 eveningtrainson
1625 4137 102 23 Tuesdays,
1734 4139 107 22 Thursdays
1846 4139 38 17 and
1893 4136 2 25 I

1451 4158 109 19 Saturdays.

1944 142 122 23 MrMalfroy
2074 142 62 18 stated
2143 143 20 17 at
2169 142 33 18 the
2207 142 85 23 meeting
2298 143 21 17 of
2324 144 33 16 tho

1921 167 52 15 town
1982 166 61 16 Board
2054 172 24 11 on
2093 165 71 22 Friday
2171 165 43 18 that
2223 166 32 16 the
2264 167 52 16 work
2337 167 20 16 of

1921 189 85 22 erecting
2014 189 32 17 the
2056 189 70 17 shelter
2134 194 45 12 over
2185 189 32 16 the
2223 194 42 12 new
2274 189 84 23 Sulphur

1921 212 60 17 Baths
1989 212 39 17 will
2037 212 24 17 be
2069 212 120 17 commenced
2202 212 104 17 forthwith.
2333 213 24 16 In

1921 234 33 17 the
1962 235 102 17 meantime
2079 241 12 11 a
2108 235 58 17 calico
2182 234 77 23 awning
2267 235 33 17 has
2308 235 49 18 been

1920 259 36 20 put
1965 264 31 16 up.
2022 259 45 16 Two
2081 258 78 17 shelters
2175 257 40 17 will
2227 258 23 16 be
2258 258 96 22 provided,

1921 287 35 10 one
1964 287 25 10 on
1998 281 32 17 the
2039 281 90 17 women's
2138 281 38 16 and
2184 281 32 16 the
2225 281 54 17 other
2289 285 26 13 onf
2323 283 33 16 the

1920 304 59 17 men's
1988 304 45 17 side.
2058 304 40 17 The
2103 306 89 20 supports
2197 304 39 16 will
2245 304 23 17 be
2274 306 19 15 of
2299 306 55 20 rimu,

1920 327 38 16 and
1966 327 33 17 the
2007 328 42 16 roof
2058 328 20 16 of
2086 327 55 17 kauri
2149 327 121 17 constructed
2277 328 19 16 in
2309 328 45 17 such

1920 356 12 10 a
1946 356 79 11 manner
2040 356 20 11 as
2079 351 21 16 to
2113 350 69 22 permit
2207 350 32 17 the
2254 356 65 17 escape
2336 352 20 16 of

1919 372 33 17 the
1966 373 80 22 sulphur
2059 374 66 16 fumes.
2155 374 76 21 During
2244 374 32 16 the
2290 380 55 11 exces-

1920 396 59 22 sively
1987 396 35 17 hot
2029 397 85 17 weather
2121 396 21 17 of
2152 396 32 17 the
2197 398 44 20 past
2254 397 51 17 week
2322 398 34 16 tho

1919 421 52 15 want
1980 420 21 16 of
2006 420 53 16 these
2067 419 80 17 shelters
2155 424 38 12 was
2201 421 50 15 most
2255 421 99 21 apparent.

1942 450 39 16 The
1997 451 117 22 regulations
2135 451 29 16 for
2173 450 32 17 the
2214 451 104 22 inspection
2335 453 21 16 of

1919 473 46 17 milk
1975 472 37 18 and
2021 474 68 17 dairies
2097 474 19 16 in
2126 474 33 16 the
2167 474 88 22 province
2264 475 19 16 of
2290 474 52 18 Auck-

1919 496 45 17 land
1973 502 31 11 are
2017 497 94 22 gazetted.
2136 497 52 22 They
2201 497 76 22 provide
2286 499 30 15 for
2322 498 34 17 the

1919 520 121 22 registration
2053 520 47 17 with
2109 520 32 17 the
2149 520 49 17 local
2218 521 63 16 Board
2300 521 21 17 of
2329 521 25 17 all

1919 548 77 17 persons
2016 543 89 22 carrying
2113 549 25 11 on
2158 544 32 16 the
2202 543 54 18 trade
2265 544 19 17 of
2304 550 38 11 cow-

1918 566 83 22 keepers,
2012 566 104 22 dairymen,
2126 572 22 11 or
2160 572 102 16 purveyors
2272 567 19 17 of
2301 568 52 18 milk;

1919 589 33 17 the
1960 589 104 23 inspection
2085 590 21 16 of
2125 589 58 18 cattle
2190 589 20 17 in
2230 589 73 22 dairies;
2322 591 33 16 the

1918 612 90 23 lighting,
2024 613 121 22 ventilating,
2159 612 93 24 cleaning,
2262 613 92 23 drainage

1918 635 38 17 and
1966 637 58 16 water
2041 636 69 22 supply
2119 636 21 16 of
2160 635 72 20 dairies,
2251 636 102 19 cowsheds,

1918 659 38 16 and
1964 659 62 22 yards;
2041 660 32 16 for
2079 659 89 22 securing
2176 659 32 17 the
2220 659 109 18 cleanliness
2335 661 21 17 of

1918 682 46 17 milk
1974 682 56 22 shops
2050 682 38 17 and
2100 682 76 20 vessels;
2197 683 30 16 for
2237 683 119 23 prescribing

1917 706 120 21 precautions
2056 707 20 15 to
2085 706 24 16 be
2120 705 58 17 taken
2198 706 31 17 for
2247 708 109 21 protecting

1918 728 46 17 milk
1973 729 78 22 against
2062 728 90 18 infection
2161 735 22 11 or
2198 730 154 19 contamination,

1918 751 38 17 and
1965 752 30 16 for
2015 751 119 23 prohibiting
2150 752 32 16 the
2191 751 38 18 sale
2250 753 20 16 of
2279 753 45 17 milk
2334 754 20 16 in

1910 775 1 22 |
1918 780 51 12 cases
1978 775 63 17 where
2049 775 33 17 tho
2090 775 65 22 public
2175 775 64 17 health
2248 776 63 17 would
2333 776 23 17 be

1918 797 58 22 likely
1992 799 21 15 to
2033 798 23 17 be
2077 798 120 22 endangered
2216 798 27 22 by
2255 799 45 17 such
2309 800 44 16 sale.

1918 821 26 17 At
1953 821 32 17 the
1994 821 48 17 New
2059 821 51 17 Year
2118 821 52 17 thesi
2190 822 116 22 regulations
2315 822 39 18 will

1919 850 53 11 come
1980 844 42 17 into
2030 845 57 16 force.

1941 876 82 22 Captain
2029 876 71 18 Canese
2106 876 20 17 of
2133 876 31 17 the
2170 882 31 11 s.s.
2209 876 27 17 Te
2242 876 42 18 Koa
2292 877 64 17 which

1917 899 75 17 arrived
2005 899 20 17 in
2046 899 100 17 Auckland
2155 905 24 11 on
2199 900 98 22 Thursday
2317 901 38 17 last

1917 922 88 22 reported
2026 923 44 16 that
2086 929 24 10 on
2130 923 119 22 Wednesday
2266 924 89 22 morning

1918 946 55 16 when
1981 951 12 11 a
2001 946 37 17 few
2050 946 54 17 miles
2124 947 20 16 to
2156 946 32 16 the
2208 946 110 17 northward
2335 948 20 16 of

1917 969 73 22 Tologa
1999 969 46 22 Bay,
2055 969 24 17 he
2087 969 91 17 observed
2189 969 53 17 what
2261 970 93 22 appeared

1917 993 21 16 to
1946 991 24 17 bo
1976 998 11 11 a
1995 992 86 17 volcanic
2093 992 88 22 eruption
2192 998 52 11 some
2263 993 53 17 miles
2323 994 20 16 in-

1917 1014 52 17 land.
1994 1015 41 17 The
2040 1016 25 16 To
2072 1016 43 16 Koa
2121 1021 38 11 was
2167 1015 60 18 about
2231 1017 32 16 ten
2269 1016 52 17 miles
2328 1017 28 16 off

1917 1038 35 17 the
1961 1038 45 17 land
2015 1040 20 15 at
2044 1038 33 18 the
2082 1038 52 19 time,
2142 1038 38 17 and
2186 1039 32 17 the
2225 1040 92 16 attention
2334 1041 20 16 of

1917 1061 82 22 Captain
2008 1061 71 18 Canese
2088 1068 38 10 was
2134 1062 95 17 attracted
2236 1062 26 22 by
2276 1069 11 11 a
2300 1062 54 23 large

1917 1084 77 18 column
2002 1085 21 17 of
2027 1085 65 17 smoke
2100 1085 37 16 and
2147 1085 33 17 fire
2191 1085 61 17 which
2260 1085 94 23 suddenly

1917 1108 44 17 shot
1972 1114 26 16 up
2019 1108 39 17 into
2079 1108 33 17 the
2121 1108 28 17 air
2173 1109 20 16 to
2209 1115 12 10 a
2233 1109 120 18 tremendous

1917 1130 73 23 height..
2016 1132 18 15 If
2048 1131 36 17 had
2103 1131 24 16 all
2138 1132 31 16 the
2189 1137 116 17 appearance
2310 1133 21 16 of
2342 1139 12 10 a

1917 1154 72 17 sudden
1999 1155 44 17 rush
2059 1155 20 17 of
2089 1156 67 19 steam,
2166 1155 69 20 smoke,
2244 1155 37 17 and
2289 1155 62 21 flame,

1917 1177 33 17 tho
1956 1177 58 18 latter
2022 1178 20 17 of
2050 1184 12 11 a
2068 1178 74 22 Variety
2150 1178 21 17 of
2179 1177 79 18 colours.
2272 1179 81 22 Captain

1910 1200 1 20 ■
1917 1201 70 16 Canese
1997 1200 44 18 does
2048 1203 36 15 not
2096 1201 56 17 think
2161 1202 15 16 it
2184 1207 39 11 was
2231 1208 11 10 a
2255 1202 47 17 bush
2312 1202 39 18 tire,

1917 1223 35 17 but
1971 1224 78 18 inclines
2062 1226 20 16 to
2109 1224 32 17 the
2149 1224 43 18 idea
2209 1225 21 17 of
2237 1231 12 11 a
2269 1225 84 17 volcanic

1916 1247 94 22 eruption.
2036 1248 39 16 The
2084 1247 93 18 direction
2185 1248 20 16 in
2222 1248 61 18 which
2290 1249 15 16 it
2314 1254 38 12 was

1916 1275 45 12 seen
1981 1271 63 16 would
2065 1271 23 16 be
2109 1271 114 17 somewhere
2239 1272 61 17 about
2319 1273 33 16 the

1917 1293 88 17 Urewera
2015 1294 52 17 Conn
2070 1296 39 20 try.-
2133 1294 24 17 So
2166 1294 35 21 fav,
2215 1295 83 23 nothing
2317 1295 35 18 has

1915 1316 47 17 been
1971 1317 59 17 heard
2052 1318 20 16 of
2092 1323 38 16 any
2151 1317 119 19 disturbance
2279 1318 19 17 in
2319 1319 33 16 tho

1915 1339 92 18 direction
2026 1340 102 18 indicated.

1940 1371 33 17 AS
1983 1372 54 17 TUB
2045 1371 69 19 FOOD
2120 1372 24 17 IS
2153 1372 174 18 ASSIMILATED

1915 1420 40 17 Tlio
1966 1420 76 17 volume
2056 1421 21 16 of
2092 1421 57 17 blood
2166 1421 97 21 increases,
2281 1423 38 16 and
2336 1423 15 17 it

1915 1442 86 19 becomes
2011 1450 12 10 a
2036 1443 39 18 rich
2090 1443 105 18 nutriment
2208 1444 21 20 yf
2243 1451 55 12 nerve
2312 1446 39 17 and

1915 1466 95 17 muscular
2019 1467 63 17 tissue.
2108 1464 77 21 'Wolfe's
2199 1467 100 24 Schnapps
2310 1469 40 17 aids

1914 1489 130 18 assimilation.

1985 1548 186 19 MAGISTRATE'S
2189 1548 90 19 COERT.

1938 1595 25 16 At
1971 1595 38 17 this
2018 1596 55 17 court
2081 1602 25 10 on
2115 1595 84 22 Monday
2205 1596 65 18 before
2276 1597 73 17 Lieut.-

1914 1617 40 18 Col.
1964 1618 87 21 Roberts,
2063 1619 55 20 S.M.,
2128 1619 52 18 Here
2188 1619 102 23 Piripiand
2300 1621 37 17 Kar-

1910 1642 1 24 .
1914 1642 38 21 aipi
1961 1642 88 22 Hamopo
2059 1648 48 11 were
2115 1642 83 22 charged
2209 1643 47 17 with
2270 1644 68 22 permit-

1913 1665 44 22 ting
1964 1664 51 18 their
2022 1665 86 18 bullocks
2121 1667 21 15 to
2155 1667 53 21 stray
2224 1668 20 16 at
2251 1666 52 23 large
2311 1667 39 17 and

1914 1688 78 22 thereby
2013 1689 59 16 inflict
2097 1689 81 22 damage
2194 1695 24 11 on
2235 1690 33 16 the
2284 1696 66 17 young

1913 1713 57 15 street
1987 1713 55 16 trees.
2076 1711 57 18 After
2148 1712 89 17 evidence
2248 1713 36 17 had
2302 1713 48 18 been

1913 1734 57 17 heard
1980 1735 32 16 the
2028 1735 65 17 Bench
2106 1735 109 18 considered
2231 1736 32 17 the
2279 1737 70 21 charge
2357 1734 1 25 j

1913 1757 71 22 proved
2000 1758 37 17 and
2055 1758 84 18 inflicted
2163 1759 46 17 lines
2224 1759 67 21 which,
2302 1760 46 18 with
2357 1757 1 24 \

1913 1779 168 23 costs,'amounted
2089 1783 20 15 to
2119 1781 25 18 £3
2154 1783 26 16 Gs.
2205 1783 142 23 Mrsßrinkloy.
2357 1779 1 28 |

1913 1804 29 17 for
1951 1804 91 24 allowing
2049 1805 34 17 her
2092 1811 39 11 cow
2140 1806 20 16 to
2169 1806 58 22 stray,
2234 1806 38 17 and
2277 1807 19 16 J.
2303 1807 46 17 Bird
2357 1804 1 24 1

1913 1827 29 17 for
1950 1828 114 23 permitting
2072 1829 29 16 six
2117 1828 65 17 horses
2199 1830 21 15 to
2227 1834 58 15 roam,
2300 1836 42 11 were-

1913 1851 60 17 mulct
1980 1851 19 17 in
2009 1851 32 17 the
2050 1857 52 11 sums
2110 1852 20 16 of
2141 1852 29 16 14s
2179 1852 37 16 and
2227 1852 30 18 12s
2265 1855 73 20 respect-

1912 1873 56 23 ively.
1994 1875 22 16 It.
2028 1875 21 16 D.
2061 1875 76 22 Dansey
2147 1880 37 11 was
2193 1875 83 23 charged
2284 1882 23 11 on
2317 1877 27 17 the-

1912 1897 122 18 information
2044 1898 20 17 of
2080 1898 32 17 the
2129 1898 37 17 last
2182 1898 103 18 defendant
2301 1900 47 17 with

1912 1920 66 17 wilfii.l
1983 1927 10 11 v
2002 1922 113 21 permitting
2123 1928 12 10 a
2143 1921 54 18 horse
2210 1923 20 16 to
2240 1922 75 18 wander
2324 1929 24 11 on

1912 1943 108 18 November
2027 1945 29 16 30.
2082 1944 109 18 Defendant
2205 1945 92 18 admitted
2305 1946 44 18 that

1912 1967 31 16 the
1954 1967 54 18 horse
2020 1973 38 12 was
2066 1967 51 18 loose
2134 1974 25 10 on
2175 1967 33 18 the
2224 1968 44 18 date
2284 1969 63 22 given,

1912 1990 35 17 but
1955 1992 33 15 not
1998 1990 82 22 wilfully
2086 1997 24 11 on
2120 1991 29 17 his
2157 1993 49 19 part.
2222 1992 55 17 Hone
2284 1993 63 19 liana,

1912 2019 10 11 a
1931 2013 95 18 butcher's
2033 2014 95 20 assistant,
2135 2014 62 18 stated
2204 2015 43 17 that
2253 2016 19 16 in
2279 2022 9 10 o
2294 2016 54 21 tiling

1911 2038 21 15 at
1940 2037 33 17 the
1981 2037 120 17 defendant's
2110 2038 58 16 house
2178 2038 23 17 lie
2216 2038 40 18 had
2272 2038 35 18 left
2316 2040 33 16 the
2357 2033 1 27 |

1911 2061 45 21 gate
1964 2066 55 16 open.
2044 2061 31 16 He
2085 2066 37 11 saw
2134 2061 32 16 the
2173 2061 54 17 horse
2245 2068 25 16 go
2286 2064 33 16 out
2329 2063 20 17 of
2357 2061 1 23 j

1912 2083 31 17 the
1953 2084 49 21 gate,
2013 2083 38 18 and
2060 2084 75 22 though
2144 2084 76 18 witness
2225 2085 49 18 tried
2281 2085 22 18 he
2310 2092 38 11 was
2357 2078 1 30 |

1911 2103 70 21 unable
1989 2108 20 16 to
2030 2108 80 21 prevent
2129 2107 40 17 him
2190 2108 77 23 getting
2286 2115 61 17 away.

1911 2129 39 17 The
1959 2135 41 12 case
2017 2136 38 11 was
2072 2130 99 18 dismissed
2187 2131 47 17 with
2252 2133 30 16 14s
2291 2134 55 16 costs,
2357 2125 1 30 |

1911 2152 80 18 Christie
2001 2153 71 18 Wilson
2082 2153 82 23 charged
2174 2153 45 18 with
2232 2155 117 23 trespassing
2357 2152 1 26 1

1911 2181 24 11 on
1944 2176 32 16 tho
1984 2177 89 21 premises
2084 2177 20 15 of
2112 2177 18 16 J.
2141 2177 25 16 H.
2176 2177 68 21 Taylor
2253 2184 38 11 was
2298 2178 49 17 fined

1913 2199 29 16 10s
1949 2199 38 17 and
1996 2200 55 16 costs.
2077 2199 25 17 H.
2113 2199 51 17 Roth
2178 2204 37 12 was
2232 2200 82 22 charged
2323 2207 25 11 on

1911 2221 32 18 the
1951 2221 123 19 information
2083 2223 20 16 of
2111 2222 51 17 John
2172 2222 21 17 L.
2204 2223 47 16 Reid
2260 2223 45 17 with
2314 2224 23 17 be-

1910 2245 34 21 ing
1952 2245 33 16 the
1994 2251 63 11 owner
2066 2246 20 16 of
2094 2252 12 10 a
2114 2245 71 18 mastiff
2192 2245 38 23 dog
2239 2246 61 18 which
2309 2247 18 16 in
2338 2253 10 10 a

1910 2267 65 22 public
1982 2268 46 17 road
2037 2268 38 17 had
2084 2268 87 18 attacked
2185 2275 11 11 a
2211 2269 56 18 horse
2282 2270 66 17 driven

1912 2291 24 21 l>y
1944 2291 130 23 complainant
2087 2291 79 23 thereby
2183 2292 129 23 endangering
2319 2293 28 17 his

1910 2314 38 17 life.
1975 2315 18 16 It
2002 2320 39 12 was
2054 2315 101 22 explained
2171 2315 42 17 that
2229 2316 33 17 the
2279 2317 69 22 charge

1911 2343 37 12 was
1957 2338 113 17 withdrawn
2079 2338 64 22 owing
2151 2339 21 16 to
2183 2339 33 17 tho
2231 2339 88 23 inability
2328 2339 21 19 of

1911 2360 32 17 the
1952 2361 129 22 complainant
2091 2363 19 16 to
2116 2366 71 18 appear
2194 2362 19 17 in
2223 2362 64 17 Court.

1934 2384 39 17 The
1981 2384 100 23 following
2090 2390 51 12 cases
2158 2391 23 11 on
2199 2386 31 16 the
2249 2386 42 17 civil
2308 2386 39 18 side

1910 2413 49 11 were
1964 2407 88 23 disposed
2058 2408 20 17 of
2083 2408 38 17 and
2127 2409 32 17 the
2166 2409 58 17 Court
2230 2409 105 23 adjourned
2343 2407 3 25 :

1910 2430 28 17 W.
1949 2430 73 23 Rogers
2037 2437 18 11 v.
2077 2432 23 16 G.
2122 2432 28 17 W.
2172 2430 58 24 Atty;
2246 2432 54 17 claim
2318 2433 30 18 for

1911 2453 25 17 £8
1948 2455 30 15 lis
1989 2454 39 17 lid.
2042 2454 61 18 Order
2110 2455 54 17 made
2181 2455 30 17 for
2227 2457 91 21 payment
2327 2456 20 17 of

1911 2477 25 17 £2
1946 2482 34 17 per
1993 2478 117 17 month.—J.
2121 2479 25 16 H.
2164 2478 66 23 Tayloi
2231 2477 1 24 -
2249 2485 18 11 v.
2282 2479 65 17 James

1912 2499 101 22 Morrison;
2027 2501 58 18 cluim
2101 2502 30 17 for
2148 2502 35 17 £ll
2204 2503 30 16 14s
2242 2502 32 17 61.
2299 2498 59 23 Vor-I

1910 2520 39 20 diet
1959 2524 28 17 for
1995 2524 85 21 plaintiff
2087 2525 46 16 with
2142 2526 55 16 costs.

2084 2577 91 17 TAUPO.

1942 2630 67 22 [Fi'.om
2020 2634 40 13 oun
2070 2635 46 12 ows
2128 2632 186 23 cokkestondext.]

1933 2677 27 16 At
1968 2677 32 16 tlio
2009 2676 48 18 S.M.
2076 2677 59 17 Court
2150 2677 44 17 hero
2211 2683 24 12 on
2253 2678 31 17 tlio
2302 2679 43 17 IStli

1910 2699 44 18 inst.
1963 2700 64 17 before
2042 2700 115 17 Lieut.-Col.
2174 2700 79 18 Roberts
2267 2702 33 16 the
2308 2702 28 17 fol-

1910 2722 71 23 lowing
1990 2728 51 12 cases
2055 2729 48 11 were
2119 2723 88 22 disposed
2215 2724 21 16 of
2243 2722 102 26 :—George

1910 2745 59 18 Blake
1978 2752 17 11 v.
2001 2745 52 18 John
2062 2745 57 25 Hall;
2134 2747 32 17 the
2172 2747 102 23 judgment
2279 2748 66 18 debtor

1910 2768 32 18 did
1951 2770 34 16 not
1994 2775 69 17 appear
2072 2776 21 11 or
2102 2770 61 22 allege
2180 2770 91 17 sufficient
2279 2777 66 12 reason

1910 2792 30 16 for
1948 2794 34 16 not
1990 2792 59 23 doing
2058 2799 26 12 so,
2095 2793 38 17 and
2139 2799 37 11 was
2193 2794 78 17 ordered
2279 2796 20 15 to
2307 2801 38 16 pay

1910 2815 26 18 £3
1947 2816 31 17 13s
1982 2815 26 23 by
2014 2816 87 22 January
2109 2814 54 20 next.
2164 2817 84 22 —Nepia
2256 2818 89 23 Matenga

1910 2844 18 11 v.
1937 2839 70 17 Araina
2016 2839 87 17 AVaraka.
2118 2839 28 17 Air
2163 2839 50 18 Park
2222 2840 54 18 acted
2286 2847 21 11 as
2315 2841 20 17 in-

1910 2862 98 22 terpreter.
2041 2863 40 16 The
2097 2861 86 24 plaintiff
2195 2863 78 18 claimed
2290 2864 26 17 £,'>
2326 2865 18 16 in

1909 2885 38 17 lieu
1957 2885 20 17 of
1985 2886 29 18 300
2014 2886 29 18 ft.
2053 2886 21 16 of
2082 2891 51 11 sawn
2146 2886 74 20 timber,
2236 2887 61 17 which
2307 2893 38 12 was

1910 2908 45 22 paid
1963 2909 30 16 for
2003 2909 18 16 in
2030 2909 65 17 March
2107 2910 49 15 1891.
2182 2909 77 18 Verdict
2269 2911 29 17 for
2312 2911 33 17 the

1910 2931 84 22 plaintiff
2001 2932 29 17 for
2039 2931 26 18 £4
2074 2932 47 17 with
2131 2933 30 16 16s
2170 2932 25 17 6d
2203 2934 55 17 costs.

1934 2954 69 23 Owing
2009 2956 20 16 to
2038 2955 32 16 the
2079 2956 108 22 generosity
2196 2956 20 17 of
2225 2956 120 18 MrCadman

1910 2978 44 17 who
1960 2978 74 17 handed
2043 2985 11 10 a
2062 2978 66 18 liberal
2135 2978 92 18 donation
2234 2981 20 15 to
2261 2980 32 17 Mr
2298 2980 35 18 Gal-

1909 3001 73 22 lagher,
2001 3001 54 17 when
2072 3001 46 17 liero
2133 3001 31 18 the
2184 3002 54 17 other
2255 3003 36 22 day
2313 3004 32 17 the

1910 3024 63 17 school
1989 3024 62 22 picnic
2067 3030 38 11 was
2122 3030 25 11 an
2163 3025 90 18 immense
2266 3032 78 13 success.

1910 3047 94 18 Wairakei
2012 3053 39 12 was
2068 3048 32 16 the
2109 3048 68 17 chosen
2193 3048 59 23 place,
2267 3050 36 16 and
2313 3050 32 17 the

1910 3072 119 21 youngsters,
2039 3071 38 17 and
2088 3071 32 17 the
2135 3071 61 17 elders
2211 3072 43 17 who
2271 3079 61 11 accom-

1909 3094 69 22 panied
1987 3094 58 20 them,
2063 3094 82 22 enjoyed
2162 3095 113 18 themselves
2283 3098 19 15 to
2312 3097 32 17 the

1910 3118 33 21 top
1952 3118 19 15 of
1980 3117 49 17 their
2036 3118 53 17 bent.

1933 3140 30 17 Oji
1972 3140 118 23 Wednesday
2098 3141 82 23 evening
2188 3141 37 18 last
2233 3148 11 11 a
2254 3144 48 15 most
2310 3149 23 10 en-

1909 3163 76 22 joyable
1999 3163 59 17 dance
2074 3164 47 17 took
2136 3164 54 22 place
2206 3165 20 16 in
2234 3166 33 16 the
2276 3166 57 17 Court-

1909 3184 58 19 house
1976 3186 30 17 for
2014 3187 32 17 the
2055 3192 82 18 purpose
2154 3188 20 16 of
2187 3187 81 23 bidding
2276 3191 12 15 a'
2295 3190 37 16 tem-

1909 3215 69 17 porary
1987 3210 83 17 farewell
2085 3212 20 15 to
2114 3210 46 17 Miss
2176 3211 83 22 Keaney,
2270 3212 64 18 school-

1909 3232 80 21 teacher,
2000 3233 43 17 who
2051 3239 39 12 was
2104 3239 24 11 on
2145 3234 33 17 the
2194 3240 33 11 eve
2236 3235 20 17 of
2269 3235 76 23 leaving

1910 3255 30 17 for
1953 3255 34 17 her
2003 3255 106 19 Christmas
2123 3257 92 22 holidays.
2241 3259 31 15 Mi-
2287 3259 57 20 Park,

1910 3279 95 17 chairmen
2014 3279 20 18 of
2042 3279 33 18 the
2092 3280 64 17 school
2173 3281 112 19 committee,
2301 3287 33 17 pre-

1910 3302 63 17 sented
1983 3302 34 17 her
2025 3303 45 16 with
2081 3309 10 11 a
2098 3303 44 22 gold
2156 3303 71 18 brooch
2241 3310 24 11 cm
2281 3305 64 17 behalf

1910 3326 20 16 of
1945 3325 33 17 the
1995 3325 90 21 children,
2102 3326 39 17 and
2155 3326 46 18 with
2218 3333 11 11 a
2243 3328 102 18 work-box

1910 3348 49 17 from
1965 3354 12 11 a
1985 3349 37 17 few
2030 3349 21 16 of
2062 3349 32 17 the
2111 3355 66 17 young
2193 3350 44 22 lady
2254 3351 91 17 residents

1909 3377 20 11 as
1938 3372 67 17 tokens
2022 3372 20 17 of
2050 3372 33 17 the
2099 3374 69 16 esteem
2182 3373 19 16 in
2211 3373 62 18 which
2288 3374 33 17 she
2329 3375 16 16 is

1909 3394 45 17 held
1964 3394 51 18 here.

1933 3417 39 17 The
1980 3418 83 17 weather
2077 3419 35 17 has
2128 3419 47 17 been
2192 3420 103 23 extremely
2310 3421 35 17 hot

1910 3441 19 16 of
1937 3441 43 20 late,
1990 3441 33 17 the
2030 3443 88 16 warmest
2123 3442 123 22 experienced
2253 3444 28 16 for
2287 3450 58 16 many

1910 3469 59 16 years.
2001 3464 29 17 On
2047 3465 100 21 Thursday
2163 3466 32 16 the
2211 3466 134 18 thermometer

1909 3486 89 18 recorded
2006 3488 67 21 SGdcg.
2083 3488 20 17 in
2119 3488 33 17 the
2161 3488 62 21 shade,
2242 3495 24 11 on
2274 3490 71 22 Friday

1910 3510 28 18 90,
1948 3509 38 17 and
2001 3516 24 11 on
2042 3511 95 22 Saturday
2154 3511 66 24 89deg.
2245 3513 58 17 There
2310 3513 34 17 has

1909 3532 47 17 been
1964 3539 25 11 no
1998 3533 40 18 rain
2048 3534 29 17 for
2093 3536 38 15 two
2148 3534 60 17 weeks
2225 3536 37 17 and
2278 3542 55 13 every-

1909 3556 56 22 thing
1974 3556 15 17 is
1996 3556 82 23 parched
2086 3558 38 16 and
2133 3557 52 18 dried
2194 3563 33 17 up.

1940 3610 173 19 ROBERTSON'S
2123 3612 60 17 NEW
2195 3613 109 18 STABLES.

1933 3657 22 17 In
1964 3663 11 11 a
1984 3657 53 22 place
2044 3658 61 16 which
2115 3658 82 22 depends
2212 3665 20 11 so
2248 3660 56 17 much
2319 3666 24 11 on

1909 3679 33 17 thr-
1949 3680 87 18 facilities
2042 3681 70 17 offered
2119 3683 20 15 to
2146 3682 78 16 tourists
2229 3683 37 16 and
2273 3683 60 17 travel-

1908 3702 35 18 lers
1954 3703 28 17 for
1990 3704 79 22 visiting
2078 3704 32 17 the
2123 3705 74 17 various
2206 3705 75 18 natural
2290 3712 39 11 won-

1908 3725 42 17 ders
1959 3726 37 18 and
2004 3726 85 19 beauties
2097 3728 21 16 of
2126 3728 32 16 the
2175 3728 143 22 neighborhood
2332 3736 11 9 a

1908 3749 156 22 well-appointed
2072 3749 61 23 livery
2138 3750 39 18 and
2183 3751 92 22 coaching
2282 3752 61 17 stable

1908 3771 15 17 is
1932 3778 10 11 a
1952 3771 132 20 desideratum.
2110 3773 75 18 Amidst
2194 3774 32 17 the
2237 3780 56 17 many
2305 3775 25 17 im-

2044 3796 100 21 therefore,
2155 3796 60 18 which
2222 3797 48 18 huvj
2286 3798 56 17 taken

1907 3818 53 21 place
1968 3819 20 16 in
1997 3818 84 18 Rotorua
2091 3820 70 22 during
2173 3819 33 18 the
2218 3822 44 20 past
2275 3822 67 16 twelve

1907 3841 76 17 months
1999 3842 33 16 the
2052 3843 53 16 work
2126 3843 19 16 of
2165 3844 126 22 transferring
2311 3845 31 16 Mr

1907 3864 122 18 Robertson's
2036 3865 90 22 promises
2137 3866 48 17 from
2194 3866 33 17 the
2236 3866 31 17 old
2276 3869 19 14 to
2309 3867 33 18 the

1906 3892 41 12 now
1956 3889 52 15 town
2017 3888 14 17 is
2039 3890 31 16 nol
2083 3888 32 17 the
2123 3888 47 17 least
2179 3889 110 22 important.
2302 3890 40 17 The

1907 3910 114 22 completion
2034 3912 20 16 of
2067 3912 33 16 the
2113 3911 77 22 railway
2205 3912 37 17 line
2256 3913 85 17 between

1906 3932 43 18 here
1958 3933 38 18 and
2004 3934 102 17 Auckland
2113 3935 90 17 rendered
2216 3935 48 18 such
2275 3942 11 10 a
2298 3937 43 21 step

1906 3955 109 22 imperative
2035 3957 39 17 and
2101 3958 121 22 recognising
2241 3959 43 20 this,
2309 3959 32 17 Mr

1905 3979 112 20 Robertson,
2027 3985 21 12 at
2055 3980 34 17 the
2096 3986 69 17 proper
2176 3981 51 20 lime,
2239 3982 76 17 secured
2329 3988 11 11 a

1906 4002 34 17 site
1955 4002 19 17 in
1987 4003 34 17 the
2033 4009 41 11 new
2088 4003 95 22 township
2199 4004 67 17 within
2266 4002 3 23 1
2281 4005 59 17 ready

1905 4031 61 11 access
1975 4025 21 18 of
2003 4026 33 17 the
2044 4026 79 22 railway
2131 4027 71 16 station
2210 4027 38 18 and
2262 4028 77 22 capable

1905 4048 21 16 of
1941 4049 84 22 meeting
2041 4049 26 17 all
2083 4050 35 16 the
2137 4050 135 21 requirements
2291 4052 20 16 of
2328 4057 11 11 a

1905 4071 75 22 rapidly
1990 4071 107 24 increasing
2109 4072 59 18 trade.
2199 4072 78 23 Shortly
2289 4074 50 17 after

1905 4094 130 23 commencing
2043 4095 107 22 operations
2161 4097 21 15 at
2194 4095 33 17 the
2239 4102 65 12 corner
2318 4097 21 17 of

1905 4116 105 18 Tutanckai
2025 4118 39 17 and
2080 4119 171 17 ITinemoa-streots
2267 4119 16 17 it
2298 4126 40 11 was

1905 4144 42 12 seen
1968 4140 43 17 that
2025 4141 32 17 the
2074 4141 32 17 old
2126 4141 97 23 buildings
2243 4142 55 17 could
2314 4143 24 16 be

1904 4162 76 17 utilised
1989 4164 44 22 only
2043 4165 19 16 to
2077 4171 11 10 a
2101 4164 55 17 small
2169 4165 70 21 extent,
2257 4172 21 10 so
2295 4166 42 16 that

2380 143 33 17 the
2441 143 89 22 premises
2551 143 61 18 under
2633 144 63 18 notice
2721 150 45 17 may
2786 151 20 11 re-

2380 166 72 20 garded
2460 172 21 11 us
2489 172 42 11 new
2546 167 19 16 in
2579 172 56 18 every
2648 168 90 17 essential
2752 167 64 18 detail.

2380 190 38 16 The
2435 190 172 17 Tutanekai-street
2628 191 90 23 frontage
2737 191 80 18 extends

2380 212 30 17 for
2418 213 24 16 Ga
2448 212 40 18 feet
2501 212 39 17 and
2554 213 45 17 that
2614 215 20 16 to
2651 214 165 17 Hinemoa-street

2367 245 2 38 I
2379 258 70 17 former
2456 259 65 20 street,
2530 264 12 11 a
2549 259 81 18 suitable
2639 261 97 21 approach
2744 261 73 22 having

2367 279 4 25 \
2378 281 48 18 been
2434 282 55 16 made
2494 282 27 21 by
2528 282 79 22 making
2615 289 11 10 a
2638 283 74 17 culvert
2724 289 45 12 over
2783 284 33 17 the

2378 305 59 17 water
2446 304 85 18 channel.
2557 305 30 17 On
2595 306 35 16 the'
2636 306 36 17 left
2679 306 17 18 is
2704 313 12 11 a
2724 309 80 15 comfort-

2378 327 42 17 aide
2429 328 52 17 office
2495 327 37 17 and
2546 329 112 17 convenient
2667 329 79 18 harness
2762 336 53 11 room

2378 350 37 17 and
2424 357 24 10 on
2457 351 32 16 the
2498 351 52 22 right
2564 351 33 18 the
2597 350 2 25 1
2609 357 44 17 pass
2658 358 31 17 ige
2702 354 34 16 ext
2740 353 42 17 ?nds
2794 354 22 16 to

2378 373 33 17 the
2427 374 62 21 yards,
2503 374 36 17 the'
2549 375 79 16 covered
2646 381 41 16 way
2705 376 84 22 forming
2803 383 12 10 a

2378 397 85 21 spacious
2467 397 127 18 coach-house
2604 398 19 16 11
2631 398 38 17 feet
2675 398 53 18 wide.
2743 399 59 17 Flank-

2378 419 34 23 ing
2425 420 33 17 the
2472 426 80 16 passage
2565 426 32 11 are
2611 421 54 17 three
2680 421 52 18 loose
2748 423 65 21 boxes,

2378 442 50 22 lofty
2441 443 38 16 and
2493 443 163 21 well-ventilated,
2672 445 38 17 and
2724 447 19 16 at
2761 446 54 22 right

2378 466 66 22 angles
2458 466 16 16 is
2486 466 81 18 another
2578 473 80 16 passage
2672 468 20 17 of
2705 468 59 17 about
2781 469 33 17 the

2378 492 54 13 same'
2436 489 62 17 width
2505 489 72 22 having
2593 489 53 23 eight
2660 491 54 17 stalls
2727 497 24 11 on
2767 492 46 17 each

2378 511 45 17 side.
2448 511 69 23 Ample
2530 514 76 21 storage
2619 514 164 18 accommodation
2797 515 16 17 is

2367 535 1 22 ;
2378 535 84 16 afforded
2478 535 99 20 overhead,
2592 536 35 17 the'
2641 537 54 16 stalls
2708 537 37 17 and
2762 538 51 17 loose

2378 557 58 18 boxes
2453 558 72 23 having
2542 558 47 18 been
2604 559 66 18 roofed
2687 566 45 12 over
2748 560 38 18 and
2802 568 11 10 a

2367 580 1 27 I
2378 580 47 18 floor
2432 581 74 17 formed
2514 581 79 23 capable
2600 582 21 17 of
2629 583 165 24 accommodating
2802 591 11 10 a

2367 604 1 27 j
2378 604 68 22 supply
2467 605 20 17 of
2503 605 105 22 provender
2622 606 100 18 estimated
2739 613 23 11 on
2780 608 33 16 the

2367 627 1 24 j
2378 628 49 17 most
2435 627 67 18 liberal
2510 628 54 17 scale.
2590 628 24 17 In
2619 629 32 17 the
2657 630 48 21 yard
2710 630 15 17 is
2733 631 81 17 another

2367 651 1 25 ;
2378 656 58 17 range
2448 651 20 17 of
2481 651 50 17 loose
2543 651 63 20 boxes,
2625 652 44 22 (five
2683 653 20 17 in
2717 653 94 23 number),

2367 672 1 27 |
2378 680 65 16 roomy
2452 673 38 18 and
2503 674 164 20 well-ventilated,
2682 677 39 16 and
2734 684 11 10 a
2759 677 54 22 large

2377 697 94 23 building,
2480 699 23 14 40
2513 698 37 17 feet
2563 698 25 22 by
2601 699 23 16 26
2637 699 39 17 feet
2690 706 62 11 serv<«
2764 706 21 11 as
2801 707 12 10 a

2377 720 128 18 coach-house
2517 726 52 17 prow
2569 726 6 6 1
2576 720 4 23 :
2587 720 3 23 ,
2606 722 63 17 where
2682 723 34 17 the
2732 724 81 17 vehicles

2376 745 35 15 not
2419 743 20 17 in
2447 743 64 17 actual
2523 741 48 23 daily
2589 750 31 12 >_:b_
2634 751 31 11 -re
2680 746 77 18 housed.
2790 747 23 17 In

2378 767 33 18 the
2418 766 49 22 yard
2474 772 31 11 are
2518 767 32 17 alsi
2570 767 75 18 T«iious
2658 770 77 16 smaller
2749 769 53 17 build-

2377 790 43 23 ings
2428 790 80 17 allotted
2517 791 19 16 to
2545 790 87 19 different
2639 797 97 17 purposes,
2751 793 38 16 and
2802 800 11 10 a

2377 813 58 22 ready
2444 812 69 23 supply
2526 814 20 16 of
2559 816 58 15 water
2630 815 15 17 is
2659 816 93 17 available
2765 816 48 17 both

2376 837 63 17 inside
2446 836 36 16 and
2491 838 41 15 out.

2401 862 29 15 Mr
2446 859 122 18 Roliertson's
2585 862 110 16 connection
2711 862 46 18 with
2775 863 38 16 this

2378 883 74 17 district
2460 882 79 17 extends
2548 890 44 11 over
2600 891 11 9 a
2619 884 66 22 period
2694 885 21 17 of
2723 886 22 16 '23
2758 891 55 17 years

2376 907 75 17 —since
2473 907 49 19 18G9,
2540 907 21 17 in
2576 908 51 16 fact-
2633 908 62 17 -when
2713 908 34 17 the
2768 909 45 22 only

2377 936 64 11 means
2455 930 20 16 of
2488 931 160 22 communicating
2661 931 48 17 with
2722 932 33 16 the
2769 934 33 15 out-

2377 953 39 18 side
2432 952 60 18 world
2506 959 39 11 was
2559 953 26 23 by
2599 953 32 18 the
2644 954 66 17 saddle
2722 955 55 17 track
2793 957 20 15 to

2376 977 101 21 Tauranga
2486 976 61 17 round
2555 976 25 22 by
2590 976 86 18 Maketif.
2702 979 19 16 It
2733 985 37 10 was
2778 980 35 15 not

2376 1000 49 17 until
2436 1000 44 17 1873
2489 999 42 17 that
2540 1000 33 17 the
2573 999 2 24 1
2581 1000 95 23 coaching
2681 1000 86 19 business
2779 1002 23 17 be-

2376 1029 39 15 gan
2423 1025 20 15 to
2457 1022 81 23 develop'
2552 1023 38 17 and
2603 1023 107 19 since'that
2724 1025 46 17 time
2785 1026 28 16 Mr

2376 1045 123 19 Robertson's
2506 1051 56 12 name
2569 1045 35 18 has
2612 1047 47 17 been
2668 1044 70 26 closely
2743 1048 60 17 identi-

2376 1069 37 17 fied
2422 1069 46 17 with
2476 1069 22 17 it.
2524 1069 23 17 In
2559 1070 49 21 spite
2620 1070 20 17 of
2646 1072 114 21 opposition,
2775 1072 38 17 and

2376 1094 19 16 in
2404 1093 41 17 face
2454 1093 20 17 of
2481 1098 102 12 numerous
2592 1093 53 17 other
2660 1094 113 21 difficulties,
2780 1094 33 18 the

2376 1116 107 23 operations
2496 1115 48 17 have
2557 1115 82 24 steadily
2651 1117 96 17 increased
2762 1118 51 17 until

2375 1141 20 15 nt
2404 1139 33 17 the
2444 1139 77 22 present
2581 1145 44 10 nvnr
2664 1140 65 18 horses
2735 1140 36 16 ami
2790 1141 22 16 2it

2376 1162 80 18 vehicles
2465 1167 31 12 are
2504 1162 88 23 engtiged
2599 1163 19 16 in
2627 1161 92 25 fulfilling
2724 1164 32 17 the
2761 1164 40 17 vari-

2375 1192 36 12 ous
2419 1186 44 17 mail
2472 1187 95 15 contracts
2578 1186 19 16 in
2606 1186 52 18 hand
2674 1183 38 21 and
2729 1188 84 21 meeting

2375 1209 36 17 the
2416 1209 137 23 requi-iements
2561 1209 19 17 of
2589 1209 32 17 the
2630 1210 105 22 travelling
2740 1211 71 22 public.

2375 1233 92 21 Recently
2475 1232 32 17 Mr
2515 1232 106 17 Robertson
2626 1233 88 23 acquired
2719 1234 33 17 the
2757 1234 55 22 plant

2375 1256 20 17 of
2404 1256 69 17 Messrs
2482 1255 85 22 MelLroy
2575 1256 38 16 and
2625 1256 138 21 Marehesseau,
2773 1257 38 17 and

2375 1279 74 22 shortly
2457 1279 111 17 afterwards
2576 1279 24 17 he
2609 1280 87 17 assumed
2705 1286 20 11 as
2734 1282 78 21 partner

2376 1302 29 17 Mr
2413 1302 130 18 Patterson-of
2551 1302 106 18 Auckland.
2686 1303 46 18 This
2746 1308 55 12 neces-

2375 1324 69 18 sitated
2453 1332 10 10 a
2472 1325 75 22 change
2553 1326 19 16 in
2581 1326 35 17 the
2627 1326 50 22 style
2689 1327 23 16 of
2722 1327 33 16 the
2768 1327 43 17 firm

2375 1349 37 17 and
2421 1349 32 17 the
2462 1348 85 18 business
2554 1349 16 17 is
2578 1353 44 13 now
2630 1350 106 17 conducted
2751 1350 60 17 under

2374 1371 33 19 the
2415 1378 55 11 name
2479 1372 20 17 of
2507 1372 22 16 E.
2540 1372 104 18 Robertson
2657 1372 15 18 it
2682 1373 33 17 Co.

2432 1425 76 19 TOWN
2521 1425 87 17 BOARD
2623 1426 127 17 MEETING.

2396 1472 39 16 The
2444 1472 87 21 monthly
2551 1472 84 22 meeting
2656 1473 20 17 of
2698 1472 35 18 the'
2751 1473 58 17 Town
2816 1472 1 22 <

2373 1495 62 17 Board
2444 1495 46 17 took
2506 1495 53 22 place
2575 1501 24 11 on
2614 1495 70 23 Friday
2701 1496 37 17 last
2755 1497 54 15 when
2816 1495 1 23 !

2372 1518 54 17 there
2431 1523 48 12 were
2485 1519 77 21 present
2569 1518 70 18 Messrs
2644 1519 84 23 Malfroy
2734 1519 73 23 (chair),

2372 1542 65 19 Brent,
2447 1542 77 22 Dansey
2532 1541 38 17 and
2578 1542 29 17 Dr
2615 1542 86 17 Cinders.

2498 1568 191 21 CORRESPONDENCE.

2396 1594 57 17 From
2465 1594 33 16 the
2511 1594 124 22 Department
2650 1596 20 15 of
2685 1595 64 17 Lands
2763 1601 35 11 con-

2372 1617 76 22 senting
2457 1618 20 16 to
2494 1617 32 17 the
2542 1617 80 17 erection
2640 1618 20 17 of
2677 1618 83 18 fire-bell
2771 1618 37 18 and
2816 1617 1 22 ;

2372 1640 46 17 shed
2427 1640 30 18 for
2465 1639 78 23 brigade
2552 1641 108 21 appliances
2668 1642 19 16 in
2696 1641 34 17 the
2739 1641 69 18 Court-
2816 1639 1 23 ;

2371 1664 59 17 bouse
2439 1664 102 17 enclosure.
2558 1664 101 17 -Resolved
2674 1664 42 17 that
2726 1665 31 17 I'ne
2766 1665 41 16 Bri-
2816 1664 1 18 ;

2371 1686 49 23 gade
2425 1687 24 17 be
2453 1686 94 18 informed
2552 1687 43 17 that
2599 1687 50 17 their
2655 1689 76 21 request
2736 1688 15 17 is
2757 1694 38 11 com-

2371 1710 50 22 plied
2431 1710 51 20 with,
2493 1710 37 17 and
2540 1711 38 16 also
2587 1710 43 18 that
2638 1711 34 17 the
2679 1711 64 18 Board
2752 1712 56 21 grant

2371 1733 110 22 permission
2490 1735 20 15 to
2523 1734 51 17 erect
2587 1733 45 18 shed
2645 1734 90 22 adjacent
2747 1737 20 15 to
2776 1735 32 17 the
2816 1730 1 26 J

2371 1756 87 23 Beading
2466 1757 61 17 Boom
2536 1757 19 16 in
2565 1757 31 16 the
2605 1757 30 17 old
2642 1758 101 22 township.

2395 1780 56 17 From
2460 1780 18 17 .T.
2489 1780 21 17 F.
2520 1780 93 22 Connolly
2620 1780 68 22 asking
2705 1781 32 17 the
2746 1780 62 18 Board
2816 1779 1 23 !

2371 1805 20 15 to
2399 1804 75 22 inquire
2480 1803 42 17 into
2529 1810 12 10 a
2548 1805 69 15 matter
2625 1804 85 16 between
2722 1805 40 16 him
2771 1805 37 16 and

2371 1827 33 17 the
2413 1827 100 17 attendant
2524 1828 20 15 at
2552 1827 33 16 the
2593 1827 46 16 New
2658 1827 84 23 Sulphur
2751 1828 56 17 Bath,
2816 1827 1 23 i

2371 1850 116 17 —Resolved
2495 1850 44 17 that
2554 1850 33 16 the
2602 1850 64 17 writer
2682 1850 24 18 be
2714 1850 95 18 informed
2816 1846 1 28 |

2370 1873 44 17 that
2423 1874 14 16 it
2446 1874 16 17 is
2467 1874 34 16 not
2510 1879 10 11 a
2529 1874 70 16 matter
2607 1873 67 17 within
2680 1874 32 17 the
2720 1874 88 22 province
2816 1873 1 25 j

2371 1897 19 17 of
2399 1897 33 17 the
2438 1897 67 17 Board.

2395 1920 57 17 From
2465 1919 69 18 Messrs
2549 1920 23 17 A.
2587 1919 38 18 and
2641 1920 21 17 T.
2680 1921 54 19 Burt,
2752 1920 42 17 Dun-

2370 1942 50 21 edin,
2430 1943 81 22 offering
2519 1944 21 15 to
2556 1943 69 22 supply
2634 1944 92 17 cast-iron
2736 1944 72 21 garden
2816 1938 1 27 I

2371 1968 40 16 seat
2420 1966 69 18 frames
2498 1968 20 15 at
2529 1967 29 17 !Rs
2567 1972 33 16 per
2608 1968 50 19 cwt.,
2677 1967 130 22 according'to

2371 1989 85 18 sketches
2465 1989 61 17 which
2536 1989 63 17 would
2613 1990 23 17 be
2653 1990 109 18 submittel.
2789 1991 18 16 It

2370 2019 39 11 was
2417 2013 100 22 explained
2534 2013 42 16 that
2593 2013 38 18 this
2647 2015 40 15 rate
2705 2013 64 18 would
2784 2013 24 17 lie

2370 2036 56 23 equal
2437 2038 18 15 to
2464 2036 59 17 about
2534 2037 30 16 13;
2571 2036 25 17 -td
2611 2042 33 17 per
2656 2038 47 17 seat,
2714 2036 94 18 exclusive
2816 2036 1 24 j

2370 2060 20 16 of
2400 2065 40 11 woo
2446 2059 66 17 lwork.
2539 2060 18 16 It
2574 2065 39 12 was
2629 2059 78 18 decided
2724 2062 20 16 to
2762 2059 46 19 send
2816 2056 1 29 j

2371 2083 29 16 for
2409 2083 91 17 sketches.

2441 2111 100 17 PITKEROA
2550 2111 91 17 GRAZING
2652 2111 84 17 RiOIITS.

2393 2142 32 17 Mr
2432 2142 75 23 Dansey
2521 2142 45 17 road
2581 2141 33 18 the
2630 2142 52 17 draft
2698 2144 110 21 agreement
2816 2137 1 28 |

2369 2166 86 17 between
2471 2165 32 17 the
2520 2165 62 17 Board
2599 2165 38 17 and
2654 2166 32 16 Mr
2700 2166 57 20 Birss,
2775 2166 32 17 the
2816 2165 1 21 !

2369 2189 59 16 lessee
2437 2189 20 16 of
2465 2188 92 18 Pukeroa,
2567 2189 66 20 signet
2650 2189 26 19 by
2693 2189 33 15 the
2743 2189 63 16 latter.

2370 2211 19 16 It
2399 2217 37 10 was
2445 2210 77 17 deemed
2530 2209 102 21 advisable,
2641 2210 19 16 in
2669 2210 138 17 consideration

2370 2234 20 17 of
2398 2233 33 18 the
2440 2234 39 16 fact
2487 2233 43 17 that
2539 2233 32 17 the
2580 2238 43 12 area
2640 2232 37 18 had
2688 2233 48 17 been
2745 2239 61 11 some-
2816 2232 1 25 j

2369 2257 53 17 what
2430 2255 104 21 restricted,
2543 2256 37 17 and
2597 2256 42 17 that
2647 2256 34 17 the
2697 2256 63 17 Board
2777 2262 29 11 re-
2816 2253 1 26 j

2369 2279 64 18 tained
2451 2279 33 18 the
2491 2279 54 23 right
2555 2279 19 17 of
2592 2279 80 22 grazing
2686 2280 40 17 two
2743 2280 63 16 horses

2369 2304 45 17 free,
2424 2304 20 16 to
2453 2302 67 18 reduce
2529 2302 32 17 the
2574 2302 62 17 rental
2653 2302 48 17 from
2720 2303 37 17 £72
2776 2304 30 15 10s

2370 2328 20 15 to
2399 2326 38 18 £7O
2447 2332 35 16 per
2488 2332 78 11 annum.

2543 2358 92 17 Refund.

2393 2387 20 17 It
2421 2393 39 11 was
2468 2386 78 17 decided
2557 2388 20 16 to
2594 2386 69 17 refund
2679 2386 33 17 the
2728 2392 41 11 sum
2786 2386 20 17 of

2370 2410 25 17 £2
2407 2411 30 16 10}
2453 2409 71 24 lodged
2540 2410 46 17 with
2602 2415 25 11 an
2643 2409 116 23 application
2776 2410 30 16 for
2816 2409 1 24 i

2369 2434 33 16 the
2411 2434 108 21 temporary
2527 2433 81 17 transfer
2625 2433 19 17 of
2660 2433 33 17 the
2709 2433 69 17 license
2786 2433 20 17 of
2816 2433 1 22 .

2369 2457 33 17 the
2411 2457 85 17 Rotorua
2504 2456 60 18 Hotel
2572 2457 20 16 to
2605 2455 80 18 Galatea
2699 2462 24 11 on
2732 2456 32 17 the
2773 2462 22 11 oc-

2369 2480 64 17 casion
2441 2480 20 17 of
2470 2480 31 17 the
2510 2485 51 12 races
2569 2480 52 16 there
2631 2485 25 11 on
2661 2479 33 17 the
2703 2479 101 21 2Gthinst.,
2816 2479 1 25 j

2369 2503 61 17 which
2437 2501 115 24 application
2562 2502 37 18 had
2607 2502 48 18 been
2668 2502 82 18 refused.

2536 2532 104 17 Petition.

2392 2561 17 17 A
2417 2561 81 22 petition
2506 2566 39 11 was
2552 2560 99 23 presented
2667 2560 50 17 from
2734 2560 70 17 certain
2816 2560 1 23 I

2368 2584 92 17 residents
2466 2584 19 17 in
2493 2584 72 17 Fenton
2574 2583 37 17 and
2628 2583 94 17 Hinernoa
2739 2584 66 16 streets
2816 2579 1 24 j

2368 2607 93 22 drawing,
2467 2607 33 17 the
2508 2607 92 17 attention
2610 2607 20 16 of
2638 2607 32 16 the
2675 2607 64 16 Board
2745 2608 18 16 to
2773 2607 32 19 the
2815 2607 1 24 j

2367 2631 83 17 erection
2460 2631 19 17 of
2487 2629 70 19 stables
2571 2630 19 17 in
2606 2629 33 18 the
2656 2629 70 18 former
2740 2630 63 20 street,
2815 2629 1 21 !

2368 2654 38 17 and
2414 2654 90 22 pointing
2512 2655 33 16 out
2553 2653 44 18 that
2610 2653 45 17 such
2665 2659 11 10 a
2684 2659 66 11 course
2766 2659 39 11 was
2815 2653 1 23 i

2368 2677 98 23 decidedly
2473 2677 77 17 adverse
2557 2678 19 16 to
2583 2676 49 17 their
2639 2676 93 18 interests.
2745 2676 60 18 These
2815 2674 1 26 |

2368 2701 73 18 streets,
2458 2700 14 18 it
2482 2706 38 12 was
2528 2699 109 21 submitted,
2647 2705 39 11 wer
2692 2699 4 21 ;
2714 2699 33 17 the
2762 2699 43 18 best
2815 2699 1 21 ;

2368 2723 39 17 laid
2416 2725 34 16 out
2459 2723 146 22 thoroughfares
2619 2723 18 16 in
2647 2723 33 16 the
2688 2728 42 12 new
2739 2724 51 15 town
2799 2723 3 22 ;

2367 2747 19 16 in
2396 2747 32 17 the
2437 2753 45 11 near
2491 2747 62 17 future
2571 2747 44 21 they
2632 2746 63 17 would
2704 2746 23 17 be
2735 2746 69 22 graced

2367 2770 26 22 by
2409 2776 56 16 many
2483 2769 104 17 handsome
2602 2769 104 17 structures
2719 2768 38 18 and
2772 2769 32 17 the

2367 2793 104 22 proximity
2480 2793 21 17 of
2509 2793 44 17 such
2563 2792 97 22 buildings
2668 2792 63 16 would
2738 2793 23 16 be
2771 2792 22 17 de-

2367 2816 96 18 trimental
2473 2817 20 16 to
2502 2816 31 17 the
2543 2815 134 18 advancement
2686 2815 21 17 of
2714 2815 33 17 the
2752 2817 52 16 town

2367 2840 39 17 and
2421 2845 58 14 prove
2496 2839 104 18 obnoxious
2616 2840 20 15 to
2658 2838 91 17 residents
2766 2838 38 17 and

2367 2863 84 17 tourists.
2477 2862 38 18 The
2528 2862 109 22 petitioners
2654 2861 58 17 asked
2719 2861 43 17 that
2772 2862 31 16 the

2367 2892 64 11 owner
2446 2886 23 17 be
2494 2885 102 17 restrained
2620 2885 48 17 from
2689 2885 115 22 proceeding

2367 2909 47 18 with
2423 2909 31 17 the
2463 2909 133 17 erection.—lt
2611 2914 37 11 was
2661 2908 86 17 resolved
2760 2908 44 17 that

2367 2933 32 16 the
2408 2933 111 21 petitioners
2527 2932 23 17 bo
2563 2931 93 17 informed
2669 2931 43 17 that
2729 2931 73 22 though

2367 2956 32 17 the
2409 2956 63 17 Board
2480 2954 95 23 regretted
2590 2954 32 17 the
2637 2954 82 17 erection
2729 2954 20 17 of
2757 2954 46 18 such

2366 2979 90 22 premises
2465 2985 24 11 on
2498 2979 31 16 the
2538 2978 36 17 site
2581 2978 19 16 in
2615 2977 87 23 question
2711 2977 45 23 they
2765 2977 37 17 had

2366 3008 25 11 no
2400 3008 65 17 power
2471 3003 19 16 in
2499 3002 32 17 the
2540 3002 74 16 matter.

2470 3031 98 17 General
2580 3030 105 17 Business.

2390 3060 31 16 Mr
2430 3060 76 21 Dansey
2520 3058 62 18 stated
2597 3058 42 17 that
2654 3058 19 17 in
2687 3057 54 23 reply
2755 3059 19 16 to
2792 3064 10 11 a
2813 3057 1 26 j

2366 3083 93 23 telegram
2467 3083 24 16 he
2500 3081 37 18 had
2546 3081 93 18 informed
2651 3081 32 17 Mr
2696 3081 73 17 Barron
2783 3081 19 17 of
2812 3081 2 27 |

2367 3107 32 16 the
2409 3106 85 17 Colonial
2503 3104 112 23 Secretary's
2624 3104 126 22 Department
2759 3104 43 17 that
2812 3103 1 29 j

2367 3129 70 18 Messrs
2454 3128 91 18 Williams
2562 3127 37 18 and
2615 3127 72 17 Jeekliu
2707 3133 47 11 were
2769 3128 32 16 the
2812 3127 1 21 ;

2367 3158 41 11 new
2417 3152 149 22 poundkeejjer's
2575 3151 84 17 sureties.

2390 3175 39 18 The
2438 3176 93 21 secretary
2543 3180 38 11 was
2595 3174 105 17 instructed
2715 3175 19 15 to
2748 3174 53 17 write
2811 3172 2 25 J

2366 3200 21 15 to
2407 3199 33 16 the
2457 3198 71 22 Survey
2545 3198 130 21 Department,
2694 3196 105 21 Auckland,
2811 3196 2 25 j

2366 3222 69 22 asking
2443 3222 43 16 that
2500 3221 31 17 the
2545 3221 54 22 plans
2613 3221 20 15 of
2646 3220 33 16 the
2693 3220 58 16 levels
2763 3220 38 16 and
2811 3217 2 27 i

2367 3245 106 23 alignment
2481 3245 20 17 of
2508 3244 34 17 the
2549 3246 51 15 town
2609 3243 69 17 should
2686 3243 24 17 be
2721 3244 42 16 sc-nt
2777 3249 24 11 on
2811 3242 1 26 ;

2367 3274 21 11 as
2396 3274 45 11 soon
2451 3273 20 12 as
2479 3267 87 23 possible.

2391 3292 38 16 The
2438 3293 92 19 secretary
2540 3295 37 12 was
2590 3289 103 17 instructed
2703 3290 21 16 to
2731 3289 70 17 inform
2811 3287 2 25 I

2367 3315 29 16 Mr
2405 3316 22 15 A.
2442 3315 69 16 Munro
2524 3313 43 17 that
2581 3313 24 16 he
2618 3312 89 18 rendered
2726 3312 75 17 himself
2811 3311 1 20 !

2367 3337 57 18 liable
2440 3339 20 16 to
2477 3343 11 10 a
2505 3337 59 21 heavy
2580 3336 78 22 penalty
2679 3335 19 17 in
2714 3335 87 23 drawing
2811 3335 1 23 j

2367 3363 61 15 water
2434 3362 48 15 from
2491 3366 11 11 a
2510 3359 141 23 neighbouring
2658 3358 106 17 allotment.
2810 3358 2 28 j

2536 3391 96 17 Finance.

2390 3424 39 17 The
2438 3422 88 19 financial
2536 3423 100 17 statement
2643 3421 77 18 showed
2729 3428 21 10 as
2762 3421 37 18 fol-
2810 3414 1 27 !

2366 3447 164 17 lows:—Balance
2547 3445 86 19 forward,
2654 3444 51 18 £I.3G
2728 3445 19 16 .'is
2770 3445 28 17 Td.
2810 3444 1 22 j

2366 3471 51 16 Bath
2425 3470 44 20 fees,
2479 3469 40 18 £23
2527 3470 31 20 Gs;
2572 3468 90 20 sundries,
2673 3468 38 17 £lO
2719 3474 5 13 r
2745 3468 53 19 total,
2810 3462 1 28 j

2366 3492 48 19 £l9l
2437 3494 20 16 9s
2479 3492 148 17 7d.—Accounts
2642 3491 69 22 passed
2727 3492 20 16 at
2763 3491 36 16 last
2810 3491 1 23 j

2366 3516 84 22 meeting
2459 3515 37 18 £37
2505 3517 20 15 0s
2534 3515 46 20 lid;
2594 3514 83 19 balance-,
2687 3514 50 17 £134
2743 3514 55 16 BsSd.

2366 3539 39 17 The
2414 3539 98 22 following
2526 3539 88 16 accounts
2628 3543 48 11 were
2690 3536 67 23 passed
2771 3537 29 16 for
2809 3536 2 25 i

2366 3563 90 22 payment
2464 3560 3 25 :
2481 3562 29 16 W.
2521 3562 61 21 Kelly,
2599 3561 40 20 lis;
2660 3560 22 17 R.
2698 3560 63 17 Wake.
2779 3562 20 14 !•*>

2366 3586 34 21 Gd;
2422 3586 45 17 Hot
2484 3586 68 16 Lakes
2567 3584 124 19 Chronicle,
2710 3584 24 16 £2
2757 3584 40 18 19s;
2809 3584 1 23 :

2366 3609 103 19 Anderson,
2482 3609 30 16 10s
2519 3607 33 21 Gd;
2567 3607 66 16 Porter
2642 3607 14 16 &
2666 3607 40 17 Co.,
2716 3605 36 18 £ll
2769 3607 30 16 1.3s
2809 3605 1 23 ;

2366 3632 34 20 2d;
2415 3630 168 21 W.A.Williams,
2598 3631 29 16 18s
2642 3629 33 21 9d;
2696 3629 48 17 total
2760 3628 37 18 £l7

2366 3656 20 16 9s
2397 3655 39 17 lid.

2388 3677 132 21 The-inecting
2527 3676 46 18 then
2581 3675 67 18 closed.

2459 3725 108 19 CHURCH
2580 3724 117 19 CONCERT.

2389 3774 16 16 A
2414 3778 45 17 very
2467 3772 53 21 large
2527 3770 90 18 audience
2625 3769 104 18 assembled
2736 3772 19 14 tit.
2765 3770 32 16 the

2365 3796 87 17 Pukeroa
2460 3795 46 17 Hull
2515 3800 24 12 on
2548 3793 68 22 Friday
2625 3793 82 21 evening
2719 3792 38 17 last
2774 3798 23 11 on

2364 3819 33 17 the
2406 3819 85 17 occasion
2500 3818 20 17 of
2527 3817 33 17 tlie
2573 3817 75 16 concert
2661 3815 97 23 projected
2772 3816 25 21 by

2365 3842 92 17 members
2465 3842 20 17 of
2491 3841 33 17 the
2531 3840 73 17 Roman
2621 3838 89 18 Catholic
2722 3838 75 18 Church

2364 3865 19 17 in
2392 3865 55 17 order
2455 3866 20 16 to
2484 3863 76 23 provide
2569 3862 57 17 funds
2634 3863 20 15 to
2663 3862 54 16 effect
2726 3861 71 17 certain

2364 3889 70 21 repairs
2443 3889 20 16 to
2472 3887 32 17 the
2517 3885 92 23 building.
2635 3885 17 16 A
2666 3885 50 17 most
2731 3890 54 16 agree-

2363 3911 43 18 able
2414 3915 118 18 programme
2545 3914 38 11 was
2596 3908 104 17 submitted
2712 3908 38 16 and
2764 3908 32 17 the

2364 3936 73 15 concert
2456 3939 37 11 was
2514 3938 24 12 an
2554 3930 116 23 unqualified
2686 3936 72 12 success
2776 3930 20 18 in

2362 3963 57 16 every
2426 3956 108 23 particular.
2560 3956 25 15 As
2597 3954 33 16 the
2644 3953 90 18 audience
2748 3959 48 12 were

2362 3981 57 21 being
2436 3979 63 18 seated
2516 3979 46 16 Miss
2576 3977 80 18 Cinders
2672 3976 73 23 (piano)
2758 3977 37 16 and

2362 4003 70 18 Messrs
2440 4003 21 16 T.
2475 4003 78 16 Srunson
2569 4000 37 17 and
2618 3999 29 22 V\.
2665 4001 22 15 A.
2727 3999 68 18 illiums

2362 4026 82 23 (violins)
2453 4025 69 23 played
2538 4024 32 17 the
2583 4025 86 15 overture
2679 4024 3 25 ;
2691 4028 24 11 an
2729 4028 55 17 agree-

2362 4049 42 17 able
2424 4048 124 23 composition
2564 4047 19 16 in
2599 4046 61 17 which
2677 4045 34 18 the
2724 4045 71 23 always

2361 4072 80 18 favorite
2449 4071 37 18 airs
2498 4071 33 17 the
2564 4070 90 17 Suwanoe
2668 4068 58 17 Eiver
2757 4069 38 17 and

2360 4096 32 16 the
2433 4094 92 23 Mocking
2541 4093 44 17 Bird
2620 4091 107 18 alternated
2745 4092 50 17 most'

2360 4118 129 21 melodiously.
2503 4117 43 15 6liss
2560 4116 45 21 May
2621 4115 85 21 Malfroy
2719 4120 48 17 sang
2783 4122 11 10 a

2359 4141 67 17 tender
2433 4140 82 22 melody,
2546 4139 16 17 A
2694 4137 100 18 the-musie

2359 4164 26 22 by
2401 4163 82 18 Qodiaut
2499 4162 58 22 being
2576 4161 42 16 well
2638 4160 62 17 suited
2720 4162 21 15 to
2761 4161 33 16 the

2841 144 60 18 words
2909 145 64 18 which
2980 152 32 11 are
3020 146 26 23 by
3053 144 66 20 Victor
3124 147 65 20 Hugo.
3213 149 32 16 1i?
3248 151 8 18 j-

2840 168 67 17 secoud
2915 171 46 20 part
2974 169 32 17 she
3020 170 120 18 contributed
3274 168 3 23 '

2978 193 63 17 which
3061 199 39 11 was
3117 196 50 15 most
3183 197 40 19 p-n'
3239 197 23 18 -tlv

2839 219 49 18 sung
2895 215 39 17 and
2942 215 75 18 elicited
3025 216 33 17 the
3067 216 24 17 hi
3096 217 38 16 irtv
3147 223 87 15 approval
3249 217 12 22 J;

2826 256 1 29 <
2838 261 20 16 of
2866 261 92 22 Tyrolean
2966 261 44 21 airs,
3020 268 40 12 was
3065 264 50 16 most
3120 263 104 22 creditably
3229 271 33 12 reii-
3272 256 15 27 M

2825 281 2 27 j
2837 283 57 18 derei
2902 284 26 22 by
2941 284 32 17 Mr
2985 285 26 17 H.
3026 281 87 27 Stewar,,
3129 287 44 16 who
3185 287 47 17 later
3245 296 17 12 (J!1

2825 306 2 25 :
2837 306 141 19 demonstrated
2986 309 29 16 his
3023 310 107 21 versatility
3138 309 19 17 in
3170 316 12 10 a
3196 310 41 17 hu.n
3245 306 3 25 ,
3250 319 7 10 r
3257 324 5 3 .

2825 325 2 30 '
2837 336 33 11 ous
2879 336 49 16 song
2935 330 63 18 which
3006 332 52 17 drew
3067 333 52 16 forth
3127 332 67 18 combii
3213 334 11 16 -1
3236 341 18 14 ap-

2818 358 8 17 r;
2836 353 64 21 phtuse
2909 353 38 17 and
2955 354 96 23 laughter.
3076 355 32 17 Mr
3121 356 25 16 11.
3161 355 50 17 Roth
3225 364 37 11 s;»i»
3281 351 6 29 |

2825 376 1 24 !
2856 376 113 18 Remember
2975 381 21 14 nf
2997 384 46 11 jno
3057 384 50 12 more
3140 379 19 16 in
3173 379 37 16 fine
3224 383 13 14 si
3240 383 22 17 vie

2824 398 1 27 !
2836 399 37 17 and
2882 405 37 12 was
2928 400 76 23 equally
3013 402 101 17 successful
3124 402 20 16 in'
3152 407 10 12 .1
3177 403 60 22 fragm
3243 409 18 15 -at

2823 423 2 27 j
2836 423 49 17 from
3045 425 20 16 in
3081 425 33 17 the
3132 425 67 17 second
3220 430 41 18 pari.
3283 423 4 27 'i

2823 443 2 27 I
2836 445 46 17 Miss
2891 446 63 17 Pattie
2963 447 91 21 Griffiths,
3064 448 43 17 who
3112 454 93 16 possesses
3211 455 11 11 a
3229 452 32 18 v.vj]

2823 469 2 28 j
2836 469 107 17 modulated
2961 470 57 21 voice,
3036 477 49 17 sang
3163 471 33 18 the
3208 472 54 21 Baalg

2823 489 2 31 [
2836 492 19 16 of
2863 492 56 17 Allan
2929 492 65 18 Water
3022 494 45 17 with
3076 494 56 17 much
3146 495 71 21 feeling
3231 499 30 17 :;ad
3272 495 9 21 I

2835 516 114 21 expression.
2980 517 32 17 Mr
3031 517 23 17 E.
3076 518 22 16 R.
3114 517 75 18 Webb's
3205 518 55 21 robust
3281 510 6 28 I

2823 538 1 26 j
2835 538 51 17 voice
2899 544 39 12 was
2955 539 23 18 he
2983 539 30 18 trd
3027 542 21 15 to
3061 541 56 17 much
3131 541 105 23 advantage
3247 544 13 18 in

2823 557 2 29 I
2856 561 53 23 King
2917 563 19 16 of
2944 562 34 17 the
2987 563 60 22 Night
3076 564 38 17 and
3123 564 18 17 in
3150 569 20 12 re
3177 570 49 16 -pon.-;

2823 584 1 25 I
2835 590 9 10 a
2855 584 40 18 well
2904 584 90 19 deserved
3002 592 68 12 encore
3086 587 89 22 repeated
3187 588 32 17 the
3239 593 22 15 Ist.

2834 613 58 11 verse.
2917 609 47 17 Miss
2973 609 53 22 Lucy
3034 610 83 22 Dansey,
3124 611 42 16 who
3173 611 15 17 is
3194 611 67 20 favoroil

2823 630 1 26 |
2834 630 47 17 with
2888 637 10 11 a
2907 631 40 18 rich
2956 633 94 17 contralto
3058 633 59 21 voice,
3126 633 56 18 made
3195 640 12 11 a
3220 640 40 14 most
3272 631 15 23 ®

2823 654 1 27 j
2835 654 100 17 successful
2956 661 123 16 appearance,
3100 656 35 17 her
3154 657 76 23 singing
3248 661 13 16 uf
3279 658 8 19 >

2853 677 42 22 Thy
2911 678 57 17 Voice
2985 678 15 18 is
3100 680 59 22 being
3175 681 85 20 rewarded
3281 681 6 20 'j.

2823 700 2 25 I
2835 700 46 17 with
2889 706 24 11 an
2922 706 73 16 encore,
3010 704 20 14 to
3044 703 62 17 which
3121 703 33 17 she
3165 705 96 20 responded
3284 700 3 25 »;

2834 723 26 22 by
2868 724 102 22 rendering
3029 731 38 12 was
3230 727 26 19 Tin

2834 746 41 16 first
2891 749 44 20 part
2948 748 21 16 of
2981 748 35 17 the
3030 755 121 16 programme
3166 749 94 21 conclulwl
3273 746 4 25 !'

2835 769 46 17 with
2893 776 12 10 a
2917 770 47 17 duet
2982 771 19 17 in
3015 772 97 18 character
3125 772 25 22 by
3163 773 69 17 Messrs
3244 776 16 17 ]•'.

2835 792 77 19 Holmes
2920 793 39 18 and
2968 794 22 17 G.
3001 796 68 22 Mayes,
3076 795 80 18 entitled
3276 809 5 5 ,

2834 815 37 17 and
2881 816 92 19 Ireland's
3064 819 61 17 which
3135 825 42 12 was-
3189 819 72 25 lavishly

2835 839 112 22 applauded,
2970 841 31 16 Mr
3017 841 79 18 Holmes
3110 842 116 24 responding
3240 845 9 16 f,
3257 839 2 27 i

2896 863 40 17 and
3048 865 26 22 by
3088 865 83 23 dmieiiig
3184 872 23 11 an
3221 867 40 20 Irish

2834 885 30 23 jig
2872 885 19 17 to
2900 886 33 17 the
2942 887 73 17 intense
3026 887 76 23 delight
3109 889 21 17 of
3143 889 33 17 the
3189 895 71 17 cogno,-

2835 909 49 16 oenti
2892 909 19 16 in
2920 910 46 17 such
2976 912 84 16 matters.
3091 912 40 17 The
3145 912 68 17 second
3226 919 34 16 part
3274 908 3 27 '
3283 908 4 27 v

2835 937 38 12 was
2887 932 88 22 prefaced
2992 934 24 21 by
3034 941 11 10 a
3060 935 107 21 pianoforte
3182 936 39 17 solo
3235 944 17 11 ex-

2834 954 88 22 quisiteVv
2931 956 91 18 rendered
3030 957 27 22 by
3065 958 47 17 Miss
3121 959 90 18 Brabant,
3220 954 37 25 afi.:

2835 978 60 17 which
2904 978 34 17 Mi*
2944 980 21 16 T.
2976 979 81 19 Samsori
3069 986 48 17 sang
3130 980 20 19 in

2834 1001 49 22 style
2891 1002 32 17 the
2931 1008 113 17 ever-green
3144 1004 21 18 of

2822 1024 3 31 j
2834 1024 77 24 bowing
2914 1025 28 17 his
2948 1026 187 23 acknowledgijnjpts
3139 1029 24 20 to.
3164 1028 34 18 the
3202 1028 56 19 heart-,

2822 1044 2 33 |
2834 1053 66 12 encore
2904 1048 60 18 which
2969 1049 87 18 crowned
3060 1051 28 17 his
3091 1051 70 18 efforts.
3175 1052 40 17 Mrs
3222 1052 38 18 AVil-
3281 1044 6 33 |

2834 1076 39 13 nou,
2888 1079 61 10 »uu»:
2958 1073 139 18 coiitiibuuouH
3105 1081 32 11 are
3147 1075 70 22 always
3226 1073 4 25 ]
3248 1083 6 10 l-

2834 1094 58 23 fectly
2897 1094 97 21 rendered,
3116 1098 86 23 Romany
3208 1099 16 16 L
3230 1094 2 27 i
3244 1107 6 9 s
3275 1094 2 27 '

2822 1117 1 28 j
2834 1117 46 17 with
2884 1118 73 18 artistic
2961 1119 72 23 feeling
3037 1120 39 17 and
3080 1126 37 12 was
3121 1120 108 24 deservedly
3235 1129 16 11 ei;
3255 1134 5 2 -

2822 1140 1 23 I
2834 1140 60 17 cored.
2931 1141 40 18 Oik;
2992 1143 20 16 of
3032 1143 33 17 the
3076 1145 59 15 'most
3152 1145 58 17 meriti
3218 1146 14 15 vi
3241 1153 19 10 .1..

2822 1164 1 29 j
2834 1164 87 17 numbers
2930 1165 21 16 iir
2959 1166 31 17 the
3000 1172 121 18 programme
3130 1173 36 12 was
3175 1168 33 17 the
3221 1175 38 14 son;.

2853 1187 67 27 Mona'
2943 1188 26 22 by
2985 1188 32 18 Mr
3032 1190 21 16 li.
3072 1190 122 21 Richardson,
3212 1192 43 22 givoi

2834 1210 48 16 wifcb
2896 1217 23 11 an
2936 1211 93 23 intensity
3045 1213 21 17 of
3083 1214 107 22 expression
3208 1216 51 17 whici.
3276 1211 11 27 p

2834 1233 59 18 raised
2902 1234 32 17 the
2942 1234 91 19 audience
3043 1237 19 16 to
3071 1243 11 10 a
3090 1237 53 22 pitch
3152 1238 20 16 of
3183 1239 70 17 enthusi
3276 1230 11 25 1

2833 1262 39 11 asm
2882 1257 41 17 that
2933 1258 55 17 could
2997 1259 46 23 only
3051 1259 24 18 be
3076 1255 2 28 1
3080 1255 3 28 -
3088 1260 93 22 appeased
3194 1261 26 22 by
3235 1263 25 16 tin-
3276 1255 11 24 1

2833 1280 78 23 singer's
2919 1282 65 16 return
2992 1284 19 15 to
3020 1283 34 17 the
3061 1284 98 21 platform.
3183 1285 39 17 The
3234 1292 25 11 en-
3276 1284 10 21 §

2833 1309 41 11 core
2883 1303 45 18 item
2937 1310 39 12 was
3047 1306 62 18 Heart
3115 1307 70 18 Bowed
3190 1308 57 18 Down
3276 1299 5 11 '

2832 1326 61 18 which
2902 1333 38 11 was
2950 1329 56 19 given
3018 1329 20 17 in
3053 1336 26 10 air
3092 1331 76 21 equally
3184 1332 50 16 effect
3238 1333 22 17 ivo

2833 1355 83 12 manner.
2942 1351 38 17 The
2989 1353 174 21 accompaniments
3172 1354 74 20 throui;.
3254 1351 4 23 -

2832 1374 34 16 out
2880 1374 32 16 the
2928 1374 82 23 evening
3030 1381 49 12 were
3101 1377 70 22 played
3190 1378 25 21 by
3234 1380 23 16 tin
3277 1376 10 26 js'

2832 1396 66 18 Misses
2907 1397 89 22 Ginders,
3003 1399 87 19 Brabant
3097 1400 38 17 and
3147 1400 66 21 Smith,
3229 1403 29 16 ai:d

2832 1418 32 18 Mr
2871 1419 85 23 Fordyce
2964 1421 39 18 and
3011 1423 20 16 to
3041 1422 49 18 their
3097 1422 84 19 effective;
3187 1424 73 24 playing
3278 1418 2 30 ,

2832 1443 55 17 much
2900 1444 21 16 of
2935 1444 33 17 the
2982 1450 73 13 success
3072 1446 20 17 of
3105 1447 33 16 the
3151 1446 86 19 vocalists
3248 1449 12 16 is
3277 1446 10 18 &

2832 1465 131 24 undoubtedly
2971 1467 42 18 dire.
3040 1469 60 17 Those
3110 1470 97 20 entrusted
3221 1472 39 17 with

2820 1489 2 27 j
2832 1489 32 17 the
2873 1493 133 19 management
3021 1493 21 16 of
3054 1493 62 17 affairs
3130 1492 96 24 neglected
3241 1501 19 11 1111
3277 1491 10 22 Rj

2832 1512 57 17 detail
2898 1514 20 15 of
2926 1517 140 20 arrangement,
3076 1516 33 17 the
3117 1516 40 18 hall
3165 1517 38 17 and
3213 1522 47 16 sti.gn
3277 1512 4 26 f

2831 1534 58 24 being
2910 1538 79 21 prettily
3009 1538 107 19 decorated.
3149 1540 39 17 The
3208 1541 54 18 danctf
3281 1533 6 24 I

2831 1558 61 18 which
2902 1559 88 19 followed
2999 1567 38 12 was
3046 1562 74 23 largely
3131 1564 89 17 attended
3229 1565 30 18 ami
3277 1558 2 27 :

2831 1581 45 23 kept
2885 1588 25 17 up
2919 1583 30 17 till
2958 1590 11 10 a
2978 1585 112 22 reasonably
3099 1586 51 22 early
3159 1586 53 18 hour.

2945 1630 101 20 SCHOOL
3058 1633 96 18 PICNIC.

2819 1672 1 32 |
2853 1672 39 21 The
2912 1683 73 13 success
3002 1679 20 16 of
3039 1679 31 17 the
3087 1680 63 18 school
3165 1681 93 19 children'-

2830 1699 61 22 picnic
2899 1702 20 15 to
2928 1701 114 23 Tarukenga
3051 1709 24 10 on
3084 1704 99 23 Thursday
3189 1705 34 18 lasi
3232 1712 18 11 cx-

2818 1723 2 28 i
2830 1723 67 17 ceeded
2906 1724 25 17 all
2940 1724 141 23 anticipations,
3091 1726 46 18 both
3149 1728 19 16 in
3178 1728 53 23 point
3243 1731 15 15 o<

2818 1747 2 25 .
2830 1747 87 17 numbers
2934 1748 39 17 and
2988 1749 33 17 the
3037 1749 144 23 cnjoyableneSs
3197 1752 20 16 of
3232 1752 26 18 the
3277 1751 10 19 -i

2818 1770 2 26 I
2830 1770 72 21 outing.
2934 1771 26 16 At
2977 1777 11 11 a
3005 1777 46 18 very
3067 1773 52 23 early
3133 1773 49 18 hour
3197 1775 18 16 in
3232 1776 21 16 tin

2818 1790 2 30 j
2830 1793 87 23 morning
2934 1794 33 17 the
2983 1794 86 19 children
3086 1798 133 22 accompanied
3237 1799 21 18 bv
3281 1790 6 25 I

2818 1812 2 31 ;
2830 1816 50 17 their
2899 1817 60 17 elders
2976 1817 61 23 began
3053 1820 20 16 to
3089 1820 92 18 assemble
3197 1824 19 15 at
3232 1822 26 17 the
3281 1812 6 31 |

2818 1839 2 28 '
2830 1839 122 18 s'ehdolhouse
2961 1841 38 17 and
3007 1841 59 24 being
3073 1843 113 18 marshalled
3199 1844 25 23 by
3233 1846 25 16 tin.
3278 1843 9 21 $

2818 1859 2 32 j
2830 1863 91 17 members
2930 1864 20 16 of
2958 1865 109 18 committee
3075 1866 38 17 and
3122 1867 71 18 headed
3202 1867 24 24 by
3232 1869 27 17 the
3281 1867 6 18 S!

2818 1885 2 24 i
2830 1886 84 18 Rotorua
2929 1886 57 19 Brass
3003 1888 61 21 Band,
3086 1890 61 17 under
3167 1891 32 17 the
3220 1898 37 11 ei>n-
3281 1891 6 18 &

2818 1909 2 30 j
2830 1909 109 23 ductorsliip
2948 1911 20 16 of
2976 1911 32 17 Mr
3016 1912 76 21 Munro,
3102 1913 33 17 the
3145 1914 59 18 whole
3209 1919 47 18 piirtv
3282 1918 5 15 ?

2818 1933 2 27 |
2830 1933 102 22 proceeded
2940 1935 21 16 to
2971 1934 32 18 the
3009 1935 72 18 station
3093 1937 62 17 where
3168 1938 32 16 the
3215 1934 42 22 ti.iili
3281 1933 6 21 £

2830 1956 78 17 awaited
2919 1957 49 16 their
2976 1958 75 17 arrival.
3077 1959 18 17 A
3108 1959 51 18 frcsli
3171 1962 87 17 accession
3281 1952 6 32 |

2830 1980 19 15 to
2866 1979 31 17 the
2910 1980 58 17 ranks
2981 1980 44 18 here
3039 1982 45 17 took
3101 1982 53 23 place
3167 1984 49 17 until
3232 1985 21 16 Jin
3281 1986 6 16 j

2818 2002 1 27 I
2828 2002 91 22 platform
2929 2009 38 11 was
2976 2005 87 17 crowded
3072 2005 25 22 by
3105 2012 24 10 an
3138 2012 56 17 eager
3202 2008 55 17 cro-.v.l

2818 2022 2 33 j
2830 2025 19 17 of
2860 2026 134 19 excursionists
3002 2028 49 17 such
3065 2034 20 12 as
3096 2029 35 17 lias
3144 2036 57 12 never
3217 2031 40 17 been

2818 2049 2 27 j
2830 2049 99 18 witnessed
2937 2050 54 17 since-
2997 2051 32 17 the
3038 2052 83 23 opening
3137 2053 20 17 of
3170 2054 32 17 the
3220 2055 37 17 line,
3278 2049 3 27 j

2818 2072 2 27 I
2829 2072 106 23 According
2948 2074 20 16 to
2977 2079 11 11 a
2997 2075 131 22 computation
3136 2077 54 18 made
3199 2077 24 22 by
3232 2079 26 16 Mi-
3278 2072 9 20 5;

2818 2095 1 28 j
2830 2095 79 18 Webber
2917 2097 20 16 of
2945 2096 33 17 the
2985 2099 80 16 number
3078 2099 20 17 of
3111 2099 68 19 tickets
3192 2100 39 18 sold
3242 2104 18 14 tr

2829 2118 33 17 the
2870 2118 63 24 pupils
2941 2119 38 18 and
2992 2121 55 18 those
3063 2121 87 23 disposed
3163 2124 20 16 of
3197 2125 20 16 at
3231 2125 22 17 tin
3281 2122 6 20 1

2829 2142 70 17 station
2908 2142 32 18 the
2949 2145 57 21 party
3013 2150 10 11 e
3030 2145 87 22 reprised
3134 2142 16 25 11
3156 2147 9 15 :i
3180 2147 77 18 children
3279 2142 8 23 t

2828 2165 37 16 and
2882 2166 32 16 12.5
2930 2166 69 18 adults.
3025 2168 39 17 The
3081 2168 36 22 day
3132 2175 37 11 was
3186 2176 49 16 oppn

2896 2189 33 14 liot
2938 2189 38 14 and
2989 2194 24 10 on
3028 2189 68 16 arrival
3111 2193 20 13 at
3144 2192 112 16 Tarnlicu-n'.

2829 2214 24 11 tio
2862 2209 45 17 time
2915 2215 39 11 was
2962 2210 38 17 lost
3006 2211 19 16 in
3032 2212 78 22 making
3115 2212 30 17 for
3152 2213 31 16 the
3188 2214 69 22 ground

2829 2232 61 17 where
2898 2232 32 18 the
2940 2234 62 21 sports
3009 2239 48 12 were
3072 2236 21 16 to
3107 2235 23 17 be
3144 2232 50 21 held'.
3225 2238 33 16 The
3279 2230 8 25 i

2818 2252 1 29 j
2828 2255 35 17 site
2871 2256 69 17 chosen
2949 2257 84 17 afforded
3042 2257 58 18 shade
3114 2259 20 16 in
3148 2259 67 22 plenty
3228 2260 29 18 but-
3279 2260 8 18 1

2828 2278 33 17 the
2869 2278 79 18 absence
2956 2280 20 17 of
2984 2281 60 17 wafer
3053 2286 38 12 was
3099 2288 11 11 a
3119 2283 71 17 serious
3202 2283 55 17 draw-
3281 2282 6 20 £

2828 2301 54 18 back.
2907 2302 19 17 It
2935 2303 52 16 must
2995 2303 23 17 be
3027 2305 133 18 remembered,
3170 2306 87 20 however;
3279 2305 8 21 I

2828 2325 42 17 that
2879 2325 37 17 this
2926 2331 38 12 was
2973 2326 33 18 the
3014 2326 42 18 first
3070 2328 61 21 picnic
3145 2329 20 17 of
3177 2329 24 18 its
3217 2330 42 17 bincl
3279 2322 8 28 i

2827 2347 38 18 and
2873 2348 25 22 by
2907 2348 33 18 the
2949 2351 46 15 next
3004 2351 84 17 occasion
3099 2351 62 17 bettor
3173 2358 82 17 arrange-
3279 2344 8 26 1

2828 2372 61 17 ments
2909 2372 40 17 will
2969 2373 23 17 be
3011 2373 55 18 made
3086 2374 20 17 in
3126 2375 37 18 this
3183 2380 73 19 respect,

2818 2393 1 24 j
2828 2394 58 23 Early
2894 2395 20 17 in
2922 2395 33 17 the
2964 2396 91 17 forenoon
3064 2403 24 11 an
3097 2398 18 17 al
3124 2398 59 18 fresco
3195 2399 59 18 break

2818 2415 1 32 |
2827 2418 43 20 fast,
2882 2420 19 15 at
2911 2419 60 17 which
2979 2420 50 21 good
3035 2420 94 23 digestion
3138 2422 68 18 waited
3212 2429 45 16 upon
3280 2415 7 32 |

2818 2441 1 27 i
2827 2447 12 10 a
2847 2441 78 23 healthy
2934 2443 90 21 appetite,
3034 2443 73 24 having
3114 2444 54 20 been,
3177 2445 80 23 disposed
3286 2441 1 27 .

2818 2464 2 28 .
2827 2464 26 21 Of,
2863 2465 104 21 the'sports
2974 2467 21 16 of
3003 2467 32 16 the
3044 2466 38 23 day
3091 2473 48 12 were
3144 2469 75 17 entered
3227 2476 21 16 up-

2818 2485 33 19 lon
2861 2488 46 17 with
2915 2488 26 17 all
2951 2488 34 18 the
2992 2490 116 17 enthusiasm
3117 2492 62 17 which
3192 2493 65 21 youth-
3280 2493 7 23 j;

2818 2509 1 25 !
2827 2511 29 17 ful
2865 2511 54 22 spirit
2927 2512 110 22 engenders,
3048 2513 38 17 and
3100 2520 48 12 were
3162 2516 94 17 continu.l

2818 2530 1 28 [
2827 2533 49 18 until
2886 2535 30 16 the
2925 2535 94 18 luncheon
3032 2530 54 27 jour,
3101 2539 10 15 2
3127 2538 76 18 o'clock.
3232 2540 24 16 An
3279 2530 8 25 1

2818 2557 1 29 j
2827 2557 110 18 abundance
2947 2559 19 16 of
2974 2559 51 21 good
3034 2560 66 23 things
3108 2561 38 17 had
3158 2561 46 18 been
3217 2568 39 16 pro-
3281 2570 6 9 s
3286 2557 1 29 ;

2827 2580 55 18 vided
2890 2581 39 17 and
2936 2581 56 19 these
2998 2588 50 13 wore
3061 2583 98 23 dispensed
3176 2585 25 23 by
3216 2586 42 17 M:s<

2818 2600 1 31 :
2827 2603 57 22 Selby
2889 2605 39 16 and
2936 2605 33 17 the
2978 2606 54 16 other
3040 2606 59 18 ladies
3115 2608 43 17 who
3171 2609 80 22 proffer.-.
3254 2600 3 31 I
3280 2600 7 26 I

2818 2623 1 31 I
2826 2627 49 17 their
2889 2627 107 19 assistance.
3028 2629 39 18 The
3081 2629 94 25 efficiency
3193 2632 20 17 of
3230 2633 27 16 the
3281 2623 6 25 1

2818 2648 1 27 I
2827 2650 135 17 commissariat
2971 2652 69 17 service
3056 2653 16 17 is
3087 2654 42 17 best
3141 2655 86 18 vouched
3233 2657 25 16 for
3281 2648 6 27 |

2818 2673 33 24 jby
2861 2674 31 17 the
2901 2674 39 17 fact
2955 2674 43 18 that
3011 2676 50 17 after
3077 2676 25 18 all
3119 2677 90 18 demands
3225 2679 33 16 lnnl
3281 2669 6 28 1

2818 2693 1 30 I
2825 2697 48 17 been
2884 2697 84 18 satisfied
2980 2704 25 11 an
3020 2699 62 22 ample
3096 2700 69 23 supply
3179 2702 37 17 still
3232 2708 16 11 re-

2827 2720 74 17 mained
2910 2727 24 10 on
2942 2721 59 18 hand.
3027 2723 23 16 In
3059 2716 1 26 .
3067 2723 33 17 the
3115 2729 65 12 course
3194 2725 19 17 of
3229 2726 28 16 the
3281 2716 6 26 I

2827 2743 36 22 day
2872 2744 71 17 several
2952 2745 20 16 of
2980 2745 33 16 the
3021 2746 134 18 excursionists
3161 2748 71 17 walked
3240 2756 17 9 a<

2826 2767 29 16 far
2864 2773 20 10 as
2891 2767 90 18 Paradise
3075 2769 62 18 where
3152 2771 45 23 they
3213 2777 38 11 were-

2825 2790 53 22 quite
2886 2791 115 22 enraptured
3017 2792 48 17 with
3077 2793 33 17 the
3125 2799 58 13 scene.
3217 2796 39 16 T!,i-
3281 2790 2 23 :

2825 2812 87 22 pleasant
2919 2815 45 21 spot
2971 2814 16 17 is
2995 2815 60 18 about
3063 2821 11 12 a
3082 2816 45 17 mile
3141 2817 38 17 and
3194 2824 10 10 a
3220 2819 37 16 h:df
3281 2812 6 28 |

2825 2836 49 17 from
2884 2837 112 23 Tarukenga
3005 2838 38 17 and
3055 2839 36 17 five
3103 2840 51 18 from
3169 2841 70 18 Rotoru
3246 2848 9 11 t.

2825 2859 38 17 and
2871 2859 75 24 though
2959 2861 70 17 known
3043 2863 20 16 to
3079 2869 10 10 a
3103 2863 36 17 few
3153 2864 90 22 previous:
3250 2859 3 27 .
3281 2868 6 13 :

2825 2882 34 18 has
2867 2888 58 12 never
2932 2883 39 18 had
2983 2885 25 17 its
3023 2886 92 17 romantic
3130 2892 93 12 resources
3254 2882 4 27 >
3281 2886 6 23 £

2825 2906 117 22 thoroughly
2951 2908 97 21 exploited
3055 2914 20 12 as
3085 2914 23 12 on
3118 2909 37 18 this
3168 2911 87 17 occasion.
3281 2904 6 29 |

2825 2929 38 17 The
2880 2931 61 21 sports
2959 2935 47 13 were
3023 2931 106 18 conducted
3148 2934 61 17 under
3228 2939 11 12 t;
3249 2942 6 6 ■■
3281 2925 6 33 |

2825 2953 83 21 auspices
2917 2953 20 17 of
2947 2953 66 18 Messrs
3022 2954 81 18 Webber
3108 2956 37 17 and
3154 2956 101 23 Fitzgersiiit
3281 2964 6 13 j;

2824 2975 38 17 and
2878 2975 68 23 passed
2962 2977 27 17 off
3005 2977 81 18 without
3102 2985 11 11 a
3129 2979 58 18 hitch.
3221 2982 18 16 Ti
3254 2972 1 26 ■

2825 2998 54 17 Band
2898 2999 70 22 played
2988 3001 90 17 selection
3098 3001 50 18 after
3171 3003 54 18 select
3229 2998 3 23 i
3248 2998 1 23 ;

2824 3021 70 23 during
2901 3022 33 18 the
2943 3022 37 23 day
2989 3029 46 17 very
3044 3024 100 24 efficiently
3150 3026 37 17 and
3192 3027 16 17 if
3215 3033 17 16 p.
3249 3037 6 2 -

2824 3045 69 17 fection
2914 3046 15 16 is
2946 3047 20 16 to
2983 3047 23 17 be
3023 3048 85 17 attained
3124 3048 26 23 by
3165 3050 87 18 inccssa:*'
3281 3054 6 15 )

2823 3068 82 22 practice
2913 3069 53 18 these
2975 3070 100 18 musicians
3085 3071 37 17 will
3132 3078 44 11 soon
3190 3078 42 12 earn

2823 3097 46 16 very
2878 3092 46 22 high
2940 3093 115 22 reputation.
3087 3094 75 24 During
3175 3097 32 17 the
3249 3092 2 26 .

2823 3120 12 10 a
2843 3115 38 16 few
2889 3116 20 16 of
2917 3116 33 16 the
2959 3117 134 22 townspeople,
3101 3121 89 20 amongst
3196 3120 47 17 otlie:

2823 3137 31 17 Mr
2863 3138 20 17 C.
2893 3138 90 24 Malfroy,
2994 3139 57 18 drove
3060 3141 48 17 from
3117 3142 51 16 town
3182 3144 19 16 to
3214 3145 16 15 t::

2822 3162 44 20 part
2874 3162 19 15 in
2901 3162 33 16 the
2943 3162 75 22 outing.

2846 3184 40 18 The
2906 3184 100 24 following
3026 3186 16 17 is
3063 3187 32 16 the
3117 3188 66 17 official
3200 3190 52 16 resi:!;

2823 3207 20 16 of
2852 3207 32 17 the
2896 3208 77 18 various
2988 3211 84 16 contests
3088 3210 59 18 which
3164 3217 48 12 were
3228 3212 18 17 in-

2822 3229 71 23 dulged
2903 3231 20 16 in
2940 3231 71 23 during
3029 3233 31 17 the
3073 3233 89 22 day:—l.
3177 3236 23 16 50
3211 3242 28 16 yni
3251 3229 2 29 '

2823 3259 47 14 race,
2881 3253 68 23 (boys),
2961 3256 6 15 1
2979 3255 105 20 Xikorima,
3095 3257 10 19 2
3111 3257 71 20 Robert
3188 3259 54 20 Thom-

2823 3282 39 12 son,
2873 3277 42 17 38.
2925 3273 93 22 Griffiths.
3049 3280 16 15 2.
3080 3281 23 16 30
3117 3281 56 20 yards
3187 3282 54 22 (girls
3246 3273 2 31 ■

2824 3301 6 14 1
2846 3297 85 23 Nataria,
2947 3301 10 15 2
2971 3301 101 23 Tarapuhi,
3089 3304 10 16 3
3112 3304 56 17 Doris
3185 3305 50 17 Penn
3251 3297 2 27 .

2823 3331 16 8 o.
2855 3323 32 16 100
2899 3323 58 22 yards
2966 3323 69 24 (buys),
3056 3327 5 14 1
3081 3323 22 19 P.
3118 3326 110 24 Slubbings,
3247 3341 6 3 -

2822 3345 59 20 Nirai,
2891 3347 10 16 3
2910 3346 106 18 Ilataraka.
3042 3350 17 15 -1.
3080 3350 22 15 SO
3117 3350 56 21 yards
3188 3351 42 22 (girl
3239 3355 8 11 .'

2825 3370 5 14 1
2842 3369 22 16 E.
2877 3369 85 22 Murray.
2978 3369 9 17 2
3005 3370 27 17 M.
3050 3370 76 25 Hodge,
3144 3374 24 16 X.
3183 3374 59 17 Penin

2822 3393 17 15 3.
2854 3393 32 16 100
2894 3392 57 22 yards
2965 3393 69 23 (hoys),
3051 3395 5 15 1
3074 3395 22 17 R.
3112 3396 82 23 Dansey,
3209 3398 11 16 2
3235 3400 18 14 ('.

2822 3415 52 19 Butt,
2884 3416 9 15 3
2903 3415 91 18 Mekiora.
3020 3419 17 15 G.
3053 3419 33 15 10(1
3095 3419 55 21 yards
3160 3419 67 23 (boys'..

2822 3438 21 16 P.
2854 3437 61 19 Moko.
2931 3440 9 15 2
2955 3439 75 18 Rewati
3046 3442 68 17 Maike.
3133 3443 10 16 3
3155 3443 98 18 Hamafci.i.

2823 3461 9 16 7
2853 3461 73 17 Hurdle
2936 3462 55 20 Race,
3004 3463 31 22 120
3035 3463 43 22 yds,
3089 3466 10 15 3
3108 3464 71 23 flights,
3195 3466 58 23 (boys)

2823 3485 5 14 1
2842 3484 103 18 Ilataraka.
2964 3487 10 15 2
2990 3482 88 27 Holiepa,
3093 3489 14 15 3
3118 3488 59 18 Niriri.
3202 3490 17 17 8.
3227 3485 26 21 Vie

2821 3506 56 22 yards
2883 3506 68 24 (girls),
2958 3509 5 15 1
2974 3509 28 16 W.
3009 3509 53 21 Butt,
3070 3511 9 16 2
3086 3511 22 16 E.
3115 3506 127 28 Shaughness.

2821 3530 12 16 3
2841 3530 82 18 R.Hall.
2950 3533 17 15 9.
2981 3532 74 18 Rabbit
3067 3534 55 21 Race-,
3139 3530 4 25 1
3163 3536 25 17 H.
3205 3536 39 17 Fit.:

2821 3553 70 22 gerald,
2901 3555 11 15 2
2921 3555 59 21 Ropa,
3009 3556 19 17 J.
3038 3556 114 23 Fitzgerald.
3168 3560 26 16 10.
3204 3559 40 17 Rah

2821 3576 27 17 bit
2858 3583 46 15 race,
2917 3579 5 14 i
2934 3577 102 21 Ilamahia,
3051 3581 9 15 2
3075 3580 68 20 Matin,
3161 3583 9 15 3
3188 3583 44 16 Rem
3242 3585 9 12 ':

2821 3599 68 18 Maikc.
2917 3602 26 15 11.
2957 3602 23 16 50
2988 3602 58 22 yards
3055 3602 68 24 (boys),
3139 3605 6 16 1
3206 3605 38 17 I'm

2818 3622 43 20 ■cell,
2884 3624 9 16 2
2914 3623 105 23 Xikorima,
3037 3627 11 15 3
3071 3626 20 17 T.
3110 3626 83 24 Dansey.
3228 3629 24 16 12.

2821 3645 138 19 Wheelbarrow
2976 3653 48 16 race,
3045 3650 6 15 1
3068 3649 93 23 Wikapua
3177 3651 37 17 and
3230 3652 14 16 If

2820 3668 90 21 Griffiths,
2921 3671 10 16 2
2941 3670 21 17 F.
2973 3671 72 18 Turner
3053 3672 38 17 and
3105 3673 24 16 R-_
3143 3673 82 23 Dansey,
3242 3676 9 14 :!

2820 3691 80 23 Holiepa
2909 3693 38 17 and
2955 3694 19 17 J.
2984 3694 81 18 Pureell.
3086 3696 26 17 13.
3127 3697 124 22 Tng-o'-war,

2820 3715 53 22 eight
2881 3716 71 18 Maoris
2961 3723 17 11 v.
2993 3718 53 22 eight
3059 3718 93 21 Pakehas,
3169 3725 42 13 won
3228 3721 5 16 i
3242 3727 9 10 v

2820 3737 75 18 Maoris.
2922 3741 28 15 14.
2967 3741 32 16 100
3008 3741 56 22 yards
3074 3739 67 26 (boys),
3155 3744 5 15 1
3172 3743 55 20 Pura,
3242 3745 10 15 2

2818 3760 19 17 J.
2846 3761 75 19 Croker,
2933 3763 41 17 3D.
2989 3763 102 21 Thpiuison.
3119 3767 25 16 1.3.
3157 3767 24 16 'BO
3199 3767 52 19 yards

2819 3783 68 24 (girls),
2896 3786 7 16 1
2919 3786 21 16 O.
2957 3786 73 24 Penny,
3046 3788 10 15 2
3072 3788 23 16 X.
3113 3788 72 23 Penny.
3197 3785 16 22 *:}
3231 3791 6 16 1

2818 3807 84 23 Murray.
2931 3810 26 16 10.
2971 3810 160 18 Consolation-for
3138 3812 53 21 boys,
3208 3814 6 15 1

2819 3830 74 19 Munro,
2904 3832 10 16 2
2923 3833 21 16 I*.
2955 3832 121 21 McXamara.,
3089 3835 50 16 3D.
3154 3830 62 23 S'iinon
3246 3830 3 23 !
3286 3830 1 23 ;

2818 3852 18 18 J.
2845 3854 50 17 McX
2897 3861 70 11 aniava.
2996 3857 25 16 1,.
3035 3857 122 18 Consociation
3164 3859 30 17 for
3200 3859 49 22 girls.
3286 3852 1 29 *

2955 3878 41 18 2E.
3011 3880 84 22 Murray,
3111 3882 46 16 3G.
3172 3882 53 22 Atty,
3245 3878 3 26 i
3286 3878 1 26 «

2818 3899 24 17 X.
2851 3900 83 19 Penney.
3286 3899 1 20 i

1468 76 28 19 ES
1524 74 171 28 CHEONiCLE,
1723 75 190 25 WEDNESDAY,
1942 77 156 22 DEOEMBEE
2124 80 33 22 25,
2176 80 50 18 1895.

293 297 168 16 Jj£PAltl'L'KKS.

228 330 49 15 rOK
288 328 102 17 SYDNEY.

155 366 86 15 .Ailaxa,
251 360 87 22 Tuesday
346 359 83 19 Dec.'24,
436 364 10 9 o
453 362 45 16 p.m.

170 404 46 15 Fui;
261 401 100 17 uritiiKN
373 400 78 15 ruins.

91 439 101 17 Xakapcna
199 445 50 15 every
260 437 75 20 Monday

91 460 113 17 Jlabinai-ua
211 465 51 16 every
271 458 91 19 Tburedny

91 482 122 18 Tarawera.
223 481 91 20 Tuesday.
324 479 45 17 Dee.
381 479 29 19 24,
420 478 10 16 2
439 482 47 17 p.m.

93 506 55 20 Moa,
155 505 93 22 Tuesday,
254 504 46 17 Dec.
310 503 27 19 31,
368 507 46 16 p.m.

156 547 80 16 Reduced
246 547 79 14 fnreja<e
334 548 37 11 now
380 543 17 15 in
407 543 54 16 fo/im*.

91 569 92 17 Auckland
190 568 67 15 Branch
309 565 105 16 Pulmerston
427 564 100 20 BuildinjtM,

91 700 163 46 HtJDDAET,
279 700 111 19 PARKER,
412 700 55 17 AXD
488 700 38 17 CO.

255 722 108 25 (limited),

169 771 59 18 XEW
241 770 85 18 STEAM
339 769 110 18 SERVICE

93 804 128 29 Bringing
232 803 61 22 Low
300 802 79 23 Fares
390 802 55 23 into
457 802 69 23 force

114 853 97 23 Splendid,
220 851 163 23 Well-appointed
388 851 94 18 Steamers
488 851 38 18 will

91 877 23 17 be
122 875 115 23 despatched
246 875 49 18 from
303 876 118 19 Auckland,
432 881 21 10 as
467 874 60 18 under

90 900 91 22 (weather
197 899 38 17 and
254 898 54 18 other
324 898 143 17 circumstances
482 903 33 17 per-

90 922 87 23 mitting)
183 928 30 12 :

89 947 44 16 For
138 945 137 19 GISBORNE,
281 944 104 18 NAPIER.
393 943 116 18 WELLING-

112 969 58 21 TON,
181 968 157 18 LYTTELTOX,
349 968 15 15 &
373 966 128 23 DUNEDIN,

92 994 102 19 Anglian,
203 992 102 19 Tuesday,
316 990 43 17 Jan.
369 991 26 19 14,
405 996 56 11 noon.

90 1016 109 18 Tasmania
204 1013 36 21 ....
246 1015 101 18 Tuesday,
354 1013 45 17 Dec.
408 1014 29 20 31,
444 1019 56 11 noon.

218 1060 52 18 FOR
283 1059 111 21 SYDNEY,

136 1084 115 24 (Returning
263 1085 20 15 to
291 1082 99 18 Auckland
398 1082 80 24 Direct.)

89 1108 95 22 Currying
203 1107 114 22 Passengers
336 1105 30 17 for
387 1106 136 21 Melbourne,

100 1131 55 18 other
160 1131 133 17 Australian
299 1129 70 20 Pours,
376 1128 38 18 and
419 1129 92 21 Hobart,

89 1162 103 16 Anglian.
201 1161 109 17 .Tuesday.
320 1159 44 16 Dec.
372 1158 29 20 31,
411 1158 10 17 3
430 1161 46 19 p.in.

89 1185 109 17 Tasmania
202 1197 37 4 ....
244 1183 99 18 Monday,
359 1181 43 18 Jan.
417 1182 45 19 13,4
476 1186 46 17 p.m.

112 1211 80 23 Freight
200 1210 37 17 and
246 1211 92 21 Passages
349 1210 20 16 at
382 1212 80 13 LOWEST
475 1212 36 14 CUR-

89 1236 53 16 RENT
154 1238 70 13 RATES.

111 1258 74 18 Return
194 1257 73 17 Tickets
273 1255 92 19 available
371 1255 30 17 for
406 1255 28 17 six
440 1255 82 17 months.

189 1286 22 17 L.
225 1286 24 17 D.
257 1284 110 18 NATHAN
379 1284 15 17 &
408 1284 45 20 CO.,

420 1307 80 20 Agents.

227 1349 33 43 T

227 1348 95 23 rpHOS.
344 1347 69 18 COOK
435 1348 16 16 &
475 1347 49 17 SON

159 1389 62 25 tDvrfg?
265 1399 52 14 BOOK
330 1397 97 14 PASSAGES
438 1398 44 13 AND

95 1418 117 16 CjCetSHSsa
293 1421 74 14 SECURE
380 1420 77 14 BERTHS

251 1441 35 18 AT
296 1437 103 21 LOWEST
412 1439 81 18 RATES

89 1472 27 13 lIY
157 1468 14 16 <S-'
181 1471 18 13 O.
209 1470 35 14 CO..
254 1468 74 14 ORIENT
336 1465 36 19 CO.,
381 1467 75 13 DIRECT
464 1467 58 12 LINES

182 1493 90 16 OCEANIC,
286 1490 142 17 MESSAGERIES,

190 1517 26 17 Or
223 1522 36 16 any
268 1516 37 17 line
314 1520 19 12 as
342 1514 78 17 desired.

110 1564 88 23 Enquiry
205 1562 77 18 invited.
298 1561 125 17 Information
433 1561 65 22 gratis.

87 1610 96 21 >utendiug
190 1613 101 18 passmijers
303 1606 61 18 should
377 1606 53 21 apply
445 1607 28 16 fir
490 1611 31 11 our

108 1632 36 16 free
152 1631 29 16 list
190 1631 17 15 of
215 1632 72 14 stenmrr
300 1629 72 19 sailings
383 1628 33 15 ami
426 1629 48 15 fares'
482 1632 18 12 at

134 1657 90 18 COOK'S
236 1655 125 19 SHIPPING
373 1655 101 21 OFFICE,

164 1687 22 17 70
194 1690 42 13 and
246 1686 21 17 78
280 1685 164 19 Queen-street.

117 1714 86 17 Rotorua
219 1711 88 25 Agency:
307 1711 3 25 :
321 1712 93 18 Hinomoa
424 1711 68 19 Street.

108 1745 131 16 X.B.—Drafts
247 1745 34 15 and
289 1744 77 16 Circular
374 1744 54 15 Notes
435 1744 59 15 issued
505 1745 17 14 at

93 1769 54 14 owebt
154 1768 68 15 current
230 1769 50 13 rates.

93 1935 195 32 FRANKTON
314 1934 207 32 JUNCTION

254 1968 113 32 HOTEL.

91 2027 203 47 PASSENGERS
308 2027 27 23 by
350 2026 54 19 train
420 2028 20 17 to
456 2025 65 21 Auclo

280 2053 54 19 land.

88 2151 72 19 Trains
183 2152 44 23 stop
247 2151 76 23 twenty
341 2149 88 19 minutes
448 2151 20 17 at
488 2149 34 19 the

134 2176 106 20 Erankton
250 2175 96 19 Junction
355 2175 32 18 for
397 2175 78 18 dinner.

114 2203 43 19 The
180 2201 137 25 undersigned
344 2201 37 18 lias
413 2201 109 18 first-class

87 2229 66 19 Meals
166 2228 62 24 ready
238 2227 39 19 and
288 2226 71 19 served
368 2232 26 13 on
409 2226 74 20 arrival
501 2227 21 18 of

88 2255 28 19 all
126 2255 71 19 trains.

89 2304 216 45 William
319 2301 199 56 Geateh,

143 2364 320 24 PROPRIETOR,

89 2426 147 23 Hancock's
245 2425 96 23 XXXX
348 2425 63 22 Ales
420 2425 101 29 always

220 2459 32 15 on
263 2451 125 28 Draught.

89 2497 75 23 Sixth
178 2497 73 23 Year.
299 2495 74 23 Price
382 2495 138 29 Sixpence.

338 2522 87 25 Postage
436 2522 32 19 2d.
528 2522 1 25 !

108 2592 397 55 MURRAY'S

132 2674 343 36 ILLUSTRATED

87 2734 164 41 ALMANAC
278 2734 69 40 AND
380 2733 138 47 DIARY,

228 2807 64 22 FOR
306 2806 67 23 1896.

192 2841 67 20 useful
269 2841 81 19 Annual
361 2845 36 15 has
412 2847 45 13 now
475 2847 44 19 per*

93 2862 23 22 ■A
155 2867 103 26 manently
275 2867 62 20 taken
352 2868 26 18 its
397 2867 57 25 place
469 2873 23 14 as
508 2874 13 13 a

87 2894 119 19 Handbook
216 2894 21 18 of
253 2894 56 24 daily
324 2894 103 18 reference
446 2893 21 19 in
485 2894 35 18 the

87 2920 103 24 Counting
201 2920 70 19 Iluuse
281 2921 40 18 and
331 2919 73 19 Home.
433 2919 21 19 It
461 2920 18 18 is
486 2920 34 18 the

87 2945 97 20 standard
195 2946 53 19 book
260 2946 21 19 of
291 2945 101 19 reference
407 2945 32 19 for
458 2945 50 19 Busi-

87 2978 47 13 ness
145 2971 55 25 Men,
211 2972 100 22 Farmers,
322 2971 106 23 Mariners,
437 2971 70 19 House-

87 2998 91 25 keepers,
190 2998 39 19 and
239 2998 35 19 the
284 2996 87 20 General
381 2997 79 19 Public.

114 3024 28 19 To
152 3024 26 19 be
188 3024 41 19 had
246 3024 22 18 of
284 3023 27 19 all
329 3023 131 19 Booksellers
479 3024 42 18 and

88 3050 149 25 Storekeepers.

241 3291 56 20 ASK
313 3290 55 19 FOE

90 3342 429 46 HANCOCKS'

212 3415 183 21 CELEBRATED

270 3468 84 12 uuuv

269 3480 84 19 AAAA

199 3525 214 52 ALES,

218 3591 59 13 MADE
284 3591 56 14 I'ltOM
348 3591 42 12 THE

93 3622 113 32 FINEST
232 3623 87 31 MALT
340 3622 64 32 AND
422 3622 97 38 HOPS,

128 3704 53 14 FREE
194 3705 54 13 I'ltOM
260 3705 38 13 ALL
312 3704 127 15 ANTISEPTICS
453 3706 24 12 OR

195 3737 138 13 DELETERIOUS
350 3737 64 13 ACIDS.

91 3797 139 32 CAPTAIN
253 3797 81 32 COOK
352 3798 167 38 BREWERY,

194 3840 191 20 NEWMARKET.

297 3876 199 57 SAIET

87 4021 10 14 r
101 4023 8 19 I
162 4021 56 20 ABA
223 4021 96 19 HOUSE
326 4020 111 20 BLOCKS.
442 4022 30 18 Sh
477 4023 34 18 uiii-

92 4040 25 25 .-L
152 4054 39 19 ers,
203 4047 41 19 and
253 4047 136 20 Government
399 4046 40 19 size
453 4047 64 24 Posts,

84 4074 23 19 in
118 4080 40 19 any
169 4074 101 25 quantity,
282 4072 101 20 delivered
393 4078 21 13 to
425 4079 38 18 any
472 4077 47 21 part

84 4101 22 17 of
116 4101 21 17 IL'
143 4106 9 13 e
162 4099 84 20 district.
248 4099 94 25 —Apply
355 4101 22 16 at
386 4098 34 19 tire
432 4099 86 19 Auction

84 4125 63 20 Mait,

267 4151 19 18 J.
305 4150 28 19 H.
347 4150 117 19 TAYLOR.

552 133 292 52 Ehrenfried
860 137 122 46 Bros

690 193 147 23 BREWERS,

627 225 108 19 ALBEfiT
751 225 152 22 BiiEWERY,

572 257 216 23 QUEEN'S'.BEET,
802 255 160 21 AUCKLAND

571 308 67 17 WINE
651 308 49 16 AND
712 308 80 16 SPIRir
803 307 157 19 MERCHANTS,

592 336 122 16 BOTTLERS
727 336 51 16 AND
794 334 145 20 IMPORTERS,

635 359 27 17 43,
677 362 133 12 QUEEN-STBEKT
827 362 69 11 WHARF.

641 409 52 11 I'EIZ".
703 409 60 11 MKHAL
775 409 36 11 »XD
821 408 72 12 AWittDS

550 431 24 15 At
583 430 28 16 the
625 430 90 16 followin*.'
731 430 113 16 Exhibitions
858 429 28 15 for
894 434 32 10 our
935 429 37 16 well-

644 452 62 15 known
721 451 44 16 Bulk
774 453 32 14 mid
818 451 12 15 B
838 451 46 15 >ttleil

662 472 48 17 ALE
722 472 51 17 AND
784 472 86 16 STOUT:

550 500 68 20 Svdney
627 500 125 15 InternatiotHl
761 500 108 16 Exhibition.
881 500 47 16 1879.

550 521 101 15 Melbourne
659 521 126 16 International
793 521 108 18 Exhibition,
912 521 68 15 18S0-81

550 542 42 16 New
600 543 73 15 ZsaUnd
682 542 206 19 Indust.riilExiiibition,
893 538 77 24 Welliug-

593 568 35 13 ton,
640 564 46 16 1835.

549 585 44 16 New
612 585 74 16 Zealaiiu
700 585 33 15 aiid
747 585 55 16 Suuth
815 585 41 16 Seas
872 584 109 17 Exhibition.

594 606 85 16 Dnnedin.
691 606 81 16 188D-90.-

540 627 1 21 j
550 628 21 16 In
580 628 76 16 addition
665 630 17 13 to
691 627 53 16 above
752 627 44 15 have
814 627 42 15 been
871 627 80 16 awarded
964 629 17 13 ut

592 649 104 16 Tasm.iniau
727 648 110 20 Exbibitiou,
864 648 117 20 Luinceston,

595 671 77 15 18J1-92.

635 700 56 17 FIVE
703 701 71 16 FIRST
791 701 105 16 AWARDS

748 728 33 10 For

557 744 66 17 BULK
635 743 110 16 BOTTLED
760 744 59 16 ALES
836 744 54 17 AND
907 745 75 16 STOUT

742 766 48 16 Also.

636 787 252 33 CHAMPIONSHIP

576 824 64 23 Gold
653 824 87 24 Medal
750 825 28 23 of
789 825 166 24 Australasia

655 860 72 11 AGAINdT
738 860 99 12 ALLCOMERS
848 861 31 12 Fill!

548 882 89 23 BULK
651 882 70 23 AND
741 883 147 23 BOTTLED
903 883 65 24 ALE

640 934 73 20 Havirg
721 940 10 10 a
740 935 57 20 Large
806 935 52 15 Stock
866 936 18 15 of

660 959 48 16 ALE
719 960 52 16 AND
783 961 83 20 STOUT,

548 985 68 16 Bottled
625 986 16 15 in
650 989 51 16 quart
710 987 35 15 and
760 987 39 21 pint
897 987 83 21 specially

548 1006 66 16 brewed
622 1007 27 15 for
657 1008 29 15 the
693 1013 74 10 summer
776 1008 55 19 trade,
842 1008 55 16 which
906 1014 28 10 are
941 1014 38 10 now

548 1028 103 20 thoroughly
660 1029 84 18 matured,
756 1035 32 10 can
802 1030 43 15 with
859 1035 51 15 every
925 1030 45 16 confi-

547 1049 48 16 dence
610 1050 105 15 recommend
731 1056 46 10 same
793 1053 18 13 to
825 1056 118 11 connoisseur*
960 1057 18 10 as

547 1070 60 16 second
616 1073 18 13 to
641 1076 45 10 none
694 1072 17 14 in
722 1072 28 15 the
759 1072 72 20 Colony.

548 1116 117 31 UNITED
687 1116 186 33 INSURANCE
894 1119 82 37 COY.,

695 1155 129 20 LIMITED.

608 1206 151 30 CAPITAL,
775 1208 142 29 £500,000.

552 1259 47 44 Fl
606 1259 32 18 HE
646 1260 54 19 risks
707 1260 21 19 of
734 1260 28 19 all
771 1261 73 19 classes
851 1261 127 19 undertaken

615 1289 21 15 at
646 1286 69 19 lowest
725 1289 79 16 current
815 1291 59 15 rates.

547 1320 74 20 Claims
630 1321 70 19 settled
711 1321 103 25 promptly
823 1322 41 18 and
877 1320 108 28 liberally.'

556 1369 48 17 New
612 1369 82 17 Zealand
705 1370 55 17 Head
769 1370 63 21 Office,
842 1371 124 23 Wellington.

580 1396 89 18 Resident
678 1396 46 21 Sec.,
733 1397 68 18 James
811 1398 18 18 S.
842 1399 100 17 Jameson.

669 1426 99 17 Auckland
778 1426 75 23 Agon,'-:

605 1453 22 17 A.
640 1453 109 21 Heather,
760 1454 77 18 Custom
846 1455 69 18 Street.

677 1485 84 18 Rotorua
770 1485 74 24 Agent:

593 1514 20 16 F.
627 1514 20 16 F.
657 1514 67 20 Watt,
739 1514 119 18 Chronicle
868 1516 65 17 Office,

591 1565 59 17 NEW
662 1564 92 19 YEAR'S
767 1564 57 19 DAY
830 1564 101 20 SPORTS.

548 1611 110 42 SPORTS
666 1611 37 18 will
715 1611 23 18 be
752 1612 44 17 held
811 1618 24 12 on
849 1613 47 17 New
912 1613 66 17 Year's

602 1635 42 22 Day
653 1635 19 16 in
680 1634 31 17 aid
720 1636 20 16 of
747 1636 31 17 the
787 1636 86 17 Rotorua
886 1637 92 17 Amateur

544 1658 56 18 Brass
607 1658 61 17 Band.

567 1681 75 17 Entries
646 1682 19 16 to
670 1681 24 17 be
698 1681 100 19 addressed
801 1684 20 16 to
828 1683 32 17 the
864 1683 54 17 Band
922 1683 42 17 Com-

545 1705 64 16 mittee
632 1704 45 17 with
699 1705 140 22 performances
858 1706 38 17 and
916 1707 50 17 nomi-

544 1728 65 17 nation
624 1728 29 17 fee
665 1728 30 17 for
711 1728 33 17 the
761 1729 99 23 following
875 1730 103 22 handicaps

545 1751 38 17 will
599 1751 23 17 be
633 1751 84 18 received
733 1757 26 17 up
776 1754 19 15 to
813 1752 85 23 Monday
915 1753 61 23 night,

545 1773 103 19 December
656 1774 51 21 30th,
717 1776 20 15 at
746 1777 10 14 8
766 1775 77 17 o'clock.

570 1798 15 16 1.
599 1797 88 17 Hurdle
699 1798 60 21 Race,
773 1800 31 15 120
814 1799 61 22 yards,
886 1800 10 16 3
905 1799 72 23 flights.

547 1822 33 16 Ist.
591 1820 23 17 £1
625 1820 30 21 os;
669 1821 43 20 2nd,
720 1822 26 17 ss.
771 1822 125 18 Nomination
907 1824 23 16 Is.
940 1824 24 16 Ac-

545 1845 88 20 ceptance
643 1844 24 17 Is.

569 1868 16 16 2.
599 1867 95 17 Rotorua
703 1867 42 18 Cur
754 1869 110 17 Handicap
872 1869 19 17 in
901 1870 10 16 3
924 1869 54 18 heats

545 1890 20 17 of
576 1891 37 18 100,
624 1891 34 16 220
666 1891 38 17 and
712 1891 32 22 440
744 1891 44 22 yds.
804 1893 34 18 Ist,
846 1892 25 17 £3
882 1893 40 21 10s;
933 1893 43 19 2nd,

545 1913 24 17 £1
578 1926 6 8 ?
601 1913 39 21 3rd,
660 1914 35 17 10s.
727 1916 34 18 Ist,
772 1915 43 20 2nd,
834 1916 40 17 itnd-
889 1916 33 17 3rd
939 1916 38 17 will

545 1937 57 16 count
611 1938 16 18 (i,
644 1938 17 19 4,
680 1937 37 17 and
733 1940 10 14 2
757 1939 123 22 respectively
896 1940 19 16 in
933 1940 43 16 each

545 1959 50 18 heat.
619 1959 123 19 Nomination
752 1962 24 16 3s.
790 1962 117 22 Acceptance
916 1963 25 16 2s.

568 1984 16 15 3.
597 1983 56 17 Mile
662 1984 114 18 Handicap.
796 1986 33 19 Ist,
841 1985 25 18 £2
877 1986 42 20 10s;
933 1986 43 20 2nd,

547 2007 35 16 10s.
607 2006 123 18 Nomination
740 2009 25 15 2s.
795 2009 117 22 Acceptance
923 2010 24 16 Is.

567 2031 16 15 4.
598 2029 59 17 Half
669 2030 56 17 Mile
736 2031 61 17 Race.
825 2033 33 20 Ist,
874 2032 22 17 £1
907 2029 3 24 ;
933 2032 43 21 2nd,

545 2053 25 16 ss.
596 2052 95 19 Entrance
701 2055 26 16 Is.

567 2076 51 17 Four
627 2078 19 15 to
655 2078 48 15 start
712 2077 18 16 in
740 2078 33 17 the
780 2078 60 17 above
853 2085 21 11 or
889 2084 25 11 no
929 2085 47 11 race.

568 2098 111 18 Committee
688 2100 38 17 will
740 2100 103 24 disqualify
859 2107 73 18 anyone
948 2102 30 17 for

545 2122 66 23 giving
619 2123 46 17 false
674 2124 145 21 performances.

567 2145 81 18 Tenders
657 2146 29 17 for
694 2147 62 18 Booth
766 2150 19 15 at
794 2149 33 16 the
835 2149 59 17 above
903 2150 63 16 return-

545 2168 42 17 able
595 2169 21 16 at
623 2174 50 12 same
683 2170 51 17 time.

547 2209 111 43 DANCE
667 2210 19 16 ill
694 2210 33 17 the
736 2210 87 18 Pukeroa
831 2212 47 17 Hall
887 2218 24 11 on
926 2213 38 17 Box-

613 2232 33 22 ing
658 2232 67 23 Night.
756 2234 64 18 Music
834 2234 27 23 by
877 2235 32 17 the
923 2236 55 17 Band

544 2255 37 17 and
592 2255 75 17 friends.

651 2279 17 17 J.
682 2279 29 17 W.
725 2279 116 22 WEBBER,
852 2278 51 21 Hon.
913 2281 41 18 Sc-e.

637 2327 248 26 MASSAGE,

545 2375 89 44 MISS
651 2377 104 21 FRASER,
773 2379 89 22 qualified
879 2380 97 18 American

619 2400 102 22 Masseuse,
730 2401 84 23 recently
827 2403 50 17 from
890 2403 86 22 London,

543 2423 16 16 is
571 2423 92 22 prepared
676 2424 20 17 to
710 2425 66 16 attend
792 2426 83 21 patients
891 2431 27 12 on'
933 2432 45 18 very

544 2446 95 17 moderate
647 2447 63 17 terms.

567 2469 37 17 She
612 2469 34 17 has
654 2470 38 16 had
700 2476 57 17 many
766 2472 59 21 years'
835 2473 109 21 experience
957 2473 20 17 in

543 2492 33 17 the
592 2493 107 21 treatment,
717 2494 38 17 and
775 2495 15 17 is
806 2495 118 23 thoroughly
945 2502 21 12 ac-

543 2516 91 21 quainted
642 2516 45 17 with
696 2517 33 17 the
738 2518 73 21 System
822 2519 20 16 of
850 2519 29 17 Dr
893 2519 19 17 S.
927 2519 50 18 Weir

543 2539 92 20 Mitchell,
646 2540 19 16 of
674 2539 137 24 Philadelphia,
821 2542 30 17 for
859 2542 32 17 the
901 2548 42 11 cure
957 2544 20 16 of

543 2562 81 17 General
632 2562 90 24 Debility,
729 2563 134 23 Nervousness,
872 2565 103 22 Insomnia,

543 2586 110 21 Dyspepsia,
664 2587 38 19 <fcc.,
713 2587 33 18 &c.

566 2612 87 22 Address,
664 2613 18 21 C,
687 2620 10 11 o

635 2636 96 22 Bathgate
744 2639 71 20 House,

597 2665 21 11 or
630 2660 45 17 Hot
684 2660 68 18 Lakes
761 2662 118 18 Chronicle
889 2663 63 18 Office.

543 2703 197 28 Strawberries!
764 2703 211 28 Strawberries!!

543 2767 23 23 T
574 2767 18 23 r
610 2767 154 21 lIEERDEGE
770 2771 10 16 N
781 2767 3 27 t
788 2767 4 27 ,
797 2770 80 20 Fenton
884 2772 91 22 Avenue,

545 2790 17 18 -I
573 2790 11 18 1
597 2801 8 8 •
635 2794 18 18 is
671 2796 100 23 prepared
790 2801 19 14 to
827 2798 84 24 provide
926 2798 40 19 resi-

543 2820 59 19 dents
619 2820 40 18 and
672 2822 83 19 tourists
770 2823 49 18 with

595 2850 70 19 Fresh
675 2851 160 22 Strawberries
847 2854 75 19 Daily.

615 2903 32 19 No
658 2906 51 17 stale
719 2911 48 13 ones
778 2906 125 19 obtainable.

544 3022 108 32 GRAND
675 3022 114 40 HOTEL,
814 3025 161 34 ROTORUA.

593 3078 29 17 W.
637 3079 21 16 A.
672 3080 127 21 BOULTON,
813 3081 111 19 Manager.

557 3124 14 22 ,1
599 3124 63 18 CASE
684 3125 31 17 OF
734 3127 131 18 ASSORTED
891 3128 85 20 WINES

543 3151 44 16 XX.
669 3149 54 17 AND
741 3150 105 22 SPIRITS,

693 3172 36 26 £3
745 3174 28 22 5s
791 3174 39 22 Od.

567 3197 54 17 Cases
641 3198 20 16 of
677 3199 84 16 assorted
778 3200 63 17 Wines
856 3201 38 17 and
909 3201 67 23 Spirits

543 3220 54 17 made
606 3226 26 16 up
640 3226 20 12 as
671 3221 74 19 follows
759 3229 44 16 may
816 3223 23 17 bo
852 3224 89 17 obtained
955 3231 21 11 or

543 3243 94 18 delivered
645 3245 18 16 at
672 3244 33 18 the
714 3245 85 23 Railway
808 3246 81 22 Station,
905 3248 38 17 free
957 3248 20 17 of

544 3266 74 22 charge,
629 3268 20 15 at
657 3268 32 16 the
698 3268 59 17 above
766 3269 50 22 pi-ice
823 3266 4 25 :

661 3299 9 16 3
683 3299 72 18 Bottles
764 3301 80 22 Whisky

660 3323 10 16 3
707 3335 11 8 ~
767 3324 77 22 Brandy

662 3346 6 16 1
707 3359 11 7 ~
769 3347 36 17 Gin

661 3369 8 16 1
707 3382 12 7 ~
768 3370 50 17 Rum

660 3404 10 4 ~
707 3405 11 7 ~
767 3393 48 17 Port

660 3415 10 16 2
708 3428 11 8 ~
769 3416 69 23 Sherry

566 3442 59 17 These
634 3443 55 18 Cases
697 3450 31 11 are
741 3445 56 17 made
809 3452 26 16 up
849 3447 20 16 of
884 3447 32 16 the
931 3452 45 17 very

543 3464 42 18 best
593 3465 74 22 brands,
677 3466 35 17 but
723 3468 32 17 the
768 3469 114 18 assortment
895 3476 44 16 may
954 3470 22 17 be

543 3489 64 16 varied
615 3494 20 12 as
644 3489 81 18 desired.-

567 3511 32 17 All
611 3511 62 19 orders
687 3513 38 17 will
738 3515 71 17 receive
823 3517 77 20 prompt
913 3517 52 15 atten-

544 3534 46 17 tion.

550 3654 21 19 -1
612 3657 37 25 beg
660 3661 20 15 to
689 3659 64 19 thank
763 3661 36 19 the
807 3662 70 24 public
886 3663 21 18 of
916 3663 48 19 Roto-

543 3689 38 13 rua
599 3683 32 19 for
653 3684 34 18 the
708 3685 74 20 liberal
800 3689 112 24 patronage
937 3688 26 20 be-

545 3709 80 19 stowed.

569 3736 96 24 Rotorua,
677 3737 50 19 23rd
734 3737 118 26 December,
864 3741 57 17 18S5.

543 3863 113 19 BARBER
677 3864 60 19 AND
767 3866 206 26 HAIRDRESSER,

543 3904 91 43 I)EGS
644 3908 21 17 to
675 3913 105 14 announce
790 3908 45 19 that
841 3908 26 19 ho
878 3909 85 20 linscom-

571 3927 9 11 *
609 3932 83 19 inenced
703 3932 92 21 business
806 3934 20 19 in
838 3935 34 18 the
888 3935 50 25 shop
954 3936 20 18 in

541 3959 35 18 the
592 3957 32 19 old
640 3960 59 22 town,
720 3960 96 24 formerly
835 3961 95 25 occupied
947 3961 28 25 by

542 3984 32 19 Mr
585 3983 122 25 McFadyen,
715 3986 87 23 saddler,
820 3987 42 18 and
877 3987 62 25 hopes
954 3989 20 17 to

542 4010 57 19 merit
611 4016 10 12 a
632 4011 58 19 share
702 4012 21 18 of
733 4012 34 19 tho
778 4012 69 25 public
857 4016 88 22 support.

623 4044 157 20 RAZORS
810 4047 76 17 SET.

562 4109 23 18 A
594 4109 82 19 Choice
687 4110 151 20 Assortment
852 4111 26 18 of
889 4112 70 18 Tobac-

540 4137 45 17 cos,
596 4132 85 26 Cigars,
692 4134 130 23 Cigarettes
829 4134 20 19 &
856 4135 117 19 Smoker's

540 4155 137 23 Requisites.

1060 488 43 19 The
1119 488 66 20 above
1202 488 108 20 Favourite
1324 488 40 20 and
1374 487 81 21 Commo

1034 515 45 18 ious
1111 514 63 20 Hotel
1206 515 76 19 affords
1314 512 141 22 EXCELLEN

1034 540 242 20 ACCOMMODATION
1290 541 32 19 for
1337 538 118 21 TOURIST

1034 566 184 20 TRAVELLERS
1247 569 15 17 &
1289 565 129 21 VISITORS
1435 564 20 19 wl

1034 592 43 20 will
1086 593 78 19 receive
1173 600 61 19 every
1249 593 90 20 Comfort
1354 592 40 19 and
1409 591 46 19 Atte

1034 618 49 20 tion.

1061 718 106 20 Excellent
1190 719 88 19 Cuisine.
1319 717 97 26 Spacious
1441 722 14 12 ai

1237 752 117 20 Bedrooms.

1034 787 66 19 Room
1110 787 50 20 with
1169 790 40 17 two
1220 787 103 19 first-class
1337 786 73 19 tables.
1438 784 17 20 H

1035 887 16 17 &
1062 886 50 19 Cold
1126 886 81 25 Plunge
1217 888 16 17 &
1244 885 82 19 Shower
1335 886 72 18 Baths.

1034 912 71 19 Wines
1141 912 72 26 Spirits
1230 912 40 19 and
1285 911 48 19 Ales
1352 912 21 19 of
1391 912 35 19 the
1435 910 20 21 bi

1187 938 79 19 Brands
1274 938 52 25 only.

1004 4248 102 40 Ask
1134 4250 72 39 for
1234 4248 265 38 Hancock's
1526 4248 276 41 Celebrated
1856 4251 84 38 EE
1950 4250 94 41 EX
2069 4253 112 40 Ales
2208 4257 93 36 and
2328 4254 151 39 Stout.

2842 3944 144 20 GEYSBBLAJnh
3007 3947 153 22 GKICIEKT.A.XI),
3178 3950 72 16 Flo!'!.-

2818 3970 61 13 LAN'I)-
2887 3969 39 15 -All
2933 3969 109 17 Illustrate'!
3050 3970 60 18 Guide
3115 3976 21 11 to
3141 3972 32 16 the
3180 3969 26 21 3^-
3211 3969 24 21 i;i'
3241 3979 8 11 y

2818 3989 55 23 Spots
2887 3991 20 16 of
2919 3991 48 18 New
2982 3992 93 18 Zealand.'
3105 3994 31 18 On
3145 3995 66 18 sale-at
3220 3996 31 17 the

2817 4012 121 19 CnEoxiCLE'
2947 4015 70 18 office.*

2840 4042 16 16 A
2863 4042 63 17 choice
2931 4045 115 17 assortment
3054 4045 21 16 of
3083 4045 44 17 Chn
3133 4047 54 17 ;tmas
3192 4042 58 22 Can!,

2816 4064 47 18 with
2870 4066 139 23 photographic
3018 4068 57 16 views
3084 4069 20 16 of
3112 4068 48 17 New
3169 4070 81 18 Zealand

2816 4093 75 17 scenery
2898 4090 19 15 at
2925 4089 34 17 the
2967 4090 119 18 Chuoniole
3094 4091 73 19 Office.*

2839 4117 38 15 The
2886 4117 103 17 Christmas
2998 4119 89 17 numbers
3100 4120 20 17 of
3128 4120 32 17 the
3176 4122 75 17 varion.i

2816 4138 80 24 English
2904 4141 127 21 publications
3046 4148 31 11 are
3086 4148 42 12 now
3137 4144 84 21 arriving
3230 4150 21 12 at

2815 4162 32 17 the
2856 4162 117 19 Ciiho.yicle
