3257 4244
1181 73 58 20 THE
1252 72 60 21 HOT
1327 70 94 21 LAKES
1437 69 169 24 CHROMCLE,
1623 67 193 25 WEDNESDAY,
1839 67 157 21 DECEMBER
2011 67 33 24 25,
2058 66 57 23 1*95,

2796 4094 71 16 Printed
2880 4093 33 16 und
2925 4092 92 22 published
3036 4092 27 16 for
3080 4092 29 16 tlio
3124 4092 97 21 proprietor,

2818 4117 18 13 nt.
2852 4115 27 15 his
2900 4114 94 20 registered
3000 4114 80 20 printing
3085 4113 48 16 office
3146 4113 73 16 Rotorun

2817 4137 23 18 by
2848 4136 59 16 I'eiioy
2919 4136 58 16 Jamks
2987 4136 101 18 Uamkond,
3100 4135 19 16 of
3127 4135 76 16 Kotorun

2817 4160 163 21 WEDNESDAY,
2991 4160 133 17 DECEMBER
3133 4160 25 21 25,
3168 4160 47 20 1895,

187 158 244 72 LAKE
489 153 347 77 HQust.,

164 257 306 50 Hydropathic
490 253 144 40 Hotel,
649 254 208 33 Rotorua.

353 308 222 32 Established
594 308 85 26 1881.

72 355 72 22 Under
157 357 35 20 the
209 358 110 24 patronage
336 353 21 19 of
375 351 32 20 Sir
416 351 34 19 W.
468 348 84 24 Jervois,
569 347 49 19 Earl
634 347 40 18 and
689 346 99 19 Countess
803 344 21 20 of
834 343 121 26 Hopetown,

242 382 33 18 the
286 380 54 19 lion.
354 377 91 20 Premier
454 376 41 19 and
508 374 103 19 Members
625 373 21 19 of
655 373 130 19 Parliament

126 436 41 18 The
178 434 62 20 Hotel
249 433 17 19 is
275 431 86 20 situated
371 437 26 12 on
407 436 26 13 an
444 428 90 19 elevated
543 427 88 25 position
640 432 25 13 on
675 425 34 19 the
719 424 69 19 shores
798 423 21 19 of
833 421 111 20 Lakeßoto-

73 469 42 16 rua,
127 460 117 20 convenient
258 461 21 17 to
289 458 27 19 all
325 458 34 19 the
369 456 65 25 sights
444 455 21 19 in
475 454 35 19 the
520 454 83 19 district.

147 493 135 22 SULPHUR
292 494 16 18 &
317 490 131 21 MINERAL
458 488 92 21 PATHS
559 489 22 18 in
590 488 34 19 the
634 485 94 21 Grounds
738 485 21 19 of
768 485 34 19 the
813 482 70 21 Hotel.

124 548 28 19 To
162 548 52 18 meot
223 546 35 19 the
267 545 80 19 dulness
357 544 21 18 of
387 543 35 19 the
430 543 58 19 times
499 548 10 12 a
520 541 74 24 dial-go
604 539 21 19 of
635 539 28 19 £2
674 541 22 16 2s
705 544 36 20 per
752 536 56 21 week
815 535 42 20 will
865 535 27 19 bo
901 534 58 19 made

71 575 32 18 for
112 580 11 13 a
133 572 123 26 lengthened
265 574 50 23 stay.
343 570 71 19 Under
425 575 37 13 one
472 567 55 21 week
538 569 22 17 8s
569 572 36 20 per
618 565 40 25 day

123 630 124 20 N.B.—Mrs
256 629 89 20 Graham
354 627 42 20 will
404 627 42 19 also
455 626 94 19 continue
559 626 21 18 to
589 623 102 26 supervise
701 622 35 19 the

89 662 173 28 GEYSER
280 659 143 28 HOUSE
443 653 317 31 HYDROPATHIC
780 650 155 32 HOTEL,

382 692 275 28 WAIRAKEI,

74 733 66 20 which
159 734 37 18 lias
210 732 81 20 become
310 738 11 13 a
330 730 86 27 popular
435 728 40 20 and
491 727 101 20 favourite
610 727 64 18 resort
689 725 95 24 amongst
799 722 106 20 travellers
921 720 38 19 and

471 753 94 20 invalids.

217 790 19 18 A
245 788 103 20 reduction
357 787 17 18 is
383 785 59 20 mado
452 786 20 18 to
486 783 78 25 weekly
574 790 23 12 or
611 781 92 25 monthly
711 780 104 20 boarders.

87 822 66 20 Guide
163 821 67 19 Boohs
240 820 40 19 and
290 818 130 21 information
437 816 64 26 gratis
510 818 21 16 at
541 814 56 21 Cook
611 814 41 19 and
661 812 57 21 Sons'
730 812 50 26 (solo
790 811 82 26 agents)
884 810 64 20 offices

380 843 127 25 throughout
517 842 35 19 the
569 841 83 24 Colony..

74 901 104 38 MRS
209 899 40 37 R.
268 897 210 43 GRAHAM,
530 916 17 6 -
587 915 17 6 -
643 913 17 7 -
708 891 250 45 Proprietress.

93 990 20 19 a
175 975 2 34 1
214 986 110 23 iaft
354 985 17 17 R
437 983 7 19 ®
529 981 9 21 i
609 979 54 26 18
821 983 9 21 i
888 975 10 27 B

77 986 461 72 ATlAivium
609 982 348 71 nOTLL,

312 1080 32 20 On
354 1079 34 19 the
397 1077 66 21 banks
474 1077 20 19 of
504 1076 35 19 the
548 1075 97 20 Waikato
656 1074 68 19 River.

101 1130 120 22 Patronised
239 1130 28 24 by
280 1129 35 18 the
328 1127 49 19 Earl
395 1126 39 19 and
445 1125 98 20 Countess
562 1123 21 20 of
592 1122 87 23 Onslow,
694 1121 98 20 Countess
806 1120 22 18 of
839 1119 94 24 Glasgow

260 1155 39 20 and
313 1154 62 20 Suite.
404 1152 32 20 Sir
445 1152 88 19 Thomas
548 1150 40 19 and
597 1148 57 25 Lady
668 1146 134 21 Mollwraith.

108 1244 111 26 Situated
232 1242 101 30 halfway
341 1241 110 23 between
463 1239 117 26 Rotorua,
592 1235 87 31 Taupo
691 1233 47 24 and
938 1228 23 16 le

202 1277 66 31 place
287 1275 36 25 for
341 1274 41 24 the
392 1270 182 27 Aniwhaniwha
596 1268 74 28 Falls,
689 1267 40 23 the
755 1263 207 26 Orakei-lvoiako

75 1312 44 24 red
132 1311 46 23 and
192 1310 71 24 white
275 1309 125 25 Terraces,
414 1306 115 30 Geysers,
549 1302 72 25 Alum
646 1301 89 27 Caves,
754 1300 43 23 &c.
801 1322 7 14 ?
821 1304 26 18 to
860 1298 75 23 which
948 1305 14 15 a

76 1353 52 16 new
148 1345 46 22 and
214 1352 56 22 easy
294 1341 65 24 track
373 1340 19 24 is
412 1347 53 15 now
489 1335 145 33 completed.
672 1334 116 24 Distance
808 1332 55 23 nine
884 1332 77 25 miles,

75 1378 54 25 four
138 1378 26 23 of
174 1376 77 25 which
269 1383 43 16 can
331 1374 30 24 be
380 1372 87 25 driven
488 1379 60 16 over
569 1370 18 23 if
605 1367 102 25 desired.
752 1367 52 23 Hot
824 1366 71 23 baths
914 1364 47 24 and

75 1411 54 25 falls
146 1410 81 26 within
243 1417 28 16 io
285 1408 102 24 minutes
400 1406 75 24 drive.

143 1494 71 28 Good
228 1499 65 20 trout
305 1492 86 33 fishing
404 1490 47 25 and
470 1488 113 34 shooting
596 1487 22 25 in
632 1487 40 24 the
684 1483 209 36 neighbourhood.

75 1568 77 26 Guides
160 1569 40 21 and
207 1567 73 23 Saddle
289 1566 75 22 Horses
371 1564 99 28 supplied.
485 1564 49 19 Post
542 1560 40 21 and
591 1559 115 28 Telegraph
712 1558 60 21 Office
779 1564 25 14 on
811 1557 35 21 the
855 1555 103 30 premises,

508 1595 11 13 o
595 1595 4 13 ■

167 1623 40 21 For
216 1621 79 23 further
305 1618 130 23 information
449 1616 61 28 apply
524 1615 75 20 Messrs
609 1613 55 21 Cook
675 1612 39 22 and
724 1611 46 26 Son,
782 1610 84 27 Agents,

286 1687 52 47 c.
376 1681 370 52 GROWTHER,

371 1738 289 35 PROPRIETOR.
682 1787 18 3 _

155 1841 144 57 Pure
352 1834 257 61 derated
647 1832 240 64 Waters.

225 1970 42 20 One
283 1969 20 19 of
318 1968 34 20 the
362 1967 115 20 necessities
493 1966 21 19 of
522 1965 35 20 tho
567 1964 81 25 coming
657 1962 75 21 Season
741 1960 42 22 will
792 1959 26 19 be

79 2022 30 26 A
134 2020 127 28 COOL
286 2018 104 27 AND
414 2012 352 32 REFRESHING
796 2008 169 29 DRINK

106 2061 139 22 tlntinctured
256 2062 25 24 by
291 2068 38 17 any
344 2060 128 20 Deleterious
484 2056 101 22 Chemical
595 2056 126 25 Compound.
761 2054 18 19 A.
790 2053 61 19 drink
862 2055 21 16 at
891 2057 49 13 once

237 2091 245 31 Exhilarating
501 2089 70 28 and
589 2087 215 30 Refreshing,

82 2136 41 20 imd
133 2136 66 20 which
208 2135 41 20 will
258 2141 61 20 prove
329 2140 11 13 a
348 2133 118 26 preventive
476 2133 22 18 of
512 2130 113 26 Dyspepsia
644 2129 40 19 and
701 2128 27 19 all
746 2126 92 21 Internal
856 2124 109 21 Disorders.

108 2182 88 27 Aerated
296 2186 41 20 and
344 2185 98 24 Cordials,
453 2184 124 26 comprising
587 2183 33 19 the
629 2182 74 20 Purest
719 2179 122 25 Lemonade,
862 2178 34 20 the
915 2177 50 19 Most

83 2216 102 20 Delicious
196 2215 76 24 Ginger
282 2213 43 24 Ale,
336 2211 166 27 Higly-charged
512 2210 54 20 Soda
575 2209 78 24 Water,

360 2246 311 47 ZOLAKONE,

84 2308 11 13 a
105 2308 45 13 new
163 2300 149 26 Invigorating,
321 2298 148 20 hon-alcoholic
483 2298 109 23 Leverage;
606 2296 56 18 Lime
682 2294 58 20 Juice
750 2291 87 23 Cordial,
847 2289 118 28 Raspbeiiy,

80 2328 138 26 Peppermint,
230 2326 75 24 Cloves,
317 2325 50 19 I'iuo
376 2324 74 26 Apple,
462 2324 40 19 and
512 2323 76 19 Lemon
602 2322 77 25 Syrups
695 2319 40 21 and
750 2318 135 26 Sarsaparilla
900 2323 35 13 are
945 2317 20 19 all

343 2350 157 21 manufactured
514 2356 25 12 on
555 2349 33 19 the
603 2349 102 26 premises.

276 2404 114 20 Lemonade
400 2403 40 20 and
451 2403 78 26 Ginger
538 2402 44 24 Ale,
592 2403 70 24 Quarts
672 2400 40 20 and
720 2399 60 26 pints.

157 2479 63 77 C.
273 2482 64 71 A.
390 2477 341 84 CLARKE,
807 2474 84 74 Jr.

86 2618 370 61 SEDDON'S
497 2620 208 54 LAKE
736 2618 218 51 VIEW

204 2690 136 25 Overlooking
348 2689 35 20 the
398 2690 34 24 Pa,
444 2689 83 25 Boiling
537 2688 84 26 Springs
636 2686 40 21 and
690 2686 92 20 Rotorua
790 2683 65 22 Lake.

166 2780 142 31 TEEMS
367 2782 63 28 30s
443 2789 62 26 per
518 2780 105 33 week,
639 2787 38 20 or
697 2779 36 27 5s
747 2785 62 27 per
823 2777 75 35 day.

89 2838 134 36 Special
244 2837 271 34 Arrangements
539 2836 53 27 for
614 2843 20 19 a
654 2832 209 35 lengthened
891 2834 60 27 resi-

347 2872 106 26 dence
473 2871 69 26 and
561 2869 151 27 iamilies.

349 2938 172 22 CUISINE.—A
538 2937 171 21 SPECIALITY.

140 2990 122 20 References
279 2988 126 26 throughout
422 2987 51 20 New
487 2987 91 19 Zealand
588 2986 40 19 and
644 2985 34 20 tho
692 2985 118 21 Australian
828 2984 93 20 Colonies

401 3015 53 19 from
463 3013 95 27 previous
572 3013 85 19 Visitors

87 3062 33 21 No
130 3065 54 18 touts
199 3064 104 26 employed
313 3065 20 18 at
348 3062 108 21 Auckland
470 3069 23 12 or
515 3061 91 20 Rotorua
619 3060 92 26 Railway
726 3060 89 20 Stations
829 3066 22 13 or
865 3059 100 20 Steamers.

321 3111 33 20 No
367 3112 35 18 ten
418 3116 36 21 per
468 3111 45 19 cent
527 3109 93 26 Coupons
635 3108 100 26 accepted.

120 3171 213 28 NOTE.—Ask
346 3171 37 23 for
394 3170 174 31 Seddon's,
581 3168 48 25 and
641 3177 41 15 see
692 3177 47 23 you
752 3177 40 15 are
806 3168 43 24 left
862 3167 74 25 there.

320 3316 413 64 Proprietress.

112 3433 267 66 WHERE
426 3434 86 65 TO
574 3432 376 67 PURCHASE

472 3529 117 27 FROM

89 3693 161 46 Lamps
540 3697 155 35 Cruets

321 3743 196 35 Brushes
800 3742 165 36 Knives

91 3787 179 39 Trunks
540 3790 165 45 Spoons

378 3836 141 35 Locks
827 3836 138 35 Forks

90 3880 161 36 Razors
539 3883 138 45 Trays

331 3927 187 46 Teapots
791 3928 174 36 Churns

192 3979 73 31 LAWN
289 3979 121 36 MOWERS,
434 3980 76 35 HOES,
528 3981 90 35 RAKES,
640 3980 112 36 SPADES,
775 3980 91 36 FORKS,

135 4021 60 36 At
254 4021 181 41 Greatly
496 4023 203 34 Reduced
762 4022 158 37 Prices.

216 4105 82 47 &£>
340 4105 80 46 or.
459 4105 505 61 DICKEY,

145 4161 85 30 (Tturth
240 4163 51 27 ttlwp
300 4163 51 21 from
359 4163 193 27 Welleßlcy'Street.
615 4170 49 21 304
681 4167 15 19 &
712 4165 49 26 306
769 4165 91 26 QUEEN
872 4165 40 23 ST.

1006 1888 73 20 Under
1093 1887 36 20 tlie
1146 1886 151 26 distinguished
1313 1886 117 25 Patronage
1448 1886 20 19 of
1484 1886 31 18 his
1525 1884 120 24 Excellency
1656 1882 35 20 tlie
1704 1882 108 19 Governor
1822 1881 36 20 tlie

1357 1912 31 19 arl
1402 1912 22 19 of
1434 1912 88 19 Onslow.

1047 1975 140 66 HOT
1217 1970 305 69 SPRINGS
1570 1970 249 71 HOTEL,

1223 2071 37 27 T
1275 2070 39 29 e
1369 2070 99 27 MR
1482 2069 37 29 O
1538 2068 39 28 H
1596 2068 50 27 JX.

1054 2128 54 24 The
1121 2128 59 24 best
1205 2126 130 29 Situated,
1356 2126 46 24 the
1416 2127 69 23 most
1498 2124 184 30 Comfortable,
1696 2124 46 25 the
1756 2124 59 24 best

1221 2160 141 31 appointed
1376 2159 80 25 Hotel
1466 2159 29 24 in
1507 2159 33 24 Te
1559 2159 94 24 Aroha.

1159 2198 74 34 (with
1256 2198 105 25 Private
1387 2196 141 33 Entrance)
1555 2197 45 25 the
1631 2196 123 25 Thermal
1776 2195 106 33 Springs

989 2226 228 39 Domain,biennis
1232 2232 82 24 Court
1322 2232 29 24 in
1364 2231 120 25 Domain.

991 2312 47 39 w.
1066 2310 42 40 Ji
1136 2309 162 47 MOCK,,

1656 2307 207 43 Proprietor
1863 2316 7 11 1
1874 2336 6 9 .

1016 2397 42 20 The
1076 2396 60 20 batbs
1156 2396 39 19 and
1216 2394 96 24 drinking
1333 2396 64 17 water
1416 2399 35 13 are
1467 2392 109 26 especially
1594 2392 113 20 efficacious
1726 2392 21 19 in
1771 2392 56 19 Gout
1844 2390 36 19 and

990 2423 124 21 Rheumatic
1124 2422 116 22 affections,
1250 2420 90 21 Chronic
1348 2420 124 25 Dyspepsia,
1484 2419 106 20 Disorders
1608 2420 21 18 of
1639 2419 34 19 the
1683 2418 90 26 Urinery
1796 2418 86 25 Organs,

990 2452 117 19 Cutaneous
1117 2450 100 23 Diseases,
1233 2448 80 26 Splenic
1323 2448 41 19 and
1380 2446 88 26 Hepalic
1482 2446 114 24 Disorders,
1613 2446 93 19 Diseases
1721 2444 161 21 duetoExeesst

992 2478 89 25 Acidity,
1091 2476 119 26 Neuralgia,
1221 2475 94 20 Sciatica.

1113 2545 61 20 Town
1190 2543 48 21 Hall
1248 2543 40 20 and
1298 2542 82 25 Sample
1389 2542 79 19 llooms
1484 2541 109 20 connected
1608 2540 42 21 ,vith
1661 2540 34 20 the
1705 2539 71 25 Hotel,

1069 2625 52 19 New
1131 2623 87 21 Billiard
1227 2622 66 20 Room
1303 2622 50 20 with
1367 2627 38 14 one
1419 2620 20 19 of
1449 2620 106 20 Bennett's
1564 2620 51 21 New
1625 2618 84 21 Billiard
1719 2618 81 20 Tables.

994 2780 457 64 GEYSER
1471 2775 404 64 HOUSE,

1038 2857 329 48 Hydropathic
1399 2855 154 40 Hotel,
1571 2852 257 41 Wairakei.

1188 2907 36 21 Six
1233 2907 58 20 milos
1300 2907 54 20 from
1363 2907 58 19 Lake
1430 2906 71 26 Taupo
1512 2905 99 26 (Rotorua
1622 2905 56 25 side).

1117 2949 218 33 SUPERIOR
1366 2945 384 34 ACCOMMODATION

1185 2992 54 21 ALL
1248 2992 58 19 THE
1315 2990 147 22 COMFORTS
1472 2991 34 19 OF
1517 2991 16 19 A
1543 2989 80 21 HOME
1632 2989 54 20 FOR

1223 3050 155 28 Tourists
1398 3050 69 27 and
1496 3048 162 29 Invalids.

990 3147 70 27 Hot
1080 3145 204 32 Swimming
1298 3143 120 33 Baths,
1434 3142 193 28 Kiri-o-Kai
1641 3149 39 19 or
1693 3141 85 26 New
1792 3138 84 28 Skin

1044 3180 101 31 ±sath,
1164 3179 73 27 Hot
1254 3177 141 28 Douche
1416 3177 117 32 Baths,
1549 3175 116 28 Grand
1679 3173 151 28 Climate.

1091 3217 315 32 Elevation—l,3so
1416 3216 69 27 feet
1498 3216 108 27 above
1618 3222 58 20 sea
1688 3213 97 28 level.

990 3295 256 30 COMPETENT
1263 3295 162 27 GUIDES
1436 3302 155 24 accompany
1603 3292 104 26 tourists
1717 3293 27 23 to
1753 3292 45 24 the
1809 3290 54 25 vari-

1089 3340 46 16 ous
1148 3332 84 31 places
1244 3330 26 24 of
1282 3330 117 30 interest,
1414 3328 87 26 which
1509 3328 74 24 baffle
1595 3328 44 23 the
1651 3327 66 24 most
1729 3325 77 24 facile
1816 3332 59 24 pen,

1088 3365 48 24 and
1152 3372 47 16 can
1211 3363 59 32 only
1282 3363 32 24 he
1326 3362 111 25 realized
1449 3362 77 25 when
1543 3370 67 15 seen.

990 3464 195 24 GEYSER
1200 3463 192 24 VALLEY
1403 3463 93 20 contains
1504 3462 36 20 the
1548 3461 105 25 following
1660 3458 123 27 unequalled
1793 3457 83 20 Natura

1069 3491 93 19 wonders
1204 3490 122 23 Tuhuatahi,
1347 3497 22 12 or
1390 3490 66 20 Groat
1475 3489 132 25 Champagne
1625 3486 103 21 Cauldron
1738 3485 4 29 ;
1757 3485 35 19 the
1810 3485 66 19 Groat

1067 3516 105 21 Wairakei
1182 3511 90 31 Geyser;
1282 3516 33 19 the
1328 3516 87 26 Donkey
1425 3516 81 24 Engino
1515 3511 4 31 ;
1530 3514 34 21 the
1575 3513 82 21 Fairies'
1665 3512 53 20 Bath
1729 3511 4 31 ;
1744 3511 35 20 the
1790 3511 73 24 Lightn-

1068 3543 39 25 ing
1118 3537 61 31 Pool;
1191 3542 35 20 the
1235 3543 51 19 Case
1300 3542 24 20 de
1336 3543 84 25 Geyser,
1435 3549 23 13 or
1470 3541 101 26 Dragon's
1583 3540 67 20 mouth
1661 3537 3 31 ;
1675 3539 35 19 the
1718 3537 60 21 black
1790 3537 85 26 Geyser;

1068 3570 35 20 the
1111 3570 50 19 Mud
1174 3570 77 23 Geyeor
1261 3565 4 29 ;
1282 3568 35 21 the
1328 3568 52 21 Blue
1390 3569 56 20 Lake
1456 3578 5 16 ;
1470 3568 35 20 the
1524 3568 32 19 Oil
1568 3566 52 21 Bath
1628 3565 4 29 ;
1652 3566 34 20 the
1709 3565 80 26 Eagle's
1809 3565 66 22 Nest;

1069 3597 36 19 the
1115 3595 78 21 Devil's
1205 3595 67 20 Punch
1286 3596 54 19 Bowl
1350 3604 5 15 ;
1366 3595 35 20 the
1413 3596 71 19 Prince
1498 3594 23 19 of
1531 3594 75 20 Wales'
1618 3592 108 23 Feathers;
1735 3593 34 17 the
1786 3591 88 24 Mirror;

1069 3622 34 21 the
1112 3622 55 20 Twin
1178 3622 76 26 Geyser
1265 3617 3 31 ;
1280 3622 35 19 the
1326 3622 59 19 Cora!
1397 3622 78 25 Geyser
1486 3617 3 31 ;
1501 3621 35 19 Ihe
1545 3620 67 19 Green
1628 3620 46 19 Pool
1684 3617 4 31 ;
1707 3617 134 23 Terekerehe,
1853 3625 21 12 or

1067 3649 50 20 Hell
1128 3650 90 23 Geyser;
1230 3648 34 19 the
1274 3648 69 20 S;eam
1355 3649 103 19 Hammer.
1488 3646 83 21 Guide's
1583 3647 31 19 fee
1624 3648 20 18 to
1656 3646 79 25 Geyser
1757 3643 77 26 Valley,
1845 3646 28 22 Gs;

1068 3676 93 19 distance
1171 3675 50 19 from
1233 3674 33 20 the
1276 3675 62 24 hotel,
1348 3682 39 12 one
1398 3674 44 19 mile

989 3728 95 25 THE
1106 3727 336 25 AREATEATEA
1475 3734 21 12 or
1508 3726 80 20 Ladder
1597 3725 83 27 Rapids.
1709 3725 42 19 The
1769 3724 104 20 Grandest

1066 3756 79 24 Rapids
1156 3755 20 18 in
1187 3754 34 19 the
1233 3754 101 19 Southern
1346 3753 138 26 Hemisphere
1492 3751 4 29 ;
1507 3753 73 26 falling
1590 3753 20 20 in
1630 3753 29 20 six
1677 3751 86 21 distinct
1780 3751 92 20 cascades

1066 3783 95 23 amongst
1178 3780 60 20 weird
1249 3780 40 20 and
1300 3780 75 25 rugged
1392 3787 90 18 scenery.
1510 3780 97 20 Distance
1616 3780 51 19 from
1679 3778 35 20 the
1733 3779 63 24 hotel,
1816 3778 56 20 three

1067 3808 63 19 niiJes.
1159 3806 75 20 Raddle
1243 3806 70 20 horses
1328 3808 21 18 to
1360 3806 48 20 visit
1417 3806 34 20 the
1460 3806 82 26 Rapids,
1554 3806 22 21 7b
1587 3806 24 20 6d
1621 3806 54 20 each.

1329 3838 4 10 .
1418 3838 21 10 :o:

988 3854 221 26 KERAPITI
1237 3861 23 13 or
1270 3855 34 19 the
1314 3855 78 19 Devil's
1402 3855 98 25 Trumpet
1510 3855 16 19 is
1543 3855 42 19 said
1606 3857 19 17 to
1646 3854 50 20 emit
1715 3860 12 13 a
1749 3859 93 19 pressure
1851 3853 21 19 of

1065 3881 71 21 18011)8
1148 3881 21 19 of
1183 3884 63 16 steam
1258 3883 18 17 te
1289 3881 34 19 the
1330 3881 54 23 inch,
1399 3881 52 19 from
1462 3888 26 12 an
1503 3884 96 22 aperture
1609 3881 20 19 of
1648 3881 63 19 about
1730 3881 26 18 12
1771 3880 70 19 inches
1850 3879 20 20 in

1065 3908 104 19 diameter.
1198 3907 97 20 Distance
1308 3907 51 20 from
1371 3907 55 20 hotel
1434 3907 57 20 three
1503 3909 37 18 and
1554 3916 10 12 a
1575 3907 41 21 half
1626 3907 68 24 miles;
1715 3906 70 21 saddle
1802 3906 69 20 horses

1065 3937 21 17 to
1098 3935 48 19 visit
1156 3934 34 20 the
1201 3935 66 24 above,
1279 3935 56 19 2s(ld
1345 3934 56 20 each.

1397 3967 54 13 ALSO

989 3988 95 24 THE
1105 3987 132 25 HUKA
1255 3987 170 31 FALLS,
1443 3987 36 20 the
1486 3986 113 28 {Grandest
1610 3987 54 20 Fulls
1675 3994 20 13 in
1716 3986 33 20 the
1770 3986 99 20 Southern

1064 4018 142 25 Hemisphere.
1234 4018 40 20 The
1286 4018 55 19 Falls
1352 4024 43 20 may
1413 4019 22 18 be
1445 4018 72 20 visited
1525 4024 25 14 on
1561 4018 33 20 tlio
1605 4025 52 13 same
1663 4018 116 25 expedition
1794 4024 21 13 as
1836 4017 35 20 the

1065 4045 77 19 Devil's
1149 4045 103 25 Trumpet.
1281 4044 98 20 Distance
1389 4044 52 20 from
1453 4044 53 20 hotel
1517 4045 58 19 three
1584 4045 38 19 and
1633 4052 10 12 a
1655 4045 42 19 half
1708 4044 62 20 miles.
1796 4044 74 19 Saddle

1067 4071 58 19 horse
1142 4078 22 12 or
1174 4071 67 25 buggy
1256 4071 49 19 2i-9d
1315 4071 56 19 each.

1121 4111 87 27 MRS
1221 4110 37 27 It.
1277 4110 196 33 GRAHAM,
1493 4111 239 32 Proprietress-

974 326 58 26 HIGH
1052 326 34 26 ST.
1107 325 39 25 and
1164 324 110 26 VICTORIA
1296 323 35 27 ST.
1354 323 65 29 EAST,

1001 435 44 19 The
1061 434 65 19 above
1143 433 109 20 Favourite
1265 432 41 19 and
1315 429 92 22 Commod-

975 461 45 19 ious
1053 459 64 20 Hotel
1148 459 75 20 affords
1255 455 168 23 EXCELLENT

976 486 242 20 ACCOMMODATION
1232 486 32 17 for
1279 481 142 24 TOURISTS,

976 512 183 21 TRAVELLERS
1188 513 18 18 &
1232 509 129 22 VISITORS
1378 508 45 19 who

976 538 44 21 -will
1027 539 78 19 receive
1115 545 61 19 every
1191 537 90 20 Comfort
1296 536 42 19 arid
1352 535 60 19 Atten-

976 566 49 19 tion.

1003 664 107 20 Excellent
1132 664 88 20 Cuwiro.
1262 661 97 27 Spacious
1385 659 40 20 and

1181 698 116 19 Bedrooms.

978 734 65 18 Room
1053 733 50 20 with
1113 735 40 18 two
1163 732 104 19 first-class
1281 731 73 19 tables.
1381 729 46 19 Hot

980 834 15 17 &
1006 832 51 20 Cold
1070 832 82 25 Plunge
1162 832 16 19 &
1188 831 82 20 Shower
1279 830 73 19 Baths.

977 858 79 24 Winesj
1086 858 73 26 Spirits
1175 857 40 20 and
1230 857 47 19 Ales
1296 857 22 19 of
1336 856 35 19 the
1381 856 46 19 best

1131 884 80 19 Brands
1218 884 53 24 only.

2117 331 31 35 Si

2167 397 55 22 §iSS

1996 460 31 14 fcSS

1884 648 26 13 sss

1838 710 70 17 isSrSk:

1982 773 40 26 m

1899 802 36 23 w*-

1566 825 28 22 ■£t

1625 884 29 19 •S-S

2337 433 82 26 Sample
2438 433 68 20 Room
2526 432 35 19 for
2573 426 191 23 COMMERCIAL

2311 471 186 21 TRAVELLERS
2549 468 66 20 ilable
2634 468 22 18 at
2666 466 29 20 all
2704 465 43 20 tim
2754 471 10 13 e

2338 573 90 26 Charges
2477 573 112 20 Moderate.
2649 569 117 22 SPECIAL

2314 612 89 20 RATES
2420 613 33 19 TO
2479 611 177 21 PERMANENT
2681 609 85 20 BOAR-

2441 751 40 37 C.
2517 747 224 46 CAULTON,

1113 974 632 63 WAIWERA
1857 971 777 79 SANATORIUM,

1816 1035 125 38 AND
2622 1022 12 25 '

1461 1086 162 76 HOI
1651 1081 353 78 SPRINGS
2086 1086 279 76 HOTEL

980 1194 88 33 Only
1096 1195 44 26 30
1172 1194 98 26 miles
1304 1191 114 29 North
1449 1191 37 27 of
1512 1188 187 32 Auckland,
1731 1187 89 28 with
1847 1187 97 33 daily
1975 1189 295 29 communication
2300 1193 88 27 with
2417 1193 112 27 Coach
2561 1199 38 21 or
2620 1192 134 27 steame

1310 1234 54 21 See
1379 1232 166 22 advertised
1557 1232 78 20 Time
1651 1230 79 21 table
1742 1230 30 21 of
1782 1235 44 15 s.s.
1842 1230 78 20 Rose
1931 1230 98 26 Casey
2041 1230 58 20 and
2116 1230 128 23 Butler's
2255 1234 33 20 R.
2300 1234 38 21 M.
2357 1235 106 21 Coach.

978 1272 105 63 fiJHE
1109 1271 118 24 ABOVE
1242 1270 85 25 ESTA
1336 1268 205 25 BLISHMENT
1552 1267 134 25 STANDS
1700 1266 233 24 UNRIVALLED
1947 1275 27 14 as
1992 1275 14 14 a
2017 1265 92 25 Health
2119 1275 27 15 or
2159 1267 110 32 pleasure
2283 1270 97 28 Resort,
2394 1270 47 24 and
2454 1270 43 24 has
2509 1269 88 32 special
2620 1269 152 31 advantages

1066 1305 38 24 for
1116 1305 78 24 either
1218 1304 112 24 Tourists
1345 1312 27 15 or
1387 1302 116 28 Invalids,

1345 1400 175 29 Beautiful
1539 1401 152 32 Scenery,
1713 1399 241 32 Sea-Bathing,
1975 1399 157 34 Boating,
2152 1400 151 38 Fishing,
2318 1401 55 33 &c,

1535 1434 121 28 Cusine
1669 1434 70 26 and
1752 1433 208 29 attendance
1980 1431 37 28 of
2037 1433 60 27 the
2118 1434 85 31 best.

979 1479 94 25 Famed
1084 1480 37 24 for
1134 1480 31 24 its
1179 1478 109 26 curative
1300 1478 95 25 natural
1409 1477 105 25 medical
1528 1477 53 24 Hot
1592 1476 99 33 Springs
1705 1477 49 23 and
1768 1476 81 24 Baths.
1886 1475 36 24 As
1935 1474 41 25 the
1992 1474 101 34 Springs
2107 1476 47 24 and
2167 1476 74 24 Baths
2254 1485 41 15 are
2305 1476 40 25 the
2359 1482 113 27 property
2485 1476 25 25 of
2523 1476 40 25 the
2577 1476 85 30 Hotel,
2676 1475 86 25 visitor
2764 1473 11 16 5

1011 1521 42 17 are
1062 1513 112 33 supplied
1184 1513 57 25 with
1251 1512 106 28 Towels,
1369 1512 50 25 and
1432 1520 44 17 can
1485 1511 56 24 take
1552 1519 29 16 an
1593 1510 124 25 unlimited
1731 1510 104 25 number
1848 1509 24 24 of
1885 1508 74 25 Baths
1972 1513 25 19 at
2009 1517 47 25 any
2069 1509 58 25 time
2140 1510 25 24 of
2174 1510 41 25 the
2227 1510 47 33 day
2291 1511 77 27 FREE
2380 1511 63 24 from
2455 1519 46 25 any
2509 1511 88 33 charge
2610 1510 131 25 whatever.

1166 1556 224 40 TARIFF
1409 1554 121 40 PER
1544 1551 137 50 DAY,
1703 1553 53 41 7s
1775 1554 67 47 8s;
1890 1551 121 40 PER
2025 1552 193 49 WEEK,
2240 1553 63 40 £1
2352 1553 78 41 15s
2448 1554 48 40 to
2522 1553 70 41 £2
2611 1553 68 41 2s.

1389 1610 159 33 Cottages
1561 1609 34 29 to
1606 1608 48 29 let
1665 1608 48 35 by
1726 1608 60 29 the
1804 1607 105 33 week,
1922 1607 131 34 month,
2070 1614 39 22 or
2128 1607 56 29 the
2204 1615 131 22 season,

978 1662 49 28 For
1045 1671 46 26 any
1105 1662 155 27 information
1272 1661 114 34 required
1400 1661 82 34 please
1494 1660 72 34 apply
1579 1666 24 20 to
1614 1660 146 34 Proprietor.

1538 1702 59 46 A.
1623 1702 52 41 A.
1703 1701 205 47 SMITH,
2030 1702 279 47 Proprietor.

1896 2940 272 33 WHOLESALE
2187 2940 184 40 AGENTS,

2188 2983 52 39 L.
2268 2983 53 40 D.
2350 2983 262 43 NATHAN
2637 2987 117 40 &Co.

1898 3098 176 69 THE
2119 3098 303 72 GRAND
2480 3098 296 72 HOTEL

2002 3261 340 32 PBIITCBS
2380 3261 301 34 STSEBT,

2124 3316 422 31 _A.TJGUHj_A.3STID
2554 3342 5 4 .

1929 3403 149 26 First-class
2088 3403 92 33 family
2194 3404 88 24 Hotel.
2323 3404 132 25 Situation
2472 3403 172 32 unsurpassed
2692 3403 71 24 Patro-

1895 3441 73 24 nised
1980 3442 35 32 by
2027 3441 70 25 their
2110 3441 182 24 Excellencies
2306 3442 45 25 the
2370 3443 135 24 Governor
2517 3441 49 24 and
2578 3440 126 24 Admiral.

2321 3498 12 13 o

2006 3528 146 31 Telegrams
2175 3528 51 23 and
2249 3528 91 24 letters
2349 3529 132 32 promptly
2493 3526 120 26 attended
2626 3528 34 23 to.

2317 3581 11 11 O

1965 3611 90 38 IV!RS
2085 3611 271 45 GALLAGHER,
2389 3611 281 51 Proprietress.

2163 3737 349 29 THURHNGH

1893 3774 81 41 Smith
2002 3774 50 40 and
2070 3773 113 50 Carriage
2206 3773 105 46 Works,
2342 3773 81 40 Coach
2450 3772 48 40 and
2528 3771 108 51 Waggon
2673 3770 104 51 Factory

2098 3835 213 21 ESTABLISHED
2327 3836 82 19 OVER
2426 3835 26 20 10
2467 3834 104 21 YEARS.

1910 3885 38 15 The
1955 3883 118 21 undersigned
2082 3888 28 12 arc
2118 3883 138 16 manufacturers
2264 3883 18 16 of
2290 3883 23 16 all
2322 3883 62 16 classos
2392 3883 19 16 of
2420 3882 78 17 Vehicles
2507 3882 14 15 &
2529 3881 120 21 Agricultural
2658 3879 118 26 Implements.

1910 3906 38 16 Our
1956 3905 112 16 well-known
2076 3905 99 21 reputation
2183 3910 19 10 as
2209 3904 86 16 Practical
2309 3904 103 17 Mechanica
2427 3904 34 16 and
2475 3903 58 17 W.F's
2545 3904 19 15 27
2580 3907 50 16 years
2642 3902 100 21 experience
2761 3902 16 16 in

1889 3926 153 18 thoAustralasian
2051 3926 84 19 Colonies,
2145 3926 62 21 justify
2217 3931 20 10 us
2245 3926 18 15 in
2279 3926 84 20 claiming
2375 3926 39 16 that
2429 3931 25 11 wo
2471 3930 31 11 can
2516 3924 69 16 furnish
2601 3929 10 11 a
2625 3924 58 15 better
2698 3923 44 16 class
2761 3924 16 15 of

1891 3949 73 16 vehicles
1973 3948 95 16 consistent
2077 3947 42 17 with
2126 3947 62 16 honest
2196 3947 47 16 work
2251 3948 19 15 at
2278 3952 11 11 a
2297 3947 75 21 cheaper
2383 3949 37 15 rate
2429 3947 41 16 than
2480 3952 34 14 any
2522 3945 18 16 of
2549 3951 31 10 our
2588 3945 117 20 competitors.

1909 3970 38 16 The
1954 3969 62 16 Public
2024 3969 36 16 will
2072 3969 34 16 find
2115 3969 14 16 it
2140 3970 17 15 to
2171 3968 45 17 their
2231 3968 99 21 advantage
2346 3970 18 14 to
2380 3967 149 18 ENCOURAGE
2549 3966 78 17 LOCAL
2646 3965 131 22 INDUSTttY,

1889 3992 56 16 whore
1953 3991 41 21 thoy
2011 3996 31 10 can
2051 3990 44 16 have
2102 3991 27 15 tho
2136 3990 79 21 pleasure
2222 3990 18 15 c.f
2248 3990 59 20 seoing
2321 3990 93 16 first-class
2429 3989 79 16 material
2521 3988 33 16 and
2570 3987 128 21 workmanship
2714 3988 33 20 put
2761 3988 16 15 in

1909 4013 41 19 clos?
1957 4012 50 16 made
2016 4013 17 14 to
2042 4012 44 15 their
2092 4012 62 15 valued
2162 4012 62 15 orders.

1908 4034 47 19 N,B.
1957 4032 102 17 —Vehicles
2067 4032 17 17 of
2090 4032 24 16 all
2121 4032 114 21 descriptions
2244 4032 84 21 repaired,
2339 4032 79 21 palntod,
2427 4031 95 17 renovated
2530 4031 34 16 and
2573 4030 49 17 mado
2637 4032 18 14 to
2671 4030 39 16 look
2727 4031 50 20 equal

1889 4058 16 14 to
1914 4061 44 11 new.

1888 4102 202 29 WILLIAM
2110 4092 463 41 PARKER/Coachbuilder.

2242 4139 140 27 JAMES
2402 4138 134 32 HAUA,
2557 4137 219 29 Blacksmith

2154 4172 149 19 DEVONFORT
2315 4172 74 19 ROAD,
2403 4171 142 18 TAURANGA.

2803 114 43 20 The
2857 121 76 13 woman
2951 114 74 19 barber
3043 115 17 19 is
3079 115 100 26 evidently
3193 127 6 14 ,

2780 141 51 20 fixed
2843 141 118 19 iiißuUuiuii
2972 141 19 19 in
3000 141 92 25 Chicago,
3103 141 63 21 where
3175 145 33 21 she'

2780 169 34 18 has
2824 168 81 19 become
2920 174 20 12 so
2951 168 87 24 pipular
3049 168 38 19 and
3099 167 109 26 successful!

2779 195 47 19 tli,at
2834 194 58 19 trade
2906 194 100 25 jealously
3017 201 40 12 was
3064 195 90 24 aroused,
3170 204 28 15 ana

2781 222 15 19 it
2803 227 40 13 was
2851 220 124 20 determine'!
2984 223 21 16 to
3016 227 45 19 pass
3069 228 24 12 au
3103 221 95 25 ordinance

2782 246 126 26 prohibiting
2919 253 75 13 women
3005 247 50 19 from
3074 248 99 26 ergaging
3186 246 3 28 i
3191 259 7 13 a

2782 274 33 19 the
2825 273 118 25 occupation
2954 274 21 18 of
2982 281 11 11 a
3003 273 78 20 barber.
3091 274 43 19 One
3148 276 20 19 of
3176 277 23 21 the

2782 300 52 19 chief
2844 299 46 25 lady
2902 300 80 19 barbers
2994 300 113 25 thereupon
3120 301 53 20 made
3182 310 9 13 u
3194 313 5 12 D

2783 328 34 18 her
2841 326 54 19 mind
2917 328 22 17 to
2964 326 76 20 defend
3064 326 35 20 her
3115 327 53 25 right
3187 334 13 17 to

2781 353 90 25 practice
2882 352 34 20 the
2925 352 113 24 profession
3046 353 35 19 she
3088 353 37 19 had
3134 354 65 27 chosen,

2782 380 40 19 and
2833 379 97 20 attended
2941 378 34 20 the
2986 380 89 25 meeting
3085 387 26 12 on
3126 380 34 19 her
3170 388 30 16 own

2783 405 74 24 behalf,
2873 405 40 20 and
2928 412 25 13 on
2969 406 46 19 that
3030 406 22 19 of
3068 406 35 19 the
3123 406 77 24 hundred

2783 432 38 19 and
2833 432 46 25 fifty
2890 431 59 20 other
2960 438 75 13 women
3050 432 81 21 barbers
3146 434 19 19 in
3178 435 23 23 the

2783 459 50 25 city.
2861 458 38 19 She
2914 458 133 26 represented
3071 459 45 20 that
3140 467 61 17 women

2785 492 34 12 are
2827 485 79 25 coming
2916 486 23 17 to
2949 484 34 21 the
2994 484 59 21 front
3059 484 21 20 in
3113 485 39 20 this
3162 487 39 22 busi.

2786 518 51 13 ness.
2956 511 17 20 is
2996 518 12 13 a
3017 518 71 13 reason
3098 512 33 19 for

2786 538 33 19 she
2834 537 48 20 said.
3039 538 83 20 barbers
3132 538 24 20 do
3178 545 23 17 not

2786 564 60 20 drink
2856 570 37 13 nor
2902 571 91 17 carouse,
3006 565 146 25 consequently
3162 566 39 23 their

2787 597 68 14 nerves
2866 597 34 13 are
2923 590 74 26 always
3021 592 71 24 steady
3116 592 38 19 and
3165 593 37 23 their

2787 616 59 21 touch
2858 616 17 19 is
2885 616 57 26 light.
2971 617 55 25 They
3034 618 26 19 do
3074 620 38 17 not
3121 618 51 20 chow
3182 623 14 18 to-

2787 644 59 19 bacco
2862 649 37 13 nor
2913 644 69 19 smoke
3005 644 66 25 cigars
3090 645 40 19 and
3145 645 58 27 always

2787 672 52 17 treat
2850 669 53 20 their
2913 673 113 16 customers
3037 670 48 20 with
3095 672 35 19 the
3141 674 62 21 utmost

2948 696 46 20 This
3006 697 55 25 plain
3085 697 43 20 talk
3139 702 63 19 created

2787 729 11 13 a
2807 724 57 24 great
2872 729 79 20 uproar,
2964 723 36 19 but
3009 723 34 20 the
3053 724 86 25 speaker
3149 726 54 21 smiled

2789 749 37 19 and
2838 751 31 17 sat
2879 750 65 23 down,
2960 750 90 19 satisfied
3066 750 45 19 that
3121 750 34 20 she
3177 752 26 21 had

2789 776 67 19 shown
2867 776 35 19 the
2912 776 88 25 meeting
3015 776 44 20 that
3083 783 75 13 women
3179 786 25 14 can

2789 802 45 20 hold
2846 802 53 20 their
2909 809 44 13 own
2966 803 113 24 anywhere.

2792 947 193 41 MARAEROA
3044 949 161 46 SAWMILL,

2794 1006 131 48 DESIRE
2935 1009 21 17 to
2966 1007 63 20 thank
3050 1008 35 20 the
3103 1009 67 25 public
3187 1011 19 21 for

2871 1035 46 23 past
2925 1033 68 20 favors
3000 1034 40 19 aud
3048 1035 38 25 beg
3093 1037 19 17 to
3119 1042 88 17 announce

2791 1059 46 20 that
2854 1060 74 24 having
2947 1067 11 12 a
2980 1060 57 26 large
3056 1062 58 19 stock
3132 1063 22 19 of
3171 1065 37 19 well,

2792 1086 94 19 seasoned
2907 1087 107 20 first-class
3033 1087 74 21 timber
3125 1095 25 13 on
3170 1089 38 23 hand

2794 1112 46 26 they
2851 1119 32 13 are
2894 1114 97 24 prepared
3012 1119 20 14 to
3050 1114 52 20 fulfil
3119 1115 66 21 orders
3195 1123 11 15 at

2793 1138 85 21 reduced
2888 1142 61 17 rates.

2795 1199 46 46 T.
2871 1199 56 47 M
2970 1201 48 47 H

3022 1201 132 27 ARRISOCf,
3166 1204 43 21 8.A,.

2807 1257 163 22 BARRISTER
2984 1260 61 20 AND
3057 1261 145 27 SOLICITOR,

2806 1292 45 22 118,
2862 1291 110 20 Victoria
2983 1293 93 24 Abca.de,
3089 1295 114 22 Auckland,

2982 1328 59 20 Also

2796 1356 101 20 Barrister
2907 1358 39 19 and
2957 1358 93 20 Solicitor
3060 1359 23 20 of
3089 1362 33 18 the
3129 1361 81 26 Supreme

2873 1383 69 26 Court,
2955 1385 93 25 Ontario,
3058 1386 88 22 Canada.

2899 1517 222 48 OFFICE.

2798 1622 81 21 LOSSES
2903 1622 55 22 PAID
3043 1639 30 9 ~,
3083 1625 130 28 ,£20,000,000

2798 1676 54 21 Fire
2860 1676 105 22 Pbemiuji
2977 1678 99 22 Exceeds
3119 1681 35 26 1,5'
3159 1683 16 20 HI
3183 1684 5 19 I
3198 1684 16 22 Ofl

2798 1731 162 21 Accumulated
3008 1732 70 21 Fund?

2798 1757 88 21 Exceed
3117 1760 97 24 sfcIOOOOOO

2797 1809 24 30 tf.
2838 1810 59 22 WARD
2905 1811 67 23 BAKER
3033 1813 24 23 W.
3073 1815 17 21 A.
3104 1815 95 24 WILLIAMS

2832 1836 72 22 District
2918 1837 67 26 Manger
3067 1839 49 23 Local
3128 1841 50 26 agent

2883 1862 104 23 Aucklaami,
3112 1865 74 27 Rotorua,

2799 1926 165 44 ROTORUA
2983 1928 166 43 SAWMILL
3175 1931 39 42 CO,

2801 2006 135 49 WHITE
2945 2008 62 20 AND
3017 2009 57 20 RED
3085 2010 68 19 PINE
3163 2010 19 19 of
3193 2010 22 20 the

2900 2034 60 20 finest
2978 2035 80 26 quality
3077 2036 40 19 and
3133 2037 83 25 carefully

2795 2061 41 18 cut.

2984 2084 55 21 Ai.so

2795 2114 90 25 Matai,
2916 2116 129 27 Pukatea,
3078 2117 50 22 and
3154 2118 61 22 Tawa

2823 2142 135 26 Shingles,
2971 2143 117 27 Palings,
3105 2144 93 22 Blocks

2935 2170 52 21 and
3013 2171 82 21 Posts.

2820 2212 19 19 A
2853 2212 54 25 good
2918 2213 40 19 and
2968 2214 91 19 assorted
3073 2215 74 26 supply
3156 2215 61 26 always

2794 2244 26 14 on
2831 2239 56 19 hand
2898 2242 21 16 at
2930 2240 36 19 the
2976 2240 83 20 Timber
3068 2241 63 25 Yard,

2941 2272 141 21 ROTORUA.

2793 2320 27 20 N.
2844 2320 4 27 .
2849 2321 108 26 —Special
2967 2328 45 14 care
3022 2323 63 20 taken
3100 2323 21 20 in
3138 2323 34 21 the
3187 2330 23 14 sea-

2978 2349 80 26 soning-.

2806 2396 101 21 PRICES
2923 2397 35 20 AT
2973 2397 134 21 CURRENT
3121 2397 87 21 RATES.

2846 2457 33 20 W.
2893 2457 156 26 HENSHAW,
3071 2458 111 20 Manager.

2845 2513 167 38 Rotopua
3025 2514 159 45 Library.

2796 2579 115 48 OPEN
2927 2581 54 20 from
2992 2582 25 19 10
3029 2589 45 12 a.m.
3084 2583 21 19 to
3116 2584 10 17 5
3135 2589 44 19 p.m.
3190 2582 29 20 and

2857 2608 47 19 6.30
2912 2610 20 17 to
2943 2609 25 18 10
2977 2615 15 19 p,
2998 2615 25 13 m.
3035 2609 94 25 Sundays
3137 2609 32 19 till
3176 2611 43 24 Op.m

2797 2639 195 22 Subscription:
3001 2641 53 17 SOs
3067 2645 49 18 per
3129 2645 88 13 annum

2822 2670 88 20 Visitors
2931 2678 44 18 may
2994 2679 86 18 procure
3095 2672 68 20 Books
3178 2672 41 20 from

2796 2696 35 20 the
2847 2697 87 26 Library
2952 2704 26 13 on
2995 2698 83 27 making
3095 2706 13 13 a
3121 2698 77 26 deposit
3205 2698 14 20 o£

2796 2725 37 17 not
2848 2723 40 20 less
2907 2724 50 20 than
2975 2732 28 17 os,
3022 2726 41 19 and
3078 2725 118 26 purchasing
3204 2726 15 19 la

2796 2756 81 19 coupon
2887 2750 32 20 for
2930 2758 62 19 every
3002 2752 57 20 Four
3068 2752 71 20 books.

2823 2777 42 19 The
2884 2777 88 26 Library
2990 2778 18 20 is
3032 2785 52 20 open
3107 2779 72 26 during
3196 2778 23 20 the

2797 2803 92 26 evening.

2821 2861 46 41 M
2872 2860 16 16 B
2912 2860 54 39 W
2996 2861 42 39 J.
3065 2861 38 39 N
3105 2862 74 17 APIBB
3179 2875 5 8 '

2849 2907 152 20 BARRISTER
3013 2909 16 18 &
3039 2909 140 20 SOLICITOR.

2798 2937 148 19 Commissioner
2956 2939 19 17 of
2984 2939 32 17 the
3033 2939 90 21 Supreme
3140 2940 56 18 Court
3205 2939 15 18 of

2992 2962 54 24 Fiji.)

2799 2984 87 19 Solicitor
2899 2987 20 16 to
2928 2986 31 17 the
2968 2986 24 18 N.
3003 2986 20 18 Z.
3034 2987 127 18 Government
3175 2986 47 19 under

2906 3009 97 18 Advances
3012 3012 20 15 to
3041 3010 76 18 Settlers

2798 3045 99 19 Victoria
2905 3046 91 23 Arcade,
3004 3046 115 22 Queen-st.,
3128 3046 94 20 Auckland,

2822 3081 69 23 Money
2902 3084 19 15 to
2930 3081 10 18 I
2945 3083 35 17 end
2991 3087 24 13 on
3024 3083 84 17 freehold
3121 3083 77 23 security
3208 3084 14 16 at

2798 3105 38 18 low
2845 3107 48 16 rates
2900 3106 19 17 of
2923 3106 83 18 interest.
3032 3107 71 23 Money
3112 3107 82 18 invested
3201 3106 21 19 for

2799 3129 68 18 clients
2876 3128 38 19 free
2925 3129 19 18 of
2954 3130 73 22 charge.

2851 3182 30 27 J.
2896 3181 52 34 W.
2961 3182 218 34 WRIGKLEY,

2801 3224 17 19 A
2855 3224 368 26 RCHITECT,

2942 3254 146 21 ROTORUA.

2825 3286 68 27 Agent
2901 3286 34 20 for
2945 3287 34 20 the
2990 3288 64 19 South
3069 3288 78 20 British
3157 3288 44 20 Fire
3211 3288 13 19 &

2800 3314 82 19 Marine
2892 3314 113 19 Insurance
3016 3314 109 26 Company.

2858 3396 73 21 When
2944 3397 24 20 in
2980 3396 126 21 Auckland
3116 3396 58 21 Visit

2874 3429 32 28 E.
2928 3429 192 27 SPENCER
3134 3429 22 27 S

2841 3467 141 25 CURIO
3006 3468 183 32 DEPOT,

2887 3498 34 20 (On
2934 3498 60 19 Queen
3002 3499 56 15 Street
3067 3498 77 22 Wharf.)

2840 3541 42 20 For
2891 3541 28 19 all
2928 3541 61 20 kinds
2999 3542 21 19 of
3036 3542 52 19 New
3099 3541 90 20 Zealand

2874 3568 72 19 Curios
2957 3568 39 19 and
3012 3568 140 19 Greenstones.

2822 3656 69 47 W.
2917 3655 287 54 THOMAS,

2824 3720 254 21 MONUMENTAL
3088 3718 116 22 MASON

2844 3761 136 21 VICTORIA
2995 3760 104 21 STREET
3109 3761 73 23 EAST,

2930 3803 169 20 AUCKLAND.

2831 3857 93 24 Orders
2945 3856 27 24 in
2994 3855 110 30 Marble,
3123 3854 101 26 Granite

2797 3891 50 24 and
2857 3890 85 30 Stone,
2952 3890 133 32 promptly
3094 3888 51 25 and
3152 3888 60 25 faith-

2797 3924 68 33 fully
2878 3923 133 26 executed.

2825 3984 110 32 Designs
2948 3982 50 25 and
3012 3982 81 33 prices
3102 3981 55 26 free
3170 3989 31 17 on

2930 4015 165 33 application.
