3320 4340
65 160 32 40 IN
107 153 147 45 ANCIENT
265 151 109 42 MAORI
385 149 112 44 LAND.

177 265 138 19 ByELSDON
328 264 67 18 BEST.

71 323 2 25 •
84 332 115 16 K".;'K"111A
212 330 41 14 3JGA
266 329 113 14 HARAJIAUA
392 328 11 13 0
418 323 70 18 MATA-
497 323 1 25 I

65 439 51 17 SIIME
138 436 125 14 Al-I-ITIoNAI.
281 431 67 16 P.VKTK
353 433 66 12 TLAKS
440 431 36 14 COX-

87 452 2 24 .
99 463 23 13 eu

89 478 2 19 .
99 487 10 10 v
127 483 36 14 OIE
176 478 108 18 ÜbEAVERA.

89 506 72 22 should
173 511 38 18 you
223 504 23 18 bo
258 503 60 19 talced
330 503 25 23 by
366 507 46 13 men
418 506 21 12 oi
446 499 41 19 this

65 536 40 20 |.„.,1
113 544 14 2 -
134 525 52 25 swii't
208 531 24 17 be
247 535 51 18 your
321 525 114 21 answer—-I
454 531 32 13 am

65 564 12 17 f,
78 570 14 10 v
94 567 16 12 m
127 556 65 25 Knngi
212 555 63 18 which
294 553 69 19 stands
380 552 64 18 above
464 557 23 12 us

64 595 21 12 Jir
90 587 9 17 .'t
120 584 54 24 Papa
195 581 64 19 -which
284 579 36 18 lies
343 577 87 20 bcuoath
456 583 30 12 us.

64 602 11 24 \
96 612 9 18 (1
120 608 64 25 Knngi
192 606 47 20 took
247 605 58 25 Papa
320 604 39 19 and
376 603 53 19 their
449 602 43 20 (iff*.

65 628 13 25 'J
112 642 15 13 ,o
137 639 49 14 were
192 633 47 18 five-
248 629 164 25 -Paia-te-rangi,
420 628 53 19 Tane-

65 660 106 23 whirinaki,
197 657 85 20 Tane-te
291 656 90 22 wai-ora,
402 654 27 19 To
447 654 26 19 Po-

65 689 55 20 tiwha
131 686 37 19 and
181 682 118 26 Pangi-uui.

91 711 66 21 Friend
165 705 3 27 '
185 710 67 18 Hence
262 713 75 19 sprang
345 706 93 19 Taukata
446 705 38 19 and

68 739 64 21 [loako
151 736 42 19 who
209 740 54 13 caino
280 734 51 17 from
351 731 96 20 Hawaiki
465 734 19 15 to

64 767 35 19 tJiis
111 764 43 19 land
195 760 76 19 ancient
282 759 64 18 times.
367 757 115 25 Knngi-nui

65 798 36 13 nas
112 788 58 21 killed
183 788 23 23 by
218 785 52 19 Heta
282 784 19 18 in
312 784 34 19 the
357 790 40 12 war
407 783 21 19 of
437 788 36 13 ven-

65 827 15 5 ...
89 824 43 11 ~,,,.,.
144 815 29 18 for
183 810 163 21 Tu-wbakarnro.
376 811 9 17 '1
393 809 39 18 hen
442 809 28 18 Ue-

98 850 15 10 ,:i
127 839 70 25 sought
207 841 21 15 to
237 836 68 18 obtain
317 835 123 19 satisfaction
453 835 31 17 for

65 870 31 18 the
104 868 58 18 death
175 864 20 19 of
211 863 30 19 his
257 861 59 19 child.
353 861 57 18 Then
428 866 56 12 came

64 885 2 28 •
73 899 21 14 ;..
115 898 47 14 wars
185 891 19 17 of
227 887 38 23 old,
290 886 133 26 Tai-paripari
444 885 38 19 and

66 917 148 24 Monna-wnipu.
233 913 28 19 To
268 912 167 20 Tihi-o*Muuono
442 917 41 13 was

65 936 61 29 iniriit.
154 941 72 20 Hoake
235 939 39 19 and
284 938 92 19 Taukata
393 945 55 11 came
463 939 20 17 to

70 963 4 27 ■,
94 974 68 16 icnron.
190 967 54 23 They
253 971 55 13 came
320 970 25 13 on
364 963 118 25 Nga-tai-a*

103 989 2 25 ,
131 993 60 21 wliich
209 999 38 11 was
265 997 10 12 a
291 997 61 11 canoe
369 989 78 18 formed
463 990 20 17 of

77 1025 118 22 migopiinga
207 1016 101 26 (pumice).
343 1016 68 19 When
428 1014 41 19 Tau-

64 1051 42 17 kata
118 1045 84 25 brought
212 1044 33 18 the
259 1042 84 19 kumara
359 1042 51 17 from
425 1040 54 19 Pari'

64 1075 98 19 iiui-te-ni,
173 1071 24 18 he
205 1069 72 20 said.to
294 1067 32 19 his
343 1066 137 22 grandfather.

64 1099 233 21 Maru-tni-raugnraugo,
338 1094 61 17 What
410 1092 51 18 shall
470 1091 11 19 I

64 1126 40 19 idke
116 1124 44 19 with
181 1129 28 12 me
225 1123 19 16 to
265 1120 33 19 tho
319 1119 56 19 other
391 1118 41 19 sido
451 1117 29 25 (ki

64 1144 2 25 •
89 1158 7 11 V
99 1152 30 17 ;.ii:
139 1150 20 17 ':"
174 1147 44 20 And
230 1147 58 18 -Mara
299 1145 48 22 said,
381 1144 56 18 Take
447 1144 34 18 tho

65 1165 95 35 preserved
176 1174 88 19 kumara,
282 1171 44 19 that
345 1171 22 22 is,
389 1170 33 18 the
443 1169 38 19 kao

188 1197 97 26 Enough!
301 1197 55 23 They
368 1202 61 15 came,
441 1195 40 18 and

64 1228 65 19 landed
139 1232 19 13 at
167 1225 132 20 Whakatanc.
318 1222 45 19 And
373 1222 27 18 Te
413 1221 54 19 Kura-

64 1254 113 20 whnka-atn,
190 1250 99 25 daughter
295 1248 22 20 of
322 1245 158 22 ToWcai-rakau

64 1281 37 18 win)
115 1278 90 25 occupied
217 1277 26 18 Te
252 1273 189 26 Knpu-o-te-rangi
455 1278 26 20 pa

64 1310 13 16 ;,1
91 1305 127 21 UTinkutane,
230 1308 22 12 on
264 1301 62 25 going
336 1299 57 20 down
411 1301 21 17 to
446 1299 34 19 the

65 1331 52 19 bench
140 1329 36 20 and
199 1326 135 27 approaching
352 1325 129 25 Nga-Tai-o-

65 1359 51 24 Kupo
132 1353 106 23 overheard
263 1353 92 18 Taukata
374 1352 107 24 repeating

64 1385 28 18 tho
100 1381 100 25 following
214 1378 122 21 incantation
346 1380 20 17 to
376 1383 60 13 cause
446 1376 35 19 the

64 1416 29 14 suo
104 1412 18 15 to
132 1408 55 19 shine
197 1405 50 21 forth
259 1405 3 25 :

111 1433 73 26 Upoko,
195 1431 71 27 upoko,
279 1430 55 19 whiti
345 1431 19 17 te
378 1435 23 13 ra

108 1459 57 20 Tenei
176 1461 19 17 to
205 1457 76 21 wahine
292 1458 18 17 te
322 1455 47 20 aitia
379 1455 32 19 nei

111 1487 12 17 K
134 1489 17 16 te
162 1490 84 20 ugarara

112 1512 67 24 Upoko
190 1510 53 20 whiti
254 1511 19 17 te
283 1516 27 11 ra.

139 1536 88 26 meeting
233 1535 22 20 of
261 1534 92 20 Taukata
360 1533 40 19 and
406 1532 75 20 Hoake

64 1566 40 18 with
116 1564 32 19 Toi
160 1571 20 10 as
191 1563 57 24 given
261 1561 25 25 by
299 1560 70 20 Tuhoe
386 1560 17 18 is
421 1559 59 18 much

64 1593 21 16 ■;>.
102 1596 51 13 snmo
162 1595 23 13 as
200 1588 35 20 tho
252 1586 122 27 Ngati-Awa
392 1585 87 18 version.

64 1618 43 22 The}
129 1622 33 17 say
178 1614 42 19 that
237 1614 55 18 Total
298 1612 81 19 a-keria
398 1611 39 18 and
454 1610 26 19 Te
491 1609 2 35 j

64 1641 111 21 Arntawhao
191 1647 49 13 were
265 1646 36 12 one
317 1639 38 17 and
376 1637 33 19 the
426 1642 54 13 same

64 1674 58 13 canoe,
150 1667 41 19 The
200 1670 64 16 totara
280 1665 33 25 log
328 1666 35 17 out
379 1663 21 19 of
416 1662 64 19 which

64 1694 28 19 the
101 1699 57 13 canoe
171 1700 38 11 was
218 1693 62 18 made,
293 1697 40 12 was
341 1689 82 19 covered
433 1688 47 19 with

65 1720 39 19 drift
117 1719 52 19 woed
182 1716 154 27 (lawhaowbao)
345 1722 22 12 as
381 1715 15 19 it
411 1714 33 25 lay
461 1713 20 20 in

65 1746 28 19 thu
105 1746 47 18 liver
163 1745 42 23 bed,
218 1745 36 18 and
266 1745 61 17 hence
338 1743 33 17 the
385 1748 58 11 name
454 1740 27 19 Te

64 1771 117 20 Arntawhao.
223 1769 68 21 Tuhoe
310 1769 41 18 also
378 1774 46 18 give
447 1766 34 19 the

65 1793 71 25 awa-mi
146 1804 36 10 in.a
193 1797 19 19 of
223 1797 26 19 To
263 1793 138 25 Aiatnwhao.)

87 1824 22 19 fc'o
120 1823 26 18 To
156 1822 119 20 Arntawhao
287 1820 61 20 sailed
362 1819 54 18 forth
426 1825 54 18 upon

65 1849 29 19 the
103 1849 36 19 Sea
148 1849 19 19 cf
176 1849 34 19 Toi
226 1848 38 19 and
281 1849 51 16 went
348 1848 19 17 to
385 1844 95 20 Hawaiki

65 1879 16 15 to
91 1875 55 24 bring
156 1875 33 19 the
196 1875 85 18 kumara
286 1874 50 18 from
346 1870 124 21 Pnii-nui-te-

65 1895 4 26 •
73 1908 14 12 a.
115 1901 42 18 And
168 1901 90 18 Taukata
269 1900 38 18 and
322 1897 71 19 Hoake
410 1895 72 26 leaped

65 1927 62 19 iihhoro
146 1927 37 18 and
203 1933 49 12 were
271 1927 40 18 met
329 1924 26 24 by
373 1922 96 19 Maru-tai-

66 1959 116 19 rangnraiign
193 1953 43 18 who
245 1952 86 19 chanted
341 1950 39 19 this
392 1955 50 18 song
463 1952 18 14 to

64 1979 46 18 them
119 1986 30 11 :

90 2004 69 19 Lhika!
174 2004 78 19 Lhika!
266 2004 26 20 ka
303 2009 57 14 uwea
372 2002 37 19 koe
426 2001 6 19 i
448 2006 33 14 ru°

134 2037 37 19 uga
182 2034 18 15 te
210 2034 31 16 ata
252 2037 35 13 ura

89 2056 21 19 Ki
121 2062 61 20 runga
193 2060 18 16 to
220 2061 33 14 ata
263 2063 42 13 men

89 2082 57 20 Maku
158 2089 9 12 e
179 2082 19 19 ki
210 2082 134 26 i.tu—pikilia
352 2088 10 12 o
372 2081 38 18 koe
425 2080 5 18 i
450 2086 23 12 in

136 2115 36 19 ngn
186 2112 17 16 te
215 2115 64 20 ngaru
290 2108 34 20 nui

87 2136 7 18 1
106 2136 4 24 i
117 2141 48 19 unga
176 2138 17 16 Ic
205 2142 63 18 ngaru
279 2141 34 13 roa

87 2161 19 19 A\
114 2168 37 12 aeri
158 2169 9 11 a
178 2169 9 9 e
199 2162 36 18 koe
245 2162 6 18 i
262 2161 26 19 tai

89 2187 28 19 Ka
129 2193 30 19 \.w<
170 2185 4 27 i
186 2185 2 27 1
198 2185 2 27 1
218 2185 4 27 i
233 2192 65 20 runga
308 2185 160 20 oteMoana'nui-

136 2219 9 12 a
158 2214 47 18 k.va

86 2239 89 19 Etnkoto
188 2239 2 19 .
200 2239 2 19 i
212 2239 3 19 i

87 2265 115 25 Hurikangti
215 2272 10 12 n
237 2271 61 20 ugnru
311 2264 21 20 ki
350 2265 58 19 waho
423 2264 59 19 kite

135 2297 68 13 moano

87 2317 110 19 Tuiuamai
208 2324 10 12 e
228 2318 37 18 koe
273 2317 33 19 kia
317 2317 120 20 Tu-hikitia.
447 2317 33 19 kin

136 2342 137 27 Tu-hnpninga

90 2369 42 18 Awn
145 2369 36 18 ii.ai
193 2370 66 22 Nuku,
272 2376 41 14 awa
324 2370 40 19 mai
378 2369 62 26 Rnngi

89 2395 90 19 lUikuhia
192 2402 8 13 e
211 2395 35 20 koe
258 2396 5 18 i
275 2400 18 15 le
302 2396 52 20 ruku
366 2397 5 18 i
381 2399 19 16 to
409 2396 73 18 kawau

92 2422 46 18 Koia
148 2425 18 14 te
176 2423 55 24 rangi
243 2428 9 13 e
264 2427 20 14 tu
299 2423 37 19 nei.
366 2423 50 18 e—i.

92 2453 60 19 \Yhen
160 2453 34 19 the
203 2460 48 19 song
270 2462 38 10 was
326 2454 61 18 ended
406 2453 26 19 all
448 2453 34 18 the

68 2479 3 26 ;
79 2479 12 26 11
101 2479 27 25 pie
138 2479 50 19 drew
198 2486 16 12 in
223 2486 21 13 nr
252 2481 40 18 that
305 2482 46 23 they
360 2480 66 25 might
432 2479 51 19 hear

68 2505 28 18 the
105 2509 45 15 ston
164 2507 19 17 of
197 2506 52 19 these
266 2512 98 19 voyagers
381 2507 45 18 who
442 2505 40 19 had

67 2532 39 25 i'ii.i
123 2536 51 14 aross
183 2532 33 18 the
235 2536 56 21 grtnt
306 2538 60 13 ocean
383 2533 52 18 from
451 2533 32 17 far

69 2556 62 19 distant
143 2557 99 20 Aotearon.
256 2559 44 19 And
306 2558 164 25 Maru-tairanga-

70 2589 53 18 rauga
135 2584 39 18 said
185 2587 18 15 to
213 2584 97 22 Taukata,
345 2584 76 20 Whose
428 2590 54 13 com-

70 2615 40 17 I'll!:;.
125 2609 80 19 i-lbi>'r'
210 2609 3 25 :
229 2611 91 18 Taukata
336 2611 48 23 said,

69 2640 27 13 are
107 2636 31 18 the
149 2635 88 20 Children
249 2637 85 18 el'Toi."
350 2637 60 19 jVlaru
421 2635 62 20 asked

153 2662 47 19 have
219 2663 46 24 they
285 2669 54 13 come
360 2669 66 12 across
449 2662 34 19 the

73 2686 46 20 Daik
129 2686 61 21 Oce.'.n
254 2689 56 25 They
321 2689 51 20 have
387 2693 58 14 eaten
463 2688 21 18 of

68 2712 28 19 tho
114 2718 52 15 sweet
190 2714 42 19 food
249 2715 20 19 of
286 2715 101 23 Hawaiki,
399 2716 34 17 the
444 2714 39 19 kao

70 2738 78 24 kumara,
160 2740 59 19 which
233 2747 27 13 we
273 2742 47 17 took-
338 2743 19 18 to
375 2742 107 19 Aotearoa,

69 2764 32 19 and
119 2764 43 26 they
181 2766 49 20 have
248 2775 55 11 come
322 2769 20 18 to
362 2767 68 18 obtain
450 2766 34 19 the

188 2792 25 19 So
224 2793 34 19 the
265 2799 45 13 men
321 2794 21 19 of
353 2793 42 23 Toi,
417 2793 21 18 of
456 2792 28 19 To

68 2815 114 26 Arntawhao,
202 2825 50 12 were
273 2820 68 24 kindly
362 2818 78 19 treated
457 2817 27 26 by

70 2841 28 20 the
106 2849 40 13 men
155 2844 19 18 of
193 2845 90 18 Hawaiki
302 2846 43 17 who
360 2852 52 17 gave
428 2844 56 19 them

70 2873 19 13 an
113 2869 111 21 abundance
252 2872 20 18 of
297 2872 91 18 kumara.
427 2870 57 19 Then

70 2893 12 19 it
92 2900 33 13 wns
142 2896 37 18 that
199 2897 33 19 tho
249 2897 49 19 kura
321 2905 40 11 was
381 2896 103 20 obtained.

72 2919 47 19 .Mam
131 2922 43 23 said,
270 2924 47 18 with
326 2930 39 17 you
376 2924 35 18 the
422 2923 58 22 kura,

71 2945 27 19 tho
107 2946 45 20 kura
162 2948 19 18 of
191 2949 116 19 Tai-ninihi.
329 2950 56 18 Then
396 2949 28 19 Te
433 2949 39 18 Arn-

72 2971 67 20 tawhao
148 2975 91 19 returned
247 2977 21 17 to
285 2976 107 18 Aotearoa.
427 2974 59 19 After

72 2997 34 20 that
125 3005 49 13 came
193 3001 101 19 Mataatua
314 3001 64 19 which
395 3001 91 23 brought

72 3022 27 21 the
115 3024 30 19 km
152 3034 7 9 a
179 3027 37 19 and
235 3027 34 19 the
289 3027 85 19 kumara
392 3027 40 19 and
451 3027 35 18 the

72 3050 64 19 Knraka
157 3053 36 17 and
211 3053 33 19 the
262 3057 48 15 tare.
339 3054 42 18 The
400 3053 87 19 kumara

72 3075 102 22 cultivation
198 3080 76 24 ground
294 3086 40 12 was
356 3079 130 19 Matire-rnu.

76 3100 30 19 He-
131 3102 72 22 knraka
222 3112 50 12 were
291 3105 134 25 Tnpu-te-nui
447 3104 39 19 and

72 3126 154 26 Tapu-te-kakea.
254 3131 99 24 Enough!
379 3131 49 19 This
447 3137 40 12 was

74 3157 10 13 :!
93 3163 8 5 •'
110 3154 15 19 'ii
155 3162 119 19 appearance
282 3157 21 19 of
311 3157 34 20 the
352 3157 85 21 kumara
447 3156 40 19 find

73 3178 28 20 the
117 3180 44 19 kura
179 3183 18 18 in
214 3184 39 17 ibis
271 3184 53 22 laud,
343 3184 19 19 in
381 3185 106 16 Aotearoa.

75 3208 3 26 ■
82 3208 3 26 l
91 3210 19 13 '"'i
122 3208 1 26 '
155 3208 7 17 Ii
181 3208 116 26 succeeding
315 3210 117 24 generation
453 3209 35 18 has

75 3231 81 26 carefully
167 3234 104 21 cultivated
284 3236 31 18 She
329 3235 92 23 kumara,
439 3241 48 12 even

77 3260 38 16 uuto
124 3258 31 19 the
164 3263 78 21 present
251 3260 45 26 day.
326 3262 23 17 In
362 3262 34 17 the
406 3262 47 17 time
469 3260 21 19 of

77 3281 127 27 Roiigo-knrae
228 3287 33 18 the
289 3287 105 25 following
418 3287 72 24 saying

77 3313 43 15 came
132 3311 10 17 ii
152 3315 17 13 In
179 3318 44 12 use:

119 3336 3 27 I
131 3336 47 20 ikinn
192 3338 17 19 ki
222 3338 56 20 waho
290 3338 47 20 kite
348 3338 84 20 whanau
442 3338 47 25 pani

83 3366 18 13 ioi
113 3362 47 20 niahi
173 3362 3 22 i
188 3367 18 16 te
218 3371 36 13 rua
268 3365 34 19 kia
317 3368 43 16 toiu
373 3365 17 18 ai
407 3364 54 19 bono
479 3370 12 12 o

77 3389 14 15 te

99 3413 46 19 Such
155 3422 38 13 was
202 3416 33 20 the
256 3417 73 24 saying
343 3417 21 19 in
379 3416 74 25 regard
472 3418 19 16 to

80 3438 25 19 die
115 3440 109 21 abundance
235 3443 20 18 of
266 3443 33 19 the
311 3442 92 20 kumara.
437 3443 54 17 Here

79 3465 40 18 etuis
134 3467 31 19 the
181 3473 52 20 story
254 3469 21 19 of
290 3469 27 19 Te
332 3468 123 20 Aratawhao
471 3474 22 12 or

78 3489 127 23 'lotnradieria.

200 3543 117 19 CHAPTEB
327 3544 23 17 V.

81 3570 33 18 Tl.'E
122 3573 29 17 Aui
160 3578 82 14 lUGIXAL
249 3576 47 16 I-'Kel
306 3580 23 12 I.K
338 3580 23 12 OF
369 3575 124 17 THEBAXai-

198 3602 54 14 TAIKI
267 3599 88 16 Y.W.IJ'.V.

82 3625 36 17 ■low
126 3627 123 23 THngihnruru
258 3629 36 17 and
305 3629 141 23 Whare-paloiu
451 3629 32 18 des-

98 3650 55 22 troyed
165 3652 25 17 Te
202 3652 100 19 Tini-o-Tc
309 3653 161 22 Marangaranga.

104 3676 32 19 the
148 3679 101 19 traditions
258 3680 105 25 preFcivcd
373 3679 26 25 by
408 3680 34 18 the
449 3679 35 20 des-

84 3705 79 18 cendants
172 3705 21 18 of
201 3705 34 20 the
251 3705 114 25 aboriginal
383 3705 72 25 people
475 3706 20 18 of

84 3726 26 20 the
117 3728 39 26 liny
167 3732 19 16 of
197 3731 72 25 Plenty
279 3732 81 19 District
373 3738 60 18 prove
451 3732 43 19 that

84 3755 25 15 liie
125 3754 72 21 district
219 3757 89 19 between
327 3757 110 25 Taurnngn.
456 3758 38 17 and

85 3780 2 28 '
94 3785 7 17 '1
109 3780 41 19 otiki
161 3784 51 18 must
222 3783 50 18 have
280 3784 49 17 been
339 3783 83 22 densely
431 3789 52 19 popu-

84 3805 42 19 lated
134 3808 29 18 for
172 3815 11 12 a
192 3809 49 25 long
249 3809 49 19 time
313 3809 70 18 before
400 3810 34 17 the
450 3815 46 19 pre~

85 3833 32 17 sent
135 3832 60 21 Maori
216 3841 44 12 race
284 3835 78 18 arrived
386 3835 54 18 from
461 3835 35 18 the

87 3856 103 22 'hvwnikian
203 3860 119 19 fatherland.
352 3860 43 19 The
411 3860 87 19 number

84 3886 14 14 'a
108 3883 52 21 tribes
171 3886 61 20 which
249 3887 96 24 occupied
362 3886 42 19 this
419 3887 77 18 district

85 3912 11 13 is
106 3914 48 14 mute
165 3912 126 26 astonishing
306 3913 40 18 and
361 3912 17 18 it
392 3913 17 18 is
425 3919 12 11 a
457 3913 40 18 fact

64 3933 9 20 R
84 3933 32 19 thai
128 3935 46 21 Iheir
188 3938 136 23 descendants,
344 3939 44 18 who
404 3945 43 11 now
465 3944 31 12 oc-

70 3958 3 31 I
84 3964 41 21 eujiy
134 3962 30 19 the
177 3964 67 25 Valley
253 3965 22 17 of
286 3965 34 17 the
331 3964 118 24 Pangitailci
458 3964 40 18 and

64 3985 10 23 5
85 3985 45 20 "'her
141 3992 56 21 parts,
208 3997 34 11 are
251 3990 63 25 proud
327 3991 21 17 of
357 3990 52 18 their
418 3990 80 18 descent

64 4012 11 131 !I
85 4012 40 19 from
139 4013 30 20 the
186 4015 110 25 pre-Maori
311 4019 85 21 tangata
412 4016 85 18 whenua

85 4039 30 17 aiid
125 4045 54 15 never
190 4042 35 19 tire
235 4043 21 17 of
270 4042 98 23 extolling
378 4042 34 18 tho
421 4042 77 18 virtues

108 4064 29 19 the
147 4071 11 5 ••
166 4067 107 20 aruHitude
283 4068 21 18 of
392 4067 26 19 In
425 4067 73 24 regard

85 4088 15 18 to
107 4089 29 20 the
146 4093 126 26 genealogies
282 4094 51 19 from
341 4093 35 19 the
383 4093 115 24 aboriginal

85 4114 50 21 tribes
143 4119 56 23 given
210 4120 20 18 in
240 4126 12 13 a,
261 4120 75 19 former
352 4120 89 23 chapter,
454 4119 17 18 it
481 4119 17 18 is

502 144 1 29 ■
514 147 97 26 probable
620 147 44 18 that
675 146 34 18 the
720 146 98 24 migrants
833 145 52 18 from
900 144 32 19 Ila-

502 170 1 24 i
514 174 59 17 wniki
583 172 139 19 intermarried
731 172 46 17 with
787 172 34 17 fhe
828 170 113 24 aboriginal

511 198 72 26 people
592 200 21 17 at
621 197 37 19 the
665 197 50 19 time
727 197 22 19 of
767 197 34 18 the
819 202 122 13 commence'

513 228 53 15 nieut
576 224 21 18 of
613 223 33 18 the
664 223 114 24 genealogy
790 222 40 18 and
847 222 44 18 that
908 221 34 18 the

502 245 1 28 )
512 250 43 18 first
564 255 59 12 name
631 249 59 24 given
698 249 18 17 is
726 248 45 18 that
781 249 21 18 of
811 254 12 12 a
832 247 52 19 tribe
902 247 39 19 and

502 273 1 21 i
512 278 34 15 not
556 275 21 18 of
586 282 26 11 an
622 273 119 19 individual.
743 275 8 10 4
752 273 2 21 '
768 274 26 18 In
802 274 41 18 like
851 280 89 14 manner,

502 299 1 26 |
512 301 15 17 it
544 301 16 17 is
581 300 26 19 bv
625 307 25 11 no
666 306 68 12 means
753 299 75 19 certain
846 299 44 17 th.it
907 299 34 17 the

512 328 57 22 groat
588 328 72 16 ancesti
668 332 11 11 r
693 325 36 18 Toi
744 324 109 20 ilourished
870 325 21 18 at
908 324 33 18 the

510 352 49 18 time
569 351 21 19 of
599 351 34 19 the
648 351 80 23 coming
745 352 21 17 of
783 351 35 18 tho
835 350 106 19 Mataatua

510 383 62 13 canoe
581 377 50 19 from
649 376 101 22 Hawaiki,
769 376 37 19 but
821 382 54 12 more
892 376 49 18 than

502 395 1 34 {
510 403 97 25 probable
619 403 44 18 that
673 402 25 19 he
708 402 42 18 had
763 402 97 24 departed
876 404 20 15 to
914 401 27 18 Te

502 428 1 25 i
510 430 74 19 Ji'aniia
600 428 129 25 generations
748 428 68 17 before
832 428 44 17 that
893 429 48 16 time

510 454 40 18 and
559 454 45 18 that
614 454 34 18 the
659 453 61 18 tribal
735 459 60 12 name
813 452 36 25 (Te
864 452 76 19 Tini-o-

510 480 45 24 Toi)
576 480 17 18 is
610 480 105 24 preserved
736 480 27 23 by
781 479 33 18 the
835 478 106 19 Mataatua

510 506 98 23 migrants
618 512 22 11 as
652 506 44 17 that
710 505 21 18 of
741 511 27 12 an
780 504 118 19 individual.
922 504 18 18 It

510 531 16 17 is
537 536 81 20 strange
628 535 20 14 to
667 534 46 15 note
729 530 45 18 how
789 536 54 12 some
864 530 21 18 of
904 530 34 18 the

509 557 71 24 people
591 558 20 17 of
621 557 34 17 the
665 556 120 25 Eangitaiki
806 556 83 18 District
906 562 33 12 are

508 582 80 19 divided
599 583 20 17 in
637 583 52 17 their
705 582 76 23 loyalty
797 582 90 18 between
905 581 35 19 Toi

508 609 40 17 and
556 609 69 21 Toroa,
634 607 143 26 Tangiharuru
785 607 40 19 and
834 607 104 22 Wairaka,

508 633 114 25 aboriginal
635 634 38 18 and
685 634 95 24 migrant.
808 633 41 18 Not
864 633 44 18 that
924 633 16 18 it

508 660 72 18 should
591 659 24 19 be
625 659 90 19 inferred
724 659 45 18 that
783 659 35 18 the
835 659 105 24 indigenes

509 692 49 11 were
580 689 34 14 not
637 692 11 12 a
673 684 121 26 Polynesian
820 685 71 24 people
908 684 32 19 for

508 712 46 22 they
567 717 50 13 were
627 710 72 26 simply
717 718 25 11 an
759 711 55 24 early
831 711 108 23 migration

508 738 21 17 of
538 737 43 18 that
589 737 31 18 far
632 737 97 23 reaching

532 783 42 15 'See
583 782 117 23 genealogies
710 783 47 15 from
767 781 46 17 Tuoi
823 783 19 15 to
851 781 24 17 Te
887 781 39 17 Bau-

506 810 127 18 po-Mgaueue,
643 805 55 23 given
708 805 19 16 in
736 805 83 21 Chapter
830 804 38 17 111.

529 828 66 19 tSinee
611 828 9 17 I
635 828 45 17 have
693 828 47 16 been
749 827 83 23 brought
845 827 40 17 into
894 832 33 12 con-

506 852 39 16 taet
553 851 45 17 with
607 851 32 17 the
647 850 124 18 descendants
780 852 19 15 of
812 851 32 16 the
859 849 79 24 original

506 874 65 22 people
579 875 20 16 of
615 875 36 16 ibis
665 873 85 21 District,
767 874 11 16 I
792 873 47 17 have
854 878 51 13 come
919 875 19 14 to

506 897 32 17 the
547 897 106 17 conclusion
662 897 43 17 that
713 897 33 16 the
754 897 83 21 primary
844 900 94 13 ancestors

505 920 21 17 of
533 920 33 18 the
574 921 79 22 tangata
668 919 79 18 whenua
762 920 19 16 of
794 919 46 17 New
856 918 82 18 Zealand

506 948 50 12 ciime
566 944 47 16 from
622 950 9 9 a
642 943 68 21 totally
720 942 84 18 different
814 943 44 22 part
872 942 20 17 of
907 942 31 16 the

505 966 68 17 Pacific
581 967 19 16 to
610 966 41 17 that
661 966 61 16 winch
731 967 41 16 sent
785 965 50 18 forth
849 965 32 17 the
895 964 42 17 fleet

505 990 20 15 of
533 995 65 10 canoes
613 990 67 15 known
694 994 71 17 among
780 988 123 23 ethnologists
917 994 19 10 as

505 1012 31 16 the
551 1012 76 17 historic
640 1012 108 23 migration.
780 1012 36 17 Not
831 1012 44 21 only
890 1016 46 11 were

505 1034 45 23 they
557 1034 21 23 iif
585 1041 11 11 a
609 1035 85 17 different
710 1035 57 22 grade
783 1035 19 17 of
816 1035 72 16 culture
902 1034 34 16 but

505 1063 55 17 many
569 1058 20 17 of
597 1058 49 17 their
654 1058 100 17 traditions
763 1059 59 16 assert,
830 1058 42 17 that
888 1056 49 17 their

505 1081 80 22 tupunas
595 1081 31 17 did
635 1085 32 13 not
677 1087 52 11 come
738 1081 48 17 from
802 1080 85 18 Hawaiki
902 1080 34 16 but

505 1105 47 15 from
562 1104 91 21 Mataora,
664 1103 60 19 which
734 1104 15 16 is
758 1110 11 10 a
778 1104 82 17 different
876 1103 58 22 place,

504 1127 37 16 and
550 1127 40 18 that
600 1127 44 22 they
654 1132 47 13 were
710 1126 103 19 descended
823 1125 111 19 froinMaui.

622 1158 33 22 [To
668 1163 21 11 in-:
703 1158 113 22 Cuimvmd.]

1171 81 58 19 THE
1257 81 57 19 HOT
1340 81 93 20 LAKES
1462 81 170 23 CHRONICLE,
1660 81 188 21 WEDNESDAY,
1877 81 157 19 NOVEMBER
2061 83 31 21 20,
2111 82 46 17 1595

583 1212 120 16 VITALITY
725 1212 139 17 I!ESTOI!KD.

504 1257 136 18 CLEMENTS
647 1257 78 19 TONIC

724 1282 31 16 TO
769 1281 52 18 THE
830 1281 98 18 RESCUE

791 1327 144 21 RESTORER,'

503 1373 94 17 BEINGS
602 1373 125 18 BACKTHE
732 1374 57 18 HUE
793 1374 143 18 OFHEAI/TH

560 1396 32 17 TO
603 1396 52 18 THE
666 1396 93 18 WEARY
771 1398 106 16 SYSTEM.

526 1442 16 17 A
551 1442 79 23 positive
643 1448 43 12 cure
703 1443 30 17 for
747 1443 80 18 .General
846 1443 89 23 Debility,

503 1465 104 21 Weakness,
618 1465 106 22 Lassitude,
734 1466 106 22 Headache,
849 1466 87 18 Diseased

506 1487 57 21 Liver,
573 1488 38 18 and
619 1488 24 18 all
658 1488 86 18 Diseases
760 1490 71 23 arising
848 1489 47 18 from
913 1495 23 13 an

503 1511 135 23 impoverished
647 1517 80 12 nervous
744 1515 75 19 system.

505 1560 37 21 |VIr.
558 1560 28 22 ]VI.
599 1560 24 17 H.
640 1560 74 25 Barry,
724 1559 132 21 Hanovor-st.,
872 1559 52 17 Dune-

556 1589 67 19 cured
642 1590 22 18 of
725 1582 39 19 '''"•
774 1583 16 16 :x
794 1582 3 26 -
801 1583 13 16 7j
817 1596 11 4 -
842 1582 62 18 vrvitcs
913 1588 17 11 01
932 1582 4 26 >

556 1597 67 12 curea
642 1597 21 12 or
726 1606 41 16 ()<h
856 1605 41 18 lg{M
910 1611 27 6 ._

537 1622 147 25 l9digest;on.
727 1629 19 16 It
754 1629 15 16 is
784 1629 43 17 Nvitn
842 1634 34 17 gra
877 1628 60 18 titude

504 1651 39 17 thai
555 1651 8 18 I
574 1651 64 23 testify
647 1653 19 16 to
677 1651 31 18 the
717 1652 89 16 excellent
818 1651 86 23 qualities
918 1651 20 17 of

504 1675 93 18 Clements
605 1675 63 20 Tonic,
681 1675 114 18 Ihavebeen
803 1682 8 9 a
819 1675 53 23 great
881 1680 42 12 num-

504 1697 31 18 ber
544 1698 19 17 of
572 1703 52 17 years
639 1704 10 11 a
667 1698 82 17 sufferer.
783 1698 34 22 My
833 1699 104 21 symptoms

504 1727 47 10 were
560 1721 96 17 continual
664 1720 37 19 loss
711 1721 21 17 uf
737 1721 89 22 appetite,
837 1722 99 20 weakness,

504 1745 85 17 constant
603 1745 43 19 pain
664 1744 18 17 in
698 1750 32 17 my
748 1744 57 21 chest,
823 1745 79 21 poverty
919 1744 18 17 of

503 1767 61 21 blood,
574 1767 120 23 indigestion,
704 1767 40 18 also
751 1767 77 23 languid
835 1767 102 18 exhausted

504 1790 78 23 feelings
590 1790 50 18 after
647 1790 64 21 meals,
729 1791 53 16 when
796 1795 31 18 my
844 1790 93 17 attention

504 1819 37 11 was
550 1813 64 18 drawn
623 1814 20 17 to
652 1820 36 10 one
697 1814 20 17 uf
727 1819 49 16 your
788 1813 64 21 books,
863 1813 36 17 and
908 1813 20 17 af-

504 1837 28 16 ter
541 1837 9 16 I
558 1837 37 16 had
605 1837 56 17 taken
670 1832 131 21 three'hotties
816 1836 19 18 of
844 1836 93 18 Clements

504 1860 56 17 Tome
569 1861 7 15 1
588 1860 58 17 found
660 1861 54 21 groat
727 1860 54 17 relief
797 1860 36 16 and
851 1860 86 16 comfort.

506 1883 5 16 1
523 1889 41 16 may
575 1886 48 14 state
632 1884 38 16 that
682 1884 7 16 I
698 1889 29 11 am
736 1884 18 16 in
769 1882 33 18 the
818 1882 53 18 habit
880 1882 20 18 of
908 1887 29 13 ro-

504 1906 131 23 Cwmmcnding
644 1907 95 16 Clements
755 1907 58 15 Tonic
830 1907 19 16 to
866 1906 25 16 all
906 1911 31 16 my

504 1929 76 19 friends,
590 1936 20 11 as
620 1930 6 16 1
638 1929 71 18 believe
725 1929 16 17 it
750 1930 19 17 to
777 1928 24 19 bo
811 1929 31 18 the
851 1929 37 16 best
901 1929 36 16 and

504 1955 46 14 most
562 1952 102 18 wonderful
682 1952 90 18 medicine
786 1952 19 17 in
814 1952 32 17 the
856 1952 57 17 world
915 1962 22 1 —

504 1976 18 16 in
533 1975 37 18 fact
583 1976 5 16 T
598 1975 54 18 think
662 1981 56 16 every
732 1976 66 21 family
816 1975 65 17 should
891 1975 47 22 keep

504 1998 94 18 Clements
606 1999 57 17 Tonic
671 1999 19 16 in
697 1999 33 17 the
738 1999 64 17 house.
816 1998 121 23 Hoyjingyou

506 2021 37 17 will
551 2021 74 23 publish
636 2022 36 17 this
683 2021 28 18 for
720 2021 32 18 the
765 2021 70 18 benefit
844 2021 19 18 of
872 2021 56 18 suffer-

504 2044 33 24 ing

505 2068 64 23 Burry,
590 2069 163 19 Hanover-street,
779 2067 94 22 Dnncdin,
891 2067 46 18 New

505 2091 86 17 Zealand.

506 2128 433 228 dfdasfdas

508 2373 135 25 BARBER
657 2376 22 21 &
694 2373 243 25 HAIRDRESSER.

533 2553 55 20 HAS
602 2553 113 19 OPENED
735 2553 48 18 HIS
797 2551 114 24 SALOON,

509 2609 76 20 NEXT
602 2608 73 21 DOOR
691 2610 34 18 TO
740 2609 38 19 MB
796 2608 56 21 SAW
857 2608 81 20 SON'S.

548 2713 87 20 Setting
649 2714 82 19 Razors
744 2720 11 12 a
771 2714 12 18 S

618 2767 23 19 a
660 2767 52 45 M
727 2767 15 19 0

510 2838 121 22 Plumber
648 2838 21 22 &
680 2837 112 23 General
804 2836 137 23 Mechanic

693 2893 38 13 KM
751 2886 91 22 STKEET,

568 2997 39 41 W.
637 2997 29 39 A,
698 2996 117 40 WILLIi

514 3070 219 22 PIONEER
776 3067 167 25 STORE,

589 3109 39 22 U|ii
639 3107 52 19 osile
707 3106 72 21 Pa'aoo
796 3106 19 18 II
832 3104 31 21 tel.

552 3189 137 21 OILMKN'S
704 3189 37 18 ST<
756 3188 19 19 R
795 3187 20 25 S,

593 3218 219 23 IRONMONGERY,

698 3285 7 19 1
719 3283 122 25 KAI'KRY,
859 3285 42 21 &c,
912 3283 33 19 &c

541 3321 14 13 A
574 3323 21 11 m
602 3316 119 19 I'-asanrled
740 3318 17 16 et
773 3315 22 19 ik
816 3321 19 11 in
853 3314 26 18 aH
896 3313 51 19 lines

514 3344 20 18 of
545 3343 33 18 the
587 3343 62 18 above
660 3346 17 14 »t
691 3341 68 20 lo«est
774 3348 70 16 |nn<-.

515 3378 48 19 New
574 3377 86 19 Zealand
673 3377 60 25 Dairy
745 3374 191 21 AeFooiatioii'i'Fac-

550 3406 44 22 tory
607 3403 73 19 Butler
693 3403 53 19 fret.li
758 3402 32 19 t»i
805 3410 6 10 <•
827 3408 14 12 w
856 3401 52 18 iklv.

590 3438 49 19 New
650 3438 48 19 Laid
710 3438 61 21 E--s
783 3438 42 21 Ac,
837 3437 34 18 &o.

658 3555 151 33 ROTQR?JA

519 3600 82 32 COAL
617 3600 27 31 &
663 3598 169 32 FIREWOOD
852 3596 96 37 YARD,

602 3647 10 16 I
620 3645 126 17 UKUATUA
759 3643 101 21 STREET,

541 3726 63 18 Goods
613 3725 94 18 delivered
715 3725 50 17 after
778 3723 68 18 orrival
860 3723 21 18 of
892 3723 50 18 train

519 3751 19 16 to
547 3749 25 18 all
581 3752 52 19 parts
642 3749 19 18 of
670 3749 32 16 tlic
711 3750 51 16 town
771 3747 46 17 with
827 3748 116 21 promptness

518 3781 62 23 Largo
588 3781 58 17 Steele
659 3781 20 17 of
696 3780 45 18 Coal
757 3780 38 17 and
812 3778 98 20 Firewood
924 3777 18 18 id

588 3810 51 18 ways
649 3810 23 11 (.11
681 3803 51 18 Land
743 3803 36 17 and
790 3801 92 19 delivered

658 3828 20 16 at
687 3826 32 17 the
731 3826 82 17 shortest

701 3849 68 18 notice.

542 3880 15 16 II
560 3880 49 16 ATA
614 3882 42 15 AND
661 3878 73 18 TAWA
741 3883 26 13 AT
773 3881 78 15 LOWEST
861 3880 68 16 KATES.

537 4002 46 32 H,
595 4000 58 33 W,
668 3999 268 36 MITCHELL,

620 4059 116 21 3uii;ovt?ci)
746 4057 110 23 jcutbenor,

666 4115 143 24 ROTORUfI.

1297 1079 29 26 »
1407 1076 68 41 11
1481 1074 123 50 AT

981 1272 40 18 One
1030 1272 38 18 and
1077 1278 9 12 a
1097 1272 40 17 half
1146 1270 52 19 miles
1207 1270 47 18 from
1264 1270 32 18 the
1305 1270 47 16 Post
1360 1269 63 18 Office.
1449 1267 31 18 All
1488 1267 81 19 Coaches
1576 1266 48 20 from
1632 1265 96 22 Tbkaanu,
1736 1264 70 24 Napier
1811 1264 37 17 and

960 1296 82 17 Rotorua
1051 1301 32 12 arc
1092 1295 39 17 met
1139 1295 25 22 by
1173 1294 31 18 the
1298 1293 87 20 Coaches,
1395 1291 38 18 and
1442 1291 74 17 visitors
1526 1290 94 22 conveyed
1632 1290 21 17 to
1667 1289 33 17 the
1809 1288 39 16 free

1347 1316 20 17 of
1376 1316 76 21 charge.

984 1348 43 18 The
1167 1345 18 20 is
1196 1345 36 19 the
1240 1345 68 19 Home
1317 1344 22 19 of
1348 1344 36 20 the
1392 1344 90 19 Famous
1497 1342 93 23 Crow's
1604 1342 66 22 Nest
1686 1341 108 30 Geyser,
1813 1339 35 20 the

960 1374 80 17 Witches
1051 1373 100 19 Cauldron,
1166 1371 121 23 Champagno
1301 1371 75 22 Geyser,
1394 1369 63 23 Milky
1470 1369 75 22 Geyser,
1564 1368 107 21 Flesh-pot,
1687 1366 92 23 Porridge
1795 1366 51 19 Pots,

960 1396 121 22 Blow-holes,
1091 1395 84 18 Hannah
1183 1395 75 22 Geyser,
1268 1394 33 18 the
1308 1394 67 17 Lesser
1389 1393 70 18 Crow's
1472 1392 54 19 Nest,
1540 1392 62 16 Venus
1619 1390 56 20 Bath,
1691 1390 74 18 Satan's
1782 1389 64 22 Glory,

960 1420 39 17 Salt
1008 1420 76 23 Spring,
1094 1418 147 20 Paddle-wheel,
1252 1418 36 16 and
1298 1417 69 18 several
1376 1416 54 18 other
1439 1415 61 23 sights
1507 1415 19 17 of
1534 1415 83 16 interest.
1643 1413 76 18 Guide's
1728 1413 29 17 fee
1766 1414 20 15 2s
1802 1412 46 17 each

960 1449 72 17 person.

982 1467 38 16 The
1030 1466 75 17 IIUKA
1118 1465 86 18 FALLS.
1228 1464 80 17 Visitors
1317 1465 19 16 to
1345 1464 33 16 the
1406 1462 38 23 Spa
1468 1460 96 23 conveyed
1571 1460 38 17 free
1618 1460 21 17 of
1647 1460 75 22 charge.

983 1512 38 18 The
1028 1511 162 19 accommodation
1197 1511 21 17 at
1225 1511 33 17 the
1350 1510 17 17 is
1372 1509 27 18 all
1406 1509 43 17 that
1464 1514 35 11 can
1515 1507 23 17 be
1555 1506 78 17 desired.
1666 1507 63 21 Every
1744 1505 104 18 Bed-room

960 1535 108 19 over-looks
1075 1536 33 16 the
1117 1534 90 18 Gardens.
1232 1533 76 18 Private
1316 1533 62 18 Suites
1387 1532 20 19 of
1414 1531 129 23 Apartments.
1573 1530 62 22 Large
1649 1529 157 23 Drawing-room
1820 1528 29 17 for

960 1559 73 17 Ladies.
1059 1557 127 18 Comfortable
1195 1556 162 23 Snioking-room.

983 1582 52 17 THE
1049 1581 84 18 MAORI
1146 1580 103 19 CARVED
1262 1579 96 19 DINING
1370 1578 72 18 HALL
1451 1579 48 16 seats
1511 1583 34 11 one
1559 1576 87 17 hundred
1660 1581 78 17 persons
1752 1575 37 17 and
1804 1580 33 12 con-

960 1605 49 17 tains
1018 1605 25 17 all
1053 1606 85 20 separate
1146 1604 60 17 tables
1216 1603 29 18 for
1253 1603 72 22 private
1334 1602 70 23 parties
1413 1607 20 13 or
1444 1601 77 17 friends.

983 1628 52 18 THE
1046 1627 85 18 LARGE
1141 1627 57 18 LOT,
1209 1627 66 17 COLL
1285 1626 14 17 &
1308 1625 79 19 TEPID
1393 1623 140 20 SWIMMING
1538 1622 69 19 BATH
1616 1622 74 22 adjoins
1698 1622 33 17 the
1740 1622 108 16 Bedrooms.

983 1651 39 17 The
1032 1651 122 17 SULPHUR
1163 1650 69 17 BATH
1240 1650 16 16 is
1264 1649 75 22 equally
1348 1648 105 17 efficacious
1461 1653 20 11 its
1488 1648 31 16 the
1526 1647 73 17 famous
1606 1646 60 16 Priest
1672 1645 50 18 Bath
1730 1645 19 17 of
1757 1644 91 18 Eotorua.

983 1674 38 17 The
1030 1674 78 17 TEPID
1122 1673 69 18 BLUE
1204 1672 144 23 BATHisvcry
1359 1671 111 23 refreshing.

1170 1696 51 17 ALL
1229 1696 83 16 BATHS
1322 1696 38 16 free
1368 1697 20 15 to
1397 1693 80 19 Visitors
1486 1694 19 17 to
1514 1693 32 18 the

1014 1721 43 19 Ihe
1067 1719 95 20 Grounds
1171 1726 34 12 are
1217 1719 43 19 b?id
1269 1721 35 17 out
1318 1718 20 19 in
1357 1718 67 19 choice
1444 1716 120 24 Rose-beds,
1585 1715 141 22 Shrubberies,
1743 1713 105 20 Beautiful

961 1747 94 24 Flowers,
1066 1746 52 19 Pine
1127 1745 135 23 Plantations,
1273 1744 52 19 Turf
1333 1744 76 19 Tennis
1427 1744 69 22 Lawn,
1513 1741 125 20 Promenade
1659 1741 39 18 and
1719 1738 130 22 Ornamental

961 1773 79 19 Lawns.

1013 1798 58 20 Good
1082 1798 62 19 Grass
1153 1797 112 23 Paddocks,
1277 1796 101 26 Stabling,
1392 1796 7 19 1
1404 1796 54 19 Torso
1467 1794 61 24 Feed,
1539 1795 32 20 &c,

1310 1829 2 10 •
1404 1829 10 10 o

961 1848 115 23 Visitors
1091 1846 134 30 conveyed
1235 1846 53 23 free
1300 1846 27 23 of
1336 1846 94 28 charge
1440 1846 27 21 to
1476 1846 69 21 meet
1555 1843 36 24 all
1607 1843 110 22 coaches
1731 1841 104 30 proceed-

1244 1872 46 28 ing
1304 1874 27 21 to
1347 1872 120 23 different
1483 1872 78 28 parts.

1094 1921 126 24 TARIFF
1230 1929 5 15 :
1254 1923 34 17 10s
1301 1921 56 19 PER
1373 1921 64 19 DAY.
1467 1920 27 19 £2
1512 1921 34 17 10s
1556 1918 54 20 PER
1623 1918 93 20 WEEK.

988 1972 80 26 Special
1074 1971 125 21 concessions
1206 1973 20 16 to
1233 1970 96 20 Families
1336 1970 40 20 and
1384 1970 56 24 largo
1449 1970 75 24 parties
1531 1968 84 25 making
1622 1974 12 12 a
1641 1966 125 26 lengthened
1773 1968 51 23 stay.

960 2022 89 19 Visitors
1059 2028 47 18 may
1115 2020 123 25 confidently
1250 2022 60 16 count
1320 2026 54 19 upon
1384 2025 59 19 every
1454 2025 44 13 care
1509 2018 39 19 and
1558 2017 99 20 attention
1668 2019 21 16 to
1698 2016 54 19 their
1758 2015 91 23 comfort,

1261 2046 40 18 and
1311 2046 76 25 civility
1396 2046 51 18 from
1458 2045 33 19 tho
1502 2044 53 20 staff.

1064 2073 117 19 First-class
1191 2072 69 18 Tabic.
1394 2071 126 19 Abundance
1531 2071 20 18 of
1560 2070 58 18 Fruit
1630 2069 21 19 in
1661 2069 83 19 Season.

960 2100 42 19 Tea
1012 2100 41 19 and
1063 2100 69 19 Coffee
1143 2098 70 20 served
1225 2099 19 19 in
1261 2099 34 18 the
1313 2098 78 25 Dining
1407 2098 51 18 Hall
1476 2096 104 25 mornings
1600 2096 41 18 and
1658 2096 123 18 afternoons.
1818 2093 33 19 No

1094 2177 105 33 THE
1390 2175 240 33 COACHING
1654 2173 61 32 CO,

1140 2219 43 17 Pun
1193 2218 82 18 Couches
1283 2219 20 16 to
1312 2218 32 17 the
1352 2217 99 22 following
1460 2217 61 22 places
1531 2215 19 18 of
1560 2216 75 16 interest
1643 2221 29 11 :

962 2251 135 27 Tokaami,
1108 2250 117 24 Thursdays
1236 2250 39 18 and
1289 2249 101 22 Sunday?.
1418 2248 51 19 Fare
1480 2255 28 12 ys.

965 2276 136 24 Wairakei
1115 2276 120 30 Geysers,
1247 2276 60 24 daily,
1320 2275 94 25 Sundays
1424 2274 100 19 included.
1552 2273 52 19 Fare
1614 2274 22 17 2s
1647 2273 32 18 Cd.

962 2309 153 17 ARATEATEA
1124 2308 99 17 RAPIDS,
1234 2307 57 19 daily.
1310 2307 54 18 .Fare
1376 2308 19 16 !5s
1404 2307 30 16 Cd.

962 2331 146 20 ROTOKAWA
1121 2331 122 18 SULPHUR
1256 2330 75 17 LAKE.
1357 2330 47 17 Fare
1414 2330 18 17 7s
1441 2330 29 19 (id,
1481 2335 37 16 any
1527 2328 50 18 time.

1476 2414 189 76 ous

993 2534 339 58 Hydropathic
1377 2532 160 50 Hotel,
1587 2530 232 46 Rotorua.

1247 2612 222 32 ESTABLISHED
1491 2610 76 32 1881.

964 2677 71 20 Under
1050 2677 34 18 the
1096 2671 3 30 ;
1108 2678 37 17 atn
1155 2671 4 30 i
1169 2681 35 19 ngfl
1217 2671 3 30 .
1230 2674 7 20 f
1248 2674 31 20 Sir
1291 2674 33 20 \V.
1345 2673 86 24 Jervois,
1453 2673 43 19 Farl
1515 2673 36 18 him!
1571 2671 101 21 OonntPfS
1693 2672 21 19 of
1734 2671 117 27 Ilopitun,

1136 2702 33 19 ihe
1185 2703 50 17 lie).
1251 2702 83 18 I'iciniir
1346 2698 37 23 an.l
1402 2700 26 19 Mi
1438 2700 37 18 inbi
1484 2706 17 12 rn
1519 2700 21 17 <•!'
1554 2698 125 20 I'lirlinnieiit.

990 2755 43 20 The
1044 2756 62 18 Hotel
1121 2756 15 17 is
1147 2755 64 19 uitut't
1225 2754 9 16 il
1245 2760 24 12 oi'
1281 2760 24 12 im
1315 2753 92 20 elevated
1421 2752 65 26 joi-itii
1496 2759 11 11 n
1517 2758 24 12 on
1555 2751 32 20 ilie
1599 2751 68 19 shores
1684 2750 20 20 of
1722 2751 53 20 Luke
1792 2751 49 19 Roie-

965 2789 42 16 rua,
1019 2782 91 19 convenii
1118 2784 20 16 t.(
1152 2784 19 16 to
1183 2781 23 19 all
1230 2780 19 18 h-
1265 2779 62 22 -i«l.rw
1339 2787 12 9 it
1371 2780 13 16 il
1394 2787 10 10 e
1414 2779 87 18 oi-irict.

1039 2807 113 30 Sulphur
1166 2807 51 22 and
1230 2805 111 23 Mineral
1355 2805 82 24 Baths
1455 2805 16 19 i»
1484 2804 34 19 the
1531 2803 33 19 Gr«
1576 2803 49 19 un<'s
1637 2803 21 19 of
1669 2804 33 18 the
1715 2804 68 18 lite'.

991 2861 28 18 To
1032 2862 51 18 meet
1095 2859 34 20 the
1148 2859 42 19 dub
1200 2865 28 13 ess
1242 2858 20 18 of
1274 2858 33 19 the
1318 2857 41 20 iitm
1367 2864 28 12 en
1408 2857 15 19 el
1432 2863 47 20 a-g-
1489 2857 61 18 il£2
1562 2857 21 17 2s
1595 2862 34 18 per
1642 2862 33 13 \vc
1685 2855 9 19 k
1708 2855 38 20 will
1758 2856 23 20 be
1800 2855 55 19 made

967 2887 30 19 for
1009 2893 10 13 a
1032 2885 121 25 lengthened
1166 2889 49 22 stuy.
1244 2885 71 19 Under
1326 2892 38 10 <u.<'
1376 2883 52 20 Meek
1441 2887 22 16 Bf
1475 2890 33 19 per
1519 2882 45 26 day.

969 2949 127 19 JT.R.—Mrs
1107 2948 86 19 Grn'hnm
1206 2948 37 19 will
1256 2948 17 18 ;'l
1286 2953 10 12 o
1307 2946 96 21 continue
1414 2948 20 17 fci
1446 2948 102 18 punervise
1561 2946 3 22 I
1570 2948 23 20 lip

1089 2980 131 23 GEYSIR
1240 2979 107 24 HOUSE
1369 2976 240 25 HSDEOPAIHIC
1622 2976 116 28 HOTEL,

1349 3012 17 17 A
1374 3011 10 18 1
1393 3007 17 23 R
1419 3012 13 17 A
1445 3010 18 19 K
1476 3010 13 18 K
1500 3007 13 24 I,

967 3045 63 20 which
1046 3045 34 18 lias
1099 3045 81 19 become
1197 3051 8 11 a
1229 3050 32 19 yo\
1269 3043 44 20 ular
1332 3043 37 19 and
1389 3041 100 20 favunite
1508 3048 35 12 i■»■
1554 3044 15 15 11
1695 3041 105 18 n-.ncF.rs
1818 3041 37 18 and

1365 3068 91 20 invalid-.

1099 3098 18 17 A
1135 3095 83 21 reducli'
1229 3102 10 13 n
1259 3096 14 19 ip
1292 3095 58 20 made
1368 3098 21 17 to
1400 3101 34 12 ue<
1442 3094 33 19 klv
1487 3092 4 24 .
1500 3101 10 12 r
1521 3092 84 20 moilhh
1648 3094 77 19 arderp.

967 3123 69 21 Guide
1047 3123 67 20 Bcoka
1126 3130 17 12 ai
1153 3123 10 18 d
1174 3123 12 19 ii
1198 3123 86 19 fi<riu»ti<
1294 3129 11 12 n
1317 3122 62 22 yali-
1395 3124 17 17 a!
1427 3120 20 20 0.
1456 3119 4 26 •
1469 3120 10 19 k
1498 3122 36 17 an.)
1555 3119 12 18 S
1583 3119 28 19 is'
1629 3119 50 25 (sole
1696 3120 80 25 ngri.fr)
1793 3119 3 26 i
1805 3119 52 20 ffierp

1280 3148 125 26 throughout
1418 3148 33 17 'h.-
1463 3148 83 23 Colony.

1532 3315 298 26 VTf/^FIHTr^Tr

1203 3418 29 19 On
1244 3418 34 18 the
1287 3417 68 20 banks
1369 3418 20 18 of
1400 3417 34 19 tho
1445 3416 98 20 Waikato
1555 3415 66 20 River.

959 3463 2 34 |
972 3468 158 23 Patronised
1143 3468 36 28 hy
1189 3467 45 22 the
1248 3466 61 23 Earl
1320 3466 51 23 and
1380 3466 125 23 Countess
1521 3464 27 23 of
1566 3464 110 27 Onslow,
1694 3464 126 23 Countess
1835 3463 28 22 of

1040 3498 122 28 Glasgow
1175 3496 51 23 and
1242 3496 80 23 Suite.
1334 3496 41 23 Sir
1388 3496 75 23 Ihcs.
1478 3495 53 23 End
1541 3494 72 29 Lady
1628 3494 172 23 Slcllwraith.

1000 3617 93 21 Situated
1102 3617 90 25 halfway
1202 3615 202 23 letweeifßotorua,
1423 3614 70 25 Taupo
1514 3614 38 21 and
1571 3614 105 19 Lichfield.
1715 3616 42 18 Tho
1775 3616 80 24 storting

975 3645 57 26 place
1043 3646 32 17 lor
1086 3644 34 19 the
1131 3640 154 22 Aniwhnniuha
1296 3642 61 18 Falls,
1370 3641 33 18 the
1414 3639 169 22 Oralrei-Korako
1594 3640 33 18 red
1639 3640 40 19 and
1689 3641 61 19 white
1759 3642 94 18 Terraces

975 3673 93 21 (jevstrs,
1079 3670 61 18 Alum
1151 3669 70 21 Caves,
1235 3669 38 21 &c,
1285 3670 19 16 to
1315 3667 64 18 which
1390 3673 10 12 a
1412 3673 42 12 new
1467 3666 38 17 and
1516 3671 46 19 easy
1577 3666 56 18 track
1649 3667 17 18 is
1682 3674 44 11 now
1743 3668 110 24 completed

974 3698 96 18 Distance
1081 3696 48 18 nine
1140 3695 62 23 miles,
1215 3695 47 18 four
1272 3695 20 16 of
1303 3693 65 18 which
1378 3699 37 12 can
1428 3692 25 18 be
1464 3691 67 19 diivcn
1543 3698 46 12 over
1602 3692 16 18 if
1628 3692 86 20 desired.
1744 3693 42 19 Hot
1802 3694 53 18 hath:

974 3724 39 19 and
1026 3722 46 19 fulls
1082 3722 70 19 within
1165 3722 23 19 10
1194 3721 89 18 minutes
1291 3719 56 19 drive

1108 3769 55 19 Good
1174 3770 54 17 trout
1238 3768 75 24 fishing
1322 3767 40 19 and
1374 3766 95 25 shooting
1479 3766 21 18 in
1511 3765 33 18 the
1555 3765 173 25 neighbourhood.

976 3820 77 20 Guides
1063 3817 39 20 and
1112 3817 74 18 Saddle
1196 3816 77 19 Horses
1282 3815 99 25 supplied.
1396 3814 50 22 Post
1454 3813 40 18 and
1501 3812 114 25 Telegraph
1624 3813 60 20 Office
1691 3821 25 12 on
1724 3814 35 19 the
1765 3816 91 24 premise;

1003 3916 41 18 For
1054 3914 81 19 further
1145 3912 130 20 information
1287 3911 61 25 apply
1359 3910 75 20 Messrs
1444 3909 56 19 Cook
1510 3908 38 19 and
1559 3908 47 23 Son,
1621 3909 77 25 Agents

1266 4094 307 36 PBOPBI3ETOB.

1199 226 91 19 Tourists
1300 226 40 19 and
1353 226 91 19 Invalids
1454 226 84 20 visitir.tr
1547 226 35 18 the
1592 225 140 19 Wonderland
1741 226 22 18 of
1773 226 49 18 New
1830 225 91 19 Zealand
1932 224 39 19 will
1980 224 42 18 find
2032 224 35 19 the

1680 319 24 17 JL
1719 320 25 16 A
1781 315 49 25 \U<

1491 357 326 55 OTORUA

965 426 79 23 fjPIIE
1058 428 50 16 most
1121 425 87 24 elegant,
1219 423 132 19 comfortable
1359 422 40 19 and
1411 422 44 18 best
1465 421 109 25 appointed
1585 421 155 18 establishment
1749 421 22 18 of
1780 421 27 18 its
1815 421 50 18 kind
1875 420 20 18 in
1907 419 50 19 New
1969 419 97 24 Zealand,
2078 420 92 24 fittt'dup
2178 420 125 25 throughout

978 442 9 23 I
1432 447 51 19 with
1493 448 35 17 the
1537 450 52 14 most
1603 446 81 18 modern
1700 447 148 18 conveniences.

990 477 58 18 THE
1061 476 93 20 HOTEL
1162 475 18 19 is
1189 475 22 19 in
1220 475 35 19 the
1263 473 118 21 immediate
1386 471 170 27 neighbourhood
1565 472 22 19 of
1595 472 36 19 the
1639 471 74 23 Priest;
1725 471 83 25 Rachel,
1820 473 124 18 Postmaster
1956 471 41 18 and
2012 471 59 19 other
2088 471 80 19 famous
2183 471 68 24 baths,
2269 471 35 20 the

964 503 89 18 curative
1062 503 113 24 properties
1185 502 21 18 of
1216 500 63 19 which
1289 506 34 12 are
1333 499 161 19 world-famous.
1523 498 52 18 Bath
1587 497 66 20 chairs
1664 498 39 19 and
1714 498 116 19 attendants
1842 503 34 12 are
1885 496 97 24 provided
1995 501 19 14 to
2027 503 76 18 convey
2119 497 88 18 invalids
2224 499 20 16 to
2263 498 41 18 and

964 529 52 18 from
1027 529 34 18 the
1072 529 80 17 various
1165 527 140 19 bath-houses.
1333 525 44 19 The
1387 525 108 18 bedrooms
1505 524 38 18 and
1554 524 86 24 retiring
1650 531 66 11 rooms
1726 524 92 18 areiitted
1829 530 28 18 up
1869 522 48 19 with
1936 528 12 12 a
1959 522 76 24 special
2048 522 74 25 regard
2137 525 20 16 to
2168 522 35 19 the
2222 523 82 25 require

964 558 64 15 ments
1038 555 22 17 of
1068 557 70 22 guests
1148 554 21 18 in
1180 553 68 18 search
1258 553 21 18 of
1288 551 92 19 renewed
1390 551 99 23 strength.

992 580 43 19 The
1048 580 62 20 Eaths
1121 582 21 16 at
1154 579 34 18 the
1197 578 127 19 Sanatorium
1336 577 53 18 have
1400 576 97 19 attracted
1508 582 60 17 many
1578 575 82 19 visitors
1669 576 21 18 of
1699 576 40 18 late
1749 581 66 19 years,
1832 574 39 19 and
1882 577 94 21 amongst
1987 574 57 19 those
2057 574 43 18 who
2109 574 52 19 have
2173 574 63 19 found
2245 574 60 19 relief

964 612 33 12 are
1006 606 35 18 tho
1050 605 146 23 convalescent,
1208 610 91 16 nervous,
1310 603 119 18 rheumat.'c.
1441 609 40 17 app
1494 602 76 18 titeless
1580 602 40 17 and
1632 601 94 24 sleepless
1736 601 94 25 patients.

991 631 91 20 Rotorua
1093 632 16 17 is
1119 631 34 18 the
1163 633 67 16 centre
1240 630 51 18 from
1302 628 64 19 which
1376 628 27 19 all
1416 627 35 22 Jthe
1461 628 68 24 points
1539 628 21 17 of
1569 627 84 18 interest
1663 628 20 17 in
1701 628 34 17 the
1744 626 95 19 Thermal
1850 626 85 24 Springs
1952 625 84 19 District
2053 631 46 19 may
2114 625 26 19 bo
2154 625 92 24 reached,
2264 626 41 19 and

964 658 73 24 special
1047 658 95 18 facilities
1152 663 33 12 are
1194 656 97 25 provided
1300 656 32 17 for
1340 654 57 19 those
1405 654 20 18 in
1436 653 69 18 search
1516 654 21 17 of
1544 652 34 19 the
1589 652 100 19 beautiful
1702 653 40 18 and
1756 652 127 19 marvellous.

1055 687 180 19 MAGNIFICENT
1249 684 175 21 APARTMENTS.
1555 684 84 17 LOFTY
1651 684 146 17 BEDIIOOMS.
1915 682 117 19 PERFECT
2049 682 161 17 SANITATION.

1089 712 24 19 In
1124 711 57 19 short
1190 717 12 12 a
1212 715 123 14 fjkst-cxass
1350 708 173 20 Establishment
1532 707 86 25 offering
1627 707 35 18 the
1674 713 55 12 same
1738 708 95 17 comforts
1844 713 21 12 as
1876 706 33 18 the
1921 706 43 19 best
1979 706 65 19 hotels
2055 707 21 18 in
2086 706 86 24 Europe.

1628 739 11 12 o

1199 762 85 23 Suites
1301 762 27 23 of
1341 760 169 30 Apartments
1520 758 67 23 with
1597 759 98 28 special
1709 758 156 23 attendance
1880 757 39 23 for
1935 758 130 23 Families-

964 799 97 24 Spacious
1071 797 125 19 rromenade
1207 797 111 21 Balconies,
1328 795 59 24 Snug
1401 794 90 22 Alcoves,
1503 793 39 18 and
1559 793 127 23 luxuriously
1702 792 106 19 furnished
1825 792 103 25 Drawing,
1945 792 70 23 Music,
2034 791 151 25 Conversation,
2201 791 101 26 Heading,

1413 819 98 26 Smoking
1522 819 37 18 and
1571 819 86 18 Billiard
1668 819 82 18 Booms.
1780 818 70 19 Baths.

1199 858 35 22 (j3-
1251 856 115 19 SPECIAL
1380 853 161 21 ATTENTION
1554 853 68 18 PAID
1636 853 33 19 TO
1684 852 119 20 CUISINE
1817 852 59 19 AND
1891 851 125 21 SE-RVTCE.
2032 854 35 21 j$

988 891 35 19 All
1032 889 177 21 communications
1222 889 26 23 by
1258 888 59 18 letter
1326 893 23 13 or
1361 887 97 23 telegram
1469 885 40 18 will
1519 885 77 18 receive
1605 885 81 25 prompt
1696 885 107 18 attention.

1087 976 8 8 .
1122 948 58 35 A.
1208 948 310 39 Jd.UUJuIUJW,

1430 996 60 25 (Late
1500 996 21 18 of
1530 995 113 18 Grovesnor
1653 993 68 24 Hotel,
1735 993 95 25 Sydney.)

1991 937 249 47 Manager.

1871 1059 162 41 ROTORUA
2056 1059 91 41 BOOT
2169 1061 25 39 &
2212 1061 89 40 SHOE

2022 1118 125 41 DEPOT,

1869 1447 19 19 A
1907 1448 67 26 Large
1994 1451 62 19 Stock
2076 1453 21 18 of
2114 1451 92 26 German,
2225 1453 77 19 French

1938 1476 40 19 and
1989 1476 92 21 Colonial
2091 1478 61 19 Boots
2163 1479 75 25 always

2033 1504 22 19 in
2072 1504 68 20 Stock.

1870 1538 68 20 BEST
1946 1539 152 21 MATERIAL.
2135 1541 68 20 BEST
2212 1542 90 21 WORK.

1949 1576 159 21 AUCKLAND
2119 1577 105 22 PRICES.

1871 1624 163 25 Hand-sewn
2045 1627 79 23 Boots
2134 1635 15 16 a
2165 1628 137 31 Specialty.

1897 1687 114 23 Visitors
2022 1690 28 21 to
2063 1689 46 23 the
2124 1689 53 23 Hot
2185 1690 91 24 Lakes.

2060 1740 58 21 THE

1901 1766 176 47 Palace
2112 1768 160 56 Hotel,

1874 1822 66 20 Situat
1954 1823 10 19 J
1991 1823 18 20 in
2034 1825 35 19 tlie
2093 1825 51 19 New
2167 1825 135 21 Government

1872 1849 106 25 Township
1996 1851 19 19 in
2032 1858 54 12 dose
2104 1851 107 26 proximity
2231 1856 21 16 to
2272 1853 33 19 the

1872 1875 70 25 Buibi>,
1961 1875 136 26 Sanatorium,
2118 1879 47 17 Post
2188 1878 60 21 Office
2266 1879 38 20 and

1872 1901 91 26 Railway
1971 1903 88 19 Station.

1898 1954 41 19 Tho
1951 1955 60 19 Hole]
2024 1956 17 19 is
2058 1955 126 27 luxuriously
2200 1957 104 21 furnished

1872 1981 39 18 and
1923 1981 78 23 replete
2011 1982 47 20 with
2065 1989 59 19 every
2134 1983 134 21 convenience
2275 1984 32 20 for

1874 2006 85 21 tourists
1968 2008 40 19 and
2017 2008 76 21 olberp.
2123 2009 19 18 It
2164 2016 14 12 c
2189 2011 90 19 mmands
2295 2017 10 12 a

1872 2033 92 25 splendid
1976 2035 48 18 view
2035 2037 21 16 of
2066 2034 35 20 the
2110 2035 55 19 Lake
2176 2037 37 18 and
2224 2037 15 18 is
2250 2037 45 19 with-

1873 2060 18 17 in
1903 2067 46 17 easy
1961 2067 66 13 access
2041 2061 21 20 of
2079 2061 34 20 the
2130 2061 77 27 Geyser
2223 2063 83 26 Springs

1873 2086 20 17 of
1904 2085 188 22 Whakarewarewa
2102 2088 40 20 and
2153 2089 25 18 all
2192 2089 33 20 the
2243 2089 63 25 sights

1874 2111 20 20 of
1905 2112 34 19 the
1949 2112 85 20 district.

1886 2138 33 19 All
1929 2139 107 25 telegrams
2048 2140 103 26 promptly
2161 2142 96 19 attended
2266 2145 27 17 to.
2311 2138 1 28 •

2055 2178 183 53 jqWstqn,

2008 2230 169 18 PBOPJtTETOB.

1903 2303 184 46 Robert
2122 2303 156 47 Wake

1877 2382 96 22 T)EGS
1980 2385 21 17 to
2010 2384 94 19 intimate
2111 2383 46 20 that
2166 2383 26 20 ho
2210 2385 36 19 hrs
2263 2393 43 11 now

1883 2409 33 18 *J>
1947 2409 110 20 concluded
2068 2411 34 18 tlio
2115 2410 118 20 alterations
2246 2415 19 15 to
2277 2412 31 18 his

1874 2454 6 6 4
1898 2434 72 21 emises
1986 2436 20 18 in
2025 2435 77 20 Feuton
2121 2435 71 25 Street,
2208 2438 100 25 (opposite

1874 2461 34 18 the
1919 2461 69 19 Grand
1999 2462 79 25 Hotel,)
2089 2462 40 19 and
2139 2462 37 19 has
2185 2470 11 11 a
2203 2463 57 25 large
2269 2464 38 18 and

1875 2487 43 18 well
1928 2488 92 19 assorted
2031 2489 55 18 stock
2097 2489 21 18 of
2132 2488 34 20 the
2186 2489 108 21 undermen-

1875 2512 67 20 tioned
1953 2514 69 24 goods,

1876 2557 66 40 FOR
1964 2557 127 40 CASK
2105 2557 87 40 CASH
2206 2558 100 43 ONLY,

1900 2616 49 19 This
1959 2616 54 19 Rule
2024 2617 40 19 will
2082 2617 23 18 bo
2123 2616 76 25 strictly
2220 2618 87 19 adhered

1875 2643 20 18 to
1905 2649 21 12 so
1937 2649 26 12 no
1973 2649 38 13 one
2021 2643 52 19 need
2085 2644 22 18 to
2118 2643 94 19 offended
2220 2644 16 19 if
2246 2644 63 19 credit

1875 2668 16 18 is
1903 2669 88 19 refused.

1875 2702 83 23 Men's
1969 2703 127 30 Mercery,
2105 2703 76 28 Hats,
2194 2704 42 24 &c.

1876 2733 82 23 Men's
1974 2734 51 22 and
2040 2734 78 28 Boys'
2135 2734 121 30 Clothing

1982 2783 14 10 ~
2107 2766 79 23 Boots
2198 2767 20 22 &
2230 2768 79 23 Shoes

1876 2796 136 25 Blankets,
2027 2796 80 29 Rugs,
2121 2796 96 29 Prints,
2234 2798 60 24 Flan-

1929 2827 122 28 nelettes,
2064 2830 47 21 etc.

1877 2859 115 28 Saddles,
2004 2860 110 27 Bridles,
2131 2861 46 22 etc.

1990 2930 104 25 Complete
2104 2931 61 19 Stock
2175 2932 21 18 of

1877 2960 91 29 Fancy
1982 2960 91 27 Goods,
2092 2961 151 32 Stationery
2260 2965 52 22 and

1930 2992 86 23 Books

1879 3024 192 22 Tobacconist's
2087 3024 91 28 Goods,
2191 3027 47 22 etc-

1879 3055 112 22 Musical
2006 3055 178 25 Instruments

1879 3085 122 23 Window
2008 3086 71 28 glass
2087 3086 21 23 &
2116 3086 79 31 Lamp
2203 3089 108 28 glasses.

1879 3137 94 19 LARGE
1989 3138 59 19 AND
2080 3138 233 23 WELL-ASSORTED

2026 3170 88 19 STOCK
2130 3170 34 19 OF

1881 3201 207 33 FISHING
2111 3203 203 35 TACKLJK,

1946 3312 62 19 First-
2015 3313 50 18 class
2083 3314 86 18 Billiard
2179 3314 69 21 Table.

1883 3363 109 27 Prescripti
2007 3371 24 13 ns
2041 3366 109 24 dispensed
2159 3366 27 25 by
2194 3373 12 12 a
2215 3367 102 21 Qualified

2054 3391 97 19 Chemist.

2020 3455 160 24 ROTORUA.

1905 3627 49 24 (One
1961 3629 89 19 minute's
2058 3631 50 17 walk
2117 3632 49 17 from
2173 3632 32 19 the
2211 3634 72 19 Govern-

2035 3655 53 17 ment
2096 3655 65 17 Baths.
2165 3655 6 18 )

2003 3711 189 24 TSRMS:

1910 3744 45 22 35s
1964 3751 45 22 per
2027 3747 89 27 week;
2136 3747 29 23 Gs
2179 3755 45 22 per
2233 3751 57 29 day.

1911 3773 60 23 Two
1982 3776 90 22 weeks
2083 3784 26 15 or
2120 3777 98 30 longer,
2237 3780 53 25 30s.

1919 3823 28 30 G.
1980 3813 304 54 HAWKER~WILSON,

2010 3867 186 22 PROPRIETOR,

1914 3923 174 26 WYNYARD
2102 3927 190 32 &PURCHAS,

1947 3958 129 21 Barristers
2084 3967 42 13 and
2137 3963 116 21 Solicitous

1864 3994 3 31 .
1886 3994 84 26 Temple
1977 3996 119 26 Chambers,
2105 3999 58 26 High
2172 4001 28 24 St,
2210 4002 108 22 Auckland

1887 4055 81 21 TVTE
1982 4058 52 19 have
2043 4066 73 18 money
2126 4063 19 16 to
2156 4061 47 20 lend
2214 4069 25 13 on
2257 4065 61 20 Morfc-

1904 4085 8 12 T
1922 4083 8 14 T
1977 4090 54 19 gage
2040 4085 22 19 of
2076 4086 101 20 Freehold
2191 4089 41 18 and
2246 4090 60 21 Lease-

1886 4107 49 19 hold
1945 4113 95 21 property
2051 4113 21 17 at
2083 4116 80 15 current
2172 4117 60 16 rates.

969 4204 101 40 Jsk
1097 4202 71 38 for
1194 4197 263 40 Hancock's
1484 4194 277 40 Celebrated
1799 4196 188 41 S2IX
2012 4200 113 40 Ales
2152 4207 93 37 and
2271 4207 140 39 Stout

2522 173 486 61 STREWS

2368 288 70 50 1Q
2464 303 9 32 §

2540 284 338 52 SPRINGS
2928 287 198 40 whtp

2431 521 19 19 A
2470 521 117 19 First-class
2602 522 39 18 and
2659 522 47 20 well
2713 522 111 25 appointed
2830 522 72 21 House
2913 523 122 22 convenient
3045 524 21 18 to
3074 522 35 19 the

2327 573 97 32 HOT
2439 574 203 32 SPBOTGS
2666 574 33 32 &
2717 575 232 34 NATUBAL
2968 576 247 32 WON3OEBS.

2354 632 57 20 HOT
2436 632 91 20 BATHS
2550 639 26 12 on
2592 633 35 19 the
2646 634 103 23 premises.
2785 633 42 18 The
2838 635 95 26 stopping
2943 635 72 20 House
3025 635 32 19 for

2438 663 67 23 TEE
2529 662 62 24 SPA
2614 663 108 24 HOTEL
2747 663 167 25 COACHING
2920 652 183 38 °COMPANY.

2354 714 89 21 Coaches
2458 715 65 20 arrive
2534 716 53 18 from
2596 715 71 26 Taupo
2678 715 117 25 Thursdays
2805 715 38 19 and
2861 715 99 28 Sundays,
2972 719 40 19 and
3026 719 58 19 leave
3099 718 32 18 for
3146 717 71 26 Taupo

2326 741 88 25 Fridays
2424 741 40 19 and
2474 741 108 26 Mondays.

2573 793 197 19 MODERATE
2791 792 175 24 CHARGES.

2580 902 111 19 BEFORE
2705 902 146 20 ORDERING
2862 903 62 21 ELSE-

2544 959 108 21 WHERE
2664 962 58 18 TnE
2740 962 103 20 PUBLIC
2858 964 56 19 ARE
2932 966 28 18 IN-

2582 1020 87 19 VITED
2685 1020 34 20 TO
2732 1021 70 20 CALL
2814 1022 59 19 AND
2885 1023 52 19 SEE

2624 1079 68 21 NEW
2706 1080 144 19 MATERIAL
2867 1082 32 19 IN

2546 1137 163 29 SUITINGS,

2625 1189 169 28 COATINGS,

2692 1238 170 30 VESTINGS,

2742 1347 237 30 TROUSERINGS,

3036 1247 37 29 m

3034 1279 54 36 §»
3100 1289 44 26 liil

2573 1465 30 40 H.
2638 1465 40 40 W.

3073 1568 144 45 BROS

2897 1632 217 33 MAMAKIT

2790 1669 72 30 \AW
2881 1670 19 23 &
2930 1670 32 29 PI
2980 1672 100 21 AMHT/1
3103 1671 52 22 MTT
3169 1673 37 21 TC

2789 1692 68 17 urtm
2878 1693 24 17 u,
2929 1693 8 17 i
2953 1685 127 27 LAliiiiu
3104 1685 114 29 iiiiiiLui

2791 1740 269 23 MOUNTHIN
3084 1743 137 24 RITVvU,

2345 1803 106 34 BAKER
2462 1803 26 32 &
2498 1800 256 34 CONFECTIONER.

2384 1891 85 23 Bread
2485 1890 132 23 delivered
2634 1890 77 29 daily.

2790 1817 133 20 GENUINE
2937 1818 60 19 DRY
3014 1818 78 20 LAND
3110 1818 110 22 TIMBER

2893 1851 29 19 IN
2935 1853 52 16 THE
3002 1853 113 18 MARKET.

2384 1968 165 23 GROCERIES,

2528 2006 145 21 DRAPERY.

2516 1895 101 18 Dverea
2634 1895 77 24 cany.
2790 1897 128 26 Ti/rESSRS
2937 1898 99 20 kusabs
3054 1898 69 21 bros,
3138 1900 37 23 beg
3192 1907 29 10 i,-

2790 1919 50 21 J_tX
2866 1921 101 23 spectfully
2971 1923 22 17 to
3000 1922 68 18 inform
3080 1923 30 17 the
3123 1923 66 19 Public
3202 1924 20 17 of

2790 1944 77 16 Kotorua
2876 1944 33 15 and
2919 1945 73 21 vicinity
3001 1946 39 15 tliat
3049 1945 40 21 they
3104 1945 43 18 have
3162 1949 50 14 estab-

2788 1964 55 17 lished
2852 1970 10 11 u
2871 1966 43 19 yard
2923 1966 17 16 in
2954 1966 126 20 Ilincnion-st.,
3090 1968 33 14 iir.d
3138 1972 30 12 can
3184 1973 38 11 now

2788 1987 63 20 supply
2859 1986 30 17 the
2897 1987 51 16 finest
2956 1987 44 17 class
3014 1988 18 16 of
3048 1988 80 21 Building
3141 1988 80 17 Material

2528 2006 144 21 DRAPERY.
2788 2007 17 15 i»
2814 2008 29 15 the
2852 2007 75 17 Market.
2942 2008 19 16 It
2968 2008 16 17 is
2991 2009 101 21 unequalled
3102 2010 16 15 in
3128 2010 94 21 duiability

2789 2029 33 15 and
2831 2028 105 22 impervious
2944 2032 18 13 to
2972 2030 28 16 the
3010 2032 67 14 attacks
3092 2031 18 15 of
3124 2031 49 16 borer
3187 2032 34 15 and

2523 2050 43 14 AKD
2789 2049 31 21 dry
2833 2053 31 14 rot.
2888 2050 52 17 Their
2947 2051 122 20 sawmills.are
3076 2051 51 17 fitted
3135 2052 42 16 with
3193 2053 29 16 the

2518 2079 151 18 iEKEEPER'S
2676 2078 84 19 GOODS
2790 2073 44 14 moßt
2843 2071 69 17 modern
2921 2072 99 21 appliances
3029 2072 33 18 and
3073 2074 73 14 tliofhm
3160 2074 14 15 in
3184 2074 38 16 able

2747 2091 18 27 _!
2789 2095 18 12 to
2822 2093 63 20 mpply
2901 2098 34 16 any
2951 2094 81 21 quantity
3048 2095 18 14 of
3081 2093 38 22 Dry
3137 2094 85 22 Building

2516 2127 26 4 ._.
2564 2127 40 5 --*

2411 2127 137 24 SPECIAL
2564 2126 126 24 NOTICE.
3006 2124 8 8 °

2454 2156 22 31 v'<
2777 2156 2 31 <
2790 2156 140 29 Skirtings,
2939 2158 178 25 Architraves,
3123 2159 78 23 Moul-

2331 2207 11 6 d„
2368 2187 4 28 .
2441 2205 5 10 ,
2457 2205 10 10 c
2556 2205 13 10 <<
2602 2205 5 10 t
2635 2187 3 28 ■
2716 2203 27 12 ~i
2824 2193 67 22 nigs,
2903 2188 51 22 and
2965 2187 111 23 Dressed
3087 2189 101 23 Timber

2331 2206 71 20 Spmisr
2410 2206 35 18 and
2457 2206 85 17 Summer
2556 2206 62 15 (roods
2633 2211 19 10 in
2664 2210 55 14 every
2733 2209 32 11 ue-
2853 2206 14 9 a
2874 2206 17 16 „'
3104 2206 4 20 .

2390 2229 98 24 pnrtmont
2496 2229 21 16 at
2529 2227 101 18 Auckland
2638 2227 68 18 Prices.
2775 2218 4 35 }
2855 2224 25 15 01
2892 2225 80 22 every
2987 2218 165 30 description,

2880 2248 109 30 Always
3001 2256 32 15 on
3043 2249 84 23 Hand.

2402 2273 156 20 INSPECTION
2575 2274 120 18 INVITED.
2817 2281 119 24 HENAU
2946 2283 108 23 HOUSE
3064 2283 127 25 BLOCKS.

2410 2323 35 32 £>,
2467 2321 217 35 HOWARD,
2811 2328 49 17 Pnee
2868 2328 48 17 Lists
2923 2335 21 11 on
2953 2330 104 21 application
3066 2332 19 15 to

2365 2359 113 21 DEAFER
2499 2359 59 18 A.M.
2584 2358 148 24 CLOIHIER,
2789 2359 225 34 KUSABS
3050 2362 74 32 BB
3137 2363 23 31 0
3174 2363 44 36 S.,

2471 2391 70 19 CoMET
2553 2390 66 18 STOItE
2620 2390 4 30 -
2864 2401 116 19 MAMAEXT
2993 2408 26 12 on
3032 2403 112 17 OIIAUPO.

2381 2438 135 42 HORACE
2537 2437 179 41 STEWART,
2812 2431 384 47 m^S^r^y*.

2332 2498 109 18 SADDLE,.
2455 2495 125 22 HARNESS,
2594 2496 54 17 AND
2666 2494 100 20 COLLAR

2502 2524 99 21 MAKER,
2777 2521 2 33 |
2789 2521 33 19 TO
2838 2521 57 19 THE
2910 2522 106 21 PUBLIC
3031 2523 33 20 OF
3082 2523 137 23 EOTORUA.

2331 2559 73 17 Wishes
2413 2559 19 17 to
2445 2558 62 17 notify
2521 2557 31 18 the
2566 2556 68 19 Public
2650 2557 19 16 of
2683 2556 84 18 Rotorua
2777 2556 3 20 I

2332 2582 37 17 and
2391 2580 127 23 surrounding
2539 2580 74 18 district
2631 2580 43 18 that
2690 2579 24 18 he
2734 2579 34 17 hits
2777 2574 3 34 |
2798 2577 8 31 J
2829 2574 56 19 BEG
2895 2575 20 19 to
2924 2575 67 19 thank
3000 2576 35 19 tho
3048 2575 73 20 Public
3132 2576 21 20 of
3160 2576 50 20 Roto-

2332 2603 120 24 commenped
2463 2602 84 19 business
2559 2603 20 17 in
2594 2603 32 17 the
2634 2603 61 17 above
2701 2602 39 18 line
2745 2602 22 17 in
2778 2598 36 21 iJ-
2843 2606 38 13 rua
2901 2600 32 20 for
2948 2601 53 20 their
3008 2602 82 20 favours
3103 2602 74 25 during
3189 2603 33 20 the

2332 2629 33 17 the
2372 2627 90 23 premises
2469 2626 106 23 belonging
2582 2627 21 17 to
2614 2626 23 17 B.
2652 2626 18 18 S.
2689 2625 77 20 Corlett,
2789 2627 47 24 past
2845 2625 70 21 fifteen
2923 2633 66 19 years,
3001 2627 40 19 and
3057 2632 19 14 to
3094 2628 64 25 notify
3179 2629 44 19 that

2332 2652 74 17 Fenton
2417 2650 66 21 Street,
2493 2655 24 12 on
2526 2649 32 18 the
2570 2650 85 21 opposite
2669 2654 66 12 corner
2747 2649 21 17 to
2790 2652 32 19 for
2832 2652 34 19 the
2878 2653 132 20 convenience
3020 2653 22 20 of
3052 2654 99 19 residents
3158 2652 23 22 in
3189 2655 33 18 the

2332 2675 32 17 the
2374 2673 64 19 Grand
2447 2673 65 20 Hotel,
2523 2673 37 17 and
2569 2673 70 18 solicits
2648 2678 11 12 a
2667 2672 37 18 fair
2714 2671 54 17 share
2791 2678 17 19 y
2813 2685 28 12 aw
2852 2678 115 26 Township,
2980 2680 39 19 und
3031 2686 30 13 uiv
3076 2680 58 19 trade
3153 2686 58 18 geuer-

2332 2698 20 18 of
2359 2698 112 22 patronage.
2790 2704 27 18 ~;;
2850 2704 10 19 j_
2871 2704 12 19 h
2933 2706 53 18 built

2356 2721 71 18 Collars
2437 2720 55 17 made
2505 2723 20 13 to
2539 2724 84 13 measure
2638 2724 24 13 on
2678 2720 32 15 the
2724 2723 42 16 pre-
2778 2720 2 24 |

2332 2744 55 17 mises
2397 2750 11 11 a
2417 2742 102 24 speciality.
2817 2739 53 18 New
2878 2739 104 20 Phemises
2990 2746 22 14 in
3020 2740 83 20 Fjejfrox
3111 2740 83 25 Street,

2358 2765 122 24 Lengthened
2490 2765 109 23 experience
2606 2765 20 17 in
2636 2765 25 17 all
2670 2764 67 18 classes
2749 2763 19 18 of
2778 2759 2 35 |
2791 2769 64 19 wuich
2867 2775 51 14 weie
2928 2777 26 17 op
2955 2777 11 11 „
2967 2777 31 12 ne<
2998 2770 7 19 ]
3015 2770 8 20 f
3024 2777 22 12 or
3057 2770 91 20 business
3158 2777 25 13 en

2333 2790 95 18 Saddler's
2436 2789 59 18 work.
2520 2788 32 18 All
2559 2787 65 19 orders
2631 2787 99 24 promptly
2737 2789 43 15 at-1
2887 2803 38 12 <;,,
2926 2805 19 10 n
2951 2805 5 4 .
2960 2805 100 10 TnuvT
3076 2805 42 10 IOT

2554 2894 34 40 M,
2625 2892 118 46 SIMON,

2531 2945 89 25 (Lateof
2629 2945 137 23 Melbourne.)

2540 2994 115 17 Practical
2674 2994 82 16 Tailor.

2791 2841 10 18 I
2820 2841 42 19 will
2881 2848 44 12 now
2945 2842 25 19 be
2989 2842 99 25 prepared
3111 2845 21 15 to
3149 2843 74 25 supply

2932 2873 69 18 Prime
3022 2873 61 18 Meat

2791 2902 21 19 in
2823 2902 50 19 both
2884 2904 50 19 New
2946 2904 39 19 and
2996 2904 38 19 Old
3045 2904 125 25 Townships.

2823 2955 43 22 An
2879 2955 152 30 Inspection
3047 2957 22 22 is
3083 2957 108 23 invited.

3000 2988 102 19 HENRY
3116 2989 80 18 KiElv.

2615 3042 18 2 ~
2641 3036 4 30 :
2647 3038 10 11 °
2660 3036 4 30 :
2666 3041 23 2 ~
2795 3036 35 21 T>
2889 3037 24 22 U
2980 3038 34 28 f\
3034 3038 119 17 ORLE
3172 3039 49 22 TT,

2502 3064 12 10 r
2530 3066 106 23 Clothes
2650 3066 75 22 made
2743 3066 27 21 to
2794 3057 52 21 -*->•
2888 3057 14 23 C
2902 3057 28 23 -

2558 3093 74 22 order
2650 3099 33 15 on
2699 3091 45 23 the
2906 3109 38 14 lB
2953 3110 16 8 „
2979 3110 16 13 n
3006 3110 8 13 ,
3026 3110 62 13 Tl?p
3100 3110 13 13 v

2584 3118 135 23 shortest
2898 3109 221 24 ARCHITECT,

2603 3144 94 23 notice.
2875 3144 93 26 Building
2984 3145 83 25 Survcyi
3077 3152 15 16 r,
3110 3146 34 19 &p.

2794 3181 70 24 Agent
2887 3182 31 19 For
2937 3182 33 19 the
2998 3182 94 19 National
3118 3183 45 20 Ftte
3187 3190 34 13 ate

2886 3207 81 21 Marine
2972 3208 115 20 Jnsurarce
3098 3209 35 20 Co.

2544 3241 22 18 St
2571 3240 28 19 vie
2610 3240 40 19 ar.d
2660 3239 37 20 Fit
2706 3239 36 18 not
2752 3240 20 17 to
2793 3239 78 5 ~~~
2898 3241 16 3 ~

2533 3268 23 17 be
2566 3266 94 26 equalled
2679 3266 19 19 iu
2716 3268 54 15 town
2801 3259 39 22 M
2862 3259 16 19 0
2897 3259 17 18 K
2930 3259 17 19 0
2964 3259 9 19 I
2991 3261 16 18 A

2465 3298 47 25 J=j?'
2533 3303 112 18 Address:
2662 3301 110 20 ArawaSt.
2952 3310 30 11 •_

2385 3428 30 40 3,
2441 3426 38 42 g.
2512 3424 119 49 i>llf
2633 3424 96 50 S#S,

2471 3491 127 23 FRUITER
2603 3494 40 19 BH.

2366 3549 28 18 Nt
2403 3550 21 17 xt
2434 3544 99 21 Saddler's
2547 3546 56 24 shop,
2615 3546 132 19 Ohinemulu.

2344 3580 43 20 Has
2398 3580 74 23 always
2488 3585 9 11 a
2514 3577 51 25 god
2579 3577 73 25 suppl*
2670 3577 20 19 of
2710 3577 63 19 Fresh

2418 3605 63 23 Fiuit,
2493 3604 47 18 both
2556 3603 50 19 local
2615 3604 38 18 and
2666 3610 22 12 tm-

2468 3629 70 27 |iorted
2550 3636 23 11 on
2586 3629 60 22 band.

2511 3656 19 19 A
2540 3662 11 13 r.
2562 3661 38 18 so,

2467 3683 14 18 A
2504 3682 42 19 well
2558 3684 91 18 assorted

2394 3708 57 21 ot.ck
2462 3708 21 19 of
2495 3702 84 28 Biscuit,
2593 3708 98 19 .'..itFeitn
2702 3715 10 11 n-

2341 3743 36 15 ery
2387 3736 38 19 and
2437 3737 91 18 Summer
2542 3734 76 19 Drinks
2631 3737 21 16 nt
2669 3734 105 19 Moderate

2797 3351 244 32 BOABDIHG
3059 3353 167 31 HOUSE.

2798 3409 110 27 Opposite
2924 3411 38 19 the
2978 3412 54 17 Post
3043 3412 45 18 and
3100 3412 126 28 Telecraph

2972 3436 79 20 Office.

2800 3468 41 18 And
2864 3475 47 11 rem-
2932 3468 33 19 tie.
2986 3468 119 20 Celebrated
3130 3469 96 20 PKItiST

2837 3494 74 19 EACH
2920 3494 32 19 HI.
2970 3495 37 19 and
3022 3494 3 23 .
3034 3495 44 18 titer
3091 3495 96 22 BATHS.

2834 3570 109 42 MRS
2987 3573 203 48 YOUNG..

2928 3621 172 19 PI.'OIMtTETMCSS.

2874 3651 94 20 TF.SMs
2987 3650 160 25 MvDEKAiTE.

2851 3709 23 39 L
2900 3710 72 39 AKD
2997 3710 29 42 ft
3055 3710 125 47 BROOK,

2366 3824 146 41 JECKLIH
2546 3823 24 41 &
2603 3823 146 46 COTTER,
2784 3814 3 56 |
2799 3824 15 18 A

2867 3826 20 17 at
2920 3825 78 18 I\-irr.r-tl
3023 3832 17 11 :\<
3050 3826 10 17 d
3092 3826 24 19 N(

2421 3893 112 19 FAMILY
2549 3892 155 24 BUICBEBS,

2396 3943 81 19 Abawa
2500 3943 91 22 Stueet,
2615 3941 107 19 Rotouua.

2370 3991 59 19 Have
2438 3993 22 16 to
2470 3990 64 19 thank
2546 3990 34 19 the
2591 3990 75 18 Public
2681 3989 21 20 of
2713 3989 48 19 Roto-

2345 4024 34 13 rua
2393 4018 34 18 for
2436 4022 44 18 vast
2491 4016 41 24 fay<
2540 4023 35 12 urs
2584 4016 38 18 and
2637 4016 37 22 beg
2685 4019 20 16 to
2722 4018 53 16 state

2344 4043 47 25 they
2405 4043 40 18 will
2462 4043 96 18 continue
2579 4045 19 14 lo
2614 4042 59 19 merit
2691 4043 84 23 support

2344 4070 24 25 by
2381 4068 107 27 providing
2499 4068 33 19 tbe
2543 4068 43 19 best
2596 4068 78 25 quality
2684 4068 22 19 of
2723 4072 50 14 meal

2415 4118 35 19 AT
2465 4117 117 20 LOWEST
2598 4117 105 19 PRICES.

2824 3876 65 21 Larse
2899 3876 38 21 and
2950 3877 67 19 varied
3033 3877 61 20 Stick
3107 3876 21 20 of
3139 3878 21 19 Ei
3169 3878 25 23 fi'l
3203 3878 9 18 ■'
3222 3876 3 25 .

2800 3901 83 25 Foreign
2897 3903 36 18 and
2947 3903 39 17 <VI.
2996 3903 40 19 nial
3048 3904 61 19 Boots
3120 3906 36 16 and
3166 3904 60 19 Shoes

2859 3934 21 10 vi
2892 3928 71 20 choose
2975 3930 49 18 from
3036 3932 22 16 at
3069 3930 33 18 the
3114 3933 49 15 mot<t

2832 3960 214 32 REASONABLE
3068 3962 123 31 PBIGES,

2864 4000 94 21 GREAT
2971 4000 189 22 REDUCTIONS.

2824 4031 92 25 Clearing
2937 4035 36 16 cut
3072 4033 32 19 for
3127 4032 72 25 Spring

2950 4058 123 24 Shipment?.

2798 4089 32 19 All
2847 4089 69 19 orders
2933 4089 39 19 ar.d
2989 4090 74 23 repairs
3080 4089 144 26 expeditiously

2960 4117 101 19 executed.
