3278 4231
2831 130 9 19 A
2860 130 127 19 STRANGE
3001 130 84 20 LIBEL
3100 130 66 20 CASE.

2808 191 17 19 A
2837 191 47 18 li!:i
2895 197 43 13 case
2954 191 21 19 of
2994 198 11 12 a
3015 191 109 19 somewhat
3138 191 80 18 curious

2784 217 100 19 character
2893 217 37 19 Las
2950 217 89 24 recently
3047 217 53 19 been
3114 217 52 19 tried
3184 217 33 18 Li-
3273 217 2 24 |

2785 243 40 19 fore
2842 243 34 18 (lie
2894 242 86 26 English
2994 243 49 19 Law
3067 243 78 19 Courts.
3174 242 43 20 The

2784 268 93 26 plaintiff,
2889 269 44 19 who
2944 275 40 13 was
3001 276 12 12 a
3023 268 73 26 Syrian
3110 269 27 24 by
3154 268 63 25 birth,

2785 302 39 12 was
2835 295 33 19 the
2879 294 110 25 proprietor
3000 295 21 18 of
3038 302 12 11 a
3060 295 54 18 hotel
3125 297 20 16 at
3155 295 62 23 Jaffa,

2785 321 39 18 and
2834 321 14 18 it
2861 327 39 12 was
2910 321 18 17 in
2942 321 73 24 regard
3025 322 21 18 to
3056 321 76 18 certain
3142 320 65 25 allega-

2785 347 52 18 tions
2850 347 59 18 made
2927 347 27 24 by
2973 347 35 18 the
3022 346 110 19 defendant
3156 346 62 19 about

2785 372 34 19 the
2838 372 54 19 hotel
2906 372 20 19 in
2945 373 94 24 question
3053 372 44 19 that
3115 373 35 18 tho
3174 377 33 20 pro-

2786 398 93 26 ceedings
2902 404 50 13 were
2977 399 113 18 instituted.
3132 398 87 19 Counsel

2787 425 30 18 for
2840 424 34 19 tho
2890 424 89 26 plaintiff
2997 424 112 20 undertook
3124 425 20 18 to
3163 424 56 19 show

2787 451 44 18 that
2853 450 34 19 the
2910 450 119 19 defendants
3045 450 84 25 (Messrs
3152 450 67 19 Dalan

2787 477 40 18 and
2850 476 43 26 Co.)
2918 476 40 19 had
2974 476 123 25 wrongfully
3111 476 109 25 published

2787 509 11 12 a
2810 502 60 26 guide
2890 502 57 23 book,
2963 502 88 19 wherein
3065 502 16 19 it
3100 509 40 12 was
3154 502 66 19 stated

2788 528 44 20 that
2841 528 121 19 descendant
2971 535 41 12 was
3025 535 25 12 an
3060 528 62 24 Arab,
3135 528 43 19 that
3188 528 11 18 h
3203 528 4 24 :
3210 534 9 12 s

2789 554 51 20 hotel
2862 561 38 12 was
2923 561 12 12 a
3102 554 55 19 hotel
3180 554 40 19 and

2789 580 43 19 that
2842 581 16 18 it
2869 587 38 12 was
2918 580 102 19 advisable
3031 580 30 18 for
3078 580 104 18 travellers
3200 582 20 16 to

2790 606 112 26 'bargain'
2918 606 48 19 with
2984 606 48 19 him.
3061 606 32 18 An
3107 606 113 24 injunction

2791 639 38 12 was
2841 632 63 19 asked
2922 634 20 17 to
2956 634 85 17 restrain
3056 632 34 18 tho
3105 631 115 20 defenfants

2790 659 49 19 from
2859 658 123 25 publishing,
3003 658 79 25 selling,
3098 664 21 12 or
3134 658 86 24 offering

2790 685 30 19 fjr
2843 685 40 18 sale
2907 685 33 18 the
2954 684 72 19 second
3045 690 22 12 or
3084 690 39 17 any
3140 683 80 19 further

2790 711 74 19 edition
2883 711 21 19 of
2922 710 34 20 the
2974 710 79 24 .alleged
3067 710 94 18 libellous
3175 716 33 18 pro-

2789 737 88 19 duction.
2905 735 19 20 It
2940 743 53 11 came
3004 737 35 17 out
3053 736 20 18 in
3084 742 51 12 cross
3147 735 61 19 exami-

2790 763 68 19 nation
2869 762 43 19 that
2929 761 89 26 plaintiff
3027 762 91 24 strongly
3128 761 93 25 objected

2791 792 19 16 to
2822 789 47 19 each
2879 788 39 19 and
2930 788 28 18 all
2966 788 21 18 of
2997 788 34 18 the
3050 788 95 18 allusions
3160 791 20 15 to
3191 787 30 19 his

2791 815 60 19 hotel.
2879 815 25 17 In
2918 820 77 12 answer
3005 816 19 16 to
3036 813 51 19 Lord
3098 813 87 23 llussell,
3197 813 24 19 he

2791 841 43 19 saiil
2849 841 25 18 he
2892 839 90 26 objected
2997 844 20 14 to
3039 840 61 24 being
3113 839 64 20 called
3196 846 25 11 an

2792 867 60 23 Arab,
2873 866 84 20 because
2980 866 15 18 it
3012 868 68 16 meant
3098 872 26 12 an
3138 867 82 21 outcast,

2792 892 121 24 uncivilised,
2938 892 140 24 semi-savage,
3111 892 111 18 barbarous

2792 926 85 13 man—a
2887 925 46 12 man
2943 918 44 19 who
2998 918 47 18 does
3058 920 35 16 not
3109 917 59 19 know
3179 917 43 19 how

2793 951 18 13 to
2828 951 84 19 manage
2922 951 12 12 a
2952 944 60 22 hotel,
3029 944 40 18 and
3088 943 48 20 lives
3151 944 20 17 in
3190 943 32 19 tin.
3222 943 1 27 l

2792 972 72 19 desert.
2893 970 31 19 He
2944 970 102 19 confessed
3065 970 44 19 that
3124 969 25 18 ho
3163 973 59 16 wrote

2793 998 80 19 Arabic,
2890 997 36 18 but
2940 996 31 19 his
2992 996 77 25 piivato
3084 996 46 18 card
3145 1001 40 14 was
3203 996 19 18 in

2793 1023 92 25 English.
2913 1022 92 19 Plaintiff
3024 1022 101 25 appeared
3138 1024 21 16 to
3173 1022 50 18 have

2793 1050 52 19 been,
2852 1049 21 20 of
2881 1048 91 19 nomadic
2985 1047 122 20 tendencies.
3135 1047 33 19 lie
3185 1048 39 19 had

2793 1078 21 18 at
2825 1082 36 12 one
2871 1076 47 18 time
2928 1074 50 19 been
2992 1080 98 18 manager
3104 1074 21 18 of
3133 1074 35 18 the
3178 1073 46 20 Nilo

2794 1105 102 17 steamers.
2924 1100 34 19 He
2980 1100 40 19 had
3045 1100 42 19 also
3111 1100 50 18 been
3185 1107 26 12 em-

2795 1128 71 26 ployed
2876 1134 20 12 as
2907 1133 12 13 a
2929 1126 60 25 guide
3000 1133 24 11 an
3034 1126 4 28 1
3050 1126 124 25 interpreter,
3186 1127 38 18 and

2796 1156 17 17 in
2831 1154 41 18 that
2897 1153 89 25 capacity
3006 1152 39 18 had
3059 1152 73 19 visited
3146 1153 79 18 various

2795 1183 55 23 parts
2874 1180 19 18 of
2912 1180 33 18 tho
2970 1178 67 25 globe.
3065 1178 34 19 He
3121 1178 41 19 had
3185 1179 40 19 also

2795 1205 140 26 accompanied
2945 1212 11 12 a
2970 1205 48 24 lady
3035 1204 85 19 lecturer
3130 1211 25 12 on
3174 1206 51 20 tour,

2795 1233 28 19 At
2832 1233 40 19 this
2888 1234 56 22 .stage
2964 1237 25 12 an
3004 1231 94 24 amusing
3116 1231 30 18 bit
3161 1231 21 19 of
3191 1231 23 26 by-

2797 1259 45 26 play
2864 1258 45 19 took
2938 1257 62 25 place.
3045 1257 88 18 Witness
3157 1257 59 24 (cross-

2796 1283 114 26 examined)
2921 1291 5 12 :
2941 1283 11 19 I
2968 1283 35 18 did
3022 1284 34 17 not
3071 1289 75 18 appear
3159 1284 22 18 in
3194 1284 32 18 the

2796 1311 74 20 lecture
2894 1317 20 12 as
2930 1316 26 12 an
2977 1308 69 24 Arab;
3061 1309 11 18 1
3091 1310 100 23 appeared
3205 1317 21 12 as

2799 1339 5 17 1
2811 1337 51 20 lavid
2871 1336 78 25 slaying
2958 1335 87 19 Goliath.
3073 1335 54 19 Lord
3134 1335 92 21 llussell:

2799 1364 52 19 Who
2870 1361 126 27 represented
3011 1361 82 19 Goliath
3100 1361 8 19 ?
3221 1361 4 27 :

2796 1390 91 19 Another
2901 1395 46 12 man
2957 1394 25 13 on
2991 1387 35 19 the
3044 1387 103 25 platform.
3175 1388 52 20 Lord

2797 1413 93 25 Kussoll:
2919 1414 37 24 Oh,
2972 1414 88 19 tableaux
3071 1413 88 21 vioanls?
3175 1414 38 20 Wit-

2797 1450 44 12 ness
2851 1440 4 27 :
2871 1442 10 18 I
2891 1441 100 26 appeared
3001 1447 26 12 on
3038 1440 33 19 the
3081 1440 95 26 platform
3187 1447 20 13 as
3217 1448 10 12 a

2797 1471 116 20 contractor,
2934 1467 38 19 and
2988 1467 34 19 the
3039 1466 86 19 lecturer
3138 1467 43 19 told
3194 1467 33 20 the

2797 1495 70 26 people
2877 1494 16 19 if
2903 1494 48 25 they
2960 1493 78 20 wanted
3056 1495 20 17 to
3095 1500 25 18 go
3130 1495 21 18 to
3161 1493 55 20 Pales-

2797 1522 41 19 tine
2857 1521 11 19 I
2886 1520 67 19 would
2971 1520 84 19 conduct
3071 1520 54 19 them
3140 1520 40 19 and
3193 1520 34 20 she

2799 1547 65 20 would
2882 1546 46 26 give
2946 1546 55 19 them
3011 1552 33 20 my
3059 1547 88 19 address.
3175 1546 52 21 Lord

2798 1573 80 21 Eussell
2890 1572 3 22 :
2909 1573 33 20 Ho
2965 1572 46 21 slew
3036 1572 82 20 Goliath
3140 1572 32 20 for
3194 1572 33 21 tho

2798 1600 48 21 sako
2870 1600 20 19 of
2912 1599 33 20 the
2973 1598 155 23 advertisement
3158 1601 19 18 to
3198 1599 29 20 his

2799 1627 91 20 business
2901 1625 3 27 !
2919 1626 42 19 Tho
2977 1626 73 26 upshot
3070 1626 20 19 of
3104 1625 34 21 the
3157 1627 71 20 matter

2800 1661 38 13 was
2862 1653 44 20 that
2928 1652 34 21 tho
2980 1652 47 27 jury
3042 1652 63 20 found
3128 1652 45 21 that
3195 1652 32 21 the

2799 1680 119 26 description
2928 1680 21 19 of
2958 1679 106 28 plaintiff's
3072 1679 93 20 business
3169 1680 58 26 given

2798 1707 22 20 in
2842 1706 125 21 defendant's
2991 1706 53 20 book
3069 1713 38 13 was
3125 1708 34 18 not
3182 1706 34 20 sub-

2799 1734 102 25 stantially
2911 1735 84 22 correct;
3011 1733 44 20 that
3070 1733 15 19 it
3097 1740 38 13 was
3146 1733 70 25 deroga-

2799 1763 42 22 tory
2852 1762 20 17 to
2890 1760 31 19 his
2936 1760 98 23 business,
3054 1759 41 20 and
3109 1760 99 19 therefore
3217 1766 12 13 a

2798 1787 54 19 libel.
2880 1786 41 19 The
2944 1786 86 24 feelings
3053 1786 21 19 of
3093 1786 33 19 the
3149 1786 80 26 injured

2798 1813 100 25 foreigner
2915 1819 49 13 were
2981 1812 79 19 solaced
3076 1812 47 19 with
3137 1812 34 19 the
3181 1819 35 19 pay-

2797 1841 55 17 ment
2862 1840 19 18 of
2892 1839 46 24 £SO,
2956 1839 40 19 and
3014 1838 34 19 tho
3062 1838 92 26 question
3165 1840 21 17 of
3195 1839 32 18 the

2797 1866 112 25 injunction
2938 1872 40 13 was
3011 1865 83 19 ordered
3120 1867 20 17 to
3170 1865 58 20 stand

2798 1898 53 13 over.

2797 1976 40 18 MR
2853 1975 141 20 BEECROFT
3004 1975 59 20 AND
3077 1975 56 19 THE
3148 1975 77 20 BULL.

2823 2028 32 18 An
2865 2028 93 26 amusing
2967 2028 86 20 mistake
3063 2034 41 13 was
3114 2027 58 20 made
3180 2027 27 26 by
3217 2034 10 13 a

2797 2055 117 25 compositor
2937 2061 25 13 on
2985 2054 35 20 the
3044 2054 82 20 Titnaru
3150 2053 77 20 Herald

2795 2080 87 23 recently
2901 2082 20 18 at
2940 2080 33 20 the
2993 2086 86 19 expense
3095 2081 20 18 of
3125 2086 10 13 a
3150 2079 77 21 clerical
3263 2075 8 24 I

2795 2106 120 25 gentleman,
2927 2106 50 20 Eov.
2992 2107 21 19 0.
3024 2107 22 19 E,
3058 2108 99 18 JJeecroft.
3186 2106 41 19 The

2795 2132 60 20 latter
2864 2135 43 17 sent
2917 2139 13 12 a
2936 2132 111 19 somewhat
3055 2132 108 25 indignant
3170 2132 57 19 letter

2795 2160 19 18 to
2825 2165 36 13 our
2871 2159 152 24 contemporary
3034 2159 100 24 referring
3144 2160 20 17 to
3175 2164 52 13 some

2794 2185 102 18 strictures
2919 2185 65 18 which
3003 2184 40 20 had
3065 2185 51 18 boon
3130 2184 59 19 made
3208 2184 19 19 in

2794 2210 76 20 referee
2881 2219 14 5 ■••
2914 2215 19 14 to
2949 2217 23 12 an
2993 2211 82 18 address
3092 2210 105 26 presented
3208 2213 19 16 to

2795 2236 85 20 General
2903 2237 72 19 Booth.
3004 2236 42 19 The
3069 2237 72 19 erratic
3164 2243 61 19 comp.

2793 2262 96 21 leavened
2899 2263 40 19 thi?
2949 2263 49 20 with
3009 2269 11 13 a
3037 2263 40 19 line
3088 2263 20 19 of
3127 2265 39 17 two
3176 2263 51 19 from

2800 2289 4 25 i
2825 2289 82 25 stirring-
2929 2293 84 16 account
3033 2289 21 19 of
3069 2296 11 12 a
3102 2289 45 19 bull
3170 2289 55 25 fight.

2794 2317 41 16 Our
2865 2316 89 18 confrere
2982 2315 191 25 explains:—'The
3196 2322 20 12 ac-

2794 2344 58 16 count
2863 2342 20 17 of
2893 2341 34 20 the
2942 2341 43 19 bull
2996 2341 50 25 fight
3058 2341 87 20 suffered
3156 2341 27 25 by
3192 2342 33 18 the

2794 2368 83 18 absence
2901 2368 20 18 of
2944 2368 34 18 the
3002 2371 39 15 two
3065 2368 50 18 lines
3136 2368 20 18 of
3180 2369 44 23 type

2794 2393 109 20 attributed
2935 2396 21 16 to
2983 2394 33 18 Mr
3043 2393 99 20 Boecroft.
3183 2394 40 19 The

2795 2419 75 20 bottom
2879 2420 21 17 of
2910 2420 34 18 the
2954 2420 80 18 column
3044 2420 37 18 loft
3097 2427 10 11 a
3117 2420 59 19 horse
3187 2420 37 18 and

2795 2446 24 18 its
2837 2446 52 17 rider
2901 2446 18 18 in
2940 2446 34 18 tlie
2993 2446 36 23 air,
3045 2446 65 19 where
3125 2446 34 19 the
3170 2452 43 13 exer-

2794 2472 50 18 tion-,
2855 2472 19 18 of
2884 2478 12 12 a
2905 2472 44 18 hull
2968 2472 21 19 of
2999 2478 49 18 pure
3063 2472 87 24 Spanish
3165 2472 58 18 blood

2795 2498 35 19 had
2842 2498 40 24 just
2896 2498 69 25 placed
2975 2498 62 23 them,
3058 2498 39 19 and
3112 2498 56 19 there
3178 2497 45 26 they

2794 2524 37 18 still
2848 2524 76 18 remain
2942 2524 32 19 for
2992 2524 102 25 anything
3107 2524 66 19 which
3191 2524 32 19 the

2794 2550 66 19 article
2870 2556 21 12 as
2902 2549 109 26 published
3020 2550 28 25 by
3065 2557 22 12 us
3105 2557 46 18 says
3161 2552 21 17 to
3191 2550 32 19 the

2794 2577 95 23 contrary.
2918 2576 42 19 The
2970 2577 41 18 fact
3022 2576 21 23 is,
3060 2577 44 18 that
3114 2576 57 19 those
3183 2577 40 18 who

2795 2602 44 18 wish
2853 2601 50 25 fully
2912 2603 21 17 to
2943 2602 125 19 understand
3078 2603 34 18 the
3123 2602 43 19 bull
3173 2602 50 25 fig-lit

2794 2630 50 16 must
2863 2628 47 19 read
2928 2629 32 18 Mr
2975 2627 109 21 Beecroft's
3103 2629 64 22 letter,
3185 2629 38 17 and

2794 2654 54 19 those
2870 2653 44 21 who
2938 2654 50 19 wish
3002 2657 19 17 to
3046 2655 124 18 understand
3192 2653 31 20 Mr

2797 2679 103 20 Beecroft's
2919 2680 64 24 letter,
3004 2680 39 19 will
3058 2681 25 18 bo
3094 2681 20 18 in
3130 2688 10 10 a
3159 2679 64 21 better

2794 2705 83 26 position
2900 2708 20 16 to
2943 2706 25 19 do
2982 2713 22 12 so
3027 2707 52 18 after
3102 2707 47 23 they
3173 2707 49 18 have

2794 2731 77 20 studied
2880 2732 34 18 the
2924 2732 44 19 bull
2978 2732 210 25 fight.'—Exchange.

2839 2799 160 21 MUNICIPAL
3014 2801 160 20 STATISTICS.

2819 2853 16 17 A
2846 2855 68 16 return
2924 2853 72 25 giving
3011 2853 33 19 the
3055 2853 82 24 income,
3149 2859 60 20 expen-

2794 2878 68 23 diture,
2888 2879 39 18 and
2949 2879 57 19 other
3029 2879 125 25 particulars,
3178 2885 33 14 con-

2794 2904 66 20 nected
2870 2904 48 19 with
2935 2905 34 19 tie
2980 2907 135 23 corporations
3125 2906 21 18 of
3155 2905 53 20 Auck-

2795 2930 49 23 land,
2875 2930 149 26 Christckurch,
3059 2931 93 20 Dunedin
3183 2931 37 20 and

2796 2956 120 26 Wellington
2944 2957 65 20 shows
3041 2958 44 19 that
3107 2958 35 19 the
3174 2957 48 21 total

2795 2984 81 19 incomes
2886 2983 21 18 of
2917 2983 34 19 the
2964 2984 48 19 four
3022 2987 62 16 towns
3093 2991 33 12 are
3136 2983 3 20 :
3155 2984 53 19 Auck-

2794 3009 43 19 land
2862 3009 87 21 £02,5-15
2974 3011 34 18 12s
3025 3010 30 23 Od,
3081 3010 141 20 Christckurck

2795 3036 81 22 £30,251
2889 3036 21 17 2i
2921 3035 31 24 sd,
2973 3036 96 19 Dunedin
3083 3036 88 23 £53,883
3189 3037 31 19 16a

2794 3062 28 24 3d,
2975 3062 89 24 £68,042
3084 3064 21 17 9s
3122 3062 28 19 Id.
3180 3062 40 19 The

2793 3086 128 26 expenditure
2949 3088 59 19 totals
3041 3086 46 26 are:
3116 3088 104 20 Auckland

2797 3113 79 24 061,747
2886 3114 33 17 10s
2929 3114 42 23 lOd,
2982 3111 143 22 Christckurck
3131 3114 87 24 £29,678

2793 3142 20 16 !)s
2834 3138 39 20 Lid,
2898 3138 101 26 Dunedin,
3029 3140 85 24 £60,642
3138 3143 21 15 (is
3180 3140 38 25 lid,

2795 3164 120 26 Wellington
2926 3164 3 32 _
2938 3165 90 25 £98,273
3052 3168 27 17 ss.
3109 3166 76 20 Details
3200 3173 20 12 as

2792 3217 85 21 follows:
2888 3217 112 25 Auckland,
3013 3218 118 26 population
3142 3220 76 25 31,456,

2792 3246 49 17 rates
2860 3244 21 18 2s
2902 3244 49 18 IOAd
2965 3244 20 18 in
3001 3244 34 19 the
3053 3245 74 25 pound,
3152 3245 68 25 public

2792 3269 43 20 debt
2846 3264 113 28 £110,96():
2975 3269 149 25 Gkristcnurck,
3136 3271 71 26 popula-

2792 3296 37 19 tion
2842 3295 75 23 17,5.15,
2933 3298 52 16 rates
2998 3297 20 17 Is
3037 3296 21 19 Id
3069 3297 20 18 in
3107 3297 34 19 ike
3151 3297 67 24 pound

2792 3321 42 20 with
2857 3328 11 11 a
2891 3321 96 25 drainage
3004 3324 42 16 rate
3070 3323 22 18 of
3112 3325 19 16 Is
3145 3323 21 19 iu
3185 3323 33 19 the

2792 3346 68 27 pound,
2872 3347 69 24 public
2948 3347 48 19 debt
3003 3345 90 27 £66,000
3100 3356 5 17 ;
3117 3349 98 24 Dunedin,

2791 3372 112 27 population
2915 3373 77 24 23,787,
3004 3377 53 15 rates
3074 3376 21 18 9s
3106 3375 37 19 8-id
3154 3375 21 19 in
3185 3375 32 19 (ho

2792 3398 68 26 pound,
2881 3399 68 24 public
2967 3399 48 19 debt
3033 3401 114 24 £003,300;
3163 3401 44 19 AVel-

2790 3425 80 24 lington.
2890 3425 118 25 population
3024 3427 76 24 35,063,
3124 3429 54 17 rates
3197 3429 20 17 3s

2790 3450 33 20 2.Vd
2856 3450 21 19 in
2907 3450 33 20 tbe
2966 3453 75 23 pound,
3071 3453 67 25 public
3171 3453 46 19 debt

2792 3476 101 24 £637,324.
2934 3477 43 20 Tko
3009 3481 93 16 amounts
3124 3479 49 21 paid
3197 3479 20 19 in

2811 3502 57 19 laries
2877 3502 21 20 of
2914 3504 68 24 public,
3001 3504 75 20 officors
3086 3511 34 13 are
3130 3512 5 12 :
3150 3504 53 20 Auck-

2789 3528 45 19 land
2867 3529 71 23 £3178,
2972 3530 64 19 Chrisl
3041 3531 73 18 church
3144 3530 71 27 £1584,

2790 3554 90 19 Dunedin
2893 3557 56 23 3150,
2962 3556 124 25 Wellington
3096 3558 75 19 £2825.

1178 65 59 24 The
1250 70 60 20 hot
1324 67 94 23 lakes
1434 69 174 26 chronicle,
1627 67 191 28 WednEsdat,
1842 72 164 20 November
2020 76 33 21 20,
2067 70 56 27 i*gf|,

2781 4079 70 19 Printed
2864 4081 34 17 and
2910 4081 90 22 published
3020 4082 27 16 for
3064 4083 29 16 the
3108 4083 99 22 proprietor,

2803 4105 17 13 ni,
2837 4103 26 16 liia
2884 4102 178 22 registeredpriuting
3068 4104 47 17 oflioo
3130 4104 75 19 Rotoruu

2802 4124 23 20 by
2834 4124 57 16 I'i:::cy
2903 4124 56 16 .7a\h:s
2970 4123 100 22 Hamkond,
3084 4126 16 15 of
3108 4123 31 22 R<'
3179 4132 6 10 >,

2792 4148 160 25 WEDNESDAY,
2962 4149 136 19 NOVEMBER
3106 4152 16 18 2'

339 225 153 42 CWVTTJ

340 262 39 12 )?*»
390 261 15 13 II
419 263 19 10 i<«
447 259 65 13 liiii'

230 299 20 13 to
261 293 61 19 thank
344 291 34 20 the
396 291 69 26 public
483 291 33 18 for

101 312 5 28 j
117 321 17 19 /
164 322 48 23 past
219 320 68 19 favors
294 318 38 20 and
341 319 36 23 beg
385 320 19 16 to
411 323 105 13 announce

85 345 45 21 that
147 347 76 24 having
241 352 10 13 a
259 343 3 28 ■
274 345 55 24 large
347 343 58 20 stock
425 343 21 19 of
465 343 41 19 well-

86 373 95 19 seasoned
203 371 105 20 first-class
326 369 74 19 timber
418 376 25 12 on
461 369 56 19 hand

85 399 49 26 they
144 406 34 12 are
188 397 97 27 prepared
304 402 21 13 to
341 396 54 19 fulfil
412 395 70 20 orders
494 397 21 17 at

86 425 86 19 reduced
183 427 59 16 rates.

85 490 41 27 T
171 490 41 27 IVS
268 490 34 27 |_|
458 481 60 24 8.A.,

100 541 164 22 BABRISTER
277 541 61 20 AND
349 539 156 24 SOLIOITOB,

101 576 44 23 118,
157 575 109 19 VICTOBIA
277 574 92 22 AIiCADE,
382 572 124 20 AUCKLAND.

275 609 57 18 Also

89 639 102 21 Barrister
202 639 38 19 and
251 638 92 20 Solicitor
353 637 22 19 of
381 637 138 25 the.Supreme

166 666 71 23 Court,
248 665 91 21 Ontario,
351 663 87 19 Canada.

92 735 272 47 PHOENIX
386 734 133 44 FIRE

88 896 83 22 Losses
195 896 63 20 Paid.

373 893 147 23 .£20,000,000

88 949 56 21 Fibe
151 949 108 20 Pbemium
268 947 98 20 Exceeds
410 947 69 22 I,s'l'li
496 947 24 17 00

87 1001 164 21 Accumulated
298 998 69 19 Fund'

87 1028 90 19 Exceed
409 1024 111 20 £IOOOOOO

88 1079 25 23 W.
130 1080 58 21 WARD
198 1077 65 23 BAKER
308 1074 38 25 IW.
363 1077 16 20 A.
394 1076 101 24 WILLIAMS

124 1105 71 22 District
210 1103 66 26 Manger
358 1102 48 21 Local
419 1101 52 25 llgent

175 1128 103 22 Aiwklaand.
400 1127 78 23 Rotorua,

89 1196 165 42 ROTORUA
273 1194 165 43 SAWMILL
465 1192 51 40 CO,

158 1290 70 20 HITE
238 1290 60 19 AND
308 1288 56 21 BED
374 1286 69 20 PINE
453 1286 21 19 of
487 1285 33 20 the

193 1317 57 19 finest
270 1315 78 26 quality
367 1314 39 19 and
423 1311 97 26 carefully

89 1401 90 24 Matai,
209 1401 126 24 Pukatea,
368 1397 50 23 and
443 1397 77 21 Tawa

117 1428 133 27 Shingles,
263 1426 115 25 Palings,
395 1424 97 21 Blocks

229 1453 50 23 and
303 1453 81 21 Posts.

113 1498 19 21 A
147 1498 53 28 good
210 1497 39 21 and
260 1495 86 22 assorted
362 1494 73 28 supply
445 1493 75 28 always

89 1532 26 16 On
124 1526 56 21 band
190 1528 21 17 at
223 1524 33 20 the
266 1524 81 20 Timber

233 1554 137 24 ROTORUA.

88 1606 159 30 N.B>—Special
258 1613 44 14 euro
312 1604 60 23 taken
390 1604 20 20 in
426 1602 35 22 the
477 1610 42 15 sea-

101 1683 99 24 PRIOES
216 1681 34 23 AT
265 1679 131 24 CURRENT
411 1678 62 22 RAT]

138 1737 34 28 to:
186 1737 152 28 iIENSHAW,
361 1740 111 21 Manager.

563 127 40 41 W.
623 127 30 40 H,
678 126 23 41 &
725 126 31 41 H.
776 126 28 42 0.
828 126 107 50 Wrip,

609 180 137 21 SUEGEON
757 180 144 20 DENTISTS.

586 233 115 25 (Successor
712 235 21 17 to
746 239 25 12 .».
786 233 19 20 L.
817 232 101 25 Wright),

576 286 74 25 Notify
661 286 45 19 that
733 286 48 24 they
796 292 34 13 are
849 283 119 25 coutiauiDg

537 313 33 19 the
586 313 97 19 Business
706 313 21 18 at
737 312 34 19 the
787 312 103 20 Premises,
901 312 35 22 top
947 310 22 18 of

537 339 188 19 Shortlaud-street.
744 338 43 19 The
797 336 108 26 high-clas3
915 335 52 19 work

536 365 21 20 of
569 365 34 19 the
613 366 41 19 late
664 366 35 18 Mr
709 365 26 18 A.
745 365 24 18 L.
781 364 84 24 Wright
885 362 40 19 will
944 362 24 19 be

537 392 86 19 adhered
634 393 27 23 to,
670 392 38 18 aud
720 397 38 17 any
769 390 39 19 left
818 388 115 20 unfinished
942 388 25 25 by

537 418 44 19 that
593 418 113 25 gentleman
719 416 39 19 will
778 417 24 18 be
819 414 111 26 completed
943 414 24 25 by

630 445 33 18 the
673 451 43 12 new
727 444 148 23 management.

537 471 114 25 Telephone
661 471 45 18 057.

588 514 164 34 Rotorua
767 511 160 42 Library.

539 588 113 46 OPEN
667 588 53 19 from
731 588 24 18 10
768 594 45 13 a.m.
823 588 21 18 to
854 587 11 19 5
873 592 45 20 p.m.
930 585 38 20 aud

598 616 46 18 G.aO
653 617 19 16 to
683 615 24 18 10
716 621 14 18 p.
738 620 23 13 m.
774 613 93 24 Sundays
876 612 32 19 till
916 613 53 24 9p.m

539 646 192 21 Subscription:
740 645 52 18 £Os
806 649 48 18 per
867 647 100 15 milium

563 676 87 22 Visitors
672 683 42 17 may
734 682 85 20 procure
835 675 68 19 Books
918 674 51 20 from

539 704 33 18 the
590 704 85 24 Library
692 710 25 12 on
736 702 81 26 making
835 709 12 13 a
859 702 80 24 deposit,
950 701 20 20 of

539 731 36 18 not
590 729 40 19 less
649 729 47 19 than
715 736 28 14 as,
762 729 40 19 and
818 728 120 26 purchasing
948 729 22 18 Is

539 763 78 18 coupon
629 756 30 19 for
670 762 60 19 every
742 755 55 19 Four
807 755 71 19 books.

563 783 42 19 The
624 783 86 25 Library
730 782 17 19 is
771 789 52 19 open
847 781 71 25 during
936 781 34 19 the

561 863 44 39 M
612 861 16 16 R
652 860 50 38 W
736 860 40 38 J.
802 860 38 37 N
844 859 73 16 APIER
918 859 4 43 '

589 908 150 18 BARRISTER
751 908 17 16 &
777 906 126 18 SOLlClTOß-

556 937 129 18 omuiissioner
693 937 21 17 of
722 936 31 18 the
771 935 89 24 Supreme
877 935 58 17 Court
950 934 20 17 of

539 983 87 18 Solicitor
638 984 19 16 to
666 983 31 17 the
706 983 24 16 N.
741 982 20 17 '/,.
772 982 127 18 (Government
913 980 57 19 under

645 1006 96 18 Advances
750 1008 19 15 to
779 1005 75 18 Settlers

644 1042 90 22 AiiCAMi:,
742 1041 29 19 Qi;

847 1055 10 7 ~
866 1040 103 18 Auckland

539 1102 35 17 low
584 1103 48 16 rates
638 1102 19 17 of
661 1102 83 17 interest.
770 1102 71 21 Money
850 1101 84 16 invested
941 1100 29 17 for

539 1126 68 16 (clients
616 1125 38 17 free
663 1124 20 18 of
693 1124 74 23 charge.

563 1177 381 47 W.Blcmfleld&Co.,

539 1236 207 20 TOTALISATOR
767 1236 188 26 PP.OPR.ITORS.

564 1268 41 19 Are
611 1267 99 26 prepared
719 1270 20 16 to
753 1267 56 19 make
817 1269 152 22 arrangements

539 1300 24 12 on
583 1293 118 21 favourable
720 1295 64 18 terms
807 1293 33 20 for
855 1293 35 19 the
901 1299 37 14 use
949 1293 21 19 of

539 1320 52 20 their
602 1328 40 12 mac
645 1321 63 19 bines.

711 1347 101 20 Address

539 1378 44 41 W,
621 1376 186 39 Blomfleld
843 1376 36 38 &
915 1376 54 41 Go,

606 1433 105 36 QUEEN
773 1432 130 35 STREET,

661 1480 177 29 >UCKbAND.

544 1543 59 21 V*T
652 1544 33 20 r>
731 1543 64 21 TT7
812 1542 157 22 AIKEB,

578 1608 92 21 STOCK
681 1606 14 23 &
707 1606 221 26 SIIAKEBUOKEB,

539 1646 63 23 IiAKD,
616 1648 5 14 I
630 1645 63 17 SiTi'lE
703 1646 40 16 AND
754 1641 130 21 COJIJIISstOK
892 1645 75 21 AOENT,

539 1675 38 21 No.
588 1676 31 24 82,
632 1673 150 28 Queen-Street
793 1674 87 26 (Arcade
900 1674 56 23 Build-

722 1700 62 27 ings,)

691 1738 127 19 AtJCKLAND.

1016 1879 73 19 Under
1105 1879 36 19 tho
1157 1878 151 27 distinguished
1324 1879 117 27 Patronage
1458 1880 20 19 of
1493 1880 32 19 his
1535 1879 121 26 Excellency
1666 1879 35 21 the
1712 1880 107 20 Governor
1829 1880 36 20 the

1349 1906 50 20 Earl
1413 1907 22 19 of
1444 1907 87 19 Onslow.

1231 2063 37 26 x
1283 2063 39 27 e
1378 2064 148 29 KRO
1545 2064 109 28 HH.

1062 2123 53 24 The
1129 2123 59 24 best
1212 2122 129 30 Situated,
1364 2124 46 24 the
1422 2124 69 23 most
1505 2122 184 31 Comfortable,
1704 2124 45 24 the
1762 2123 59 25 best

1230 2157 139 31 appointed
1382 2157 80 24 Hotel
1472 2155 28 26 in
1512 2157 35 24 To
1564 2157 96 24 Arolia.

1029 2194 111 32 Adjoins
1166 2194 73 33 (with
1262 2194 105 25 Private
1393 2194 141 32 Entrance)
1561 2195 45 25 the
1637 2195 124 25 Thermal
1783 2194 99 33 Spring.

997 2228 120 32 Domain,
1129 2228 96 25 Tennis
1238 2227 81 26 Court
1329 2228 29 25 in
1370 2228 119 25 Domain.

1183 2315 93 24 Teiuis
1278 2317 62 22 —6s
1358 2322 45 25 per
1422 2314 57 33 day,
1499 2316 45 22 30s
1561 2322 46 24 per
1620 2313 82 32 week.

997 2383 48 38 w.
1074 2383 40 39 a
1143 2383 160 47 KkNock,,

1662 2381 213 36 PpoDrietop

1022 2468 42 20 Tbe
1082 2468 60 20 haths
1162 2468 39 20 and
1221 2468 96 23 drinking
1337 2471 64 16 water
1420 2473 34 14 are
1469 2467 109 25 especially
1597 2467 115 20 ellicacious
1733 2467 20 19 in
1776 2467 58 19 Gout
1850 2472 32 12 anc

995 2494 124 21 Bheumatic
1130 2494 114 24 affections,
1254 2494 89 20 Chronic
1353 2493 121 26 Dyspepsia,
1485 2494 108 19 Disorders
1612 2494 21 19 of
1644 2494 35 20 the
1689 2494 91 25 Urinery
1803 2493 79 25 Organs

996 2522 105 19 Cutanous
1111 2522 101 23 Diseases,
1228 2521 79 26 Splenic
1319 2521 40 19 and
1376 2520 87 27 Hepahc
1477 2521 116 23 Disorder?,
1611 2521 95 19 Diseases
1721 2521 38 19 due
1776 2522 21 17 to
1814 2519 68 19 Exeess

999 2548 87 26 Acidity,
1096 2548 119 26 Neuralgia,
1226 2548 95 20 Sciatica.

1101 2616 75 20 Public
1190 2615 49 20 Hall
1251 2615 37 20 aud
1301 2615 80 26 Sample
1392 2615 78 20 Booms
1486 2615 110 20 connected
1612 2615 44 20 ,vith
1667 2615 34 20 tho
1712 2614 71 25 Hotel,

999 2783 456 59 GEYSER
1476 2780 385 61 HOUSE

1042 2858 329 47 Hydropathic
1402 2856 153 42 Hotel,
1575 2856 257 39 Wairakei.

1191 2903 37 21 Six
1237 2904 58 18 miles
1305 2905 53 18 from
1367 2903 57 19 Lake
1434 2903 70 25 Taupo
1515 2903 100 25 (Hotorua
1625 2903 59 25 side).

1121 2936 217 32 SUPERIOR
1370 2935 387 31 ACCOMMODATION

1188 2975 54 20 ALL
1252 2975 56 20 THE
1319 2973 144 23 COMFORTS
1475 2974 34 19 OF
1520 2974 16 19 A
1547 2973 81 21 HOME
1638 2973 55 20 FOR

1227 3036 155 27 Tourists
1401 3034 69 28 and
1500 3033 164 28 Invalids.

994 3123 69 27 Hot
1083 3121 205 29 Swimmine
1301 3119 121 33 Baths,
1437 3117 195 28 Kiri-o-Kai
1648 3124 38 20 or
1700 3117 84 26 New
1798 3115 84 27 Skin

1046 3156 100 32 Bath,
1166 3156 72 26 Hot
1256 3153 141 28 Douche
1419 3152 117 32 Baths,
1552 3151 118 27 Grand
1685 3149 152 30 Climate.

1094 3193 315 32 Elevation—l,3so
1419 3192 69 26 feet
1502 3192 107 26 above
1623 3197 59 21 sea
1695 3189 95 27 level.

992 3273 257 29 COMPETENT
1267 3270 161 29 G-UIDES
1439 3278 155 24 accompany
1606 3268 108 25 tourists
1724 3269 26 22 to
1760 3267 44 24 the
1816 3266 53 25 vari-

1091 3317 46 15 ous
1150 3308 84 32 places
1248 3306 26 25 of
1285 3306 117 30 interest,
1416 3304 87 26 which
1511 3303 75 26 baffle
1599 3303 46 24 the
1657 3303 67 23 most
1735 3300 78 25 facile
1822 3308 59 24 pen,

1091 3341 50 24 and
1154 3349 47 16 can
1213 3340 61 32 only
1284 3340 33 23 he
1329 3338 109 25 realized
1451 3338 77 24 when
1546 3345 67 16 seen.

1330 3389 22 7 —
1639 3385 20 5 '—

992 3439 195 26 GEYSER
1201 3439 193 24 VALLEY
1405 3437 94 22 contains
1505 3437 37 20 tbe
1548 3435 110 26 following
1665 3432 124 28 unequalled
1798 3432 83 20 Natura

1071 3467 93 18 wonders
1173 3471 32 11 :
1206 3465 122 24 Tuhuatahi,
1350 3472 21 13 or
1392 3466 65 20 Great
1477 3465 132 23 Champagne
1629 3461 105 20 Cauldron
1743 3467 5 17 ;
1763 3459 34 19 the
1816 3458 65 20 G-roat

1070 3492 104 20 Wairakei
1184 3492 77 25 Geyser
1270 3484 4 33 ;
1282 3491 35 20 the
1328 3492 88 20 Donkev
1427 3491 80 25 Engine
1517 3484 4 33 ;
1532 3490 35 19 the
1578 3488 84 20 Fairies'
1671 3486 53 21 Bath
1735 3484 3 33 ;
1750 3486 35 19 the
1796 3484 72 25 Lightn-

1071 3518 37 26 ing
1120 3511 61 33 Pool;
1193 3518 35 19 the
1238 3519 49 19 Case
1301 3519 25 18 de
1338 3519 84 25 Geyser,
1437 3524 22 13 or
1471 3516 102 26 Dragon's
1585 3515 70 20 mouth
1666 3511 4 33 ;
1681 3514 35 19 the
1725 3512 59 20 hlaek
1796 3511 84 25 Geyser;

1071 3545 33 20 the
1114 3545 50 19 Mud
1176 3545 91 24 Geyser;
1285 3544 34 20 the
1329 3544 53 21 Blue
1392 3544 56 20 Lake
1457 3553 5 17 ;
1471 3544 35 19 the
1526 3542 34 21 Oil
1571 3541 52 21 Bath
1633 3538 4 32 ;
1656 3541 35 18 tho
1714 3538 80 26 Eagle's
1815 3538 66 23 Nest;

1072 3572 34 19 the
1118 3571 76 20 Devil's
1207 3571 68 20 Punch
1287 3571 55 20 Bowl
1354 3564 3 31 ;
1368 3571 35 20 the
1415 3571 71 19 Prince
1502 3570 19 19 oi
1522 3564 1 31 :
1533 3568 76 21 Wales'
1620 3564 112 31 Feathers;
1740 3567 34 17 tho
1791 3564 89 23 Mirror;

1072 3598 32 20 the
1114 3598 55 20 Twin
1180 3598 77 26 Gcyßer
1268 3591 4 33 ;
1282 3597 35 20 the
1328 3598 60 19 Coral
1400 3598 77 24 Geyser
1488 3591 4 33 ;
1505 3596 34 20 the
1549 3596 67 19 Green
1632 3593 62 24 Pool';
1713 3591 133 24 Terekerehe,
1858 3598 22 12 or

1070 3625 49 19 Hell
1131 3625 78 24 Geyser
1217 3617 4 32 ;
1232 3624 35 19 the
1277 3624 70 20 Sieam
1358 3624 102 20 Rammer.
1490 3622 85 20 Guide's
1585 3622 33 19 fee
1628 3622 22 18 to
1661 3620 79 24 Geyser
1763 3617 76 24 Valley,
1851 3619 28 23 Cs;

1070 3651 93 20 distance
1173 3651 52 19 from
1235 3650 35 19 the
1279 3650 62 24 hotel,
1352 3658 37 12 ond
1401 3650 45 20 mile

992 3705 96 25 THE
1109 3703 337 26 AREATEATEA
1478 3709 23 13 or
1511 3700 81 21 Ladder
1601 3699 85 27 Kapidß.
1714 3698 43 20 The
1775 3697 103 21 Grandest

1061 3731 87 25 .Bapids
1159 3731 21 18 in
1190 3730 36 19 tho
1236 3729 102 20 Southern
1350 3729 137 25 Hemisphere
1496 3724 4 32 ;
1510 3727 73 25 falling
1594 3727 21 20 in
1635 3726 30 20 six
1682 3725 87 19 distinct
1786 3724 91 20 cascades

1070 3759 94 23 amongst
1181 3756 60 20 weird
1253 3756 40 19 and
1303 3756 76 24 rugged
1395 3761 89 19 scenery.
1513 3754 97 20 Distance
1620 3753 53 19 from
1684 3752 37 19 the
1739 3751 64 24 hotel,
1822 3751 55 20 three

1070 3784 64 19 miles.
1162 3782 75 20 Saddle
1247 3782 70 20 horses
1331 3785 23 16 to
1364 3782 46 19 visit
1422 3782 33 18 (he
1463 3781 83 25 Bapids,
1557 3780 22 20 7a
1590 3780 26 18 (>d
1625 3778 56 21 each.

990 3831 222 25 KERAPITI
1235 3837 27 14 *r
1272 3831 35 19 the
1318 3830 77 20 Devil's
1405 3830 98 23 Trumpet
1514 3829 16 19 is
1547 3828 42 20 said
1610 3830 20 16 to
1652 3827 50 19 emit
1721 3832 12 14 a
1754 3831 92 20 pressure
1856 3824 21 20 of

1068 3858 70 19 ISOlbs
1150 3858 21 18 of
1186 3860 63 16 steam
1261 3858 19 18 to
1292 3857 34 19 the
1333 3856 54 23 inch,
1401 3856 53 19 from
1465 3862 25 12 an
1506 3857 96 22 aperture
1613 3853 21 20 of
1653 3854 64 18 about
1736 3853 25 18 12
1777 3852 69 19 inches
1855 3851 19 19 in

1068 3884 104 19 diameter.
1199 3883 99 20 Distance
1310 3883 52 19 from
1374 3882 55 20 hotel
1437 3881 58 20 three
1505 3883 38 17 and
1557 3888 11 12 a
1578 3880 42 20 half
1630 3879 57 20 miles
1695 3888 5 15 ;
1721 3879 69 19 saddle
1807 3878 68 19 horses

1068 3912 21 18 to
1101 3911 47 19 vißit
1158 3910 34 20 the
1202 3911 68 22 above,
1282 3909 56 20 2bOd
1349 3909 55 19 each.

1400 3941 53 14 ALSO

992 3963 95 25 THE
1107 3962 132 25 HUKA
1258 3961 155 24 FALLS
1446 3960 35 20 the
1489 3959 113 27 [[Grandest
1613 3958 57 20 Falls
1679 3959 21 19 in
1720 3958 34 19 the
1775 3956 98 21 Southern

1067 3994 141 24 Hemisphere.
1236 3993 41 19 Tbe
1289 3992 54 20 Falls
1354 3999 44 19 may
1413 3992 24 20 be
1448 3991 71 20 visited
1528 3997 24 13 on
1562 3990 35 19 the
1607 3996 53 13 sainc
1667 3989 116 25 expedition
1797 3995 21 13 as
1840 3987 34 19 the

1067 4020 78 19 Dovil's
1152 4020 103 25 Trumpet.
1283 4017 161 22 Distancqironi
1454 4017 54 20 hotel
1519 4016 59 20 three
1586 4015 37 21 and
1637 4023 11 12 a
1658 4016 44 20 half
1712 4015 62 20 miles.
1800 4013 73 20 Saddle

1068 4046 59 19 horse
1145 4053 21 12 or
1176 4046 68 25 buggy
1258 4045 49 20 2t9d
1318 4045 55 19 each.

1122 4085 87 27 MRS
1223 4085 37 27 E.
1278 4083 196 32 GRAHAM,
1495 4082 240 33 Proprietress.

166 1838 145 62 Pure
363 1839 256 60 Jiepated
656 1838 231 65 Waters,

236 1972 42 20 Onb
293 1972 21 19 of
329 1972 34 19 tliu
372 1970 115 21 hecbfeaities
502 1970 21 20 di
534 1970 33 19 the
578 1969 78 25 coming
667 1969 74 19 Season
753 1965 39 23 will
802 1966 26 19 Ijo

89 2016 29 34 A
144 2017 128 33 fcIOOL
295 2022 105 26 AND
424 2019 352 28 REFRESHING
807 2015 167 29 DRINK

116 2064 139 22 TTritinctured
266 2064 24 21 by
301 2071 37 15 any
354 2062 128 22 IVloterious
494 2061 100 22 Chemical
604 2061 126 25 Compound.
770 2060 19 19 A
799 2059 60 20 drink
871 2062 20 17 at
900 2065 49 13 once

247 2097 245 33 Exhilarating
511 2097 68 26 and
600 2095 214 31 Refreshing,

91 2141 40 22 iind
141 2135 66 27 which,
216 2140 42 22 will
266 2146 61 21 prove
337 2147 12 13 a
357 2139 118 27 preventive
485 2140 20 19 of
523 2137 108 28 Dyspepsia
652 2138 40 18 and
709 2136 26 21 all
755 2136 90 20 Internal
865 2135 109 21 Disorders.

116 2190 88 24 Aerated
215 2193 80 20 Waters
306 2188 40 25 and
353 2191 97 26 Cordials,
462 2192 122 26 comprising
596 2191 32 19 tlio
640 2191 71 19 Purest
728 2189 120 25 Lemonade,
870 2189 34 20 tlio
923 2189 51 19 Most

91 2215 103 26 belioibus
205 2219 76 27 Ginger
290 2220 44 24 Ale;
345 2218 164 27 Higly-charged
520 2218 53 20 Soda
582 2217 78 25 Water,

90 2314 11 12 a
111 2314 44 12 new
170 2306 131 24 Enervating-,
316 2305 148 20 non-alcoholic
478 2304 111 26 ]3everage;
604 2303 57 20 Lime
676 2302 58 19 Juice
751 2302 86 24 Cordial,
853 2300 121 28 Raspberry,

209 2333 17 24 itj
238 2332 76 23 Cloves,
327 2332 49 18 Pino
386 2331 73 25 Apple,
471 2331 38 18 and
520 2330 74 19 Lemon
610 2329 77 25 Syrups
703 2328 39 19 and
758 2328 134 26 Sarsaparilla
908 2334 33 13 are
952 2327 22 20 all

351 2357 153 20 manufactured
520 2363 25 12 on
560 2356 35 19 the
608 2356 102 26 premises.

283 2410 113 20 Lemonade
407 2410 40 19 and
457 2409 77 27 Ginger
544 2409 43 24 Ale,
598 2410 70 24 quarts
678 2408 38 19 and
726 2408 60 25 pints.

208 2684 135 25 Overlooking
353 2684 34 19 the
401 2685 35 19 Pa.
447 2684 83 25 Poiling
541 2684 83 25 Springs
640 2683 40 19 and
694 2683 91 19 Kotorua
795 2683 62 19 Lake.

170 2775 141 30 TEEMS
327 2777 106 27 :—3os
446 2784 61 26 per
520 2776 105 33 week,
642 2783 38 20 or
699 2776 36 26 5s
750 2782 63 26 per
827 2775 75 33 day.

91 2833 134 34 Special
245 2832 271 33 Arrangements
541 2831 53 27 for
616 2839 20 19 a
657 2830 210 33 lengthened
893 2831 65 27 resi-

351 2867 104 25 dence
476 2866 69 26 and
562 2864 153 28 iamilies.

351 2932 171 23 CUISINE.—A
541 2932 170 21 SPECIALITY.

141 2983 122 20 References
280 2981 126 27 throughout
424 2980 51 21 New
490 2981 89 20 Zealand
590 2982 39 19 and
646 2982 34 19 the
694 2981 118 20 Australian
831 2981 91 20 Colonies

401 3008 53 20 from
464 3008 93 26 previous
572 3006 85 22 Visitors

89 3056 32 20 No
132 3058 54 18 touts
201 3057 104 26 employed
316 3059 19 17 at
351 3056 107 20 Auckland
472 3062 23 14 or
516 3055 91 21 Rotorua
621 3054 92 27 Railway
729 3054 88 21 Stations
831 3061 22 15 or
868 3055 104 21 Steamers.

323 3102 33 22 No
370 3107 33 17 ten
419 3111 38 19 per
470 3106 45 17 cent
529 3103 93 26 Coupons
638 3103 99 26 accepted.

121 3164 114 22 TJOTTT,
248 3165 64 22 —A;

397 3163 173 27 Seddon'S.
585 3164 47 22 and
645 3171 42 16 see
695 3170 46 18 vou
756 3171 40 15 arc
810 3164 21 23 le

113 3422 268 66 WHERE
429 3423 85 65 TO
576 3423 376 66 PURCHASE

474 3518 117 26 FROM

90 3683 162 46 Lamps
539 3685 155 35 Cruets

323 3731 193 36 Brushes
801 3731 165 36 Knives

90 3777 178 35 Trunks
540 3777 165 46 Spoons

378 3824 139 35 Lochs
828 3823 140 36 Forhs

89 3870 163 36 Eazors
541 3871 138 44 Trays

332 3915 186 45 Teapots
794 3916 173 35 Churns

193 3967 73 33 LAWN
288 3967 122 35 MOWERS,
435 3967 76 35 HOES,
528 3968 91 36 RAKES,
642 3967 112 37 SPADES,
777 3967 91 37 FORKS,

138 4010 60 36 At
259 4008 157 45 Gretly
497 4010 204 35 Reduced
764 4010 157 35 Prices.

215 4092 82 47 <£c
339 4091 80 46 J~_
459 4090 515 63 DICKEY,,

142 4148 87 30 ('Fourth
238 4148 51 30 ehop
298 4150 52 22 from
357 4146 192 29 Welleeley-Street,
614 4157 49 21 304
680 4153 15 19 &
711 4151 49 27 306
770 4151 90 27 QUEEN
871 4151 41 23 ST.

987 318 57 26 HIGH
1063 318 34 26 ST.
1118 318 39 26 and
1176 318 110 29 VICTORIA
1307 319 34 27 ST.
1364 318 64 31 EAST,

1012 426 43 19 The
1070 426 65 21 above
1152 426 109 20 Favourite
1275 427 40 19 and
1326 427 90 20 Commod-

987 452 43 19 ious
1063 452 64 19 Hotel
1158 453 76 20 affords
1265 453 166 19 EXCELLENT

987 478 242 21 ACCOMMODATION
1242 480 32 18 for
1289 479 141 23 TOURISTS,

987 504 182 21 TRAVELLERS
1199 506 15 19 &
1242 505 129 20 VISITORS
1387 504 45 21 who

987 530 41 19 will
1037 530 77 19 receive
1124 537 61 19 every
1200 530 90 21 Comfort
1307 532 40 18 and
1362 531 57 19 Atten-

987 556 48 19 tion.

1014 655 105 21 Excellent
1143 657 88 20 Cuisine.
1272 657 97 25 Spacious
1394 655 40 20 and

992 689 180 22 Well-Ventilated
1190 692 116 19 Bedrooms.

988 725 66 19 Room
1063 725 50 20 with
1123 728 39 17 two
1173 725 103 20 first-class
1290 725 72 19 tables.
1390 725 44 18 Hot

991 824 15 18 &
1016 823 51 20 Cold
1081 824 80 25 Plunge
1171 824 15 19 &
1198 823 82 20 Shower
1289 824 72 19 Baths.

988 849 77 24 Wines,
1096 850 72 25 Spirits
1185 850 40 19 and
1239 850 49 19 Ales
1306 851 22 18 of
1345 851 35 18 tko
1389 850 45 21 Lost

1140 876 80 19 Brands
1228 876 53 25 only.

1542 273 39 33 Hi

1579 362 43 28 &i

1610 516 27 20 m

1553 810 80 36 m&

2533 883 112 33 jrictor

1122 972 639 59 WAIWERA

2252 981 387 76 ORIUM,

990 1184 87 33 Only
1105 1186 43 26 30
1181 1186 100 27 miles
1314 1186 112 27 North
1458 1186 36 27 of
1519 1186 193 32 Auckland,
1744 1185 88 27 with
1859 1185 97 34 daily
1987 1190 292 31 communication
2309 1196 86 26 with
2425 1196 110 27 Coach
2565 1205 39 20 or
2624 1198 134 28 steamo

1317 1227 56 21 See
1387 1228 167 21 advertised
1564 1228 84 21 Time
1663 1228 79 20 table
1753 1227 30 21 of
1793 1233 44 15 s.s.
1853 1228 77 21 Rose
1942 1228 97 28 Casey
2051 1230 57 20 and
2127 1231 125 24 Butler's
2264 1236 23 20 R
2309 1237 28 20 M
2365 1237 99 21 Coach

990 1263 103 23 WHE
1118 1263 118 24 ABOVE
1251 1263 298 24 ESTABLISHMENT
1559 1263 138 25 STANDS
1713 1263 231 24 UNRIVALLED
1957 1273 27 16 as
2003 1273 13 16 a
2028 1265 91 25 Health
2130 1275 26 15 or
2169 1268 108 31 pleasure
2290 1273 97 28 Resort,
2402 1274 47 23 and
2463 1273 42 24 has
2518 1275 85 26 special
2625 1275 152 26 advantages

1002 1290 23 33 %
1075 1297 37 23 for
1126 1296 76 24 either
1227 1297 111 24 Tourists
1355 1306 26 15 or
1395 1297 117 28 Invalids,

1354 1397 173 28 Beautiful
1547 1397 156 33 Scenery,
1724 1397 241 34 Sea-Bathing,
1985 1398 158 36 Boating,
2163 1402 141 35 Fishing
2326 1405 47 27 &c

1542 1431 125 27 fiusine
1681 1431 68 27 and
1764 1430 207 30 attendance
1990 1431 37 28 of
2047 1433 60 27 the
2129 1435 83 31 best.
2307 1430 4 36 '

990 1470 92 25 Famed
1094 1470 38 25 for
1145 1471 29 24 its
1188 1472 108 24 curative
1309 1472 95 24 natural
1417 1472 104 25 medical
1536 1473 52 25 Hot
1600 1474 102 33 Springs
1715 1474 50 24 and
1778 1474 82 25 Baths.
1896 1474 36 24 As
1945 1474 42 24 the
2002 1474 101 34 Springs
2116 1477 47 24 and
2178 1477 72 25 Baths
2263 1488 41 15 are
2313 1480 41 24 the
2367 1486 115 26 property
2495 1481 24 23 of
2532 1481 36 25 the
2583 1482 82 28 Hotel,
2680 1481 86 25 visitor
2768 1479 10 17 s

1020 1512 41 17 are
1072 1504 112 34 supplied
1194 1505 57 26 with
1261 1505 105 31 Towels,
1378 1507 49 24 and
1439 1516 44 15 can
1492 1507 57 24 take
1558 1516 30 15 an
1601 1507 128 25 unlimited
1742 1509 102 24 number
1857 1508 26 25 of
1895 1507 74 25 Baths
1982 1513 25 19 at
2018 1517 47 21 any
2077 1509 60 25 time
2150 1510 25 25 of
2184 1511 40 24 the
2237 1512 47 32 clay
2298 1514 77 27 FREE
2387 1514 64 24 from
2465 1521 46 24 any
2518 1514 84 31 charge
2614 1516 123 24 whatever

1175 1547 224 41 TARIFF
1418 1549 120 40 PER
1552 1549 141 48 DAY,
1714 1549 54 41 7s
1786 1550 66 48 8s;
1900 1550 120 39 PER
2034 1551 193 50 Y/EEK,
2248 1552 63 44 £1
2359 1555 79 42 15s
2457 1557 48 37 to
2531 1556 67 42 £2
2615 1557 68 40 2s.

1397 1604 159 35 Cottars
1569 1605 34 29 to
1617 1604 48 30 let
1738 1605 59 29 the
1815 1605 105 33 week,
1933 1606 130 35 month,
2079 1614 39 21 or
2138 1608 56 29 the
2214 1616 128 23 season.

988 1655 47 25 For
1054 1662 46 26 any
1112 1653 157 28 information
1281 1654 114 36 required
1408 1655 81 35 please
1502 1657 66 34 appi>
1587 1662 24 20 to
1625 1655 146 35 Proprietor,

1546 1698 58 46 A.
1641 1697 46 43 A

1902 2937 269 31 WHOLESALE
2191 2937 181 39 AGENTS,

2012 3467 265 54 Rotorua
2315 3470 112 51 and
2461 3470 203 54 Tairpo,

2166 3715 343 30 THURSNGH

1896 3751 80 40 Smith
2006 3751 48 39 and
2072 3750 113 51 Carriage
2208 3752 103 42 Works,
2341 3749 79 40 Coach
2447 3752 48 39 and
2524 3750 105 50 Waggon
2665 3754 99 48 Factory

2100 3813 211 21 ESTABLISHED
2326 3811 80 20 OVER
2423 3812 26 21 10
2463 3812 101 22 YEARS.

1914 3859 37 17 Tlio
1959 3860 115 21 undei'Biftnod
2083 3867 29 11 uro
2121 3860 136 18 manufacturers
2265 3860 17 17 of
2290 3859 22 17 nil
2321 3859 60 16 classes
2390 3860 18 15 of
2417 3860 78 18 Vehiolos
2502 3860 11 16 &
2523 3859 117 21 Agriaultural
2649 3862 112 18 Imvlemeuls,

1971 3881 98 17 ■ell-known
2079 3883 97 21 reputation
2185 3888 18 10 an
2211 3881 82 18 Fruotionl
2308 3880 100 17 Meohunioa
2424 3883 33 16 and
2473 3880 53 19 W.P's
2537 3881 19 16 '-'7
2572 3886 49 15 yours
2632 3885 97 19 experience
2746 3882 17 17 in

1893 3902 151 17 thoAustralasian
2052 3903 86 21 Colonies,
2146 3904 65 21 justify
2218 3908 20 12 us
2246 3903 16 16 in
2279 3900 81 21 nlainiing
2373 3902 37 17 that
2426 3909 25 11 we
2469 3909 28 11 oun
2510 3901 67 17 furnish
2592 3908 10 12 a
2616 3905 57 18 better
2688 3906 40 16 eli.ss
2746 3904 18 15 of

1893 3923 74 16 vehicles
1975 3923 94 18 consistent
2079 3926 41 16 with
2128 3926 61 15 honest,
2199 3925 45 15 work
2253 3926 35 14 nl-a
2296 3921 73 21 clie.ipor
2381 3926 37 14 rate
2427 3925 40 17 than
2477 3929 30 14 imy
2516 3923 16 15 of
2541 3927 31 12 nur
2581 3928 107 19 competitors

1912 3944 42 19 The,
1957 3944 61 17 Public
2025 3946 35 15 will
2073 3947 34 15 find
2117 3947 14 15 it
2142 3949 17 13 to
2174 3946 44 16 their
2232 3945 96 18 advantage
2344 3944 17 15 to
2377 3943 144 20 ENCOURAGE
2540 3943 77 19 LOCAL
2637 3946 124 21 INDUSTRY;

1891 3965 57 17 where
1955 3965 41 22 they
2013 3971 31 11 oan
2051 3966 45 18 have
2102 3967 30 17 the
2136 3968 80 20 pleasure
2223 3967 18 16 cf
2248 3965 54 21 seeing
2320 3964 90 19 first-class
2426 3966 75 18 material
2512 3964 33 16 and
2561 3967 125 24 workmanship
2702 3968 29 21 put
2746 3968 15 14 in

1912 3987 40 19 cloiq
1961 3987 48 16 made
2018 3987 16 16 to
2043 3988 45 17 their
2094 3989 61 16 valued
2163 3989 62 15 orders.

1912 4007 148 20 N,B/—Vehicles
2067 4010 19 16 of
2091 4010 24 17 all
2123 4009 112 22 descriptions
2245 4006 81 23 repaired,
2338 4007 77 24 painted,
2425 4007 89 20 ronovnled
2522 4007 32 16 and
2565 4010 47 17 mado
2628 4014 16 15 to
2660 4012 37 16 look
2714 4009 48 22 equal

1891 4030 17 15 to
1915 4034 46 12 now.

1890 4076 201 30 WILLIAM
2110 4076 182 31 PARKER,
2314 4075 250 33 Coacfcbuilder.

2241 4113 137 28 JAMES
2397 4115 127 31 HAIJA,
2545 4114 214 32 Blacksmith

2150 4144 143 24 DEYONPOJBT
2305 4145 66 18 UOAD
2392 4149 67 19 l\vmi
2467 4149 54 17 \G;V.

2811 3632 16 11 .v.
2847 3627 124 24 molancholy
2992 3627 85 19 incident
3092 3627 91 19 occurred
3196 3627 16 19 in

2785 3650 113 21 coonoetion
2908 3652 48 20 with
2966 3652 34 20 tlio
3010 3654 67 18 recent
3088 3653 38 19 loss
3136 3653 22 19 of
3181 3653 32 19 the

2785 3676 145 22 kotcliG.Y.A.
2942 3678 27 20 off
2989 3678 53 26 Cape
3051 3679 77 19 Barren
3137 3679 76 19 Island.

2785 3702 32 19 Mr
2835 3702 110 27 Fevgusor,
2969 3704 34 19 the
3031 3705 182 25 newly-appointed

2785 3734 80 14 joroner
2874 3730 61 22 there,
2948 3737 39 13 was
2998 3730 34 19 the
3041 3731 92 19 husband
3142 3731 21 18 of
3172 3731 41 19 Mrs

2785 3753 108 27 Ferguson,
2909 3756 44 20 who
2963 3756 92 21 norishod
3068 3756 19 20 in
3097 3757 34 18 the
3141 3756 70 24 wreck,

2789 3780 75 19 mdhis
2876 3782 36 19 fivil
2929 3782 68 19 official
3009 3782 51 24 duly
3079 3789 40 14 was
3136 3784 21 19 to
3168 3782 45 21 hold

2789 3813 19 12 in
2820 3806 79 24 inquest
2909 3815 25 12 on
2945 3808 30 19 his
2986 3808 63 19 wife's
3059 3808 93 21 remains.

2834 3874 29 26 J.
2879 3874 49 33 W,
2943 3874 216 34 WHIG-LEY,

2783 3914 17 18 A
2837 3915 19 19 11
2891 3916 15 19 C
2944 3916 18 18 11
2998 3916 10 19 I
3042 3916 16 19 T
3093 3916 16 19 E
3143 3916 15 20 0
3191 3917 21 24 T,

2924 3945 143 21 EOTOETTA.

2808 3976 65 25 Ageiit
2885 3977 30 20 fur
2926 3977 32 21 the
2970 3978 62 20 South
3048 3978 76 20 British
3136 3979 46 20 Eire
3194 3980 17 19 &
