2450 3930
101 162 61 28 This
172 163 73 33 being
256 162 41 40 tl^e
308 162 172 39 c)osjng;game
497 162 26 25 of
543 162 41 25 the

69 213 94 22 season,
180 207 21 26 it
217 206 152 30 wae.^grtfed
380 208 32 23 to'
424 205 56 25 dine
496 207 26 22 at
543 205 42 24 the

69 249 165 26 Commercial.
252 248 75 26 Hotel
331 249 46 24 vat
404 249 13 23 G
443 255 61 24 p.m.
514 260 15 14 v
538 247 49 25 and

70 293 216 33 HosvPaget#*s
302 291 70 33 equal
390 295 29 26 to;
424 291 41 25 the
476 291 111 24 occasion

71 336 49 25 and
141 336 126 25 furnished
294 345 15 15 a
336 335 85 31 spread
447 333 94 32 worthy
543 351 4 15 ;
563 332 26 25 of

71 373 38 32 tiic
130 379 111 25 occasion
262 378 26 25 m
307 378 39 24 his
369 376 69 30 usual
466 375 68 33 style,
562 375 27 24 of

57 422 92 24 /which
159 441 4 10 v
170 422 74 25 about
257 434 5 14 »
272 423 36 28 00,
328 420 126 38 jnclyding
489 414 98 44 visitors

69 464 95 27 availed
175 453 240 41 the.rasfelvesvj,T*he
414 486 3 7 ;
426 456 89 39 tabj?s*
525 468 61 17 were

70 507 118 31 arranged
199 507 32 24 so*
247 505 55 27 that
323 505 60 24 each
395 504 101 32 .captain
499 517 9 15 r,
517 511 68 17 occu-

69 550 55 32 pied
146 559 14 16 a
179 551 52 24 seat
252 549 27 25 of
295 548 85 25 honor.
414 547 52 25 The
501 545 85 26 viands

70 594 72 27 being
159 592 110 29 disposed
296 592 32 24 of.
351 590 102 31 Captain
480 587 106 32 Ptjacon

69 644 54 18 rose
124 655 11 16 v
142 636 126 33 requested
279 644 15 17 a
305 632 191 34 buntper^o'the
511 632 74 26 ?View

70 679 54 25 Hill
135 679 72 28 Club,
219 679 58 24 with
287 682 82 21 iWLom
391 677 39 42 hi|
452 679 65 22 team
538 676 49 24 had

68 722 86 32 played
164 729 74 24 many
248 728 91 24 gamys,
358 719 48 25 and
427 719 27 24 m
476 718 78 25 which
571 726 15 16 a

68 764 64 26 little
142 763 134 33 roughnesfp
296 763 138 26 sometimes
456 759 132 33 inevitably

68 808 121 27 occurred,
202 806 101 30 causing
322 812 66 17 some
411 804 76 32 slight
503 804 83 23 incon?

68 850 114 27 venfepce
198 848 49 26 and
263 848 103 32 perhaps
377 856 15 16 a
403 846 75 32 flight
482 841 14 33 '
496 841 88 33 Wound
593 852 4 19 ,!

69 890 87 28 bufcjhe
163 896 58 22 m*
227 881 56 43 glt|l
290 891 26 26 to
327 897 45 24 say?
378 889 62 37 thfki
450 896 33 18 no
504 884 91 31 teartr

68 933 50 26 had
129 933 60 25 been
200 932 125 29 wounded,
337 932 64 25 their
416 938 114 26 presence
539 942 2 15 :
550 932 36 30 to-

69 976 72 32 night
152 978 25 23 at
194 977 42 24 the
259 983 66 18 same
347 975 68 30 table;
433 973 90 33 proved
544 973 43 26 the

45 1032 7 21 ;,
69 1020 139 31 unanimity
229 1019 50 25 and
300 1018 62 33 gpod
384 1018 89 31 feeling
505 1017 79 25 which

68 1062 93 26 existed
173 1051 106 37 between
290 1050 77 38 them!
386 1055 10 30 I
400 1058 85 37 Mr/C.|
492 1060 94 25 Gorton

69 1105 90 33 replied
168 1106 25 25 m
206 1114 13 16 a
229 1107 59 23 neat
303 1104 68 31 little.,
384 1104 87 31 speech
478 1097 5 39 j
488 1102 98 38 cjhdors-

68 1149 44 27 ing
122 1149 66 23 what
198 1149 40 23 Mr
254 1147 106 24 Pearson
384 1147 49 24 had
455 1147 60 29 said,
538 1147 48 23 and

68 1190 114 25 returned
193 1190 42 30 tjie
247 1189 157 31 compliment
416 1189 30 31 by
456 1189 139 31 proposing^

67 1233 42 25 the
132 1233 90 24 Oxford
243 1231 69 30 Club,
346 1232 59 25 both
426 1239 61 17 were
494 1227 92 28 'drank

69 1277 59 24 with
136 1276 107 25 niusicat
257 1275 116 25 honours.
408 1275 73 25 Some
497 1271 90 33 capital
593 1277 3 4 '

68 1320 144 24 recitations'
218 1326 62 17 were
288 1324 2 3 '
301 1317 128 25 delivered'
442 1316 36 33 by'
495 1317 91 25 Messrs

68 1364 114 27 Pearson,
195 1363 97 23 Hunter
303 1361 48 24 and
368 1361 70 30 Rees,
449 1360 45 25 and
518 1368 67 17 some
595 1381 2 2 .

68 1407 69 24 rainy
159 1406 62 32 good
243 1404 77 25 comic
348 1411 71 24 songs
441 1404 31 31 by
496 1403 90 29 several

68 1452 21 20 o-f
94 1450 62 22 iitiT.
191 1449 51 22 T!io
262 1444 126 34 iolldvdng
408 1449 2 2 '
420 1449 76 22 toast?
510 1446 4 9 ''
523 1453 62 17 were

68 1491 109 31 ilisposed
245 1490 104 24 Cricket.
384 1490 101 30 Eeplied
506 1492 25 22 to
555 1491 29 29 by

67 1535 90 24 Messrs
180 1534 101 28 Gorton,
299 1532 89 26 Brown
411 1531 48 26 and
489 1531 94 26 Clarke.

67 1577 41 25 Mr
116 1577 90 32 Brown;
221 1576 26 24 m
258 1580 4 5 '
268 1575 162 31 mentioning;
440 1573 43 26 the
505 1573 86 26 North?

41 1634 3 4 -
67 1617 149 34 Canterbury
220 1619 8 26 t
234 1618 161 29 Association,
400 1617 102 33 /(hoped.
508 1634 5 5 <
524 1618 59 25 'that

66 1663 42 25 the
120 1662 52 32 G»p
191 1661 81 29 would
298 1669 69 18 come
436 1660 101 32 Oxford;
545 1661 39 29 \in

67 1704 285 41 facthefel^|ute(tha|
367 1704 20 25 it
396 1704 115 42 jfogd;|
530 1704 53 26 The

68 1749 109 24 Athletes
199 1756 50 19 was
256 1763 7 12 <
269 1748 91 36 replied
381 1750 26 23 to
436 1747 32 33 by
490 1748 51 29 ,Mr-
559 1748 24 25 J.
581 1763 4 18 ;

68 1791 83 26 Keats,
184 1790 53 26 The
247 1786 76 39 liQ^al
333 1790 72 25 Press
412 1791 61 28 wia,
483 1790 103 32 coviplVid

69 1834 60 26 with
150 1834 43 26 the
213 1841 73 18 nan?e
307 1834 27 25 of
353 1833 40 26 Mr
413 1833 91 33 Lugar,
530 1833 60 30 who,

41 1888 4 4 •
71 1873 433 36 saidhe^as-MMo^ised'tp^laiy
531 1876 55 26 that

70 1921 43 25 the
122 1920 133 32 proprietor
265 1920 27 24 of
299 1928 45 16 our
354 1920 63 25 local
432 1928 81 24 paper,
536 1928 50 17 was

69 1963 89 33 always
174 1963 98 32 pleased
284 1965 24 23 to
324 1963 54 32 give
394 1963 155 32 prominence
560 1965 26 24 to

69 2007 42 26 the
122 2009 93 30 reports
226 2007 26 25 of
260 2015 45 17 our
315 2004 64 28 local
390 2008 87 30 sports.
494 2006 91 33 Every-

70 2051 66 32 body,
142 2050 118 26 admitted
271 2050 54 27 that
336 2052 86 29 manly
436 2052 79 29 sports
530 2050 56 25 'had

69 2102 33 17 an
129 2093 108 32 exalting
257 2093 128 32 tendency,
396 2114 5 12 :
408 2101 83 22 games
523 2100 62 18 were

68 2137 139 25 sometimes
218 2135 141 26 denounced
374 2143 32 17 on
423 2135 41 26 the
485 2136 56 31 plea
562 2135 28 26 of

68 2179 113 27 iramorai
190 2177 148 35 .tendency,!
351 2178 45 27 but
428 2178 43 27 the
503 2187 83 25 games

68 2231 62 19 were
151 2226 44 22 not
216 2223 160 30 responsible.
383 2223 38 25 for
436 2223 64 25 that*
534 2223 52 25 The

68 2266 180 33 responsibility,
268 2266 50 25 laid
339 2266 59 25 with
431 2266 47 33 the,
506 2266 82 26 black-

67 2309 89 37 guards
174 2309 55 26 who
261 2309 120 33 practised
412 2309 77 26 them.
523 2309 64 27 That

66 2353 103 26 football
189 2359 59 27 irasj
261 2353 82 32 doing,
356 2353 63 33 good
439 2353 27 26 m
495 2353 91 26 Oxford

66 2405 36 17 we
110 2397 53 29 ,bad
173 2396 112 25 evidence
296 2396 97 31 enough
403 2396 59 24 here
477 2399 107 28 present.

68 2441 109 31 Suppose
185 2447 24 17 >a^
214 2439 132 32 reoWiting
353 2439 122 32 (Sergeant
477 2452 5 12 ;
485 2440 26 25 to
517 2440 69 26 enter

68 2482 50 27 this
129 2490 67 19 room
208 2490 63 21 now,
283 2481 67 26 what
360 2490 15 17 a
386 2481 59 27 haul
456 2481 38 28 liei
506 2482 80 27 would

67 2525 80 29 make,
166 2527 44 24 not
221 2532 46 19 one
285 2525 80 25 would
384 2521 40 28 'he
442 2526 79 25 refuse
542 2528 44 25 out

67 2569 27 24 of
108 2568 50 25 this
180 2568 86 32 goodly
288 2575 120 26 company
434 2563 85 38 except
542 2570 44 25 the

68 2604 106 39 speak'erl
183 2604 5 13 '
205 2612 4 13 :
208 2608 25 28 A
238 2606 11 18 V
263 2607 114 40 -previpui
381 2605 129 40 -sji|aker
536 2612 50 25 had

66 2652 55 27 well
132 2653 52 25 said
194 2652 71 28 when
270 2647 38 32 -i'te
318 2648 127 32 remWkeA
461 2652 57 28 that'
537 2662 48 25 any

65 2682 387 48 youngl'la^lwho^Snted'l
472 2697 113 26 husband

66 2740 73 25 could
148 2742 44 23 not
202 2740 32 25 do
245 2739 80 26 better
334 2740 61 25 than
406 2748 81 25 marry
498 2749 15 17 a
523 2741 61 26 foot-

66 2783 85 30 baller,
163 2791 15 17 a
189 2783 131 26 sentiment
331 2783 81 26 which
419 2783 35 25 he
465 2784 67 33 quite
543 2791 41 18 en-

66 2826 87 26 dorsed
168 2826 101 26 because
280 2827 69 25 there
370 2835 50 17 was
447 2828 139 31 something

66 2869 192 32 Buperipr^about
269 2869 77 30 them,
348 2885 8 14 f
354 2868 171 28 inasmuch*aß
543 2870 41 26 the

66 2920 70 25 game
148 2911 109 34 required
268 2912 85 32 heajth
364 2913 50 26 and
423 2913 94 33 vigour,
537 2914 49 25 and

66 2964 15 17 a
90 2957 84 31 player
245 2953 43 28 hot
288 2955 7 24 i'
299 2956 73 32 likely
384 2958 25 24 to
427 2957 97 32 imperil
544 2958 41 24 his

66 2999 185 30 suoc£g3*ihit]ie
262 2998 58 25 field
339 3000 37 30 byl
390 2989 194 39 lic'entldiis'liv-

65 3042 51 31 ing.
150 3042 39 24 He
200 3041 108 25 thanked
316 3041 68 25 them
398 3050 55 25 very
463 3042 75 26 much
548 3043 38 25 for

66 3085 64 25 their
141 3085 59 24 kind
211 3085 159 31 expressions,
380 3085 49 25 and
440 3086 79 25 would
529 3094 55 17 now

66 3129 44 24 ask
122 3128 67 26 them
202 3130 28 23 to'
237 3128 72 25 drink
327 3129 42 26 the
499 3129 26 26 of
544 3130 40 25 Mr

68 3173 28 25 T.
113 3172 85 30 Harle,
211 3181 15 16 a
247 3174 78 24 smart
346 3172 136 30 footballer,
506 3174 48 24 and
570 3182 15 16 a

68 3217 106 30 graceful
185 3217 87 27 writer,
285 3216 49 24 and
356 3224 55 17 ever
431 3216 74 33 rea3y
526 3216 60 26 with

68 3260 38 24 his
118 3261 82 30 pencil-
209 3260 120 25 toirecord
351 3264 56 21 oiir-
416 3261 62 24 local
489 3255 96 37 >gamfs.

62 3337 3 6 _
68 3309 38 24 Mr
115 3310 76 24 Harle
210 3304 65 31 •daict'
281 3311 2 8 ;
284 3318 31 16 nc
337 3310 86 26 sKoiilcl
446 3306 140 36 al'way.3f*be

61 3353 4 10 !
67 3352 134 29 pTcased'in
213 3353 81 30 acting
304 3353 32 23 in'
346 3344 4 11 '
351 3354 5 11 J
353 3353 40 24 elae
394 3350 6 13 >
477 3353 57 26 tioiv
544 3353 40 27 .in-

68 3390 77 28 ciicat-J
147 3388 4 15 1
148 3395 18 26 ;!'
173 3394 30 32 by
212 3390 42 29 'tlv
270 3393 95 33 'L'iigar,
372 3393 4 10 '
454 3388 40 32 to
502 3397 83 24 record

59 3439 4 6 ,
76 3424 91 22 :tv>i;l
174 3429 2 9 ;
181 3441 2 3 .
191 3439 4 3 .
207 3423 45 26 Kfj
268 3440 3 7 ,
286 3430 32 14 ••;;
328 3423 6 20 >
350 3426 33 23 $i)
400 3420 35 24 }.'■■;'
443 3424 84 23 !.i/'.4'.'
534 3425 28 18 Tit
568 3426 15 23 T,

68 3440 48 22 and
128 3445 25 18 so
165 3440 125 23 stimulate
301 3440 62 28 good
372 3441 68 27 sport
452 3440 49 24 and
523 3440 62 28 good

66 3482 101 31 feelings
178 3483 112 32 amongst
306 3490 39 19 us.
429 3490 6 6 c
472 3499 40 18 _..

97 3534 69 26 After
177 3536 110 32 ajhearty,
297 3537 55 37 pp^e
363 3537 27 25 of
394 3535 95 39 jthabks
497 3539 26 24 to
541 3537 42 26 the

65 3577 76 30 chair,
155 3582 14 19 M
177 3578 65 26 Auld
253 3578 71 33 Lang
336 3580 64 32 Syne
409 3581 15 12 M
440 3588 51 21 wag
502 3581 80 24 heart-

65 3620 36 32 ily
111 3628 71 25 sung,
205 3621 49 25 and
274 3621 43 26 the
335 3631 79 24 merry
441 3624 141 26 footballers

56 3663 123 32 48BK&1
194 3665 31 34 p
235 3663 76 29 jthpij
314 3677 4 13 t
323 3664 260 35 ;hdineß»;jvAi3;,.th^r

50 3707 73 34 |filed
130 3709 82 27 out?of
219 3709 42 27 tbe
270 3708 256 35 jdiningi*oßm/your/

54 3755 97 31 jppfcter;
158 3753 107 28 jmrked
272 3765 5 15 i
285 3754 61 29 with
352 3767 6 7 -
360 3764 10 15 v
377 3756 110 34 pl^ure
517 3755 64 28 their

62 3798 110 26 stalwart
181 3799 98 33 figures,
290 3798 175 36 andimentaUy
477 3801 104 33 augered

62 3845 132 23 Buccess.to
205 3844 211 27 NewZealan<Jif
430 3852 54 18 ever
506 3852 15 18 a
542 3844 38 25 foe

671 161 58 26 does
739 169 91 24 appear
844 164 24 23 to
884 161 95 33 dispute
996 161 41 25 the
1054 162 133 33 ownership

673 206 26 24 of
709 206 62 24 their
782 206 100 24 hearths
889 206 48 24 and
948 206 80 24 home.

691 341 93 26 FROM
795 342 34 28 OUR
829 342 17 28 OWN
846 342 330 28 CORRSPON-

892 369 99 34 DEN.

708 460 52 24 The
772 460 86 24 winter
868 461 45 23 ha
910 461 25 23 3
924 460 86 32 passed
1021 469 66 23 away
1099 460 49 24 and
1160 469 36 17 wo

677 496 61 25 have
746 505 33 16 no
789 497 62 25 need
859 499 25 23 to
892 498 97 24 consult
999 506 45 16 our
1055 498 140 24 almanacks

676 536 32 23 to':
713 534 70 25 know
794 535 55 25 that
860 535 82 31 spring
953 536 21 23 is
992 543 66 24 upon
1085 543 29 17 us
1136 536 60 24 with

675 571 44 27 it's,
728 573 108 31 swelling
846 572 61 25 buds
918 573 49 24 and
978 573 41 25 it's
1040 573 82 32 bright
1144 582 49 17 cro-

676 618 68 16 cuses
756 610 48 25 and
812 610 137 32 snowdrops
957 611 124 32 springing
1091 620 32 23 up
1132 611 62 26 from

677 650 62 24 their
755 651 58 30 long
824 650 65 31 sl.esp
900 651 25 23 m
937 648 113 38 response
1068 653 24 23 to
1105 651 41 25 the
1157 651 36 25 in-

677 688 110 30 creasing
798 686 82 26 smiles
892 688 26 24 of
927 688 58 24 dear
995 688 40 24 old
1048 688 50 25 Sol.
1138 689 7 14 :;
1148 700 8 5 -
1167 712 2 1 .
1183 713 1 1 .

814 728 165 24 amusements
990 727 61 25 have
1070 727 59 25 been
1141 735 52 24 pro-

677 766 70 24 vided
769 766 102 24 suitable
892 767 37 24 for
950 766 33 24 all
1005 769 83 22 tastes.
1124 767 73 24 Some

676 806 61 23 have
755 805 101 32 enjoyed
878 806 64 23 their
963 806 110 28 lectures,
1097 806 97 28 danctes,

676 843 108 26 swarries
806 844 50 24 and
882 843 83 26 hunts.
1011 844 84 32 Goody
1117 844 75 31 goody

676 880 62 27 folks
767 881 62 24 have
841 894 2 11 ;
851 880 101 32 enjoyed
974 881 63 25 their
1059 881 137 26 devotional

676 920 148 32 gatherings,
832 920 77 25 bands
917 921 27 24 of
949 921 62 31 hope
1018 921 48 24 and
1074 923 39 23 tea
1122 921 75 32 fight*

677 960 49 25 and
743 961 134 31 perchance

733 997 143 33 Compound
887 998 37 25 for
938 998 52 25 sins
1012 998 58 33 they
1091 997 45 26 feel
1160 999 36 24 in-

774 1036 78 24 clined
864 1038 33 25 to,

677 1072 38 34 By
726 1073 118 32 damning
854 1074 70 25 those
936 1074 57 33 they
1004 1074 61 26 liave
1085 1082 32 17 no
1129 1074 68 25 mind

709 1152 119 25 However
845 1152 47 28 Sir,
904 1160 35 17 we
948 1160 40 17 are
1000 1152 33 25 all
1044 1152 94 25 human
1149 1152 49 25 and

676 1191 14 24 I
701 1199 103 23 suppose
816 1191 36 25 fill
863 1200 33 23 up
906 1200 45 16 our
962 1192 87 25 leisure
1069 1192 128 32 according

677 1231 26 22 to
713 1236 45 17 our
768 1229 97 24 natural
877 1231 74 23 tastes
963 1229 49 25 and
1030 1229 164 25 inclinations.

677 1266 22 24 A
709 1274 101 23 passage
821 1267 25 24 m
858 1267 42 24 the
912 1267 86 31 speech
1010 1267 27 25 of
1046 1267 106 26 Achilles
1171 1269 25 23 to

677 1304 81 24 Priam
771 1312 100 24 appears
880 1307 26 23 to
922 1312 40 18 me
984 1307 25 23 to
1026 1305 29 25 fit
1077 1305 42 25 the
1141 1314 54 16 case

676 1341 95 32 exactly
777 1357 11 12 r

708 1381 59 25 Two
778 1382 72 24 twins
868 1382 32 32 by
922 1382 82 25 Jove's
1026 1382 60 32 high
1109 1382 86 26 throne

771 1420 62 24 have
845 1428 54 16 ever
914 1420 77 28 stood,

677 1455 52 24 The
741 1464 83 17 source
832 1456 26 25 of
868 1457 45 24 evil
922 1466 54 20 one,
985 1457 47 25 and
1041 1466 46 16 one
1094 1458 28 24 of
1125 1458 69 31 good.

708 1496 73 24 From
795 1496 85 25 thence
892 1497 42 24 the
944 1505 46 24 cup
1002 1497 27 25 of
1037 1497 88 26 mortal
1137 1505 58 17 man

701 1544 3 4 -
727 1536 77 24 ...-'he
816 1537 56 28 fills,
889 1538 22 25 !•;
931 1561 2 2 .
1006 1555 33 9 .
1096 1540 104 20 ■■'.-.

676 1575 125 31 Blessings
812 1578 26 22 to
847 1575 76 30 these,
936 1578 25 23 to
974 1577 68 24 those
1054 1576 141 26 distributes

692 1628 2 3 •
734 1613 86 30 -■'ilk;
858 1636 2 6 .
896 1618 12 24 .'
929 1618 22 27 •:,
1011 1603 68 43 :,'.'"

708 1652 42 26 To'
766 1654 76 24 .most
868 1653 31 25 he
927 1653 106 32 mingles
1058 1653 71 26 both:
1152 1654 42 25 the

771 1692 90 26 wretch
877 1692 107 29 decreed,

675 1732 36 24 To
722 1734 62 22 taste
795 1733 42 23 the
845 1733 47 24 bad
904 1734 115 24 unmixed
1029 1733 21 25 is
1062 1733 84 27 cursed
1158 1736 36 23 in-

772 1771 59 23 deed
1122 1780 3 25 ;

709 1807 52 25 The
772 1807 111 33 happiest
915 1810 64 24 taste
1000 1811 44 23 not
1065 1809 131 34 happiness

773 1845 91 26 sincere
885 1845 65 19 *■'■■*
993 1859 7 7 *
1007 1849 4 12 l

676 1885 51 24 But
737 1885 52 25 find
800 1886 42 25 the
853 1886 78 25 codial
941 1887 106 32 drauglt
1063 1888 22 25 is
1105 1888 91 26 dashed

773 1929 60 25 with
844 1937 62 17 care.

709 1966 70 26 Plato
791 1975 63 24 says.
888 1967 79 26 Moral
978 1968 48 26 evil
1035 1969 22 25 is
1068 1969 42 26 the
1120 1970 77 25 result

677 2004 27 25 of
712 2004 42 25 the
765 2005 74 25 abuse
850 2005 27 26 of
885 2006 49 25 free
944 2014 100 25 agency,
1053 2008 48 25 and
1112 2010 83 23 natur-

677 2045 24 23 al
718 2045 47 24 evil
772 2045 23 24 is
806 2045 42 24 the
859 2053 164 24 consequence
1030 2047 27 23 of
1063 2047 42 24 the
1116 2048 80 32 inper-

676 2080 90 27 fection
788 2082 26 25 of
833 2085 97 23 matter.

681 2124 8 5 *
709 2121 50 25 But
769 2121 14 25 I
793 2121 73 32 spoke
878 2122 26 24 of
913 2123 83 31 spring
1012 2123 49 25 and
1083 2123 54 26 that
1158 2133 37 16 re-

677 2158 81 26 minds
769 2167 40 17 me
820 2159 54 27 that
896 2168 44 18 our
961 2161 150 26 Footballers
1132 2161 63 28 have

676 2197 86 32 played
774 2198 63 24 their
847 2198 48 26 last
906 2198 98 26 winters
1014 2208 70 23 game
1095 2201 48 25 and
1155 2210 40 17 are

677 2234 160 33 anticipating
848 2236 41 25 the
899 2238 123 30 pleasures
1033 2238 27 24 of
1068 2237 42 27 the
1129 2247 65 17 com-

676 2274 44 32 ing
730 2282 108 18 summer
847 2276 51 24 and
908 2284 26 17 so
945 2276 21 25 if
974 2276 42 26 the
1034 2278 74 24 Fates
1129 2287 65 23 pres-

677 2320 54 17 erve
752 2320 30 17 us
803 2321 36 17 we
861 2313 64 26 shall
946 2322 59 17 soon
1028 2323 38 17 see
1087 2316 107 26 Pearson

677 2351 64 26 Park
751 2352 72 32 again
849 2353 99 33 putting
973 2362 39 20 on.
1027 2354 41 26 it's
1087 2363 108 18 summer

676 2390 60 31 garb
746 2391 49 23 and
805 2391 113 24 welcome
940 2400 30 15 \x%
995 2394 26 23 to
1031 2400 44 17 our
1086 2401 109 18 summer

675 2436 92 25 games.
800 2430 120 32 Amongst
931 2438 45 19 our
990 2431 97 26 winters
1099 2441 94 18 amuse-

676 2471 89 25 ments;
779 2478 35 17 we
845 2470 57 25 look
924 2479 64 23 upon
1015 2480 44 17 our
1080 2472 115 33 debating

678 2507 96 32 Society
784 2516 28 16 as
823 2507 42 26 the
877 2514 64 20 most
952 2509 79 25 useful
1046 2510 102 32 tending
1169 2513 25 23 to

675 2544 104 33 produce
790 2544 84 34 kindly
888 2546 101 32 feelings
1011 2547 49 25 and
1082 2547 113 32 bringing

676 2584 42 24 out
729 2582 113 26 dormant
852 2583 87 29 genius
960 2584 80 26 where
1059 2593 35 17 we
1116 2587 77 30 previ-

676 2621 69 32 ously
756 2622 105 32 thought
873 2622 54 25 that
948 2630 64 18 none
1032 2624 92 25 existed
1145 2625 50 24 and

675 2660 118 33 checking
803 2661 94 25 conceit
907 2661 26 25 m
945 2670 66 17 seme
1022 2662 55 26 who
1088 2663 107 26 believed

675 2698 56 26 that
742 2699 58 32 they
811 2699 49 24 had
871 2699 147 26 established
1029 2709 15 16 a
1065 2703 130 31 monopoly

675 2737 28 24 m
713 2736 109 25 Ulissian
844 2737 106 25 Bowers.
1052 2738 68 25 have'
1146 2739 49 25 had

675 2784 45 17 our
734 2775 120 26 convivial
871 2776 143 33 gatherings
1035 2777 49 26 and
1105 2778 32 33 by
1153 2787 42 24 my

675 2816 63 26 faith
749 2824 36 18 we
797 2824 40 18 are
848 2816 34 26 all
899 2816 59 26 the*
962 2817 79 25 better
1061 2819 38 24 for
1117 2819 76 24 them.

675 2847 54 38 $H|
734 2852 90 38 |genef
823 2862 45 17 ous
888 2854 61 25 fluid
965 2854 80 26 which
1063 2855 132 32 quickened

676 2901 45 18 our
731 2892 142 27 circulation
884 2893 105 33 brought
1000 2896 43 24 out
1065 2894 42 27 the
1129 2897 65 25 most

676 2939 118 24 generous
811 2932 101 30 feelings
934 2933 27 23 of
978 2941 44 15 our
1043 2932 82 26 hearts
1147 2934 49 24 and

676 2971 71 24 made
755 2979 29 15 us
801 2972 53 23 love
876 2972 60 22 eacli
955 2972 70 23 other
1042 2971 85 29 better,
1147 2973 49 23 and

677 3017 102 25 suppose
790 3017 46 18 one
847 3017 28 17 or
889 3012 47 23 two
957 3011 61 24 have
1040 3011 157 32 overstepped

676 3048 42 26 the
729 3047 94 26 bounds
834 3047 27 26 of
870 3048 158 29 moderation,
1043 3049 58 31 they
1112 3049 40 25 did
1164 3057 32 17 no

675 3094 68 19 more
754 3085 62 25 than
826 3085 103 26 fanatics
937 3085 31 26 do
979 3094 45 17 nor
1031 3088 41 30 yet
1084 3095 26 17 so
1120 3088 76 25 much

675 3124 37 26 for
722 3123 75 32 verily
818 3123 69 26 these
903 3124 73 25 latter
1002 3127 44 23 not
1072 3125 57 32 only
1156 3127 41 30 get

676 3161 119 32 mentally
805 3161 86 33 drunk,
903 3162 44 24 but
958 3170 60 17 even
1029 3162 66 26 stark
1105 3164 92 31 staring

677 3202 58 25 mad
745 3202 48 24 and
804 3200 95 32 beyond
910 3202 33 24 all
953 3202 63 31 hope
1030 3202 26 24 of
1070 3203 126 25 reclamat-

677 3240 50 25 ion.
762 3239 47 25 We
821 3238 62 26 shall
894 3240 91 32 always
996 3240 115 26 advocate
1122 3242 75 25 social

677 3279 141 32 gatherings
833 3278 101 32 tending
944 3281 25 23 to
986 3280 42 24 the
1044 3280 78 26 moral
1149 3282 48 24 and

677 3316 110 32 physical
802 3316 177 30 improvement
995 3317 26 24 of
1035 3317 42 24 the
1103 3318 93 32 people.

678 3354 44 26 We
733 3353 64 26 shall
807 3356 45 23 not
863 3355 104 29 quarrell
979 3355 59 24 with
1056 3355 69 24 those
1141 3356 55 25 who

668 3394 87 31 {.prefer
765 3395 26 23 to
802 3400 31 23 go
844 3393 107 31 through
967 3393 42 26 life
1025 3394 58 25 with
1110 3394 86 26 leaden

675 3433 84 25 hearts
771 3432 48 25 and
830 3431 122 26 downcast
964 3440 63 24 eyes,
1038 3433 45 26 but
1099 3434 37 25 for
1152 3443 45 16 our

676 3475 56 31 part
742 3481 36 17 we
788 3472 78 32 prefer
877 3474 26 23 to
918 3472 71 32 enjoy
1000 3473 43 25 the
1065 3474 62 32 good
1153 3475 42 25 the

677 3511 67 26 Grods
755 3511 62 25 have
828 3512 55 24 sent
894 3511 48 25 and
953 3513 84 30 expect
1054 3520 14 17 a
1095 3513 99 31 compli-

676 3551 69 24 ment
754 3550 63 24 from
830 3548 29 26 St
860 3550 4 17 !
870 3548 73 25 Peter
958 3556 32 17 on
1088 3550 107 25 cheerful

677 3589 69 27 looks
757 3588 69 26 when
837 3588 31 25 he
880 3590 77 23 meets
969 3596 28 17 us
1011 3590 26 24 at
1063 3589 42 25 the
1132 3591 63 30 gate.

722 3722 70 26 THE
804 3721 72 26 REV
885 3722 23 25 J.
921 3721 24 25 J.
957 3720 187 26 PENDRAY'S

788 3761 183 32 SOUTHERN,
981 3760 99 26 TOUR.

702 3824 2 2 •
718 3826 20 7 ...
788 3815 65 17 •-.'".
864 3825 15 10 .i
887 3824 3 9 ;
913 3815 50 12 ■*—
1024 3815 82 16 .-.■...
1128 3815 10 17 ;'
1148 3815 4 11 ;

702 3847 21 25 It
735 3854 49 18 was
795 3855 41 21 ray
851 3846 121 28 intention
990 3847 26 24 to
1031 3845 62 26 have
1115 3845 68 31 given

1278 168 42 24 the
1330 168 95 25 readers
1449 169 28 24 of
1500 169 42 25 the
1571 173 20 28 •*;
1760 179 32 17 an

1278 208 101 22 account
1390 207 27 24 of
1425 206 53 25 that
1489 211 54 27 part
1556 208 27 24 of
1591 216 40 23 my
1644 210 53 23 tour
1713 209 79 24 which

1278 243 78 25 would
1368 243 27 25 be
1407 245 26 24 of
1441 245 97 31 general
1548 245 101 26 interest
1660 255 27 16 as
1700 247 12 24 I
1728 249 65 23 went

1275 284 80 30 along,
1367 283 44 25 but
1422 284 13 24 I
1443 284 75 25 found
1530 286 20 23 it
1562 294 48 16 was
1633 289 43 22 not
1703 287 89 31 always

1276 324 143 24 convenient
1437 327 24 21 to
1489 325 75 28 write,
1576 331 8 23 f
1593 326 47 24 and
1668 329 24 21 at
1720 327 71 24 times

1273 360 81 25 would
1364 360 113 27 interfere
1488 362 58 25 with
1562 363 40 25 the
1619 364 66 24 main
1713 364 77 31 object

1274 397 27 23 of
1315 405 41 25 my
1372 400 109 24 mission.
1517 400 32 25 So
1576 398 13 28 I
1617 401 89 30 merely
1734 402 56 24 took

1272 437 70 22 notes
1353 436 37 24 for
1397 435 80 27 future
1487 445 49 21 use,
1549 438 48 24 and
1608 438 30 32 by
1650 438 67 26 these
1729 440 13 23 I
1750 447 41 16 am

1272 475 124 24 reminded
1407 477 13 22 I
1432 477 43 24 left
1490 477 70 24 home
1569 502 4 11 f
1577 485 32 17 on
1626 478 41 25 the
1696 478 42 25 7tli
1766 479 27 24 of

1274 513 67 31 April
1353 515 48 24 and
1412 515 56 25 rode
1484 524 27 17 as
1538 517 36 24 far'
1602 525 26 16 as
1657 518 133 25 Greendale

1271 553 79 25 where
1361 554 13 24 I
1385 562 48 17 was
1444 563 54 24 very
1508 556 134 32 hospitably
1655 558 129 24 entertain-

1272 593 29 24 ed
1312 593 36 25 for
1360 593 41 26 the
1414 595 71 31 night
1498 595 29 31 by
1539 604 40 24 my
1590 597 41 24 old
1643 597 89 24 friends
1749 598 39 24 Mi-

1271 633 49 24 ami
1331 633 52 25 Mrs
1392 635 140 26 Ruddsenr.
1543 637 41 24 the
1595 638 71 23 latter
1677 637 26 25 of
1709 637 89 25 whom'

1272 670 13 22 I
1297 670 48 26 had
1361 674 44 22 not
1416 680 57 17 seen
1484 673 66 25 since
1560 670 14 28 I
1588 675 47 24 last
1646 674 85 25 visited
1748 675 42 24 the

1273 709 95 27 district
1380 712 90 33 twenty
1480 720 69 24 years
1560 721 53 24 ago.

1271 748 53 25 The
1335 750 55 25 fifth
1399 754 55 28 part
1468 753 28 24 of
1509 760 15 17 a
1534 755 101 30 century
1645 754 14 24 I
1669 755 51 24 find
1744 755 45 24 has

1271 787 72 24 made
1354 797 16 14 a
1379 792 68 26 great
1461 790 128 25 difference
1600 792 26 23 m
1639 792 41 24 the
1692 799 97 24 appear-

1271 830 61 17 ance
1343 826 26 22 of
1378 825 59 26 both
1448 826 67 31 place
1527 828 47 25 and
1586 830 91 29 people.
1706 830 32 24 Of
1747 830 41 24 the

1273 862 40 24 old
1330 863 118 27 residents
1471 873 73 26 many
1560 866 61 27 have
1632 868 62 30 died,
1723 877 66 17 some

1273 901 61 26 have
1346 902 42 26 left
1404 904 38 25 for
1457 905 70 26 other
1542 908 74 30 parts,
1635 915 66 18 some
1728 908 62 26 have

1271 949 84 23 grown
1370 943 41 25 old
1422 945 49 26 and
1487 953 40 18 are
1538 946 88 26 almost
1637 950 43 22 out
1696 948 26 25 of
1747 948 43 25 the

1271 986 56 23 run,
1344 981 72 25 while
1432 983 82 26 others
1530 984 55 26 who
1611 994 62 16 were
1700 995 27 16 so
1753 983 37 28 in^-

1271 1018 138 32 significant
1426 1030 26 16 as
1470 1025 24 22 to
1511 1023 29 24 b
1544 1023 25 24 3
1557 1025 104 31 scarcely
1691 1025 95 29 known,

1271 1065 40 18 are
1338 1066 55 18 now
1410 1065 112 28 amongst
1539 1063 41 26 the
1597 1064 113 26 foremost
1739 1066 49 25 and

1270 1099 65 23 most
1345 1100 139 29 prominent
1496 1101 25 24 m
1533 1101 42 26 the
1586 1110 62 17 race.

1306 1144 77 26 When
1405 1147 48 26 last
1471 1148 13 25 I
1511 1149 86 26 visited
1624 1152 42 24 the
1691 1153 97 31 locality

1272 1185 64 22 tnost
1344 1184 28 24 of
1381 1184 41 25 the
1433 1185 57 25 land
1503 1195 48 17 was
1563 1188 72 25 taken
1646 1197 32 23 up
1689 1190 27 24 m
1743 1191 46 23 fair

1271 1222 66 25 sized
1361 1223 122 33 holdings.
1517 1227 51 25 The
1595 1228 71 25 roads
1694 1229 94 32 though

1270 1263 116 31 surveyed
1398 1273 61 17 were
1475 1269 40 29 yet
1531 1268 114 28 unmade,
1663 1269 73 25 much
1764 1270 26 24 of

1271 1301 41 25 the
1323 1302 59 26 land
1397 1305 97 25 secured
1511 1315 48 16 was
1584 1308 50 25 still
1661 1309 125 29 unfenced,

1268 1341 43 25 sod
1343 1343 114 26 wharries
1484 1353 61 18 were
1571 1347 142 32 principally
1746 1350 41 24 the

1270 1378 84 27 homes
1366 1381 27 25 of
1402 1381 41 26 the
1454 1383 91 32 people,
1558 1385 48 24 and
1617 1387 96 24 neither
1729 1395 58 17 man

1270 1425 45 16 nor
1330 1418 69 25 beast
1426 1421 70 23 could
1523 1424 40 29 get
1593 1425 74 22 much
1694 1425 22 22 if
1740 1432 48 24 any

1270 1455 91 27 shelter
1372 1459 61 24 from
1444 1460 136 31 plantation
1596 1470 27 17 or
1633 1462 75 27 fence.
1742 1464 46 25 To-

1270 1493 46 33 day
1328 1495 41 26 the
1381 1496 93 27 district
1481 1498 109 27 abounds
1598 1500 58 26 with
1664 1501 124 27 evidences

1268 1534 26 23 of
1308 1541 169 24 perseverance
1504 1539 48 24 and
1582 1540 119 32 industry.
1735 1542 52 25 The

1268 1571 71 24 roads
1353 1581 41 16 are
1410 1576 122 31 generally
1559 1578 55 24 well
1641 1579 70 24 made
1739 1580 49 24 and

1269 1609 122 30 metalled,
1410 1611 42 26 the
1468 1613 59 25 land
1542 1615 84 24 fenced
1642 1616 60 25 with
1732 1618 56 24 wire

1270 1648 49 25 and
1335 1651 55 24 well
1421 1651 57 33 kept
1504 1653 88 26 fences.
1626 1655 52 26 The
1704 1658 84 31 people

1269 1686 48 25 live
1327 1687 27 25 m
1370 1688 70 34 fairly
1451 1691 62 31 good
1525 1692 95 33 houses,
1638 1696 150 25 surrounded

1269 1723 31 31 by
1311 1725 74 25 forest
1397 1728 48 23 and
1461 1728 71 33 fancy
1550 1733 69 26 trees,
1648 1732 72 25 while
1745 1733 41 24 the

1269 1761 140 27 homestead
1422 1768 109 28 presents
1542 1775 32 17 an
1590 1768 36 25 air
1642 1769 27 25 of
1683 1771 106 24 cosiness

1270 1801 48 24 and
1329 1802 109 27 comfort.

1301 1850 102 33 Though
1415 1853 20 24 it
1452 1862 49 17 was
1518 1855 31 24 hr
1555 1855 41 26 the
1612 1856 110 27 Autumn
1748 1860 42 24 the

1268 1889 122 32 paddocks
1414 1893 50 25 still
1480 1902 59 22 gave
1551 1895 112 27 evidence
1679 1897 27 25 of
1726 1898 64 26 their

1269 1929 81 25 varied
1366 1931 114 31 products
1497 1934 26 24 of
1551 1942 76 24 grass,
1655 1939 133 31 root-crops

1270 1966 48 25 and
1329 1969 76 25 cereal
1414 1970 47 25 and
1475 1979 64 18 seem
1557 1975 27 25 to,
1593 1973 37 26 vie
1642 1975 59 25 with
1728 1977 59 25 each

1269 2006 70 24 other
1350 2006 26 25 m
1388 2007 50 25 still
1448 2009 134 33 producing
1590 2011 53 26 well
1654 2013 134 26 condition-

1269 2042 30 24 ed
1310 2043 90 31 b.orses,
1414 2047 80 29 cattle,
1507 2048 83 34 sheep,
1600 2049 54 31 pigs
1665 2051 48 25 and
1724 2051 64 26 their

1270 2084 162 25 eonomitants
1460 2086 74 25 about
1561 2088 43 24 the
1625 2089 63 25 farm
1719 2092 67 31 yard,

1269 2119 72 26 while
1353 2121 41 25 the
1404 2123 156 31 implements
1571 2126 49 24 and
1647 2128 140 33 machinery

1270 2160 161 34 employedjn
1454 2164 55 25 seed
1531 2166 59 24 time
1612 2167 49 25 and
1681 2168 105 31 harvest,

1268 2199 83 25 makes
1356 2208 46 17 one
1410 2201 46 26 feel
1467 2202 55 25 that
1532 2203 42 24 the
1585 2212 100 25 average
1698 2206 90 26 Greer-

1269 2235 53 26 dale
1341 2237 89 26 farmer
1451 2247 27 17 as
1505 2241 98 31 regards
1622 2242 51 25 this
1691 2246 96 24 world's

1268 2276 74 30 goods
1353 2277 21 25 is
1384 2285 33 18 no
1424 2279 72 25 small
1503 2288 57 17 man
1571 2281 26 24 m
1609 2281 39 25 his
1667 2290 54 18 own
1732 2293 55 23 eyes

1267 2320 46 17 nor
1323 2316 40 29 yet
1373 2316 26 24 m
1410 2316 43 25 the
1464 2324 56 25 eyes
1537 2317 26 25 of
1582 2319 39 24 his
1642 2320 142 33 neighbour.

1299 2351 73 27 From
1386 2353 134 27 Greendale
1532 2356 41 24 tha
1584 2359 59 23 next
1651 2358 46 31 day
1705 2359 13 24 I
1729 2361 57 24 rode

1268 2392 24 23 to
1314 2391 141 27 Ashburton
1465 2394 39 24 via
1525 2394 101 26 Bakaia.
1661 2396 52 26 The
1728 2398 58 27 land

1266 2429 38 26 for
1312 2438 73 25 many
1397 2433 69 24 miles
1478 2434 93 24 around
1591 2435 94 26 Bakaia
1708 2446 77 19 seems

1267 2471 25 24 to
1304 2470 28 26 be
1344 2472 73 25 taken
1437 2481 33 24 up
1490 2474 145 33 principally
1655 2476 38 25 for
1711 2478 73 32 sheep

1266 2517 60 18 runs
1348 2511 49 25 and
1417 2512 120 33 although
1557 2514 57 26 here
1641 2516 49 25 and
1718 2518 68 26 there

1268 2548 97 26 smaller
1376 2549 113 33 holdings
1499 2551 38 25 for
1555 2552 155 31 agricultural
1729 2564 56 24 pur-

1266 2594 70 23 poses
1347 2595 55 23 may
1414 2587 29 26 be
1452 2596 58 17 seen
1520 2589 43 25 the
1574 2590 45 25 soil
1628 2591 21 24 is
1656 2592 27 23 of
1689 2601 14 15 a
1712 2592 72 32 ligtt-

1267 2630 26 17 er
1303 2625 86 23 nature
1400 2624 49 24 aud
1457 2626 43 23 not
1511 2625 72 33 likely
1591 2625 37 26 for
1636 2636 15 16 a
1659 2629 58 31 long
1726 2631 60 26 time

1266 2664 26 22 to
1303 2670 76 22 come,
1392 2665 25 23 to
1428 2664 29 25 be
1468 2665 74 25 much
1553 2665 27 26 of
1588 2674 15 17 a
1614 2666 72 27 home
1697 2669 37 25 for
1744 2671 42 26 the

1267 2704 72 24 small
1349 2703 96 27 farmer.
1481 2705 52 25 The
1545 2708 64 23 town
1616 2707 68 25 itself
1693 2709 91 33 though

1266 2739 91 34 having
1379 2750 14 16 a
1414 2743 45 25 few
1480 2744 147 31 respectable
1656 2742 121 38 buildings
1780 2754 6 10 1

1267 2782 109 30 presents
1388 2790 14 17 a
1414 2782 70 26 bleak
1495 2791 147 25 appearance
1662 2787 58 25 with
1744 2789 42 26 but

1266 2819 65 24 little
1341 2819 111 27 business
1464 2829 27 17 or
1502 2824 153 24 commercial
1678 2826 106 33 activity.

1269 2858 51 25 The
1332 2860 67 30 place
1416 2860 45 25 has
1480 2862 66 31 quite
1569 2870 14 16 a
1605 2862 95 34 hungry
1722 2865 62 32 look,

1268 2898 48 25 and
1327 2899 42 25 the
1379 2901 84 31 people
1475 2909 65 17 seem
1551 2911 28 16 as
1590 2903 19 24 it
1627 2904 58 31 they
1707 2907 79 24 would

1268 2937 55 24 take
1334 2945 14 17 a
1360 2937 63 26 little
1433 2946 67 17 more
1511 2940 21 23 if
1541 2940 57 32 they
1609 2942 79 25 could.

1299 2975 52 24 The
1363 2975 108 26 distance
1486 2976 62 25 from
1560 2977 92 25 Bakaia
1675 2980 25 23 to
1722 2980 62 26 Ash-

1267 3011 88 27 burton
1365 3013 23 26 is
1398 3014 75 25 about
1489 3016 111 31 eighteen
1620 3018 71 25 miles
1713 3021 73 33 along

1268 3051 50 25 this
1329 3053 76 27 route,
1418 3052 74 26 much
1503 3054 27 24 of
1539 3054 42 25 the
1604 3055 59 26 land
1685 3065 100 25 appears

1268 3092 26 24 to
1304 3090 30 26 be
1345 3091 26 25 of
1380 3092 106 26 medium
1499 3093 99 33 quality,
1611 3103 15 16 a
1643 3095 46 26 few
1715 3099 71 33 fairly

1267 3130 62 33 good
1345 3132 75 25 farms
1442 3140 56 25 may
1517 3133 29 26 be
1564 3142 57 17 seen
1642 3137 73 33 along
1737 3139 50 27 this

1267 3172 58 24 road
1337 3172 58 25 with
1406 3172 57 26 here
1475 3173 48 25 and
1540 3174 67 26 there
1629 3177 157 29 comfortable

1267 3210 161 28 homesteads.

1301 3260 142 26 Ashburton
1454 3262 22 24 is
1487 3270 14 17 a
1523 3264 74 24 much
1619 3264 80 33 larger
1722 3268 62 25 town

1267 3297 61 25 than
1339 3298 13 24 I
1363 3299 114 30 expected
1488 3302 25 22 to
1524 3299 52 25 find
1590 3301 27 28 it,
1630 3303 46 23 and
1699 3304 22 23 is
1744 3306 41 24 the

1267 3338 81 24 centre
1359 3337 26 25 of
1394 3346 15 17 a
1419 3347 57 23 very
1486 3338 66 32 large
1573 3340 49 25 and
1644 3348 142 26 prosperous

1266 3374 157 31 agricultural
1434 3375 48 25 and
1490 3377 106 31 pastoral
1603 3381 101 31 country
1711 3387 75 27 many

1266 3413 27 26 of
1303 3413 41 26 the
1355 3413 110 27 business
1487 3416 80 31 places
1589 3425 41 18 are
1651 3419 66 32 large
1736 3422 49 25 and

1266 3453 54 26 well
1331 3454 106 29 s-tocked,
1446 3455 48 25 and
1504 3459 66 23 most
1586 3457 27 25 of
1621 3458 42 25 ihe
1674 3459 111 28 business

1266 3494 84 32 people
1361 3502 64 18 seem
1437 3497 26 23 to
1485 3495 28 26 be
1551 3504 58 18 men
1620 3498 27 25 of
1656 3498 69 27 heart
1736 3503 50 25 and

1266 3540 58 17 men
1335 3533 27 23 of
1370 3533 89 25 action.
1517 3534 38 24 On
1562 3528 99 33 'market
1672 3537 59 33 days
1743 3540 41 26 the

1267 3572 65 22 town
1339 3570 21 24 is
1372 3578 56 17 seen
1435 3572 25 23 to
1471 3570 33 26 its
1512 3571 53 26 best
1576 3573 143 34 advantage,
1731 3584 55 18 now

1266 3609 21 25 it
1297 3608 21 26 is
1329 3608 55 26 that
1393 3610 42 24 the
1445 3610 101 26 farmers
1557 3610 49 26 and
1627 3613 64 25 their
1713 3616 73 25 wives

1268 3652 63 22 sons,
1343 3646 49 24 and
1403 3645 130 34 daughters
1544 3656 68 18 come
1624 3651 25 25 to
1671 3653 66 25 town
1758 3652 28 27 iv

1268 3686 64 24 their
1346 3685 101 32 buggies
1468 3687 49 25 and
1536 3683 69 37 'faaps
1626 3690 65 26 from
1710 3700 76 26 many

1268 3722 71 25 miles
1349 3724 100 25 around.
1484 3723 52 28 The
1546 3726 51 26 fot>t
1599 3742 6 15 :
1608 3728 72 31 paths
1692 3737 40 18 are
1743 3730 45 26 As-

1268 3762 99 32 phalted
1378 3763 48 25 and
1438 3764 42 25 the
1501 3765 108 35 Bailway
1623 3768 96 27 Station
1729 3771 22 26 is
1762 3772 28 25 m

1268 3801 42 27 the
1321 3807 82 22 centre
1414 3805 30 26 of
1449 3805 42 26 the
1503 3808 64 24 town
1579 3808 71 26 while
1662 3810 41 25 the
1725 3810 66 33 large

1268 3843 69 31 grain
1344 3844 49 23 arid
1403 3845 71 25 other
1485 3850 77 21 stores
1570 3844 40 29 ire
1619 3850 172 26 conveniently

1883 163 104 26 situated
1999 167 107 30 opposite
2127 167 41 24 the
2189 168 68 23 main
2276 169 74 22 street
2369 174 32 17 on

1883 203 40 25 the
1935 204 70 25 other
2019 206 50 24 side
2089 207 26 24 of
2125 207 40 24 the
2188 205 58 26 line.
2280 207 53 24 The
2354 206 45 25 im-

1881 249 83 18 mense
1975 242 100 34 holding
2083 245 108 31 capacity
2201 245 26 25 of
2234 245 67 25 thoso
2312 247 85 26 stores,

1880 280 111 31 together
2011 282 60 24 with
2104 282 41 26 the
2165 285 65 30 large
2251 283 104 25 number
2373 283 27 25 of

1879 317 123 32 Waggons
2024 320 48 24 and
2083 320 71 32 drays
2165 322 97 30 coming
2272 322 27 23 m
2311 321 85 25 loaded

1880 356 58 25 with
1950 358 68 31 grain
2027 367 70 24 every
2105 361 112 30 morning
2225 361 26 24 m
2261 361 41 24 the
2311 369 85 17 season

1880 403 124 23 surpasses
2015 397 119 33 anything
2155 400 13 23 I
2179 399 61 25 have
2262 408 56 16 ever
2340 408 56 17 seen

1878 435 27 23 m
1916 443 14 16 a
1941 438 101 30 country
2065 440 63 22 town
2151 439 24 24 m
2198 439 58 24 New
2279 439 115 25 Zealand.

1879 472 51 25 The
1939 473 84 26 homes
2034 475 27 24 of
2067 477 40 23 the
2119 475 126 33 labouring
2255 478 89 23 classes
2355 485 41 16 are

1877 513 51 24 also
1939 521 66 18 more
2017 515 155 25 comfortable
2185 516 60 25 than
2257 516 42 25 the
2311 516 85 25 homes

1876 550 28 24 of
1907 558 99 23 persons
2017 553 134 31 occupying
2161 553 94 25 similar
2277 555 119 30 positions

1875 588 27 24 m
1913 589 89 25 almost
2013 598 47 24 any
2072 591 32 25 of
2116 599 25 17 or
2151 593 55 30 part
2225 592 54 25 that
2299 593 10 23 I
2332 592 62 25 have

1876 627 60 25 been
1944 629 34 29 m,
1992 638 25 16 so
2030 630 53 25 that
2095 631 83 32 taking
2189 632 34 24 ail
2242 632 26 24 m
2292 632 40 29 all,
2353 633 43 24 the

1874 670 87 22 nature
1983 670 48 23 and
2050 670 92 32 quality
2163 671 26 25 of
2206 671 42 25 the
2276 672 54 27 soil,
2354 672 41 24 the

1876 704 97 30 Downs,
1985 706 85 26 Plains
2081 708 46 24 and
2148 708 100 32 marshy
2269 709 66 28 land,
2357 711 35 23 to-

1874 744 85 30 gether
1970 746 58 24 with
2048 746 40 24 the
2109 748 105 28 climate,
2240 748 42 24 the
2302 748 92 32 ability,

1874 790 95 24 energy,
1982 785 47 23 and
2036 786 139 30 preserving
2185 786 112 31 industry
2309 787 27 25 of
2352 787 42 25 the

1875 821 140 26 Ashburton
2031 823 88 26 farmer
2131 826 83 24 makes
2222 826 20 24 it
2253 834 46 16 one
2311 826 26 25 of
2351 826 42 25 the

1876 862 64 23 most
1951 869 141 23 prosperous
2112 864 155 31 agricultural
2287 865 107 26 districts

1876 899 13 24 I
1900 899 61 26 have
1983 909 56 16 seen
2061 902 26 24 m
2110 903 41 25 the
2177 906 108 30 country.
2319 904 73 27 From

1876 939 139 26 Ashburton
2031 942 14 23 I
2060 943 131 31 proceeded
2210 944 24 24 to
2262 944 130 26 Geraldine

1874 977 40 25 via
1924 978 41 24 the
1980 978 80 26 Hinds
2088 981 47 24 and
2162 981 145 31 llangitaka.
2341 983 52 24 The

1875 1018 102 29 country
1992 1009 73 39 along
2080 1018 50 24 this
2158 1021 68 22 route
2253 1019 22 24 is
2302 1021 89 30 mostly

1876 1061 74 23 oper,-
1958 1053 41 25 the
2010 1055 58 24 land
2078 1056 71 31 light,
2162 1057 48 23 and
2227 1057 95 25 settlers
2339 1058 53 28 few,

1876 1091 43 24 but
1930 1099 33 17 on
1989 1092 101 32 nearing
2111 1094 129 24 Geraldine
2252 1103 14 15 a
2293 1095 101 25 marked

1873 1129 176 29 improvement
2060 1129 68 25 takes
2144 1131 74 31 place,
2236 1131 156 25 homesteads

1874 1164 97 26 become
1998 1174 67 17 more
2095 1175 139 21 numerous,
2269 1169 49 24 and
2351 1169 41 24 the

1874 1201 99 33 fertility
1984 1204 27 24 of
2019 1205 42 23 the
2070 1205 45 24 soil
2122 1212 66 18 more
2199 1205 106 25 assured.
2340 1206 52 26 The

1874 1242 62 24 bush
1952 1243 127 38 is^.ilmost
2095 1244 94 25 worked
2206 1247 49 26 out,
2273 1245 45 26 brt
2351 1246 41 25 the

1872 1280 59 25 land
1946 1280 22 25 is
1984 1281 27 25 of
2025 1289 32 17 an
2074 1283 118 24 excellent
2209 1282 100 33 quality,
2344 1284 48 24 and

1872 1320 62 25 from
1946 1329 32 16 an
1994 1322 108 25 elevated
2119 1322 105 31 position
2240 1323 91 25 behind
2347 1324 43 25 tho

1873 1359 72 27 town,
1958 1366 45 17 one
2014 1359 97 26 obtains
2127 1369 15 16 a
2158 1360 110 32 splendid
2285 1361 59 25 view
2368 1363 26 23 of

1873 1397 41 25 the
1926 1400 101 29 country
2043 1400 36 24 for
2106 1400 71 25 mile
2190 1400 4 25 3
2204 1400 100 25 around.
2339 1402 52 23 The

1873 1433 94 33 clumps
1984 1435 26 24 of
2025 1437 62 24 twes
2103 1437 27 24 m
2145 1437 43 25 the
2205 1437 114 29 distance,
2349 1438 42 26 the

1872 1473 47 26 live
1932 1474 88 30 fences,
2039 1475 79 26 stacks
2135 1477 26 24 of
2175 1485 65 21 corn,
2258 1477 42 25 the
2317 1478 73 32 sheep

1872 1515 49 23 and
1953 1517 74 24 cattle
2042 1517 100 31 grazing
2158 1517 26 24 m
2201 1517 42 24 the
2258 1517 129 31 paddocks,

1872 1554 48 24 and
1937 1554 123 25 abundant
2078 1555 68 24 other
2163 1556 124 25 evidences
2312 1557 27 24 of
2351 1557 38 24 in-

1872 1593 91 31 dustry,
1975 1594 83 25 makes
2069 1603 45 16 one
2130 1595 45 24 feel
2192 1595 50 24 this
2253 1595 21 25 is
2291 1604 14 16 a
2321 1596 68 32 place

1873 1633 31 25 he
1916 1633 69 25 could
1996 1634 47 25 live
2057 1635 33 24 m.

1904 1669 51 27 The
1970 1674 63 23 town
2049 1673 68 25 itself
2130 1673 21 25 is
2168 1673 96 25 neither
2279 1673 66 33 large
2362 1682 27 17 or

1871 1712 128 30 imposing,
2011 1714 20 22 it
2039 1713 45 24 hag
2095 1721 44 15 one
2152 1713 58 32 long
2221 1713 67 24 main
2306 1716 81 26 street,

1871 1751 47 23 and
1947 1753 90 23 several
2064 1752 94 24 shorter
2191 1760 59 17 ones
2270 1753 119 32 'running

1870 1798 75 17 cross-
1948 1791 67 29 wise,
2032 1792 59 25 with
2109 1792 89 25 houses
2213 1799 33 19 on
2262 1800 45 17 one
2340 1793 51 25 side

1872 1830 65 31 only>
1955 1832 68 24 there
2050 1840 40 17 are
2118 1840 14 16 a
2159 1833 45 25 few
2231 1832 71 32 fairly
2328 1833 63 32 good

1872 1867 130 33 buildings,
2015 1869 43 24 but
2070 1870 41 24 the
2125 1870 85 31 people
2226 1870 62 26 have
2304 1873 43 23 not
2363 1878 28 18 as

1872 1909 41 30 yot
1924 1916 61 24 gone
1997 1909 26 24 m
2033 1910 37 24 for
2084 1909 177 25 Architectural
2269 1910 121 31 grandeur

1873 1946 48 23 and
1932 1954 88 24 appear
2030 1947 82 33 wisely
2124 1950 98 23 content
2232 1949 24 24 to
2262 1948 48 25 live
2321 1948 69 25 with-

1871 1984 27 24 in
1916 1984 62 25 their
1994 1993 92 23 means,
2114 1985 42 25 tho
2184 1986 136 25 side-walks
2350 1994 41 17 are

1872 2025 113 29 partially
2011 2025 134 31 asphalted,
2175 2026 49 23 and
2257 2034 65 22 upon
2349 2026 42 23 the

1872 2061 79 26 whole
1961 2062 42 25 the
2014 2063 114 31 Borough
2139 2070 78 17 seems
2226 2065 25 22 to
2262 2063 59 31 keep
2332 2071 59 24 pace

1872 2099 59 25 with
1949 2100 41 24 the
2006 2100 80 25 times.

1904 2137 109 26 Temuka
2024 2138 79 26 which
2119 2138 21 26 is
2168 2147 14 17 a
2208 2138 75 26 much
2309 2139 80 32 larger

1871 2177 66 23 town
1953 2176 22 25 is
2002 2176 73 26 about
2099 2177 85 24 twelve
2199 2177 71 25 miles
2287 2177 100 30 distant,

1874 2214 42 25 the
1944 2215 136 26 side-walks
2113 2224 41 17 are
2187 2216 132 32 asphalted,
2349 2217 42 25 the

1873 2255 86 22 streets
1970 2254 70 31 fairly
2051 2254 69 31 good,
2149 2254 41 25 the
2218 2254 121 32 buildings
2366 2254 27 25 of

1996 2291 99 32 quality,
2113 2291 59 25 with
2184 2292 56 23 here
2257 2291 48 25 and
2321 2292 68 25 there

1873 2328 138 33 something
2022 2329 82 25 rather
2117 2329 107 32 superior
2239 2331 26 23 m
2293 2329 96 25 Archit-

1872 2366 92 24 ectural
1979 2366 91 30 design.
2105 2367 51 23 The
2173 2369 101 30 country
2298 2368 93 22 around

1872 2404 21 24 is
1904 2404 69 31 good,
1986 2404 48 24 and
2045 2411 27 17 as
2084 2404 58 31 long
2158 2411 27 17 as
2202 2404 41 24 the
2259 2404 77 31 prices
2364 2404 26 24 of

1872 2441 77 31 grain,
1961 2441 63 24 wool
2034 2442 48 24 and
2093 2444 96 23 mutton
2201 2441 58 33 keep
2271 2449 40 25 up,
2328 2442 59 25 with

1872 2488 31 17 an
1916 2488 100 24 average
2032 2483 102 23 amount
2150 2482 27 25 of
2190 2482 110 32 industry
2318 2490 72 23 many

1873 2520 27 25 of
1916 2520 40 25 the
1972 2521 84 31 people
2072 2521 50 25 will
2138 2521 47 25 live
2201 2522 48 24 and
2265 2529 64 24 grow
2345 2522 44 24 fat.

1907 2560 194 32 Pleasant-point
2112 2562 21 23 is
2150 2570 15 16 a
2181 2561 72 25 small
2269 2561 120 32 township

1875 2599 73 24 about
1959 2601 58 22 nine
2034 2601 70 22 miles
2120 2601 62 23 from
2199 2601 115 28 Temuka,
2343 2601 48 24 an
2398 2599 6 30 3

1874 2637 108 24 between
1991 2637 41 24 the
2043 2639 47 23 two
2107 2637 80 32 places
2203 2637 68 25 there
2286 2637 22 25 is
2325 2646 66 16 some

1874 2683 57 24 very
1947 2675 119 26 excellent
2077 2675 65 30 land,
2161 2684 26 16 so
2198 2684 56 23 very
2271 2677 83 30 strong
2370 2675 21 25 is

1875 2715 41 25 the
1928 2723 8 16 i
1942 2715 31 25 oil
1989 2715 54 25 that
2053 2715 37 24 for
2107 2716 41 24 the
2158 2715 54 25 first
2229 2723 55 24 crop
2300 2723 28 17 or
2344 2718 47 23 two

1874 2753 26 24 m
1912 2761 54 16 case
1978 2753 26 25 of
2017 2754 95 28 cereals,
2130 2753 42 25 the
2199 2754 112 31 strength
2335 2761 56 24 goes

1874 2792 90 26 almost
1980 2792 89 33 wholly
2095 2793 52 25 into
2165 2793 41 25 the
2234 2796 80 26 straw,
2343 2794 49 24 and

1874 2832 71 25 when
1961 2841 59 16 once
2036 2832 77 24 under
2133 2832 141 25 cultivation
2291 2834 46 24 five
2365 2841 27 17 or

1874 2872 37 25 six
1923 2880 68 24 crops
2003 2872 26 25 of
2037 2872 79 26 wheat
2127 2880 45 17 can
2183 2872 29 25 be
2221 2872 72 26 taken
2305 2872 35 26 off
2349 2873 42 25 the

1874 2919 67 17 same
1952 2912 59 24 land
2026 2912 27 24 m
2081 2913 135 23 succession
2243 2912 59 24 with
2329 2913 62 31 good

1873 2951 97 23 results.
2004 2951 78 23 There
2097 2951 22 23 is
2135 2951 111 24 however
2262 2959 14 15 a
2293 2951 58 23 kind
2368 2952 26 22 of

1873 2990 61 31 grub
1945 2990 42 25 the
2003 2990 101 32 product
2119 2990 26 24 of
2159 2990 41 25 the
2217 2990 82 25 brown
2315 2989 77 26 beetle

1873 3030 80 25 which
1970 3030 21 24 is
2018 3037 57 24 very
2091 3030 144 25 destructive
2262 3032 25 23 to
2314 3039 75 23 grass,

1872 3076 58 17 corn
1942 3069 33 24 &c
1986 3068 26 24 m
2027 3067 49 25 this
2092 3067 104 33 locality,
2225 3067 48 26 and
2300 3069 92 31 greatly

1872 3108 117 26 militates
2006 3109 95 31 against
2117 3107 42 26 the
2176 3116 95 18 success
2299 3109 26 25 of
2350 3109 41 25 tho

1872 3150 97 24 farmer.

1874 3260 378 28 WAIMAKAItIRI-ASHLEY
2262 3260 129 26 WATER-

2002 3298 128 25 SUPPLY
2142 3298 120 28 BOARD.

1907 3382 60 25 This
1978 3382 80 25 Board
2069 3381 57 26 held
2137 3390 15 16 a
2171 3382 89 32 special
2285 3382 107 31 meeting

1873 3425 26 23 at
1911 3423 122 32 Rangiora
2041 3423 125 32 yesterday
2177 3423 132 27 afternoon,
2320 3422 71 24 when

1874 3462 68 24 there
1969 3469 63 17 were
2048 3463 97 30 present
2147 3476 30 3 —
2177 3461 40 25 Mr
2244 3461 23 24 J.
2291 3460 100 24 Dobson

1874 3500 164 33 (Chairman),
2051 3500 48 25 and
2110 3500 90 24 Messrs
2211 3499 31 24 E.
2255 3498 134 31 Chapman,

1874 3540 29 25 T.
1916 3538 98 33 Pashby
2026 3539 48 26 and
2086 3539 30 25 E.
2136 3539 98 25 Wilder.

1908 3580 21 25 A
1940 3580 72 25 letter
2020 3587 49 17 was
2076 3579 57 25 read
2141 3579 61 24 from
2210 3578 40 24 Mr
2258 3577 33 25 M.
2300 3577 88 29 Dixon,

1874 3622 26 21 to
1911 3619 42 24 the
1965 3619 69 23 effect
2046 3619 54 23 that
2110 3618 31 23 he
2152 3617 78 24 would
2246 3624 86 24 oppose
2360 3616 31 30 hy

1874 3658 33 25 all
1912 3658 66 32 legal
1986 3657 75 26 forms
2069 3657 41 25 the
2119 3656 94 31 cutting
2220 3655 27 25 of
2249 3656 67 30 large
2324 3662 66 17 races

1874 3696 107 32 through
1994 3695 40 26 his
2054 3695 119 31 property,
2196 3693 48 25 and
2265 3692 125 31 returning

1875 3736 41 25 the
1928 3738 74 23 water
2013 3738 24 23 to
2060 3735 40 24 the
2130 3732 166 26 Waimakariri
2317 3732 70 24 river.

1874 3775 42 24 Mr
1926 3775 82 24 Dixon
2019 3773 50 25 also
2081 3774 72 23 wrote
2165 3771 120 31 objecting
2295 3772 25 23 to
2340 3778 49 17 cer-

1874 3813 53 25 tain
1938 3813 143 25 statements
2090 3810 69 24 made
2171 3808 29 32 by
2209 3808 41 24 the
2258 3808 132 24 Chairman

1872 3853 27 25 to
1910 3851 40 25 Mr
1962 3850 30 25 E.
2006 3850 24 26 fc.
2044 3848 98 31 Harley,
2151 3846 29 25 of
2188 3846 40 25 the
2250 3846 69 25 Loan
2340 3845 49 26 and

564 49 296 32 OXFOEDAND
901 47 103 31 OUST
1031 46 234 38 .OBSEBVER
1308 49 231 38 SATUBDA^,
1582 34 248 56 4tjriuST27,
1873 49 86 30 1692.
