2510 4029
600 488 219 39 PUBLISHED
864 492 132 37 EVERY
1040 494 257 38 WEDNESDAY
1339 498 88 37 AND
1472 501 226 38 SATURDAY
1744 503 202 39 MORNING.

694 605 109 31 PORT
824 607 256 33 NICHOLSON.
1104 607 225 37 SATURDAY
1349 614 209 38 MORNING,
1579 619 105 30 JULY
1707 624 29 31 8,
1762 623 87 28 1843.

2258 628 92 40 [Vol.
2373 633 51 30 IV.

111 600 63 32 No.
198 598 89 40 261.]

45 53 2427 34 THE

45 87 383 124 NEW
556 87 894 124 ZEALAND
1578 87 894 124 GAZETTE

45 211 2427 124 AND

45 335 971 124 WELLINGTON
1113 335 291 124 AND
1501 335 971 124 SPECTATOR.

193 692 54 21 For
269 693 115 21 London
409 694 96 25 direct,

225 727 30 19 To
264 727 42 19 sail
314 727 24 19 in
347 727 30 19 all
384 727 91 28 August,

99 758 75 35 nJSqL
223 763 93 23 'TIHE
344 763 44 22 fine
419 764 53 23 fast-
485 765 82 26 sailing
593 766 50 27 brig

366 791 180 25 NELSONj

84 811 130 38 i*2or^jfr
237 816 86 27 George
348 817 115 22 Maclaren
487 821 88 25 master,
596 819 46 23 will

235 849 24 14 B&
259 842 17 21 R
285 843 7 21 *
295 850 14 14 n
319 851 13 13 &
332 842 17 22 H
359 844 96 26 August.

60 865 159 30 ISSmSSSSP
262 869 44 22 for
321 870 82 27 freight
419 878 24 14 or
461 878 99 20 passage,
581 873 61 26 early

229 896 139 27 -application
379 897 19 21 is
410 904 118 21 necessary
538 902 23 18 to

371 929 83 22 Waitt
467 931 47 21 and
528 932 86 21 Tvseu.

84 958 143 28 Wellington,
239 960 58 21 June
308 961 33 25 15,
354 962 59 20 1843.

56 1009 91 49 FOR
161 1009 86 28 SALE,
263 1018 28 14 ex
305 1012 117 26 Margaret,
432 1013 49 25 &c,

129 1036 27 20 25
170 1036 78 22 tierces
257 1037 57 27 beef,

81 1064 14 20 3
110 1065 50 18 tons
169 1062 95 22 colonial
275 1063 52 28 hay,

81 1090 14 20 3
111 1091 49 19 tons
170 1089 61 21 Siam
241 1096 73 21 sugar,

81 1117 28 19 30
123 1115 83 22 barrels
216 1115 86 25 bottled
313 1117 41 26 ale,

55 1149 3 4 '
81 1143 28 19 50
123 1141 69 22 boxes
200 1145 43 20 tea,

80 1169 29 21 50
123 1167 38 22 ash
175 1176 56 19 oars,

80 1196 29 20 30
123 1197 47 19 tons
172 1201 3 4 1
180 1195 57 27 coal,

79 1221 61 26 Port,
153 1221 81 28 sherry,
247 1223 43 21 and
306 1223 103 22 Madiera
418 1224 23 22 in
456 1225 76 26 bottle,
544 1225 95 22 Ruther-

52 1247 52 21 ford
114 1247 44 22 and
166 1248 75 28 Drury
245 1249 16 21 's
270 1250 78 27 brand,

80 1274 101 28 Liquers,
193 1275 22 21 in
226 1276 72 22 dozen
309 1284 67 20 cases,

80 1301 151 28 Champagne,

80 1327 97 27 Brandy,
187 1335 58 19 rum,
258 1329 42 21 and
309 1329 39 28 gin
358 1330 23 22 in
391 1330 73 27 hhds.,

78 1355 29 19 30
122 1357 47 18 tons
179 1355 49 23 b.est
238 1356 92 27 Sydney
341 1357 64 26 flour,

81 1381 29 20 50
124 1383 49 19 tons
183 1381 88 23 Chilian
281 1383 65 27 flour,
358 1392 28 13 ex
398 1385 104 24 Cheerful.

368 1418 83 22 Waitt
466 1419 43 22 and
524 1420 84 22 Tyser.

302 1468 89 21 Seeds.

53 1500 73 48 ON
136 1497 84 31 SALE,
232 1505 23 18 at
264 1502 37 22 the
311 1503 85 21 Gazette
402 1505 85 26 Office,,
488 1505 21 21 in
517 1506 120 27 quantities

130 1531 23 17 to
160 1528 43 22 suit
212 1528 143 28 purchasers,'
361 1529 37 23 the
407 1531 113 27 following
529 1533 63 22 seeds
601 1541 5 13 :—:
609 1545 27 3 —

78 1560 76 22 Sword
163 1561 104 27 long-pod
280 1562 64 27 bean,

78 1592 119 28 Long-pod
206 1593 65 27 bean,

78 1626 109 27 Speckled
198 1627 72 22 dwarf
276 1627 84 29 kidney
370 1629 63 27 bean,

78 1658 73 21 Broad
161 1658 65 28 beau,

77 1689 75 22 Horse
160 1690 66 27 bean,

76 1716 85 22 Scarlet
170 1724 91 19 runner,

75 1743 68 26 Early
153 1743 109 23 Warwick
273 1753 47 19 pea,

74 1769 69 28 Early
155 1771 114 22 Mazarine
278 1780 49 19 pea,

75 1795 104 24 Prussian
191 1798 50 22 blue
251 1806 49 19 pea,
389 1819 5 2 .
428 1811 3 5 •

74 1823 108 24 Nonsuch
193 1825 53 28 pea,'
275 1838 3 3 ■
360 1829 5 12 !
400 1827 3 5 '
453 1840 3 2 •

74 1851 57 23 Blue
140 1853 100 26 imperial
250 1860 49 19 pea,

75 1879 92 27 Spanisli
177 1879 71 22 dwarf
255 1887 49 20 pea,

74 1906 71 27 Large
156 1907 96 26 cabbage
262 1907 91 26 lettuce,

73 1933 132 21 Drumhead
214 1933 98 27 cabbage
321 1934 99 27 lettuce,'
631 1936 3 8 '

72 1959 103 27 Cabbage
187 1959 89 27 lettuce,

73 1985 163 23 Whiteselesia
245 1987 88 26 lettuce,

73 2034 114 22 JBattersea
198 2037 105 26 cabbage,

73 2060 128 23 Drumhead
214 2063 105 28 cabbage,

73 2087 50 21 Red
134 2088 73 22 Dutch
218 2089 105 28 cabbage,

73 2114 92 22 Puller's
174 2115 60 28 early
244 2117 105 27 cabbage,

73 2140 71 22 Vanal
156 2142 104 27 cabbage,

72 2167 104 22 Prussian
187 2169 66 21 white
264 2171 80 26 turnip,
647 2168 1 24 i

72 2194 85 22 Yellow
167 2195 76 21 Swede
254 2197 81 26 turnip,
647 2195 1 30 j

72 2220 81 27 Purple
160 2225 38 24 top
208 2223 76 21 Swede
295 2224 79 27 turnip,

73 2247 73 22 White
156 2252 61 18 stone
229 2250 81 27 turnip,

72 2274 74 22 White
156 2275 55 21 horn
221 2276 82 27 turnip,

73 2300 69 22 Silver
152 2302 77 22 leayed
239 2303 58 27 beet,

71 2328 50 20 Red
130 2328 56 27 beet,

71 2354 74 21 White
155 2355 57 27 beet,

42 2386 4 3 ■
71 2381 107 27 Mangold
187 2383 98 26 wurtzel,

71 2407 139 27 Altringham
221 2413 79 24 carrot,

71 2434 66 28 Early
147 2435 54 21 horn
212 2440 78 23 carrot,

71 2461 63 27 Long
143 2469 79 20 orange
234 2467 79 24 carrot,

71 2487 73 23 White
154 2489 105 28 mustard,

71 2514 80 22 Curled
160 2522 64 20 cress,

70 2540 63 28 Long
142 2542 79 22 scarlet
230 2543 81 26 radish,

69 2567 73 23 White
152 2569 73 27 turnip
234 2569 81 27 radish,

69 2594 49 21 Red
126 2596 73 24 turnip
208 2596 82 27 radish,

70 2621 130 28 Strasburgh
208 2623 76 27 onion,

69 2647 77 23 Brown
158 2649 96 27 Spanish
264 2651 73 26 onion,
354 2653 3 4 '

69 2674 96 28 Parsnip,

69 2700 80 24 Curled
159 2703 93 27 parsley,

69 2727 73 23 Green
153 2729 76 22 curled
241 2730 80 23 endive

69 2754 105 23 Batavian
184 2756 87 28 endive,

69 2780 66 28 Leek,

69 2808 131 29 Asparagus,
224 2818 3 5 ■
534 2811 10 19 ?
550 2811 3 10 '

69 2834 41 21 Sea
120 2835 50 27 kail,
224 2848 3 3 •
520 2843 14 16 .*■
569 2853 9 6 „

69 2860 70 23 Globe
147 2870 88 21 savoys,
411 2874 3 5 •
517 2874 27 14 vi

69 2887 79 23 Curled
158 2890 90 26 brocoli,

67 2913 49 23 Red
125 2916 55 22 solid
190 2917 74 28 celery
274 2918 46 22 and
330 2919 65 22 white
407 2920 80 28 celery,

67 2940 101 24 Summer
177 2950 87 21 savory,
286 2961 4 3 .

67 2966 85 24 Winter
160 2977 85 20 savory,

66 2994 62 28 Sage,
184 3010 3 3 •
216 3015 3 3 .

65 3020 93 29 Thyme,

64 3046 101 24 Brussels
172 3053 95 24 sprouts,

63 3072 95 30 Borage,
181 3081 3 5 '

62 3100 118 28 Angelica,

62 3126 94 28 Salsafy,

62 3153 79 27 Sorell,

62 3179 122 29 Lavender,

39 3222 34 22 To
89 3225 164 26 Gentlemen
267 3229 148 28 intending
428 3232 29 19 to
471 3234 78 19 enter
562 3234 59 20 into

60 3251 45 21 the
132 3253 145 26 profitable
306 3257 109 24 pursuit
443 3258 31 21 of
501 3259 121 27 Grazing

61 3279 54 20 and
135 3280 137 28 Breeding
290 3282 93 26 Stock,
405 3284 43 21 for
466 3286 91 21 which
577 3288 44 20 the

61 3304 88 23 fertile
167 3307 111 22 Islands
301 3309 31 21 of
348 3309 69 22 New
434 3312 123 22 Zealand
576 3319 44 16 are

60 3336 30 15 so
106 3334 151 27 peculiarly
271 3336 126 27 adapted.

39 3363 12 17 r
51 3364 74 24 PHE
134 3367 153 28 undersigned
295 3370 45 28 beg
349 3372 113 22 toinforrh
471 3373 149 25 theirfriends

45 3394 26 17 A
102 3394 45 22 and
163 3394 37 23 the
215 3396 75 33 public
303 3399 125 27 .generally,
441 3400 53 22 -that
509 3401 56 28 they
574 3403 46 22 wall

39 3420 93 21 contract
154 3420 35 23 for
207 3420 38 24 the
270 3423 100 29 delivery
395 3427 27 20 of
441 3427 39 21 the
504 3427 116 28 following

39 3443 125 29 description
177 3448 26 22 of
210 3448 74 29 Stock,
290 3451 26 21 in
325 3458 45 21 any
379 3452 54 22 Port
443 3453 26 21 of
481 3453 38 23 the
530 3455 89 23 Islands

40 3471 22 18 of
66 3472 55 22 New
130 3473 100 24 Zealand
238 3483 35 14 :—

60 3500 93 27 Horned
167 3507 68 22 cattle
253 3508 126 28 (improved
391 3511 90 27 breeds)
497 3513 26 21 of
534 3512 31 23 all
581 3514 38 22 de-

40 3529 115 30 scriptions,

61 3554 88 31 Horses,
169 3559 59 23 from
249 3561 38 22 the
310 3561 51 23 best
379 3563 94 28 English
494 3566 45 22 and
555 3567 62 22 Arab

39 3584 61 38 !SiS?
117 3592 24 15 su
138 3588 22 34 is
161 3586 47 23 able
225 3587 36 22 for
278 3589 85 27 racing,
379 3591 83 28 saddle,
471 3600 28 17 or
507 3592 108 25 iharness.:

39 3609 38 20 and
84 3609 105 31 breeding
198 3621 81 21 mares,
478 3622 3 3 •
610 3612 5 10 '

62 3636 54 26 *Lure
125 3638 73 23 Saxon
208 3641 46 22 and
263 3641 87 23 merino
360 3650 64 21 ewes,

60 3664 115 23 Half-bred
191 3666 115 24 Leicester
319 3669 45 21 and
379 3671 87 22 merino
485 3679 64 16 ewes,
566 3681 50 15 nar-

40 3688 77 37 SS
116 3697 16 19 JJ
133 3718 13 13 f
140 3692 96 28 adapted
247 3694 24 22 fo
267 3721 6 5 .
273 3702 24 29 r^
292 3694 26 22 th
309 3695 16 36 J
327 3703 10 14 8
346 3703 26 15 co
373 3703 15 19 *
388 3700 38 18 ntr
425 3705 22 20 y.
459 3688 156 39 as-theyuUe

41 3718 70 21 weight
121 3718 25 20 of
152 3726 84 16 carcass
247 3721 53 22 with
309 3722 97 24 fineness
417 3725 26 21 of
448 3726 64 23 wool.

40 3761 33 18 olio
298 3756 43 14 can
368 3752 167 25 accommodate
562 3761 53 18 pur-

38 3768 59 39 !7
97 3775 22 14 I
122 3777 23 24 8,»
169 3772 58 23 their
237 3774 68 22 Stock
321 3775 54 22 with
391 3779 115 22 extensive
520 3764 94 43 gracing

38 3794 52 21 «n»s.
101 3796 74 23 within
184 3800 41 22 100
234 3801 65 22 miles
309 3802 26 21 of
341 3801 43 23 this
394 3803 60 23 Port.
598 3789 16 19 S

285 3834 35 22 W.
337 3835 25 22 B.
378 3836 95 24 Rhodes
488 3839 44 22 and
547 3840 37 22 Co.

39 3870 115 54 C^ifce
159 3877 40 23 1211
207 3879 64 24 PAR
271 3881 111 28 TIES,for
388 3883 49 24 sale
446 3890 65 19 attne
521 3888 88 23 Qazrtte

913 700 54 21 For
981 701 70 26 Sale,

674 734 156 47 WHEAT
851 735 66 22 AND
939 736 111 28 FLOUR,
1062 738 41 22 the
1120 739 99 27 produce
1237 740 22 22 of

674 785 7 11 i
704 786 19 10 ,r
738 786 12 10 
769 760 38 22 the
817 761 65 27 Hutt)
892 762 25 22 in
932 763 44 27 ba^
977 771 10 13 3
999 764 8 25 (
1007 765 42 21 200
1049 766 22 22 1&
1074 772 9 14 8
1083 766 18 26 >)
1115 770 23 17 »*
1154 767 34 23 *2
1202 768 55 25 10a.,

674 788 46 19 half
737 788 57 25 bagg
810 788 32 21 £1
864 790 32 20 ss.
934 790 59 28 Bags
1012 794 23 18 to
1050 791 32 22 ,be
1102 793 112 27 returned,
1235 800 24 14 or

674 814 96 26 charged
783 814 31 21 2s.
830 814 36 22 6d.
895 816 153 24 Alsoa^mall
1063 819 102 29 quantity
1174 820 26 20 of
1205 819 52 22 seed

674 845 74 21 spring
757 840 46 21 and
813 841 79 22 winter
901 842 73 22 wheat
983 844 45 21 and
1038 844 93 23 skinless
1141 845 82 28 barley.

701 875 74 28 Apply
784 880 28 18 to-
825 877 90 24 Messrs.
927 879 96 23 Rhodes
1038 880 47 22 and
1097 881 47 27 Co.,
1155 882 32 21 Te
1203 882 53 26 Aro,

674 909 25 14 or
708 905 21 19 to
739 903 45 22 Mr.
800 905 127 27 Swainson,
943 905 150 29 Hawkshead,
1104 908 70 22 River
1190 908 66 22 Hutt.

701 933 53 27 July
763 936 21 25 4,
798 936 59 21 1843.

701 978 64 20 Just
786 980 114 25 opened,
916 982 54 20 and
985 981 43 22 for
1049 983 60 21 Sale
1130 985 38 24 by
1182 985 45 20 the

866 1007 195 28 undersigned,

675 1038 248 35 r^ENTLEMEN'S
944 1041 143 29 Wellington,
1107 1044 61 27 drab,
1190 1044 64 22 black

674 1065 53 21 VJ
753 1065 87 27 button,
851 1066 45 22 and
905 1067 105 23 Clarence
1019 1070 72 26 boots,

700 1091 102 27 Blucher,
814 1093 111 27 Oxonian,
938 1094 44 21 and
996 1096 57 26 light
1068 1096 95 28 walking
1179 1096 73 28 shoes,

699 1117 107 28 Working
814 1120 71 20 men's
895 1120 75 22 nailed
982 1121 49 22 half
1038 1122 70 27 boots,

700 1143 66 36 Bpys|
776 1145 64 20 shoes
849 1145 45 22 and
904 1149 59 19 stout
971 1147 50 22 half
1028 1148 69 27 boots,

699 1169 66 23 Girls'
782 1171 43 21 and
839 1171 119 24 children's
975 1173 65 23 shoes
1050 1176 46 21 and
1106 1176 60 22 cloth
1175 1177 77 21 button

671 1196 69 27 boots,

699 1223 87 21 Ladies'
814 1224 61 22 cloth
903 1225 70 27 boots,
1002 1226 153 25 double-soled
1179 1230 72 26 shoes,

671 1249 112 27 Morocco,
795 1250 85 28 lasting,
890 1252 45 21 and
946 1253 85 22 French
1042 1258 74 24 carpet
1125 1256 98 27 slippers,

697 1275 46 22 The
763 1277 70 21 above
849 1279 89 21 articles
953 1287 36 14 are
1009 1280 26 21 of
1050 1288 13 14 a
1082 1289 54 20 very
1155 1283 97 24 superior

671 1301 138 28 description.

697 1329 37 21 An
743 1332 132 20 assortment
883 1332 26 20 of
916 1332 131 28 Stationery,
1060 1335 120 27 consisting
1189 1336 33 21 of:
1224 1347 28 4 —

688 1377 3 3 .
697 1355 57 28 Post,
767 1356 59 22 bank
835 1358 43 21 and
887 1358 98 28 foolscap
994 1367 75 19 paper,

697 1382 80 27 Demy,
788 1383 100 28 blotting,
901 1386 43 21 and
956 1386 101 27 imperial
1068 1395 45 20 cap,

697 1409 170 23 Memorandum
878 1412 75 27 books,
964 1414 105 26 assorted,

699 1434 89 29 Oblong
798 1436 87 29 clasped
894 1439 74 26 pencil
977 1440 75 26 books,

697 1462 91 22 Collins'
798 1463 112 28 indelible,
922 1466 106 27 assorted,

697 1489 104 21 Account
809 1489 75 28 books,
896 1492 57 21 from
964 1500 43 14 one
1017 1493 63 26 quire
1090 1495 106 27 upwards,

697 1515 94 28 Wafers,
802 1517 83 27 sealing
896 1526 55 19 wax,
963 1519 46 21 and
1017 1520 40 21 ink
1066 1521 106 27 powders,

697 1542 90 22 Artist's
796 1544 89 27 pencils,
893 1546 60 25 good
962 1546 92 27 writing,
1062 1548 45 21 and
1116 1550 134 24 carpenter's

668 1568 68 27 leads,

697 1595 59 22 Steel
765 1603 54 20 pens
829 1597 45 21 and
882 1606 44 19 pen
937 1598 95 28 holders,

697 1623 9 19 1
711 1623 11 19 1
733 1622 49 22 doz.
795 1624 88 21 Smith's
894 1632 55 20 copy
959 1625 60 27 slips,

697 1648 98 22 Gillott's
803 1649 75 23 school
887 1659 62 19 pens,
960 1653 72 27 quills,

695 1675 131 28 Envelopes,
838 1678 99 21 national
948 1679 75 22 school
1031 1679 73 29 slates,

696 1701 79 28 Coffee,
787 1706 42 23 tea,
840 1703 42 22 and
892 1705 85 21 refined
987 1713 71 20 sugar,
1073 1714 3 3 ■

695 1728 74 22 Prime
779 1729 57 22 Cork
846 1731 73 21 butter
928 1731 23 22 in
960 1732 82 27 firkins,
1056 1741 24 14 or
1089 1734 30 27 by
1128 1734 38 23 the
1177 1735 72 22 dozen

667 1755 105 28 pounds,,,

694 1783 28 20 40
734 1782 81 23 barrels
825 1783 109 28 superfine
944 1785 120 23 American
1076 1788 63 26 flour,

661 1814 4 26 ;
694 1809 120 22 American
824 1809 110 28 chopping
944 1818 59 21 axes,
1013 1813 49 22 iron
1073 1817 36 18 tea
1117 1814 86 28 kettles,

694 1835 12 21 6
722 1839 48 19 cwt.
791 1835 122 23 RoDWA-sr's
931 1842 78 23 patent
1032 1839 65 23 horse
1120 1841 64 22 shoes
1202 1842 46 21 and

665 1861 63 27 nails,
745 1861 16 22 I*
793 1869 2 6 '
908 1869 54 4 ••
1042 1870 2 4 ■

676 1908 3 6 ,
694 1887 74 23 Hall's
776 1889 60 27 glass
843 1891 143 28 gunpowder,
995 1893 88 26 powder
1092 1894 73 27 flasks,

694 1914 66 28 Ivory
784 1917 94 21 handled
906 1925 82 20 razors,
1013 1920 129 22 Cowovan's
1162 1922 85 22 Canton

664 1948 63 14 razor
735 1943 136 28 sharpeners,

662 1978 2 4 •
672 1967 6 14 :
693 1968 116 28 Crockery,
825 1969 116 28 including
959 1971 84 28 dinner,
1064 1974 119 28 breakfast,
1201 1975 46 22 and

665 1997 37 19 tea
706 1995 107 27 .services,
820 2009 4 5 <
854 2016 6 2 .
904 2000 57 18 <}*•>•
1006 2009 4 4 •
1054 1996 24 27 '.•
1108 2010 10 10 ,-
1127 2001 106 17 -^.•~^<

692 2021 54 21 Fine
757 2025 38 18 cut
803 2022 106 22 tumblers
920 2024 45 22 and
973 2025 58 21 wine
1038 2025 91 28 glasses,

693 2047 92 27 Pickles,
797 2048 90 27 vinegar
902 2050 24 21 in
941 2051 66 27 pints,
1018 2052 74 22 lemon
1104 2053 67 27 juice,
1183 2054 62 23 salad

666 2074 36 24 oil,
714 2081 82 20 capers,
807 2082 80 19 sauces,
899 2077 106 28 mustard,
1016 2079 62 26 pearl
1089 2079 83 28 barley,
1184 2088 60 19 sago,

666 2101 106 26 oatmeal,'
780 2101 44 21 and
834 2103 92 26 tapioca,

692 2126 68 22 Fresh
771 2128 85 21 salmon
866 2129 44 21 and
921 2137 64 20 soups
995 2131 22 21 in
1028 2133 111 27 canisters,

684 2166 3 5 •
693 2153 109 22 Hockins'
812 2159 75 22 patent
897 2156 87 22 seidlitz
993 2157 24 21 in
1029 2159 106 28 powders,

693 2180 56 21 Soda
760 2181 44 21 and
812 2181 78 27 ginger
901 2183 52 22 beer
962 2185 104 27 powders,

691 2206 168 28 Ras>pberryade
869 2209 44 21 and
922 2209 147 25 Cheltenham
1080 2213 59 26 salts,

692 2232 80 23 Steer's
792 2234 123 29 opodildoc,
932 2237 96 22 James's
1045 2239 95 28 powder,
1151 2240 94 27 Dalby's

664 2260 143 27 carminitive,

690 2286 80 22 Brown
781 2288 108 27 Windsor,
901 2289 73 28 fancy,
986 2291 44 21 and
1038 2291 93 28 shaving
1141 2301 69 20 soaps,

691 2312 95 23 Essence
802 2314 25 22 of
838 2315 85 27 ginger,
939 2317 85 28 brandy
1037 2319 85 28 bitters,
1138 2321 107 22 aromatic

664 2346 98 20 vinegar,
772 2341 23 21 iu
798 2341 136 25 exhaustible
946 2344 59 27 salts,

682 2372 3 4 '
691 2366 135 23 Permanent
833 2366 47 29 ink,
892 2371 103 26 scouring
1006 2371 70 31 drops,
1088 2373 95 28 pastiles,

691 2393 46 22 Salt
747 2394 26 21 of
779 2394 89 28 lemons,
881 2400 63 18 court
952 2397 97 30 plaister,
1073 2402 3 7 '

688 2420 120 22 -Lavender
816 2425 68 19 water
894 2423 49 22 Eau
953 2423 26 23 de
990 2425 104 28 Cologne,

690 2446 68 26 Bpars
766 2455 83 20 grease,
861 2449 50 22 cold
921 2457 81 20 cream,
1013 2459 109 17 macassar
1133 2453 36 27 oil,
1175 2454 68 21 .tooth

662 2474 94 26 powder,
768 2475 47 21 fee-

690 2500 87 22 Ladies'
793 2502 87 22 tortoise
896 2503 55 22 shell
968 2504 47 22 side
1031 2506 83 27 combs,
1135 2506 108 27 dressing,

662 2526 45 21 and
717 2527 64 22 small
789 2529 61 21 tooth
862 2531 83 21 combs.

690 2553 63 27 Hair,
784 2555 66 27 tooth,
882 2557 52 26 nail,
963 2557 100 29 shaving,
1072 2560 3 3 '
1089 2560 45 22 and
1161 2561 83 21 clothes

661 2580 98 28 brushes,

654 2629 1 5 ,
689 2606 78 28 Slates,
778 2608 55 22 slate
841 2609 88 29 cistern,
939 2611 97 27 hearths,
1048 2612 104 29 chimney
1162 2614 80 27 pieces,

689 2634 79 21 Hones
778 2635 43 22 and
830 2636 103 27 chimney
944 2641 54 23 pots,
1042 2641 3 7 '

688 2660 54 21 And
757 2668 119 16 numerous
890 2664 64 22 other
969 2665 93 27 articles,
1075 2666 71 23 which
1156 2667 52 22 will'
1215 2668 27 21 be

661 2687 48 20 sold
718 2694 53 20 very
781 2688 48 28 low,
840 2689 35 22 for
884 2690 53 22 cash
948 2691 59 27 only,
1017 2692 30 27 by

882 2724 22 21 J.
920 2724 160 28 BoDDINGTON,
1130 2728 4 5 '
1163 2721 2 7 '
1194 2736 2 4 •
1212 2736 5 4 -

662 2768 2 5 ,
685 2757 3 5 '
748 2748 114 24 .Lamhton
874 2751 72 27 Quay,
946 2759 64 14 near
1019 2752 38 23 the
1067 2754 53 21 Post
1130 2755 77 27 Office,
1216 2763 27 14 -or

881 2787 75 24 James
970 2790 112 28 Jackson,
1097 2795 25 18 .'
1136 2803 3 3 •
1193 2790 30 17 ;!>

1015 2818 112 23 Lambton
1141 2818 82 28 Quay.'

687 2840 59 22 June
756 2842 20 25 2,
789 2843 59 20 1843.
1076 2861 8 9 
1095 2867 2 6 t
1115 2861 3 8 ,
1198 2860 2 6 ,
1214 2860 10 14 v

843 2887 42 20 Ex
1155 2890 66 19 !,•-:.

660 2922 102 37 fUIA
793 2924 97 23 BAGS
920 2926 99 28 RICE,

660 2949 102 22 UW
786 2952 45 21 '350
844 2952 55 27 bags
908 2952 45 23 fine
963 2954 67 21 white
1040 2961 72 21 sugar,

710 2994 3 7 ,
746 2993 2 5 .
791 2978 40 23 900
839 2979 59 27 ;bags
908 2980 75 22 brown
993 2982 73 26 sugar|

685 3004 39 21 150
732 3004 61 27 ,ba.gs
801 3005 76 28 coffee,

685 3031 89 26 150,000
787 3032 95 23 Manilla
891 3033 78 27 cigars,
981 3034 43 22 No.
1035 3036 20 26 3,
1239 3029 3 23 !

683 3056 27 22 50
724 3064 61 15 cases
795 3058 45 27 gin,
1158 3067 4 3 •
1191 3058 2 6 '
1239 3064 3 17 I

683 3085 26 20 25
724 3084 64 22 casks
796 3092 56 21 rum,

683 3110 55 22 Teas
748 3112 26 20 of
786 3111 47 23 first
849 3112 96 28 quality,,
954 3114 42 23 viz.
998 3126 27 5 —
1026 3122 80 21 congo,
1117 3116 121 28 souchong,

655 3138 212 28 Poucnong.jpekpe,
876 3140 46 21 and
929 3142 146 28 gunpowder,

682 3164 97 20 Manilla
787 3171 59 21 rope,
858 3164 98 25 assorted
967 3168 63 28 si^es,
1054 3183 2 5 
1089 3185 3 4 .
1239 3186 3 8 ,

682 3189 92 28 Pepper,
787 3191 125 27 cinnamon,
923 3194 40 21 &c.
974 3191 42 25 &cl
1221 3190 2 8 '
1239 3206 2 8 <

831 3224 132 29 RiDGWAYs,
981 3228 107 28 Gutt6n,
1104 3231 19 20 &
1138 3231 72 22 Eaup.

682 3255 139 29 Wellington,
829 3258 56 27 May
896 3259 33 27 17,
941 3261 71 22 1843.'
1221 3257 3 7 '
1239 3253 2 35 \

844 3304 25 20 J.
885 3305 38 19 M.
939 3305 109 27 Taylor,
1238 3314 2 9 ■

668 3335 150 23 LICENSED
843 3337 240 28 CUSTOM-HOUSE
1108 3343 113 27 AGENT,

656 3396 1 1 .
899 3377 32 22 Tfi
941 3378 52 21 ARp.
1076 3379 13 21 -j
1103 3394 20 7 j-i

654 3409 71 51 ON
739 3413 86 27 SALE,
835 3417 22 18 at
865 3415 38 21 the
914 3416 74 22 Stores
998 3418 25 21 of
1031 3418 37 21 the
1078 3419 158 25 undersigned,

730 3446 28 16 ex
769 3441 99 23 Scotia—
981 3456 3 9 ,
1010 3456 1 6 ,
1121 3453 12 10 ,r
1158 3458 3 6 ,
1181 3454 17 14 lv
1204 3458 3 6 ,

760 3471 75 28 Flour,
904 3492 2 5 ,
1134 3487 3 12 ;
1156 3467 4 7 '
1211 3479 4 14 i

760 3498 63 28 Rice,
899 3518 15 6 
944 3516 2 8 ,

760 3525 76 27 Sugar,

758 3551 98 29 Brandy,
1135 3554 10 12 -'

758 3578 89 23 Bottled
857 3579 34 22 ale
902 3580 44 23 and
956 3585 84 24 porter,
1047 3583 111 28 'Dunbar^

892 3613 98 24 Thomas
1007 3616 37 22 M.
1057 3617 149 22 Machattib.

676 3643 65 28 April
749 3645 21 26 7,
783 3646 59 21 1843.
1100 3655 3 6 .
1131 3666 5 3 .
1158 3653 4 3 •
1188 3659 13 5 

648 3688 215 48 WANTED
892 3692 22 22 A
942 3693 105 23 ROPE
1076 3695 157 22 MAKER.

743 3717 76 26 Apply
831 3720 23 19 to

678 3767 11 8 T
759 3768 12 7 w
960 3747 83 22 Waitt
1058 3747 45 23 and
1118 3749 85 21 Tyser.

675 3767 59 22 June
743 3768 34 27 27,
791 3770 58 22 1843.

866 3817 54 21 For
934 3818 69 21 Sale.

645 3846 92 48 THE
757 3848 105 23 CARGO
878 3851 40 22 OF
934 3851 103 22 MAIZE
1051 3859 41 19 per
1104 3853 69 20 Ariel.

1016 3878 76 22 Levin
1108 3879 44 21 and
1162 3879 39 22 Co.

638 3913 5 3 '
669 3909 103 28 January
781 3911 33 27 27,
826 3913 61 20 1843.

1369 706 172 23 Dissolution
1557 709 30 21 of
1605 711 185 27 Partnership.

1290 739 55 47 J>
1357 741 67 21 AND
1440 741 30 21 A.
1480 741 191 30 WILKINSON,
1678 745 27 20 of
1711 744 152 28 Willis-street,

1329 774 9 14 *
1357 766 161 29 Upholsterers,
1522 768 142 29 Wellington,
1673 771 83 27 having
1762 773 101 27 mutually

1290 792 110 27 dissolved
1413 792 137 30 partnership
1564 802 29 15 on
1609 796 36 22 the
1660 797 46 21 2nd
1715 798 28 21 of
1755 798 54 27 May
1821 799 42 27 last,

1289 818 22 22 J.
1322 819 33 21 W.
1366 823 100 24 requests
1475 821 29 22 all
1520 822 78 22 claims
1615 830 60 19 upon
1685 823 36 22 the
1732 824 70 22 above
1818 826 45 21 firm

1289 851 49 20 may
1348 846 27 21 be
1384 850 51 18 sent
1444 850 22 19 to
1476 849 44 21 Mr.
1531 849 28 21 R.
1571 849 21 22 S.
1605 849 122 22 Cheesman
1736 851 29 27 by
1772 851 37 22 the
1818 853 45 22 15th

1289 871 44 27 day
1345 872 26 22 of
1377 873 55 27 July
1440 873 52 23 inst.

1448 906 102 27 (Signed)
1607 907 75 23 James
1693 908 145 24 Wilkinson.

1298 937 72 22 'N.B.
1371 949 29 5 —
1400 938 97 24 William
1513 941 95 23 Jenkins
1626 941 84 29 having
1727 943 101 28 disposed
1843 946 20 22 of

1287 964 36 21 the
1333 964 70 23 above
1410 965 97 23 business
1513 971 22 17 to
1542 968 21 21 J.
1569 969 53 21 &A.
1628 968 130 29 Wilkinson,
1767 976 96 22 requests

1286 990 46 21 that
1341 991 29 21 all
1381 992 76 22 claims
1466 1000 60 20 upon
1536 993 46 23 him
1592 1002 51 20 may
1652 996 28 21 be
1691 999 50 19 sent
1750 1000 23 19 to
1785 999 43 20 Mr.
1837 998 26 22 R.

1286 1017 21 20 S.
1318 1017 131 23 Cheesman.

1284 1061 182 51 WANTED,
1491 1071 13 14 a
1523 1065 93 22 Servant
1640 1068 25 20 of
1685 1068 117 27 All-work,
1827 1073 36 18 not

1353 1106 2 6 ,
1379 1089 71 22 under
1462 1091 33 21 20.
1525 1091 21 21 A
1556 1092 59 26 good
1624 1092 117 23 character
1750 1095 113 25 requisite.

1286 1113 71 28 Apply
1368 1118 23 18 to

1287 1168 12 5 _
1694 1147 45 21 Mr.
1755 1148 81 23 Wade.

1506 1189 54 21 For
1574 1190 68 25 Sale,

1285 1219 89 24 mHE
1390 1220 142 24 COTTAGE
1548 1223 92 23 situated
1651 1225 24 21 in
1691 1226 100 22 Oriental
1807 1228 55 27 Bay,

1290 1246 29 21 X
1355 1246 45 22 and
1415 1247 67 28 lately
1492 1250 105 27 occupied
1612 1251 29 27 by
1652 1252 36 21 the
1707 1253 155 27 undersigned.

1283 1273 21 19 A
1318 1273 52 26 long
1388 1273 59 22 lease
1465 1275 26 21 of
1506 1275 38 22 the
1560 1277 82 22 section
1657 1286 57 20 upon
1735 1280 71 21 which
1826 1281 37 21 the

1283 1300 65 20 house
1358 1300 75 21 stands
1443 1301 44 21 will
1496 1302 28 21 be
1533 1303 102 26 granted.

1297 1331 4 4 •
1308 1324 67 26 T.own
1384 1326 54 22 land
1447 1327 45 21 will
1501 1329 27 21 be
1537 1329 67 21 taken
1614 1331 23 20 in
1647 1331 122 28 exchange.

1309 1352 41 21 For
1358 1353 84 22 further
1451 1355 134 27 particulars,
1597 1357 66 26 apply
1672 1360 23 19 to

1599 1383 96 23 George
1709 1385 88 27 Duppa,
1813 1393 24 15 or

1598 1416 35 21 W.
1649 1418 29 21 V.
1693 1418 100 22 Brewer

1282 1456 119 27 Country
1415 1459 124 21 Sections
1558 1460 42 21 for
1619 1462 59 20 Sale
1700 1469 36 15 on
1755 1464 106 22 Liberal

1522 1487 100 21 Terms.

1282 1509 161 48 SEVERAL
1478 1512 101 22 Sections
1606 1515 25 20 of
1661 1515 101 28 Country
1790 1517 63 22 Land

1343 1536 90 28 already
1444 1538 81 22 chosen
1535 1539 24 21 in
1568 1540 38 21 the
1619 1541 92 23 Porirua
1725 1543 91 27 district,
1828 1545 34 24 for

1282 1562 54 27 Sale,
1347 1571 75 14 terms
1432 1572 104 14 liberal.
1565 1567 75 27 Apply
1649 1571 23 19 to

1373 1597 25 22 F.
1413 1598 29 22 A.
1456 1599 169 28 Mole3worth,
1642 1602 183 29 Murphy-street,
1837 1613 24 14 or

1374 1625 34 21 W.
1424 1625 27 21 V.
1466 1625 106 28 Brewer,
1583 1628 194 23 Manners-skeet.

1439 1678 43 20 Oil
1490 1679 6 20 !
1518 1679 43 21 Oil
1568 1680 6 20 !
1581 1680 5 20 !
1611 1681 41 20 Oil
1661 1682 5 20 !
1677 1682 5 20 !
1691 1682 7 20 !

1282 1708 88 49 THE
1386 1710 74 22 BEST
1474 1712 88 22 LAMP
1577 1713 53 21 OIL
1639 1714 23 21 in
1674 1715 141 27 Wellington,
1826 1719 31 21 3s.

1352 1743 39 20 per
1405 1738 70 26 single
1489 1738 80 28 gallon,
1581 1740 44 22 and
1638 1743 31 20 2s.
1689 1742 35 21 9d.
1744 1743 28 26 by
1783 1743 76 27 taking

1280 1761 42 22 five
1332 1762 89 28 gallons,
1431 1767 23 18 at
1463 1764 36 22 the
1511 1766 72 21 Stores
1593 1767 26 21 of

1573 1798 33 21 M.
1621 1799 89 27 Asiier,

1638 1830 110 23 Lambton
1758 1832 70 27 Quay.

1306 1853 54 26 May
1369 1855 33 24 23,
1415 1855 60 21 1843.

1314 1915 29 22 <iW
1460 1900 35 21 W.
1511 1901 34 21 M.
1561 1901 104 28 SMITH,

1279 1938 54 15 LATE
1343 1939 236 16 SURVEYOR-GENERAL
1589 1942 28 14 TO
1628 1942 45 15 THE
1688 1943 51 14 NEW
1753 1945 104 15 ZEALAND

1510 1967 112 21 COMPANY,
1817 1981 6 7 ,

1304 1988 140 34 Sj^yeyor,
1459 1991 211 27 Draughtsman,
1683 1995 56 19 and
1746 1995 82 23 J&and
1853 2011 5 3 .

1517 2017 99 27 Agent.

1278 2046 172 28 Tinakori-road,
1461 2048 101 27 January
1573 2051 20 24 4,
1606 2051 60 21 1843.

1485 2093 23 22 J.
1537 2094 105 27 BIRD,

1278 2124 226 28 Cabinet-maker,
1520 2128 185 27 Upholsterer,
1725 2131 22 19 &
1770 2129 86 28 Paper

1508 2155 118 26 Hanger,

1457 2194 33 14 TE
1515 2195 54 14 ARO
1593 2195 81 20 FLAT,

1278 2219 40 35 TJ
1328 2218 215 24 ESPECTFULLY
1558 2221 81 22 solicits
1654 2230 14 14 a
1682 2223 87 26 portion
1781 2225 25 21 of
1818 2225 37 22 the

1278 2244 49 23 XV
1344 2246 96 21 .favours
1452 2247 25 20 of
1484 2247 36 21 the
1535 2251 79 23 gentry
1623 2249 45 21 and
1681 2249 138 24 inhabitants
1833 2253 26 21 of

1277 2271 133 27 Wellington
1420 2272 24 22 in
1459 2273 38 22 the
1511 2274 70 22 above
1597 2275 117 28 branches,
1727 2277 43 22 and
1782 2282 72 24 trusts,

1276 2298 27 27 by
1320 2298 33 21 his
1373 2300 137 22 economical
1529 2301 91 26 charges
1638 2303 44 21 and
1699 2305 115 26 attention,
1831 2309 24 19 to

1277 2325 62 21 merit
1349 2333 14 14 a
1372 2326 147 22 continuance
1530 2328 25 20 of
1562 2328 38 21 the
1610 2336 66 14 same.

1303 2351 48 22 Has
1370 2359 13 14 a
1401 2352 76 23 choice
1496 2354 116 22 collection
1631 2356 25 21 of
1676 2355 56 23 New
1755 2357 101 23 Zealand

1278 2378 77 26 woods,
1385 2379 50 22 well
1463 2382 107 20 seasoned
1581 2389 5 19 ;
1611 2389 13 14 a
1646 2383 43 21 few
1712 2383 41 22 low
1780 2385 76 26 priced

1277 2408 130 19 mattresses.

1303 2432 102 21 Families
1414 2432 82 28 having
1506 2434 58 22 their
1572 2442 48 14 own
1626 2437 113 22 materials
1747 2445 40 14 can
1798 2438 56 23 have

1276 2457 60 22 them
1345 2458 66 22 made
1421 2467 38 19 up.

1302 2491 30 22 Te
1341 2491 47 22 Aro
1399 2492 57 27 Flat,
1467 2493 55 28 May
1533 2496 34 25 12,
1578 2496 60 21 1543.

1442 2539 77 20 Meat
1541 2540 145 27 Company.
1702 2560 2 5 ,

1277 2569 88 48 THE
1386 2571 233 30 UNDERSIGNED,
1628 2594 2 4 ,
1639 2574 82 28 having
1741 2576 55 22 been
1817 2584 38 20 ap-

1346 2597 90 26 pointed
1452 2598 108 27 Manager
1570 2600 25 21 of
1609 2599 36 23 the
1658 2601 64 22 Meat
1732 2603 122 27 Company,

1268 2622 59 27 'begs
1334 2626 24 18 to
1368 2630 116 16 announce
1494 2625 49 22 that
1557 2633 13 14 a
1579 2627 87 27 regular
1675 2628 78 28 supply
1762 2629 26 22 of
1796 2630 58 24 beef,

1271 2652 95 25 mutton,
1387 2651 44 21 and
1448 2651 61 28 pork'
1520 2660 52 19 may
1591 2653 88 28 always'
1689 2655 28 21 be
1738 2655 118 24 depended

1267 2683 66 19 •upon
1339 2680 28 19 iat
1376 2677 44 22 this
1430 2679 171 22 establishment.
1645 2680 13 20 :'

1301 2703 31 21 As
1356 2703 44 23 this
1423 2705 114 28 Company
1545 2702 3 5 '
1557 2711 104 23 purposes
1679 2708 79 27 selling
1778 2713 22 18 at
1818 2710 36 22 the

1283 2732 66 19 owest
1355 2730 73 27 prices
1438 2735 23 18 at
1475 2731 73 23 which
1557 2734 18 20 it
1588 2733 20 22 is
1615 2733 70 25 found
1694 2735 38 22 the
1742 2740 60 18 meat
1814 2745 42 16 can

1273 2756 28 20 be
1311 2756 106 29 afforded,
1428 2758 37 22 the
1474 2759 149 28 undersigned
1632 2761 18 21 is
1664 2761 53 28 only
1726 2763 128 22 authorized

1306 2783 49 27 give
1360 2790 56 21 very
1421 2784 85 23 limited
1515 2786 76 27 credit,
1600 2787 44 21 and
1651 2787 40 22 has
1697 2789 56 24 been
1762 2790 94 23 ordered

1273 2811 23 19 to
1311 2813 48 24 stop
1374 2810 31 22 all
1417 2815 104 19 accounts
1535 2813 77 22 -which,
1622 2821 37 16 are
1674 2818 41 19 not
1728 2816 54 27 paid
1795 2824 59 19 upon

1269 2836 105 24 ■demand.
1510 2845 5 17 ;
1647 2861 4 4 ,
1669 2853 2 5 .
1699 2845 3 6 '

1287 2862 58 22 'The
1355 2863 101 23 business
1466 2865 25 23 of
1498 2865 37 22 the
1546 2866 113 28 Company
1667 2867 20 23 is
1697 2869 85 22 carried
1791 2877 28 15 on
1829 2871 24 22 in

1273 2889 57 21 their
1343 2897 50 15 new
1408 2891 106 28 building^
1527 2893 87 21 erected
1630 2894 101 22 between
1750 2896 104 23 France's

1261 2916 78 22 •Hotel
1358 2917 44 21 ana
1421 2917 38 23 the
1477 2917 59 23 head
1552 2919 26 21 of
1590 2919 38 22 the
1641 2921 58 27 Bay,
1717 2922 45 21 and
1777 2924 77 26 nearly

1262 2943 107 27 ■opposite
1379 2947 23 18 to
1412 2944 45 22 Mr.
1468 2945 83 26 Lyon's
1560 2946 69 22 Store.
1645 2950 6 7 r

1542 2979 34 22 W.
1591 2980 100 27 Flyge*,
1708 2982 116 28 Manager.

1284 3008 142 23 /[November
1435 3011 33 25 23,
1480 3011 65 21 1842.-
1859 3012 4 10 l

1299 3044 4 11 :
1364 3043 1 6 '
1581 3048 2 12 I
1598 3053 3 5 •
1621 3053 19 10 !I
1654 3049 4 9 '■
1757 3051 2 4 '
1790 3051 17 11 -J

1459 3062 84 21 Fresh
1558 3063 102 26 Butter,,

1270 3091 161 51 ALWAYS
1447 3102 28 15 on
1491 3095 50 22 Sale
1556 3099 23 18 at
1594 3097 38 21 the
1642 3097 64 28 M^at
1718 3099 133 29 Company's

1347 3121 116 27 premises,

1537 3149 36 22 W.
1589 3150 101 28 Fly&er,
1707 3152 114 28 Manager.

1296 3180 158 29 Willis-street,
1466 3182 54 22 Dec.
1532 3184 21 26 2,
1565 3185 59 21 1842.
1645 3185 3 5 '
1662 3183 2 12 '
1684 3189 2 4 '

1447 3221 13 8 y>
1460 3213 20 4 —
1480 3213 3 12 !
1515 3213 10 5 ~
1525 3213 23 4 —
1548 3214 5 10 '
1640 3215 20 4 —
1660 3214 18 13 r*l
1704 3217 2 5 '
1755 3217 3 10 1
1786 3218 2 11 ;
1826 3218 3 9 :—:
1829 3218 20 4 —

1481 3251 3 8 (
1506 3227 110 24 Cheese.

1269 3259 49 48 A
1329 3259 116 24 SUPPLY
1456 3262 101 22 received
1564 3264 85 26 weekly
1656 3264 25 23 of
1686 3286 2 5 ,
1687 3264 58 23 New
1750 3265 101 23 Zealand

1345 3286 67 23 made
1423 3287 89 28 Cheese,
1520 3289 57 22 from
1587 3289 36 23 the
1632 3291 140 27 Cowpasture
1779 3291 68 29 dairy,

1268 3312 44 23 and
1316 3312 39 22 'for
1360 3314 49 22 sale
1419 3316 23 20 at
1457 3314 37 23 the
1503 3316 107 27 premises
1619 3317 25 21 of
1658 3314 38 24 tlie
1711 3318 64 24 Meat
1784 3319 65 22 Com-

1267 3345 67 21 pany.

1295 3392 41 7 __
1379 3389 2 3 .
1546 3369 34 22 W.
1590 3370 102 27 FiiY.qbr,
1703 3371 116 27 Manager.

1295 3393 157 27 Wilhs-street,
1463 3395 125 22 December
1596 3398 35 25 20,
1642 3395 64 23 1842.'

1487 3440 54 20 Pox
1554 3436 80 24 Sale/
1761 3455 3 3 .
1784 3452 4 6 -

1284 3471 18 22 A
1344 3471 289 24 DWELLING-HOUSE
1659 3482 28 15 on
1712 3475 136 29 Wellington

1266 3496 51 23 jCII
1326 3511 4 5 -
1344 3498 108 28 Terrace,,
1457 3499 96 28 adapted
1562 3499 35 22 for
1605 3507 13 16 a
1626 3501 66 23 small
1696 3502 89 28 (family.

1294 3524 42 21 For
1344 3526 138 27 particulars,
1491 3526 92 27 enquire
1592 3530 24 18 at
1624 3527 37 22 the
1672 3529 68 25 Store,
1745 3530 26 21 of

1321 3582 2 6 ,
1365 3587 2 3 .
1411 3565 31 22 H.
1455 3582 3 9 ,
1459 3566 96 25 Taylor
1569 3567 20 23 &
1603 3568 10 27 C
1613 3568 41 27 0.,,
1661 3568 159 24 Willis-street.

1292 3596 112 29 February
1413 3600 20 25 3,
1445 3601 59 22 1843.

1267 3653 88 47 THE
1378 3657 79 19 Nelson
1478 3658 116 20 Examiner
1618 3660 42 19 and
1680 3661 54 20 New
1756 3662 93 21 Zealand

1319 3682 3 6 '
1337 3681 110 23 Chronicle
1462 3683 126 28 (published
1594 3688 25 19 at
1628 3686 101 28 Nelson,)
1746 3685 19 25 is
1783 3696 64 20 regu-

1263 3708 56 25 larly
1337 3709 140 22 transmitted
1492 3714 23 18 to
1531 3711 144 29 Wellington,
1695 3714 44 21 and
1753 3723 52 19 may
1820 3716 27 22 be

1264 3735 42 21 had
1315 3736 23 19 at
1346 3735 38 22 the
1395 3736 63 22 office
1468 3737 26 21 of
1504 3737 127 29 this-paper.

1290 3766 46 22 The
1344 3769 80 20 Nelson
1432 3771 117 20 Examiner
1564 3772 45 24 will
1618 3772 26 22 be
1652 3773 71 23 found
1733 3781 29 15 an
1774 3776 73 22 excel-

1262 3793 47 21 lent
1316 3795 100 25 medium
1425 3796 40 25 for,
1469 3797 140 24 advertisers.

1289 3826 76 24 Terms
1370 3828 39 24 .for
1418 3829 38 22 the
1465 3837 74 21 paper,
1550 3834 36 19 ten
1595 3832 101 27 shillings
1708 3840 40 20 per
1757 3838 90 22 quarter

1261 3854 92 29 payable
1360 3855 26 21 in
1396 3855 107 23 advance.

1289 3891 80 23 Orders
1377 3913 3 6 ,
1391 3893 34 21 for
1444 3893 38 22 the
1504 3901 68 20 paper
1594 3895 45 23 and
1661 3896 185 25 advertisements

1261 3918 106 22 received-
1372 3921 23 19 at
1404 3919 36 22 the
1451 3919 71 23 Office
1533 3921 26 21 of
1569 3921 45 23 this
1623 3929 75 20 paper.
1759 3932 10 10 r

2023 717 66 21 Two
2103 719 111 22 Founds
2234 722 122 22 Reward.

1902 748 200 48 WHEREAS,
2125 753 84 21 several
2226 754 112 24 instances
2362 757 56 22 have
2442 766 37 14 oc-

1946 800 5 5 .
1997 777 76 21 curred
2087 778 75 22 within
2179 786 13 14 a
2204 781 59 21 week
2274 785 55 23 past,
2340 783 26 21 of
2368 784 107 23 -Animals

1901 807 83 30 flaying
1992 804 56 21 been
2061 805 101 22 jnaimed
2171 806 45 23 and
2232 808 116 27 wounded,
2357 809 120 28 belonging

1900 830 23 18 to
1934 829 132 23 Gentlemen
2085 831 139 23 well-known
2242 834 24 21 in
2279 835 37 21 the
2327 836 136 23 .Settlement
2471 846 6 19 ;

1899 856 43 20 and
1950 856 98 22 whereas
2063 865 38 19 my
2111 858 44 24 Old
2165 859 73 24 Horse
2252 868 43 14 was
2305 861 96 28 brought
2410 864 65 22 home

1899 887 28 14 on
1942 882 121 28 Thursday,
2080 884 37 21 the
2132 885 53 21 29th
2200 886 47 27 ult.,
2266 889 100 26 severely
2381 890 94 27 injured,

1899 909 127 26 apparently
2035 910 30 26 by
2070 910 37 21 the
2115 915 38 17 cut
2162 913 26 19 of
2194 919 13 14 a
2217 914 131 27 tomahawk,
2356 916 37 21 the
2402 917 73 22 Maori

1899 934 47 21 who
1964 941 62 16 came
2040 939 24 18 to
2080 943 37 19 my
2133 937 72 23 house
2220 939 52 21 with
2286 940 37 22 the
2336 942 141 27 intelligence

1898 961 153 27 peremptorily
2059 963 98 27 refusing
2166 967 22 18 to
2198 972 39 20 say
2246 965 71 23 where
2327 967 28 22 he
2362 976 45 14 was
2416 970 59 21 until

1898 988 27 19 lie
1945 988 98 21 extorted
2063 996 12 14 a
2091 993 106 22 payment
2216 992 25 20 of
2255 994 43 19 two
2317 993 106 28 shillings,
2434 996 39 22 but

1898 1015 80 24 stating
1988 1013 27 22 he
2026 1014 72 23 would
2107 1016 64 21 bleed
2181 1019 23 19 to
2214 1017 67 23 death
2290 1019 22 22 if
2322 1024 41 18 not
2371 1021 106 25 instantly

1898 1040 104 21 attended
2011 1043 30 18 to.
2462 1038 11 11 '

1925 1065 11 22 I
1946 1065 81 28 hereby
2038 1067 53 22 offer
2101 1075 12 14 a
2122 1070 85 21 reward
2217 1070 25 21 of
2254 1073 40 19 two
2299 1073 88 27 pounds,
2399 1082 28 14 on
2439 1075 37 22 the

1897 1092 113 28 discovery
2019 1094 44 21 and
2072 1096 124 21 conviction
2212 1097 25 22 of
2252 1098 37 22 the
2304 1103 136 22 perpetrator
2453 1103 26 21 of

1897 1119 37 20 the
1944 1120 90 26 cruelty.

2186 1150 58 22 Geo.
2259 1152 108 28 Hunter,

1923 1204 53 26 July
1986 1205 19 26 5,
2019 1207 62 20 1843.
2255 1183 111 23 Lambton
2377 1185 70 27 Quay.

1895 1248 43 20 Ex
1950 1249 61 26 hrig
2219 1253 70 22 from
2303 1255 172 27 Valparaiso.

1905 1283 94 36 JOA
2027 1287 105 23 TONS
2161 1289 147 28 FLOUR,

1902 1308 97 24 ±jZ\J
2028 1314 37 20 ]3i
2080 1313 54 28 bags
2145 1315 86 27 biscuit,

2028 1341 27 20 30
2068 1340 72 22 barrel
2150 1342 57 27 beef,

1976 1366 26 20 10
2016 1373 60 15 cases
2086 1367 86 23 French
2179 1369 61 27 fruit,

1976 1392 25 21 10
2015 1392 42 22 tins
2067 1393 57 22 Chili
2134 1396 117 25 preserved
2259 1397 59 27 fruit,

1974 1418 14 20 2
2002 1418 52 27 bags
2066 1419 56 22 Chili
2132 1421 75 22 clover
2216 1423 58 27 seed,

1975 1445 28 20 50
2015 1445 69 22 boxes
2094 1447 103 22 Sardinas
2207 1449 37 21 oil.

2042 1479 130 28 Ridgways,
2191 1482 103 28 Guyton,
2311 1484 46 22 and
2372 1485 72 23 Earp.

1924 1506 53 29 May
1986 1511 33 25 30,
2031 1512 60 21 1843.

2027 1560 86 22 Town
2130 1562 30 21 of
2171 1563 167 23 Manewatu.

1895 1592 90 21 rnHE
2008 1592 210 26 PROPRIETORS
2242 1597 26 21 of
2291 1598 38 22 the
2350 1599 61 22 three
2426 1602 47 21 first

1901 1619 29 20 X
1980 1620 88 22 choices
2083 1624 22 18 at
2113 1621 39 22 the
2169 1622 43 22 last
2227 1623 104 24 selection
2342 1626 25 21 of
2381 1632 92 22 country

1892 1646 69 25 lands,
1974 1646 83 27 having
2076 1647 137 24 determined
2226 1657 60 19 upon
2303 1651 37 22 the
2357 1653 40 21 site
2412 1654 34 21 for
2460 1661 13 14 a

1906 1678 91 22 TOWN
2012 1680 43 21 ON
2070 1680 64 23 THE
2148 1682 186 25 MANEWATU
2349 1686 106 28 RIVER,

1891 1709 55 22 after
1952 1712 78 19 several
2037 1713 59 20 visits
2105 1715 22 19 to
2136 1713 37 21 the
2182 1715 185 29 neighbouroood,
2378 1718 47 22 and
2434 1719 38 22 the

1891 1739 57 19 most
1966 1738 85 22 careful
2069 1739 44 21 and
2131 1740 83 22 minute
2234 1743 148 23 examination
2397 1745 26 21 of
2435 1746 37 21 the

1892 1767 70 18 .entire
1978 1765 90 27 district,
2084 1766 65 22 aided
2164 1767 31 27 by
2204 1767 36 22 the
2256 1769 143 27 professional
2413 1772 57 27 skill,

1890 1790 137 28 r...'owledge,
2046 1792 44 22 and
2104 1794 130 26 experience
2248 1796 26 20 of
2284 1795 38 23 the
2338 1800 59 19 most
2411 1805 61 15 com-

1891 1819 74 24 petent
1973 1818 86 27 judges,
2077 1826 90 20 propose
2183 1823 23 19 to
2222 1821 53 22 offer
2286 1823 33 21 for
2335 1823 103 29 disposal,
2449 1830 23 18 at

2037 1845 37 22 the
2089 1849 87 24 present
2185 1847 59 27 time,
2256 1849 66 21 about

1890 1874 216 24 TWENTY-FIVE
2140 1878 104 27 ACRES,
2284 1880 35 21 IN
2356 1882 116 23 ALLOT-

1891 1901 111 28 MENTS,
2018 1903 83 22 EACH
2123 1904 39 22 OF
2186 1905 63 22 ONE
2270 1907 147 23 QUARTER
2432 1910 38 22 OF

2103 1931 44 21 AN
2164 1931 89 23 ACRE.

1916 1962 46 23 The
1971 1966 48 24 spot
2029 1964 50 22 thus
2089 1964 95 23 selected
2195 1973 110 21 possesses
2313 1967 38 23 the
2360 1973 58 19 most
2433 1978 37 16 ex-

1890 1989 83 22 tensive
1986 1990 102 28 frontage
2101 1994 23 19 to
2140 1992 57 28 deep
2208 1996 67 18 water
2289 1994 27 21 of
2326 2002 45 21 any
2386 2004 28 14 on
2432 1997 37 25 thp

1889 2016 63 21 river,
1980 2016 23 21 it
2019 2016 20 22 is
2037 2018 2 5 1
2057 2016 95 22 situated
2166 2020 48 25 just
2226 2020 23 19 at
2263 2019 49 22 that
2330 2023 67 23 point
2412 2022 57 23 fjrom

1950 2041 71 22 which
2031 2049 13 14 a
2052 2043 55 22 road
2117 2043 72 22 would
2198 2044 84 23 branch
2292 2045 34 23 off
2332 2050 28 18 to-
2364 2046 38 23 the

1890 2080 92 15 WOODED
2007 2081 44 14 AND
2073 2081 96 15 FERTILE
2189 2084 116 15 DISTRICTS
2326 2086 74 15 ALONG
2425 2088 44 14 THE

2056 2108 55 14 BASE
2126 2109 27 13 OF
2167 2109 45 15 THE
2228 2110 73 21 HILLS,

1889 2133 42 21 and
1943 2133 69 22 above
2023 2134 72 22 which
2105 2135 36 22 the
2155 2136 127 26 navigation
2297 2138 34 21 for
2341 2140 81 21 vessels
2431 2140 39 22 be-

1889 2167 72 14 comes
1971 2161 84 24 tedious,
2067 2162 24 25 if
2094 2164 37 18 not
2139 2163 88 25 difficult
2263 2164 22 21 It
2292 2164 17 21 is
2315 2164 109 24 therefore
2432 2168 36 20 the

2084 2189 61 26 point
2153 2190 73 21 whore
2237 2190 36 21 the

1890 2220 86 22 LAND
1990 2221 68 22 AND
2073 2221 112 23 WATER
2199 2223 161 23 CARRIAGE
2375 2227 91 22 MEET,

1888 2251 44 21 and
1942 2251 72 23 where
2023 2260 14 14 a
2045 2253 69 22 Town
2131 2262 60 13 must
2206 2262 29 14 be
2247 2263 91 15 formed
2355 2257 65 22 when
2432 2259 37 22 the

1889 2277 83 23 district
1987 2279 20 21 is
2015 2280 86 22 settled.
2131 2281 22 21 It
2162 2288 44 15 was
2216 2282 95 22 selected
2326 2284 30 26 by
2366 2284 38 22 the
2417 2286 53 22 Sur-

1889 2305 78 27 veying
1977 2305 58 23 Staff
2047 2314 23 14 as
2081 2307 36 21 the
2127 2307 135 22 rendezvous
2272 2309 35 22 for
2321 2310 59 21 their
2392 2311 62 27 body
2462 2321 6 18 ;

1889 2331 42 21 and
1941 2331 39 23 has
1990 2332 56 22 been
2056 2340 50 15 now
2119 2333 76 28 found,
2207 2335 55 21 after
2273 2336 85 22 several
2373 2338 96 23 months'

1896 2359 94 25 ocation,
2002 2362 21 18 to
2037 2359 28 22 be
2073 2359 38 22 the
2121 2364 57 18 most
2193 2361 162 28 advantageous
2365 2364 95 26 position

1888 2385 57 21 from
1960 2385 28 21 its
2002 2386 97 26 peculiar
2119 2387 85 28 facility
2220 2389 25 20 of
2256 2389 111 27 approach
2376 2390 54 23 both
2439 2392 30 27 by

1888 2411 53 22 land
1950 2412 45 21 and
2004 2416 74 19 water.

1917 2443 27 22 In
1955 2444 151 23 confirmation
2116 2446 26 21 of
2148 2446 37 23 the
2195 2448 130 27 superiority
2334 2449 27 22 of
2369 2449 44 22 this
2422 2453 50 24 spot

1888 2477 52 14 over
1948 2477 45 20 any
2004 2471 62 22 other
2073 2475 38 24 yet
2119 2472 89 28 known,
2220 2474 37 22 the
2268 2475 90 22 Messrs.
2367 2476 102 27 Kebbell,

1889 2496 56 23 after
1962 2497 38 22 the
2019 2499 148 22 examination
2185 2501 26 20 of
2226 2500 37 22 the
2281 2502 58 22 river
2355 2502 58 22 from
2432 2504 38 22 the

1889 2523 87 22 Paneiri
1987 2524 46 21 Pah
2042 2528 24 19 to
2075 2525 28 22 its
2111 2526 86 27 mouth,
2209 2526 137 24 determined
2361 2536 29 14 on
2400 2535 70 17 erect-

2123 2552 39 27 ing
2173 2553 60 22 their

1888 2583 65 23 SAW
1968 2584 78 22 MILL
2068 2585 227 24 IMMEDIATELY
2310 2588 160 24 OPPOSITE.

1888 2615 47 22 The
1953 2616 70 22 works
2035 2616 31 22 .of
2080 2617 49 22 that
2147 2618 166 23 establishment
2331 2627 38 15 are
2376 2625 35 18 -at
2425 2622 43 22 this

1874 2663 5 2 .
1889 2646 99 19 moment
2005 2643 23 21 in
2042 2644 63 27 rapid
2120 2651 107 21 progress,
2244 2646 47 22 and.
2305 2647 38 22 the
2360 2649 108 27 proposed

1888 2669 68 22 Town
1966 2669 44 22 will
2018 2669 133 29 necessarily
2156 2667 90 32 partake
2253 2673 26 21 of
2284 2673 43 22 this
2336 2667 132 39 advantage.

1915 2701 47 22 The
1981 2702 92 22 nucleus
2089 2702 24 21 of
2129 2710 12 14 a
2159 2703 69 22 Town
2242 2703 59 28 iSj.in
2315 2704 53 29 fact,
2381 2706 90 29 already

1889 2728 96 25 created,
1993 2728 30 27 by
2032 2728 38 22 the
2080 2730 164 22 concentration
2253 2731 32 21 -of
2298 2728 38 25 tlie
2346 2733 125 28 Surveying

1887 2754 60 22 Staff
1953 2762 29 14 on
1986 2755 54 21 'that
2049 2759 54 23 spot,
2115 2763 24 14 as
2146 2757 39 21 the
2195 2760 75 19 centre
2282 2758 29 22 t>f
2320 2759 151 25 communica-

1889 2782 46 21 tion
1945 2784 23 19 to
1978 2782 37 21 the
2025 2782 147 28 surrounding
2181 2783 85 24 district
2272 2792 5 19 ;
2293 2785 37 23 the
2341 2788 98 22 erection
2448 2790 26 21 of

1889 2808 90 22 Messrs.
1991 2808 114 25 Kebbell's
2119 2810 50 21 Saw
2185 2809 62 25 Mills
2263 2813 111 28 opposite;
2390 2815 30 27 by
2433 2815 37 22 the

1889 2839 162 23 arrangements
2065 2836 34 23 for
2113 2843 29 14 an
2159 2837 113 23 extensive
2282 2839 99 23 General
2393 2842 61 22 Store
2463 2851 5 5 •

1888 2861 45 23 and
1941 2861 35 27 by.
1978 2861 38 22 the
2025 2862 44 21 late
2079 2862 132 31 application
2216 2864 34 24 for
2258 2872 14 14 a
2277 2864 110 25 Licensed
2392 2868 77 23 House

1887 2895 28 14 on
1920 2888 41 21 -the
1967 2891 52 28 part
2029 2889 25 21 of
2066 2895 28 15 an
2103 2889 123 22 individual
2239 2891 48 21 who
2303 2891 46 28 has,
2360 2893 62 23 since
2432 2895 36 22 the

1886 2914 117 21 formation
2021 2915 25 21 of
2060 2915 38 22 the
2113 2916 92 27 Colony,
2220 2918 95 25 pursued
2331 2926 15 14 a
2363 2919 105 24 lucrative

1882 2940 68 23 •trade
1958 2941 53 24 ,with
2020 2941 38 25 the
2068 2942 92 27 natives,
2171 2942 46 23 and
2226 2943 72 23 whose
2309 2945 130 29 knowledge
2446 2949 26 21 of

1887 2966 37 23 the
1934 2967 134 27 advantages
2078 2968 25 22 of
2109 2968 37 22 the
2156 2969 100 27 position,
2263 2972 118 27 prompted
2389 2973 46 23 him
2446 2977 23 20 at

1887 3001 55 14 once
1953 2998 21 17 to
1983 2994 72 26 prefer
2065 2994 48 22 that
2125 2995 140 27 application.

1912 3025 53 23 The'
1965 3025 95 23 Natives
2074 3026 36 27 by'
2113 3026 72 22 whom
2201 3027 43 23 this
2253 3028 55 23 land
2317 3037 45 15 was
2371 3031 96 25 claimed

1884 3058 37 15 are
1932 3052 59 29 cjuite
2001 3053 107 26 prepared
2117 3055 22 19 to
2147 3053 51 28 give
2204 3061 30 21 up
2240 3057 130 27 possession,
2378 3058 45 22 and
2429 3066 37 16 are

1891 3079 137 27 ixceedingly
2037 3079 93 23 anxious
2143 3083 21 19 to
2179 3080 80 27 have,a
2269 3082 119 29 European
2396 3091 70 23 popu-

1880 3105 70 26 lation
1960 3112 81 20 amqng
2051 3106 66 27 them.,
2129 3106 83 28 having
2228 3108 56 23 been
2292 3117 60 20 upon
2362 3111 37 22 the
2408 3116 58 19 most

1880 3131 98 28 friendly
1979 3132 91 27 footing
2079 3132 52 26 with
2139 3133 38 21 the
2182 3135 137 29 purveying,
2322 3137 59 22 Staff'
2386 3138 80 29 during

1879 3158 40 22 the
1928 3158 49 23 four
1986 3166 25 14 or
2019 3158 43 23 five
2071 3159 88 23 months
2167 3158 54 30 they
2241 3161 56 23 have
2312 3163 57 23 been
2379 3164 87 24 located

1878 3185 72 23 there.
1982 3189 2 6 '

1909 3218 32 20 As
1951 3217 37 22 the
1996 3218 136 27 Proprietors
2140 3225 95 21 purpose
2242 3223 23 19 to
2275 3220 87 29 dispose
2372 3223 26 22 of
2404 3224 40 22 but
2453 3231 12 15 a

1878 3243 87 23 limited
1979 3244 88 27 portion
2084 3244 25 22 of
2119 3244 38 23 the
2171 3246 70 23 Town
2256 3251 24 18 at
2296 3253 97 23 present,
2412 3250 53 28 they

1968 3271 131 26 themselves
2106 3271 55 28 .that,
2172 3276 24 21 at
2200 3279 34 19 jup
2253 3273 78 25 future,
2334 3276 64 27 sales,
2408 3277 57 22 shall

1870 3297 49 30 the
1929 3298 125 22 allotments
2064 3297 28 25 b,e
2101 3301 39 24 p,u,t
2146 3306 30 14 ud
2186 3302 24 19 at
2219 3307 14 15 a
2240 3297 46 26 Jess
2295 3309 50 15 sum
2353 3302 56 23 than
2416 3311 49 15 now

1880 3323 91 23 offered.
2400 3328 3 12 :

1888 3356 3 7 '
1908 3357 22 21 A
1948 3356 131 26 Prospectus
2098 3356 45 22 and
2162 3357 56 23 Plan
2239 3359 25 21 of
2277 3359 37 22 the
2333 3361 67 21 Town
2418 3361 47 23 -will

1878 3382 122 28 shoftly'be
2004 3382 74 28 'ready
2087 3383 34 22 for
2129 3384 124 26 inspection
2268 3389 23 19 at
2303 3386 37 22 the
2352 3385 84 24 Offices-
2442 3388 25 21 of

1878 3409 91 22 M^essrs.
1981 3409 69 22 Waitt
2058 3409 46 22 and
2107 3410 81 27 •T.yser,
2200 3411 31 22 Te
2242 3413 52 21 Aro.

1907 3440 144 27 WelKngtoh.
2060 3441 70 24 April
2136 3443 35 25 22,
2181 3444 61 21 1842.

1985 3497 3 3 ■
2006 3487 3 5 '
2050 3491 64 21 Just
2134 3492 157 26 Published,

1879 3523 97 49 THE-
1995 3523 212 24 WELLINGTON
2230 3525 177 24 ALMANACK
2425 3528 36 23 for

1948 3551 74 26 .1843:
2042 3549 12 34 /
2077 3566 5 3 -

1956 3585 3 9 '
1992 3575 22 19 •'*
2042 3588 3 5 •
2082 3585 3 9 *
2108 3585 124 14 CONTENTS.

1906 3603 114 24 Weather
2026 3604 85 26 r.Table,
2132 3605 77 26 Cycles
2227 3604 45 22 and
2295 3605 166 26 Astronomical

1878 3630 119 27 Numbers,
2011 3631 115 26 Calendar,
2142 3631 135 22 Gardener's
2292 3632 43 21 and
2350 3632 111 25 Farmer's

1878 3657 121 26 Calendar,;
2004 3657 181 27 Meteorological
2198 3657 67 22 Table
2275 3657 33 22 for
2325 3660 61 26 1840,
2398 3662 62 27 1841,

1878 3683 45 22 and
1932 3681 60 29 1842,
2003 3683 98 28 Eclipses
2112 3685 20 20 of
2143 3683 37 22 the
2190 3684 47 21 Sun
2246 3684 45 21 and
2308 3685 79 29 Moon,
2402 3687 59 23 New

1877 3710 99 22 Zealand
1993 3711 119 27 Company,
2125 3710 52 21 Post
2192 3709 68 22 Office
2273 3711 144 27 Regulations
2427 3715 35 22 for

1878 3737 57 22 N-ew
1945 3737 106 26 Zealand,
2063 3737 54 21 Civil
2132 3735 183 30 Establishment,
2328 3739 58 23 Fees
2395 3741 65 23 Land

1878 3763 91 23 Claims'
1993 3763 77 26 Office,
2095 3763 52 23 Post
2170 3762 70 22 Office
2240 3774 28 5 —
2270 3764 98 23 Colonial
2397 3767 63 29 Law,

1878 3790 74 22 Police
1978 3789 69 21 Office
2048 3800 28 5 —
2077 3789 64 26 Petty
2166 3789 106 28 Sessions,
2302 3791 112 30 Holidays
2437 3799 25 18 at

1884 3816 71 22 ?üblie
1966 3815 86 27 Offices,
2065 3815 107 22 Discount
2183 3815 68 27 Days.
2268 3829 4 4 •

2080 3841 70 22 Prick
2165 3843 30 21 Is.
2211 3842 36 23 6d.
2275 3845 4 6 '

1877 3894 95 50 JUSt
1984 3895 131 23 OPENED,
2122 3895 44 23 and
2176 3904 30 14 on
2216 3897 50 23 Sale
2275 3902 24 19 at
2308 3900 156 25 the;Qfficrof

1940 3923 47 21 tbia
1993 3923 77 27 Paper,
2081 3920 38 24 ink
2130 3923 76 23 stands
2216 3924 26 22 of
2247 3926 88 23 various
2345 3927 62 29 sfzss.
