2510 4029
518 76 97 39 eat
638 72 119 43 we*>
783 60 213 50 &ttam*
1015 59 191 48 ©alette
1228 57 92 40 ana
1341 48 304 47 mtmwtoti
1665 40 240 50 »»ut&tov
1900 64 27 36 1
1927 91 61 9 _

92 745 166 27 SHIPPING
277 736 271 31 INTELLIGENCE.

251 796 141 24 ARRIVED.

61 838 49 24 July
126 838 21 22 5,
159 836 106 19 -schooner
280 831 105 23 Industry,
404 828 34 24 24,
449 824 94 26 Bradley,
558 822 54 21 from

36 866 18 19 X
62 864 208 52 JufyTbrigantine
280 885 64 24 Ariel,
357 883 38 20 104
407 883 54 23 tons,
471 876 141 24 Cruikshank,

36 920 51 15 from
101 918 86 17 Nelson.

271 960 115 19 SAILED.

257 1013 33 20 IN
305 1008 85 23 PORT.

61 1054 83 23 Barque
153 1047 131 24 Indemnity,
293 1043 42 21 450
353 1045 50 17 tons
411 1054 5 10 ,
423 1038 86 23 Adams,
522 1034 94 25 refitting

33 1082 91 24 Agents,
134 1077 70 20 Waitt
214 1074 42 21 and
266 1073 77 25 Tyser.

61 1114 108 20 Schooner
191 1109 56 23 Ann,
273 1107 26 19 22
319 1106 58 20 tons,
403 1101 84 22 Brown,
511 1095 45 21 laid
579 1101 37 19 up.

34 1142 77 25 Agent,
123 1137 69 21 Waitt
201 1135 43 21 and
254 1134 76 25 Tyser.

63 1174 106 19 Schooner
193 1168 62 25 Erin,
280 1166 26 19 25
331 1167 56 21 tons,
413 1160 74 26 Relph.
529 1156 87 25 Master,

40 1203 18 19 A
64 1233 49 25 Brig
128 1232 81 21 Lunar,
224 1228 39 19 165
273 1228 56 20 tons,
344 1222 37 21 W.
390 1221 62 20 Ellis.
478 1217 86 22 Rhodes
577 1215 41 20 and

37 1262 48 20 Co..
95 1261 88 24 Agents.

65 1295 114 20 Schooner,
190 1290 59 25 Lady
258 1288 74 25 Leigh,
346 1285 38 20 109
395 1286 56 21 tons,
462 1281 75 25 Munn,
564 1278 55 20 Fitz-

37 1323 92 22 hcrbert,
141 1321 77 23 Agent.
260 1321 3 4 '
277 1327 4 6 '
454 1341 158 10 ,*,.

67 1356 107 20 Schooner
179 1351 70 22 Maori
257 1349 70 25 Davis,
337 1348 25 19 15
371 1349 56 23 tons,
436 1342 79 27 Wylde.
543 1341 76 25 Agent.

24 1390 2 5 •
41 1385 22 20 J.
72 1382 76 21 Wade.
524 1401 9 7 T
559 1400 6 8 ,

70 1416 106 19 Schooner
195 1412 77 20 JVefcon
291 1408 86 25 Packet,
397 1405 27 20 20
447 1405 54 22 tons,
520 1400 99 21 Jackson.

40 1443 93 20 Wallace
142 1440 41 20 and
193 1439 47 23 Co.,
250 1438 87 24 Agents.

68 1476 106 20 Schooner
186 1473 87 23 Gannet,
282 1471 26 19 40
318 1472 56 21 tons,
383 1464 131 28 Popplewell.
543 1462 78 25 Agent,

45 1502 136 22 Hornbrook.
593 1520 5 5 .

71 1537 74 19 Cutter
172 1531 114 23 P«c*«uc/fc,
307 1530 26 19 38
357 1530 57 22 tons,
438 1525 59 25 Jury.
526 1522 95 26 Captain,

45 1565 32 25 Ag
74 1591 74 20 Cutter
164 1586 116 23 Katherine
297 1583 108 24 Johnston,
424 1581 25 19 10
468 1581 55 22 tons,
539 1576 82 25 Taylor,

47 1618 97 27 Captain,
155 1616 76 26 Agenj.

76 1649 223 43 SchooneT/Bdtttfry,
315 1666 24 19 24
355 1665 56 23 tons,
426 1661 94 24 Bradley.
548 1657 73 26 Agent,

46 1701 14 20 J
63 1715 5 6 '
76 1725 121 26 Brigantine
203 1722 66 24 Ariel,
278 1722 37 19 104
320 1722 56 21 tons,
383 1714 138 23 Cruikshank.
549 1711 72 26 Agent,

50 1754 96 27 Captain.

43 1807 92 59 New
166 1807 215 59 Zealand
412 1807 216 59 Gazette

87 1880 67 22 AND
170 1871 213 28 WELLINGTON
402 1866 184 26 SPECTATOR.

183 1932 130 21 Saturday,
329 1927 61 21 July
405 1926 20 24 8,
442 1923 57 21 1843.

655 159 63 24 With
731 158 45 23 this
793 156 85 24 certain
896 155 105 29 prospect
1019 150 26 23 of
1059 157 14 15 a
1091 147 108 30 collision,

625 193 36 24 the
678 191 155 24 Government
851 185 111 26 retreated
983 187 23 19 to
1026 182 30 23 its
1074 180 85 24 shelter
1166 184 36 20 -at

625 220 128 32 Auckland,
764 222 91 28 leaving
865 227 28 16 us
905 223 22 19 to
939 217 38 23 the
988 215 78 24 tender
1077 213 96 23 mercies
1180 212 25 24 of

627 259 38 22 the
682 256 103 27 Natives,
804 253 44 25 and
865 252 38 24 the
922 249 127 32 protection
1061 246 24 23 of
1101 253 16 15 a
1127 245 76 24 Police

628 290 134 29 Magistrate
773 286 45 25 and
837 288 30 22 12
889 281 134 28 constahles,
1046 283 22 19 at
1086 279 43 23 the.
1143 285 61 17 same

628 324 53 22 time
692 322 50 23 that
752 321 18 22 it
780 319 46 23 had
837 323 23 19 at
866 319 32 21 its
910 313 99 33 disposal
1016 314 49 22 220
1075 319 52 16 men
1134 310 25 23 of-
1166 310 39 23 the

630 355 57 25 80th
698 354 120 31 regiment.

663 387 23 25 It
696 394 52 23 may
758 393 56 22 very
824 382 104 33 properly
939 380 30 24 be
981 379 71 23 asked
1091 379 59 20 what
1159 382 48 16 was

630 421 38 23 the
687 419 58 24 New
765 417 100 24 Zealand
885 415 117 29 Company
1023 411 70 23 about
1110 408 31 24 all
1162 407 45 24 this

631 453 64 23 while
705 452 10 23 ?
734 450 37 24 did
781 451 31 22 its
823 445 78 35 Agent
910 446 54 24 here
983 448 41 19 not
1042 442 68 24 make
1127 441 81 23 known

632 490 22 19 to
665 485 35 23 his
712 483 123 31 principals
846 488 41 16 our
905 477 85 25 critical
1000 476 99 31 position
1110 483 6 19 ;
1135 473 37 24 did
1180 473 28 23 he

633 525 66 17 never
710 523 56 24 urge
786 523 30 16 on
834 514 154 23 Government
1008 509 39 23 the
1063 506 113 30 necessity
1188 506 25 22 of

633 549 110 31 affording
764 556 26 16 us
808 546 133 33 protection,
960 542 42 24 and
1021 540 135 29 facilitating
1173 539 37 22 the

635 582 130 31 occupation
785 580 25 24 of
830 579 37 24 the
887 577 66 24 lands
972 575 68 31 given
1067 576 41 20 out
1127 572 30 29 by
1173 570 38 25 the

636 617 116 30 Company
762 614 9 24 ?
788 631 3 3 .
800 613 30 23 In
840 612 39 23 the
891 611 94 23 absence
997 608 25 23 of
1031 615 15 15 a
1056 605 157 24 Government

624 661 4 4 •
636 643 111 30 Resident
758 646 46 23 and
816 645 36 24 the
873 643 98 24 inaction
990 645 24 19 at
1031 638 59 24 head
1103 641 108 28 quarters,

656 681 30 31 hy
698 680 38 24 did
747 683 40 20 not
800 677 94 25 Colonel
912 673 131 26 Wakefield
1054 671 125 24 endeavour
1190 673 23 20 to

637 721 64 16 rouse
714 713 38 24 the
764 711 132 24 authorities
901 714 28 20 Jo
942 709 27 22 do
981 705 131 29 something
1123 703 34 23 for
1169 702 44 24 us?

637 746 45 24 had
691 747 29 23 he
734 753 27 16 no
772 743 82 32 regard
865 743 34 24 for
911 749 41 16 our
962 740 56 23 lives
1029 737 44 24 and
1084 736 130 32 properties,

638 788 26 16 or
675 779 37 24 did
722 779 30 23 he
764 777 101 24 consider
876 775 49 24 that
936 774 28 23 he
976 770 133 31 discharged
1119 769 36 23 his
1162 768 59 31 duty,

638 814 26 22 in
673 813 91 28 leaving
774 811 38 23 the
824 813 81 20 matter
923 812 23 18 to
963 806 28 23 be
1002 804 70 23 taken
1083 810 31 23 up
1126 802 29 30 by
1167 801 48 24 Go-

639 849 118 20 vernment
767 848 24 19 at
801 843 30 23 its
841 841 83 23 leisure
931 840 10 23 ?

673 878 42 23 We
727 884 38 16 are
776 876 75 30 happy
863 878 23 18 to
898 873 27 23 be
947 871 49 24 able
1007 874 23 20 to
1046 868 64 32 reply
1155 867 62 23 these

641 911 115 30 questions
768 909 24 23 in
804 916 14 14 a
830 913 94 17 manner
945 904 71 24 which
1035 909 33 17 we
1089 900 67 24 think
1173 899 45 24 will

642 944 59 23 show
713 942 49 23 that
773 941 39 24 the
833 939 117 31 Company
961 937 45 23 and
1025 935 59 23 their
1103 932 116 32 Principal

642 977 77 30 Agent
731 982 58 16 were
800 972 58 30 fully
868 972 58 22 albe
945 975 22 19 to
986 969 38 24 the
1044 969 144 29 importances
1197 965 24 23 of

643 1008 37 24 the
691 1008 95 31 subject,
798 1006 48 25 and.
851 1005 57 23 that,
917 1003 31 24 all
966 1003 48 25 that
1034 1002 19 22 it
1069 1007 48 16 was
1127 1000 24 22 in
1162 998 57 24 their

642 1049 74 24 power
727 1045 23 19 to
763 1040 37 28 do,
811 1039 41 23 has
864 1038 56 23 been
933 1036 57 23 done
1000 1034 56 24 with
1066 1031 82 32 regard
1159 1035 22 20 to
1193 1031 25 24 it.
1226 1057 5 3 .

677 1074 71 30 Many
771 1073 24 23 of
823 1080 39 15 our
885 1069 89 25 readers
993 1068 47 23 will
1061 1064 125 25 remember
1208 1072 13 15 a

644 1108 81 23 Public
738 1106 103 29 Meeting
852 1103 72 24 which
936 1101 62 26 took,
1009 1101 63 31 place
1086 1102 24 19 at
1121 1098 38 23 the
1170 1097 50 24 Ex-

645 1141 93 30 change,
752 1139 76 23 rather
838 1144 62 17 more
912 1135 54 24 than
978 1142 13 15 a
1009 1141 53 23 year
1075 1139 51 23 ago,
1137 1129 30 32 (it
1176 1137 45 25 w;as

645 1182 29 15 on
684 1174 38 22 the
734 1171 58 25 20th
804 1170 74 32 April,
892 1167 85 31 1842,)
988 1168 24 22 in
1031 1168 154 27 consequence
1200 1163 26 23 of

645 1204 173 33 Rangihaiata's
838 1201 143 34 aggressions
1002 1203 23 19 at
1043 1198 107 24 Porirua.
1185 1196 36 23 On

645 1240 48 24 that
712 1238 104 24 occasion
838 1236 48 23 Mr.
910 1233 92 28 Stokes,
1027 1231 60 30 (who
1110 1230 54 24 took
1185 1229 38 23 the

645 1273 61 31 lead)
728 1269 98 32 charged
847 1269 38 23 the
907 1268 57 23 New
987 1264 100 26 Zealand
1107 1264 116 29 Company

647 1306 41 23 and
713 1306 58 22 their
794 1301 116 32 Principal
936 1300 79 30 Agent
1042 1297 53 24 with
1123 1295 100 32 culpable

647 1339 89 31 neglect
751 1338 25 23 in
797 1341 40 19 not
854 1334 127 33 protecting
999 1331 39 24 the
1056 1328 89 26 settlers
1155 1337 7 20 ;
1181 1328 44 23 and

648 1372 28 23 he
688 1376 41 26 put
741 1379 12 15 a
765 1369 95 25 number
872 1368 24 23 of
912 1367 114 30 questions
1047 1372 28 15 on
1090 1363 37 23 the
1138 1361 87 32 subject

648 1410 23 18 to
684 1405 94 23 Colonel
788 1400 136 28 Wakefield,
936 1399 49 23 who
1004 1405 46 16 was
1060 1399 99 29 present.
1196 1394 29 23 In

649 1438 103 30 replying
764 1442 22 18 to
798 1436 68 27 them,
881 1434 36 23 the
939 1431 93 24 Colonel
1051 1429 73 23 stated
1141 1428 49 22 that
1200 1435 26 15 as

649 1471 34 23 far
693 1470 59 24 back
764 1477 24 16 as
807 1468 66 28 June,
887 1466 72 26 1841,
972 1465 27 22 he
1010 1463 46 23 had
1075 1460 89 32 applied
1180 1460 46 23 fre-

650 1504 92 30 quently
753 1503 24 22 in
788 1508 82 25 person
882 1499 43 24 and
942 1497 31 30 by
983 1497 67 23 letter
1066 1500 23 18 to
1101 1494 37 23 the
1150 1493 77 26 Police

651 1537 135 30 Magistrate
797 1534 35 24 for
842 1534 36 22 his
898 1530 156 27 interference,
1066 1527 44 24 and
1126 1524 43 25 had
1179 1526 48 23 also

651 1569 143 32 represented
806 1568 36 23 the
855 1573 51 16 case
917 1569 24 18 to
957 1563 37 23 the
1012 1562 119 24 Directors
1152 1560 24 22 of
1190 1559 38 23 the

652 1603 56 23 New
728 1600 101 25 Zealand
847 1600 124 29 Company.
1007 1595 58 24 This
1084 1593 63 31 reply
1161 1593 67 23 satis-

652 1636 42 23 fied
706 1635 48 24 Mr.
769 1634 83 24 Stokes
865 1631 42 24 and
920 1630 37 23 the
969 1633 47 19 rest
1027 1627 25 24 of
1066 1627 39 25 the
1117 1626 111 30 Meeting,

652 1669 43 23 and
707 1668 47 23 Mr.
767 1666 80 28 Wade,
860 1665 48 23 who
920 1663 44 23 had
975 1669 64 16 come
1054 1658 110 33 prepared
1174 1658 53 24 with

653 1710 13 15 a
677 1701 123 24 resolution
811 1698 173 28 condemnatory
995 1694 25 24 of
1035 1694 38 22 the
1095 1690 95 26 conduct
1207 1691 26 23 of

654 1734 37 24 the
709 1732 136 32 Company's
865 1729 115 32 Principal
1000 1727 86 30 Agent,
1098 1724 86 32 (rather
1202 1731 29 16 an
1243 1723 1 23 !

654 1776 28 15 ex
692 1771 63 27 parte
766 1765 136 32 proceeding
912 1763 30 30 by
953 1762 37 24 the
1004 1758 61 33 way)
1077 1757 106 26 admitted
1195 1757 36 23 his
1243 1758 1 11 !

655 1809 67 20 error,
736 1800 43 23 and
791 1797 79 25 moved
884 1795 86 25 instead
1008 1794 50 23 that
1077 1802 14 14 a
1102 1791 128 33 deputation

656 1833 80 24 should
747 1833 52 23 wait
819 1838 59 24 upon
889 1830 38 22 the
948 1826 87 26 Sheriff
1050 1830 23 19 to
1092 1831 91 25 express
1195 1823 37 23 the

657 1866 136 31 willingness
806 1864 25 24 of
844 1864 38 23 the
895 1863 71 22 entire
984 1859 132 32 population
1123 1862 31 18 ■to
1166 1856 67 24 assist

656 1900 46 23 him
713 1901 27 21 iff
748 1899 38 23 the
800 1898 41 22 due
853 1896 119 24 execution
984 1894 25 23 of
1024 1892 37 23 the
1206 1916 3 4 ,

689 1933 75 23 Down
776 1936 22 19 to
809 1928 75 33 April;
982 1925 120 28 therefore,
1112 1925 19 23 it
1142 1930 92 24 appears

658 1966 47 23 that
725 1965 38 23 the
785 1971 78 17 course
880 1960 99 34 pursued
997 1959 30 31 by
1099 1955 135 32 Company's

659 1998 114 30 Principal
790 1990 83 37 Agent'
885 2002 46 16 was
949 1992 63 25 made
1032 1991 85 32 public,
1125 1989 53 23 -and
1198 1988 37 23 the

658 2031 75 30 public
752 2028 109 24 satisfied.
898 2026 24 23 It
940 2025 52 30 only
1009 2024 100 24 remains
1126 2027 24 18 to
1166 2019 71 38 firing

659 2064 61 23 down
734 2063 58 23 their
803 2059 146 33 proceedings
962 2063 21 18 to
995 2057 38 23 the
1046 2059 90 28 present
1147 2054 86 32 period,

659 2097 43 23 and
714 2104 32 15 we
758 2094 92 32 publish
866 2094 23 22 in
901 2091 93 24 another
1006 2094 51 27 part
1068 2089 25 22 of
1108 2096 40 15 our
1164 2094 73 24 Jiaper

660 2131 90 29 copious
763 2131 105 24 extracts,
886 2124 73 25 which
977 2124 56 22 have
1045 2123 57 22 been
1122 2116 117 28 furnished

660 2171 33 20 us,
706 2162 58 23 from
777 2162 38 22 the
827 2158 126 32 dispatches
966 2157 24 23 of
1007 2155 94 24 Colonel
1112 2152 128 25 Wakefield

661 2195 66 32 to^the
738 2195 125 27 Directors,
874 2191 73 24 which
957 2191 61 22 show
1027 2189 48 23 that
1087 2188 29 23 he
1122 2187 41 23 has
1173 2193 67 16 never

661 2228 79 24 ceased
752 2232 22 19 to
786 2234 55 23 urge
852 2226 39 23 the
903 2224 88 31 subject
1002 2230 30 15 on
1044 2221 57 24 their
1114 2219 107 25 attention
1232 2227 7 20 ;

661 2261 45 24 and
724 2261 50 23 that
792 2260 53 30 they
856 2259 57 23 have
924 2255 123 25 forwarded
1064 2255 37 22 his
1113 2257 86 27 reports
1219 2256 22 18 to

662 2296 36 22 the
722 2292 104 26 Colonial
847 2292 81 27 Office,
947 2290 91 23 whence
1056 2288 110 27 however,
1187 2285 55 30 they

661 2328 44 23 had
715 2332 41 18 not
768 2331 23 19 at
809 2325 36 24 the
858 2325 50 23 date
920 2324 26 22 of
960 2322 59 24 their
1032 2321 45 23 last
1089 2318 153 25 communica-

663 2362 45 23 tion
720 2365 24 20 to
755 2360 56 28 him,
830 2357 101 25 received
948 2364 43 22 any
1003 2354 72 32 reply.
1092 2376 4 5 ,
1111 2351 50 25 The
1173 2351 70 23 whole

663 2394 73 24 blame
746 2392 112 24 therefore
868 2395 59 21 rests
939 2389 73 23 where
1023 2395 31 16 we
1066 2385 119 32 originally
1197 2383 47 24 laid

664 2429 24 27 it,
699 2435 30 15 on
740 2426 38 23 the
790 2424 118 25 shoulders
918 2423 26 23 of
953 2422 164 23 Government.

698 2495 43 23 We
752 2494 59 23 have
826 2492 70 23 heard
913 2486 153 28 considerable
1085 2488 100 30 surprise
1204 2494 42 16 ex-

666 2527 92 33 pressed
769 2531 23 19 at
803 2534 15 16 a
828 2528 120 20 statement
959 2522 74 24 which
1052 2520 114 33 appeared:
1173 2521 24 22 in
1208 2520 39 23 the

669 2562 93 23 Gazette
779 2560 26 23 of
823 2557 113 31 Saturday
948 2557 51 27 last,
1018 2560 24 18 to
1060 2555 39 23 the
1118 2553 65 24 effect
1199 2553 49 23 that

668 2595 37 23 the
719 2593 79 25 Police
810 2592 136 31 Magistrate
957 2589 45 23 had
1014 2588 76 24 seized
1101 2588 44 22 five
1156 2586 57 31 kdgs
1226 2586 25 23 of

668 2626 136 33 gunpowder
817 2626 22 22 in
849 2625 38 23 the
895 2623 131 32 possession
1035 2621 24 23 of
1072 2620 38 24 the
1122 2619 59 25 Rev.
1200 2618 47 24 Mr.

670 2661 95 28 Smales,
781 2668 14 15 a
805 2658 121 30 Wesleyan
942 2655 148 30 Missionary,
1110 2653 99 31 residing
1225 2652 25 23 in

670 2694 45 23 this
727 2693 81 24 Town.
843 2691 51 23 The
912 2689 100 31 surprise
1025 2685 122 33 expressed
1157 2687 21 23 is
1190 2690 60 19 two-

670 2727 45 23 fold
725 2735 7 20 ;
751 2732 63 17 some
833 2724 42 23 ask
894 2723 51 23 how
957 2722 37 23 the
1014 2720 80 25 Police
1113 2719 138 31 Magistrate

662 2757 4 3 '
671 2759 68 24 dared
747 2763 23 19 to
777 2762 63 19 enter
849 2757 38 23 the
895 2756 71 23 house
974 2754 25 24 of
1006 2762 13 15 a
1025 2753 87 32 private
1120 2752 131 28 individual,

672 2793 43 25 and
726 2797 23 19 to
762 2799 64 22 carry
837 2790 37 29 off,
993 2787 37 23 his
1047 2786 54 28 will,
1112 2790 106 27 property
1230 2785 25 22 of

672 2834 13 15 a
701 2833 55 23 very
774 2822 153 25 considerable
945 2821 66 23 value
1022 2828 6 20 ;
1048 2819 45 23 and
1112 2819 78 23 others
1208 2817 45 24 ask

673 2859 59 23 what
739 2857 100 32 possible
845 2863 41 16 use
894 2854 65 25 could
966 2862 13 15 a
990 2853 115 24 Christian
1114 2853 139 29 Missionary

673 2892 58 23 have
742 2892 35 22 for
788 2891 44 22 five
842 2889 59 31 kegs
913 2888 25 24 of
946 2885 147 33 gunpowder.

706 2924 52 24 The
769 2924 51 24 first
832 2922 103 32 question
946 2922 20 21 is
978 2919 70 31 easily
1060 2918 124 26 answered.
1204 2917 51 24 The

673 2959 99 30 keeping
784 2957 25 23 of
818 2954 135 33 gunpowder
969 2954 24 22 in
1004 2952 62 31 large
1084 2952 130 31 quantities,
1230 2951 26 22 in

675 3000 12 15 a
695 2990 112 33 populous
816 2986 191 33 neighbourhood,
1018 2986 20 23 is
1046 2993 13 16 a
1065 2993 55 23 very
1129 2985 127 30 dangerous

676 3025 65 30 thing
748 3033 7 20 ;
775 3031 29 15 an
816 3021 118 32 explosion
946 3027 51 23 may
1007 3019 30 23 be
1047 3018 56 24 fatal
1115 3023 22 18 to
1148 3018 39 22 the
1198 3017 59 23 lives

677 3058 44 24 and
729 3056 125 33 properties
866 3054 25 23 of
900 3054 30 23 all
943 3053 48 23 who
1004 3060 38 15 are
1054 3051 78 24 within
1140 3051 30 23 its
1179 3050 77 25 reach.

677 3091 68 23 Since
756 3089 38 23 the
806 3089 53 23 time
871 3087 25 23 of
906 3086 95 24 Charles
1014 3085 38 23 the
1063 3084 64 24 First
1136 3083 120 28 therefore,

677 3124 38 23 the
725 3122 132 31 legislature
867 3121 25 22 in
909 3117 109 33 England
1029 3115 41 26 Has
1088 3124 54 24 very
1153 3115 106 33 properly

678 3155 116 32 regulated
805 3155 30 23 its
845 3152 155 25 manufacture
1012 3150 44 24 and
1067 3154 97 26 storage,
1173 3148 44 25 and
1228 3149 31 31 by

680 3188 36 25 the
727 3188 43 24 law
781 3195 51 16 now
842 3187 25 22 in
877 3186 69 28 forces
962 3192 30 16 no
1004 3184 76 23 dealer
1091 3184 24 23 in
1133 3182 38 24 the
1181 3182 79 24 article

679 3230 52 23 may
750 3221 59 30 l^eep
831 3227 61 15 more
910 3218 55 23 than
983 3219 49 21 200
1052 3216 96 31 pounds,
1169 3215 44 24 and
1230 3223 30 15 no

680 3262 82 25 person
770 3254 50 23 who
828 3253 19 22 is
854 3256 61 19 nota
920 3250 75 24 dealer
1001 3257 63 15 more
1072 3249 54 23 than
1134 3251 31 22 50
1172 3248 89 31 pounds

681 3288 25 24 of
714 3289 26 28 it,
750 3287 79 23 within
840 3292 42 16 one
890 3284 56 23 mile
958 3283 25 24 of
992 3291 14 14 a
1013 3286 68 25 town,
1091 3282 73 30 under,
1170 3281 91 31 penalty

682 3321 24 24 of
715 3320 117 30 forfeiting
842 3318 31 23 all
884 3317 70 24 above
966 3315 37 25 the
1021 3315 103 31 quantity
1138 3315 28 23 he
1178 3315 20 23 is
1208 3322 53 23 per-

682 3354 80 24 mitted
772 3359 24 18 to
807 3352 66 31 keep,
886 3350 45 24 and
943 3350 36 23 the
996 3356 53 16 sum
1060 3348 25 23 of
1101 3353 42 18 two
1157 3347 105 31 shillings

683 3388 34 23 for
729 3394 68 23 every
804 3385 76 32 pound
890 3384 70 23 above
969 3382 50 24 that
1026 3381 111 32 quantity.
1164 3381 99 23 Justices

684 3421 24 23 of
724 3420 38 24 the
780 3420 74 23 Peace
873 3425 38 16 are
922 3416 48 24 also
982 3414 78 25 aimed
1070 3413 56 28 wit-h
1142 3421 76 24 power
1239 3418 23 18 to

684 3453 79 24 search
783 3452 35 23 for
840 3451 56 23 and,
905 3450 59 24 seize
985 3455 45 24 any
1050 3447 136 30 gunpowder
1207 3446 58 31 kept

685 3491 103 25 contrary
792 3498 3 14 ;
797 3489 22 19 to
830 3484 37 24 the
879 3484 110 23 Statutes.
1025 3480 138 24 Inaddition
1169 3484 23 19 to
1200 3479 65 26 these

675 3524 123 25 .statutory
805 3517 134 32 provisions,
947 3515 39 23 the
992 3514 101 31 keeping
1099 3513 28 23 off
1130 3512 135 31 gunpowder

686 3553 83 23 under
774 3552 176 22 circumstances
969 3547 74 24 where
1061 3547 19 22 it
1101 3553 51 23 may
1170 3545 66 24 effect
1253 3552 13 16 a

686 3585 77 31 public
773 3584 76 32 injury
859 3584 19 22 is
890 3590 14 16 a
913 3581 77 32 public
1000 3580 108 23 nuisance
1114 3587 7 19 ;
1139 3576 127 33 and'public

687 3620 120 22 nuisances
818 3623 52 23 may
880 3616 29 22 be
920 3613 89 29 abated,
1021 3613 50 23 that
1081 3613 22 22 is
1113 3611 110 30 removed,
1236 3611 31 30 by

688 3659 44 23 any
743 3652 87 30 private
840 3647 132 29 individual,
987 3645 95 24 without
1100 3644 38 24 the
1154 3644 113 30 authority

689 3691 56 16 even
764 3684 24 23 of
805 3690 14 15 a
833 3681 144 31 Magistrate.
1012 3679 51 23 The
1077 3677 104 30 conduct,
1193 3677 75 23 there-

689 3717 56 28 fore,
766 3715 26 24 of
811 3714 48 24 Mr.
880 3711 144 31 M'Donogh,
1044 3719 25 15 as
1088 3710 36 23 far
1139 3717 26 16 as
1181 3717 33 16 we
1231 3716 38 17 are
1267 3708 3 11 1

690 3747 134 33 acquainted
833 3746 54 24 with
899 3746 38 23 the
949 3746 182 26 circumstances,
1145 3750 94 24 appears
1244 3747 24 19 to

690 3783 89 31 require
790 3788 29 16 no
833 3780 104 31 apology.

724 3815 51 24 The
785 3814 64 23 other
861 3813 111 31 question,
985 3809 98 32 namely,
1092 3809 60 24 what
1158 3816 40 16 use
1206 3807 65 25 could

691 3857 14 15 a
715 3848 123 29 Wesleyan
849 3846 141 28 Missionary
1000 3843 58 25 have
1073 3842 37 24 for
1124 3842 43 23 five
1179 3841 58 32 kegs
1249 3841 26 22 of

691 3881 99 33 powder,
813 3881 21 22 is
857 3882 40 20 not
919 3886 26 15 so
969 3877 72 30 easily
1063 3874 123 26 answered.
1219 3874 53 24 The

692 3915 123 29 Wesleyan
833 3912 59 30 body
909 3919 33 15 we
961 3910 58 24 have
1038 3909 91 30 always-
1137 3907 136 27 understood

692 3947 112 33 prohibits
815 3947 29 21 its
862 3945 114 23 ministers
986 3943 61 23 from
1058 3949 29 17 an
1098 3938 134 35 indulgence
1249 3939 26 23 in

1226 143 54 25 field
1291 145 73 28 sports
1376 149 7 19 ;
1404 139 43 24 and
1465 137 39 24 the
1520 135 127 30 Wesleyan
1667 131 141 29 Missionary

1225 176 102 29 Society,
1348 181 35 15 we
1406 172 47 24 also
1475 167 146 28 understand,
1630 166 5 4 '
1642 164 113 32 prohibits
1778 163 31 22 its

1230 206 157 26 Missionaries
1397 205 59 23 from
1477 201 113 32 engaging
1600 200 26 22 in
1646 196 88 26 secular
1751 203 58 24 pur-

1230 242 64 27 suits,
1308 239 56 24 such
1375 245 26 16 as
1414 235 62 25 trade
1488 243 25 15 or
1533 238 133 19 commerce.
1701 229 51 24 The
1767 232 44 20 two

1231 278 59 19 most
1300 272 93 25 obvious
1405 275 99 21 reasons,
1516 266 120 27 therefore,
1647 262 51 31 why
1707 270 14 15 a
1729 264 83 28 person-

1232 305 80 25 should
1323 311 91 24 possess
1424 299 92 26 himself
1532 299 25 22 of
1575 306 14 14 a
1598 297 63 29 large
1674 295 102 31 quantity
1790 293 24 23 of

1233 337 135 33 gunpowder
1399 342 39 16 are
1466 330 108 26 excluded
1602 330 26 22 in
1656 328 38 23 the
1722 330 91 28 present

1233 372 108 23 instance.

1268 403 23 23 It
1301 403 42 23 has
1350 402 57 23 been
1416 396 122 33 suggested
1545 400 23 19 to
1575 403 27 16 us
1610 394 50 23 that
1668 394 48 23 Mr.
1726 394 88 22 Smales

1235 436 73 30 might
1317 435 59 23 have
1387 431 110 33 procured
1508 429 39 24 the
1563 426 137 33 gunpowder
1712 426 24 22 in
1747 432 67 23 ques-

1237 469 54 28 tion,
1302 468 36 23 for
1348 467 39 23 the
1404 472 97 25 purpose
1512 462 24 24 of
1550 460 117 30 bartering
1677 459 19 22 it
1711 458 55 23 with
1777 457 39 23 the

1238 502 94 23 Natives
1340 500 37 23 for
1388 499 39 23 the
1434 495 137 26 necessaries
1580 493 24 24 of
1612 492 48 28 life,
1672 499 26 15 or
1709 491 34 23 for
1755 497 62 16 some

1237 534 122 31 legitimate
1370 538 98 25 purpose
1480 526 122 27 connected
1611 525 54 23 with
1672 524 36 23 his
1715 523 101 28 mission,

1239 566 55 24 such
1306 573 25 16 as
1338 565 85 31 paying
1432 563 60 24 them
1500 562 34 23 for
1541 560 39 24 the
1588 558 98 24 erection
1693 556 26 24 of
1729 555 89 24 school-

1239 600 81 23 houses
1333 607 24 15 or
1369 596 99 32 chapels.
1504 594 58 24 This
1574 599 52 23 may
1634 591 28 22 be
1674 598 25 15 so
1708 598 6 20 ;
1734 589 41 23 but
1787 596 32 15 we

1240 632 46 24 find
1296 631 50 24 that
1356 631 39 23 the
1413 628 92 25 Church
1516 626 140 28 Missionary
1668 623 98 30 Society,
1778 620 42 24 has

1240 666 83 29 always
1338 662 118 32 expressly
1467 658 129 34 prohibited
1613 658 30 22 its
1661 655 159 25 Missionaries

1241 699 58 22 from
1311 698 67 29 using
1385 696 42 23 fire
1436 702 68 21 arms,
1515 690 145 34 gunpowder,
1669 696 24 17 or
1703 688 76 31 spirits
1787 687 34 23 for

1242 731 45 26 this
1298 737 97 24 purpose
1407 737 6 20 ;
1427 728 106 29 knowing
1544 725 50 23 that
1604 723 40 24 the
1656 722 94 27 Natiyes
1762 727 59 16 were

1242 760 70 33 likely
1324 768 22 18 to
1366 767 52 18 turn
1431 760 60 24 them
1504 763 22 19 to
1534 758 62 24 'their
1607 764 51 16 own
1675 754 145 24 destruction.

1244 796 108 24 Whether
1364 794 37 24 the
1413 793 121 30 Wesleyau
1545 791 92 29 Society
1643 789 42 23 has
1696 785 127 34 prohibited

1243 829 59 23 their
1312 835 41 17 use
1371 827 36 23 for
1425 826 45 23 this
1487 831 106 25 purpose,
1613 830 35 15 we
1666 824 82 21 cannot
1767 826 54 24 say;

1245 862 40 23 but
1295 869 34 16 we
1341 859 74 29 think,
1428 859 53 30 they
1493 865 43 16 can
1552 855 101 31 scarcely
1663 854 59 23 have
1733 851 92 25 omitted

1246 900 22 18 to
1280 894 27 24 do
1319 902 33 15 so.
1388 892 26 24 If
1429 899 32 21 so,
1479 890 38 24 the
1528 889 54 30 only
1599 887 127 29 remaining
1745 892 80 16 reason

1246 927 73 24 which
1329 926 73 30 might
1420 924 56 23 have
1490 923 58 23 been
1559 920 122 31 suggested
1698 920 21 21 is
1731 918 46 23 also
1788 925 37 15 re-

1246 959 88 29 moved,

1341 989 138 26 understand
1500 988 48 24 that
1567 987 38 23 the
1626 984 137 32 gunpowder
1780 989 47 16 was

1247 1025 124 33 purchased
1381 1023 117 24 sometime
1515 1021 63 23 since
1587 1019 31 31 by
1631 1019 48 22 Mr.
1697 1016 96 28 Smales,
1805 1021 22 17 at

1248 1064 23 19 at
1290 1066 42 16 one
1349 1057 25 24 of
1393 1057 39 23 the
1453 1053 139 32 Company's
1611 1051 59 24 sales
1690 1050 25 23 of
1737 1048 90 32 surplus

1248 1097 72 19 stores
1328 1100 6 20 ;
1348 1091 40 23 but
1400 1090 48 23 that
1460 1089 18 22 it
1487 1095 44 16 was
1544 1086 52 30 only
1603 1083 106 25 removed
1717 1081 56 32 (and
1781 1082 47 23 that

1249 1125 29 31 by
1289 1132 61 16 some
1369 1122 84 24 maoris
1464 1121 72 23 whom
1556 1120 29 22 he
1604 1116 118 32 employed
1740 1116 33 23 for
1791 1115 37 23 the

1249 1156 108 33 purpose)
1379 1157 62 22 since
1461 1161 42 16 our
1523 1153 46 22 late
1592 1151 78 24 alarm.
1716 1149 43 23 We
1781 1148 48 23 also

1251 1189 143 29 understand,
1408 1188 48 23 that
1530 1184 89 25 Smales
1629 1184 58 24 lives
1698 1189 82 23 among
1792 1181 37 24 the

1251 1224 93 24 Natives
1353 1232 6 20 ;
1371 1222 45 24 and
1426 1229 32 16 we
1470 1228 37 15 are
1517 1217 77 25 bound
1602 1222 21 18 to
1631 1225 48 22 say,
1692 1216 49 23 that
1750 1216 18 22 it
1776 1214 54 23 does

1252 1262 38 18 not
1301 1263 83 25 appear
1395 1259 24 19 to
1431 1254 55 24 have
1494 1253 58 23 been
1563 1259 29 16 an
1603 1255 37 19 act
1649 1250 25 23 of
1682 1248 112 32 prudence
1802 1254 29 16 on

1251 1290 36 24 his
1296 1294 51 27 part
1360 1294 22 18 to
1393 1288 53 23 take
1458 1288 19 22 it
1493 1289 23 20 at
1527 1285 46 23 this
1585 1287 106 24 moment,
1710 1284 39 21 out
1760 1280 25 24 of
1794 1280 37 23 the

1253 1322 92 31 custody
1357 1322 24 23 of
1397 1321 38 23 the
1446 1320 67 23 white
1531 1325 60 21 man,
1611 1316 44 23 and
1666 1320 41 27 put
1718 1315 19 23 it
1754 1313 78 24 within

1253 1356 36 23 the
1301 1355 66 24 reach
1380 1354 26 23 of
1415 1354 37 23 the
1465 1352 102 27 Natives,
1580 1349 48 23 who
1635 1349 70 30 being
1715 1346 117 32 employed

1254 1394 22 18 to
1287 1396 63 24 carry
1362 1389 18 21 it
1392 1391 61 19 must
1470 1386 56 23 have
1543 1384 84 22 known
1638 1382 29 23 its
1679 1382 63 30 place
1754 1379 24 24 of
1794 1379 38 23 de-

1254 1422 65 31 posit.
1355 1421 43 23 We
1409 1421 37 29 lay
1454 1426 30 16 no
1497 1424 61 16 more
1567 1415 87 23 serious
1666 1414 135 31 imputation
1811 1417 22 18 to

1256 1455 35 23 the
1304 1455 81 30 charge
1398 1453 25 23 of
1438 1452 48 23 Mr.
1507 1449 95 28 Smales,
1623 1447 55 24 than
1690 1447 49 22 that
1750 1446 25 23 of
1790 1446 43 22 im-

1255 1488 111 31 prudence
1374 1496 7 19 ;
1401 1486 19 23 if
1429 1485 31 23 he'
1470 1485 19 22 is
1501 1482 49 24 able
1562 1487 23 17 to
1597 1480 90 31 explain
1699 1480 39 23 the
1754 1483 80 19 matter

1256 1529 39 15 our
1307 1520 102 24 columns
1421 1526 37 16 are
1471 1523 65 25 open.
1540 1520 22 18 to
1574 1515 54 27 him,
1641 1513 45 24 and
1694 1520 32 16 we
1738 1511 57 25 shall
1808 1511 27 23 be

1256 1555 73 29 happy
1337 1557 22 19 to
1370 1553 51 30 give
1430 1550 107 24 insertion
1547 1553 22 18 to
1582 1555 44 22 any
1633 1549 121 21 statement
1762 1544 73 24 which

1256 1595 51 22 may
1326 1586 60 23 clear
1407 1585 35 23 his
1463 1583 118 23 character
1598 1580 59 23 from
1669 1580 38 23 the
1720 1579 81 29 charge
1814 1577 23 23 of

1257 1619 153 24 indiscretion.

1290 1666 50 23 The
1352 1664 69 23 above
1433 1671 45 15 was
1496 1663 23 22 in
1531 1666 61 26 type,
1604 1659 66 24 when
1681 1664 33 18 we
1737 1656 100 26 received

1259 1708 13 14 a
1281 1699 66 23 letter
1358 1698 58 22 from
1428 1696 48 24 Mr.
1487 1695 97 28 Smales,
1595 1692 86 32 (which
1691 1699 33 16 we
1737 1692 100 26 observe,

1259 1732 27 23 he
1305 1731 42 24 has
1364 1730 48 23 also
1431 1725 121 35 published
1570 1728 24 23 in
1604 1727 39 23 the
1665 1723 120 32 Colonist,)
1796 1723 43 23 and

1260 1765 71 23 which
1343 1772 31 14 we
1387 1764 71 22 insert
1468 1762 127 23 elsewhere.
1632 1759 49 24 Mr.
1694 1757 89 24 Smales
1801 1764 37 15 ac-

1261 1805 65 16 cuses
1333 1805 27 15 us
1367 1796 25 23 of
1395 1796 85 30 having
1484 1792 156 33 promulgated
1646 1791 55 26 false
1709 1795 131 19 statements

1260 1831 53 24 both
1326 1838 28 16 on
1366 1830 45 22 this
1423 1828 45 24 and
1479 1835 30 16 on
1520 1835 68 23 many
1599 1826 105 31 previous
1716 1824 123 27 occasions,

1261 1864 127 30 respecting
1411 1862 37 23 the
1471 1861 110 24 Missions
1608 1858 45 24 and
1674 1857 165 24 Missionaries.

1263 1897 33 24 As
1308 1896 92 31 regards
1412 1903 44 22 any
1475 1894 105 31 previous
1600 1895 141 23 statements,
1752 1889 19 24 if
1792 1889 47 24 Mr.

1264 1930 88 24 Smales
1371 1929 45 23 had
1433 1925 171 33 particularised
1624 1925 69 28 them,
1714 1930 32 16 we
1763 1922 81 24 should

1263 1963 104 32 perhaps,
1380 1962 57 23 have
1447 1962 57 22 been
1515 1959 50 24 able
1585 1963 22 18 to
1620 1957 81 24 defend
1722 1955 120 29 ourselves,

1265 1996 71 23 which
1353 2000 23 18 at
1385 1998 102 27 .present
1504 2000 32 16 we
1548 1999 38 16 are
1602 1990 84 24 unable
1706 1993 23 19 to
1749 1989 36 27 do,
1805 1992 39 19 not

1266 2029 105 30 knowing
1384 2032 23 18 to
1419 2026 60 23 what
1488 2025 29 23 he
1528 2024 95 23 alludes.
1660 2021 34 23 As
1703 2021 93 30 regards
1809 2021 36 22 the

1265 2065 120 20 statement
1396 2059 128 31 respecting
1531 2057 39 23 the
1578 2054 144 33 gunpowder,
1734 2061 31 16 we
1774 2053 70 31 really

1266 2095 27 23 do
1305 2099 40 18 not
1353 2092 67 25 think
1427 2092 27 23 he
1464 2092 41 23 has
1515 2089 68 24 much
1590 2094 21 18 to
1621 2087 112 31 complain
1743 2086 30 24 of.
1804 2086 42 23 We

1267 2127 73 24 stated
1352 2127 48 23 that
1411 2129 16 21 5
1439 2124 85 24 barrels
1536 2123 44 23 had
1597 2123 58 22 been
1667 2120 74 23 seized
1750 2129 7 19 ;
1773 2120 29 23 he
1814 2118 33 23 al-

1268 2162 60 30 leges
1348 2160 49 23 that
1416 2158 63 26 there
1500 2164 57 16 were
1578 2156 53 30 only
1653 2155 15 22 4
1686 2153 76 23 casks.
1799 2152 49 24 The

1269 2195 119 22 substance
1399 2192 24 24 of
1433 2191 38 23 the
1481 2194 120 20 statement
1608 2190 20 21 is
1639 2188 61 31 quite
1708 2185 136 25 unaffected.

1270 2228 76 30 Again
1366 2233 32 16 we
1419 2224 49 24 said
1486 2224 49 23 that
1559 2223 37 22 the
1614 2220 72 25 Local
1708 2219 141 24 Authorities

1271 2259 74 25 seized
1362 2259 38 23 the
1420 2256 136 32 gunpowder
1566 2264 7 20 ;
1601 2255 36 23 his
1653 2253 64 31 reply
1734 2253 20 22 is
1775 2256 22 19 to
1813 2251 36 24 the

1271 2293 65 24 effect
1347 2292 48 23 that
1414 2292 54 29 they
1479 2290 38 23 did
1529 2294 40 18 not
1588 2287 66 28 seize,
1672 2286 53 31 they
1737 2285 53 30 only
1801 2284 49 24 took

1271 2326 19 24 it
1300 2327 24 22 in
1335 2333 14 16 a
1364 2324 76 28 gentle
1457 2329 100 17 manner.
1593 2321 48 23 Mr.
1660 2318 144 31 M'Donogh,
1823 2325 28 16 no

1273 2360 75 28 doubt,
1361 2356 115 25 exercised
1486 2357 49 22 that
1545 2353 101 25 suaviter
1661 2352 25 23 in
1696 2351 72 29 modo,
1780 2351 73 23 which

1273 2393 127 31 gentlemen
1418 2389 89 30 usually
1520 2388 100 24 exercise
1629 2396 6 20 ;
1657 2386 42 23 but
1710 2386 18 23 it
1746 2392 73 16 seems
1831 2389 22 18 to

1273 2434 34 20 us,
1320 2426 48 22 that
1381 2424 62 23 there
1454 2430 47 15 was
1512 2422 61 30 quite
1586 2428 23 16 as
1621 2419 68 24 much
1700 2419 25 23 of
1734 2418 39 23 the
1777 2416 75 32 forti-

1274 2458 68 24 terin
1353 2465 25 15 re
1390 2465 26 15 as
1425 2455 102 32 justified
1538 2454 39 23 the
1588 2452 133 32 expression
1738 2458 32 16 we
1783 2450 54 23 used
1846 2459 6 19 ;

1275 2492 62 23 when
1356 2499 13 15 a
1387 2490 80 23 Police
1487 2488 136 30 Magistrate
1644 2489 75 19 enters
1737 2492 13 15 a
1769 2485 86 30 private

1275 2525 70 23 house
1364 2524 44 23 and
1426 2522 93 24 informs
1538 2522 30 22 its
1581 2526 81 21 owner,
1682 2518 49 23 that
1747 2517 29 23 he
1796 2520 60 19 must

1276 2557 118 24 surrender
1407 2556 30 23 all
1448 2555 38 24 the
1498 2553 137 32 gunpowder
1652 2552 29 22 he
1691 2551 43 23 has
1745 2554 47 27 got,
1812 2549 44 23 and

1276 2592 53 23 does
1340 2595 39 19 not
1391 2590 48 30 quit
1451 2588 37 23 the
1500 2588 71 23 house
1583 2586 34 23 till
1627 2585 28 23 he
1667 2585 98 22 receives
1776 2584 26 27 it,
1821 2590 32 15 we

1277 2625 66 24 think
1364 2623 38 23 the
1424 2621 131 31 expression
1574 2618 75 24 seized
1658 2625 54 22 very
1724 2615 131 32 applicable.

1278 2658 23 23 It
1312 2665 73 15 seems
1397 2656 49 23 that
1465 2654 38 24 the
1519 2652 123 31 Wesleyan
1661 2650 140 30 Missionary
1814 2649 43 23 So-

1278 2692 65 29 ciety,
1355 2690 53 23 does
1418 2688 88 32 permit,
1511 2686 39 24 the
1562 2693 40 16 use
1612 2685 25 23 of
1646 2683 136 32 gunpowder
1790 2690 25 15 as
1827 2690 29 15 an

1279 2724 76 24 article
1367 2722 25 24 of
1407 2723 75 22 barter
1493 2719 52 24 with
1564 2719 37 23 the
1621 2717 105 24 Natives.
1762 2715 42 26 We
1823 2723 37 15 are

1279 2764 64 23 sorry
1352 2761 22 18 to
1386 2755 54 24 hear
1451 2755 19 23 it
1477 2763 6 20 ;
1494 2754 37 23 for
1541 2753 21 23 it
1571 2759 94 24 appears
1677 2757 29 15 an
1712 2749 149 23 inconsistent

1280 2791 65 29 thing
1364 2794 23 18 to
1406 2789 50 30 give
1468 2788 61 23 them
1547 2785 39 24 the
1606 2785 130 29 Scriptures
1747 2781 55 24 with
1820 2789 41 15 one

1281 2823 67 29 hand,
1366 2821 45 25 and
1423 2829 28 16 an
1463 2819 77 25 article
1559 2817 73 24 which
1643 2817 55 30 they
1709 2816 57 23 have
1778 2823 26 15 so
1815 2814 46 24 fre-

1282 2856 91 31 quently
1385 2854 55 24 used
1453 2854 33 23 for
1504 2853 58 23 their
1580 2858 49 17 own
1647 2849 147 28 destruction,
1806 2847 55 24 with

1282 2891 38 22 the
1333 2889 73 24 other.

1316 2953 50 23 The
1385 2952 82 23 Editor
1486 2950 24 23 of
1529 2949 38 24 the
1587 2946 107 29 Colonist,
1709 2953 32 16 we
1760 2945 103 28 observe,

1284 2986 97 25 declines
1400 2985 106 31 replying
1524 2987 23 19 to
1568 2988 46 16 our.
1627 2980 45 23 last
1689 2979 80 23 article
1786 2985 28 16 on
1826 2977 39 23 the

1284 3019 66 25 Land
1362 3018 92 24 Claims'
1468 3022 23 17 at
1499 3019 108 28 present.;
1628 3021 13 15 a
1652 3012 59 31 good
1728 3011 49 23 deal
1791 3011 25 22 in
1827 3009 38 24 the

1283 3060 94 17 manner
1400 3051 25 22 of
1445 3050 63 23 those
1611 3046 50 23 who
1802 3043 64 23 when

1285 3086 56 24 their
1353 3088 82 20 matter
1447 3090 56 16 runs
1515 3081 49 30 dry,
1565 3092 34 4 —
1628 3079 14 23 I
1654 3086 42 15 can
1707 3086 29 15 no
1834 3088 33 4 —

1284 3119 95 29 wishing
1391 3116 58 24 their
1460 3114 90 25 readers
1562 3117 23 19 to
1595 3110 141 25 understand
1750 3110 50 23 that
1811 3109 54 31 they

1286 3151 65 25 could
1362 3159 13 15 a
1385 3153 64 28 great
1468 3147 50 24 deal
1536 3153 63 17 more
1615 3145 21 23 if
1652 3144 53 31 they
1715 3143 83 24 would.
1834 3143 31 23 So

1286 3186 53 29 long
1350 3192 24 15 as
1387 3183 39 23 the
1438 3180 100 25 Colonist
1554 3178 45 25 had
1611 3178 31 24 all
1653 3178 38 23 the
1705 3176 50 24 talk
1773 3180 24 19 to
1807 3175 60 24 him-

1287 3218 49 28 self,
1348 3216 38 24 the
1397 3215 89 31 subject
1496 3214 25 23 of
1532 3213 39 23 the
1583 3211 68 25 Land
1662 3210 92 25 Claims'
1768 3217 46 16 was
1832 3208 35 24 his

1287 3254 104 21 constant
1414 3249 75 23 theme
1497 3256 7 20 ;
1532 3254 25 16 as
1580 3253 55 15 soon
1659 3252 25 15 as
1707 3251 29 16 an
1758 3246 113 28 opponent

1287 3291 101 24 appears,
1400 3282 30 23 he
1440 3280 60 25 finds
1510 3279 59 32 good
1580 3285 92 17 reasons
1684 3277 35 23 for
1730 3275 137 30 forbearing,

1288 3326 25 15 as
1324 3317 29 23 he
1365 3315 55 24 calls
1432 3315 26 23 it.
1559 3314 5 4 '
1589 3321 3 5 '

1321 3349 41 24 He
1367 3347 173 29 does.however,
1548 3345 42 23 fire
1595 3352 13 15 a
1613 3343 91 31 parting
1709 3342 51 23 shot
1766 3350 6 21 ;
1783 3341 89 23 insinu-

1289 3385 63 28 ating
1363 3381 50 24 that
1423 3380 38 24 the
1472 3380 52 29 only
1531 3379 115 23 inference
1654 3381 23 18 to
1687 3376 30 23 be
1726 3374 76 25 drawn
1813 3374 58 23 from

1290 3423 41 18 our
1353 3418 130 27 arguments
1505 3413 28 28 is,
1557 3411 50 23 that
1629 3409 39 24 the
1690 3408 57 24 New
1768 3407 101 24 Zealand

1292 3450 119 28 Company
1429 3446 78 24 intend
1528 3444 116 30 deserting
1663 3441 39 24 the
1726 3441 143 24 Settlement.

1291 3482 59 24 This
1361 3481 21 23 is
1392 3484 42 19 not
1440 3479 39 23 the
1485 3479 51 22 first
1543 3481 96 26 attempt
1645 3483 33 15 we
1686 3474 56 24 have
1748 3481 53 16 seen
1810 3473 65 23 made

1293 3521 22 18 to
1323 3519 35 19 set
1365 3514 37 23 the
1409 3512 97 24 Settlers
1514 3510 45 24 aud
1566 3509 38 24 the
1611 3509 118 30 Company
1734 3511 23 20 at
1762 3507 112 23 variance.

1293 3549 47 24 But
1350 3547 38 24 the
1399 3547 46 22 fact
1455 3545 51 23 that
1515 3543 39 24 the
1566 3541 139 32 Company's
1716 3541 107 23 interests
1835 3547 40 15 are

1293 3579 114 26 identified
1416 3578 55 24 with
1481 3577 38 24 the
1531 3583 90 17 success
1634 3574 26 23 of
1668 3574 45 23 this
1724 3573 44 24 and
1776 3573 31 23 all
1816 3572 59 23 their

1294 3613 153 27 Settlements,
1460 3611 20 23 is
1489 3615 38 19 too
1540 3609 59 23 clear
1611 3613 23 18 to
1643 3607 65 23 allow
1721 3614 43 23 any
1774 3604 100 25 rational

1294 3654 82 25 person
1394 3649 24 19 to
1437 3650 97 25 suppose
1554 3642 50 23 that
1619 3641 54 30 they
1684 3639 47 24 will
1741 3638 136 30 voluntarily

1294 3679 91 25 forsake
1397 3677 59 24 their
1468 3675 110 32 offspring
1586 3683 6 20 ;
1617 3673 45 24 and
1677 3681 33 15 we
1722 3672 58 31 hope
1797 3671 81 32 people

1294 3714 58 23 have
1371 3717 64 18 more
1456 3716 66 17 sense
1545 3708 55 23 than
1621 3712 24 18 to
1667 3707 28 22 be
1713 3704 96 25 deluded
1828 3705 49 23 into

1296 3745 108 30 thinking
1415 3751 33 16 so.

1331 3803 51 25 The
1397 3800 121 25 Auckland
1540 3796 120 26 Chronicle
1678 3796 26 24 of
1719 3795 37 25 the
1776 3795 59 26 27th
1855 3794 25 24 of

1298 3838 66 30 May,
1376 3839 70 20 states
1458 3834 29 25 in.
1493 3833 63 30 large
1567 3835 63 27 type,
1642 3829 44 24 and
1698 3834 70 18 terms
1780 3828 26 24 of
1814 3828 66 23 exul-

1298 3872 73 23 tation
1393 3869 49 22 that
1552 3865 68 23 Laws
1636 3863 47 23 and
1699 3862 141 23 Ordinances
1859 3860 21 24 of

1299 3904 58 24 New
1368 3900 102 26 Zealand
1477 3899 59 23 liave
1548 3898 57 23 been
1621 3895 91 33 printed
1729 3895 30 31 by
1777 3895 65 22 order
1860 3893 20 23 of

1300 3938 38 23 the
1350 3936 83 24 House
1451 3933 25 24 of
1491 3931 132 26 Commons,
1639 3929 44 25 and
1703 3927 127 25 advertised
1848 3926 32 24 for

1835 126 47 25 sale
1893 126 24 23 in
1928 123 116 32 England;
2063 125 103 27 amongst
2184 119 38 23 the
2240 118 169 33 parliamentary

1835 166 89 25 papers,
1935 158 31 30 by
1976 156 39 24 the
2025 155 101 26 Queen's
2136 154 95 31 printer.
2274 150 24 24 A
2316 151 93 24 circum-

1836 197 76 18 stance
1931 198 25 15 so
1970 188 105 29 unusual,
2094 194 52 23 may
2156 186 29 23 be
2309 191 52 22 says
2372 191 39 17 our

1837 229 162 25 cotemporary,
2038 226 23 18 to
2077 220 96 23 indicate
2191 220 74 29 pretty
2283 215 81 31 clearly
2375 216 37 24 the

1838 257 82 31 degree
1931 255 28 24 of
1971 255 95 23 interest
2076 252 54 24 with
2146 250 72 24 which
2239 249 38 24 the
2298 248 75 24 affairs
2392 250 23 22 of

1841 290 43 24 this
1892 294 3 9 '
1904 288 88 30 Colony
2003 294 37 16 are
2058 284 84 25 viewed
2159 285 31 29 by
2201 283 38 24 the
2259 281 88 24 British
2357 281 56 31 pub-

1936 321 51 24 Our
1998 323 154 26 cotemporary
2163 317 54 23 does
2227 319 40 20 not
2278 314 41 23 tell
2329 321 27 16 us
2366 314 49 24 how

1839 363 68 23 many
1926 354 26 23 of
1966 353 63 24 these
2049 351 67 24 Laws
2135 349 45 24 and
2200 348 142 24 Ordinances
2359 347 56 24 have

1840 388 58 24 been
1919 386 92 24 allowed
2037 384 30 31 by
2095 384 38 22 the
2155 381 78 24 Home
2256 380 159 24 Government.

1842 420 112 30 Perhaps,
1966 419 21 23 if
1995 419 28 22 he
2032 417 71 24 refers
2114 420 22 19 to
2149 422 41 17 our
2201 420 69 25 paper
2281 412 25 24 of
2315 412 38 24 the
2365 413 55 23 31st

1843 453 57 30 May
1910 452 54 28 last,
1975 452 29 22 he
2015 457 53 23 may
2077 449 28 23 be
2106 471 10 9 4
2117 448 25 23 of
2157 447 92 32 opinion
2268 445 51 24 that
2363 444 57 25 least

1844 486 49 24 said
1903 486 21 23 is
1936 488 91 20 soonest

1880 528 47 24 Mr.
1952 526 176 25 Commissioner
2151 525 72 29 Spain
2239 520 108 26 returned
2363 520 57 24 from

1846 561 36 24 his
1894 561 95 23 mission
2001 564 22 18 to
2036 559 39 23 the
2084 558 96 23 Natives
2199 563 29 16 on
2246 555 38 24 the
2304 554 71 23 Coast
2394 561 28 16 on

1846 593 107 31 Tuesday
1971 593 104 29 evening,
2093 591 45 22 and
2155 597 34 16 we
2208 596 38 16 are
2262 588 77 30 happy
2356 591 23 18 to
2394 586 28 24 be

1847 627 49 24 able
1913 631 23 19 to
1955 630 58 19 state
2032 625 49 23 that
2097 623 29 24 he
2145 626 86 27 reports
2253 619 132 30 favourably
2401 620 24 23 of

1846 660 61 24 their
1917 659 80 31 pacific
2008 657 130 24 intentions.
2181 654 44 24 We
2236 653 64 28 have,
2312 653 110 28 however,

1848 694 57 23 done
1917 692 78 30 wisely
2006 692 22 22 in
2041 690 89 31 placing
2140 687 113 24 ourselves
2262 687 22 22 in
2291 694 14 15 a
2312 685 111 24 defensive

1849 727 106 31 position,
1978 725 36 22 for
2032 725 26 22 in
2075 722 32 24 all
2128 720 135 33 probability
2286 719 39 23 the
2347 718 78 31 pacific

1849 760 136 23 demeanour
1997 758 24 22 of
2030 757 38 23 the
2079 755 95 25 Natives
2185 754 20 23 is
2216 754 25 22 in
2251 756 65 27 great
2325 758 101 17 measure

1851 792 83 24 caused
1953 792 30 29 by
2004 791 37 23 the
2068 793 87 27 reports
2181 786 74 24 which
2281 789 63 19 must
2370 783 57 24 have

1850 824 97 25 reached
1965 824 62 23 them
2044 823 26 24 of
2091 829 39 16 our
2148 821 68 29 being
2234 818 68 32 ready
2321 821 23 20 to
2361 817 67 23 resist

1851 858 150 31 aggression;
2020 856 45 23 and
2082 862 33 16 we
2133 853 59 23 shall
2210 856 36 20 act
2265 850 122 31 prudently
2404 850 23 22 in

1852 890 126 30 remaining
1995 888 71 24 under
2084 894 59 17 arms
2162 885 35 24 till
2215 884 73 31 ample
2304 883 125 31 protection

1852 925 22 19 is
1884 922 101 22 afforded
1994 929 28 15 us
2031 921 31 23 by
2074 921 162 22 Government.

1887 979 117 29 Attempts
2015 977 58 22 have
2084 975 56 23 been
2152 973 65 23 made
2232 976 23 19 to
2275 976 39 20 tax
2335 972 96 24 colonies

1854 1012 35 23 for
1900 1011 39 23 the
1950 1010 84 23 benefit
2050 1008 25 23 of
2089 1007 38 24 the
2145 1006 87 24 mother
2252 1010 102 26 country.
2401 1006 34 23 Of

1855 1045 38 23 the
1905 1043 148 31 expedientcy
2065 1041 24 23 of
2104 1040 57 24 such
2173 1043 104 26 attempts
2290 1038 40 24 the
2341 1039 91 23 Ameri-

1856 1085 41 16 can
1911 1085 44 14 war
1967 1081 61 18 must
2038 1076 57 22 have
2107 1073 52 23 read
2171 1081 14 15 a
2195 1072 114 23 sufficient
2319 1071 77 24 lesson
2411 1076 22 19 to

1856 1111 38 23 the
1917 1109 87 24 British
2028 1109 161 25 Government,
2207 1113 43 15 nor
2268 1105 54 23 does
2338 1105 18 22 it
2374 1112 60 16 seem

1856 1143 108 33 probable
1975 1142 48 23 that
2035 1140 133 24 infatuation
2181 1138 81 23 should
2272 1138 68 30 again
2350 1139 85 29 prevail

1856 1183 24 18 to
1892 1176 56 24 such
1960 1184 13 14 a
1984 1176 82 29 degree
2079 1181 24 15 as
2115 1178 22 18 to
2150 1171 50 24 lead
2211 1175 21 19 to
2245 1170 37 24 the
2298 1170 97 25 renewal
2414 1172 23 22 of

1858 1210 55 24 such
1926 1217 28 16 an
1967 1209 146 30 experiment.

1893 1243 50 23 The
1962 1242 101 23 taxation
2084 1240 25 22 of
2132 1238 39 24 the
2190 1237 87 31 Colony
2296 1236 35 24 for
2349 1236 57 24 such
2424 1245 12 15 a

1858 1283 98 25 purpose
1968 1276 27 27 is,
2006 1275 109 25 however,
2128 1275 40 19 not
2180 1270 51 31 only
2251 1269 151 32 inexpedient,
2420 1271 17 23 it

1860 1317 51 22 may
1923 1309 27 23 be
1962 1305 166 25 demonstrated
2140 1309 21 18 to
2173 1304 28 23 be
2213 1312 14 15 a
2244 1303 72 23 moral
2332 1303 104 31 impossi-

1859 1342 74 30 bility,
1945 1341 49 23 that
2005 1348 13 15 a
2030 1339 79 29 colony
2121 1337 81 23 should
2214 1344 51 16 ever
2280 1335 60 32 yield
2359 1340 23 18 to
2401 1335 36 24 the

1860 1375 88 23 mother
1971 1377 94 25 country
2088 1371 37 23 the
2154 1370 82 23 benefit
2265 1370 24 23 of
2321 1377 14 15 a
2355 1369 83 31 lasting

1861 1409 92 22 tribute.

1894 1442 39 22 No
1945 1439 138 32 proposition
2094 1438 29 23 in.
2128 1436 81 32 regard
2221 1441 21 18 to
2255 1435 154 24 Government
2418 1435 19 23 is
2451 1455 5 6 ,

1862 1482 62 15 more
1935 1472 120 28 universal,
2068 1478 61 16 more
2138 1470 47 23 free
2195 1469 58 24 from
2273 1469 30 23 all
2321 1469 117 30 exception

1863 1508 54 23 than
1929 1507 53 28 this,
1994 1506 48 23 that
2052 1513 13 15 a
2084 1504 155 23 Government
2256 1502 82 30 always
2358 1501 82 31 spends

1863 1549 25 15 as
1898 1540 69 23 much
1978 1547 26 15 as
2015 1539 19 23 it
2043 1537 59 24 finds
2114 1537 17 22 it
2142 1536 99 31 possible
2253 1543 24 15 or
2289 1535 47 23 safe
2355 1539 22 18 to
2397 1542 39 15 ex-

1863 1577 59 20 tract
1932 1573 58 23 from
2002 1572 38 23 the
2051 1570 87 32 people.
2180 1568 43 23 We
2244 1568 51 30 defy
2312 1567 89 30 history
2419 1570 23 20 to

1865 1607 97 31 produce
1973 1613 28 16 an
2013 1605 101 23 instance
2126 1607 23 18 to
2166 1602 39 23 the
2225 1606 112 25 contrary.
2379 1600 62 24 With

1866 1640 44 23 this
1921 1638 114 25 universal
2047 1636 131 31 experience
2194 1635 76 23 before
2288 1642 34 21 us,
2342 1633 38 24 the
2399 1634 43 23 im-

1865 1672 127 32 possibility
2004 1671 25 23 of
2044 1678 14 15 a
2068 1669 84 29 lasting
2164 1668 82 23 tribute
2258 1668 56 22 from
2336 1675 14 15 a
2364 1666 79 31 colony

1865 1708 21 21 is
1897 1706 82 23 almost
1990 1704 45 23 self
2050 1703 97 23 evident.
2194 1701 50 23 The
2256 1700 155 23 Government
2422 1701 23 22 of

1867 1740 38 23 the
1935 1737 92 24 Mother
2037 1744 4 5 *
2058 1736 101 29 Country
2189 1734 63 23 itself
2277 1737 82 20 cannot
2388 1732 56 33 keep

1867 1774 29 22 its
1909 1779 111 24 expences
2032 1769 79 24 within
2121 1767 97 24 bounds.
2265 1767 23 23 It
2308 1766 65 24 takes
2385 1766 56 24 from

1868 1806 38 24 the
1928 1803 80 33 people
2032 1802 30 24 all
2082 1802 18 22 it
2118 1800 103 32 possibly
2238 1808 48 20 can,
2309 1800 44 23 and
2368 1800 21 23 is
2401 1800 44 23 still

1868 1840 70 30 going
1950 1836 87 32 beyond
2048 1836 30 23 its
2089 1842 124 15 resources.
2260 1833 47 24 But
2319 1833 20 23 if
2352 1832 56 24 such
2419 1833 26 23 be

1870 1873 38 23 the
1921 1878 78 16 course
2011 1869 25 24 of
2051 1869 76 30 things
2139 1871 23 19 at
2180 1866 73 28 home,
2271 1866 53 31 they
2343 1870 61 19 must
2420 1866 26 23 be
2467 1882 9 10 *

1871 1913 71 16 worse
1953 1904 24 23 in
1990 1903 37 23 the
2039 1901 88 30 colony.
2174 1900 51 23 The
2244 1900 85 23 farther
2347 1904 99 19 servants

1871 1946 37 16 are
1921 1936 104 25 removed
2036 1936 58 22 from
2107 1934 37 23 the
2161 1941 40 22 eye
2220 1933 24 23 of
2260 1932 36 24 the
2307 1937 92 24 master,
2412 1932 35 23 the

1873 1978 77 21 worse,
1962 1968 114 32 generally
2089 1966 120 31 speaking,
2221 1966 45 23 will
2277 1966 61 23 their
2354 1965 94 24 conduct

1872 2005 36 22 be.
1962 2002 49 22 The
2038 2001 156 22 Government
2218 1998 27 21 of
2269 1998 38 21 the
2336 1998 112 24 Colonies,

1874 2034 109 32 managed
1993 2034 32 29 by
2036 2032 113 29 delegates
2161 2030 58 22 from
2229 2028 73 28 home,
2315 2028 20 22 is
2356 2035 52 15 sure
2427 2031 21 19 to

1874 2070 27 22 be
1914 2075 69 16 worse
1996 2068 22 21 in
2031 2065 31 24 all
2073 2067 98 27 respects
2184 2062 53 23 than
2249 2061 37 23 the
2299 2061 150 23 Government

1876 2108 22 17 at
1907 2103 66 22 home
1982 2108 6 20 ;
2001 2099 43 23 and
2056 2106 25 16 as
2093 2103 99 25 expence
2203 2096 20 22 is
2235 2103 42 15 one
2289 2094 24 23 of
2322 2094 38 23 the
2372 2093 77 31 shapes

1877 2137 21 22 in
1911 2134 72 24 which
1997 2133 37 23 the
2045 2125 102 30 badness'
2152 2129 24 23 of
2186 2128 154 23 Government
2350 2127 21 23 is
2382 2134 67 24 prone

1877 2174 22 18 to
1919 2167 105 24 manifest
2042 2164 68 28 itself,
2129 2161 96 25 colonial
2243 2165 158 26 governments
2416 2167 35 15 are

1879 2209 51 16 sure
1949 2205 22 19 to
1990 2200 27 23 be
2036 2205 61 16 more
2117 2195 122 31 expensive
2255 2195 24 22 in
2290 2194 130 30 proportion
2431 2197 20 18 to

1879 2235 57 23 their
1948 2240 117 17 resources
2077 2230 53 24 than
2152 2229 37 23 the
2206 2228 65 23 home
2290 2227 160 23 Government.

1881 2268 120 23 Whatever
2013 2265 90 31 springs
2115 2266 89 27 operate
2216 2265 23 19 at
2250 2260 67 24 home
2328 2264 22 19 to
2367 2266 86 24 repress

1880 2308 107 24 expence,
2000 2302 89 27 operate
2101 2296 53 22 with
2167 2293 134 25 diminished
2312 2293 61 23 force
2385 2293 21 22 in
2419 2292 35 23 the

1881 2335 88 29 colony.
2015 2331 51 24 The
2085 2329 129 24 conclusion
2232 2327 19 23 is
2275 2325 145 28 irresistible;
2439 2325 17 22 if

1882 2368 37 23 the
1948 2367 156 23 Government
2133 2362 25 23 of
2183 2360 39 24 the
2244 2359 93 24 Mother
2358 2358 97 30 Country

1882 2400 83 31 spends
1976 2407 30 23 up
2018 2403 23 18 to
2053 2397 43 23 and
2109 2403 51 16 over
2180 2394 36 23 the
2234 2400 118 16 resources
2370 2392 25 23 of
2409 2391 45 23 that

1882 2438 103 25 country,
1998 2431 42 24 and
2054 2438 14 16 a
2078 2429 46 23 still
2141 2433 103 25 stronger
2263 2426 94 31 impulse
2376 2430 23 18 to
2418 2431 37 16 ex-

1882 2474 70 24 pence
1964 2469 99 20 actuates
2075 2463 38 23 the
2125 2461 155 23 Government
2291 2459 26 24 of
2325 2459 38 23 the
2370 2458 83 29 colony,

1882 2501 51 22 how
1943 2506 42 16 can
2003 2498 38 23 the
2060 2497 78 29 colony
2156 2502 52 15 ever
2227 2492 69 24 afford
2317 2491 37 24 the
2372 2491 85 31 surplus

1884 2533 25 24 of
1924 2541 14 15 a
1948 2532 85 29 lasting
2044 2530 91 23 tribute.

1919 2566 24 23 It
1954 2573 51 22 may
2016 2565 28 22 be
2056 2562 49 24 said
2115 2562 49 22 thift
2176 2560 38 23 the
2225 2566 99 24 expence
2334 2558 25 23 of
2367 2564 90 24 govern-

1885 2600 40 30 ing
1936 2599 38 23 the
1987 2597 79 29 colony
2077 2603 52 22 may
2140 2595 28 23 be
2180 2593 68 23 saved
2259 2593 23 22 in
2294 2600 14 15 a
2314 2595 64 27 great
2386 2591 73 29 degree

1885 2633 30 30 by
1927 2632 105 29 allowing
2042 2630 20 22 it
2073 2633 22 19 to
2107 2635 84 24 govern
2202 2625 68 29 itself,
2279 2626 30 30 by
2317 2624 144 29 substituting

1886 2674 14 15 a
1911 2665 94 32 popular
2016 2663 46 24 and
2073 2659 136 26 economical
2220 2662 146 28 government
2376 2658 34 22 for
2423 2663 37 16 one

1888 2698 97 31 deputed
1996 2698 58 22 from
2066 2696 73 26 home,
2157 2692 74 24 which
2251 2692 20 23 is
2288 2691 85 23 certain
2392 2694 22 19 to
2434 2689 26 23 be

1888 2740 61 15 more
1962 2732 144 28 exravagant,
2119 2727 45 24 and
2175 2731 22 19 to
2213 2732 64 25 press
2296 2732 62 15 more
2379 2722 83 31 eagerly

1889 2771 23 17 to
1924 2766 39 22 tb«
1974 2771 54 23 very
2037 2762 72 24 limits
2126 2760 24 23 of
2166 2760 39 23 the
2222 2766 74 24 power
2315 2757 25 23 of
2354 2756 106 24 taxation.
2482 2766 4 10 /

1891 2799 29 23 In
1931 2798 31 25 tb.
1982 2795 146 26 constitution
2140 2793 24 23 of
2179 2795 148 29 government
2343 2790 66 24 make
2428 2788 35 23 the
2481 2790 5 19 \

1889 2833 96 25 interest
1997 2830 24 24 of
2035 2829 39 24 the
2086 2834 66 23 many
2165 2830 22 19 to
2197 2826 58 23 have
2266 2823 139 30 ascendency
2415 2828 47 16 over

1891 2865 38 23 the
1941 2865 94 22 interest
2047 2861 26 24 of
2087 2861 38 23 the
2141 2860 51 27 few,
2214 2858 45 24 and
2276 2858 38 22 the
2332 2862 96 25 expence
2446 2853 21 23 of

1891 2898 126 31 governing
2028 2895 46 24 will
2082 2898 39 19 not
2131 2893 29 23 be
2169 2893 71 29 large.
2270 2890 51 24 The
2330 2889 95 23 services
2431 2894 32 16 re-

1893 2930 78 32 quired
1980 2930 24 22 of
2011 2928 221 27 Governmerftmay,
2244 2922 114 32 generally
2363 2920 103 33 speaking

1891 2964 30 23 be
1933 2963 31 23 all
1974 2960 110 26 rendered
2101 2963 23 19 at
2135 2966 14 15 a
2166 2964 55 23 very
2231 2955 114 25 moderate
2363 2960 100 25 expence.

1893 2997 129 23 Whenever
2049 2993 39 23 the
2110 2993 106 21 interests
2239 2989 26 24 of
2282 2988 39 24 the
2345 2995 68 23 many
2435 2992 30 17 are

1893 3029 66 24 made
1970 3029 24 23 in
2006 3028 38 23 the
2055 3025 99 30 framing
2162 3023 26 24 of
2198 3023 175 27 Governments,
2385 3025 23 19 to
2416 3020 49 23 have

1895 3062 140 29 ascendancy
2047 3066 52 17 over
2110 3058 39 23 the
2160 3058 106 22 interests
2278 3054 24 24 of
2318 3054 38 27 thjs
2367 3053 49 29 few,
2434 3051 31 23 the

1895 3096 98 23 services
2011 3094 25 23 of
2052 3093 156 23 Government
2218 3089 47 24 will
2281 3088 28 23 be
2326 3086 105 25 rendered
2448 3087 18 20 at

1896 3129 38 24 the
1946 3127 102 25 smallest
2057 3124 99 33 possible
2168 3130 111 24 expense;
2298 3129 26 15 so
2335 3120 55 30 long
2400 3126 23 16 as
2434 3117 31 23 the

1896 3163 106 23 interests
2011 3160 26 24 of
2052 3159 37 23 the
2100 3158 43 23 few
2154 3155 162 33 preponderate
2328 3160 52 18 over
2391 3152 36 23 the
2436 3150 29 23 in-

1896 3199 82 21 terests
1990 3194 25 24 of
2030 3193 38 23 the
2079 3198 69 23 many
2158 3190 39 23 the
2217 3188 98 24 services
2326 3187 24 23 of
2366 3185 95 24 Govern-

1897 3233 65 20 ment
1972 3235 37 16 are
2021 3234 53 15 sure
2094 3228 23 21 to
2128 3224 29 23 be
2169 3221 110 25 rendered
2290 3225 22 19 at
2331 3220 37 24 the
2378 3218 87 31 greatest

1897 3261 102 32 possible
2009 3265 107 26 expence.
2152 3256 31 24 In
2192 3255 82 24 almost
2284 3253 32 24 all
2326 3253 38 24 the
2373 3251 92 24 Govern-

1898 3299 75 20 ments
1984 3293 75 24 which
2077 3291 56 23 have
2145 3296 52 16 ever
2209 3287 93 29 existed,
2322 3287 38 23 the
2371 3285 94 23 interests

1899 3329 26 23 of
1934 3327 38 24 the
1983 3327 44 23 few
2044 3325 57 23 have
2116 3320 178 34 preponderated
2314 3326 52 17 over
2376 3317 44 31 [the
2437 3321 29 16 in-

1900 3364 82 21 terests
1992 3359 25 24 of
2025 3358 39 23 the
2075 3364 75 23 many.
2188 3352 167 33 Consequently
2361 3352 25 22 in
2396 3348 70 25 almost

1900 3394 32 24 all
1943 3394 37 23 the
1992 3398 99 25 expence
2103 3389 25 24 of
2136 3388 156 24 Government
2309 3386 41 23 has
2368 3384 60 26 been,
2447 3385 21 17 as

1900 3431 66 27 great
1976 3434 26 15 as
2018 3425 55 22 with
2091 3422 115 24 reference
2226 3425 23 19 to
2267 3416 147 30 surrounding
2430 3419 36 16 cir-

1902 3464 150 22 cumstances,
2065 3456 38 24 the
2114 3454 80 32 people
2206 3453 66 26 could
2282 3453 28 23 be
2319 3450 62 25 made
2392 3453 20 19 to
2423 3451 42 26 pay.

1936 3493 49 24 But
2004 3492 20 23 if
2038 3491 31 30 by
2081 3489 78 32 giving
2170 3487 38 24 the
2227 3486 87 28 Colony
2325 3493 13 15 a
2354 3480 67 27 Local
2429 3480 38 21 and

1902 3526 95 31 popular
2009 3524 163 26 Government,
2185 3528 33 15 we
2229 3526 80 17 ensure
2321 3526 14 14 a
2349 3516 66 28 cheap
2425 3516 42 20 one,

1904 3559 45 24 and
1960 3564 98 26 suppose
2070 3555 38 25 the
2117 3556 114 22 existence
2242 3552 25 24 of
2276 3550 56 25 such
2343 3557 13 16 a
2363 3546 80 31 surplus
2450 3546 19 18 ct

1904 3599 78 17 means
2001 3588 89 33 beyond
2102 3587 146 32 expenditure
2259 3593 25 15 as
2303 3582 72 31 might
2385 3579 63 24 afford
2456 3581 11 16 a

1905 3634 14 15 a
1930 3625 82 23 tribute
2023 3627 23 19 to
2055 3622 38 24 the
2103 3625 81 28 parent
2193 3623 100 26 country,
2306 3615 46 25 still
2363 3613 36 24 the
2406 3614 62 28 possi-

1904 3658 66 30 bility
1982 3657 25 24 of
2013 3656 93 30 levying
2116 3655 19 22 it
2145 3655 21 22 is
2177 3652 38 24 the
2227 3658 61 17 same
2296 3658 7 21 ;
2316 3649 34 23 for
2361 3646 54 24 what
2423 3646 46 20 seu-

1905 3690 126 30 governing
2049 3692 95 26 country
2156 3685 73 25 would
2249 3686 93 22 consent
2356 3684 22 21 to
2389 3683 40 25 pay
2439 3682 15 14 «•«
2462 3689 5 5 •

1906 3724 46 24 and
1963 3730 56 17 even
2030 3722 20 23 if
2058 3722 19 23 it
2088 3721 44 28 did,
2145 3721 19 22 it
2174 3717 74 25 would
2256 3721 39 19 not
2303 3715 30 24 be
2343 3721 13 16 a
2366 3711 75 24 tribute
2449 3710 20 18 in

1907 3757 38 24 the
1956 3762 83 23 proper
2049 3761 74 22 sense,
2135 3753 42 23 but
2189 3759 13 16 a
2211 3753 98 29 present,
2322 3745 42 25 and
2375 3745 83 24 lasting.

1908 3789 67 24 could
1985 3795 70 17 never
2070 3787 40 24 he.
2143 3785 26 24 If
2185 3792 29 16 on
2230 3783 39 23 the
2286 3780 64 25 other
2367 3773 56 27 hand
2439 3773 31 21 the

1907 3827 81 25 parent
2001 3822 102 29 Country
2110 3818 82 24 should
2202 3819 74 22 extort
2282 3815 18 22 it
2310 3813 31 30 by
2351 3810 63 25 force,
2426 3809 45 19 twm

1908 3856 40 23 the
1961 3855 87 30 Colony
2057 3857 81 20 cannot
2149 3853 29 22 be
2187 3848 48 25 said
2246 3853 23 18 to
2275 3847 28 23 be
2313 3853 13 16 a
2404 3848 10 14 0

1908 3890 42 31 ing
1961 3896 50 20 one,
2033 3886 44 24 and
2094 3886 18 23 it
2122 3886 23 22 is
2164 3888 40 19 not
2215 3889 24 16 so
2251 3879 68 25 much
2335 3885 14 15 a
2358 3876 76 23 tribute

1910 3921 104 33 plunder.

87 1987 29 23 In
135 1985 37 23 the
191 1983 93 25 Gazette
295 1980 24 23 of
337 1976 120 30 Saturday,
465 1976 51 27 last,
537 1981 32 15 we
590 1979 28 16 ex

53 2018 93 30 pressed
157 2024 40 16 our
219 2012 141 31 indignation
370 2015 25 18 at
405 2009 40 23 the
460 2007 88 31 neglect
559 2005 26 23 of
593 2005 37 22 the

54 2050 71 25 Local
136 2049 161 24 Government,
310 2045 24 22 in
344 2042 93 29 leaving
445 2040 43 23 this
498 2038 133 24 Settlement

54 2084 92 29 totally
153 2077 152 34 unprotected,
324 2075 74 24 which
417 2073 44 23 had
478 2076 49 19 cost
545 2078 28 16 us
593 2070 38 22 the

56 2117 56 23 liv^s
124 2115 26 24 of
165 2112 85 25 several
263 2111 24 23 of
303 2117 40 16 our
352 2111 61 21 most
423 2104 101 26 valuable
536 2103 95 24 Settlers

57 2150 44 24 and
111 2147 79 29 placed
210 2145 37 24 the
266 2143 113 24 survivors
397 2139 45 24 and
453 2139 56 23 their
527 2140 105 28 property

57 2184 23 23 in
92 2182 118 24 imminent
219 2176 117 34 jeopardy.
364 2174 45 23 We
416 2172 71 24 stated
494 2175 24 20 at
525 2171 37 22 the
571 2176 61 16 same

57 2217 54 23 time
129 2221 40 17 our
192 2211 125 25 conviction
335 2208 49 23 that
405 2206 153 23 Government
572 2206 61 20 must

38 2258 2 4 ■
56 2249 56 23 have
129 2248 57 22 been
202 2245 58 30 fully
272 2249 70 17 aware
363 2240 48 24 that
430 2237 141 32 aggressions
590 2235 43 24 had

58 2282 55 30 long
125 2277 143 27 commenced
285 2284 28 15 on
332 2274 37 24 the
381 2277 50 27 part
444 2272 22 22 of
482 2271 37 23 the
531 2270 102 27 Natives,

58 2315 43 23 and
111 2322 35 15 we
157 2311 99 25 adduced
268 2310 36 23 the
315 2308 76 31 public
403 2304 124 25 discussion
535 2302 25 23 of
569 2302 64 23 Raa-

60 2346 103 33 ghiatia's
176 2352 50 17 case
243 2343 75 23 before
331 2341 38 23 the
381 2338 70 24 Chief
464 2337 85 23 Justice
561 2339 23 19 at
595 2343 40 15 our

63 2381 92 27 assizes,
174 2386 26 16 as
212 2386 14 14 a
235 2375 68 32 proof
321 2374 50 23 that
390 2371 142 24 information
550 2376 29 15 on
597 2368 38 23 the

63 2414 87 28 subject
161 2415 60 20 must
231 2410 57 23 have
298 2405 95 26 reached
405 2405 68 23 them.
509 2402 38 24 On
565 2402 70 23 refer-

61 2448 51 29 ring
122 2451 24 18 to
165 2445 38 23 the
214 2444 45 22 last
301 2441 59 23 Blue
480 2443 33 16 we
532 2435 48 23 find
596 2442 40 16 our

62 2479 126 24 conviction
210 2476 56 30 fully
290 2475 69 22 borne
381 2475 47 24 out,
452 2469 42 24 and
523 2467 114 25 abundant

34 2522 2 5 •
63 2513 104 23 evidence
179 2510 49 24 that
245 2508 38 24 the
300 2504 122 27 Auckland
441 2502 128 25 authorities
581 2507 56 17 were

64 2546 120 31 cognizant
195 2543 24 24 of
233 2542 38 23 the
284 2539 85 25 critical
379 2538 96 31 position
487 2536 25 27 in,
521 2534 74 24 which
606 2541 32 16 we

65 2579 64 23 stood
140 2577 53 24 with
204 2579 88 27 respect
308 2578 24 19 to
344 2572 37 23 the
401 2571 103 23 Natives.
539 2568 36 23 As
586 2567 53 30 long

64 2620 42 23 ago
129 2619 25 16 as
177 2610 39 23 the
237 2607 59 25 26th
318 2606 24 23 of
366 2604 56 30 May
447 2604 70 26 1841,
536 2608 33 15 we
593 2599 46 24 find

65 2645 118 24 Governor
202 2642 104 26 Hobson,
325 2637 120 30 recording
463 2636 23 22 in
503 2642 41 15 one
563 2633 25 23 of
605 2632 35 23 his

64 2677 127 32 dispatches
210 2680 23 18 to
250 2674 39 24 the
307 2673 76 23 Home
403 2670 161 25 Government,
584 2666 56 28 that,

87 2712 39 22 the
137 2710 96 24 Natives
243 2708 25 23 in
279 2706 38 23 the
333 2701 184 33 neighbourhood
528 2700 24 24 of
569 2699 71 23 Tara-

66 2745 58 24 naki
129 2743 43 24 and
179 2739 138 31 Watfgaiiui,
325 2738 58 23 have
393 2734 90 26 evinced
489 2732 152 25 considerable

38 2781 4 6 '
66 2776 176 26 dissatisfaction
259 2778 25 19 at
303 2772 38 23 the
358 2769 131 31 occupation
500 2767 25 23 of
541 2766 39 23 the
591 2765 53 23 land

67 2817 24 18 to
104 2809 72 25 which
197 2808 52 29 they
260 2806 37 31 lay
310 2804 73 28 claim,
402 2801 47 24 and
459 2807 61 16 more
537 2799 55 23 than
603 2806 41 15 one

68 2844 59 24 tribe
138 2843 41 23 has
191 2839 71 25 called
271 2846 28 16 on
310 2845 37 16 me
355 2841 23 18 to
385 2841 87 17 remove
478 2833 39 23 the
524 2831 120 28 intruders,

69 2876 51 30 (i.e.
133 2876 37 23 the
183 2871 107 33 Settlers)
299 2868 141 31 threatening
449 2870 20 20 to
477 2865 100 30 dislodge
588 2863 58 24 them

71 2907 141 32 byforce,Ai
226 2906 53 24 Ido
291 2908 39 19 not
341 2901 72 25 afford
571 2898 75 30 Again

70 2951 29 15 on
110 2942 39 24 the
162 2941 56 24 13th
229 2937 136 27 November,
384 2935 74 27 1841,
472 2933 28 23 he
513 2932 82 27 writes,

71 2976 49 24 fear
132 2974 48 25 that
200 2973 37 24 the
248 2971 158 32 precepitancy
418 2967 26 23 of
456 2966 37 23 the
511 2964 136 31 Company's

71 3009 79 30 Agent
160 3006 45 24 will
215 3005 88 24 involve
314 3003 38 23 the
365 2999 135 33 Company's
518 2997 95 24 Settlers
625 2997 22 23 in

73 3042 47 23 still
130 3044 88 28 greater
235 3036 128 25 difficulties
374 3044 6 14 :
397 3032 120 24 resistance
534 3038 22 16 v
566 3029 84 31 offered

75 3078 21 20 to
109 3073 58 25 them
184 3072 24 24 in
219 3078 66 23 every
296 3071 106 29 quarter;
421 3070 25 19 at
457 3065 102 28 Porirua,
578 3062 71 24 which

72 3105 153 31 immediately
235 3103 88 32 adjoins
341 3100 147 29 Wellington,
505 3098 38 22 the
555 3096 94 24 Natives

70 3140 61 30 deny
142 3140 38 22 the
191 3138 61 30 right
264 3136 25 23 of
299 3135 38 23 the
351 3133 123 30 Company,
492 3130 46 23 and
548 3135 40 17 are
595 3133 55 26 pre-

71 3173 75 30 pared
156 3174 22 21 to
189 3170 68 24 resist
273 3167 59 25 iliem
351 3173 53 16 even
422 3165 27 30 hy
462 3164 84 31 force;
567 3169 29 16 on
614 3161 37 23 the

78 3204 130 24 Easfbank
220 3204 25 23 of
250 3202 39 23 the
299 3199 139 31 Wanganui,
451 3197 36 24 the
499 3204 61 15 same
570 3194 82 30 feeling

80 3239 70 22 exists
159 3246 7 20 ;
179 3236 49 31 and,
233 3240 24 19 at
268 3232 116 26 Taranaki
396 3232 38 22 the
445 3229 106 32 powerful
562 3228 57 23 tribe
631 3227 21 23 of

50 3263 4 9 '
78 3271 38 23 the
123 3259 118 37 Waikato's
249 3268 102 24 threaten
361 3270 22 19 to
391 3264 101 30 dislodge
499 3262 39 23 the
547 3261 104 24 Settlers.

78 3304 92 29 During
181 3310 38 22 my
230 3306 50 25 stay
292 3304 23 20 at
331 3300 58 22 Port
399 3296 133 25 Nicholson.
545 3294 14 24 I
570 3293 45 24 had
626 3300 28 17 an

81 3335 144 32 opportunity
236 3334 25 23 of
270 3333 99 29 meeting
380 3338 69 23 many
459 3329 24 23 of
498 3328 38 24 the
548 3327 107 30 resisting

82 3369 95 30 Chiefs,,
183 3367 53 30 they
247 3373 48 23 say,
308 3366 6 11 *
322 3365 26 23 If
357 3364 38 23 the
407 3363 117 23 Governor
534 3361 75 24 desert
619 3367 35 21 us,

80 3410 33 16 we
125 3401 45 24 will
181 3404 78 19 return
271 3403 23 18 to
306 3405 39 15 our
357 3395 95 32 original
468 3395 63 31 place
543 3394 24 23 of
583 3393 72 23 resid-

82 3442 54 16 ence
155 3437 22 20 at
194 3430 131 26 Taranaki.
360 3429 51 23 The
428 3428 94 24 Natives
534 3427 25 23 of
576 3425 80 31 Kapiti

82 3467 71 32 speak
170 3469 39 20 out
228 3471 62 17 more
307 3461 95 31 boldly,.
411 3461 109 30 asserting
537 3460 49 24 that
605 3459 52 30 they

80 3501 48 24 will
139 3498 119 25 surrender
268 3496 57 24 their
336 3495 65 23 lands
412 3494 42 23 but
460 3493 53 23 with
524 3493 58 23 their
593 3493 63 27 lives,

83 3534 46 23 and
137 3533 52 30 they
198 3531 56 24 have
265 3528 91 30 already
365 3526 63 24 made
439 3533 13 16 a
463 3526 58 25 show
532 3526 29 30 of
562 3524 96 31 follow-

84 3567 39 30 ing
134 3574 29 22 up
175 3564 46 24 this
232 3560 177 28 determination,
420 3559 31 31 by
461 3559 150 31 interrupting
621 3557 38 23 the

85 3599 153 24 construction
249 3596 26 23 of
290 3603 14 15 a
314 3592 56 25 road
389 3591 96 30 through
502 3591 37 23 the
558 3590 101 31 disputed

85 3632 65 25 lands
162 3631 42 24 and
217 3628 141 28 obstructing
369 3626 39 22 the
425 3623 184 25 communication
619 3623 40 23 be-

85 3671 73 17 tween
168 3663 140 30 Wellington
325 3658 46 24 and
567 3656 40 23 He
623 3663 37 16 re-

85 3699 47 23 fers
143 3698 47 23 also
202 3701 22 18 to
236 3704 13 15 a
266 3698 75 27 report
352 3692 59 23 from
428 3690 37 24 the
475 3689 78 24 Police
572 3688 89 31 Magis-

86 3735 57 19 trate
156 3735 23 19 at
188 3727 137 32 Wanganui,
337 3724 75 24 which
421 3723 99 24 contains
531 3722 37 23 the
576 3719 85 26 follow-

87 3766 42 28 ing
136 3770 102 24 passage,
356 3766 38 22 my
405 3755 87 28 arrival,
511 3755 13 23 I
535 3754 69 24 found
615 3754 48 24 that

89 3796 38 24 the
139 3796 94 24 Natives
243 3793 46 24 had
299 3792 38 23 the
355 3791 43 31 day
409 3788 74 25 before
494 3787 120 32 prevented
626 3787 37 24 the

88 3829 58 24 New
168 3827 100 24 Zealand
290 3823 138 32 Company's
449 3821 125 30 Surveying
588 3823 75 29 party,

87 3862 60 23 from
168 3860 135 31 proceeding
324 3857 55 24 with
400 3856 59 23 their
482 3854 82 23 duties.
566 3865 33 4 —
600 3851 63 33 They

90 3893 124 25 concluded
232 3893 53 22 with
306 3891 40 30 the,
366 3888 137 32 expression,
614 3893 51 23 may

89 3927 54 23 take
155 3934 40 16 our
205 3925 60 29 land,
281 3925 43 23 tout
343 3930 45 24 you
400 3921 57 24 shall
468 3919 70 25 break
550 3927 41 15 our
607 3918 59 24 neck

90 3960 75 23 first.'*

219 170 95 24 Public
329 169 68 22 Sale.

26 207 156 52 MESSRS.
207 203 148 24 BETHUNE
379 199 66 24 AND
466 194 131 25 HUNTER

114 235 44 23 will
168 232 40 23 sell
217 232 30 27 by
257 229 77 23 Public
344 227 103 25 Auction,
456 227 20 18 at
487 222 110 23 Lambfon

24 265 70 25 Quay.
111 239 93 44 Snout
221 264 93 18 we,
330 262 29 14 on
379 250 138 24 Wednesday
535 250 62 22 next,

24 292 37 20 the
72 288 50 23 12th
132 286 52 27 July
194 286 95 23 current,
299 286 23 18 at
335 280 108 26 half-past
452 278 24 20 12
487 282 12 15 o
509 273 90 23 clock-

52 325 11 19 1
78 323 47 27 pair
135 319 95 27 working
238 316 106 25 bullocks,
355 312 54 22 used
419 315 22 17 to
450 309 35 22 the
495 307 64 28 yoke,

52 351 14 19 2
80 348 96 27 superior
185 352 56 15 cows
250 344 23 21 in
285 341 49 25 calf,

54 377 12 19 2
81 374 98 29 superior
186 371 88 25 heifers,

56 403 10 20 1
82 404 64 23 steer,

56 457 10 19 1
82 425 162 55 ETHsAI,
261 445 110 29 imported
386 445 23 21 in
424 443 37 21 the
471 441 97 25 Olympus
581 440 23 19 to

29 481 90 24 Nelson,

56 509 10 19 1
81 505 89 23 bullock
181 506 52 22 cart,

57 535 9 19 1
82 531 89 29 plough,

57 561 25 19 10
96 558 47 28 pair
152 557 88 21 turkies.

231 593 73 15 AFTER
323 589 84 19 WHICH,

111 617 21 21 A
142 614 98 29 quantity
250 613 25 21 of
286 610 82 26 sundry
380 608 145 21 merchandise.

59 659 4 3 ■
90 658 5 6 ,
232 653 74 15 TERMS
308 655 26 4 —
336 650 65 15 CASH.

25 706 10 9 %
59 681 139 26 Wellington,
211 678 53 26 July
274 678 20 26 7,
305 676 60 21 1843.
