3441 4355
462 37 2841 50 THE

462 87 1137 302 OXFORD
1788 87 1515 302 OBSERVER

1120 429 183 55 and
1376 426 588 58 canterbury
2035 423 500 72 democrat,
3224 423 72 70 ;«

1258 541 523 36 CIRCULATING
1856 542 519 37 THROTJOHOUT

1703 712 229 31 Established
1976 715 92 29 1889.

1251 854 109 31 EAST
1392 853 187 37 OXFORD,
1603 854 245 40 SATURDAY,
1876 856 158 32 MARCH
2058 859 49 30 10.
2133 861 90 29 1894.

2916 863 137 31 Price—
3054 864 86 30 ONE
3178 863 156 31 PENNY.

38 871 139 31 Volumn
198 869 28 30 Y
236 885 41 5 —
277 868 61 30 No.

2888 1016 51 38 G.
2966 1017 48 37 E.
3045 1016 347 43 WEYLANDT,

3001 1079 111 27 FAMILY
3128 1078 148 28 BUTCHER.

2910 1122 159 42 EAST
3099 1126 266 38 OXFOBD,

2948 1187 119 25 Families
3079 1188 89 24 waited
3177 1195 71 24 upon,
3255 1188 75 31 daily.

2975 1306 301 32 ASTOUNDINO!

2871 1372 25 19 v
2915 1373 10 12 o
2933 1360 82 26 CAN-
3039 1362 81 24 THIS
3149 1362 46 24 BE
3226 1362 134 25 TRUE?,
3410 1379 6 4 -

2865 1384 235 22 ;■'•-■•••■-.■■:-■.■
3128 1395 3 2 -
3149 1395 2 2 •
3240 1393 1 3 ■
3255 1393 2 4 •
3287 1392 3 6 »
3304 1397 2 1 .
3337 1396 5 2 -
3355 1402 1 1 .
3372 1386 44 21 -^

2865 1467 1 3 .
2890 1459 10 12 v
2943 1459 4 12 ;
2965 1447 68 24 YES/
3040 1448 27 23 A.
3075 1448 135 20 DECIDED
3220 1448 84 22 FACT.
3331 1442 9 30 ,'

2866 1520 99 31 NEW
2975 1520 139 32 YBABS
3128 1515 275 38 GOISrCiSSStON.

2893 1600 51 79 C.
2987 1600 61 81 I.
3092 1600 284 81 MANNING

2956 1809 358 35 PHOT<3GRAPHEK.

2866 1892 42 20 BY
2945 1891 126 21 SPECIAL
3107 1884 222 28 APPOINTMENT
3365 1891 39 21 TO

2999 1924 81 21 EARL
3085 1924 38 21 OF
3133 1924 134 21 ONSLOW.

2871 1988 101 23 \\iHjL,
2987 1988 92 25 During
3093 1987 42 20 the
3158 1987 85 20 Month
3261 1987 24 20 of
3303 1988 103 25 January

2876 2007 29 29 YY
2941 2014 62 26 onlyj
3008 2014 59 21 1894
3076 2014 65 20 Issue
3150 2014 28 20 to:
3186 2013 41 22 the
3236 2014 87 20 Public.

3012 2046 87 32 O:ne
3118 2035 149 42 bozisir

2865 2093 30 21 Of
2904 2094 36 21 his
2954 2094 191 26 Widely-lcnown,
3161 2093 246 27 Superiorly-finished,

3058 2126 48 20 and
3123 2123 138 30 Highlyhi
3302 2141 2 5 ,
3315 2138 3 10 ;
3335 2147 3 2 .

2865 2159 189 22 ENAMELLED
3067 2180 4 3 .
3110 2160 150 24 CABINET,;
3290 2159 113 22 PHOTO-

2866 2193 120 22 GRAPHS
2999 2193 40 20 AT
3048 2192 63 21 THE
3120 2192 142 22 NOMINAL
3276 2192 125 21 CHARGE

2885 2233 1 2 ■
2899 2239 1 1 .
2911 2223 5 16 '.
2930 2232 2 1 ■
2940 2223 16 9 -"'
2977 2221 2 5 '
2996 2230 3 12 j
3013 2221 3 19 .'
3026 2228 1 2 '
3046 2233 2 2 ■
3058 2221 13 17 '■-
3119 2219 55 25 6f^
3203 2220 12 20 ••''-
3233 2221 3 4 '
3250 2225 3 10 :

3104 2263 65 29 15s.

2866 2343 172 21 DUPLICATE
3052 2343 121 20 OEDEES
3187 2342 40 20 AT
3244 2342 63 20 THE
3324 2341 83 20 SAME

3052 2376 17 26 j
3096 2375 87 22 EATE.
3240 2376 19 28 ;\

2892 2441 49 20 The
2950 2441 82 20 Public
3039 2446 41 15 are
3092 2440 97 21 advised
3206 2441 25 19 to
3248 2439 63 20 avail
3328 2439 75 20 them-

2865 2473 74 21 selves
2958 2472 22 21 of
2998 2472 48 21 this
3064 2471 148 27 opportunity
3230 2470 25 21 of
3283 2470 121 27 obtaining

2865 2507 124 27 high-class
2998 2507 62 20 work
3067 2507 28 19 at
3102 2505 56 21 such
3165 2512 15 14 a
3189 2505 114 21 moderate
3312 2505 92 26 charge.

2865 2581 174 21 EEMEMBER
3049 2581 61 21 FOE
3118 2580 62 21 ONE
3190 2580 110 21 MONTH
3312 2580 92 21 ONLY.

2890 2641 49 21 The
2945 2642 53 20 vast
3006 2641 133 26 experience
3154 2639 108 21 obtained
3274 2639 32 27 by
3319 2639 87 21 C.H.M

2865 2676 23 20 in
2895 2675 42 21 the
2946 2675 156 21 innumerable
3110 2674 112 22 branches
3236 2674 24 21 of
3268 2674 41 21 the
3319 2674 82 26 photo-

2865 2709 93 27 graphic
2967 2710 38 19 art
3014 2709 85 25 during
3109 2708 38 20 his
3156 2708 84 20 Indian
3249 2707 46 20 and
3303 2707 97 20 Austra-

2865 2744 37 20 ian
2919 2743 93 25 travels,
3026 2742 47 21 and
3091 2741 39 21 the
3152 2741 115 26 thorough
3285 2741 117 25 apprecia-

2865 2778 47 21 tion
2921 2776 30 27 by
2958 2777 41 20 the
3008 2776 94 27 general
3118 2775 78 27 public
3208 2775 25 20 of
3248 2775 40 20 the
3300 2780 69 18 same,
3379 2774 23 20 is

2865 2811 108 21 sufficient
2989 2810 124 27 guarantee
3121 2809 55 21 that
3193 2808 33 21 all
3243 2808 61 21 work
3322 2807 79 22 issued

2865 2846 58 20 from
2929 2845 36 20 his
2974 2845 87 20 Atelier
3067 2843 46 20 will
3118 2844 29 19 be
3156 2842 23 21 of
3186 2842 40 21 the
3232 2842 93 25 highest
3331 2841 69 21 order

2888 2962 81 21 WILL
2979 2962 42 21 DO
3030 2961 53 21 HIS
3093 2961 72 20 OWN
3175 2958 195 22 OPEEATIONS.

2865 3027 77 22 Studio
2942 3037 29 6 —
2971 3028 41 20 150
3018 3026 106 21 Colombo
3133 3025 79 24 street,
3231 3022 170 22 Christchurch.

3024 3058 156 27 Telephone—
3179 3056 42 21 No.
3232 3057 47 20 592.

3003 3143 263 48 NOTICE.

3114 3209 30 18 ♦

2865 3245 18 55 I
2899 3244 64 23 have
2982 3241 115 25 resumed
3115 3237 105 33 practice
3230 3239 28 23 in
3273 3234 124 26 LUCK'S

2924 3272 192 27 BUILDINGS
3133 3271 147 24 Gloucester
3303 3268 93 26 Street,

2865 3316 82 19 corner
2958 3307 27 25 of
2994 3305 119 26 Colomho
3126 3303 89 27 Street.
3267 3301 65 24 have
3344 3307 53 16 sev-

2865 3342 49 26 eral
2925 3349 69 17 sums
3005 3340 28 24 of
3042 3345 90 25 money
3141 3336 65 25 from
3219 3335 54 24 £50
3284 3331 114 33 upwards

2865 3378 23 23 to
2896 3373 60 26 lend
2961 3381 34 18 on
3001 3371 130 26 first-class
3139 3368 111 25 freehold
3257 3366 65 25 farm
3328 3364 68 25 land.

2986 3411 113 32 JOHN
3121 3409 33 31 0.
3168 3406 118 37 CORE,

2896 3457 189 30 Barrister
3103 3460 67 22 and
3193 3448 181 32 Solicitor.

3111 3488 231 35 Christcliurcli.

2894 3599 211 44 BURRELL
3121 3591 241 45 BROTHERS-

2942 3644 371 40 PHOTOGRAPHERS

2865 3707 65 21 Have
2932 3703 106 23 removed
3041 3703 25 20 to
3069 3706 61 16 more
3135 3696 150 24 commodious
3288 3693 114 28 premises

2974 3733 165 31 VICTORIA
3156 3728 135 30 STREET

2865 3789 117 31 Opposite
3005 3785 127 28 Salvation
3160 3782 78 30 Army
3269 3777 132 27 Barracks.

2897 3822 59 26 And
2966 3829 42 17 are
3020 3819 75 30 doing
3113 3813 150 28 Enamelled
3281 3811 121 25 Cabinets

2865 3864 37 25 for
2912 3862 44 33 8/6
2965 3868 45 26 per
3019 3859 88 25 dozen.
3131 3855 77 25 Great
3217 3848 185 34 Photographic

2866 3900 126 32 Surprise-
3023 3897 67 24 'One
3118 3893 26 25 of
3165 3892 44 25 the
3229 3890 94 29 largest
3345 3892 60 19 ever

2865 3937 155 29 introduced.
3062 3934 78 25 From
3162 3931 61 26 Dec.
3245 3926 70 27 11th.
3336 3924 68 26 until

2866 3980 43 25 the
2919 3978 62 26 New
2992 3977 75 25 Year.
3101 3973 55 26 One
3165 3971 90 25 Dozen
3271 3968 69 30 large
3351 3965 53 24 size

2866 4016 147 29 Enamelled
3029 4015 94 24 Photos
3135 4017 38 19 tor
3187 4008 54 33 15/-
3252 4006 75 26 usual
3337 4004 69 32 price

2869 4058 37 25 £1
2919 4058 54 25 10s.
3008 4055 93 26 Secure
3113 4059 17 17 a
3147 4048 97 38 deposit
3265 4045 78 26 ticket
3364 4044 44 25 for

2867 4097 44 33 2/6
2922 4102 58 19 now
2992 4092 84 33 ready.
3110 4089 63 26 This
3191 4083 85 30 isAithe
3297 4082 112 33 greatest

2867 4135 100 30 wonder
2977 4134 27 26 of
3020 4133 46 26 the
3088 4138 74 27 age._
3177 4126 78 28 Don't
3271 4123 63 27 miss
3353 4120 56 27 thia

2867 4173 102 30 cliabce.
2986 4189 34 14 .-.■.■.
3030 4189 12 2 -•
3141 4191 1 1 ■
3156 4180 40 20 •.-.'
3210 4196 2 7 :
3219 4184 15 22 .j
3247 4181 52 22 ':;"
3312 4180 23 23 .■'"

2900 4210 166 30 BUKEtELL
3076 4210 190 27 BROTHERS

3057 4257 7 15 ;
3066 4270 7 9 ,
3096 4259 8 16 v
3128 4248 212 33 Photographers,

2987 4291 112 27 Victoria
3114 4289 90 31 Street,
3216 4285 190 30 Christchurch.

2468 1003 116 25 GREAT
2615 1004 87 26 SALE

2573 1049 31 17 OF

2302 1103 2 9 ,
2323 1075 208 33 TEWELLRY,
2568 1079 177 29 WATCHES,
2781 1081 71 25 DIA-

2316 1113 22 20 O
2481 1111 99 25 MOND
2598 1113 121 29 GOODS,

2317 1146 129 26 SILVER
2464 1148 72 24 AND
2559 1150 284 26 ELECTRO-PLATE

2316 1184 47 24 AT
2381 1184 23 25 A
2420 1184 174 27 DISCOUNT
2620 1187 43 24 OF
2680 1189 29 23 4s
2725 1188 39 25 IN
2781 1190 71 24 THE

2415 1223 127 31 POUND,
2555 1226 69 25 FOR
2636 1226 22 26 A
2675 1227 79 27 FEW

2467 1265 125 26 WEEKS
2601 1266 101 26 ONLY.

2352 1307 115 29 £10,000
2485 1308 73 26 value
2570 1311 27 23 to
2609 1310 76 25 select
2707 1311 66 25 from
2794 1313 26 24 at

2303 1366 82 65 ,M.
2448 1367 33 45 S
2486 1369 367 49 ANDSTEIH

2328 1442 110 21 DIRECT
2451 1444 155 25 IMPOETEE,
2633 1446 207 22 WATCHMAKER

2464 1479 59 20 AND
2538 1481 164 25 JEWELLER,

2316 1514 114 22 CASHEL
2446 1516 40 20 ST.
2506 1517 88 26 WEST,
2617 1518 231 23 OHRISTCHURCS

2457 1615 166 27 Established
2636 1618 74 26 1862.

2338 1689 32 21 M.
2382 1690 213 26 SANDSTEIN,has
2610 1694 116 25 appointed
2735 1694 45 22 Mb.
2789 1695 25 21 R.
2824 1696 29 20 H.

2309 1722 83 21 Pabish
2408 1729 25 15 as
2450 1724 35 21 his
2500 1725 81 21 Oxford
2594 1727 105 25 AGENT,
2713 1727 49 22 who
2777 1729 45 20 will
2831 1730 24 20 at

2311 1760 43 19 any
2361 1755 56 21 jtime
2425 1762 96 18 procure,
2535 1763 29 14 on
2579 1758 149 27 approbation,
2747 1760 108 24 Watches,

2311 1786 83 26 Clocks,
2404 1788 45 20 and
2458 1789 117 26 Jewellery,
2594 1796 24 14 or
2634 1790 35 21 his
2682 1792 81 20 Oxford
2778 1793 77 20 clients

2312 1821 23 19 to
2344 1821 66 21 select
2423 1821 65 26 from,
2499 1823 24 20 at
2533 1823 37 21 the
2587 1830 61 14 same
2657 1825 57 25 price
2730 1832 25 14 as
2761 1826 93 25 charged

2310 1852 23 20 at
2342 1852 38 20 the
2390 1852 155 21 Christchnrch
2553 1854 180 22 Establishment.

2355 1905 58 41 M.
2459 1901 338 47 SANDSTfiIN

2460 1963 112 22 OASHEL
2585 1966 120 24 STREET,

2401 2002 362 33 CEtRISTCHUBCH.

2330 2217 264 46 WALTER
2652 2221 180 47 RYDE.

2417 2312 118 21 TIMBER
2559 2314 178 24 MERCHANT.

2391 2378 120 31 WEST
2584 2380 184 41 OXFORD.

2312 2571 79 57 A.
2410 2571 83 57 D.
2523 2571 325 64 Hassal]

2432 2663 295 39 SADDLER

2548 2724 60 21 AND

2309 2771 280 40 HARDWARE
2608 2773 229 40 IMPORTER

2454 2832 94 26 HIGH
2565 2833 145 30 STREET,

2392 2882 52 56 C
2481 2884 62 54 U
2582 2885 177 55 ST.

2311 2980 169 57 DESIRES
2498 2982 27 24 to
2536 2989 132 18 announce
2679 2983 58 25 tbat
2746 2983 29 25 in
2785 2983 63 25 view

2386 3013 27 25 of
2425 3013 45 26 the
2493 3015 170 32 approaching
2684 3015 108 31 harvest,
2817 3016 33 25 he

2310 3051 48 25 has
2379 3051 74 25 made
2476 3060 35 16 an
2533 3053 127 25 extensive
2681 3054 123 31 purchase
2824 3055 28 24 of

2310 3089 136 25 BINDER
2468 3090 116 25 TWINE
2609 3091 51 25 and
2682 3091 164 26 MACHINE

2312 3127 79 25 OILS
2408 3127 83 25 which
2501 3128 33 25 he
2545 3128 22 24 is
2578 3129 119 30 prepared
2709 3129 26 25 to
2758 3130 89 31 supply

2312 3166 26 24 at
2349 3165 44 25 the
2404 3166 87 24 lowest
2502 3166 184 25 remunerative
2707 3167 88 31 prices.

2312 3238 55 24 The
2377 3237 127 31 following
2511 3237 93 26 brands
2612 3247 41 16 are
2662 3239 58 30 kept
2730 3239 29 24 in
2768 3239 80 25 stock:

2345 3279 134 32 Donaghy,
2497 3279 115 30 Manilla,
2624 3281 86 24 Mixed
2721 3281 51 24 and
2784 3281 64 25 Flax

2313 3319 107 29 Twines,
2439 3319 136 26 Auckland
2586 3319 75 26 Fibre
2673 3319 56 30 Cos,
2742 3321 106 26 Manilla

2314 3357 59 25 Star
2381 3357 51 24 and
2443 3357 71 28 Flax,
2536 3357 51 25 and
2606 3357 91 26 Mason
2718 3357 129 27 Struthers

2312 3394 58 25 well
2381 3395 92 25 known
2484 3394 105 26 Lurlirie
2601 3395 85 32 Hemp
2704 3396 95 25 Twine.

2346 3432 54 25 The
2411 3431 77 27 Stock
2499 3432 27 25 of
2537 3432 62 25 Oils
2610 3432 23 26 is
2645 3432 122 33 complete
2790 3441 57 18 con-

2313 3470 91 32 sisting
2425 3470 29 25 of
2480 3470 77 31 Lard,
2582 3470 94 30 Castor,
2708 3471 142 30 Valvoiine,

2314 3509 97 24 Golden
2429 3508 158 33 Machinery,
2611 3509 85 29 Colza,
2716 3509 53 26 Pea
2789 3510 61 29 Nut,

2313 3548 137 29 Neatsfoot,
2467 3549 63 24 Raw
2552 3549 51 24 and
2625 3549 90 25 Boiled
2733 3549 117 26 Linseed.

2312 3587 112 31 Aprons,
2436 3586 50 25 and
2502 3586 130 25 Elevators
2648 3586 74 25 made
2742 3587 50 25 and
2814 3595 37 17 re-

2312 3626 87 31 paired
2418 3627 27 23 at
2485 3625 109 26 shortest
2627 3627 92 24 notice.
2756 3627 94 24 Binder

2313 3664 80 31 whips
2404 3663 100 25 Canvas
2514 3662 99 30 batons,
2625 3664 77 25 rivets
2713 3664 52 25 and
2775 3664 72 25 Pole-

2314 3704 89 29 straps,
2415 3702 60 31 kept
2483 3702 28 24 in
2530 3702 104 31 variety.

2330 3752 22 25 A
2363 3752 68 32 large
2442 3752 117 32 quantity
2569 3751 29 26 of
2606 3752 91 24 Horse
2706 3751 145 27 Medicines

2313 3791 93 33 always
2417 3799 34 17 on
2472 3791 71 25 hand
2564 3791 131 31 including
2716 3791 136 27 Elh'man's

2315 3831 127 31 Slesinger
2463 3830 51 24 and
2535 3829 150 32 Abilgaards
2712 3831 139 26 Embroca-

2314 3868 61 29 tion,
2400 3867 147 31 Slesingers'
2576 3867 145 33 Leemings,
2756 3869 95 26 James'

2312 3907 52 24 and
2373 3907 114 25 Stevens'
2500 3906 157 33 Blisterings,
2674 3907 97 33 Fryer's
2791 3909 61 25 Bal-

2314 3953 62 20 sam,
2401 3944 83 26 Sweet
2494 3944 81 30 Nitre,
2589 3945 96 31 Spavin
2695 3945 84 27 bruise
2791 3955 57 18 con-

2313 3984 89 29 dition,
2421 3983 50 25 and
2494 3983 92 27 Worm
2604 3984 129 30 Powders,
2754 3985 54 27 also

2314 4020 84 26 varied
2421 4020 71 25 stock
2514 4021 28 25 of
2564 4021 124 33 Saddlery
2703 4022 29 26 in
2754 4024 36 26 all
2819 4025 36 25 its

2315 4058 131 25 branches.

2347 4095 151 25 Horse-hair
2507 4095 56 25 and.
2570 4096 122 26 Baeswax
2702 4098 151 32 purchased.

2316 4135 98 28 Second
2424 4135 70 26 hand
2502 4136 99 27 saddles
2618 4136 98 35 bought
2739 4139 51 27 and
2812 4148 43 18 ex-

2314 4175 115 32 changed
2458 4175 40 26 foi
2530 4184 64 19 new.
2629 4178 83 32 Agent
2741 4180 39 26 for
2813 4181 44 25 the

2314 4213 129 32 Lyttelton
2454 4213 84 27 Times
2549 4215 137 33 Company,
2704 4217 52 26 and
2773 4217 83 27 South

2315 4251 98 25 British
2424 4251 139 27 Insurance
2571 4252 45 27 Co.
2652 4253 92 27 Orders
2755 4254 34 34 by
2799 4257 58 31 post

2315 4297 29 17 or
2354 4290 122 31 telegram
2483 4291 128 33 promptly
2621 4292 120 26 attended
2752 4294 35 25 to.

1807 996 452 44 SADDLERY.

1764 1075 81 54 H.
1872 1076 63 55 J.
1952 1076 346 57 LAMING

1859 1155 349 34 BADDLBE

1999 1199 64 20 AJSTD

1766 1235 290 39 HARNESS
2090 1237 208 40 MAKER

1912 1287 73 24 Neab
2003 1287 65 26 Sale
2069 1296 85 21 yards,

1799 1330 47 41 O
1870 1331 66 41 X
1961 1330 269 42 FORD
2255 1359 14 13 .

1763 1403 88 25 Orders
1863 1404 51 25 and
1931 1404 105 31 Repairs
2047 1405 127 32 promptly
2185 1406 113 24 executed

1926 1449 27 22 at
1964 1447 87 24 lowest
2062 1450 76 22 rates.

1867 1512 144 40 HORSE
2034 1512 165 40 COVERS

1762 1562 101 43 made
1876 1565 37 37 to
1929 1564 103 38 Order
2047 1565 70 37 and
2131 1564 167 49 Repaired

1777 1623 22 24 A
1813 1623 77 25 Stock
1902 1623 27 25 of
1938 1624 83 24 Horse
2033 1623 123 26 Medicine
2168 1632 35 17 on
2210 1624 76 28 hand,

1837 1666 163 22 SOLOMON'S
2016 1667 151 22 SOLUTION
2181 1668 37 21 &c.

1782 1730 55 44 E.
1859 1731 60 43 R
1935 1731 346 45 ALLPRESS
2297 1729 2 57 \

1870 1801 136 25 Consulting
2015 1800 47 21 and
2068 1801 91 27 Family
2164 1801 105 26 Chemist,

1759 1844 2 22 I
1951 1835 57 23 239.
2022 1833 92 25 Cashel
2124 1833 82 26 Street
2218 1834 79 29 West,

2018 1870 279 26 CHRISTCHUBCH.

1869 1910 9 32 (
1886 1908 66 26 Next
1961 1908 108 25 Zetland
2081 1908 75 26 Arms
2168 1909 78 25 Hotel
2252 1910 12 33 )

1763 1960 41 26 (34
1812 1966 66 20 years
1893 1959 132 26 experience
2039 1959 26 20 at
2074 1960 73 20 Home
2156 1960 47 20 and
2217 1966 26 14 m
2258 1959 40 21 the

1794 2004 3 9 ;
1860 2007 3 2 .
1896 2004 7 13 =,
1973 1990 115 27 Colonies)
2103 2002 6 3 -
2297 2000 2 13 |

1788 2023 38 20 Mr
1834 2023 102 26 Allpress
1945 2022 57 26 begs
2018 2022 25 20 to
2051 2022 81 21 tender
2144 2023 38 19 his
2197 2021 101 27 grateful

1761 2056 83 21 thanks
1853 2056 24 19 to
1887 2055 36 20 his
1935 2060 122 15 numerous
2066 2054 82 21 clients
2157 2054 141 33 throughout)

1760 2080 187 33 Cari^rljury'fpr
1956 2086 40 21 the
2006 2086 94 26 support
2108 2086 75 21 which
2189 2086 42 21 has
2241 2086 57 21 been

1760 2120 138 28 [vouchsafed
1915 2120 25 20 to
1960 2120 49 20 him
2023 2119 85 28 during
2128 2120 40 20 the
2190 2120 108 20 nineteen

1760 2161 65 20 years
1833 2153 196 22 hehasfollowed
2037 2154 37 21 his
2090 2154 125 27 profession
2224 2154 26 20 in
2258 2154 40 20 the

1760 2188 116 25 .Province,
1902 2187 46 21 and
1961 2187 90 27 finding
2073 2188 21 21 it
2117 2188 122 20 incumben
2248 2188 12 20 t
2273 2187 25 21 to

1760 2214 121 34 [centralize
1898 2222 37 20 his
1948 2222 105 20 business
2067 2222 25 20 in
2115 2221 65 22 order
2193 2222 25 20 to
2241 2221 57 27 keep

1760 2257 48 19 him
1821 2256 36 22 in,
1860 2257 70 20 touch
1944 2256 55 21 with
2015 2256 36 19 his
2070 2256 129 26 supporters
2213 2256 26 19 in
2256 2256 41 19 the

1760 2288 153 26 surrounding
1922 2287 96 26 country
2024 2287 109 24 districts,
2141 2287 29 20 he
2178 2287 42 20 has
2226 2287 71 20 taken

1760 2321 40 20 the
1809 2321 71 20 above
1889 2321 109 26 premises
2008 2320 74 21 where
2100 2321 30 19 he
2138 2320 49 20 will
2195 2320 29 20 be
2242 2320 55 25 glad

1760 2354 24 20 to
1793 2354 87 20 receive
1891 2354 37 20 his
1936 2354 88 20 friends
2032 2354 131 26 personally
2175 2359 26 14 or
2208 2354 89 20 receive

1760 2386 61 21 their
1830 2386 77 21 orders
1922 2392 42 20 per
1975 2385 58 27 post.
2061 2385 43 21 His
2123 2385 61 21 Well
2202 2385 94 24 Known,

1760 2417 68 21 ITried
1851 2418 47 19 and
1919 2416 122 27 Approved
2063 2416 119 21 Remedies
2208 2416 37 20 for
2265 2416 32 20 all

1760 2442 83 23 (classes
1853 2444 24 21 of
1894 2444 105 20 Diseases
2009 2448 39 15 are
2057 2448 50 15 now
2116 2448 24 15 so
2150 2442 51 21 well
2214 2443 83 19 known

1761 2477 24 14 as
1804 2471 25 20 to
1842 2470 59 21 need
1921 2476 29 15 no
1968 2469 90 21 further
2080 2469 102 21 mention
2206 2470 26 19 in
2250 2468 47 21 this

1760 2498 137 25 necessarily
1907 2498 66 20 short
1982 2496 185 21 advertisement.

1787 2524 20 20 A
1816 2524 44 21 full
1869 2524 62 26 price
1940 2524 50 20 List
1999 2523 23 20 of
2030 2523 32 20 all
2071 2523 36 20 his
2116 2522 92 21 various
2226 2522 71 21 Rem-

1760 2552 61 21 edies
1830 2557 43 16 can
1881 2552 29 21 be
1919 2551 48 20 had
1976 2550 55 21 Post
2044 2550 56 21 Free
2110 2556 29 15 on
2152 2549 145 27 application,

1760 2578 46 21 and
1818 2585 83 19 among
1915 2578 65 21 them
1988 2577 89 21 besides
2086 2577 66 20 those
2161 2576 24 21 of
2194 2583 14 14 a
2217 2576 81 26 purely

1761 2606 97 21 Medical
1877 2606 122 21 Character
2016 2604 48 21 will
2080 2604 29 22 be
2126 2604 74 21 found
2214 2604 80 25 Horse,

1761 2633 73 21 Cattle
1849 2634 47 20 and
1911 2634 52 26 Dog
1977 2632 132 23 Medicines,
2124 2632 23 20 of
2164 2631 134 20 undoubted

1760 2660 89 26 efficacy
1858 2660 103 24 together
1975 2659 57 20 with
2044 2659 21 20 A
2081 2659 61 20 Host
2150 2658 24 21 of
2183 2658 115 21 Domestic

1761 2687 104 20 Utilities
1874 2687 74 20 Toilet
1961 2686 160 25 Preparations
2130 2685 19 20 &
2157 2684 140 26 Perfumery.

1787 2714 38 19 Mr
1833 2714 102 25 Allpress
1945 2712 85 20 invites
2045 2712 150 26 applications
2211 2711 36 20 for
2261 2710 37 21 his

1760 2740 49 21 List
1818 2740 47 21 and
1879 2740 48 20 will
1940 2739 56 21 send
2005 2739 57 20 Free
2071 2738 25 21 of
2104 2743 97 21 expence
2210 2743 30 15 on
2248 2743 50 15 rec-

1760 2768 48 26 eipt
1817 2767 24 20 of
1850 2767 56 21 Five
1916 2766 106 26 shillings
2032 2766 47 20 and
2088 2764 103 28 upwards
2203 2764 24 21 in
2237 2764 60 26 post-

1760 2794 22 21 al
1790 2794 67 21 notes
1867 2800 26 15 or
1900 2794 66 20 order
1976 2799 46 19 any
2028 2793 80 20 article
2116 2792 82 20 named
2207 2791 90 20 therein

1760 2820 56 21 such
1825 2821 66 20 order
1905 2827 54 19 may
1968 2820 105 20 emanate
2086 2820 57 19 from
2154 2825 43 14 one
2205 2823 90 21 person,

1760 2854 23 14 or
1792 2848 29 20 be
1830 2848 65 19 made
1904 2854 31 19 up
1945 2853 82 21 among
2036 2846 137 26 neighbours
2183 2846 50 19 who
2245 2851 53 19 may

1760 2874 83 26 depute
1861 2880 42 15 one
1917 2874 23 21 of
1956 2873 61 21 their
2029 2873 96 20 number
2136 2873 25 20 to
2176 2873 65 19 make
2257 2871 40 21 the

1760 2901 138 25 remittance,
1908 2901 87 21 receive
1999 2900 40 21 the
2048 2900 69 26 goods
2121 2899 47 21 and
2177 2898 121 22 distribute

1760 2929 39 20 the
1809 2934 61 15 same
1879 2935 30 14 on
1919 2928 91 20 arrival.

1760 2962 76 27 Agent
1844 2962 37 20 for
1891 2961 87 21 Oxford
1986 2960 149 25 and;Distriet
2140 2960 37 20 Mr
2184 2960 26 20 B.
2219 2959 78 21 Keats.

1807 3022 190 55 Money
2011 3023 54 42 to
2088 3021 155 44 Lend,
2297 3024 2 60 j

1815 3110 18 30 I
1848 3110 80 30 have
1956 3119 113 30 money
2097 3114 34 25 to
2158 3109 74 29 lend
2266 3109 31 29 in

1760 3151 85 39 large
1871 3159 35 21 or
1934 3150 91 30 small
2055 3159 85 21 sums
2177 3159 32 21 to
2238 3150 60 30 suit

1760 3192 180 30 Borrowers
1970 3195 34 26 at
2031 3190 109 32 lowest
2173 3196 125 25 current

1760 3237 92 25 rates.

1759 3282 2 28 i
1842 3270 192 32 WILLIAM
2057 3270 156 37 HOBAN,

1759 3316 2 22 I
1936 3310 190 30 SOLICITOR,

1796 3350 48 24 204
1856 3349 122 26 Hereford
1989 3349 40 25 St.
2042 3349 197 25 Chkistchukbh
2251 3349 47 24 and

1973 3387 110 24 Kaiapoi.

1763 3465 12 20 <
1787 3469 127 36 THE
1936 3467 127 38 RED
2078 3467 207 39 HOUSE
2289 3468 9 18 5

1900 3520 74 21 under
1982 3521 41 20 the
2033 3520 124 21 Verardah

1762 3559 40 19 109
1822 3557 105 21 Colombo
1947 3557 64 21 Sreet
2039 3557 243 21 CHEISTCHUECH.

1811 3594 157 40 JOHN
2007 3594 236 40 WILSON

1760 3648 98 21 General
1867 3647 89 24 Dealer,
1972 3647 125 21 Furniture
2107 3648 90 24 Broker,
2208 3648 19 19 &
2231 3648 67 21 Hotel

1815 3685 118 21 Valuatrr.
1972 3684 148 21 Established
2130 3686 28 19 20
2166 3685 79 21 Tears.

1761 3739 61 22 John
1830 3738 90 22 Wilson
1926 3738 115 22 embraces
2050 3738 40 21 the
2098 3738 93 26 present
2197 3738 101 26 opportu-

1762 3766 51 26 nity
1822 3766 24 21 to
1859 3766 76 21 thank
1943 3766 39 20 his
1992 3766 130 25 supporters
2131 3764 37 21 for
2176 3765 63 20 their
2248 3770 50 15 cus-

1762 3794 46 20 tom
1818 3792 46 21 and
1872 3794 127 25 patronage
2011 3791 47 21 and
2073 3798 90 15 assures
2175 3791 64 21 them
2248 3791 50 21 that

1761 3826 26 15 as
1796 3820 24 19 in
1829 3820 42 20 the
1877 3820 53 25 past
1938 3819 31 20 he
1983 3819 21 20 is
2017 3818 109 27 prepared
2135 3819 24 20 to
2169 3818 83 27 supply
2260 3818 38 21 the

1761 3847 53 21 best
1822 3846 125 21 Furniture
1957 3845 45 26 &c,
2017 3845 36 20 &c.
2070 3845 26 20 at
2110 3845 74 26 prices
2198 3845 60 27 fully
2274 3846 24 20 20

1761 3880 42 20 per
1811 3874 54 21 cent
1873 3873 46 21 less
1926 3872 58 21 than
1994 3872 111 21 hitherto.

1816 3911 61 21 John
1900 3909 89 21 Wilson
2015 3909 47 21 will
2084 3908 94 21 furnish
2197 3915 14 14 a
2230 3908 68 22 house

1762 3937 138 27 throughout
1906 3937 37 21 for
1952 3937 54 24 £20,
2035 3936 62 21 John
2105 3935 91 23 Wilson
2204 3936 47 31 wjll
2259 3935 39 21 sell

1763 3972 46 20 you
1821 3971 15 14 a
1858 3964 117 21 Duche3Be
1998 3963 71 21 Chest
2077 3963 159 21 Drawsere.for
2250 3962 48 27 50/-.

1790 3992 61 21 John
1859 3991 89 21 Wilson
1966 3990 48 21 will
2032 3989 44 22 sell
2093 3996 46 19 you
2154 3996 16 14 a
2187 3989 72 22 Chest
2278 3989 20 21 of

1763 4019 104 20 Drawers
1876 4018 36 20 for
1921 4016 51 26 20/-.
2014 4016 61 21 John
2084 4016 91 20 Wilson
2196 4016 47 20 will
2262 4015 36 21 sell

1763 4051 46 21 you
1837 4044 90 21 Double
1954 4043 54 21 Iron
2032 4043 127 21 Bedsteads
2190 4043 39 20 for
2250 4042 48 27 25/-.

1765 4072 83 25 Spring
1857 4071 133 21 Mattresses
1999 4069 46 27 25/-
2055 4069 122 21 Palliasses
2186 4075 46 20 any
2240 4068 58 26 price

1764 4104 47 22 you
1823 4098 53 20 like.
1914 4096 146 27 Everything
2072 4095 78 26 cheap,
2158 4095 140 27 Everything

1766 4124 59 28 good
1832 4123 47 22 and
1888 4130 46 20 you
1942 4130 43 14 can
1998 4123 42 26 get
2048 4121 139 27 everything
2194 4122 61 20 from
2262 4121 36 22 the

1766 4152 74 23 useful
1848 4151 63 22 little
1919 4149 82 25 needle
2013 4151 26 20 to
2056 4149 41 22 the
2114 4148 128 28 proverbial
2264 4154 34 16 an-

1765 4180 60 21 chor!
1838 4180 25 14 •"■'

1765 4206 63 21 THE
1846 4205 63 21 BED
1922 4203 111 21 HOUSE.
2055 4203 41 19 109
2105 4201 105 21 Colombo
2219 4202 79 21 Street

1930 4229 81 21 JOHN
2025 4228 129 21 WILSON.

1793 4257 124 22 Furniture
1926 4256 100 26 Bought,
2041 4254 50 22 sold
2112 4260 26 15 or
2164 4253 134 29 exchanged.

1767 4286 64 22 Sales
1846 4283 111 24 attended
1965 4288 29 16 on
2004 4282 150 22 commission.

1210 1005 45 44 J.
1279 1004 54 43 T.
1361 1004 202 52 Brown,
1587 1004 42 43 &
1649 1004 98 45 Son

1265 1069 111 20 TIMBER
1385 1070 19 20 &
1415 1069 73 21 COAL
1502 1067 184 24 MERCHANTS.

1386 1107 166 22 IMPORTERS

1209 1145 35 26 Of
1275 1143 141 28 TIMBER
1446 1146 55 25 and
1530 1145 50 26 All
1610 1146 88 26 Kinds
1723 1146 28 26 of

1262 1190 190 27 BUILDING
1476 1188 224 30 MATERIALS.

1399 1236 153 27 CORNER
1604 1262 2 3 .

1208 1278 165 25 COLOMBO
1415 1279 19 23 &
1463 1277 99 25 TUAM
1592 1278 157 25 STREETS

1368 1321 194 25 Chbistohuroh

1200 1368 65 44 j__
1265 1382 56 4 —
1321 1381 17 9 -,

1254 1409 25 20 A.
1293 1409 87 19 Flesher
1390 1409 19 26 ].
1616 1409 35 26 IF.
1664 1410 81 20 Fuller.

1220 1447 204 39 PEBSHBR
1448 1447 69 38 ana
1539 1447 192 38 FULLER.

1388 1494 181 23 SOLICITOES,

1248 1527 13 20 9
1272 1525 124 22 Cathedral
1407 1526 93 26 Square,
1515 1526 192 21 Chbistchuech.

1209 1560 115 27 (Between
1334 1560 112 19 Morten's
1455 1560 118 25 buildings
1583 1560 18 19 &
1611 1560 56 20 Post
1674 1560 73 20 Office.

1248 1593 188 56 Money
1465 1595 54 42 to
1555 1593 145 44 Lend

1206 1661 35 21 On
1250 1661 32 21 all
1291 1659 57 21 kind
1359 1659 24 21 of
1394 1659 110 27 Security,
1514 1660 25 20 at
1557 1659 58 22 Low
1629 1661 78 20 Rates
1725 1660 24 21 of

1233 1705 108 20 Interest.
1373 1705 88 25 Special
1475 1705 78 19 Terms
1562 1704 36 20 for
1607 1705 111 19 Farmers.

1264 1866 262 27 CALEDONIAN
1543 1866 147 26 HOUSE.

1206 1929 221 44 JAMES

1288 1985 83 25 BOOT-
1390 1984 85 27 SHOE.
1491 1985 26 25 &
1532 1983 126 28 SLIPPER

1341 2016 265 30 Manufacturer.

1275 2088 6 10 ,
1298 2061 129 38 JWEST
1461 2061 183 31 OXFORD.
1690 2084 61 14 ._,,„

1205 2112 49 20 Has
1265 2117 29 14 on
1302 2111 64 20 hand
1375 2117 13 14 a
1398 2110 105 27 splendid
1510 2111 134 20 assortment
1649 2110 25 21 of
1679 2110 70 21 Boots

1206 2143 44 21 and
1261 2143 70 21 Shoes
1341 2142 67 22 made
1427 2148 30 15 on
1467 2143 39 20 the
1515 2141 108 27 premises
1642 2143 26 20 at
1677 2141 71 27 prices

1204 2174 54 21 that
1268 2174 53 26 defy
1329 2174 154 26 competition.
1512 2174 62 26 Boys
1582 2173 81 22 School
1671 2173 76 26 Boots,

1204 2207 59 21 back
1273 2213 72 15 seams
1355 2207 46 20 and
1410 2206 64 21 front
1483 2206 64 21 hand
1554 2211 67 19 sewn,
1629 2206 85 21 cannot
1719 2206 30 20 be

1205 2239 128 26 surpassed.
1365 2239 70 21 Men's
1444 2239 51 21 best
1500 2238 151 26 watertights,
1661 2238 87 27 pegged

1206 2270 50 28 15/-.
1295 2270 100 26 Bespoke
1419 2270 143 26 department
1585 2270 106 25 carefully
1715 2270 34 19 afc

1203 2302 71 21 tende
1304 2303 31 19 to.
1364 2302 40 20 Fit
1423 2301 47 21 and
1487 2301 173 26 Workmanship
1679 2301 70 20 Guar-

1203 2334 89 20 anteed.
1321 2334 93 24 Repairs
1423 2332 79 25 neatly
1511 2332 48 21 and
1566 2332 115 27 promptly
1690 2332 59 21 done

1202 2366 26 21 at
1236 2365 133 22 reasonable
1377 2365 75 27 prices

1214 2419 93 21 Branch
1319 2418 184 21 Establishment
1510 2425 5 12 :
1531 2418 60 20 Near
1609 2417 69 22 Town
1687 2416 56 21 Hall

1393 2445 58 20 East
1460 2444 94 21 Oxford.

1214 2582 38 52 T.
1295 2581 47 62 J.
1384 2580 361 57 WEEBER,

1289 2665 73 32 High
1375 2665 90 30 Street,
1477 2665 65 24 East
1562 2663 103 26 Oxford.

1289 2730 127 28 PICTURE
1436 2729 101 28 FRAME
1560 2728 105 27 MAKER

1208 2788 92 25 Dealer
1308 2788 28 23 in
1348 2787 216 31 Paperhangings,
1580 2786 92 29 Scrim,
1681 2786 66 25 Glue

1208 2827 88 29 Tacks,
1315 2827 98 29 Paints,
1432 2827 85 24 White
1533 2825 51 25 and
1602 2826 54 25 Red
1667 2826 78 29 Lead,

1208 2866 108 25 Linseed
1331 2865 51 25 and
1402 2865 89 26 Castor
1503 2865 61 30 Oils,
1583 2864 162 32 Turpentine,

1209 2907 77 25 Sheet
1305 2905 74 25 Glass
1396 2906 35 24 all
1442 2905 63 24 sizes
1517 2905 50 24 and
1578 2912 73 24 every
1674 2905 74 31 thing

1323 2945 137 25 connected
1471 2945 62 24 with
1545 2944 44 24 the
1600 2944 79 25 trade.

1274 2985 94 24 Glazed
1390 2985 92 25 Sashes
1495 2984 58 31 kept
1564 2983 28 25 ia
1605 2984 78 25 stock.

1208 3032 83 31 Agent
1305 3031 39 26 for
1355 3031 97 25 United
1463 3032 139 24 Insurance
1615 3030 132 33 Company

1405 3072 28 24 of
1444 3071 108 32 Sydney.

1388 3194 314 45 STOCKS,

1207 3253 344 31 MONUMENTAL
1573 3253 174 37 MASON,

1331 3303 133 32 Madras
1488 3304 127 36 Street,

1250 3356 456 32 CHRISTCHURCH.

1211 3446 161 63 WISHES
1389 3449 27 22 to
1432 3447 89 23 inform
1532 3454 100 23 persons
1651 3446 25 24 in
1684 3448 64 22 want

1300 3480 27 25 of
1341 3480 167 24 Monumental
1531 3479 77 25 Work
1636 3479 53 24 that
1717 3479 31 24 he

1208 3515 97 25 intends
1324 3516 26 22 to
1372 3512 90 26 SELL
1472 3504 3 8 '
1490 3511 62 26 HIS
1586 3511 161 26 PRESENT

1209 3547 117 25 LARGE
1347 3546 119 29 STOCK,
1484 3545 133 31 consisting
1634 3544 25 24 of
1671 3544 77 24 Gran-

1209 3581 34 24 ite
1261 3579 102 31 Marble,
1389 3578 48 25 and
1463 3578 68 25 other
1559 3577 75 26 Stone
1662 3577 87 24 Monu-

1211 3615 86 26 ments,
1326 3615 26 21 at
1381 3611 162 30 considerably
1578 3610 170 24 REDUCED

1209 3644 133 26 PRICES.
1376 3644 59 25 Iron
1451 3643 101 29 Fences,
1571 3642 115 25 Concrete
1702 3643 46 22 and

1211 3678 75 26 Stone
1303 3677 125 30 Kerbings,
1447 3676 102 24 reduced
1558 3675 25 23 in
1601 3675 71 30 j.rice.
1707 3674 41 24 In-

1210 3710 127 30 scriptions
1355 3709 49 24 and
1421 3708 34 25 all
1471 3707 67 25 work
1555 3707 25 24 in
1608 3707 141 24 connection

1211 3742 57 26 with
1286 3742 41 24 the
1343 3742 70 24 trade
1424 3741 62 24 done
1496 3740 26 24 in
1533 3740 134 25 first-class
1679 3740 69 31 style.

1211 3774 77 31 Early
1305 3773 135 32 inspection
1457 3773 100 25 invited.
1594 3772 96 26 Several
1698 3780 52 17 new

1211 3808 62 23 lines
1289 3807 75 29 lately
1393 3805 102 26 arrived.
1530 3805 54 30 Any
1612 3805 138 24 reasonable

1212 3840 59 24 offer
1287 3838 39 25 for
1341 3838 42 24 the
1399 3842 96 27 present
1511 3837 70 25 stock
1597 3838 51 25 will
1674 3837 76 25 result

1212 3873 24 24 in
1253 3881 14 15 a
1285 3872 59 25 sale.
1380 3871 77 24 Want
1480 3871 27 24 to
1523 3870 93 25 realise.

1263 3968 77 38 GK
1392 3966 317 46 S3^EETHI,

1214 4029 89 44 ZINC,
1325 4027 70 40 TIN,
1420 4027 65 38 AND
1508 4025 117 41 SHEET,
1650 4025 101 39 STEEL

1422 4091 139 22 WOBKER

1250 4130 89 42 High
1362 4128 113 40 Street,
1497 4128 81 32 East
1601 4127 127 34 Oxford.

1216 4232 42 28 All
1269 4231 74 25 kinds
1354 4230 28 25 of
1395 4231 98 31 Pumps
1504 4229 78 25 Fixed
1593 4230 24 23 &
1632 4228 119 32 Bepaired

1334 4275 27 24 at
1372 4273 45 26 the
1430 4272 110 27 shortest
1551 4271 91 27 notice.

265 1071 9 9 n
497 1058 138 19 Telegrams
788 1071 17 7 <v
814 1059 14 19 iT
991 1062 76 18 jb^^_

205 1382 104 81 J.
406 1364 620 94 LOUGH,

170 1503 164 28 BUILDER,
380 1496 246 29 UNDERTAKER,
675 1488 273 30 WHEELWRIGHT
983 1485 75 26 ETG.

146 1575 105 26 ISHES
268 1577 26 22 t0
316 1574 77 30 notify
416 1574 26 22 t0
464 1572 41 22 the
522 1569 80 32 public
617 1569 54 23 tbat
694 1565 33 25 be
747 1565 21 23 is
780 1573 13 14 a
795 1572 27 23 Pi
818 1562 93 24 Doiatecl
931 1562 82 29 Agent
1030 1559 38 24 for
1085 1558 40 23 the

36 1665 261 46 WALTER
317 1663 55 52 A.
395 1657 229 49 WOOD'S
646 1657 242 45 Reapers
906 1650 33 44 &
959 1649 232 45 Binders

266 1762 218 42 Mowers
516 1757 100 43 and
646 1753 184 44 Rakes.

157 1859 60 19 ALL
245 1856 118 22 EXTRAS
391 1854 58 19 FOR
476 1850 98 21 THESE
600 1845 159 24 MACHINES
787 1843 81 20 KEPT
896 1842 34 19 IN
960 1838 101 23 STOCK.

36 1944 51 23 also
99 1941 31 24 W
154 1940 29 24 A.
196 1938 102 25 Wood's
310 1936 92 24 Binder
414 1932 83 26 Twine
509 1931 50 25 and
570 1929 42 30 oil,
624 1927 140 27 Valvoline,
777 1924 95 27 Castor,
885 1921 88 25 Boiled
981 1920 21 24 &
1011 1918 62 25 Raw
1081 1913 109 28 Linseed

37 1985 48 30 Oil,
102 1982 119 30 Building
238 1978 129 26 Materials
389 1976 51 25 and
461 1975 179 28 Ironmongery
660 1969 26 25 of
703 1976 72 23 every
792 1965 152 31 description
956 1964 32 26 at.
1001 1961 98 25 Lowest
1111 1960 78 23 Rates

532 2016 81 31 Agent
630 2014 38 23 for

278 2075 63 21 THE
368 2070 205 24 MANCHESTER
600 2065 176 24 INSURANCE
805 2061 153 22 COMPANY.

331 2202 58 41 J.
442 2199 59 41 S.
541 2191 270 47 COOK,

565 2258 42 19 The
626 2254 94 25 People's
736 2252 98 23 Chemist,

671 2296 94 24 Cashel
780 2295 97 30 Street,

859 2329 283 31 CHRISTCHURCH.

727 2390 130 33 (Opposite
868 2388 43 25 the
932 2387 57 24 A.I.
1002 2384 90 32 Hotel)

43 2478 12 19 I
72 2477 55 20 have
135 2474 97 27 pleasure
242 2472 23 21 in
276 2470 105 25 thanking
390 2475 37 19 my
436 2467 81 22 friends
525 2465 43 22 and
577 2463 123 28 supporters
710 2461 35 20 for
755 2459 36 21 the
801 2457 123 22 confidence
932 2455 44 21 and
995 2461 50 18 very
1053 2453 76 20 liberal
1138 2452 54 25 pat-

36 2519 79 19 ronage
131 2511 71 20 which
212 2510 40 20 has
262 2509 52 20 been
321 2505 103 24 extended
433 2506 21 20 to
462 2505 74 21 mefor
545 2503 38 20 the
591 2501 50 26 past
649 2504 69 21 years,
727 2498 12 20 I
749 2496 56 21 trust
814 2495 49 20 that
871 2494 14 20 I
894 2493 57 21 shall
958 2493 63 20 ment
1030 2491 37 21 the
1077 2489 116 21 continued

35 2552 116 22 .atronage
162 2548 22 21 of
193 2553 36 20 my
238 2545 81 22 friends
329 2543 43 22 and
381 2543 36 21 the
426 2541 73 27 public
506 2539 115 27 generally,
647 2534 84 26 During
740 2534 37 21 the
786 2538 61 21 years
856 2531 12 20 I
882 2531 54 20 have
944 2530 53 20 been
1005 2534 25 14 m
1037 2526 155 21 Chnstchurch

35 2572 54 37 Lve
99 2585 113 28 dispensed
219 2589 66 20 many
292 2581 118 23 thousands
421 2580 22 20 of
452 2577 152 28 prescriptions
614 2573 44 23 and
667 2571 138 24 successfully
814 2567 82 23 treated
907 2566 80 22 several
995 2563 122 24 thousands
1127 2563 22 20 of
1155 2569 37 19 my

34 2627 102 26 patients.
146 2625 12 19 I
168 2629 35 15 am
213 2622 54 25 fully
276 2618 127 28 acquainted
411 2617 53 21 *ith
473 2616 37 21 the
514 2614 97 21 business
618 2613 24 20 in
649 2609 64 23 ahits
721 2607 112 24 branches,
843 2605 44 22 and
896 2606 83 25 xtismy
983 2602 121 23 endeavour
1113 2600 80 26 always

34 2665 25 19 to
69 2660 122 29 personally
205 2658 75 21 attend
299 2658 23 19 to
331 2657 35 20 the
383 2653 153 27 requirements
546 2651 44 21 and
598 2648 74 22 obtain
682 2647 38 21 the
729 2645 123 22 confidence
867 2642 23 21 of
908 2642 30 20 all
955 2641 49 21 who
1023 2639 76 25 kindly
1117 2637 76 21 favour

35 2707 36 13 me
87 2698 52 21 with
149 2697 56 20 their
214 2696 125 24 patronage.
1192 2702 2 12 i

72 2736 65 22 TRY
156 2735 51 21 MY
226 2733 94 22 CURE
339 2730 64 22 FOR
421 2727 65 23 ALL
503 2725 108 22 KINDS
627 2723 43 22 OF
686 2721 82 22 SKIN
798 2718 175 22 DISEASE-

135 2772 13 20 I
158 2776 37 15 am
205 2767 136 26 exceedingly
350 2764 116 23 successful
476 2764 25 20 in
511 2759 145 28 myremedies
665 2758 34 20 for
708 2757 45 21 this
761 2754 126 27 complaint,
896 2753 55 20 have
960 2752 77 24 alarge
1054 2748 91 23 number
1157 2747 24 22 of

34 2847 128 17 tovmy
181 2811 238 53 NEV^REMEDY
437 2839 64 21 FOR
520 2836 98 22 LIVER
631 2830 224 24 COMPLAINTS
872 2828 70 21 AND
957 2824 236 24 INDIGESTION.

34 2849 65 22 TRY
112 2845 498 47 MY^JW^f^^^^proved
619 2860 18 20 u
646 2858 77 24 highly
737 2855 145 24 satisfactory.

187 2907 81 31 Large
282 2903 76 28 Stock
375 2901 27 26 of
411 2901 34 25 all
457 2900 73 24 kinds
541 2898 26 25 of
578 2896 89 25 Patent
689 2893 136 25 Medicines
849 2891 26 24 at
903 2889 73 26 Store
991 2889 94 23 Prices.

206 2947 22 24 A
239 2943 119 33 complete
381 2941 153 26 Assortment,
553 2937 26 25 of
598 2933 179 32 Homcepathic
804 2930 143 25 Medicines.

111 2992 43 27 All
172 2989 127 27 DRUGS
315 2983 193 30 Guaranteed
527 2982 85 31 Pure,
628 2979 76 26 Best
725 2974 132 37 Quality,
877 2972 56 25 and
950 2972 120 25 Lowest
1097 2968 83 26 Price

168 3028 304 32 PRESCRIPTIONS
489 3026 120 32 carefully
627 3023 50 25 and
697 3021 113 29 correctly
834 3018 134 31 dispensed.

342 3060 616 47 CO-NTBTJT,TATIOISrS
997 3056 194 35 FRISE

436 3113 115 32 JOHN
575 3111 29 31 S.
630 3108 148 35 COOKE,

386 3164 146 34 Registered
566 3157 212 30 Pharmacentical
796 3154 121 29 Chemist,

730 3196 112 27 Cashel
869 3195 117 30 Street,

863 3225 281 30 OHRISTCHURCH.

35 3269 1141 168 Ta7j~white~~

180 3467 394 55 FURNISHING
684 3453 393 55 WAREHOUSE

416 3556 490 60 CHRISTCHURCH.

45 3668 27 24 Is
89 3667 45 25 the
160 3664 81 33 depot
259 3660 89 27 where
370 3665 61 27 you,
450 3664 51 18 can
523 3660 44 21 see
588 3651 47 27 the
656 3649 111 35 Largest
795 3645 85 29 Stock
905 3644 31 26 in
967 3643 70 26 New
1082 3637 111 28 Zealand

452 3709 28 26 of
499 3707 39 27 all
557 3705 81 26 kinds
650 3702 43 27 of:
694 3715 38 8 —

44 3766 283 54 CARPETS,
370 3754 445 54 FLOORCLOTHS,
835 3745 358 51 LINOLEUMS

128 3856 208 53 CHINA,
369 3851 203 54 GLASS,
616 3842 496 53 EARTHENWARE,

388 3943 362 53 FURNITURE
782 3938 84 50 &c.

42 4048 55 42 at
139 4044 54 45 A.
235 4045 41 45 J.
304 4043 131 45 W:S
492 4048 106 38 YOtJ
651 4048 103 34 CAN
802 4046 214 35 DEPEND
1066 4043 127 32 UPON

44 4133 109 33 THE
186 4132 130 33 BEST
346 4130 165 34 GOODS
542 4128 68 33 AT
640 4124 109 33 THE
781 4122 214 58 LQp|ST
1014 4120 179 34 PRICES

101 4198 170 44 Steam
291 4191 213 50 Cabinet
525 4192 103 44 and
645 4182 308 82 Upholst^

369 4271 79 43 St.
485 4268 179 45 Asaph
694 4266 219 45 Street.

71 528 28 221 SELLING
73 415 27 97 OFF
73 190 29 183 BELOW
75 35 29 129 COST

129 641 22 83 MENS
130 571 21 57 ALL
130 471 23 86 WOOL
132 307 21 150 COLONIAL
131 183 24 110 TWEED
134 80 22 87 SUITS

185 547 25 52 255.
186 458 25 54 255.
187 370 24 52 255.
186 280 25 54 255.
189 193 24 52 255.

247 589 26 42 AT
248 418 27 154 PARISH'S
249 312 26 88 EAST
250 146 28 148 OXFORD.
