3500 4501
1208 40 174 33 OXFORD
1425 36 227 35 OBSERVER
1709 30 242 38 SATURDAY,
2011 25 152 33 MARCH
2208 24 49 35 10,
2293 21 92 30 1894.

2919 4239 105 25 Printed
3047 4241 51 24 and
3137 4230 184 48 Puhlislied'^jr'

2951 4276 111 26 Holmak
3078 4278 101 26 -Pamsh
3179 4282 3 5 1
3179 4297 6 11 ,
3210 4280 27 24 at
3240 4280 3 12 !
3254 4274 208 42 his^Re^stered

2932 4312 250 39 -Printirife^dffice^
3191 4310 272 43 Hig^^ee^^isisi

2911 4357 5 28 :
2952 4359 102 30 Oxford.
3064 4349 170 46 o%xm^:
3235 4353 120 18 ::Sim:im
3369 4353 13 23 *
3388 4352 40 23 rmi
3444 4348 5 15 {
3457 4348 5 18 {

3041 4403 138 30 Saturday,
3196 4407 96 25 March
3310 4404 39 30 10,
3360 4405 66 26 1894

2974 156 54 46 A.
3045 159 56 44 P.
3116 159 273 64 TUTTON,

2950 229 231 32 AUCTIONEER,
3224 219 194 40 VALUATofe

2918 268 107 26 GRAIN
3064 271 72 24 AND
3168 270 162 26 PRODUCE
3365 271 87 25 MER-

2918 303 2 28 I
2934 308 123 31 CHANT,
3069 310 71 24 AND
3158 310 134 25 ESTATE
3305 310 129 26 AGENT.

3010 386 191 33 AUCTION
3216 381 131 38 SALES

3171 444 30 16 OF

2915 472 86 26 LIVE
3017 473 109 27 STOCK
3138 474 43 26 AT
3194 475 72 25 THE
3274 474 179 26 RANGIORA

2949 513 145 25 MARKET
3106 514 119 26 EVERY
3242 514 175 26 -TUESDAY.

2915 588 97 26 Private
3022 589 66 27 Sales
3099 593 64 23 most
3171 590 130 33 efficiently
3309 590 143 26 conducted.

3015 635 13 14 v.
3152 645 67 4 ___

2916 665 81 31 Agent
3008 667 39 23 for
3054 667 45 24 Isfce
3116 667 79 25 South
3211 667 92 25 British
3320 667 132 26 Insurance

2916 697 134 32 Company.
3101 710 4 4 •

3066 737 226 30 A.P.TUTTON,

3097 776 151 28 Auctioneer,
3261 778 52 28 &c,
3320 777 132 30 Rangioia.

2956 854 87 32 TRY
3057 856 86 31 MRS
3160 855 252 34 McINTOSH'S

3054 912 83 24 NEW
3149 908 164 29 ZEALAND

2915 952 180 45 HAIR
3106 952 346 46 RESTORER

2915 1040 51 25 For
2978 1041 143 31 promoting
3137 1041 45 25 the
3192 1042 95 32 growth
3299 1041 27 27 of
3334 1042 44 26 the
3389 1043 66 25 Hair

2914 1078 51 24 and
2975 1079 148 31 preventing
3135 1079 23 24 it
3175 1079 91 32 falling
3285 1081 42 31 off,
3338 1082 114 30 prevent-

2914 1117 46 32 ing
2974 1117 43 26 the
3035 1118 135 25 formation
3182 1119 27 24 of
3212 1138 3 4 .
3224 1119 65 25 bald>
3302 1120 100 31 patches
3420 1128 34 17 on

2914 1157 43 24 the
2976 1157 72 30 head,
3069 1158 50 25 and
3141 1158 238 32 remo'ving'^Scurf
3402 1161 52 24 and

2914 1194 139 32 Dandruff;
3065 1192 52 29 also
3136 1198 27 23 to
3182 1195 101 27 Relieve
3297 1197 155 26 Headaches.

2933 1282 3 3 .
2947 1260 55 25 The
3013 1260 126 33 following
3149 1269 42 17 are
3209 1270 16 16 a
3245 1262 94 31 sample
3362 1263 26 24 of
3410 1262 44 25 the

2914 1305 77 24 many
3002 1297 174 27 Testimonials
3186 1299 161 25 received:-—^
3379 1310 5 7 '

3038 1337 188 31 Christchurch,
3239 1338 58 25 Jan.
3307 1339 25 29 8,
3346 1338 73 26 1892.

2931 1374 53 25 Mrs
2991 1375 141 29 Mclntosh,
3144 1375 66 26 Dear,
3217 1375 237 33 Madam.-Having

2908 1413 66 24 .used
2982 1422 63 23 your
3064 1414 65 25 Hair
3139 1415 125 29 Restorer,
3277 1415 15 24 I
3302 1415 64 25 have
3376 1415 77 26 found

2914 1461 16 17 a
2941 1455 71 30 great
3022 1454 180 32 improvement
3212 1462 81 25 mmy
3301 1455 64 29 hair,
3374 1455 48 25 and
3431 1455 23 26 it

2913 1491 23 25 is
2947 1498 56 18 now
3014 1498 28 18 as
3061 1491 71 25 thick
3142 1500 29 17 as
3182 1500 57 20 ever
3250 1493 21 23 it
3287 1500 59 21 was,
3367 1493 50 24 and
3439 1493 15 24 I

2914 1530 73 26 know
2998 1531 28 25 of
3034 1531 84 25 others
3129 1531 57 26 that
3203 1531 64 27 have
3278 1532 62 26 used
3352 1532 22 25 it
3391 1533 62 25 with

2914 1571 65 32 good
2989 1571 98 25 results.

3097 1616 84 26 Youra
3192 1618 76 31 truly,

3173 1653 103 26 Robert
3288 1654 98 30 Young,

3081 1693 174 30 Colombo-sfc,
3266 1694 183 27 Christchurch

3014 1771 127 30 Dunedin,
3153 1774 57 24 31st
3221 1773 113 30 October,
3346 1775 73 24 1892.

2948 1813 69 26 Dear
3028 1814 48 31 Sir,
3076 1830 33 4 —
3110 1815 15 25 I
3132 1816 64 25 have
3215 1816 73 25 much
3301 1816 114 33 pleasure
3426 1816 28 27 in

2915 1852 132 33 certifying
3057 1853 57 26 that
3125 1854 65 25 from
3201 1854 115 33 personal
3327 1855 126 26 observat-

2915 1891 43 24 ion
2986 1891 26 25 of
3043 1892 71 25 those
3141 1893 54 24 who
3222 1900 43 17 are
3292 1893 75 31 using
3400 1893 54 25 Mrs

2916 1927 153 27 Mclntosh's
3080 1929 63 25 Hair
3149 1930 123 31 Restorer,
3282 1931 20 25 it
3309 1931 46 25 bas
3361 1931 93 31 proved

2916 1973 33 17 an
2967 1966 144 26 undoubted
3133 1975 105 22 success,
3259 1968 51 24 and
3326 1968 67 33 hope
3412 1976 40 18 ere

2914 2006 61 32 long
2985 2006 22 26 it
3018 2007 50 25 wiU
3078 2007 54 25 find
3142 2015 16 17 a
3176 2008 140 31 prominent
3327 2009 69 31 place
3419 2016 34 18 on

2915 2044 44 25 the
2974 2044 69 26 toilet
3065 2045 67 25 table
3155 2046 27 24 of
3201 2046 37 24 all
3257 2046 63 28 who,
3345 2046 109 32 through

2916 2083 108 24 sickness
3035 2091 28 16 or
3074 2083 138 29 otherwise,
3228 2085 62 24 have
3299 2084 60 30 lost,
3373 2092 29 17 or
3412 2092 43 17 are

2914 2122 89 32 losing,
3017 2130 47 17 one
3079 2123 29 25 of
3121 2123 143 25 mankind's
3282 2124 65 25 chief
3364 2124 88 25 adorn-

2914 2163 91 24 ments.
3039 2162 102 32 Having
3158 2163 61 25 been
3240 2163 116 31 sceptical
3375 2170 29 18 as
3427 2165 27 24 to

2914 2199 45 24 the
2969 2200 82 24 virtue
3062 2200 28 24 of
3095 2201 68 24 most
3174 2201 127 24 nostrums
3311 2201 143 29 for^renew-

2914 2237 46 32 ing
2978 2246 29 18 or
3024 2238 148 33 improving'
3188 2237 43 28 the
3248 2239 99 32 growth
3366 2239 88 28 ofthje

2915 2278 64 29 hair,
2990 2278 14 27 I
3014 2278 33 26 do
3056 2286 57 18 now
3132 2279 63 26 with
3206 2279 142 26 confidence
3358 2283 96 22 recom-

2914 2316 77 24 mend
3001 2316 49 25 this
3062 2318 94 27 article,
3175 2317 79 25 which
3265 2325 66 24 -may
3340 2324 76 25 prove
3440 2325 15 17 a

2915 2354 66 26 boon
3007 2358 26 22 to
3062 2356 42 31 all,
3133 2355 23 26 if
3181 2356 62 26 used
3268 2356 134 34 according
3429 2358 27 24 to

2915 2395 140 27 directions.

3100 2437 81 25 Yours
3195 2438 75 31 truly,

3160 2476 28 25 C.
3198 2476 31 24 B.
3241 2476 112 29 Miijlee,

2968 2514 87 26 Water
3066 2514 28 26 of
3102 2514 79 26 Leith
3193 2514 82 30 Store,
3288 2515 46 25 Gt.
3346 2514 112 34 King-st.

2918 2594 37 25 To
2975 2592 33 26 be
3024 2592 51 25 had
3099 2593 67 25 from
3194 2592 35 26 all
3256 2592 126 27 Chemists
3410 2592 56 26 and

2970 2631 196 31 Store-keepers,
3176 2631 50 24 and
3233 2631 143 25 Wholesale
3384 2631 28 26 of

3051 2669 73 25 MRS
3141 2668 182 31 McINTOSH,

3078 2707 110 25 Haddon
3200 2707 90 29 Street,
3304 2706 151 33 Sydenham,

2917 2748 67 25 Who
2991 2749 23 24 is
3026 2748 44 25 the
3080 2747 58 26 Sole
3144 2747 120 30 Preparer
3271 2746 28 26 of
3302 2747 44 24 the
3354 2746 103 26 Article.

2950 2786 79 25 Local
3055 2785 84 32 Agent
3179 2784 54 26 Mrs
3254 2784 30 26 A.
3308 2784 29 26 C.
3360 2784 95 30 White,

2918 2826 71 26 West
3001 2825 100 27 Oxford.

3119 3521 139 25 NOTICE-

2921 3562 42 63 I
2964 3561 62 25 wish
3038 3563 26 23 to
3069 3563 91 26 inform
3184 3572 42 23 my
3246 3563 92 25 Oxford
3364 3563 92 24 friends

2975 3593 51 26 and
3047 3595 44 24 the
3111 3597 102 29 general
3230 3595 90 25 Public
3345 3595 58 25 that
3413 3602 44 24 my

2919 3633 126 32 Rangiora
3067 3634 114 26 business
3203 3635 46 26 has
3271 3635 129 25 increased
3427 3636 27 24 to

2920 3674 62 24 such
2994 3682 34 17 an
3039 3676 84 23 extent
3134 3676 54 24 that
3198 3676 15 24 I
3224 3675 66 26 shall
3309 3675 31 25 be
3368 3675 89 25 unable

2920 3715 27 23 to
2969 3715 59 24 visit
3040 3715 89 25 Oxford
3154 3715 77 26 untill
3249 3715 98 25 further
3365 3715 92 25 notice.

2920 3751 43 26 All
2979 3753 70 24 work
3072 3755 56 23 sent
3144 3753 34 33 by
3189 3753 117 27 Griffiths
3318 3753 67 29 Bro.j
3398 3752 59 27 Car-

2919 3792 72 29 riers,
3015 3793 50 25 will
3087 3794 95 25 t-eceive
3203 3795 102 31 prompt
3323 3793 135 26 attention.

2920 3831 22 24 A
2978 3833 69 31 large
3082 3833 77 27 Stock
3198 3834 27 25 of
3245 3833 119 26 Watches
3407 3833 51 25 and

2920 3869 129 34 Jewellery
3077 3879 34 17 on
3141 3871 77 26 hand;
3253 3871 127 26 Traveller
3419 3869 39 28 foi?

2912 3908 257 34 UorihCanterbury
3182 3910 98 25 district
3291 3911 42 24 Mr
3344 3903 25 32 j.
3383 3910 76 25 Gent.

3036 3944 70 29 GUS
3118 3948 118 29 JONES,
3256 3948 135 31 Rangiora.

2920 4010 58 46 H.
3015 4012 52 45 N.
3115 4010 313 50 CEBERHAS

2980 4082 132 24 PAINTER
3123 4084 60 22 AND
3196 4082 179 27 DECOIMXR,
3391 4085 4 4 '
3454 4102 4 4 .

2920 4113 129 26 WRITER,
3069 4111 267 30 GRMNER,^GILDER
3354 4115 51 26 &OV,
3415 4115 43 22 &O.

2931 4151 58 27 ■•.■'■:
3021 4148 114 35 EAST
3158 4150 198 31 'OX^OBIh

2410 157 426 47 EUCALYPTUS

2535 233 79 5 —
2614 228 13 15 ♦
2627 233 78 4 —

2407 256 60 21 THE
2481 256 73 21 BEST
2568 255 87 21 HOME
2671 255 137 21 REMEDIE

2466 294 37 15 are
2516 287 37 22 the
2562 288 136 26 preparation
2707 287 26 22 of
2740 287 36 21 the
2895 290 2 25 j

2351 326 171 20 TASMANIAN
2540 324 185 21 EUCALYPTUS
2739 324 48 21 OIL
2801 324 84 21 COMP.
2895 316 2 37 j

2380 362 136 25 Universally
2525 362 104 21 admitted
2638 361 36 21 the
2682 362 79 23 BEST,
2773 359 115 22 PUREST

2351 399 43 21 and
2404 400 58 19 most
2471 398 94 21 effeotive
2575 398 134 27 Eucalyptus
2732 397 104 21 Globulus
2852 396 35 22 Oil

2351 432 33 20 for
2403 430 172 25 INFLUENZA,
2596 429 92 25 Coughs,
2707 430 65 20 Colds
2796 429 44 21 and
2857 429 30 21 all

2351 463 65 21 Chest
2432 461 44 22 and
2483 462 64 25 Lnng
2563 461 113 21 affections
2690 460 77 27 speedy
2775 461 61 20 relief
2845 460 43 21 and

2351 495 55 20 Cure
2424 495 34 19 for
2473 494 157 24 Rheumatism,
2650 493 122 26 Neuralgia,
2787 493 100 26 Sprains-

2349 522 73 20 Barns
2442 522 34 20 &o.

2368 568 3 4 ■
2377 554 134 26 Eucalyptus
2528 553 105 21 Globulus
2649 553 93 21 Extract
2751 553 90 26 sprayed
2855 553 33 21 in-

2350 586 64 21 haled
2429 585 44 21 and
2486 586 67 20 taken
2561 585 117 26 internally
2695 585 33 20 for
2743 585 37 21 the
2797 585 88 26 Throat,

2350 621 98 28 Catarrh,
2464 621 60 26 Hay,
2547 621 100 26 Typhoid
2662 622 44 20 and
2719 622 82 21 Scarlet
2810 622 78 22 Fevers

2351 654 129 20 MEASLES
2491 654 37 20 the
2532 655 57 18 most
2598 653 137 25 satisfactory
2743 654 152 24 preventative

2350 684 44 21 and
2407 685 62 20 Cure.
2496 684 57 21 Send
2566 684 51 20 Post
2633 684 56 20 Card
2698 686 23 19 to
2730 684 38 21 the
2774 684 67 20 .Office
2853 684 34 20 for

2349 715 97 21 Circular
2459 715 120 25 describing
2597 716 123 19 treatment.
2746 715 141 26 Eucalyptus,

2349 748 112 22 Ointment
2471 749 36 20 the
2516 748 71 26 Magic
2596 748 79 21 Healer
2688 748 23 21 of
2725 748 70 25 Sores,
2808 749 79 25 Burns,

2351 780 102 24 Wounds,
2469 781 59 19 Boils
2546 782 45 22 &c,
2613 780 134 25 Eucalyptus
2766 780 58 25 Soap
2837 780 43 19 Fra

2349 813 63 22 grant
2421 811 44 21 and
2473 811 125 26 refreshing.
2622 811 133 25 Eucalyptus
2764 810 90 25 Jujubes
2862 816 25 15 or

2349 841 102 20 Pastilles
2460 842 34 19 for
2503 842 37 20 the
2565 842 81 21 Throat
2655 841 44 20 and
2707 841 65 21 Voice
2788 847 29 15 an
2831 842 55 20 anti-

2349 873 68 26 septic
2426 873 43 21 and
2479 873 122 21 stimulant.
2618 872 14 28 /
2654 896 2 3 .

2349 907 125 26 Veterinary
2491 908 37 21 Oil
2537 907 43 21 and
2589 908 113 21 Ointment
2710 907 34 20 for
2753 907 38 20 the
2800 907 86 21 stables.

2375 941 31 20 Be
2415 947 50 15 sore
2473 947 44 19 yon
2525 941 110 21 Purchase
2648 940 40 21 the
2693 940 110 26 .Platypus
2819 940 68 21 brand

2349 973 50 24 only
2409 972 23 20 of
2438 972 30 20 all
2477 972 114 25 Chemists,
2596 972 89 20 Grocers
2690 971 44 21 and
2740 971 147 26 Storekeepers

2349 1003 43 21 and
2406 1004 23 20 at
2442 1003 37 21 the
2490 1003 64 22 Office
2563 1004 12 21 9
2584 1002 116 23 Cathedral
2709 1008 76 20 square
2794 1002 93 22 between

2348 1035 102 21 Morten's
2464 1034 113 27 Buildings
2584 1036 42 20 and
2637 1035 37 21 the
2682 1035 52 21 Post
2744 1034 70 22 Office.

2513 1070 89 21 Oxford
2612 1070 80 27 Agent

2403 1105 26 22 R.
2439 1106 30 21 H.
2483 1106 120 26 PARISH,
2626 1106 76 21 EAST
2716 1106 121 21 OXFORD

2429 1144 142 27 Eucalyptus
2580 1143 82 28 Oil,!/-
2676 1150 41 21 per
2725 1145 78 21 bottle.

2427 1195 26 3 __
2486 1194 20 4 __
2657 1194 9 3 _
2702 1194 1 3 .
2739 1194 35 3 __

2348 1228 102 21 RONGO
2486 1229 54 20 PAI
2561 1228 95 21 TENEI
2669 1228 56 20 KEI
2739 1227 125 21 KOUTOXJ

2561 1263 112 21 KATOA.

2390 1300 191 38 MACBEAN
2624 1296 219 42 STEWART'S

2347 1354 75 21 NEW
2436 1355 80 21 CURE
2531 1355 58 21 FOR
2603 1355 128 21 ASTHMA

2337 1375 2 47 |
2401 1390 75 21 NEW
2490 1390 80 21 CURE
2583 1390 58 20 FOR
2656 1390 97 21 CROUP

2460 1426 75 20 NEW
2549 1426 80 20 CURE
2643 1425 59 21 FOR
2714 1425 173 21 DIPHTERIA

2401 1457 75 20 NEW
2490 1457 79 20 CURE
2583 1457 59 20 FOR
2657 1456 133 21 CHRONIC

2471 1493 5 3 '
2525 1493 189 22 BRONCHITIS.

2361 1531 115 28 Prepared
2485 1531 59 21 from
2553 1531 41 21 the
2603 1530 122 22 Mountain
2735 1530 47 21 and
2791 1530 82 22 Forest

2467 1559 82 21 Plants
2563 1558 24 22 of
2600 1558 55 22 New
2670 1557 106 22 Zealand.

2347 1594 29 21 In
2384 1594 99 20 Asthma
2493 1592 41 21 the
2544 1592 55 21 New
2608 1592 59 21 Cure
2676 1591 42 22 has
2728 1591 86 27 proved
2822 1591 66 22 itself

2389 1622 26 20 to
2422 1620 30 21 Toe
2461 1620 65 21 Head
2535 1619 46 22 and
2592 1619 124 21 Shoulders
2725 1619 72 21 above
2806 1618 34 21 pII

2530 1646 73 21 Other
2616 1646 78 20 Cures.

2374 1686 29 21 In
2412 1691 31 16 no
2452 1684 102 22 instance
2563 1684 42 21 has
2614 1690 15 15 a
2636 1683 70 22 death
2714 1683 108 22 occurred
2827 1683 60 22 from

2348 1712 131 28 diphtheria
2497 1712 67 21 when
2582 1712 41 20 the
2845 1711 42 20 has

2347 1741 58 20 been
2414 1740 74 25 freely
2497 1739 57 21 used
2562 1739 60 20 from
2627 1739 41 20 the
2678 1738 51 21 first
2735 1738 77 21 outset
2817 1738 24 21 of
2847 1737 40 22 the

2348 1768 93 23 disease,
2459 1766 47 21 and
2524 1771 26 15 so
2568 1766 67 26 great
2653 1771 39 14 are
2711 1766 32 19 its
2761 1765 127 25 protective

2346 1799 93 21 powers,
2450 1792 55 21 that
2513 1792 41 20 the
2563 1791 125 26 complaint
2697 1791 43 20 has
2750 1797 71 14 never
2829 1790 59 21 been

2347 1822 82 19 known
2438 1820 24 20 to
2472 1819 84 27 spread
2563 1819 25 21 to
2597 1818 69 21 other
2681 1818 112 21 members
2808 1816 25 22 of
2846 1817 42 21 the

2347 1847 89 25 family.

2375 1881 49 21 The
2431 1881 55 21 New
2495 1881 66 24 Cure,
2572 1881 24 21 3s
2606 1880 41 24 6d;
2659 1879 117 22 Grindelia
2784 1879 104 21 Robusta

2412 1908 137 25 Cigarettes,
2558 1909 26 19 2s
2591 1916 7 15 ;
2608 1907 98 20 Asthma
2719 1907 107 23 Tobacco,

2519 1935 25 20 2s
2558 1933 31 22 6d
2601 1933 47 21 and
2661 1935 31 19 Is.

2375 1992 186 41 HEALTH
2584 1991 42 41 IS
2648 1991 216 39 WEALTH.

2349 2045 38 20 TO
2394 2044 63 21 THE
2466 2043 172 22 SUFFERING
2644 2041 244 23 &UNFORTUNATE

2365 2105 13 23 A
2392 2105 45 24 LL
2456 2104 89 27 Weak,
2556 2104 112 25 Nervous
2685 2104 48 24 and
2744 2102 144 26 Debilitated

2350 2128 43 35 J\.
2405 2137 118 26 Sufferers
2530 2137 56 25 who
2594 2137 62 25 have
2664 2137 88 24 wasted
2760 2136 62 23 their
2831 2135 57 24 time

2348 2171 49 22 and
2408 2177 94 20 means,
2515 2170 103 29 sending
2626 2172 26 21 to
2659 2170 70 24 other
2737 2168 113 24 Colonies
2858 2166 29 25 P.

2349 2201 29 24 O.
2389 2201 80 24 Boxes
2479 2202 51 25 &c,
2537 2201 38 23 for
2584 2201 117 24 so-called
2707 2200 105 24 Electric
2819 2199 68 24 Belts

2348 2233 50 24 and
2418 2232 98 25 Useless
2534 2232 139 30 Nostrums,
2685 2232 88 25 should
2784 2232 44 25 not
2839 2232 48 23 dis-

2348 2265 60 33 pair,
2420 2266 45 24 but
2476 2265 97 25 consult
2583 2265 139 32 personally
2732 2272 28 18 or
2770 2264 33 32 by
2814 2268 64 28 post.

2349 2312 135 49 FREE.
2512 2323 32 20 W
2564 2311 197 47 »OTMANN,Jt
2784 2311 48 50 E.,
2850 2310 28 49 C

2349 2374 53 25 The
2413 2375 57 31 only
2481 2373 100 26 Electro
2599 2373 103 26 Medical
2712 2372 125 34 Specialist
2846 2373 41 25 ad-

2349 2408 119 31 vertising
2486 2408 70 32 [with
2573 2410 94 29 twenty
2674 2415 70 24 years
2756 2407 131 32 European

2349 2450 147 22 experience,
2518 2440 51 25 and
2585 2441 67 24 three
2670 2448 69 23 years
2754 2440 80 25 before
2846 2441 42 23 the

2348 2474 59 24 New
2420 2474 107 24 Zealand
2538 2472 95 33 public]
2650 2473 55 24 who
2715 2474 45 23 has
2771 2472 72 25 made
2854 2472 34 25 all

2349 2506 94 26 chronic
2455 2513 67 18 cases
2531 2505 26 26 of
2568 2513 56 17 men
2639 2506 48 24 and
2697 2512 96 18 women
2803 2513 15 16 a
2835 2504 53 25 life-

2349 2540 59 25 time
2420 2540 82 31 study,
2514 2540 49 24 and
2579 2540 27 24 to
2633 2538 113 26 convince
2763 2538 43 25 the
2823 2541 66 22 most

2349 2572 122 32 sceptical,
2483 2572 15 24 I
2509 2572 50 25 will
2569 2572 99 24 forward
2680 2572 121 24 electrical
2812 2571 76 31 appli-

2349 2613 72 17 ances
2440 2605 48 24 and
2507 2604 172 25 consentrated
2706 2605 130 24 treatment
2856 2611 32 17 on

2350 2646 57 23 easy
2419 2639 78 23 terms
2509 2637 28 25 of
2542 2639 124 30 payment.

2504 2676 192 28 [testimonial.]

2576 2708 116 25 Dunedin,
2701 2707 56 27 July
2767 2709 34 23 28,
2811 2708 62 20 1893.

2377 2743 24 20 It
2411 2742 65 26 gives
2490 2748 38 14 me
2539 2741 66 27 great
2612 2741 106 26 pleasure
2732 2740 27 21 to
2772 2740 78 26 report
2865 2746 25 14 so

2349 2769 134 26 favourably
2491 2769 26 20 in
2526 2768 57 21 such,
2593 2774 14 13 a
2617 2768 64 20 short
2688 2768 65 23 time,
2768 2766 122 27 especially

2349 2796 61 21 after
2419 2796 70 26 being
2497 2794 92 22 treated
2603 2794 33 27 by
2655 2800 70 15 seven
2740 2793 151 27 professional

2349 2830 53 15 men
2411 2823 37 22 for
2456 2829 30 15 no
2493 2822 89 26 benifit,
2593 2822 47 21 and
2657 2822 14 20 I
2689 2821 61 22 have
2767 2820 124 28 gradually

2349 2857 96 27 gaining
2455 2856 106 26 strength
2575 2855 47 21 and
2631 2862 86 19 energy
2726 2855 62 21 since
2796 2854 94 27 placing

2349 2891 38 20 my
2396 2890 52 15 case
2466 2884 26 20 in
2503 2890 58 21 your
2578 2888 59 19 care,
2655 2882 47 20 and
2720 2882 13 20 I
2742 2882 61 20 shall
2812 2881 79 26 gladly

2349 2910 143 22 recommend
2499 2916 58 20 your
2566 2909 51 21 able
2625 2909 125 21 treatment
2758 2909 26 21 to
2792 2909 84 20 others.

2673 2936 22 21 J.
2704 2936 40 20 Me
2753 2936 109 20 Donald.

2382 2972 61 24 Free
2455 2970 58 26 trial
2525 2970 65 31 daily
2598 2970 61 24 from
2672 2970 30 24 11
2713 2977 58 17 a.m.
2780 2969 40 25 till
2832 2969 60 25 9.30

2349 3013 59 23 p.m.
2417 3005 27 23 of
2453 3005 41 23 the
2504 3005 74 23 latest
2589 3003 58 30 only
2657 3002 109 25 Beliable
2777 3002 49 23 and
2833 3002 57 24 Per-

2351 3038 97 23 manent
2468 3035 62 25 Cure
2550 3035 38 24 for
2605 3034 163 28 rheumatism,
2786 3034 105 29 sciatica,

2349 3069 130 30 neuralgia,
2483 3068 61 24 liver
2553 3067 182 30 derangement,
2745 3066 146 31 indigestion

2349 3101 105 31 buzzing
2464 3102 28 22 in
2504 3100 40 24 the
2552 3100 63 24 head
2627 3099 49 24 and
2685 3107 61 20 ears,
2761 3099 129 28 dizziness,

2349 3133 71 27 weak
2424 3133 70 30 back,
2499 3133 64 24 tired
2566 3131 96 32 feeling,
2670 3131 86 32 specks
2763 3132 81 24 before
2850 3132 42 24 the

2349 3175 63 24 eyes,
2435 3166 116 25 nervious
2572 3165 146 31 irritability,
2739 3165 151 28 exhaustion,

2350 3200 55 24 lack
2416 3200 25 23 of
2453 3207 97 22 energy,
2562 3198 97 23 bladder
2667 3197 49 24 and
2725 3197 90 32 kidney
2822 3198 68 23 trou-

2349 3233 59 28 bles,
2433 3232 105 24 varicose
2560 3230 76 30 veins,
2659 3229 48 25 and
2718 3229 34 25 all
2771 3229 120 25 weakness

2349 3266 99 31 pecular
2456 3266 26 23 to
2493 3272 67 16 men.
2786 3287 3 15 (

2384 3303 136 25 Numerous
2542 3301 106 33 grateful
2659 3301 85 25 letters
2755 3300 65 25 from
2832 3300 60 25 both

2351 3344 68 17 sexes
2431 3344 44 15 can
2484 3335 30 24 be
2531 3334 132 32 inspected.

2391 3373 64 41 W.
2479 3372 230 45 NOTMAOT,
2742 3370 132 41 M.E.C.

2428 3421 100 24 Market
2544 3420 83 28 Place,
2660 3419 180 25 Christchurch.

2399 3496 190 55 Money
2608 3497 54 43 to
2685 3494 156 45 Lend.

2392 3560 18 28 I
2445 3559 80 29 have
2546 3568 114 28 money
2694 3560 34 27 to
2749 3557 143 33 lenibr-in

2349 3600 88 37 large
2466 3608 34 19 or
2522 3598 90 29 small
2647 3607 85 20 sums
2758 3600 42 26 to.
2829 3597 63 29 suit

2349 3638 177 31 Borrowers
2564 3641 34 27 at
2625 3638 109 30 lowest
2763 3639 129 28 current

2408 3718 63 38 W.
2497 3718 45 38 H.
2569 3717 261 40 SPACEMAN.

2525 3764 193 29 SOLICITOR,

2419 3805 192 26 Christchurch
2622 3804 51 25 and
2684 3804 136 25 Rangiora.

2347 3872 221 43 MONEY
2598 3875 82 39 TO
2704 3875 183 40 LEND.

2370 3930 17 30 I
2401 3931 80 30 have
2493 3929 122 32 several
2629 3940 87 21 sums
2730 3930 34 30 of
2777 3941 113 29 money

2351 3977 32 24 to
2398 3972 83 35 lend,
2496 3975 34 26 at
2558 3972 109 29 lowest
2680 3974 85 27 rates
2780 3971 34 29 of
2840 3971 51 29 in-

2349 4014 103 28 terest.

2433 4050 62 39 W.
2515 4050 38 41 E,
2572 4050 39 38 D.
2634 4050 168 39 BISHOP.
2873 4076 7 4 -

2443 4100 4 22 ;
2445 4114 18 16 a
2526 4095 192 30 SOLICITOR,

2383 4137 49 28 206
2451 4138 123 26 Hereford
2595 4135 39 28 Sti
2653 4137 202 26 Chkistohurch.

2370 4193 73 42 Wl
2487 4203 367 32 WOODWARD

2349 4260 155 27 PAINTER
2520 4259 71 26 AND.
2608 4252 272 37 PAPERHAN&ER,

2452 4291 339 59 MST-pxJoRD.

2363 4415 16 20 .;
2399 4405 44 26 All
2452 4405 82 30 orders
2544 4404 121 33 promptly
2677 4403 114 26 attended
2802 4405 36 26 to,

1288 179 72 56 H.
1390 178 64 56 E.
1484 169 445 65 BOARDMAN
1968 167 54 58 &
2052 162 147 64 CO.,

1192 257 142 22 BAILIFFS
1348 256 65 21 AND
1427 251 188 26 COMMISSION
1629 250 129 22 AGENTS.
1803 247 101 23 HOTEL
1918 243 137 23 BROKERS
2069 241 64 21 AND
2147 237 149 23 VALUERS.

1290 304 60 29 222
1373 299 235 34 HEREFORD
1631 296 171 37 STREET,
1845 286 342 40 CHRISTCHURCH.

1477 366 364 20 »+♦♦♦♦♦♦♦♦♦♦♦♦♦♦♦♦♦♦♦♦♦♦♦♦
1845 366 107 15 MMMM
1957 365 38 15 M«
1999 365 11 14 t
2013 364 43 15 ♦♦»»

1234 406 43 24 We
1294 407 150 32 respectfully
1457 406 40 30 beg
1514 409 23 19 to
1549 404 73 24 thank
1630 411 44 17 our
1685 402 90 24 Clients
1782 401 50 24 and
1840 400 37 24 the
1888 399 89 25 Public
1985 395 126 35 generally
2112 395 47 30 for
2168 392 38 26 the
2224 392 99 30 support

1164 451 116 23 accorded
1291 458 37 19 us,
1339 450 50 23 and
1400 457 45 16 can
1457 456 82 17 assure
1551 456 43 16 our
1598 447 99 33 friends
1708 446 53 23 that
1768 453 45 16 our
1822 444 105 24 business
1937 442 51 24 still
1993 440 102 26 remains
2112 438 76 23 under
2206 436 37 24 the
2260 440 63 18 same

1164 496 163 29 management
1345 500 28 16 as
1382 493 107 26 hitherto,
1499 491 50 24 and
1556 491 51 24 that
1616 489 135 31 everything
1761 487 120 25 entrusted
1890 489 22 21 to
1920 493 28 17 us
1959 484 53 24 will
2019 484 26 24 be
2052 482 79 26 under
2141 480 37 25 the
2189 479 132 24 immediate

1164 536 147 30 supervision
1323 536 31 30 of
1359 543 45 16 our
1894 550 13 11 n

1363 576 124 33 MR
1518 575 68 33 H.
1611 574 55 33 E.
1691 564 430 42 BOARDMAK

1222 621 50 25 Our
1283 618 245 31 WELLINGTON,
1541 616 199 30 AUCKLAND,
1753 614 147 28 TIMARU,
1914 611 151 29 OAMARU,
2082 607 172 29 DUNEDIN,
2273 606 51 25 and

1164 662 277 28 INVERCARGILL,
1456 660 175 26 AGENCIES
1638 668 41 15 are
1691 659 51 23 still
1752 660 26 21 in
1791 658 36 23 the
1839 658 77 22 hands
1928 658 30 28 of
1965 650 161 32 trustworthy
2137 653 98 29 Agents.

1227 722 154 28 PROMPT
1386 741 5 7 ,
1395 721 260 27 SETTLEMENT,
1672 720 108 24 Account
1799 718 72 23 Sales
1889 715 157 29 immediately
2064 720 31 17 on
2112 712 140 27 relization,
2272 710 50 23 and

1165 766 71 31 unity
1261 764 69 31 from
1352 763 49 24 loss
1410 762 29 31 by
1447 769 46 18 our
1503 760 86 26 clients
1605 767 43 17 are
1655 759 134 31 principles
1799 764 35 17 we
1845 757 92 30 strictly
1949 755 87 24 adhere
2048 757 30 20 to.

1651 813 42 33 H.
1712 812 35 33 E.
1767 808 247 36 BOARDMAN
2034 809 31 30 &
2085 806 73 33 CO.

1444 867 102 24 Private
1557 865 134 30 Enquiries
1711 863 137 25 Conducted
1862 862 57 24 with
1937 862 108 29 Secresy.

1480 948 109 21 MONEY
1602 948 38 20 TO
1654 947 83 21 LEND
1751 946 38 20 TO
1803 945 66 21 ANY
1882 942 135 22 AMOUNT.

1228 1030 89 30 Money
1329 1028 105 26 invested
1443 1028 48 30 for
1502 1034 44 17 our
1565 1025 135 25 Clients.—
1698 1023 98 30 Fifteen
1811 1029 47 24 per
1876 1024 59 22 cent.
1955 1019 155 25 Guaarnteed
2132 1025 31 16 on
2181 1016 36 25 all
2234 1016 87 24 monies

1158 1074 90 31 placed
1263 1074 26 22 in
1300 1081 45 17 our
1355 1072 79 24 hands
1434 1072 47 33 for
1490 1072 146 24 investment.
1669 1069 78 24 Bents
1758 1065 115 27 collected
1882 1065 50 24 and
1938 1064 138 30 Mortgages
2084 1061 103 32 effected.

1150 1107 2 11 i
1661 1114 4 2 .
1672 1114 2 1 .
2316 1119 2 2 ,

1150 1142 2 12 i
2255 1143 2 2 •
2265 1149 2 5 .
2296 1145 2 2 •

1394 1183 270 37 ■'LOCAL

1277 1235 403 47 BAHLO¥
1723 1234 167 41 AND
1936 1229 277 43 PRICE

1464 1287 194 42 Goventry
1695 1284 114 44 Cycle
1855 1282 132 35 Works

1328 1343 38 29 88
1389 1338 201 33 COLOMBO
1613 1336 176 35 STREET,
1833 1330 346 35 CHRISTCHURCH.

1161 1404 57 31 We
1234 1404 118 38 having
1367 1402 95 30 taken
1476 1410 75 20 over
1563 1399 54 30 the
1630 1397 72 32 well
1715 1397 116 30 known
1840 1396 112 34 works,
1967 1394 181 39 machinery
2157 1392 62 31 and
2228 1392 90 31 stock

1157 1446 35 30 in
1204 1445 92 29 trade
1309 1443 81 31 wish
1401 1446 35 26 to
1450 1441 113 30 inform
1577 1439 55 30 the
1653 1439 106 39 public
1773 1438 71 29 that
1857 1448 47 19 wo
1919 1447 53 19 are
1985 1435 153 40 prepared
2151 1437 34 27 to
2204 1434 114 29 under-

1157 1486 73 31 take
1245 1484 104 32 orders
1363 1483 50 31 for
1425 1492 70 21 new
1508 1479 159 33 machines
1681 1479 63 31 and
1759 1481 129 28 execute
1905 1477 120 39 repairs
2047 1479 33 26 at
2102 1475 54 30 the
2180 1476 138 29 shortest

1292 1524 103 31 notice
1408 1523 50 31 for
1479 1522 42 30 all
1534 1521 94 29 kinds
1643 1519 35 31 of
1687 1519 215 39 Engineering
1916 1518 63 29 and
1991 1516 94 40 Cycle
2097 1515 95 31 work.

1323 1577 127 23 SPECIAL
1464 1573 178 23 ATTENTION
1658 1572 95 22 GIVEN
1768 1571 38 22 TO
1820 1569 142 23 COUNTRY
1977 1569 123 22 ORDERS.

1160 1618 121 40 Racing
1297 1615 160 31 Machines
1481 1613 62 30 and
1564 1611 100 41 Light
1685 1610 168 32 Roadsters
1869 1620 19 19 a
1902 1608 157 41 specialty.
2101 1607 50 30 No
2164 1608 155 40 imported

1157 1659 159 31 machines
1330 1658 76 37 kept
1419 1656 34 29 in
1468 1655 99 29 stock,
1584 1654 43 29 all
1640 1652 88 31 work
1742 1652 80 29 done
1837 1660 41 19 on
1890 1650 55 29 the
1967 1650 158 38 premises.
2177 1648 31 29 A
2231 1649 89 38 large

1188 1698 89 33 stock
1291 1696 35 33 of
1336 1697 126 39 Lamps,
1474 1693 96 37 Bells,
1585 1693 63 31 and
1664 1692 128 32 Saddles
1806 1701 41 20 on
1860 1690 85 31 hand
1959 1693 33 27 at
2006 1690 114 30 reduce
2131 1688 131 40 dprices.

1357 1783 80 39 CAN
1457 1782 81 38 YOU
1560 1780 157 38 AFFORD
1740 1779 27 37 A
1789 1777 134 39 LARGE
1944 1775 178 38 FAMILY?

1573 1857 33 20 IF
1627 1855 64 23 NOT
1712 1855 87 22 READ
1815 1854 64 22 THE

1201 1905 158 44 THE
1403 1902 187 43 L^W
1634 1902 99 42 OP
1784 1897 492 45 POPTTLA.TIO2ST

1284 1976 129 28 Contains
1425 1974 177 29 instructions
1613 1974 63 26 how
1684 1975 30 24 to
1725 1971 123 35 regulate
1858 1971 47 26 the
1916 1970 54 26 size
1982 1969 28 27 of
2027 1970 49 25 the
2092 1967 107 35 Family

1491 2030 99 34 Post
1635 2030 102 31 Free
1772 2051 36 7 ...
1832 2028 42 31 Is
1918 2025 67 32 2d.

1349 2094 35 26 F-
1401 2093 26 27 J.
1446 2091 132 33 QUINN,
1595 2091 171 26 Manchester
1782 2089 99 30 Street,
1899 2086 205 28 Chfistchurch-

1279 2236 59 26 FOUR
1352 2234 108 27 HUNDRED
1474 2233 63 29 EASY,
1557 2231 138 27 PROFITABLE
1710 2231 45 25 AND
1771 2231 115 26 PLEASANT
1907 2230 62 26 WAYS
1988 2231 31 24 TO
2038 2229 62 26 MAKE
2116 2229 82 26 MONEY.

1626 2269 62 26 Post
1704 2268 60 30 free,
1783 2268 37 34 1/-

1458 2316 32 25 F.
1507 2314 26 26 J.
1552 2314 118 30 QUINN,
1688 2312 56 26 Box
1761 2314 41 28 37,
1822 2311 190 26 Christchurch.

1342 2416 339 51 ENORMOUS
1741 2413 391 47 REDUCTIONS

1798 2495 11 7 ><
1810 2494 94 11 tiif'iip**iD
1905 2495 6 7 p
1912 2493 66 12 'fiir'tni
1979 2493 13 7 r>

1157 2535 82 32 rpHE
1257 2533 116 30 question
1384 2532 22 25 is
1577 2528 67 33 Why
1655 2527 61 27 send
1730 2529 27 24 to
1769 2526 178 26 Christchurch
1967 2526 39 25 for
2023 2532 62 26 your
2103 2525 110 31 Drapery
2221 2525 13 24 ?
2268 2523 53 26 The

1163 2554 23 40 1
1222 2568 104 31 drapery
1337 2565 55 26 sold
1399 2565 27 24 in
1435 2564 57 25 that
1503 2563 51 31 city
1566 2570 72 24 every
1649 2569 47 18 one
1707 2561 95 29 knows,
1815 2560 22 25 is
1848 2561 45 24 not
1904 2559 73 25 made
1987 2559 78 28 there*
2084 2557 46 26 hut
2140 2558 131 31 imported.
2307 2556 14 25 I

1159 2603 94 30 import
1264 2601 66 25 from
1342 2598 43 26 the
1396 2598 55 24 best
1462 2595 108 32 English
1581 2596 51 24 and
1649 2594 88 26 Scotch
1749 2594 100 24 houses.
1895 2593 72 24 lam
1979 2591 106 26 enabled
2095 2592 26 24 to
2132 2591 123 31 purchase
2273 2589 48 26 low

1158 2635 50 25 and
1217 2633 48 26 sell
1276 2634 27 24 at
1312 2640 14 17 a
1337 2632 55 24 rate
1403 2629 27 25 of
1438 2628 76 32 profit
1526 2628 54 32 (my
1592 2634 120 25 expences
1723 2626 72 31 being
1806 2624 82 33 small)
1900 2625 58 25 that
1969 2624 83 26 would
2064 2624 30 25 be
2112 2623 146 25 considered
2278 2623 42 24 ab-

1158 2667 59 26 surd
1228 2667 33 29 by
1276 2672 48 25 any
1345 2660 179 28 Christehurch
1547 2660 200 25 establishment.
1798 2657 45 33 My
1864 2657 76 26 Stock
1959 2658 21 23 is
1999 2657 44 24 the
2062 2657 96 31 largest
2176 2656 51 24 and
2249 2657 69 23 most

1157 2699 96 28 tvaried
1262 2699 58 26 that
1330 2697 45 25 has
1387 2702 57 19 ever
1453 2695 64 24 been
1528 2693 88 26 shown
1625 2692 29 26 in
1664 2692 45 26 the
1719 2691 110 30 district,,
1836 2690 51 26 and
1897 2690 40 26 for
1945 2690 94 31 quality
2059 2690 50 24 and
2127 2688 74 26 value
2217 2690 59 30 puts
2293 2688 27 25 in

1160 2735 31 24 he
1203 2732 78 27 shade
1298 2730 77 34 goods
1386 2727 91 26 offered
1488 2726 34 33 by
1533 2725 103 33 visiting
1646 2724 115 26 hawkere
1773 2725 63 24 from
1848 2723 44 25 the
1909 2723 181 25 Christchurch
2101 2730 46 24 rag
2159 2723 88 24 marts.

1192 2786 96 26 Dress
1300 2784 165 28 Materials,
1477 2780 89 26 Plain
1577 2780 61 25 and
1648 2779 104 31 Fancy
1763 2779 81 24 from
1855 2778 51 24 3d.
1918 2783 55 25 per
1981 2777 85 30 yard.

1190 2846 28 27 A
1234 2845 111 29 Strong
1361 2843 88 26 Stout
1464 2841 135 26 Durable
1615 2839 128 32 Kaiapoi
1759 2838 114 26 Tweed
1889 2838 52 32 2/6
1952 2843 56 25 per
2018 2838 77 30 yard

1791 2883 109 24 Makes
1911 2883 156 23 first-class
2085 2881 91 30 Boys'
2194 2880 92 25 Suits.

1192 2940 61 25 Art
1269 2938 141 30 Muslins,
1429 2935 156 32 Cretones,
1604 2933 80 28 Lace
1702 2933 138 27 Curtains
1858 2933 55 25 &c.

1192 3018 26 30 A
1236 3016 110 25 Choice
1364 3013 168 27 Collection
1549 3013 34 24 of
1597 3012 121 29 Gloves,
1745 3010 78 31 Ties,
1853 3009 130 31 Aprons,
2013 3008 166 26 Insertions
2197 3008 54 25 &c.

1192 3069 122 31 Striped
1330 3067 125 26 Galatea
1471 3064 55 33 4/6
1537 3070 55 25 per
1603 3064 108 30 dozen,
1740 3062 104 25 worth
1855 3062 49 25 9d.
1922 3067 56 26 per
1994 3060 85 31 yard.

1192 3133 105 25 Prints
1308 3131 81 25 from
1400 3130 52 24 4d.
1465 3134 55 26 per
1530 3128 85 31 yard.
1629 3127 139 30 Muslins,
1782 3125 139 31 Selesias,
1935 3124 126 32 Calicos,
2075 3125 55 25 &c.

1780 3168 89 26 With
1885 3168 88 25 other
1990 3168 194 25 Manchester
2200 3168 88 30 lines.

1192 3229 90 30 Hats,
1300 3227 110 30 Fancy,
1421 3226 60 24 and
1498 3224 106 31 Sailor,
1622 3224 33 24 in
1670 3222 105 26 White
1792 3223 61 24 and
1870 3221 115 26 Colors.

1738 3265 127 26 Newest
1881 3264 124 33 Shapes.
2040 3264 98 31 Large
2155 3264 133 33 Variety,

1192 3325 149 31 Flowers,
1359 3323 155 30 Feathers,
1533 3320 148 30 Ribbons,
1700 3318 106 32 Laces,
1825 3318 75 31 Jets,
1920 3318 55 26 &c.

1667 3359 89 25 With
1771 3360 42 23 all
1829 3359 186 24 necessaries
2032 3358 47 25 for
2095 3358 193 30 Trimmings.

1193 3417 104 31 Fancy
1312 3415 140 29 Frillings
1471 3413 78 30 3yds
1560 3412 48 24 for
1617 3410 36 33 1/-
1671 3410 102 25 worth
1785 3409 51 32 9d,
1853 3414 56 27 per
1919 3410 84 30 yard,

1730 3452 184 32 Umbrellas,
1933 3452 153 31 Parasols,
2104 3451 184 31 Sunshades,

1161 3591 421 84 MANTLES.
1600 3586 254 81 CAPES
1879 3583 59 79 &
1958 3586 361 78 JACKETS

1161 3711 18 30 I
1194 3720 50 20 am
1258 3705 141 39 showing
1414 3715 19 19 a
1446 3701 122 38 variety
1582 3699 33 31 of
1630 3699 53 30 the
1697 3697 109 31 Latest
1820 3696 159 31 Novelties
1993 3696 34 29 in
2041 3695 122 31 Ladies'
2187 3696 134 31 Mantles

1163 3760 99 40 Capes
1277 3757 62 31 and
1350 3755 139 34 Jackets,
1504 3752 34 29 in
1546 3751 55 30 the
1614 3753 81 26 most
1708 3748 170 40 Approved
1891 3745 160 31 Materials
2067 3747 61 29 and
2138 3746 112 40 Styles,
2260 3748 61 29 and

1162 3813 81 30 have
1265 3812 35 28 to
1323 3807 60 31 call
1406 3814 79 31 your
1500 3800 156 33 attention
1673 3803 33 27 to
1729 3798 55 31 the
1806 3797 279 32 undermentioned
2107 3796 89 37 Lots,
2217 3798 104 31 which

1163 3864 93 32 beinff
1270 3856 180 43 purchased
1462 3857 34 28 at
1509 3854 87 38 large
1610 3852 169 34 discounts,
1791 3849 64 31 will
1869 3850 40 30 be
1921 3849 118 31 offered
2053 3859 35 21 as
2102 3848 117 32 follows
2229 3862 7 17 :
2245 3867 36 5 —

1204 3939 166 35 LADIES'
1385 3934 189 34 JACKETS
1589 3934 32 29 in
1638 3942 17 21 a
1669 3932 123 39 variety
1807 3931 34 31 of
1856 3930 129 32 Tweeds
2004 3930 33 30 in
2060 3930 112 32 shades
2190 3930 34 30 of
2236 3930 85 30 fawn

1203 4003 78 32 grey
1296 3993 91 33 &c.,—
1387 4006 19 4 -
1806 4007 11 5 -

1329 4037 107 33 Usual
1450 4036 90 30 Price
1560 4034 77 30 each
1681 4056 35 6 ...
1888 4055 32 8 ...
2052 4052 35 7 ...
2203 4029 56 30 12s
2281 4028 41 31 6d

1179 4120 4 3 .
1330 4088 121 43 Special
1467 4085 71 33 Sale
1552 4082 89 33 Price
1854 4105 31 8 •••
1972 4119 3 3 .
2060 4104 32 7 ...
2223 4080 36 31 5s
2281 4080 41 30 6d

1204 4151 166 35 LADIES'
1385 4147 144 33 BLAGK
1543 4143 133 33 GAPES
1690 4143 78 31 with
1784 4143 54 30 Jet
1849 4142 62 30 and
1926 4141 61 31 silk
2004 4139 205 40 trimming—
2301 4172 5 4 .

1324 4191 107 56 •■pkual
1457 4190 236 40 Priceeacli'^
1709 4203 142 21 ■••...
2023 4214 35 7 ...
2200 4191 58 30 21s
2280 4190 42 31 Od

595 183 210 46 BURKE
846 185 130 44 AND
1018 183 117 46 SON

733 262 134 23 INQUIRY
903 262 124 20 AGENCY

656 305 131 21 Chancery
799 304 72 25 Lane,
885 305 188 20 Christchubch.

597 338 74 48 Next
687 338 25 21 of
728 338 54 24 Kin,
792 338 99 26 Missing
899 338 117 20 Eelatives
1026 338 46 23 &c;
1090 337 46 20 Ad-

658 365 112 26 vertising
780 365 24 20 in
814 371 46 19 any
869 365 52 25 part
931 364 24 21 of
964 364 41 21 the
1015 364 76 21 world.

624 397 90 23 100,000
723 397 83 20 Names
815 395 101 21 indexed
924 401 40 20 up,
980 401 61 20 upon
1060 395 76 21 which

596 427 149 22 information
756 427 76 27 given,
852 427 123 25 Solicitors,
993 428 90 24 Courts,
1101 428 35 20 in-

597 462 89 27 quirers
691 463 108 21 relatives
808 462 45 24 &c,
861 462 108 21 Searches
975 461 26 21 in
1007 461 74 21 Home
1090 461 47 21 and

596 494 66 21 other
671 494 137 24 Directions,
819 494 78 26 Army,
906 494 74 26 Navy,
987 494 59 25 Law,
1053 493 83 27 Clergy

597 527 106 25 Medical,
709 526 59 22 Civil
775 526 99 25 Service,
881 526 134 26 University
1020 526 47 20 and
1070 526 66 21 other

597 559 68 21 Lists.
681 559 45 21 Old
731 559 98 20 Records
835 559 25 20 in
865 558 155 21 Government
1029 557 106 21 Gazettes

596 592 55 21 N.Z.
663 592 47 21 and
719 592 68 22 other
799 599 94 20 papers;
912 592 102 26 Country
1028 592 107 22 families,

596 626 130 27 Pedigrees,
747 626 90 21 Letters
846 626 99 25 written,
964 625 107 27 Register
1080 625 55 27 kept

597 661 23 20 of
638 661 99 21 Medical
762 660 46 20 and
833 660 66 20 other
913 658 152 28 professional
1092 664 38 15 me

597 693 91 20 wanted
697 693 25 19 in
731 692 32 20 all
771 692 41 20 the
822 692 110 20 Colonies.

624 726 72 26 Forty
704 731 67 21 years
780 725 138 26 experience,
924 723 98 27 enquiry
1030 722 37 22 fee
1084 722 37 27 2/6

780 761 80 26 Stamp
873 760 70 27 reply.

616 901 223 24 OXFOBD
884 899 237 24 B-A-DKIEDB'Sr

699 947 214 29 Established
938 945 89 30 1862.

643 1011 130 28 FLOUR,'
780 1011 56 25 best
846 1010 81 25 brand
938 1009 59 33 only
1008 1010 68 31 kept.

597 1054 144 30 SHARPS,
776 1042 53 37 6A
837 1054 20 24 T
867 1054 28 25 M
903 1053 79 29 EAL,
1017 1051 111 26 BRAN

685 1096 293 30 CHICKENWHEAT,
996 1098 43 24 &o.

621 1141 41 21 AT
688 1140 124 21 LOWEST
840 1140 142 21 CURRENT
1008 1138 106 24 RATES,

683 1213 55 45 F.
769 1211 51 44 B.
842 1209 190 55 LANE.

700 1285 90 40 (Late
804 1284 40 30 E.
863 1284 161 38 Butcher.)

595 1343 251 42 Watchmaker,
876 1342 183 34 Jeweller,
1076 1340 52 30 &c.

594 1394 123 31 Importer
751 1393 28 24 of
817 1390 108 26 Musical
959 1390 171 25 Instruments

693 1430 111 26 Victoria
825 1430 38 25 St.
894 1428 135 32 Rangiora.

595 1519 99 32 Special
705 1519 71 25 value
798 1517 29 25 in
848 1517 82 24 Extra,
952 1517 87 30 strong
1049 1514 81 26 Cased

593 1563 88 32 highly
689 1561 109 26 finished
811 1560 110 32 English
938 1559 81 26 Lever
1027 1557 103 26 Watch-

594 1614 35 16 es.
674 1603 192 27 Manufactured
882 1604 28 25 to
931 1610 44 24 my
1003 1601 72 26 order
1095 1600 35 32 by

594 1646 55 25 best
660 1645 105 25 London
783 1643 108 26 makers.
926 1641 158 33 Unequalled
1091 1640 39 25 for

594 1688 122 25 excellent
729 1686 179 31 Timekeeping
922 1684 51 25 and
984 1683 144 32 durability.

627 1731 30 25 F.
674 1731 32 25 B.
718 1729 97 26 LANE
827 1728 140 33 personally
988 1727 72 25 visits
1081 1726 48 26 Ox-

594 1775 55 24 ford
668 1773 126 32 monthly,
817 1772 116 32 carrying
951 1779 16 17 a
989 1771 69 31 large
1080 1770 50 25 and

594 1817 85 24 choice
712 1815 71 25 stock
811 1814 28 25 of
869 1814 128 27 Watches,
1025 1813 103 28 Chains,

593 1858 135 29 Brooches,
738 1858 88 31 Rings,
837 1856 86 29 Studs,
940 1856 129 25 Pendants
1081 1857 47 27 etc,

595 1902 141 32 Spectacles
757 1899 125 34 (Pebbles,
898 1899 169 32 Pantoscopsc
1079 1898 51 25 and

594 1945 109 33 Crystal)
715 1943 98 30 Clocks,
832 1942 108 34 (Marble
960 1942 51 24 and
1028 1941 102 32 Wood,)

694 1986 157 25 Accordeons
862 1985 50 25 and
923 1985 107 25 Violins.

627 2031 82 25 Exact
720 2031 58 24 date
790 2029 28 26 of
827 2029 62 25 each
900 2029 60 25 visit
982 2029 23 24 is
1016 2026 106 27 notified

742 2075 28 24 in

593 2118 116 24 Repairs.
710 2131 32 4 —
744 2116 42 24 All
796 2116 95 30 repairs
907 2122 43 16 are
967 2114 120 24 executed
1096 2113 32 31 by

593 2159 92 32 myself
706 2167 28 17 or
749 2158 80 25 under
844 2165 44 23 my
909 2156 221 32 superintendence

594 2210 28 17 so
644 2203 56 24 that
719 2203 103 29 patrons
833 2207 48 18 can
902 2200 53 31 rely
977 2206 34 18 on
1032 2198 99 31 getting

595 2244 155 26 satisfaction
758 2244 27 24 at
796 2243 45 24 the
851 2249 59 24 very
921 2241 87 25 lowest
1016 2240 113 32 charges.

626 2287 105 32 Repairs
743 2294 28 18 or
780 2285 83 26 ordera
872 2292 59 25 may
942 2284 31 25 be
981 2283 44 26 left
1037 2285 26 25 at
1063 2298 35 4 —

594 2335 27 25 J.
637 2335 136 30 Weeber's,
807 2333 66 25 East
895 2332 102 26 Oxford,

594 2380 26 24 at
642 2378 42 26 W.
707 2378 36 25 M.
768 2377 38 28 C,
829 2377 66 24 East
918 2375 102 25 Oxiord.

593 2421 25 27 J.
635 2421 101 31 Brown,
748 2418 161 32 Bootmaker,
933 2417 71 28 West
1028 2415 102 28 Oxford.

593 2465 41 27 W.
646 2465 25 25 J.
685 2464 118 26 Crothers
813 2464 19 23 &
844 2462 45 26 Co.
897 2480 6 6 .
926 2462 70 25 Cust.

626 2508 51 24 and
692 2507 53 26 will
750 2507 32 25 be
792 2505 127 32 promptly
930 2504 119 26 attended
1060 2504 36 24 to.

595 2551 56 32 All
660 2551 101 31 Work
771 2549 78 31 done
861 2559 40 20 on
914 2548 55 31 the
979 2547 152 31 Premises

716 2603 62 29 and
794 2599 199 41 guaranteed.

634 2674 157 48 £1000
823 2674 254 51 Reward.

594 2773 169 30 fI^HREE
784 2773 58 30 days
856 2771 82 25 before
950 2769 72 26 Noah
1032 2768 45 26 left
1089 2768 41 25 the

619 2796 21 40 I
700 2807 60 28 Arlc,
772 2806 72 24 about
862 2804 121 30 half-past
996 2804 31 22 14
1039 2801 91 25 o'clock

591 2840 25 24 in
628 2840 40 24 the
680 2840 119 31 morning,
811 2846 15 17 a
836 2837 102 25 Balloon
951 2843 49 17 was
1012 2836 43 24 cut
1062 2835 69 25 loose

591 2874 60 24 from
663 2873 244 27 Manchester-street,
926 2869 141 31 containing
1081 2871 49 22 two

592 2906 71 25 small
674 2905 248 26 children-twins-one
935 2910 15 16 a
961 2903 46 30 boy
1018 2902 25 24 of
1053 2901 77 30 thirty

591 2940 51 27 six,,
650 2939 47 24 and
710 2939 42 24 the
763 2937 69 26 other
840 2944 11 17 s
863 2936 49 31 girl
922 2935 27 25 of
959 2935 65 30 forty
1032 2934 98 24 winters

625 2972 55 24 The
697 2972 47 30 boy
766 2977 66 18 wore
852 2976 15 17 a
884 2968 62 31 long
966 2966 82 27 South
1070 2965 60 26 Pole

592 3005 70 25 linen
685 3005 95 28 duster,
812 3001 69 26 lined
903 3001 61 26 with
987 3000 144 25 tomatocan

591 3038 87 29 labels,
691 3038 51 24 and
753 3045 15 16 a
780 3043 83 17 cream
874 3034 68 25 color
952 3034 63 30 plug
1025 3033 52 24 hat.

625 3076 54 25 The
690 3076 48 31 girl
754 3082 64 18 wore
829 3081 16 17 a
856 3072 94 32 striped
957 3070 174 33 penetentiary

592 3109 50 25 suit
651 3109 70 29 with,
756 3116 16 16 a
783 3108 67 22 truss
861 3106 28 24 of
895 3105 49 31 hay
952 3105 38 23 for
1009 3111 16 17 a
1037 3102 93 29 bustle,

592 3142 50 25 and
670 3140 96 26 carried
788 3147 15 16 a
829 3139 39 23 La
891 3138 82 23 Tusca
993 3144 48 17 sun
1053 3135 77 25 shade

592 3175 73 24 made
677 3174 64 25 from
760 3171 169 32 cherry-wood
949 3168 131 26 furnished
1096 3168 34 32 by

592 3208 43 24 the
653 3207 48 31 boy
712 3207 56 25 who
780 3212 75 18 never
866 3203 54 26 told
931 3210 16 17 a
957 3202 44 25 fib.

625 3240 56 32 Any
693 3247 47 17 one
759 3237 115 31 learning
893 3236 28 25 of
942 3235 66 26 their
1030 3234 101 32 present

592 3273 77 25 abode
677 3272 52 25 will
740 3271 85 26 confer
836 3278 15 17 a
871 3270 71 31 great
952 3268 71 25 favor
1034 3274 34 18 on
1087 3266 44 25 the

593 3306 120 25 bereaved
723 3305 102 32 parents
834 3302 33 33 by
877 3301 107 33 keeping
995 3300 53 25 still
1055 3299 77 25 about

592 3340 30 24 it.
657 3339 54 24 The
722 3338 86 25 ascent
820 3343 51 18 was
890 3335 74 25 made
975 3334 39 24 for
1022 3333 44 25 the
1073 3339 58 24 pur-

593 3380 59 23 pose
664 3372 27 24 of
699 3372 116 31 painting
826 3377 33 16 on
870 3368 45 25 the
926 3368 85 28 Moon,
1025 3365 106 26 adverti-

594 3405 57 31 sing
659 3405 42 24 the

641 3444 449 37 FURNITUKE

594 3503 68 25 That
672 3502 59 32 they
742 3501 98 31 bought
851 3499 28 25 of
924 3523 3 3 .

599 3558 70 50 H.
701 3550 429 60 ATKINSON,

663 3628 40 21 117
719 3624 207 23 MANCHESTER
944 3622 121 24 STREET,

712 3662 281 32 CHRISTCHURCH.

597 3735 92 38 MR
709 3732 65 41 W.
800 3729 51 41 N.
876 3704 257 65 CATMRO^

639 3801 181 25 BABRISTER
834 3799 68 23 AND
918 3795 175 26 SOLICITOR.

748 3841 233 35 RANGIORA.

595 3897 133 30 Attends
743 3894 123 33 Oxford
880 3902 41 21 on
931 3891 98 31 Court
1036 3889 97 40 Days.

595 3969 168 27 Instructions
771 3968 34 32 by
815 3968 57 30 post
876 3965 59 32 jwill
943 3963 96 26 receive
1050 3969 83 24 prom-

616 4008 8 11 /
761 4007 28 30 pt
818 4003 132 26 attention.

646 4071 45 52 S.
724 4071 49 43 B.
797 4062 306 54 SEYMOTJR,

616 4127 4 2 '
633 4127 3 17 :
795 4132 140 27 DENTIST,
1011 4132 128 29 ....':

638 4179 41 21 215
694 4177 105 22 Colombo
814 4176 82 24 Street,
919 4171 169 24 Christchurch.

767 4243 178 28 CHARGES:^
1020 4250 5 5 -
1040 4250 11 7 -

665 4294 94 26 Filling,
771 4292 42 25 Se;
847 4289 134 22 Extraction
990 4289 25 19 2s
1029 4287 46 21 6dr

601 4375 14 9 ...
624 4358 95 21 Nitrous
728 4352 61 25 Oxid
797 4355 47 21 Gas
853 4351 169 23 Administered
1025 4351 38 21 for
1069 4350 68 20 Pain-

597 4400 46 22 less
653 4396 167 25 Extraetioii-of
827 4394 82 24 Teeth.
924 4404 4 4 •
943 4394 46 22 Fee
987 4388 7 14 v
997 4393 37 21 for

597 4437 110 22 istration
719 4437 31 19 ss.
785 4443 4 4 ■
820 4437 2 6 '
842 4436 7 5 J
882 4439 4 5 .
1003 4435 33 11 ii.,
1056 4440 3 5 ,

89 190 108 27 CHILD
207 187 108 27 BIETH
329 186 95 30 SAFE,
437 185 75 25 AND

141 232 136 27 ALMOST
286 228 172 28 PAINLESS

30 279 96 66 BY
171 277 74 30 using
279 275 49 29 DJ&
373 270 195 28 FAWCETT'S

136 309 131 25 Medicine.

70 353 71 26 MRS
163 349 165 27 BUKEELL
349 348 60 32 begs
431 349 27 24 to
479 346 89 25 inform

32 392 47 24 the
90 390 91 25 Ladies
192 388 56 26 that
256 388 45 25 she
309 387 46 24 has
365 386 63 24 been
435 382 132 33 appointed

32 431 60 25 Sole
111 430 74 31 agent
206 428 29 24 in
257 424 178 28 Christchurch
460 423 38 25 for
524 422 45 25 the

31 469 80 25 above
122 466 124 26 Medicine
256 467 28 23 to
298 463 118 26 facilitate
428 460 140 26 Accouche-

31 510 91 23 ments.
155 505 91 26 Ladies
257 512 47 17 can
325 503 32 25 be
376 500 114 34 supplied
508 500 61 24 -with

32 548 43 24 the
98 547 75 24 above
194 543 33 32 by
252 541 105 32 sending
378 548 30 18 or
428 538 92 32 calling
542 539 27 23 at

32 587 43 24 Mr
97 584 121 26 Burrell's
239 581 182 32 Photographic
442 579 72 32 place
543 578 28 25 of

30 626 126 25 business.
169 623 105 25 Gould's
296 620 139 32 Buildings,
457 618 112 25 Victoria

32 665 92 29 Street,
137 660 181 29 Christchurch,
336 658 83 26 -where
438 656 34 26 all
491 656 77 24 infor-

31 705 98 24 mation
157 710 45 16 can
230 701 31 24 be
288 698 116 26 obtained
431 697 58 26 free,
518 695 51 24 and

31 740 119 33 perfectly
192 738 156 29 satisfactory
378 734 50 25 and
461 733 107 32 genuine

31 777 168 27 testimonials
210 783 48 18 can
268 774 31 25 be
310 780 66 18 seen.

32 820 182 64 rTw.
230 809 337 73 ENGLAND^

30 904 143 39 Timber
187 900 69 41 and
278 898 76 40 Coal
381 894 186 41 Merchant

32 985 161 68 LARGE
213 982 107 27 STOCK
338 981 44 25 OF
393 978 173 29 BUILDING
573 962 2 45 !

207 1013 209 28 MATERIALS.
449 1013 5 4 '

100 1062 34 26 Of
154 1068 71 24 every
257 1057 157 32 description,
447 1053 119 27 seasoned

133 1099 74 32 ready
213 1098 38 24 for
258 1105 52 21 use,
319 1096 90 30 always
416 1102 32 17 on
455 1093 78 24 hand.

68 1145 68 27 Also,
166 1138 153 28 Galvanised
348 1138 69 29 Iron,
446 1135 120 26 Portland

31 1184 107 26 Cement
147 1182 49 25 and
206 1179 124 26 Builders'
343 1178 190 30 Ironmongery.

67 1235 110 30 Country
193 1231 91 26 Orders
307 1229 126 31 Carefully
454 1225 111 28 Selected

198 1271 49 25 and
256 1268 143 27 forwarded.

30 1311 100 25 TUAM
140 1308 142 27 STREET,
294 1302 272 28 CHRISTCHURCH

29 1359 295 97 TMITH
350 1372 59 77 &
434 1371 107 92 CO.,

37 1476 73 25 THE
120 1472 157 27 LEADING
284 1470 119 26 FRAME
413 1467 140 26 MAKERS

28 1515 122 23 COENEE
169 1511 142 23 COLOMBO
331 1510 18 21 &
369 1507 197 23 GLOUCESTEE

84 1545 139 23 STEEETS.
270 1540 240 24 CHEISTCHUECH.

113 1583 53 25 The
174 1582 116 31 cheapest
298 1579 61 31 shop
366 1578 28 25 in
401 1577 86 25 Town.

63 1628 136 30 Importers
211 1625 28 25 of
247 1623 152 30 Mouldings,
417 1621 82 25 Glass.
512 1619 52 24 En-

128 1665 116 33 gravings
266 1663 49 25 and
345 1662 121 25 Pictures.

28 1744 80 45 W.
129 1738 351 49 JOHNSON&
493 1737 72 44 Co

138 1810 57 26 (late
204 1809 87 20 Hamill
301 1808 18 19 &
328 1806 112 24 Johnson)

81 1851 84 21 LAND
180 1850 65 20 AND
253 1847 115 22 ESTATE
382 1845 128 26 AGENTS,

173 1891 26 21 71
209 1888 124 22 Cathedral
341 1888 93 26 Square,

70 1924 453 37 CHRISTCHURCH.

53 1997 50 21 The
112 1997 104 20 Farmers
223 1995 24 20 of
254 1993 91 25 Oxford,
357 1992 57 21 Cast
422 1991 46 20 and
478 1996 88 15 surrou-

26 2035 74 26 nding
110 2033 108 22 Districts
225 2032 50 21 who
284 2031 56 20 wish
349 2031 25 20 to
380 2029 90 26 dispose
477 2027 26 21 of
505 2027 62 21 their

27 2072 73 21 farms
113 2071 48 20 will
169 2070 49 21 find
233 2070 21 20 it
270 2070 25 20 to
314 2067 62 21 their
394 2066 130 25 advantage
541 2065 25 21 to

26 2111 66 26 place
101 2109 63 21 them
173 2108 25 20 in
207 2114 42 14 our
261 2105 82 21 hands.
379 2104 44 20 We
441 2103 66 20 make
524 2102 42 21 the

28 2146 54 20 Sale
96 2145 23 20 of
137 2144 65 21 Land
219 2144 48 21 the,
277 2141 96 25 leading
387 2139 87 22 branch
487 2138 25 21 of
524 2144 43 14 our

28 2182 112 21 Business
150 2180 45 21 and
204 2185 33 15 we
247 2184 67 21 spare
319 2177 91 21 neither
414 2177 57 20 time
477 2175 89 21 trouble

27 2226 44 14 nor
80 2224 98 20 expence
186 2217 26 20 in
216 2215 109 27 bringing
328 2213 108 28 property
442 2211 78 22 before
525 2211 41 21 the

27 2256 76 21 notice
117 2255 24 20 of
150 2254 40 20 the
202 2253 84 27 public.
304 2271 5 7 ,

124 2290 58 21 FOR
196 2288 76 23 SALE
284 2287 43 21 AT
340 2285 120 22 OXFOED

54 2335 21 19 A
84 2334 69 20 Farm
162 2331 25 21 of
194 2331 29 20 40
232 2335 62 16 acres
300 2328 59 27 good
366 2327 55 21 land
429 2326 52 21 well
484 2325 82 21 fenced

25 2372 49 20 and
84 2368 141 24 subdivided,
234 2366 54 22 Two
298 2365 108 26 dwelling
423 2363 83 21 houses
519 2361 47 21 and

25 2408 43 21 out
76 2406 124 26 buildings,
235 2404 66 20 Price
314 2402 54 26 only
376 2401 61 21 £500
451 2406 46 20 any
505 2404 59 16 reas-

26 2445 82 22 onable
117 2445 71 20 terms
197 2442 77 27 given.

55 2493 48 21 Our
113 2492 50 20 List
178 2490 24 21 of
213 2490 81 21 Farms
302 2488 38 21 for
348 2487 51 21 Sale
414 2486 52 21 sent
474 2485 49 20 free
536 2490 30 14 on

26 2530 147 26 application.

29 2604 28 35 C
85 2584 479 67 MANNINGgffOIKPAiIY

29 2623 109 61 O.IU
315 2627 61 49 iv

227 2683 138 24 LIMITED.

53 2742 271 30 CHRISTCHURCH
345 2737 184 28 BREWERY.

258 2803 62 20 THE

175 2841 227 37 .a.:ljes

159 2886 131 23 BREWED
300 2885 40 21 BY
354 2884 72 22 THIS

216 2991 84 22 FROM
309 2991 62 21 THE

25 3035 223 44 OttOJOEST
265 3029 268 45 Mi*tT*ttOf
538 3029 23 37 8

141 3087 46 20 Are
196 3083 175 26 acknowledged
379 3084 25 19 to
412 3083 29 19 be

24 3127 149 21 SUPERIOR
183 3125 35 20 IN
229 3122 136 25 QUALITY
374 3121 39 20 TO
420 3120 65 20 ANY
491 3118 73 21 PRO-

92 3156 101 20 DUCED
207 3155 35 19 IN
256 3153 74 21 NEW
345 3151 149 21 ZEALAND.

51 3193 110 27 Supplied
166 3194 25 20 to
194 3191 81 21 Hotels
282 3191 46 21 and
335 3189 93 21 Private
434 3188 130 20 Customers

23 3222 25 20 in
58 3220 143 27 Hogsheads,
211 3219 100 23 Barrels,
322 3216 140 24 Kilderkins,
472 3214 45 21 and
528 3215 36 19 10-

24 3249 88 25 --gallons
123 3248 63 25 Kegs
196 3246 60 26 only.

27 3299 118 43 FAIE
167 3297 91 42 ALE
282 3296 95 42 AND
406 3292 159 43 EXTRA

220 3348 133 43 STOUT

123 3402 93 22 Bottled
225 3401 25 21 in
260 3400 85 26 Quarts
355 3399 47 21 and
409 3398 73 21 Pints.

180 3499 230 45 DRINK

67 3569 180 39 HYSLOP'
263 3568 121 38 PURE
405 3567 101 38 TEA.

32 3636 64 28 The
111 3635 91 29 finest
216 3635 53 28 the
283 3633 105 29 World
405 3632 157 38 produces.

34 3688 75 31 Sold
119 3687 44 40 by
192 3685 50 31 Mr
256 3685 35 30 F.
308 3685 38 30 A.
375 3683 189 36 Waterman,

75 3733 79 29 East
165 3730 128 35 Oxford.

32 3784 52 29 Mr
103 3785 39 34 R,
157 3783 118 34 Fisher,
292 3781 90 29 West
394 3779 132 31 Oxford.

34 3832 49 30 Mr
99 3833 36 29 E.
151 3831 50 30 W.
231 3829 128 42 Cooper,
389 3826 87 38 Cust,
506 3826 62 31 and

76 3890 93 29 many
188 3880 108 28 others.

33 3951 136 46 GEO.
192 3950 44 45 S.
255 3945 310 52 HICKMAN.

183 4044 68 25 Cobn
263 4043 146 24 Exchange.

256 4106 277 30 CHRISTCHURCH.

67 4195 80 29 Land,
160 4195 96 28 Estate,
292 4194 86 23 House
386 4192 50 24 and
460 4190 109 26 General

37 4238 165 27 Commission
235 4237 89 32 Agent.
387 4233 113 27 LOANS
535 4240 33 18 on

38 4281 122 27 Freehold
173 4280 111 31 Security
303 4278 151 33 negotiated.
500 4276 69 25 ALL

39 4325 111 26 business
162 4322 127 26 entrusted
300 4323 26 24 to
347 4328 118 25 mjucare
475 4320 53 25 -will
537 4319 33 25 be

39 4367 135 28 conducted
185 4366 61 27 with
257 4366 43 26 the
312 4365 94 26 utmost
417 4364 95 31 fidelity

40 4410 119 34 dispatch.
522 4421 4 5 ■
