2590 4039
137 2236 171 23 SHIPPING
327 2232 275 26 INTELLIGENCE.

299 2292 143 22 ARRIVED.

105 2328 76 21 March
192 2328 21 23 6,
223 2327 103 20 schooner
335 2326 63 24 Kate,
408 2325 35 25 62,
455 2324 140 23 Macfarlane,
612 2323 54 20 from

76 2356 39 20 the
125 2356 44 24 Bay
179 2355 24 20 of
216 2354 90 21 Islands.

322 2410 115 19 SAILED.

107 2446 76 20 March
200 2445 21 24 6,
232 2444 103 21 schooner
353 2443 66 20 Three
435 2442 111 23 Brothers,
568 2441 27 20 32
611 2443 58 21 tons,

80 2473 103 23 Jackson,
193 2472 35 21 for
238 2471 51 21 Port
301 2470 90 27 Cooper.

109 2500 77 21 March
196 2500 20 23 7,
233 2499 102 20 schooner
345 2498 70 25 Betsy,
433 2497 26 20 27
470 2498 57 22 tons,
543 2495 127 24 M'Donald,

79 2528 36 21 for
125 2528 91 20 Akaioa.
452 2531 25 13 vv

109 2555 84 24 March,
204 2554 22 24 8,
236 2555 68 18 cutter
324 2552 79 25 Lively,
423 2551 27 20 32
470 2552 57 23 tons,
542 2549 84 25 Pearce,
638 2549 32 20 for

82 2582 90 20 Kelson.

308 2630 35 21 IN
358 2629 86 22 PORT.

112 2659 111 22 Schooner
249 2658 63 25 Erin,
338 2658 27 20 25
390 2660 59 17 tons.
478 2655 124 27 Repairing.

113 2687 110 20 Schooner
230 2686 76 20 Nelson
315 2685 85 25 Packet,
407 2684 27 20 20
440 2686 57 21 tons,
506 2683 61 21 Cole.
595 2682 78 27 Agent,

85 2714 101 26 Captain.

115 2742 109 20 Schooner
235 2738 111 22 Susannah
357 2739 54 23 Ann,
423 2738 34 25 79,
471 2738 86 20 Brown.
586 2737 88 26 Agents,

87 2768 85 22 Samuel
181 2768 43 20 and
234 2766 89 26 Joseph.

116 2796 108 20 Schooner
233 2794 82 26 Emma,
327 2794 26 19 14
365 2795 55 22 tons,
431 2792 139 21 Greenwood.
598 2791 76 26 Agent,

88 2824 82 18 Master

116 2850 108 21 Schooner
234 2849 156 23 Perseverance,
398 2847 26 20 15
435 2849 55 22 tons,
498 2845 93 22 Tuawai.
619 2845 56 27 Cap-

87 2878 53 24 tain,
151 2877 79 25 Agent.

120 2904 124 26 Brigantine
265 2904 110 23 Governor,
401 2901 40 21 147
460 2903 57 22 tons,
536 2899 141 22 Williamson.

90 2931 101 21 Boulcott
199 2931 42 20 and
252 2930 47 24 Co.,
309 2930 77 25 Agent.

118 2958 124 26 Brigantine
261 2958 86 22 Sisters,
366 2956 38 21 130
421 2957 59 22 tons,
500 2954 85 21 Clarke.
612 2954 67 20 Waitt

90 2985 43 21 and
143 2985 73 26 Tyser,
227 2985 88 25 Agents.

121 3013 108 19 Schooner
246 3010 145 27 Sh'pherdest,
408 3010 35 24 32,
454 3009 120 21 Anderson.
602 3008 77 26 Agent,

90 3039 108 20 Schultze.

122 3067 108 21 Schooner
244 3066 63 24 Kate,
326 3065 27 20 62
367 3066 56 22 tons,
438 3063 138 21 Macfarlane.
605 3062 74 26 Eagar,

92 3095 77 25 Agent.

1339 2186 25 23 A
1380 2184 100 29 meeting
1500 2182 25 24 of
1546 2180 39 24 the
1606 2179 57 24 New
1682 2176 101 25 Zealand
1804 2175 91 30 Society

1308 2219 53 24 took
1374 2218 63 31 place
1449 2223 31 17 on
1501 2215 38 24 the
1559 2213 44 24 4th
1621 2211 108 28 October,
1743 2215 22 18 to
1785 2209 52 23 take
1848 2209 48 22 into

1308 2251 164 25 consideration
1483 2248 39 24 the
1534 2248 51 22 best
1606 2252 77 17 means
1700 2244 24 23 of
1741 2243 84 30 urging
1835 2249 62 23 upon

1308 2286 37 23 the
1359 2284 156 23 Government
1527 2280 44 25 and
1583 2279 38 23 the
1632 2277 77 40 public
1720 2276 40 24 the
1772 2275 125 30 advantage

1308 2319 43 23 and
1362 2316 165 33 practicability
1539 2313 25 24 of
1573 2312 99 31 opening
1683 2319 13 14 a
1708 2308 190 25 communication

1308 2352 99 23 between
1419 2350 39 23 the
1468 2347 104 25 Atlantic
1593 2344 45 24 and
1656 2343 87 25 Pacific
1755 2342 99 28 Oceans,
1867 2341 30 30 by

1309 2393 14 15 a
1334 2383 63 25 canal
1408 2389 76 17 across
1496 2380 38 24 the
1546 2378 105 25 Isthmus
1660 2376 25 24 of
1694 2376 112 24 Panama.
1842 2374 25 23 It
1878 2374 20 22 is

1310 2416 111 32 supposed
1438 2415 50 24 that
1500 2413 69 23 about
1580 2411 159 28 £1,000,000
1752 2407 73 24 would
1837 2414 62 16 com-

1309 2451 60 32 plete
1379 2450 38 23 the
1435 2446 71 25 work.
1543 2444 52 25 The
1615 2442 89 32 subject
1724 2448 96 24 appears
1837 2444 22 19 to
1870 2439 30 23 be

1311 2492 29 15 an
1352 2483 73 31 object
1436 2481 25 24 of
1477 2481 96 22 interest
1591 2476 56 24 with
1663 2474 89 25 several
1770 2474 90 23 nations
1877 2476 24 19 at

1312 2520 98 29 present,
1419 2514 45 24 and
1548 2512 21 23 is
1579 2516 64 17 some
1651 2508 89 37 hopa^t
1747 2514 51 23 may
1807 2506 93 23 become

1313 2558 13 15 a
1343 2549 61 24 bond
1424 2548 24 23 of
1463 2546 71 24 union
1551 2544 104 24 between
1674 2541 98 27 France,
1784 2538 116 32 England,

1313 2583 44 23 and
1368 2580 114 28 America,
1496 2579 28 30 by
1543 2577 61 24 their
1616 2575 89 29 uniting
1716 2578 24 19 to
1752 2572 99 32 perform
1862 2571 39 23 the

1315 2616 58 28 task,
1386 2614 44 25 and
1449 2611 110 32 agreeing
1578 2609 51 23 that
1640 2607 72 24 under
1729 2613 70 23 every
1809 2609 58 19 state
1879 2604 26 23 of

1315 2649 76 30 things
1409 2648 18 22 it
1444 2644 60 26 shall
1525 2644 28 23 be
1573 2639 139 27 maintained
1730 2647 26 16 as
1778 2646 14 15 a
1813 2637 90 24 neutral

1315 2681 97 33 ground.

1348 2714 52 24 The
1412 2711 99 26 Zealand
1524 2710 92 30 Society
1628 2707 59 24 show
1709 2713 68 23 every
1789 2706 72 23 desire
1881 2708 23 19 to

1316 2749 27 24 be
1355 2746 82 29 useful,
1449 2745 44 24 and
1504 2744 20 24 it
1534 2744 21 22 is
1573 2741 90 25 evident
1674 2740 50 24 that
1741 2740 19 23 it
1771 2738 46 24 will
1828 2738 27 23 be
1867 2737 38 24 the

1317 2781 57 24 fault
1379 2780 26 24 of
1412 2779 37 24 the
1457 2777 109 25 colonists
1574 2775 21 24 if
1604 2775 54 31 they
1666 2773 40 24 fail
1711 2773 24 23 in
1743 2772 70 30 being
1823 2771 83 32 practi-

1318 2814 58 31 cally
1395 2821 34 16 so.
1465 2811 68 30 They
1550 2808 84 24 should
1646 2808 26 23 be
1684 2804 106 34 supplied
1801 2804 54 23 with
1867 2803 38 24 the

1319 2851 59 21 most
1384 2847 86 24 minute
1476 2842 147 25 information
1628 2848 59 24 upon
1694 2839 31 24 all
1730 2838 101 31 subjects
1839 2837 24 23 of
1869 2838 38 22 in-

1320 2884 68 21 terest
1395 2880 24 23 in
1428 2878 46 24 this
1482 2880 103 26 country,
1597 2874 25 24 of
1632 2873 72 24 which
1713 2872 39 23 the
1762 2871 91 30 Society
1865 2876 42 17 can

1320 2913 52 24 take
1385 2912 137 30 cognizance
1533 2909 54 23 with
1606 2907 125 30 advantage
1743 2909 23 19 to
1779 2904 56 24 New
1848 2902 59 24 Zea-

1319 2946 61 25 land.
1411 2945 69 23 Some
1492 2945 160 27 arrangement
1663 2938 83 25 should
1755 2937 30 24 be
1797 2936 64 24 made
1873 2935 36 23 for

1320 2980 84 30 calling
1414 2986 14 15 a
1439 2977 101 29 meeting
1552 2979 22 19 to
1593 2973 94 32 appoint
1697 2980 15 15 a
1729 2970 105 29 working
1846 2976 63 16 com-

1320 3013 77 23 mittee
1409 3016 22 18 to
1443 3008 137 32 correspond
1598 3006 56 24 with
1672 3005 38 24 the
1727 3004 101 30 Society,
1841 3001 43 24 and
1896 3009 13 15 a

1322 3046 118 29 Secretary
1451 3043 52 24 who
1522 3042 41 23 has
1583 3039 143 32 experience,
1738 3036 113 29 industry,
1864 3034 45 24 and

1321 3078 78 31 ability
1411 3083 21 18 to
1444 3076 35 25 fill
1499 3075 38 24 the
1555 3073 66 24 office
1640 3070 125 30 creditably
1776 3074 23 18 to
1820 3067 89 25 himself

1322 3111 44 25 and
1378 3109 97 30 usefully
1486 3113 24 20 to
1522 3107 38 24 the
1573 3106 89 30 colony.

268 3149 121 20 CUSTOM
405 3147 108 22 HOUSE.

1454 3171 117 25 CHEAP
1590 3166 184 28 PASSAGES.

1927 580 43 24 We
1981 588 39 16 are
2027 579 77 32 happy
2112 583 23 19 to
2143 578 47 24 find
2200 578 31 30 by
2241 577 36 23 the
2285 576 116 29 following
2411 578 67 20 state-

1896 618 79 24 ments,
1988 612 118 25 furnished
2117 619 28 16 us
2157 611 30 30 by
2200 618 13 15 a
2231 609 74 24 friend
2316 609 48 23 who
2377 607 102 25 obtained

1896 647 59 24 them
1967 645 59 25 from
2037 645 40 23 the
2088 644 95 24 London
2195 642 82 29 Times,
2290 642 48 23 that
2353 641 58 24 New
2423 640 56 24 Zea-

1896 680 52 24 land
1966 679 61 24 Flax
2047 679 20 22 is
2088 677 121 30 attracting
2227 676 110 23 attention
2359 678 24 19 at
2400 673 79 29 home;

1896 713 44 24 and
1952 712 36 24 the
2001 712 128 31 shipments
2148 709 76 24 which
2242 708 57 23 have
2313 706 101 31 recently
2425 706 55 24 been

1896 746 73 28 made,
1981 745 46 23 will
2040 745 63 27 have,
2117 751 32 15 we
2171 743 57 22 have
2248 749 29 15 no
2289 740 77 29 doubt,
2380 747 14 15 a
2404 738 77 31 highly

1898 778 116 24 beneficial
2033 778 68 22 effect
2118 777 24 22 in
2162 775 39 24 the
2220 781 47 24 way
2288 774 25 23 of
2334 772 95 30 making
2446 772 36 23 the

1898 811 89 30 subject
1998 809 133 25 considered
2142 809 24 23 of
2181 807 101 25 national
2298 808 138 29 importance
2444 812 7 16 :
2451 817 33 5 —

1959 849 52 24 The
2030 847 104 32 quantity
2147 847 24 23 of
2188 846 60 24 New
2265 844 101 24 Zealand
2386 843 58 24 Flax
2461 844 23 22 in

1900 882 96 24 London
2016 882 99 23 consists
2135 880 25 24 of
2178 879 53 31 only
2243 887 13 14 a
2273 879 43 22 few
2334 882 60 23 tons,
2406 876 44 23 and
2468 877 16 22 it

1900 916 74 30 might
1983 915 28 23 be
2024 913 126 33 purchased
2162 917 23 19 at
2197 913 54 23 £20
2263 919 41 24 per
2316 915 46 19 ton.
2400 909 13 23 I
2430 909 54 23 have

1899 948 50 31 just
1965 947 104 24 received
2088 955 13 15 a
2122 946 65 23 letter
2207 945 58 24 from
2283 943 149 31 Wellington,
2451 942 33 23 in-

1901 982 98 29 forming
2016 988 38 16 me
2075 979 49 24 that
2136 988 14 14 a
2168 986 69 23 cargo
2256 976 75 24 would
2348 976 28 23 be
2398 979 51 20 sent
2464 979 20 19 to

1903 1014 107 31 England
2021 1014 25 23 iv
2059 1021 13 16 a
2083 1013 43 22 few
2147 1011 99 28 months,
2258 1018 25 15 as
2298 1009 89 24 several
2403 1008 83 31 parties

1903 1055 56 16 were
1971 1046 105 32 engaged
2087 1046 25 22 in
2122 1044 140 33 purchasing
2274 1043 38 23 the
2322 1042 48 24 flax
2381 1042 58 23 from
2450 1040 35 24 the

1905 1082 92 27 natives,
2011 1080 45 23 and
2069 1079 38 23 the
2119 1082 49 20 cost
2179 1077 74 24 would
2264 1077 29 23 be
2304 1076 69 23 about
2385 1075 54 24 £14
2449 1081 38 24 per

1905 1119 39 19 ton
1954 1118 23 19 at
1989 1113 149 30 Wellington,
2152 1119 25 15 so
2196 1110 50 24 that
2257 1110 18 23 it
2288 1108 45 25 will
2343 1108 29 23 be
2384 1107 103 31 impossi-

1905 1147 36 24 ble
1953 1151 21 19 to
1985 1146 85 23 deliver
2078 1146 20 23 it
2108 1146 23 22 in
2141 1144 98 24 London
2248 1147 22 20 to
2280 1150 43 24 pay
2331 1141 38 24 the
2379 1141 108 30 shippers,

1905 1181 35 23 for
1950 1181 19 22 it
1980 1179 46 24 will
2044 1180 29 22 be
2086 1179 61 31 quite
2166 1186 15 15 a
2191 1177 59 30 drug
2268 1177 25 22 in
2312 1175 38 24 the
2362 1173 89 25 market
2468 1178 21 19 at

1905 1214 54 23 £20
1978 1220 40 24 per
2037 1217 49 19 ton.
2122 1211 73 31 Many
2208 1217 94 24 persons
2314 1216 54 23 very
2379 1206 110 30 naturally

1907 1254 47 23 say,
1967 1247 20 23 if
1997 1246 58 23 New
2067 1244 102 24 Zealand
2187 1243 61 24 Flax
2259 1250 42 16 can
2319 1242 28 23 be
2366 1239 123 33 purchased

1907 1280 34 23 for
1953 1280 53 23 £20
2018 1286 42 24 per
2072 1283 47 23 ton,
2132 1277 45 24 and
2188 1277 38 23 the
2243 1275 74 24 Baltic
2328 1275 69 30 hemp
2408 1273 20 23 is
2439 1272 50 24 £28

1908 1317 23 19 to
1942 1313 62 28 £30,
2018 1312 18 23 it
2048 1317 63 18 must
2121 1311 29 23 be
2169 1317 28 17 an
2211 1309 124 30 advantage
2355 1312 24 19 to
2398 1313 41 16 use
2455 1305 35 24 the

1910 1346 95 31 cheaper
2025 1344 79 24 article
2114 1353 6 20 ;
2140 1343 48 29 but,
2202 1350 25 16 as
2239 1350 13 16 a
2268 1340 108 33 practical
2393 1339 44 23 and
2453 1346 38 16 ex-

1909 1378 119 31 perienced
2039 1377 178 28 manufacturer,
2230 1375 14 24 I
2256 1382 40 24 say
2307 1375 19 22 it
2343 1374 20 23 is
2375 1381 15 15 a
2406 1376 85 27 greater

1910 1412 124 30 advantage
2058 1414 23 20 to
2102 1418 41 16 use
2165 1409 39 24 the
2223 1408 75 24 Baltic
2318 1407 69 30 hemp
2406 1413 25 16 or
2448 1404 44 24 flax

1910 1453 56 15 even
1977 1449 24 19 at
2012 1452 15 15 a
2037 1448 90 27 greater
2139 1447 55 25 cost,
2203 1442 36 23 for
2250 1442 45 23 this
2307 1447 81 17 reason
2397 1447 6 16 :
2404 1450 33 4 —
2437 1437 54 30 first,

1910 1479 63 22 there
1991 1478 22 23 is
2033 1481 91 26 greater
2143 1475 47 24 loss
2211 1475 25 23 in
2256 1472 183 30 manufacturing
2458 1470 35 24 the

1911 1512 56 23 New
1979 1510 103 24 Zealand
2091 1509 59 24 Flax
2161 1509 55 23 than
2225 1508 38 23 the
2274 1507 88 27 Baltic;
2382 1504 111 30 secondly,

1912 1545 62 24 there
1994 1545 20 22 is
2033 1542 70 25 much
2124 1546 89 27 greater
2232 1548 98 24 expense
2350 1540 25 22 in
2388 1537 106 30 dressing,

1912 1578 116 31 spinning,
2053 1576 45 23 and
2121 1576 103 29 weaving
2246 1574 38 23 the
2314 1573 57 23 New
2400 1570 96 24 Zealand

1913 1611 60 23 Flax
1983 1619 6 21 ;
2009 1609 45 24 and
2067 1609 66 23 when
2143 1608 38 24 the
2197 1605 172 26 manufactured
2382 1604 68 31 goods
2462 1611 34 16 are

1914 1643 83 24 offered
2014 1642 37 24 for
2069 1642 55 28 sale,
2143 1641 55 31 they
2216 1641 57 23 have
2293 1643 40 20 not
2353 1646 26 15 so
2397 1637 57 31 good
2470 1644 27 15 an

1914 1683 148 25 appearance,
2075 1674 108 31 although
2204 1674 14 24 I
2239 1674 43 22 will
2302 1672 70 24 admit
2385 1670 38 24 the
2442 1669 54 24 New

1915 1708 101 26 Zealand
2036 1709 22 23 is
2077 1708 37 23 the
2133 1712 122 25 strongest,
2270 1707 40 22 but
2321 1710 23 19 at
2355 1705 39 23 the
2411 1707 86 27 present

1916 1743 42 31 day
1977 1748 140 26 appearance
2135 1741 21 23 is
2176 1740 39 24 the
2234 1740 64 23 order
2310 1738 25 24 of
2350 1737 39 24 the
2401 1736 49 31 day,
2462 1740 35 19 not

1917 1776 104 31 strength
2031 1784 6 20 ;
2061 1775 36 23 for
2114 1775 111 27 instance,
2246 1773 23 23 in
2288 1772 31 23 all
2338 1771 39 24 the
2398 1769 99 24 Govern-

1917 1813 63 19 ment
1991 1809 44 23 and
2046 1808 62 23 East
2119 1807 68 24 India
2204 1809 121 24 contracts,
2338 1804 55 29 they
2403 1802 94 31 particu-

1918 1842 56 31 larly
1987 1846 59 19 state
2058 1841 38 23 the
2108 1848 96 15 canvass
2215 1843 62 20 must
2286 1839 29 23 be
2326 1837 66 25 made
2408 1835 90 30 entirely

1919 1875 25 25 of
1952 1876 46 23 flax
2007 1884 6 20 ;
2033 1874 67 24 when
2121 1874 64 23 lam
2204 1872 110 32 prepared
2326 1875 24 20 to
2367 1877 75 25 prove,
2455 1868 45 23 that

1919 1908 19 24 if
1956 1908 53 31 they
2020 1907 76 24 would
2108 1907 53 31 only
2173 1907 29 22 he
2220 1904 126 33 persuaded
2360 1908 23 19 to
2395 1910 39 16 use
2444 1901 56 31 good

1919 1942 97 31 hempen
2037 1948 103 21 canvass,
2158 1940 38 23 the
2217 1939 82 30 saving
2317 1942 23 19 to
2350 1936 56 24 both
2422 1935 78 32 parties

1921 1975 71 22 would
2004 1975 28 22 be
2046 1973 125 24 thousands
2190 1980 42 22 per
2249 1979 85 15 annum
2354 1970 25 22 in
2399 1969 38 23 the
2446 1975 55 16 wear

1921 2007 43 22 and
1976 2011 48 18 tear
2032 2015 7 19 ;
2060 2006 44 23 and
2122 2005 13 22 I
2148 2004 86 23 believe
2245 2004 63 22 often
2320 2002 37 23 the
2376 2001 72 29 safety
2460 2001 23 22 of
2491 2008 12 14 a

1922 2039 79 28 vessel,
2015 2038 75 24 which
2103 2037 100 31 depends
2215 2035 88 32 greatly
2315 2043 29 15 on
2355 2034 39 24 the
2406 2040 97 20 canvass,

1922 2072 73 30 might
2006 2072 29 23 be
2047 2070 80 32 placed
2138 2071 23 22 in
2174 2078 13 15 a
2199 2070 60 23 safer
2269 2069 107 31 position.
2413 2066 59 24 Such
2486 2066 17 22 is

1924 2105 36 24 the
1972 2105 117 31 prejudice
2101 2105 24 22 in
2137 2104 79 23 favour
2228 2102 26 24 of
2261 2102 55 24 flax.

1984 2138 67 28 Now,
2063 2138 20 23 if
2102 2136 156 24 Government
2277 2134 74 25 would
2370 2138 41 26 put
2429 2141 12 15 a
2452 2132 50 29 duty

1924 2179 28 17 on
1964 2171 76 24 Baltic
2061 2170 67 29 Flax,
2141 2177 40 23 say
2193 2169 55 24 £10
2260 2176 40 23 per
2310 2172 47 24 ton,
2371 2166 13 24 I
2402 2166 46 23 will
2465 2165 36 23 ad-

1924 2205 41 24 mit
1976 2204 50 24 that
2037 2211 56 17 even
2105 2203 55 24 with
2180 2202 38 24 the
2239 2201 128 24 difficulties
2387 2200 24 23 cf
2428 2206 74 16 manu-

1925 2238 114 31 facturing
2050 2237 58 24 New
2117 2236 101 24 Zealand
2226 2235 67 28 Flax,
2303 2236 19 22 it
2333 2232 73 32 might
2416 2232 27 23 be
2452 2230 50 25 used

1927 2276 22 19 to
1960 2279 14 16 a
1984 2275 65 27 great
2067 2274 79 20 extent
2162 2270 25 23 in
2204 2269 46 24 this
2269 2271 95 27 country
2373 2276 7 19 ;
2399 2272 55 17 even
2470 2264 33 24 the

1927 2304 159 31 consumption
2108 2303 27 23 of
2152 2302 96 31 cordage
2270 2302 45 22 and
2335 2305 67 26 ropes
2419 2299 34 23 for
2469 2297 35 24 her

1929 2337 121 31 Majesty's
2061 2344 59 24 navy
2138 2335 73 24 would
2228 2336 28 22 be
2268 2335 50 23 able
2330 2338 23 19 to
2369 2332 54 24 take
2434 2330 72 31 nearly

1929 2373 65 22 3000
2006 2375 54 19 tons
2079 2378 41 23 per
2131 2376 94 21 annum,
2244 2368 23 23 in
2286 2367 101 24 addition
2406 2370 23 18 to
2440 2363 65 24 which

1929 2404 37 23 the
1977 2404 56 30 duty
2051 2403 74 24 would
2141 2406 89 28 protect
2242 2401 37 24 the
2299 2399 88 32 growth
2399 2398 25 24 of
2431 2397 44 24 flax
2485 2397 20 22 in

1929 2436 99 28 Ireland,
2056 2444 14 16 a
2099 2440 95 26 country
2221 2434 93 31 capable
2342 2433 26 23 of
2394 2430 113 32 supplying

1929 2469 110 31 England
2060 2469 54 24 with
2131 2469 39 23 the
2190 2468 72 23 whole
2282 2467 26 23 of
2325 2467 50 23 that
2394 2465 113 30 important

1929 2503 85 23 article.
2052 2502 58 24 This
2123 2501 74 24 would
2216 2505 40 19 not
2270 2500 54 31 only
2335 2498 48 25 find
2399 2501 63 27 great
2472 2503 34 16 en-

1930 2539 161 27 couragement
2107 2539 22 19 to
2141 2535 39 22 the
2192 2533 63 24 Irish
2267 2531 195 33 agriculturalists,
2472 2529 35 23 but

1931 2568 72 24 would
2027 2576 59 17 even
2114 2574 127 23 encourage
2268 2567 39 22 the
2336 2564 133 25 cultivation
2488 2561 21 23 of

1932 2602 124 23 thousands
2068 2602 25 23 of
2109 2608 63 17 acres
2184 2600 26 24 of
2225 2599 54 25 land
2291 2597 124 25 calculated
2426 2597 33 23 for
2475 2595 32 23 the

1932 2636 85 31 growth
2030 2635 26 24 of
2065 2635 47 23 flax
2123 2633 45 25 and
2179 2633 67 31 hemp
2258 2636 23 20 at
2293 2640 14 15 a
2317 2631 87 31 trifling

1991 2674 38 31 By
2041 2673 39 24 the
2091 2677 90 20 returns
2193 2672 18 23 it
2223 2672 20 22 is
2255 2670 69 24 found
2344 2669 50 24 that
2404 2668 37 23 the
2453 2673 56 18 aver-

1933 2716 41 22 age
1985 2707 67 24 value
2070 2707 26 24 of
2109 2706 48 24 flax
2175 2704 111 32 imported
2307 2704 47 22 into
2374 2702 39 24 the
2431 2698 78 26 United

1934 2741 120 30 Kingdom
2066 2739 95 25 exceeds
2180 2738 56 25 £40
2248 2745 40 24 per
2303 2740 46 25 ton,
2362 2735 39 24 the
2418 2733 92 33 quantity

1934 2773 125 25 consumed
2070 2774 24 23 in
2112 2773 73 23 Great
2203 2771 90 24 Britain
2309 2770 20 23 is
2350 2769 68 23 about
2429 2767 81 29 70,000

1935 2812 50 19 tons
1997 2806 118 31 annually.
2150 2805 47 24 For
2219 2804 45 23 this
2285 2802 82 32 supply
2379 2808 32 16 we
2429 2808 36 16 are
2475 2799 34 22 de-

1935 2840 99 32 pendant
2053 2847 29 16 on
2106 2839 95 27 Russia,
2223 2837 102 28 Prussia,
2346 2834 45 24 and
2410 2831 99 26 Holland.

1936 2874 59 23 Flax
2005 2874 20 23 it
2034 2873 22 24 is
2068 2872 147 24 well-known
2232 2871 21 22 is
2270 2869 135 31 indigenous
2424 2867 23 23 in
2463 2864 47 24 New

1936 2906 108 28 Zealand,
2057 2914 13 15 a
2090 2909 95 25 country
2205 2902 73 24 which
2299 2901 121 29 according
2430 2904 21 19 to
2469 2896 40 25 Mr.

1936 2939 31 24 A.
1983 2939 100 31 Rogers,
2102 2937 45 24 late
2166 2935 90 25 Sheriff
2276 2935 26 23 of
2323 2933 105 28 London,
2445 2933 20 22 is
2479 2937 30 17 re-

1936 2972 118 24 markable
2065 2971 35 24 for
2111 2971 39 23 the
2161 2970 99 24 fineness
2272 2968 26 24 of
2312 2968 29 23 its
2352 2967 55 24 flax.
2441 2965 13 24 I
2465 2963 47 24 hay»

1938 3014 28 15 no
1977 3005 137 31 knowledge
2131 3003 26 24 of
2173 3003 38 24 the
2232 3006 49 20 cost
2300 3001 24 24 of
2338 2999 124 32 producing
2475 2994 35 25 and

1938 3039 123 32 preparing
2080 3038 46 24 this
2146 3036 79 24 article
2244 3036 23 22 in
2288 3034 56 24 New
2362 3031 105 28 Zealand,
2484 3028 27 23 for

1938 3072 115 31 shipment
2065 3075 23 20 to
2100 3069 116 32 England.
2251 3067 77 25 These
2348 3071 108 26 expenses
2468 3068 43 17 can-

1939 3110 39 19 not
1997 3105 113 28 however,
2137 3103 13 23 I
2175 3100 137 34 apprehend,
2333 3098 88 32 greatly
2439 3093 71 28 exceed

1940 3138 62 24 those
2021 3137 28 24 of
2070 3137 37 24 the
2128 3143 62 16 same
2211 3134 135 31 description
2366 3132 26 24 of
2405 3132 45 23 flax
2469 3134 41 25 pro-

1940 3172 71 23 duced
2022 3171 26 23 in
2068 3169 76 29 India,
2157 3168 45 24 and
2222 3168 20 23 it
2260 3167 21 24 is
2300 3165 78 24 within
2396 3172 37 23 my
2442 3163 67 23 know-

1940 3205 64 31 ledge
2016 3204 51 23 that
2077 3201 106 33 upwards
2195 3200 26 24 of
2235 3202 49 22 200
2296 3206 40 25 per
2348 3202 60 20 cent,
2420 3203 42 17 was
2470 3199 39 18 rea-

1941 3238 58 24 lized
2010 3245 31 15 on
2061 3245 14 15 a
2095 3235 66 25 small
2180 3235 139 23 investment
2336 3232 26 23 of
2375 3231 47 24 flax
2431 3225 79 33 shipped

1940 3271 59 24 from
2011 3269 90 32 Beugal
2112 3269 68 24 about
2192 3272 44 19 two
2248 3273 66 24 years
2325 3265 70 23 since.
2429 3262 31 24 At
2470 3264 40 26 pre-

1941 3309 58 28 sent,
2012 3304 14 24 I
2037 3304 95 27 believe,
2145 3301 38 24 the
2202 3299 98 25 demand
2310 3297 94 25 exceeds
2416 3295 35 24 the
2463 3292 47 24 ordi-

1943 3346 55 23 nary
2010 3337 92 31 supply,
2112 3335 73 23 which
2195 3333 55 25 does
2260 3337 39 19 not
2306 3337 82 26 appear
2399 3333 23 19 to
2433 3328 79 24 average

1942 3379 62 16 more
2016 3371 56 23 than
2083 3370 93 28 63,302
2188 3372 53 19 tons
2259 3373 41 25 per
2319 3370 125 18 annum.—
2444 3358 67 25 Times,

1946 3403 97 24 October
2055 3403 24 29 2,
2093 3403 74 23 1843.
2478 3423 5 5 .

2002 3436 68 24 Your
2082 3432 176 34 correspondent
2273 3438 53 24 says
2336 3431 19 23 it
2375 3428 45 24 will
2436 3428 26 22 be
2477 3428 33 17 im-

1944 3470 101 30 possible
2056 3473 23 19 to
2091 3469 84 30 import
2185 3466 59 24 New
2256 3462 101 26 Zealand
2369 3461 58 25 Flax
2444 3462 21 19 to
2475 3459 35 27 pay

1945 3504 38 24 the
2004 3503 115 30 shippers,
2138 3507 24 16 as
2180 3499 19 23 it
2220 3496 73 25 would
2313 3496 28 23 be
2361 3503 14 15 a
2389 3493 54 29 drug
2453 3497 20 16 in
2483 3490 29 19 tw

1947 3536 88 24 market
2048 3539 24 20 at
2082 3535 55 23 £20
2148 3539 40 24 per
2202 3535 47 19 ton.
2295 3528 66 29 Now,
2373 3528 25 22 in
2408 3527 78 22 answer
2496 3523 16 18 »

1947 3570 37 23 the
2007 3567 120 27 assertion,
2150 3565 14 23 I
2187 3562 75 25 would
2289 3561 100 27 remark,
2416 3559 46 22 that
2485 3559 29 16 uw

1948 3603 91 31 opinion
2051 3601 21 22 is
2083 3596 97 26 founded
2193 3603 31 16 on
2235 3595 39 24 the
2284 3599 78 25 strong
2372 3591 44 25 and
2434 3589 80 32 perhaps

1948 3634 125 25 somewhat
2094 3629 118 26 execrable
2239 3627 114 32 prejudice
2378 3625 84 30 against
2486 3622 28 18 tne

1949 3668 68 28 Flax,
2030 3667 24 23 in
2071 3669 156 24 consequence
2239 3661 24 24 of
2277 3660 39 23 the
2333 3657 115 33 imperfect
2463 3655 51 21 man-

1949 3708 40 17 ner
2008 3700 25 23 in
2051 3696 75 24 which
2143 3697 19 21 it
2176 3695 43 24 has
2237 3693 99 25 hitherto
2354 3692 58 23 been
2421 3687 92 33 prepared

1949 3733 30 29 by
1999 3732 38 23 the
2056 3729 95 28 natives,
2175 3727 46 25 and
2237 3727 38 24 the
2298 3724 108 25 defective
2427 3723 52 21 ■*•*

1950 3765 73 24 which
2032 3765 19 22 it
2060 3763 41 23 has
2108 3761 59 24 been
2174 3760 100 31 brought
2282 3763 22 19 to
2312 3758 38 23 the
2356 3754 93 26 market.
2467 3753 49 20 M^

1951 3799 124 29 important
2095 3794 137 25 admissions
2251 3800 38 16 are
2307 3789 65 25 made
2389 3788 30 30 by
2431 3786 41 23 Mr.
2472 3800 1 5 ,
2486 3788 30 15 »•»

1951 3831 53 23 with
2016 3828 84 32 regard
2112 3832 23 19 to
2147 3827 38 24 the
2196 3824 106 31 strength
2312 3822 25 25 of
2352 3822 38 23 the
2401 3819 54 24 New
2471 3818 45 20 Zea-

1951 3863 53 24 land
2018 3862 68 28 Flax,
2096 3860 74 24 which
2181 3860 30 23 he
2223 3858 77 23 allows
2312 3860 22 19 to
2343 3855 29 25 be
2391 3855 58 28 quite
2465 3850 51 26 equ»

1953 3901 21 19 to
1988 3896 37 24 the
2042 3895 119 27 Russian;
2182 3892 53 28 and,
2256 3898 26 20 m
2300 3894 22 17 to
2340 3888 31 23 its
2392 3884 127 44 appearancj

1954 3929 12 24 I
1980 3928 92 25 enclose
2091 3935 14 16 a
2124 3926 116 31 specimeu
2255 3920 74 27 which
2345 3920 21 23 is
2387 3920 24 21 of
2435 3920 54 18 itseii

1357 3222 35 24 Of
1416 3221 37 24 the
1473 3220 72 30 cheap
1566 3218 67 23 cabin
1651 3222 98 26 passage
1769 3217 85 27 system
1872 3212 40 24 the

1324 3255 57 25 New
1391 3253 105 26 Zealand
1504 3250 102 26 Journal
1616 3254 70 19 states
1698 3248 50 24 that
1784 3253 67 23 every
1863 3252 49 17 new

1325 3288 140 32 experiment
1475 3286 65 31 gives
1551 3291 51 16 new
1613 3281 69 33 proof
1697 3281 25 24 of
1737 3281 39 23 the
1788 3279 126 24 successful

1325 3321 103 30 working
1439 3320 25 24 of
1480 3319 38 23 the
1529 3316 111 33 principle
1659 3323 28 16 on
1699 3313 75 24 which
1785 3312 64 23 these
1861 3319 52 16 ves-

1326 3354 45 25 sels
1383 3361 38 16 are
1433 3350 126 27 chartered.
1583 3349 45 24 We
1639 3349 54 23 hear
1705 3347 50 23 that
1766 3344 148 31 twenty-four

1326 3393 136 26 passengers
1473 3392 39 16 are
1523 3382 91 25 booked
1625 3381 35 24 for
1672 3380 38 24 the
1722 3379 106 27 Theresa,
1837 3382 23 19 to
1871 3377 44 23 sail

1327 3424 56 21 next
1406 3417 88 29 month,
1513 3412 166 35 (November,)
1700 3412 47 23 and
1767 3410 148 32 applications

1327 3454 57 25 have
1395 3453 58 22 been
1462 3449 66 25 made
1537 3448 36 24 for
1581 3446 79 25 berths
1670 3446 25 23 in
1703 3445 40 23 the
1752 3443 75 24 vessel
1837 3448 22 19 to
1870 3443 45 23 fol-

1328 3487 53 27 low*
1390 3483 110 30 although
1512 3483 30 22 its
1552 3488 68 16 name
1631 3479 20 24 is
1662 3483 41 19 not
1713 3481 40 27 yet
1764 3476 140 24 announced.

1362 3518 36 24 To
1409 3516 75 31 Judge
1503 3514 120 31 Chapman
1643 3511 38 24 the
1700 3510 69 23 merit
1788 3510 21 22 is
1821 3509 44 23 due
1876 3513 42 19 not

1330 3552 53 31 only
1403 3550 23 23 of
1442 3547 136 32 suggesting
1598 3545 46 23 this
1663 3547 96 28 system,
1769 3542 43 23 but
1830 3542 89 30 forcing

1331 3586 57 23 from
1399 3584 29 23 its
1447 3580 79 31 sturdy
1538 3582 126 28 opponents
1675 3584 14 16 a
1699 3575 61 30 trial,
1779 3575 37 23 the
1828 3582 91 16 success

1332 3619 26 22 of
1369 3615 72 26 which
1459 3618 25 20 at
1495 3620 55 17 once
1562 3619 58 24 gave
1637 3619 14 15 a
1668 3613 124 28 guarantee
1804 3608 49 23 that
1863 3607 56 24 self-

1332 3652 93 23 interest
1437 3646 74 26 would
1522 3646 25 23 in
1557 3645 77 23 future
1645 3643 28 23 be
1684 3643 31 23 its
1726 3645 121 28 protector.
1875 3640 46 24 We

1330 3692 41 18 Ate
1381 3681 53 33 glad
1442 3685 24 20 to
1479 3687 37 17 see
1528 3678 49 25 that
1590 3676 49 24 Mr.
1649 3676 32 23 G.
1690 3675 30 24 B.
1731 3673 112 32 Earphas
1851 3673 70 24 taken

1334 3717 38 24 the
1384 3719 86 28 system
1480 3720 32 24 up
1523 3713 25 22 in
1558 3710 63 32 right
1639 3708 58 32 good
1718 3712 98 19 earnest.
1852 3706 26 24 If
1893 3706 28 23 he

1336 3749 107 25 maintain
1453 3747 20 23 it
1489 3746 31 23 he
1538 3744 55 24 wilL
1604 3742 80 25 render
1704 3740 65 24 these
1781 3740 141 23 settlements

1336 3784 68 24 about
1415 3780 38 25 the
1464 3781 101 29 greatest
1585 3776 87 23 service
1689 3773 51 25 that
1760 3780 44 17 can
1821 3773 28 23 be
1868 3778 54 25 per-

1338 3813 85 27 formed
1432 3813 36 23 for
1479 3812 62 22 them
1553 3813 24 20 at
1587 3808 48 24 this
1647 3807 87 32 period.

1368 3848 46 24 We
1424 3846 58 24 have
1494 3851 30 16 on
1541 3841 89 26 several
1649 3840 118 24 occasions
1781 3836 93 34 pointed
1884 3840 39 19 out

1339 3882 47 24 that
1398 3881 37 23 the
1446 3881 87 28 system
1553 3873 84 26 should
1653 3873 29 24 be
1694 3872 91 32 applied
1797 3869 54 25 with
1861 3876 62 16 some

1339 3912 163 27 modifications
1526 3913 22 20 to
1577 3907 39 24 the
1644 3906 141 24 fore-cabins
1812 3902 111 23 likewise.

1339 3947 61 23 That
1411 3947 24 22 in
1446 3945 47 23 fact
1510 3942 63 23 there
1594 3939 81 24 9hould
1694 3939 29 22 be
1745 3944 29 16 no
1792 3936 47 23 free
1850 3935 73 23 immi-

675 909 268 46 CUSTOM
988 909 268 46 HOUSE.

712 967 67 19 AND
793 962 217 24 WELLINGTON
1029 962 190 22 SPECTATOR.

791 1021 132 21 Saturday,
939 1018 89 22 March
1044 1019 20 21 Z,
1080 1014 61 23 1844.

870 1054 195 28 DUELLING.

706 1094 51 25 The
770 1094 96 30 Inquest
876 1090 74 25 which
959 1096 46 17 was
1012 1088 53 24 held
1074 1089 24 22 in
1106 1091 156 26 consequence

675 1128 24 24 of
713 1127 38 25 the
764 1127 44 23 late
819 1125 55 24 fatal
884 1124 59 28 duel,
954 1121 135 25 terminated
1096 1128 29 16 on
1138 1117 124 31 Thursday

674 1162 52 28 last,
738 1160 84 30 setting
833 1157 69 29 forth,
914 1164 25 16 as
951 1157 30 23 its
993 1155 94 28 verdict,
1098 1153 50 24 that
1165 1152 39 23 the
1216 1152 48 22 evi-

675 1194 69 24 dence
755 1192 38 24 did
805 1195 39 21 not
863 1198 69 24 prove
943 1190 31 30 by
985 1188 74 23 whom
1071 1186 38 24 the
1120 1184 83 25 wound
1219 1191 45 16 was

676 1226 107 25 inflicted.
827 1224 59 24 This
906 1221 142 31 melancholy
1061 1219 52 24 duel
1132 1218 86 24 affords
1237 1224 28 16 us

677 1268 28 16 an
717 1258 153 33 opportunity,
882 1256 26 24 of
914 1254 74 25 which
997 1261 33 16 we
1042 1253 44 24 feel
1094 1260 34 15 we
1138 1259 38 16 are
1188 1249 77 24 bound

678 1298 22 19 to
711 1293 54 24 take
776 1292 132 28 advantage.
936 1289 107 23 Distress
1054 1286 44 24 and
1110 1286 157 22 bereavement

678 1332 22 18 to
712 1325 88 25 several
811 1322 117 26 estimable
940 1320 106 28 families,
1059 1320 20 23 is
1098 1318 39 24 the
1149 1317 51 24 first
1211 1324 55 16 con-

679 1366 111 25 sequence
802 1357 24 24 of
835 1357 45 23 this
891 1355 109 31 unhappy
1008 1357 66 20 event
1084 1360 6 21 ;
1102 1350 44 24 and
1159 1350 34 24 for
1206 1348 60 25 what

679 1392 100 32 possible
791 1390 59 32 good
859 1390 10 23 ?

713 1425 52 24 The
775 1423 69 24 belief
860 1423 25 23 in
896 1421 38 24 the
946 1420 113 29 necessity
1072 1418 24 24 of
1112 1416 102 31 duelling
1226 1416 42 23 has

681 1459 56 23 been
759 1455 138 31 fortunately
919 1453 69 24 much
1009 1449 138 27 dimiuished
1169 1450 25 22 in
1223 1449 45 23 late

682 1498 73 24 years.
790 1489 48 24 Yet
848 1496 29 16 an
888 1487 130 30 intelligent
1029 1485 58 23 class
1099 1482 48 25 still
1159 1482 107 23 maintain

682 1525 49 23 that
750 1523 38 24 the
808 1526 106 27 practice,
934 1519 95 31 though'
1043 1526 29 15 an
1090 1516 53 28 evil,
1161 1519 64 19 must
1242 1515 28 23 be

682 1555 131 25 sanctioned
830 1555 24 23 in
866 1562 14 16 a
890 1554 42 23 few
945 1560 73 20 cases,
1030 1551 74 23 where
1115 1549 85 32 parties
1211 1548 59 23 have

682 1590 56 23 been
759 1587 130 33 grievously
909 1585 115 31 wronged.
1067 1583 65 24 Thus
1152 1589 55 16 even
1226 1580 44 24 this

684 1623 57 24 class
753 1622 118 31 deprecate
884 1619 101 30 duelling
996 1616 123 33 generally.
1144 1614 53 29 We,
1207 1614 63 23 how-

684 1663 59 21 ever,
756 1662 38 17 are
804 1651 122 26 convinced
937 1651 49 24 that
998 1658 29 16 no
1045 1657 51 16 case
1113 1656 42 16 can
1167 1648 28 23 be
1207 1654 64 16 men-

684 1688 76 25 tioned
782 1687 99 23 wherein
901 1693 14 15 a
937 1691 63 17 more
1020 1689 82 26 proper
1123 1680 149 32 punishment

685 1721 65 24 could
761 1724 41 20 not
818 1720 27 23 be
863 1717 109 33 provided
990 1716 55 24 than
1064 1714 102 31 duelling
1186 1714 19 23 is
1218 1721 53 24 sup-

685 1755 70 31 posed
772 1759 23 19 to
816 1752 70 25 afford
896 1761 7 19 ;
922 1751 20 24 if
955 1749 148 33 punishment
1120 1748 29 23 fee
1169 1747 38 23 the
1228 1745 44 24 real

685 1788 75 31 object
770 1791 23 19 to
811 1786 27 23 be
859 1784 92 31 sought.
986 1782 45 24 We
1048 1784 100 29 suspect,
1161 1780 111 27 however,

686 1821 46 24 this
743 1820 59 24 class
822 1819 58 23 have
898 1819 24 22 in
940 1817 56 23 view
1014 1815 111 29 affording
1137 1812 136 25 individuals

686 1862 28 15 an
737 1852 148 32 opportunity
899 1851 26 23 of
939 1849 125 32 gratifying
1084 1846 97 31 feeliugs
1199 1845 25 23 of
1239 1853 34 15 re-

687 1894 73 23 venge
781 1886 34 23 for
835 1891 63 17 some
918 1890 79 23 wrong
1017 1881 53 31 they
1091 1888 54 23 may
1167 1879 65 28 have,
1251 1886 23 16 or

687 1919 73 24 which
773 1918 53 30 they
844 1925 54 22 may
918 1916 99 31 imagine
1036 1914 52 31 they
1107 1913 67 27 have,
1186 1912 88 31 experi-

688 1952 78 25 enced.
803 1951 25 24 If
842 1950 45 24 this
899 1950 27 23 be
938 1949 39 24 the
989 1947 88 32 ground
1086 1947 34 22 for
1132 1944 143 32 sanctioning

689 1985 38 24 the
738 1985 123 23 barbarous
872 1983 106 30 practice,
987 1989 32 15 we
1028 1980 73 22 would
1113 1978 44 24 call
1166 1978 110 23 attention

690 2023 22 18 to
726 2017 38 24 the
784 2016 44 23 fact
844 2015 52 23 that
915 2015 38 23 the
966 2013 61 31 right
1046 2013 26 22 of
1085 2018 99 22 revenge
1195 2011 81 21 cannot

690 2051 28 23 be
741 2048 131 25 sanctioned
893 2048 31 30 by
943 2046 128 30 intelligent
1092 2042 138 26 individuals
1253 2049 29 16 or.

691 2082 166 25 communities.
894 2081 47 23 But
959 2086 34 16 we
1015 2077 72 24 would
1100 2077 93 23 observe
1205 2081 25 17 at
1240 2074 37 24 the

691 2124 62 16 same
770 2116 62 27 time,
844 2114 50 24 that
913 2113 20 23 if
951 2110 142 32 recognized,
1106 2110 38 23 the
1165 2108 65 24 mode
1249 2108 28 30 by

692 2149 73 24 which
783 2149 19 22 it
819 2149 19 22 is
859 2147 83 30 sought
958 2150 23 19 to
1002 2145 29 23 be
1042 2142 100 25 satisfied
1155 2142 19 22 is
1195 2149 14 15 a
1219 2145 58 19 most

692 2183 87 29 clumsy
791 2180 128 32 expedient.
955 2178 132 31 Supposing
1098 2177 19 22 it
1127 2182 59 16 were
1198 2173 80 31 agreed

694 2215 48 24 that
753 2215 63 23 there
828 2221 58 16 were
905 2220 64 16 cases
981 2211 24 23 in
1026 2209 74 24 which
1112 2216 41 16 one
1169 2215 53 16 man
1235 2214 43 16 was

694 2247 92 25 entitled
799 2252 22 18 to
833 2250 42 27 put
887 2250 22 19 to
917 2244 66 25 death
992 2243 94 24 another
1093 2249 62 16 man.
1181 2241 49 23 Can
1237 2247 42 23 any

694 2289 61 17 more
767 2279 170 30 extraordinary
955 2277 115 32 provision
1089 2275 33 23 for
1141 2274 39 24 the
1191 2281 87 15 accom-

695 2314 123 32 plishment
839 2312 25 24 of
880 2312 38 23 the
936 2317 99 25 purpose
1055 2309 29 22 be
1101 2306 114 32 imagined
1227 2305 52 24 than

695 2348 49 23 that
755 2347 25 23 of
795 2345 122 31 arranging
927 2344 49 24 that
987 2343 29 23 he
1033 2342 58 23 shall
1102 2342 65 22 incur
1183 2340 38 23 the
1233 2338 47 24 risk

696 2382 24 22 of
735 2380 69 30 being
815 2378 71 24 killed
907 2385 25 16 or
951 2375 100 33 crippled
1063 2375 35 22 for
1117 2374 40 23 life
1167 2373 9 24 ?
1212 2371 27 24 If
1254 2379 26 16 on

697 2414 37 23 the
746 2412 64 24 other
821 2411 69 29 hand,
904 2411 37 23 the
961 2408 152 32 gratification
1124 2406 26 24 of
1165 2414 14 15 a
1199 2404 83 30 feeling

697 2446 25 24 of
737 2453 96 23 revenge
852 2444 72 30 being
943 2441 141 28 abandoned,
1103 2441 18 22 it
1141 2440 20 23 is
1181 2437 101 25 declared

697 2479 50 24 that
757 2479 39 23 the
814 2477 180 25 administration
1014 2475 24 23 of
1052 2482 14 15 a
1086 2473 43 24 duo
1150 2475 94 20 amount
1261 2470 25 24 of

697 2511 147 33 punishment
854 2511 21 23 is
887 2510 38 23 the
944 2516 99 24 purpose
1054 2507 24 23 in
1095 2507 65 26 view,
1179 2512 32 16 we
1224 2508 60 19 must

698 2545 88 25 declare
798 2543 38 25 the
846 2543 66 24 mode
929 2543 22 23 is
967 2545 131 20 monstrous
1109 2539 30 31 by
1152 2537 73 24 which
1237 2537 17 23 it
1265 2537 19 22 is

699 2578 84 31 sought
793 2582 22 19 to
833 2577 28 23 be
880 2575 111 25 awarded.
1027 2573 51 24 The
1095 2579 79 23 wrong
1194 2570 55 24 doer
1265 2570 19 22 is

699 2610 76 26 forced
785 2611 31 30 by
827 2610 45 24 this
885 2608 79 33 appeal
975 2613 23 18 to
1019 2614 68 20 arms,
1099 2610 38 19 too
1148 2602 136 32 frequently,

701 2650 23 19 to
735 2643 128 25 endeavour
873 2646 23 19 to
908 2641 54 24 take
982 2639 39 25 the
1038 2639 39 24 life
1089 2639 25 23 of
1129 2638 39 23 the
1186 2643 54 17 man
1257 2636 28 23 he

701 2678 42 24 has
753 2676 91 31 already
856 2675 80 30 deeply
947 2672 98 33 injured,
1054 2680 24 16 as
1090 2672 38 23 the
1140 2670 53 30 only
1203 2669 84 24 certain

702 2710 65 25 mode
778 2710 25 23 of
817 2709 133 31 preventing
971 2705 68 25 death
1058 2704 110 31 befalling
1179 2701 93 25 himself
1279 2710 6 21 ;

703 2744 38 23 the
751 2743 44 23 law
815 2742 24 23 of
855 2739 210 33 self-preservation
1085 2736 100 32 compels
1203 2735 39 24 the
1254 2735 34 23 in-

701 2777 79 31 juring
797 2778 65 28 party
873 2778 23 19 to
917 2773 68 31 adopt
1005 2771 46 25 this
1069 2778 88 16 course.
1192 2768 67 24 Thus
1275 2776 15 15 a

704 2817 53 16 man
769 2808 109 30 smarting
896 2806 71 24 under
988 2805 56 31 deep
1062 2804 97 30 feelings
1175 2802 25 23 of
1214 2801 77 31 injury

704 2840 156 33 experienced,
871 2847 61 23 may,
944 2839 77 30 acting
1038 2838 24 23 in
1081 2835 137 25 accordance
1237 2834 54 23 with

705 2876 38 23 the
755 2874 87 30 clumsy
853 2872 132 32 expedients
1006 2871 26 24 of
1047 2871 92 29 society,
1152 2869 28 22 be
1192 2866 99 32 crippled

706 2907 44 24 and
772 2905 100 25 tortured
888 2905 36 24 for
942 2905 48 28 life,
1010 2904 34 23 for
1065 2904 85 29 having
1167 2901 84 30 sought
1269 2904 22 19 to

707 2940 83 32 punish
826 2947 14 16 a
875 2945 78 23 wrong
989 2937 55 24 doer
1078 2937 29 30 by
1142 2934 39 24 the
1215 2940 77 16 means

706 2972 103 26 declared
846 2971 143 32 appropriate
1025 2970 22 23 in
1077 2968 38 24 the
1153 2966 37 25 old
1218 2965 74 24 feudal

708 3008 75 23 times.
847 3005 51 24 Our
938 3010 48 17 own
1037 3003 92 31 opinion
1177 3000 20 23 is
1246 2998 48 24 that

709 3039 112 24 whatever
842 3038 40 23 the
902 3041 93 19 amount
1014 3036 22 22 of
1056 3034 148 32 punishment
1221 3031 73 24 which

708 3072 86 31 society
805 3071 115 24 considers
932 3069 73 31 ought
1023 3073 22 19 to
1057 3067 75 24 attach
1183 3065 38 23 the
1233 3071 60 17 com-

709 3106 95 24 mission
814 3104 24 24 of
856 3112 15 15 a
887 3102 123 33 particular
1022 3102 76 27 crime,
1111 3101 18 22 it
1141 3098 73 31 ought
1232 3102 22 19 to
1266 3097 28 24 be

708 3138 102 24 inflicted
821 3137 71 24 under
912 3136 39 23 the
969 3135 103 23 sanction
1085 3133 25 24 of
1119 3140 13 16 a
1148 3130 95 33 judicial
1254 3132 40 21 tri-

710 3171 76 28 bunal,
800 3170 44 24 and
854 3173 40 21 not
905 3170 30 29 by
946 3168 39 24 the
1003 3166 88 33 injured
1111 3170 67 28 party
1190 3163 65 24 could
1267 3162 28 24 he

710 3204 73 24 inflict
794 3204 18 23 it
823 3203 95 24 without
927 3209 45 23 any
986 3199 104 33 personal
1101 3198 45 24 evil
1157 3203 24 17 to
1192 3196 99 24 himself.

711 3237 25 23 If
747 3237 37 23 the
795 3235 116 25 forfeiture
923 3235 25 24 of
956 3234 48 28 life,
1018 3241 24 16 or
1059 3233 39 23 the
1117 3231 51 24 risk
1179 3229 26 24 of
1219 3229 77 25 forfei-

711 3274 60 24 ture,
782 3269 29 23 be
828 3267 132 25 considered
978 3267 39 23 the
1037 3265 143 32 appropriate
1199 3261 97 33 punish-

711 3306 64 20 ment
791 3302 35 23 for
845 3301 85 24 certain
948 3300 90 28 crimes,
1049 3298 146 37 le^society,
1217 3302 25 16 or
1260 3294 37 24 the

711 3334 93 32 injured
814 3332 131 29 individual,
957 3332 55 24 take
1024 3339 25 16 or
1061 3338 92 24 expose,
1165 3333 23 19 to
1197 3328 39 23 the
1248 3326 48 25 risk

713 3368 26 24 of
744 3368 127 26 forfeiture,
880 3366 38 23 the
929 3365 39 24 life
977 3365 26 24 of
1012 3364 38 25 the
1061 3361 125 27 individual
1197 3359 102 25 declared

713 3406 24 19 to
748 3400 58 24 have
825 3398 119 33 subjected
963 3398 95 23 himself
1070 3397 31 31 by
1117 3396 37 23 his
1166 3393 97 26 conduct
1273 3397 24 19 to

714 3433 58 24 such
783 3441 14 15 a
813 3432 59 23 class
879 3431 31 26 -of
924 3430 154 32 punishment.
1115 3427 101 31 Though
1234 3426 64 24 duel-

714 3467 50 30 ling
774 3466 30 23 be
823 3464 140 28 sanctioned,
974 3471 43 15 our
1035 3462 44 24 last
1098 3460 141 33 proposition
1256 3456 45 27 will

715 3504 41 19 not
765 3499 29 22 be
801 3497 132 24 sanctioned
945 3503 57 16 even
1010 3495 31 31 by
1048 3495 112 24 duellists.
1173 3514 5 3 .
1191 3492 53 24 The
1251 3491 50 25 idea

717 3532 24 22 of
755 3530 144 30 authorizing
910 3537 29 16 an
950 3528 125 24 individual
1087 3532 23 19 to
1127 3530 44 28 put
1181 3525 37 24 his
1230 3524 71 24 fellow

717 3569 22 18 to
751 3563 75 29 death,
839 3568 72 18 under
931 3570 14 15 a
955 3565 81 26 strong
1054 3560 85 31 feeling
1150 3559 50 23 that
1218 3558 29 23 he
1258 3556 41 24 has

717 3597 58 23 been
795 3594 129 33 grevously
933 3593 95 25 harmed
1046 3594 29 30 by
1085 3593 57 28 him,
1155 3590 96 25 without
1267 3590 36 23 in-

719 3629 92 30 curring
820 3627 106 33 personal
947 3626 50 24 risk
1006 3630 27 19 to
1043 3626 99 27 himself,
1155 3630 96 25 appears
1267 3630 37 16 re-

718 3662 89 30 volting
840 3660 77 24 While
934 3659 118 31 requiring
1063 3666 29 17 an
1111 3655 133 29 individual,
1256 3653 49 28 who

719 3695 42 23 has
770 3694 56 24 been
838 3692 130 33 grievously
979 3692 114 30 wronged,
1105 3695 24 19 to
1141 3690 129 24 endeavour
1277 3693 26 22 .to

720 3727 84 32 punish
812 3727 40 22 the
864 3732 78 24 wrong
948 3726 63 27 doer,
1023 3729 24 18 at
1055 3724 38 24 the
1105 3722 85 25 hazard
1198 3721 27 24 of
1233 3721 75 30 losing

721 3761 36 22 his
769 3767 49 15 own
828 3758 49 29 life,
889 3766 25 16 or
932 3758 72 31 being
1013 3757 100 31 crippled
1124 3756 46 23 and
1191 3753 117 35 subjected

722 3797 22 19 to
757 3792 113 30 torturing
880 3791 65 31 pains
958 3791 35 23 for
1004 3790 47 29 life,
1061 3791 20 22 is
1092 3789 51 24 said
1154 3793 24 19 to
1189 3788 29 23 be
1230 3794 77 17 neces-

723 3833 52 24 sary
786 3825 35 23 for
842 3824 38 23 the
901 3824 158 23 maintenance
1072 3822 25 23 of
1115 3822 94 30 society.
1246 3819 63 24 Such

723 3866 39 16 are
779 3857 38 24 the
835 3856 136 25 absurdities
983 3855 75 24 which
1076 3860 89 18 custom
1176 3852 48 24 will
1235 3848 75 40 finely

724 3890 109 26 establish
844 3891 24 22 in
886 3890 38 23 the
941 3889 78 24 brains
1037 3895 55 17 even
1105 3887 25 24 of
1150 3885 80 32 highly
1242 3885 67 24 culti-

724 3924 66 25 vated
802 3923 43 25 and
857 3923 129 30 intelligent
998 3921 86 25 minds.
1275 3914 7 30 \

760 3956 73 26 Could
852 3957 18 22 it
886 3956 28 23 be
933 3954 114 32 imagined
1067 3954 48 23 that
1134 3952 102 30 duelling
1258 3949 26 40 isj
1298 3959 14 15 a

331 3204 113 19 Imports.

123 3238 29 21 In
171 3243 47 16 the
466 3241 63 15 from
550 3234 134 21 Sydney.—

95 3265 80 25 Eagar,
191 3264 101 26 Agent.—
292 3264 30 20 -25
337 3264 75 20 tierces
428 3262 54 24 beef,
497 3263 13 20 8
528 3262 36 20 do.
578 3260 63 27 pork,
657 3260 26 20 80

95 3293 51 25 bags
155 3293 62 21 flour,
230 3292 26 19 16
265 3291 34 20 do.
310 3291 74 23 maize,
395 3292 12 19 2
417 3292 49 19 tons
477 3290 55 26 hoop
543 3289 55 23 iron,
616 3288 10 19 1
637 3293 48 14 case

90 3319 72 28 -slops,
172 3320 14 20 2
202 3318 52 21 coils
267 3318 126 22 whalebone,
410 3318 13 19 4
433 3318 64 19 boxes
514 3322 62 20 soap,
591 3315 26 20 60
635 3316 49 19 tons

97 3347 86 23 shooks,
194 3347 14 19 2
217 3346 70 20 chests
295 3349 42 19 tea,
348 3345 13 20 8
376 3344 50 26 bags
436 3349 69 21 sugar,
524 3344 13 19 4
548 3348 59 15 cases
623 3342 61 23 wine,

98 3375 11 21 1
120 3375 40 24 bag
170 3373 72 24 coffee,
254 3373 13 19 2
283 3372 53 20 coils
345 3377 57 21 rope,
422 3372 25 19 12
457 3370 46 22 half
515 3370 71 21 chests
598 3371 42 22 tea,
660 3368 24 21 14

99 3407 57 15 cases
174 3401 61 23 wine,
245 3400 14 20 4
276 3399 71 21 chests
356 3401 40 20 tea,
407 3398 12 19 4
436 3403 58 15 cases
505 3398 139 25 champagne,
660 3396 25 20 20

94 3429 66 21 .hhds.
170 3428 58 24 beer,
239 3427 27 20 28
275 3426 58 20 bales
343 3424 41 21 and
393 3430 57 15 cases
467 3424 65 26 slops,
543 3425 14 19 2
567 3429 59 14 cases
643 3422 42 25 do.,

96 3457 17 20 Z
123 3461 58 15 cases
194 3453 83 21 bottled
285 3453 58 23 beer,
357 3452 12 20 2
379 3451 51 25 kegs
443 3451 61 23 nails,
516 3452 21 19 2-
544 3450 142 25 grindstones,

101 3483 11 21 1
125 3489 38 14 can
172 3481 62 28 paint
243 3480 37 23 oil,
291 3480 26 20 12
329 3479 38 20 a6h
376 3484 54 18 oars,
441 3478 13 19 4
463 3478 65 20 boxes
538 3478 65 25 slops,
619 3477 11 20 1
642 3482 45 15 case

98 3510 66 26 clops,
176 3510 13 19 5
198 3508 62 21 casks
270 3507 60 23 fruit,
341 3506 26 20 63
377 3505 50 25 bags
434 3504 63 24 flour,
506 3505 14 20 2
530 3504 53 25 kegs
591 3504 96 23 tobacco,

102 3538 25 20 15
137 3537 52 26 kega
198 3536 45 23 do.,
262 3535 25 19 15
301 3533 64 21 hhds.
381 3531 87 25 brandy,
479 3531 27 20 38
522 3531 52 25 bags
588 3536 70 20 sugar,
675 3531 12 19 4

101 3564 70 22 chests
181 3565 42 19 tea.
254 3562 111 24 Passenger
367 3569 27 5 —
395 3558 43 21 Mr.
447 3558 75 20 Jones.

128 3593 30 23 'In
177 3601 48 14 thb
468 3595 66 15 »rom
553 3588 136 22 London.—

103 3623 99 22 Boulcott
220 3621 43 20 and
281 3621 42 23 Co.,
344 3619 115 26 Agents.—
460 3618 13 19 s
492 3622 66 18 cases,
579 3617 12 18 1
609 3616 48 24 box,
678 3617 12 18 2

103 3649 141 26 grindstones,
256 3650 10 18 1
277 3647 99 28 package,
386 3646 27 20 45
428 3650 66 18 cases,
504 3645 13 19 2
527 3643 107 26 hampers,
652 3643 38 19 138

91 3671 5 3 '
104 3683 65 17 cases,
181 3676 27 20 13
217 3675 70 24 hhds.,
296 3675 14 20 4
320 3681 33 19 qr.
367 3673 68 23 casks,
447 3671 27 21 68
490 3671 70 24 casks,
572 3670 25 20 12
614 3669 77 25 chests,

105 3706 13 18 5
128 3703 89 24 casesi'2
228 3702 82 23 trunks,
322 3702 13 19 6
344 3700 64 24 bales,
418 3699 27 21 36
456 3704 65 19 cases,
532 3698 13 20 4
557 3703 33 20 qr.
600 3697 69 24 caskß,
679 3697 12 19 2

104 3731 62 21 hhds.
179 3731 26 19 10
214 3728 79 21 barrels
302 3728 13 20 4
326 3733 65 18 cases,
401 3727 29 21 27.
438 3726 70 23 casks,
526 3725 11 19 1
548 3723 122 28 puncheon,
680 3723 12 20 6

104 3758 98 24 bundles,
210 3758 15 19 1
242 3755 57 24 cask,
315 3756 14 19 2
338 3760 65 19 cases,
417 3754 27 22 20
454 3759 42 21 qr.,
502 3751 70 25 casks,
584 3751 26 21 70
625 3751 67 24 casks,

106 3786 27 20 12
143 3791 66 17 cases,
221 3784 10 20 1
250 3782 54 24 bale,
316 3782 14 20 8
347 3780 109 28 packages,
466 3780 28 20 28
510 3779 61 26 kegs,
581 3778 28 20 20
626 3777 66 24 casks,

106 3813 27 21 25
142 3812 72 24 hhds.,
224 3810 28 22 20
259 3808 87 25 barrels,
356 3808 13 20 3
376 3810 87 22 trusses,
473 3807 28 20 50
509 3806 69 24 casks,
588 3805 12 20 6
606 3804 86 25 barrels,

107 3840 14 19 6
130 3838 14 24 i
153 3839 79 23 chests,
241 3837 29 20 40
281 3836 71 24 boxes,
362 3835 13 20 7
385 3834 67 24 casks,
461 3834 55 21 6900
527 3833 71 23 slates,
608 3832 14 20 4
630 3837 63 19 cases,

107 3867 15 19 3
132 3866 68 24 casks,
209 3866 12 19 2
231 3861 59 29 kegs,
299 3864 11 19 1
322 3862 57 25 cask,
388 3862 13 21 2
410 3861 72 24 boxes,
494 3861 26 20 11
529 3860 69 24 casks,
610 3859 13 21 7
630 3865 64 19 cases,

109 3894 27 20 16
145 3893 44 23 do.,
200 3892 27 20 31
235 3891 68 24 casks,
314 3890 27 20 32
348 3889 59 26 k«jgs,
419 3889 11 20 1
439 3888 41 21 box
489 3888 25 20 14
520 3887 61 24 coils,
592 3886 28 21 36
628 3887 66 24 casks,

108 3922 14 19 2
131 3920 62 20 hhds.
204 3920 13 19 6
224 3918 86 26 lengths
318 3916 66 24 cable,
397 3916 10 19 1
418 3914 92 26 shackle,
529 3915 10 19 1
551 3914 49 24 box,
614 3914 12 20 1
643 3919 52 19 case,

107 3948 16 20 3
137 3946 88 25 barrels,
245 3946 12 19 5
275 3946 59 24 kegs,
354 3944 11 20 1
385 3943 119 26 puncheon,
525 3942 11 20 1
557 3940 108 25 bedstead,
684 3941 11 19 3

109 3975 110 26 packages,
228 3974 10 19 1
250 3972 128 26 grindstone,
386 3972 12 18 2
407 3969 96 25 bundles,
510 3969 12 19 3
534 3974 65 19 cases,
608 3968 13 20 2
630 3968 65 20 casks.

550 82 99 46 myt
671 78 119 45 WtU>
815 73 210 46 geatawa
1267 67 94 41 a*&
1386 39 305 69 8toit»&io«
1715 53 256 51 gfrectatog.

1886 146 68 28 grant
1973 141 66 28 class,
2060 139 20 25 if
2094 146 26 16 as
2140 145 33 17 we
2192 137 68 24 think
2280 144 30 17 on
2330 136 85 31 testing
2432 136 39 26 the

1886 177 71 30 point,
1969 175 19 23 it
1999 173 47 24 will
2056 172 29 24 be
2096 170 70 25 found
2178 170 49 24 that
2238 170 62 23 there
2312 177 37 16 are
2361 169 77 31 plenty
2448 170 25 23 of

1886 209 60 31 good
1955 206 81 33 people
2048 205 51 24 able
2110 204 45 24 and
2173 203 86 30 willing
2276 207 23 18 to
2311 201 126 25 contribute
2448 206 22 20 to

1888 242 39 24 the
1938 239 154 31 immigration
2108 237 58 24 fund
2184 236 32 30 by
2227 236 85 30 paying
2324 243 14 15 a
2348 235 90 30 portion
2448 235 25 23 of

1889 275 59 23 their
1957 280 51 17 own
2020 278 117 25 passages.
2173 268 44 24 We
2227 269 57 30 hope
2296 268 37 23 the
2344 266 58 24 New
2413 266 59 25 Zea-

1888 307 57 24 land
1952 304 100 26 Journal
2063 304 45 23 will
2128 303 67 29 bring
2208 301 38 24 the
2266 300 89 32 subject
2371 299 102 30 forward,

1889 339 45 25 and
1952 339 20 24 if
1992 338 39 24 the
2052 338 57 24 New
2131 334 102 26 Zealand
2251 334 91 29 Society
2360 331 60 24 back
2437 332 36 25 the

1891 380 70 24 press,
1974 379 32 16 we
2018 371 57 23 have
2094 377 54 22 very
2166 367 59 24 little
2246 365 69 25 doubt
2333 365 38 23 the
2392 369 81 26 system

1891 405 46 23 will
1948 412 55 16 soon
2014 404 30 23 be
2061 402 100 31 brought
2173 402 47 22 into
2233 399 122 31 operation,
2368 398 45 23 and
2424 405 49 16 ever

1891 438 57 23 after
1960 435 138 25 maintained
2108 435 35 23 for
2155 434 39 24 the
2204 432 130 24 usefulness
2345 431 19 23 it
2375 431 20 23 is
2406 430 67 24 found

1893 476 22 17 to
1929 470 99 23 contain.

1994 525 81 23 NEW
2097 522 163 26 ZEALAND
2278 519 100 27 FLAX.

793 164 99 27 Spirit-*
904 162 56 22 and
972 160 140 21 Tobacco.

687 194 64 22 Stock
762 198 26 15 on
808 191 57 21 hand
880 191 35 20 the
925 190 34 19 Ist
972 187 112 20 ultimo.—
1086 184 90 27 BnaAj,
1193 183 56 21 2548

659 223 92 26 gallows
778 219 52 21 B.P.
844 218 65 23 Rum,
926 215 56 22 2766
999 214 96 26 gallons;
1122 211 53 24 Gin,
1195 210 54 20 1115

659 249 92 25 gallons;
767 245 89 25 Arrack,
870 245 38 20 180
918 242 98 27 gallons;
1030 240 110 26 Whiskey,
1155 238 40 21 121
1205 237 46 25 gal-

659 278 47 19 lons
714 283 6 17 ;
746 280 48 15 case
804 272 92 25 Brandy,
914 270 27 21 30
957 268 82 28 gallons
1046 275 6 16 ;
1077 272 47 15 case
1141 266 51 23 Gin,
1210 266 40 18 188

660 304 92 26 gallons;
784 299 105 24 Cordials,
913 297 28 21 22
967 296 98 26 gallons;
1092 294 30 24 fig
1144 291 106 25 Tobacco,

661 331 53 21 3297
719 331 22 22 ft
751 336 6 17 ;
772 328 42 21 roll
821 327 106 21 Tobacco,
934 324 40 20 301
979 324 24 21 16
1012 330 6 16 ;
1028 320 122 24 cavendish,
1168 320 39 21 750
1207 320 27 21 ft
1243 325 6 17 ;

662 358 81 26 Cigars,
753 355 93 24 15991b;
860 353 78 23 Snuffs,
951 351 40 21 322
991 351 41 21 ft.

687 383 113 23 Delivered
801 382 42 25 for
852 381 59 20 home
925 378 178 24 consumption.—
1102 374 96 24 Brandy,
1209 374 42 19 579

663 412 79 25 gallons
749 418 6 16 ;
780 409 53 21 B.P.
844 409 65 22 Rum,
933 406 27 20 88
970 403 82 27 gallons
1061 410 5 16 ;
1091 401 43 20 Gin
1152 401 40 20 123
1207 401 45 24 gal-

662 440 46 20 lons
717 446 5 17 ;
747 437 110 25 Whiskey,
877 435 26 20 64
923 432 96 26 gallons;
1045 435 47 15 case
1117 429 93 24 Brandy,
1239 429 12 18 8

663 466 94 26 gallons;
782 470 47 15 case
844 463 52 21 Gin,
921 459 40 21 117
979 458 96 26 gallons;
1099 456 29 26 fig
1146 454 106 24 Tobacco,

666 494 51 21 1492
722 493 39 24 ft;
786 491 41 20 roll
849 489 106 22 Tobacco,
965 486 42 20 292
1012 486 31 22 ft.
1180 491 5 3 •

691 518 111 23 Delivered
811 517 41 26 for
861 514 181 27 Exportation.—
1043 510 93 26 Brandy,
1153 510 40 20 109
1209 510 45 24 gal-

664 549 61 22 lons;
751 546 50 23 Gin,
812 545 25 20 90
847 543 82 27 gallons
936 549 7 16 ;
958 541 65 21 Rum,
1045 539 40 20 153
1101 536 83 27 gallons
1193 543 6 16 ;
1226 536 30 25 fig

665 574 105 23 Tobacco,
781 572 40 22 632
821 572 28 22 f
857 578 7 17 t;
879 568 113 22 cavendish
1001 566 95 20 Tobacco
1112 564 38 22 277
1150 564 38 22 ft.

693 600 100 22 Received
811 599 44 20 into
874 596 154 21 warehouse.—
1029 592 91 26 Brandy,
1137 592 55 19 2433
1210 592 46 23 gal-

666 630 61 22 lons;
749 628 29 25 fig
786 626 104 22 Tobacco,
901 623 54 21 3667
960 623 37 22 ft;
1020 619 112 22 cavendish
1150 617 105 23 Tobacco,

695 682 65 21 Stock
769 687 26 14 on
809 680 56 21 hand
874 679 35 20 the
925 677 39 20 4*A
973 677 117 19 instant.—
1091 672 94 26 Brandy,
1200 672 56 20 4293

669 711 95 23 gallons;
785 708 64 24 Rum,
867 706 54 21 2325
929 704 95 26 gallons;
1045 702 49 24 Gin,
1111 701 41 20 902
1160 699 82 26 gaUons
1251 705 5 17 ;

668 737 87 23 Arrack,
777 736 39 20 180
836 734 96 26 gallons;
960 730 112 25 Whiskey,
1092 729 39 20 121
1159 726 97 27 gallons;

668 771 46 15 case
725 763 93 26 Brandy,
828 763 26 20 22
865 760 81 26 gallons
953 765 7 18 ;
985 763 48 14 case
1049 756 50 24 Gin,
1115 755 26 21 71
1161 755 81 24 gaUons
1251 759 6 17 ;

669 791 103 24 Cordials,
783 791 27 20 22
824 788 82 27 gallons
915 794 6 17 ;
938 786 29 25 fig
975 784 106 23 Tobacco,
1098 782 54 22 6014
1152 782 27 22 ft
1188 788 6 17 ;
1218 782 39 18 roll

669 819 103 23 Tobacco,
784 818 39 22 9ft
833 823 6 17 ;
854 813 113 23 cavendish
978 812 41 21 752
1023 812 22 22 ft
1054 819 7 16 ;
1075 810 82 26 Cigars,
1165 808 55 20 1599
1225 807 32 24 ft;

670 846 78 23 Snuffs,
759 844 75 22 3221b.

696 873 138 24 Wellington,
844 869 77 21 March
929 870 22 22 4,
964 867 62 21 1844.

1275 152 175 32 necesstfrysevil
1461 153 24 23 in
1496 151 64 31 large
1571 153 167 23 communities,
1748 150 18 19 it
1777 149 82 20 cannot

1276 189 28 23 be
1315 186 84 33 proved
1410 185 49 24 that
1470 184 18 24 it
1503 183 83 24 should
1608 183 28 22 be
1654 179 133 25 sanctioned
1806 179 24 22 in
1846 185 14 16 a

1404 217 31 25 la
1452 225 14 16 a
1483 216 69 25 small
1568 214 140 30 community
1720 212 74 23 man's
1806 211 53 23 cha-

1277 257 73 21 racter
1360 253 20 23 is
1397 251 92 28 known,
1506 249 46 24 and
1566 256 31 16 no
1614 249 122 22 statement
1752 244 64 24 made
1830 243 30 31 by

1277 285 94 26 another
1382 282 124 26 individual
1524 282 46 24 will
1585 282 29 22 be
1633 277 131 26 sanctioned
1784 277 76 22 unless

1278 317 131 29 warranted,
1421 317 25 22 in
1457 315 74 24 which
1543 322 52 16 case
1607 314 18 23 it
1645 315 102 28 operates
1764 308 97 31 usefully

1280 360 22 17 in
1313 352 38 22 the
1362 357 49 24 way
1423 350 24 22 of
1462 348 156 32 punishment.

1312 384 43 24 We
1364 391 38 16 are
1414 381 111 31 certainly-
1534 379 99 32 opposed
1654 382 22 19 to
1694 374 168 30 endeavouring

1280 423 22 19 to
1314 423 107 26 suppress
1432 414 103 31 duelling
1545 414 31 30 by
1583 411 84 31 calling
1678 411 18 22 it
1707 408 99 28 murder,
1816 407 45 23 and

1280 450 137 30 victimising
1427 448 66 23 those
1508 444 104 33 engaged
1633 444 24 23 in
1675 442 65 24 duels
1759 439 104 25 attended

1281 483 54 24 with
1345 482 55 24 fatal
1416 486 175 25 consequences.
1637 477 52 23 Due
1710 473 153 25 examination

1280 518 28 23 of
1320 516 39 23 the
1369 515 125 24 barbarous
1505 515 106 21 remnant
1622 510 25 23 of
1660 508 78 24 feudal
1755 511 107 22 customs,

1282 549 45 24 will
1338 548 64 27 make
1412 548 18 23 it
1440 546 92 25 evident
1543 545 50 23 that
1611 543 63 23 those
1693 541 50 23 who
1765 539 56 24 send
1840 546 24 16 or

1282 586 80 27 accept
1378 581 128 29 challenges
1527 577 46 25 feel
1592 576 50 24 that
1661 574 54 30 they
1734 580 39 17 are
1790 572 75 30 acting

1281 615 72 25 under
1366 614 37 23 the
1416 613 101 24 sanction
1530 611 25 23 of
1564 618 14 15 a
1588 610 56 29 long
1654 605 124 33 expressed
1790 604 75 32 public

1283 649 99 31 opinion,
1395 647 44 23 and
1457 645 101 31 yielding
1569 651 25 15 as
1606 642 54 30 they
1669 640 36 28 do,
1725 646 25 17 as
1762 638 54 30 they
1826 637 39 23 be-

1284 682 56 23 lieve
1352 684 22 20 to
1386 680 37 23 the
1443 680 41 22 fiat
1501 677 25 24 of
1541 677 94 28 society,
1655 673 53 31 they
1726 679 38 17 are
1787 675 40 19 not
1844 675 22 17 to

1284 715 82 23 b!arne.
1402 712 103 28 Besides,
1519 709 102 29 duelling
1632 708 20 23 is
1663 710 40 20 not
1712 704 98 28 murder,
1825 703 42 23 and

1285 747 49 24 that
1345 747 18 23 it
1374 747 20 22 is
1405 750 47 24 not,
1465 752 44 23 any
1519 750 52 16 man
1583 748 52 24 may
1647 746 68 25 prove
1727 743 23 18 to
1762 737 37 23 his
1818 743 48 16 own

1285 780 147 27 satisfaction,
1452 778 32 30 by
1502 775 102 30 defining
1621 772 99 28 murder,
1747 770 45 24 and
1815 769 53 23 then

1286 813 133 31 attempting
1427 819 24 16 to
1463 811 74 23 define
1549 807 101 30 duelling
1661 814 6 20 ;
1686 805 25 23 in
1728 804 86 29 setting
1832 802 36 23 the

1286 846 129 25 definitions
1434 844 48 24 side
1504 843 32 30 by
1554 840 49 25 side
1621 840 30 23 he
1668 838 45 24 will
1731 836 48 24 find
1795 835 73 28 death,

1287 879 65 24 when
1369 880 18 22 it
1404 877 65 24 takes
1480 876 80 32 place,,
1566 874 40 24 the
1618 872 52 30 only
1681 872 125 31 important
1818 868 51 28 fact,

1287 919 104 17 common
1402 915 21 19 to
1437 910 56 24 both
1504 908 139 24 definitions.
1673 904 108 26 Further,
1794 906 22 19 to
1829 901 43 23 call

1288 946 38 23 the
1348 948 129 21 monstrous
1498 947 88 19 custom
1607 939 32 31 by
1658 946 15 15 a
1694 942 38 18 too
1760 934 111 30 revolting

1289 986 64 16 name
1366 978 19 22 is
1396 976 161 27 mischievous,
1570 981 25 16 as
1614 973 18 23 it
1650 978 81 17 causes
1752 967 120 32 sympathy

1290 1017 22 18 to
1322 1012 28 23 be
1363 1010 95 28 excited,
1480 1008 44 24 and
1545 1007 54 24 thus
1616 1004 66 25 tends
1703 1008 23 18 to
1748 1001 64 31 delay
1836 1000 37 23 the

1289 1044 78 32 period
1379 1048 23 19 at
1413 1042 72 24 which
1497 1042 18 23 it
1526 1048 52 22 may
1589 1040 30 23 be
1629 1036 126 26 abolished.

1324 1077 50 24 The
1385 1080 92 28 present
1487 1079 59 19 state
1557 1073 26 23 of
1592 1072 100 31 opinion,
1704 1077 34 16 we
1750 1075 37 17 are
1799 1067 75 31 happy

1292 1116 21 19 to
1326 1111 101 27 observe,
1439 1108 81 24 makes
1532 1107 18 23 it
1561 1105 92 24 evident
1670 1103 49 24 that
1730 1110 15 16 a
1755 1101 43 23 few
1809 1107 66 24 years

1292 1144 46 23 will
1357 1143 91 23 witness
1468 1141 38 23 the
1520 1139 126 24 extinction
1658 1137 24 23 of
1700 1136 40 24 the
1759 1133 81 33 appeal
1853 1137 22 18 to

1292 1185 60 16 arms
1368 1176 32 31 by
1411 1173 144 28 individuals,
1567 1172 21 23 if
1606 1175 40 20 not
1657 1169 25 24 of
1698 1169 99 23 nations.
1834 1166 41 22 We

1292 1218 38 16 are
1347 1208 112 31 evidently
1477 1214 51 16 now
1548 1209 23 19 at
1592 1204 39 24 the
1649 1202 122 25 transition
1790 1199 85 32 period.

1293 1243 50 25 The
1373 1241 105 31 anomaly
1500 1239 26 24 of
1544 1236 173 26 condemnation
1743 1232 134 25 establishes

1294 1277 44 24 this
1348 1276 53 24 fact.
1437 1274 26 24 If
1479 1281 13 15 a
1503 1275 65 29 party
1580 1271 55 23 does
1647 1273 40 20 not
1698 1270 78 21 resent
1786 1265 60 24 what
1858 1265 19 22 is

1294 1308 90 26 deemed
1397 1315 28 16 an
1437 1306 79 29 insult,
1526 1306 37 23 his
1573 1304 116 23 character
1700 1302 20 22 is
1732 1298 112 31 damaged
1854 1298 25 22 iv

1295 1343 37 24 the
1344 1341 67 25 circle
1421 1345 23 19 to
1456 1338 75 25 which
1540 1338 29 24 he
1579 1336 104 30 belongs.
1716 1333 55 24 And
1783 1333 19 22 if
1811 1332 29 23 he
1851 1331 28 23 do

1295 1379 75 21 resent
1386 1375 27 27 it,
1423 1374 31 31 by
1467 1371 146 31 challenging
1632 1369 38 24 the
1681 1367 113 30 insulting
1805 1368 74 28 party,

1296 1409 43 24 and
1351 1407 67 25 death
1439 1413 82 17 ensues
1538 1404 29 24 he
1581 1404 22 23 is
1620 1401 77 31 loudly
1710 1397 139 30 denounced,
1861 1397 19 23 if

1296 1446 40 19 not
1355 1440 117 25 otherwise
1493 1437 121 33 punished.
1649 1434 77 24 When
1749 1432 91 31 opinion
1860 1430 20 23 is

1296 1473 122 26 confirmed
1429 1472 44 24 and
1491 1470 103 31 strongly
1606 1467 122 33 expressed
1750 1466 23 23 in
1790 1463 90 32 opposi-

1298 1509 45 23 tion
1355 1512 23 18 to
1396 1505 109 31 duelling,
1519 1504 37 23 the
1572 1501 132 32 legislature
1722 1506 53 23 may
1787 1496 94 33 proceed

1298 1547 22 18 to
1340 1540 63 24 work
1421 1538 57 24 with
1496 1536 125 31 advantage
1640 1539 22 18 to
1684 1533 38 24 the
1743 1530 138 31 community

1298 1573 72 25 which
1381 1573 19 23 it
1417 1575 136 28 represents,
1564 1569 44 23 but
1625 1571 40 20 not
1675 1566 59 24 until
1746 1565 50 23 that
1806 1562 77 32 period

1298 1608 93 23 arrives.
1438 1605 25 23 It
1484 1605 20 22 is
1522 1602 114 32 profitless
1659 1600 20 23 if
1702 1603 41 19 not
1764 1595 118 33 positively

1298 1639 150 25 mischievous
1461 1642 22 19 to
1495 1636 104 32 legislate
1606 1635 25 23 in
1642 1632 147 31 anticipation
1799 1630 26 23 of
1834 1629 48 31 opi-

1298 1674 63 23 nion.
1396 1671 69 24 Laws
1482 1677 54 23 may
1553 1669 28 23 be
1602 1672 38 19 too
1658 1665 60 32 good
1734 1665 37 23 for
1789 1671 14 15 a
1824 1669 59 17 com-

1300 1710 86 26 munity
1409 1704 44 24 and
1482 1703 171 23 Governments
1681 1703 37 19 too
1748 1696 134 30 intelligent.

1300 1739 100 32 Opinion
1412 1744 52 24 may
1474 1736 29 23 be
1515 1736 48 31 ripe
1575 1735 36 23 for
1620 1741 13 15 a
1646 1732 86 30 change
1743 1730 45 24 and
1799 1733 38 27 yet
1847 1727 39 25 the

1300 1773 64 30 signs
1386 1775 39 19 not
1445 1773 117 28 apparent.
1599 1766 77 23 When
1693 1765 19 23 it
1729 1764 21 23 is
1773 1761 113 32 supposed

1301 1806 48 23 that
1362 1804 89 31 opinion
1463 1804 21 23 is
1496 1809 31 24 up
1539 1806 22 19 to
1574 1800 39 23 the
1624 1798 73 29 mark,
1712 1797 38 24 the
1760 1795 52 25 best
1823 1794 64 24 mode

1301 1841 28 22 of
1336 1838 84 30 testing
1431 1837 39 23 the
1486 1835 48 24 fact
1544 1835 20 23 is
1576 1837 23 20 to
1612 1835 95 28 suggest
1724 1830 38 23 the
1773 1828 116 32 propriety

1302 1872 25 24 of
1337 1870 134 33 petitioning
1482 1868 39 24 the
1533 1866 146 31 Legislature
1692 1868 22 20 to
1727 1862 67 25 make
1806 1862 37 22 the
1855 1860 34 23 al-

1303 1905 95 24 teration
1420 1902 76 25 suited
1517 1905 24 19 to
1562 1900 40 23 the
1625 1899 73 23 times.
1748 1895 43 23 We
1813 1893 74 24 would

1303 1937 111 25 therefore
1425 1934 109 25 conclude
1545 1934 30 30 by
1587 1932 86 29 stating
1684 1930 50 24 that
1750 1928 38 24 the
1800 1930 91 29 present

1303 1972 21 23 is
1336 1978 13 16 a
1362 1969 96 24 suitable
1470 1971 101 20 moment
1592 1966 35 23 for
1638 1964 85 29 testing
1741 1962 39 23 the
1797 1964 58 19 state
1867 1959 24 23 of

1303 2003 99 30 opinion,
1415 2000 130 30 respecting
1556 1997 39 23 the
1607 2003 79 16 course
1696 1996 40 21 the
1745 1993 146 29 Legislature

1305 2035 69 30 ought
1386 2039 23 19 to
1420 2034 28 22 be
1461 2031 73 24 called
1545 2037 61 24 upon
1619 2034 22 18 to
1653 2027 50 24 deal
1715 2027 55 22 with
1782 2025 38 23 the
1839 2023 52 24 bar-

1305 2070 82 21 barous
1399 2070 88 20 custom
1500 2064 25 24 of
1535 2062 112 29 duelling.

1379 2128 79 24 NEW
1477 2124 163 26 ZEALAND
1659 2119 157 27 SOCIETY.

48 180 169 52 PROBATE
232 179 27 22 of
269 177 38 23 the
315 177 45 23 last
373 174 53 23 Will
442 172 43 23 and
499 172 132 22 Testament

120 209 24 22 of
156 214 38 21 my
203 207 45 22 late
257 204 92 24 brother
357 201 34 23 W.
407 200 29 23 V.
451 200 95 24 Brewer,
569 197 61 26 Esq.,

48 237 42 21 has
104 236 59 21 been
180 233 45 23 this
239 232 44 27 day
297 228 95 30 granted
409 232 22 17 to
446 233 44 19 me,
501 232 45 15 one
557 224 25 22 of
594 224 37 21 the

49 263 124 22 Executors
184 259 87 23 therein
282 255 88 27 named,
381 253 45 23 and
439 253 11 22 I
461 253 57 22 have
528 252 103 26 appoint-

48 290 28 21 ed
85 289 28 22 R.
125 289 26 21 R.
160 289 89 24 Strang,
256 285 61 30 Esq.,
328 283 37 21 the
374 279 82 24 official
465 278 168 23 administrator

49 316 27 22 of
87 315 37 22 the
143 313 111 23 Southern
271 309 92 24 District
377 307 26 22 of
421 306 57 23 New
494 304 84 26 Ulster,
595 309 38 20 my

50 343 77 26 Agent
136 344 23 18 at
169 339 143 26 Wellington,
325 336 35 21 for
367 334 38 23 the
411 339 107 23 purposes
525 332 27 20 of
558 336 75 20 carry-

48 369 41 27 ing
98 368 37 22 the
146 366 49 23 said
205 364 52 22 Will
267 364 46 21 into
323 362 72 22 effect.

321 395 108 21 Charles
443 392 27 22 B.
484 391 108 21 Brewer,

433 417 114 23 Barrister-
551 414 82 26 at-law,

514 442 92 22 Nelson.

78 484 144 26 Wellington,
235 480 44 23 this
289 480 38 23 6th
337 477 87 27 March,
437 476 60 22 1844.

52 536 30 19 X
103 532 41 24 AN
148 532 90 23 DING,
247 538 29 15 ex
287 531 109 23 Governor,
407 526 43 23 and
461 526 35 22 for
503 524 47 22 gale
559 525 24 19 at
598 521 38 22 the

62 551 10 27 I
87 561 12 17 A
129 560 74 21 Stores
214 558 26 22 of
246 557 37 22 the
295 553 150 28 undersigned
445 563 28 5 —

80 594 23 22 A
113 593 76 23 choice
199 593 132 21 assortment
340 589 25 22 of
378 588 74 25 wines,
464 583 122 28 consisting
598 582 39 22 of:

74 620 150 27 .Champagne
234 618 23 22 in
267 618 59 26 pints
337 615 44 23 and
390 616 83 26 quarts,

81 645 123 29 Burgundy
214 645 23 21 in
246 645 61 27 pints
316 642 46 22 and
370 643 83 25 quarts,

80 673 80 26 Claret,
178 671 65 27 hock,
256 668 104 26 onoselle,
377 666 74 26 lunell,
465 665 90 25 Lisbon,
567 663 45 21 and
626 668 14 16 a

52 700 45 22 few
108 706 61 16 cases
179 699 24 21 of
212 705 53 19 very
274 696 100 27 superior
390 693 36 22 old
438 696 49 24 port
497 692 45 21 and
553 692 85 23 sherry.

80 727 97 24 Quarter
193 724 64 22 casks
271 723 26 22 of
308 725 55 25 port,
374 720 64 23 hhds.
450 719 27 22 of
484 719 95 26 brandy,
596 719 44 19 and

55 760 61 15 cases
125 752 25 21 of
157 752 103 25 Geneva,
456 772 6 6 .

84 778 55 23 Also
149 786 14 14 a
172 778 42 21 few
224 783 61 16 cases
295 776 27 21 of
328 781 54 20 very
390 778 100 24 superior
499 773 91 26 Uquers,

83 804 90 24 Bottled
181 807 61 19 stout
250 803 23 22 in
283 802 63 22 three
355 801 70 22 dozen
436 799 71 26 casks,

85 833 21 21 A
115 831 64 23 small
191 833 131 19 assortment
331 828 25 22 of
362 826 70 23 ladies
442 828 58 22 neck;
510 829 48 21 ties,
570 825 72 20 hand-

56 858 118 27 kerchiefs,
186 858 41 21 &c.
550 876 7 8 ,
604 875 6 7 ,

85 886 21 22 A
118 886 41 21 few
176 883 101 23 Victoria
294 881 78 29 plaids,
389 880 27 22 de
435 880 60 22 lame
515 879 44 20 and
579 879 65 19 other

58 912 91 26 dresses,

86 939 78 21 Gents,
175 939 87 20 cravats
268 935 43 23 and
318 934 68 23 scarfs
393 934 24 22 of
426 932 37 23 the
468 931 67 22 latest
541 931 103 26 patterns

57 966 23 21 in
90 969 62 22 great
160 964 93 25 variety,

87 992 76 21 Bloom
175 990 44 22 and
229 988 108 23 Valencia
347 993 77 16 raisins
434 993 23 14 in
468 986 78 23 boxes,

87 1018 112 26 Currants,
211 1016 76 22 drums
298 1015 26 22 of
331 1014 49 27 figs,

87 1045 49 21 Soft
144 1044 58 22 shell
213 1042 100 23 almonds
324 1040 45 23 and
379 1039 122 23 Barcelona
511 1040 59 21 nuts,

89 1070 90 24 Bottled
189 1070 72 26 fruits,
271 1068 91 28 pickles,
374 1073 83 19 sauces,
470 1065 76 25 olives,
557 1064 41 21 &c.

88 1098 131 26 Normandy
231 1096 86 28 pippins
327 1094 23 22 in
360 1094 95 25 baskets,

90 1124 94 24 Ground
190 1123 101 22 Jamaica
300 1122 84 27 ginger,
393 1126 101 22 cayenne
502 1123 89 23 pepper,
601 1119 46 19 and

50 1152 97 28 .ground
157 1151 128 22 cinnamon.

456 1172 74 22 Levin
545 1171 20 21 &
581 1170 38 22 Co.

89 1204 81 24 March
181 1206 21 24 8,
214 1203 60 22 1844.

61 1256 41 21 To
117 1255 52 21 Mr.
191 1254 106 25 George
316 1252 111 22 Durree,
447 1247 150 23 Constable
621 1246 31 21 of

193 1281 45 20 the
250 1278 172 26 Wellington
432 1275 78 22 Gaol.

62 1317 30 48 1
116 1313 130 25 HEREBY
268 1311 79 23 GIVE
369 1309 65 24 YOU
457 1307 124 27 NOTICE,
601 1307 50 22 that

122 1341 74 23 unless
207 1347 45 21 you
266 1339 60 22 fetch
342 1345 61 19 away
416 1343 57 21 your
486 1337 164 26 portmanteau,

62 1369 42 23 left
122 1369 30 26 by
170 1374 46 21 you
236 1369 23 19 at
273 1373 40 20 my
333 1366 74 22 house,
424 1363 47 22 and
486 1369 43 20 pay
546 1361 36 21 for
595 1367 57 20 your

144 1394 46 22 and
199 1394 92 25 lodging
310 1392 76 22 within
402 1390 102 23 fourteen
522 1388 55 25 days
593 1388 58 21 from

64 1423 45 21 this
124 1421 58 26 date,
202 1421 10 21 I
230 1420 56 22 shall
303 1419 41 22 sell
360 1418 37 22 the
412 1424 61 15 same
490 1418 23 19 to
527 1414 78 27 defray
623 1413 29 22 all

62 1456 117 21 expenses.

231 1473 95 21 Witness
341 1479 36 21 my
388 1472 66 25 hand,

372 1498 63 22 John
450 1496 116 25 Johnson,

434 1522 192 27 Lambton-quay.

92 1555 148 27 Wellington,
251 1552 82 24 Margh
342 1552 20 27 7,
378 1552 61 21 1844.
562 1581 94 8 ______

123 1608 101 21 Messrs.
250 1603 153 25 HOLROYD
429 1609 46 16 and
502 1599 97 26 HART,

233 1636 128 23 Notaries
383 1634 107 24 Public,

157 1679 39 14 IB
224 1677 42 15 AR
276 1677 20 18 O,
325 1671 242 18 WELLINGTON.

95 1703 134 27 September
236 1703 21 24 4,
269 1702 61 21 1843.

219 1747 40 21 To
274 1747 34 20 be
323 1745 67 21 Sold
403 1744 100 25 Cheap.

68 1783 54 48 A
149 1779 154 26 COTTAGE,
310 1776 123 30 pleasantly
440 1774 104 25 situated,
555 1773 104 22 contain-

144 1808 39 26 ing
191 1807 161 26 sitting-room,
362 1803 126 25 bed-room,
500 1801 48 22 and
557 1799 100 27 kitchen,

67 1835 58 22 Tvith
140 1842 14 14 a
169 1833 51 23 well
237 1831 123 24 cultivated
373 1830 91 27 garden.
509 1828 44 21 For
571 1827 88 21 further

69 1861 141 30 particulars,
221 1860 66 28 apply
303 1862 23 19 to
344 1858 44 22 Mr.
407 1857 54 25 Roe,
478 1858 23 19 at
517 1855 38 22 the
573 1855 87 20 Gazette

69 1889 75 22 office.

99 1922 113 26 February
222 1922 21 26 6,
256 1920 62 22 1844.

70 1975 189 50 WANTED,
284 1982 14 14 a
316 1975 70 22 Cook.
422 1973 46 22 For
486 1971 88 24 further
592 1969 69 29 parti-

170 2002 80 25 culars,
263 2001 66 28 apply
339 2004 24 18 to

346 2030 35 23 W.
397 2030 33 22 M.
446 2029 86 26 Smith,

414 2062 106 24 Tinakori
532 2062 103 26 Cottage.

103 2095 102 27 January
216 2095 33 24 16,
259 2093 63 22 1844.

75 2144 94 49 JUST
183 2142 133 23 OPENED,
323 2141 46 23 and
378 2148 30 14 on
419 2139 50 23 Sale
479 2142 23 19 at
510 2138 40 23 the
560 2137 72 22 Office
643 2136 21 21 of

140 2170 44 22 this
195 2170 77 23 Paper.
283 2169 39 21 inK
332 2167 77 22 stands
419 2170 21 18 oi
450 2173 90 14 various
550 2172 64 14 sizes.
