2590 4039
1940 3547 38 16 The
1989 3547 49 16 New
2048 3547 98 19 Zealand
2156 3547 95 17 Gazette
2257 3547 37 17 and
2304 3547 135 17 Wellington
2450 3547 49 15 Skc-

1919 3571 63 12 tatoh
1987 3568 16 15 is
2009 3567 98 21 published
2113 3571 54 17 every
2174 3567 114 22 Wednesday
2298 3568 37 16 and
2346 3568 93 20 Saturday.
2458 3565 39 17 Sub-

1917 3588 61 21 joined
1984 3592 31 12 are
2022 3588 32 16 the
2060 3589 64 15 terms:
2125 3596 22 3 —

1940 3609 62 16 Price
2008 3613 25 12 or
2040 3613 41 12 the
2088 3608 73 17 Papjer.
2161 3615 23 5 —
2184 3608 56 21 Forty
2245 3608 85 22 shillings
2335 3613 35 17 per
2379 3613 73 14 annum,
2461 3610 36 18 pay-

1919 3629 41 17 able
1966 3630 18 16 in
1991 3629 90 19 advance;
2092 3632 19 13 or
2116 3629 87 20 sixpence
2210 3629 29 17 for
2245 3629 59 22 single
2315 3630 93 16 numbers.

1940 3651 31 16 All
1976 3651 66 18 orders,
2053 3650 159 19 advertisements,
2221 3651 39 16 and
2270 3650 163 17 communications
2443 3650 18 15 to
2470 3649 27 15 tn«

1920 3672 68 18 Editor,
1993 3675 31 12 are
2030 3670 97 21 requested
2132 3670 19 16 to
2156 3670 24 16 be
2186 3670 101 18 addressed
2292 3672 19 15 to
2317 3671 39 17 this
2361 3671 63 17 Office.

1940 3691 155 18 Advertisements
2101 3690 37 17 will
2143 3691 34 16 not
2182 3694 69 17 appear
2259 3691 22 17 in
2290 3691 33 17 the
2332 3691 80 21 ensuing
2422 3689 70 18 number

1919 3712 17 17 if
1944 3711 81 18 received
2030 3710 48 17 later
2084 3710 44 18 than
2139 3711 21 16 10
2167 3710 74 20 o'clock,
2249 3716 50 15 a.m.,
2304 3716 25 13 on
2335 3712 33 16 the
2375 3711 89 20 mornings
2470 3710 27 15 be-

1919 3734 39 16 fore
1970 3731 117 21 publication.
2107 3731 161 19 Advertisements
2280 3733 39 16 will
2328 3733 23 16 be
2361 3731 97 18 continued
2464 3728 31 18 and

1919 3753 75 20 charged
2005 3752 50 16 until
2064 3752 167 20 counter-ordered;
2242 3753 46 17 such
2294 3753 54 17 order
2353 3754 52 16 must
2410 3753 21 16 be
2438 3752 38 16 sent
2481 3751 15 13 to

1920 3775 31 16 the
1960 3773 53 17 Office
2024 3774 37 15 two
2080 3773 43 19 days
2141 3773 62 17 before
2214 3774 119 20 publication,
2344 3773 37 17 and
2391 3773 49 16 must
2448 3772 21 16 be
2478 3770 17 15 in

1919 3793 76 21 writing.
2010 3790 6 9 s
2019 3792 157 18 Advertisements
2189 3794 84 17 received
2290 3794 53 22 after
2360 3795 22 16 10
2398 3792 64 18 o'clook
2475 3793 20 13 on

1919 3815 81 19 Tuesday
2012 3813 38 16 and
2061 3813 64 21 Friday
2135 3814 96 22 mornings
2242 3815 38 17 will
2289 3816 24 16 be
2323 3814 79 20 charged
2412 3813 50 18 twioe
2469 3810 27 17 the

1919 3835 54 17 usual
1977 3836 53 15 rates.

1920 3877 72 16 Printed
2005 3876 38 16 and
2056 3876 97 20 published
2169 3880 57 17 every
2241 3876 115 19 Wednesday
2372 3875 36 16 and
2417 3872 80 19 Saturday

1940 3897 87 20 morning,
2041 3897 25 20 by
2084 3897 84 16 Samuel
2182 3897 90 18 Revavs,
2288 3897 20 15 at
2323 3896 32 16 the
2372 3896 52 16 Offies
2440 3893 19 17 of
2469 3894 26 14 tn»

1940 3918 46 16 New
2001 3918 98 16 Zealand
2110 3918 93 15 Gahttx
2215 3921 41 12 aw»
2269 3916 137 17 Wbllikoton
2421 3912 76 19 SmctaJ

1940 3943 41 11 tou.
1994 3938 155 19 Manaers-strttt,
2158 3937 116 21 Wellington,
2288 3937 44 17 Port
2337 3936 110 22 {Nicholson,
2455 3935 28 15 .»•

105 3509 144 31 Despatches
269 3509 59 24 from
349 3509 39 24 the
408 3510 119 25 Governor
547 3512 25 23 of
603 3512 55 25 New

72 3542 101 23 Zealand
184 3549 58 17 were
262 3542 103 24 received
381 3550 28 16 on
422 3543 94 32 Sunday
526 3549 24 19 at
561 3545 39 23 the
613 3546 45 23 Co-

71 3574 157 23 lonial-office.

102 3606 146 33 Despatches
258 3608 36 24 for
306 3608 38 24 the
356 3608 131 24 Govetnois
503 3610 25 22 of
543 3610 38 23 the
592 3610 63 24 West

72 3639 68 24 India
152 3640 99 24 colonies
262 3649 57 16 were
331 3646 52 19 sent
394 3642 35 23 off
437 3650 30 15 on
477 3643 103 30 Monday
590 3651 65 16 even-

70 3673 43 29 ing
122 3672 59 24 from
192 3672 39 24 the
243 3674 114 24 Colonial-
361 3676 73 22 office.

105 3704 87 24 Father
203 3705 100 25 Mathew
314 3714 47 17 waß
371 3709 25 22 in
406 3707 108 32 England
526 3710 133 30 converting

70 3738 134 23 thousands.
211 3752 3 3 -

103 3771 138 24 Drawing-
248 3778 24 16 it
281 3771 76 26 Fine.
359 3785 35 6 —
394 3774 21 23 A
427 3774 92 24 learned
526 3775 132 31 gentleman

70 3811 52 23 says
122 3815 30 6 —
152 3804 68 23 '■That
231 3806 226 25 transcendentalism
469 3808 19 23 is
501 3808 37 24 the
547 3808 109 31 spiritual

70 3843 153 24 cognoscence
245 3838 24 22 of
300 3838 153 32 psycological
477 3841 180 31 irrefragibility,

69 3869 125 24 connected
222 3871 52 23 with
303 3872 133 23 concuitant
473 3874 131 31 ademption
635 3874 25 23 of

70 3901 169 25 encblumulent
264 3904 141 31 spi.ituality
436 3906 44 22 and
512 3907 146 24 etherialised

59 3936 145 23 -contention
215 3936 26 23 of
255 3937 130 31 subsultory
398 3939 137 24 concretion.
569 3955 2 4 •

672 149 183 25 DUELLING
869 158 6 15 :
906 149 74 25 THE
1009 148 180 24 PROGRESS
1215 148 43 23 OF

889 181 156 25 OPINION.

705 221 121 30 Although
844 221 40 24 the
898 221 74 24 Court
991 221 44 22 and
1054 220 37 23 the
1104 219 156 24 Government

672 261 52 23 may
737 254 44 23 feel
792 254 106 30 disposed
918 259 22 19 to
952 254 56 23 offer
1028 254 90 29 passive
1135 252 124 24 resistance

674 292 21 18 to
708 287 38 23 the
757 287 108 31 agitation
877 294 51 16 now
937 286 99 24 directed
1047 286 90 30 against
1149 284 109 31 duelling,

673 320 18 22 it
712 320 19 22 is
748 320 107 31 palpable
872 320 51 23 that
939 319 78 31 public
1036 318 84 30 feeling
1140 325 62 23 upon
1224 318 36 23 the

674 352 90 31 subject
780 353 20 22 is
819 353 90 31 rapidly
922 352 118 30 assuming
1057 359 14 15 a
1083 356 50 18 tone
1145 351 30 30 by
1186 350 74 24 which

675 385 64 23 these
749 385 160 32 impediments
917 389 63 20 must
988 385 29 23 be
1025 384 133 24 overborne.
1169 383 93 24 Amidst

674 418 131 31 conflicting
818 419 68 23 views
898 419 25 23 of
940 418 37 23 the
994 422 80 19 nature
1086 416 25 24 of
1126 417 39 23 the
1183 417 77 28 crime,

674 459 30 16 no
722 452 145 30 suggestions
888 451 68 24 reach
975 458 29 16 us
1014 450 41 23 but
1068 450 52 23 such
1135 457 26 16 as
1173 456 39 16 are
1224 457 37 16 ac-

676 484 131 31 companied
818 485 31 30 by
858 491 30 16 an
900 488 90 20 earnest
1000 483 43 23 call
1053 483 34 23 for
1098 490 117 16 measures
1228 490 33 15 to-

676 518 73 23 wards
760 518 29 22 its
801 518 155 30 suppression,
970 516 43 23 and
1025 516 72 23 which
1114 516 64 30 point
1189 519 25 19 at
1225 515 37 23 the

676 558 62 16 same
750 550 54 24 time
824 555 23 19 to
858 549 39 24 the
918 554 80 25 strong
1010 549 162 31 opportunities
1184 548 24 23 of
1226 548 36 23 the

676 588 94 26 present
784 587 108 19 moment.

710 616 52 23 Our
770 616 182 31 correspondent,
1025 615 74 23 Hater
1112 614 24 23 of

677 649 75 23 whose
770 649 113 31 proposed
900 648 92 30 remedy
1003 656 33 15 we
1055 647 101 24 inserted
1173 654 16 15 a
1206 646 57 23 fort-

677 682 67 30 night
761 682 66 29 back,
839 682 125 31 complains
982 681 49 23 that
1042 688 32 15 we
1091 680 60 23 have
1168 679 71 23 taken
1251 687 13 15 a

677 715 126 24 half-sided
819 715 55 23 view
888 715 25 23 of
929 715 37 22 the
978 715 105 29 question
1099 713 24 23 in
1141 713 124 31 proposing

678 753 22 17 to
712 748 88 23 abolish
813 747 102 31 duelling
931 747 30 31 by
973 747 39 23 the
1022 746 110 24 infliction
1145 746 25 23 of
1185 745 79 31 penal-

678 781 42 23 ties
861 780 112 31 anything
992 779 42 23 has
1053 779 58 24 been
1131 778 93 24 devised
1243 783 21 18 to

677 814 84 31 supply
773 814 30 22 its
822 814 64 31 place
938 813 42 23 but
1003 812 45 23 this
1069 812 136 30 impression
1224 819 41 16 can

678 847 53 30 only
742 847 57 23 have
811 846 100 24 resulted
923 847 57 23 from
993 854 13 14 a
1017 844 125 25 half-sided
1152 845 112 30 interpre-

679 880 70 23 tation
771 880 26 23 of
817 887 41 16 our
879 879 112 24 remarks.
1038 878 45 23 We
1105 877 46 24 had
1173 877 92 31 already

678 913 90 23 noticed
786 913 36 23 his
832 920 49 16 own
900 913 132 30 suggestion
1043 920 7 20 ;
1071 911 41 23 but
1123 915 66 26 apart
1208 910 56 24 from

679 945 54 29 this,
746 945 38 24 the
792 953 54 23 very
853 945 111 31 penalties
971 944 73 23 which
1051 951 34 16 we
1093 943 173 24 recommended

679 978 76 24 would
775 986 64 23 carry
850 978 31 30 by
899 978 58 24 their
977 981 128 20 enactment
1122 984 14 16 a
1153 976 114 24 sufficient

679 1011 170 31 compensation
860 1012 36 22 for
908 1010 37 24 the
957 1010 62 32 right
1031 1010 25 23 of
1066 1009 117 31 slaughter
1194 1009 72 24 which

679 1043 53 32 they
751 1052 39 16 are
807 1043 108 25 intended
935 1049 22 18 to
978 1042 95 24 abolish.
1111 1043 23 23 It
1145 1050 47 16 was
1212 1050 53 23 pro-

678 1077 72 31 posed
761 1077 49 24 that
827 1085 44 22 any
883 1084 83 24 person
984 1076 95 31 holding
1095 1083 14 16 a
1120 1075 146 24 commission

678 1111 24 23 in
714 1110 41 24 her
767 1110 121 31 Majesty's
906 1110 94 28 service,
1013 1109 49 23 who
1078 1108 82 24 should
1171 1116 94 23 engage,

678 1143 120 29 hereafter,
811 1143 72 24 either
902 1151 26 15 as
944 1143 112 31 principal
1067 1150 24 16 or
1111 1142 83 23 second
1213 1142 24 23 in
1255 1151 12 14 a

679 1176 61 29 duel,
754 1176 80 24 should
854 1176 29 24 be
895 1176 89 32 subject
1006 1180 23 19 to
1040 1175 122 29 dismissal,
1175 1175 46 23 and
1239 1176 28 23 be

678 1210 168 32 incapacitated
857 1210 59 23 from
928 1209 94 29 holding
1034 1209 151 31 employment
1197 1208 71 24 under

679 1242 40 24 tbe
733 1243 82 23 Crown
825 1251 6 20 ;
852 1243 43 23 and
908 1242 20 23 if
942 1250 33 15 we
987 1249 52 24 may
1051 1249 98 24 suppose
1161 1241 50 23 that
1222 1245 23 19 to
1255 1250 14 15 a

679 1276 91 28 soldier,
784 1283 24 16 or
818 1275 65 24 other
895 1275 83 29 officer,
989 1282 68 23 every
1065 1276 120 30 grievance
1193 1275 75 23 would

679 1316 63 16 seem
756 1308 70 31 slight
843 1308 120 32 compared
973 1308 56 23 with
1046 1308 49 23 that
1106 1308 26 23 of
1148 1308 70 31 being
1229 1308 38 24 de-

679 1342 80 31 prived
769 1342 87 23 forever
867 1341 26 24 of
911 1341 37 24 the
968 1341 72 24 honor
1051 1341 25 24 of
1094 1340 124 32 defending
1230 1341 37 23 his

680 1376 119 29 sovereign
820 1374 44 24 and
881 1375 38 23 his
939 1379 103 26 country,
1055 1374 18 23 it
1091 1374 46 23 will
1157 1374 28 23 be
1206 1374 62 30 plain

680 1407 49 24 that
742 1409 23 22 in
783 1408 37 23 the
832 1408 50 23 risk
894 1408 25 23 of
936 1407 116 31 forfeiting
1063 1407 49 23 that
1131 1407 89 23 honour
1239 1415 28 15 an

680 1442 191 29 over-mastering
884 1448 78 16 reason
979 1441 21 22 is
1012 1440 118 23 furnished
1148 1444 22 19 to
1182 1440 49 23 him
1246 1444 22 19 to

681 1473 87 25 decline
781 1482 13 15 a
806 1473 125 31 challenge,
945 1473 44 23 and
1002 1473 49 23 that
1068 1473 39 23 the
1119 1473 116 23 existence
1248 1473 23 24 of

681 1506 45 24 this
739 1514 81 17 reason
830 1506 75 24 would
916 1507 28 23 be
956 1506 114 23 sufficient
1081 1511 22 18 to
1112 1506 72 23 throw
1196 1514 72 24 popu-

680 1539 34 24 lar
734 1540 76 24 odium
824 1540 24 23 of
868 1539 39 24 the
928 1539 110 30 strongist
1055 1538 56 24 kind
1123 1546 62 24 upon
1206 1539 63 24 those

681 1572 49 24 who
744 1573 73 31 might
827 1572 56 24 offer
897 1572 38 24 the
945 1572 98 31 slighest
1053 1572 126 31 disrespect
1191 1577 22 18 to
1227 1580 42 16 one

681 1606 76 23 whose
768 1606 73 23 hands
860 1613 59 16 were
938 1605 54 24 thus
1010 1606 52 27 tied,
1076 1605 66 23 while
1161 1605 19 23 it
1196 1605 73 24 would

680 1639 48 23 also
737 1639 41 24 fall
787 1638 55 24 with
853 1638 50 24 like
914 1639 97 30 severity
1020 1646 61 24 upon
1092 1646 42 15 one
1147 1638 50 23 who
1205 1638 64 24 hold-

680 1673 41 30 ing
728 1680 14 15 a
750 1672 155 28 commission,
914 1672 81 23 should
1004 1672 112 30 wantonly
1125 1672 72 23 insult
1206 1672 63 23 those

681 1710 22 18 to
722 1705 74 23 whom
813 1705 31 23 he
860 1706 22 22 is
899 1705 83 23 unable
1001 1709 22 18 to
1044 1705 55 23 offer
1120 1705 147 24 satisfaction.

707 1738 61 24 Cure
908 1738 109 23 exclaims
1029 1746 40 15 our
1081 1738 187 31 correspondent,

707 1772 25 23 of
742 1772 29 22 its
785 1771 118 23 toleration
915 1771 24 23 of
948 1771 99 24 insolent
1057 1771 115 23 behavour
1184 1779 6 20 ;
1206 1772 63 23 teach

681 1805 17 23 it
711 1809 23 19 to
748 1804 53 24 take
818 1804 59 31 park
889 1804 56 23 with
964 1804 38 23 the
1014 1804 98 24 insulted
1120 1813 6 20 ;
1149 1804 45 23 and
1206 1804 63 24 duels

681 1837 45 24 will
737 1837 40 24 fall
789 1838 24 23 of
824 1837 146 24 themselves.
1008 1837 24 23 It
1048 1838 21 22 is
1082 1842 38 18 not
1132 1845 53 23 easy
1198 1842 22 18 to
1232 1845 37 16 see

680 1871 51 23 how
744 1879 13 14 a
769 1870 67 24 much
848 1877 62 16 more
921 1870 90 23 efficent
1022 1870 118 31 schooling
1151 1871 24 23 of
1185 1872 85 30 society

681 1903 67 24 could
768 1904 28 23 be
809 1903 116 24 contrived
938 1903 54 23 than
1013 1904 23 23 in
1054 1903 37 23 the
1105 1911 79 16 course
1197 1904 73 23 which

681 1936 29 24 he
723 1937 131 23 condemus.
891 1936 25 23 It
928 1941 61 19 must
1008 1936 28 24 be
1049 1936 162 30 remembered,
1224 1941 45 25 too,

682 1969 49 24 that
743 1971 24 22 in
780 1970 44 23 this
837 1977 51 15 case
909 1969 36 24 the
964 1969 110 31 penalties
1086 1969 89 31 applied
1198 1974 22 19 to
1234 1970 36 23 the

681 2002 126 24 individual
820 2002 77 23 confer
914 2002 129 23 distinction
1063 2010 60 22 upon
1142 2002 38 23 the
1194 2003 58 23 class
1262 2013 5 18 ;

682 2035 105 31 showing
805 2035 56 27 that,
878 2035 24 22 in
921 2035 36 23 the
977 2041 52 23 eyes
1042 2035 25 22 of
1081 2034 38 23 the
1137 2035 132 30 Sovereign,

683 2067 39 24 the
742 2068 57 23 lives
812 2068 25 23 of
856 2068 29 22 its
904 2067 112 24 members
1027 2075 37 15 are
1086 2071 36 20 too
1134 2067 104 24 valuable
1249 2072 21 19 to

683 2101 27 23 be
722 2101 79 23 risked
818 2101 23 23 in
853 2108 14 14 a
885 2099 104 32 personal
1001 2100 96 31 quarrel.
1135 2099 50 25 The
1199 2100 72 24 whole

683 2133 91 24 scheme
786 2141 24 16 as
823 2134 73 23 stated
908 2133 29 31 by
945 2141 28 15 us
980 2138 104 18 amounts
1095 2138 27 18 to-
1129 2141 30 15 an
1166 2133 103 24 honour-

682 2166 51 24 able
745 2167 138 31 prohibition
892 2175 6 20 ;
919 2167 42 23 and
975 2166 19 23 if
1004 2166 46 23 this
1062 2166 130 23 distinction
1206 2167 66 23 could

683 2200 28 23 be
730 2200 111 23 extended
860 2205 41 18 not
922 2199 52 30 only
993 2204 22 18 to
1034 2199 63 23 those
1118 2199 96 31 holding
1234 2200 37 23 the

684 2233 77 30 Royal
780 2233 153 28 commission,
954 2233 42 22 but
1016 2237 22 18 to
1057 2232 37 23 the
1115 2232 114 24 members
1250 2233 23 23 of

684 2266 56 23 both
759 2266 93 23 Houses
865 2265 25 24 of
905 2266 38 23 the
962 2265 153 30 Legislature,
1134 2273 32 15 we
1187 2266 85 23 believe

684 2298 50 24 that
754 2299 18 23 it
783 2298 73 24 would
874 2307 67 15 cause
960 2307 28 15 no
1001 2298 136 29 discontent,
1159 2298 44 24 and
1224 2299 48 23 that

684 2332 110 30 duelling,
808 2332 52 23 thus
873 2331 161 31 extinguished
1052 2339 83 23 among
1147 2331 37 23 the
1202 2333 70 29 really

684 2364 148 29 fashionable,
855 2365 74 23 would
947 2372 54 23 very
1013 2372 56 15 soon
1090 2364 28 24 be
1139 2364 132 24 abandoned

685 2398 29 29 by
726 2398 60 23 their
797 2398 121 23 imitators.

718 2431 49 23 But
779 2430 88 31 enough
878 2430 25 24 of
920 2430 64 24 these
1002 2430 85 31 points.
1135 2430 51 24 The
1208 2436 63 25 great

683 2464 47 23 fact
743 2464 77 23 stands
832 2464 86 31 plainly
931 2468 46 25 out,
991 2464 48 23 that
1051 2472 13 15 a
1076 2463 104 31 loathing
1191 2465 26 22 of
1233 2465 37 22 the

684 2497 49 23 vice
746 2498 20 22 is
778 2496 59 31 daily
848 2497 130 30 increasing
988 2506 7 20 ;
1015 2497 48 24 that
1084 2498 29 22 its
1125 2498 146 29 suppression

683 2530 22 23 is
717 2530 73 24 called
801 2530 35 23 for
844 2539 7 20 ;
869 2530 47 24 and
929 2530 48 24 that
996 2529 38 24 the
1045 2529 118 32 difficulty,
1175 2530 21 23 if
1209 2530 62 24 there

683 2563 21 23 is
716 2571 14 15 a
742 2563 118 31 difficulty,
874 2564 97 23 consists
979 2567 39 20 not
1028 2564 23 22 in
1059 2563 88 31 finding
1157 2571 12 15 a
1178 2564 92 30 remedy

684 2596 48 24 but'
747 2597 25 23 in
793 2596 111 31 selecting
926 2597 37 23 'he
982 2597 60 23 best.
1089 2596 138 24 Discussion
1249 2597 22 23 in

684 2629 142 24 Parliament
839 2630 75 23 would
924 2630 58 23 have
994 2629 77 24 drawn
1081 2629 61 24 forth
1154 2629 39 24 the
1203 2630 68 23 views

684 2662 26 24 of
724 2662 40 24 the
776 2662 58 24 class
846 2667 61 19 most
919 2663 129 28 interested,
1070 2663 43 23 and
1130 2662 75 24 would
1215 2662 56 24 have

684 2695 111 24 rendered
807 2695 39 24 the
857 2695 55 24 task
923 2703 29 16 an
972 2703 54 23 easy
1046 2703 42 16 one
1098 2705 6 19 ;
1123 2695 42 24 but
1185 2696 86 23 neither

685 2729 60 23 from
757 2729 39 23 the
808 2729 101 28 Throne,
928 2729 58 23 from
1006 2729 37 23 the
1063 2729 129 29 Ministers,
1214 2729 57 23 from

686 2761 38 23 the
744 2761 79 28 Peers,
840 2761 121 31 Temporal
984 2770 25 15 or
1029 2762 118 31 Spiritual,
1160 2769 43 16 nor
1215 2762 56 23 from

685 2794 39 23 the
737 2794 83 23 Lower
832 2794 90 29 House,
942 2802 76 16 comes
1037 2802 42 16 one
1095 2795 63 23 word
1177 2795 27 23 of
1218 2803 53 15 con-

684 2827 138 30 gratulation
841 2835 62 23 upon
923 2827 36 24 the
978 2828 115 31 improved
1117 2833 52 18 tone
1192 2828 25 24 of
1233 2828 38 24 the

685 2860 97 31 popular
792 2860 71 29 mind,
876 2868 26 16 or
914 2860 37 24 the
963 2861 105 30 slightest
1079 2862 51 22 hint
1142 2861 50 23 that
1201 2862 19 22 it
1227 2862 44 23 will

685 2893 28 22 be
726 2893 82 24 turned
822 2898 21 18 to
855 2894 59 30 good
927 2898 94 19 account
1029 2895 6 22 2

720 2926 83 24 Public
815 2928 116 29 opininon,
944 2927 97 23 hitherto
1053 2927 130 24 favourable
1194 2931 23 19 to
1234 2928 38 23 the

685 2959 125 31 degrading
827 2959 44 24 and
883 2960 97 30 impious
991 2961 105 30 practice,
1109 2965 24 18 at
1144 2961 80 29 length
1236 2962 35 23 in-

685 2992 72 24 clines
768 2997 23 18 to
803 2992 38 23 the
853 2992 64 24 other
937 2993 55 28 side,
1012 2994 44 22 and
1071 2994 41 23 has
1131 2994 65 23 made
1212 2994 61 23 itself

685 3025 118 31 distinctly
820 3025 70 24 heard
899 3034 6 20 ;
929 3027 47 27 but,
1003 3026 140 32 apparently,
1166 3027 18 23 it
1203 3027 20 22 is
1235 3032 37 26 yet

684 3059 103 30 wanting
797 3059 25 22 in
837 3060 63 22 force
920 3063 23 19 to
964 3067 117 16 overcome
1095 3060 38 23 the
1150 3060 82 23 inertia
1250 3061 23 22 of

685 3090 39 24 the
749 3091 164 25 Government.
970 3092 120 24 Sufficient
1111 3093 105 31 strength
1237 3093 35 24 for

684 3124 47 23 this
750 3124 47 23 will
816 3124 98 32 perhaps
933 3129 39 20 not
989 3125 29 24 be
1036 3126 155 24 accumulated
1215 3126 56 24 until

686 3157 98 24 another
793 3157 89 32 fatality
894 3157 53 25 take
958 3158 72 31 place,
1043 3159 64 24 when
1118 3159 41 24 the
1177 3159 94 24 barbar-

686 3198 43 15 ous
741 3190 109 32 privilege
862 3191 47 24 will
919 3192 29 23 be
960 3197 71 25 swept
1044 3200 63 23 away
1126 3192 32 31 by
1174 3200 15 16 a
1208 3192 64 24 burst

685 3223 26 23 of
725 3223 150 31 indignation,
888 3225 88 23 instead
987 3225 27 23 of
1027 3225 70 31 being
1114 3225 113 28 subdued,
1248 3234 24 14 as

684 3256 20 23 it
716 3256 83 23 should
809 3256 57 23 have
878 3257 66 29 been,
956 3258 57 23 with
1025 3258 37 23 the
1074 3258 59 24 calm
1144 3258 127 24 resolution

684 3288 52 24 that
745 3289 68 23 befits
823 3289 37 23 the
870 3290 201 31 accomplishment
1079 3291 25 24 of
1112 3300 14 15 a
1134 3291 73 24 moral
1219 3291 51 24 end.

686 3321 146 29 Meanwhile,
861 3322 111 29 however,
991 3324 69 23 much
1078 3324 59 32 good
1154 3324 43 24 has
1215 3324 57 24 been

685 3354 102 24 attained
806 3354 31 31 by
857 3355 40 23 the
919 3356 178 24 manifestations
1120 3358 26 22 of
1169 3357 103 30 changed

685 3387 85 31 feeling
790 3387 74 24 which
885 3388 57 24 have
966 3389 114 25 occurred.
1126 3390 40 32 Up
1188 3395 23 18 to
1234 3390 38 23 the

684 3425 94 26 present
796 3421 61 29 time,
876 3428 57 16 even
952 3422 64 23 those
1036 3423 30 30 by
1084 3423 75 24 whom
1170 3423 102 30 duelling

684 3453 42 23 has
738 3453 57 24 been
807 3458 59 19 most
877 3454 147 29 condemned,
1042 3455 55 24 have
1112 3456 58 24 been
1182 3456 89 24 divided

684 3494 26 15 as
723 3490 22 19 to
757 3486 39 23 the
805 3491 69 26 party
885 3487 31 30 by
927 3486 74 24 whom
1013 3488 38 23 the
1063 3489 93 31 deepest
1173 3497 97 23 respon-

684 3519 88 30 sibility
792 3519 82 23 should
890 3519 29 24 be
942 3520 78 24 borne.
1073 3521 50 24 The
1141 3523 131 22 immediate

685 3555 83 25 actors,
782 3552 38 23 the
832 3552 164 30 Government,
1009 3554 44 23 and
1074 3554 37 24 the
1132 3555 138 30 community

684 3589 25 18 at
719 3584 72 31 large,
803 3585 57 23 have
871 3584 30 24 all
912 3585 45 24 hud
966 3590 22 19 to
1000 3586 54 24 bear
1065 3595 14 15 a
1089 3589 90 29 portion
1192 3587 25 24 of
1234 3587 37 24 the

684 3617 36 23 sin
730 3626 7 20 ;
756 3618 45 23 and
820 3622 22 18 to
858 3617 39 24 the
914 3618 45 24 last
977 3618 40 25 the
1034 3619 101 25 heaviest
1156 3621 81 30 degree
1250 3620 23 24 of

684 3650 61 29 guilt
755 3650 41 23 has
806 3650 87 31 rightly
905 3651 56 23 been
973 3653 91 23 affixed.
1085 3653 186 24 Circumstances

684 3690 39 15 are
732 3690 52 16 now
795 3683 100 29 altered.;
909 3684 42 23 and
964 3684 18 23 it
994 3685 19 22 is
1024 3686 134 30 impossible
1170 3691 23 19 to
1205 3687 66 23 avoid

684 3714 39 24 the
745 3716 138 29 conclusion,
907 3716 49 24 that
975 3717 22 23 if
1018 3717 38 25 the
1074 3719 111 24 remedies
1198 3719 74 25 which

684 3747 58 24 have
765 3749 57 22 been
842 3750 113 30 proposed
974 3751 44 22 and
1038 3756 40 19 not
1097 3752 133 32 impugned,
1243 3753 28 24 be

684 3788 51 15 now
747 3780 82 31 wholly
842 3782 97 30 slighea,
951 3784 19 22 it
981 3783 45 23 will
1039 3784 27 23 be
1078 3784 29 31 by
1119 3786 39 22 the
1177 3791 94 25 present

684 3813 102 24 advisers
808 3815 26 22 of
855 3815 39 22 the
914 3815 90 29 Crown,
1024 3817 65 23 when
1111 3818 40 23 life
1171 3818 20 23 is
1215 3824 56 19 next

684 3847 125 29 sacrificed,
838 3847 51 24 that
917 3848 39 23 the
979 3849 93 31 deepest
1093 3851 177 32 accountability

684 3884 62 19 must
764 3880 28 23 be
810 3881 125 24 sustained.
984 3882 24 23 It
1024 3883 20 22 is
1063 3884 99 29 possible
1171 3883 51 24 that
1232 3884 38 24 the

684 3912 83 25 Queen
778 3921 52 23 may
841 3914 45 23 feel
897 3915 104 31 strongly
1012 3923 61 23 upon
1086 3916 36 23 the
1132 3917 73 30 point,
1218 3917 51 24 des-

683 3946 47 30 pite
742 3946 39 23 the
793 3946 145 24 indifference
951 3948 26 23 of
991 3948 38 23 the
1046 3949 108 24 Minister
1162 3959 6 18 ;
1189 3950 43 23 and
1253 3951 19 22 if

559 62 98 45 Wi)t
680 62 119 41 VStto
825 62 207 40 iSralaufe
1059 61 190 40 <J>a>cttc
1273 61 91 38 attn
1389 58 300 46 Wellington
1716 55 254 49 *pcctatoi\

1286 147 58 24 such
1356 148 27 22 be
1394 147 39 23 the
1445 154 60 22 case,
1516 147 36 23 the
1565 154 119 23 necessary
1697 147 108 30 practical
1813 154 62 16 mea-

1287 188 67 15 sures
1365 188 53 22 may
1429 184 40 26 yet
1479 180 29 23 be
1520 179 104 32 adopted.
1666 180 50 23 The
1728 180 147 23 Association

1286 214 36 22 for
1335 213 37 23 the
1384 213 197 31 discouragement
1593 214 26 22 of
1627 212 113 31 Duelling
1751 212 58 24 have
1820 221 55 15 con-

1288 245 73 24 vened
1372 254 13 15 a
1397 247 101 29 meeting
1509 250 23 19 to
1545 246 105 23 consider
1662 245 38 24 the
1716 247 117 29 propriety
1851 246 26 23 of

1286 279 135 31 presenting
1434 286 14 15 a
1459 279 116 23 memorial
1595 283 22 19 to
1633 278 41 24 her
1696 278 102 31 Majesty
1806 287 7 20 ;
1833 279 44 22 and

1288 312 45 23 this
1356 316 57 26 step,
1433 311 20 23 if
1479 312 103 23 resolved
1605 319 68 24 upon,
1704 311 44 23 will
1771 316 42 26 put
1836 311 37 23 the

1290 349 83 19 matter
1384 345 24 22 in
1420 344 31 23 its
1463 351 50 17 true
1525 345 106 30 position.
1633 356 33 5 —
1667 343 130 32 Spectator.

1323 377 142 24 American
1492 378 148 24 Duelling.
1643 389 34 5 —
1678 377 50 23 The
1751 377 125 23 American

1289 418 81 23 papers
1392 412 52 29 give
1467 419 30 15 an
1518 414 95 20 account
1631 410 24 23 of
1677 418 15 15 a
1710 410 53 23 duel
1784 415 24 17 at
1819 409 57 23 New

1290 443 106 28 Orleans,
1420 443 82 32 fought
1530 443 53 23 with
1613 443 37 23 the
1679 443 94 30 ferocity
1804 442 74 23 which

1290 476 163 24 characterises
1489 476 124 24 American
1653 475 110 31 duelling.
1827 475 51 23 The

1290 509 84 31 parties
1403 516 59 17 were
1483 509 49 25 Mr.
1552 508 117 29 Hueston,
1693 508 25 23 of
1743 509 38 22 tbe
1805 508 72 22 Baton

1290 541 81 31 Rouge
1388 541 103 30 Gazette,
1512 541 43 24 and
1579 542 38 23 the
1638 541 149 24 Honourable
1805 541 72 23 Alcee

1290 574 144 25 Labranche.
1482 575 62 24 Soon
1556 575 59 23 after
1624 574 48 24 Mr.
1683 574 136 24 Labranche
1831 581 47 15 saw

1292 608 39 23 the
1340 608 85 28 article,
1438 608 30 23 he
1480 607 69 25 beard
1566 607 51 24 that
1635 607 64 24 Mr..
1705 607 109 23 Hueston
1833 614 46 15 was

1291 641 25 23 in
1327 640 58 24 New
1397 641 99 23 Orleans
1505 650 6 20 ;
1525 641 44 23 and
1580 641 30 23 he
1621 645 24 19 at
1656 647 55 17 once
1723 640 54 23 took
1786 648 14 14 a
1811 639 67 29 stick,

1291 673 45 24 and
1347 678 58 19 went
1417 675 24 22 in
1452 675 80 22 search
1541 674 24 23 of
1574 673 56 24 him.
1662 673 38 24 He
1712 673 71 23 found
1796 673 80 23 Hues-

1292 711 39 19 ton
1351 711 24 19 at
1408 707 164 23 billiard-table
1582 706 54 24 with
1648 714 13 15 a
1673 714 41 15 cue
1725 707 25 22 in
1758 705 36 24 his
1806 705 72 24 hand.

1291 740 25 23 A
1326 739 46 24 few
1380 739 73 24 words
1460 740 82 31 passed
1552 739 103 24 between
1666 739 70 28 them,
1748 738 66 24 when
1829 738 48 24 Mr.

1292 772 118 24 Labrance
1434 773 80 23 struck
1532 772 47 24 him
1603 772 44 24 and
1666 772 104 23 followed
1793 779 31 24 up
1843 771 36 23 his

1292 805 71 24 blows
1373 807 87 22 several
1472 807 67 22 times
1550 805 77 24 before
1648 806 52 29 they
1721 812 59 16 were
1789 804 89 31 parted.

1293 838 75 24 When
1387 838 52 32 they
1459 847 57 16 were
1534 838 126 32 separated,
1682 840 18 21 it
1720 845 47 16 was
1784 837 96 31 thought

1293 871 49 24 that
1363 871 107 25 Hueston
1491 880 45 16 was
1556 871 71 24 killed
1638 880 7 21 ;
1676 871 43 23 and
1749 871 49 23 Mr.
1829 870 51 24 La-

1292 904 119 24 branche's
1423 904 86 28 friends
1522 904 56 25 tried
1590 909 23 19 to
1624 904 87 32 prevail
1721 911 63 24 upon
1796 904 47 23 him
1853 908 25 19 to

1293 937 63 24 leave
1375 938 37 23 the
1426 946 64 16 room
1502 938 44 24 and
1557 937 93 25 conceal
1661 937 99 28 himself,
1773 937 66 23 wheh
1850 936 30 24 he

1293 970 91 24 refused
1395 975 23 19 to
1429 970 36 25 do.
1511 971 33 24 At
1554 970 81 32 length
1646 970 30 24 he
1687 970 82 31 agreed
1783 974 23 19 to
1815 970 65 23 leave

1294 1003 37 24 the
1344 1011 62 17 room
1419 1004 43 23 and
1473 1012 30 23 go
1515 1009 22 19 to
1556 1011 63 17 some
1638 1003 64 32 place
1723 1003 23 23 in
1769 1003 37 23 the
1826 1003 53 30 city,

1293 1037 74 23 which
1382 1037 28 23 he
1431 1037 90 29 named,
1542 1045 63 23 upon
1622 1037 116 23 condition
1755 1036 50 23 that
1816 1043 64 16 some

1293 1077 91 24 person,
1397 1070 51 23 who
1460 1070 81 24 should
1552 1070 88 24 remain
1657 1070 69 28 there,
1746 1069 75 23 would
1842 1068 39 23 tell

1296 1103 106 24 Hueston
1415 1111 24 15 or
1457 1103 36 23 his
1513 1103 85 24 friends
1619 1103 74 24 where
1709 1103 30 23 he
1760 1101 73 32 might
1853 1101 28 23 be

1294 1136 72 23 found
1384 1136 19 23 if
1419 1136 54 30 they
1492 1136 80 23 should
1592 1136 74 24 desire
1686 1136 112 31 anything
1819 1142 62 16 more

1294 1169 59 24 from
1365 1169 54 24 him.
1464 1169 59 23 This
1541 1169 70 31 being
1627 1169 122 31 promised,
1770 1169 49 23 Mr.
1833 1167 47 24 La-

1294 1202 100 24 branche
1405 1202 42 23 left
1460 1202 39 24 the
1510 1210 63 16 room
1586 1202 43 23 and
1643 1206 59 19 went
1718 1206 22 19 to
1762 1202 38 23 the
1818 1201 63 30 place

1295 1235 75 24 where
1381 1235 29 23 he
1422 1235 46 23 had
1479 1235 125 24 desinated.
1641 1235 58 23 This
1711 1242 47 16 was
1767 1242 29 16 on
1808 1233 71 24 Wed-

1295 1268 93 31 nesday,
1401 1268 38 23 the
1454 1268 58 24 16th
1528 1268 50 29 ult.,
1601 1268 44 24 anl
1662 1276 30 15 on
1712 1268 39 24 the
1769 1267 114 30 Saturday

1295 1302 97 30 evening
1403 1301 123 31 following,
1537 1302 38 23 the
1587 1301 51 24 duel
1652 1308 46 16 was
1711 1301 89 30 fought.
1831 1299 50 24 The

1295 1334 59 24 New
1374 1334 98 23 Orleans
1489 1334 118 24 Diamond
1622 1334 26 24 of
1662 1334 39 24 the
1711 1334 117 30 following
1840 1333 42 30 day

1295 1367 54 24 thus
1361 1367 115 24 describes
1495 1367 37 24 the
1551 1367 97 30 combat,
1667 1367 38 24 the
1725 1367 116 24 character
1859 1365 26 24 of

1296 1400 72 24 which
1380 1400 102 31 requires
1492 1409 29 15 no
1533 1405 113 19 comment
1658 1409 5 15 :
1664 1413 35 4 —

1358 1700 36 22 Ist
1404 1698 87 24 Round
1493 1711 31 4 —
1526 1698 47 24 Mr*
1596 1698 136 24 Labranche
1750 1698 134 30 discharged

1297 1732 54 23 both
1359 1731 87 24 barrels
1458 1736 23 19 at
1490 1732 38 23 the
1540 1739 62 16 same
1615 1732 61 28 time,
1689 1732 44 23 and
1746 1732 77 23 before
1834 1731 48 24 Mr.

1298 1764 105 24 Hueston
1415 1764 46 24 had
1481 1765 56 23 fired
1549 1772 14 16 a
1574 1765 85 23 second
1676 1765 84 28 barrel,
1772 1764 39 24 the
1830 1765 54 22 time

1297 1798 61 23 fixed
1377 1805 61 24 upon
1457 1799 101 30 expired.
1603 1798 33 23 Of
1654 1806 88 20 course,
1763 1798 29 23 he
1811 1798 44 23 lost
1871 1805 13 15 a

1297 1831 48 23 fire.

1358 1433 50 24 The
1431 1434 84 30 parties
1535 1438 47 19 met
1598 1438 24 20 at
1639 1434 38 23 six
1695 1433 87 24 o'clock
1801 1437 25 19 at
1845 1431 38 25 the

1297 1467 5 11 '
1314 1466 82 30 Oaks,'
1421 1475 13 14 a
1452 1466 64 24 short
1533 1466 100 25 distance
1651 1467 58 23 from
1728 1466 39 23 the
1779 1465 102 31 Gentilly

1297 1499 62 25 road.
1401 1499 52 23 The
1473 1499 100 24 distance
1592 1500 82 31 agreed
1693 1508 61 23 upon
1766 1507 46 16 was
1824 1499 59 30 forty

1296 1533 75 31 yards,
1384 1532 43 24 and
1440 1532 38 24 the
1493 1541 104 23 weapons
1619 1533 98 24 selected
1735 1532 148 24 double-bar-

1297 1566 70 23 relled
1379 1565 52 24 shot
1441 1573 68 23 guns,
1523 1571 23 19 to
1557 1566 27 23 be
1594 1566 80 24 loaded
1693 1566 54 24 with
1763 1565 49 24 ball
1812 1578 29 4 —
1846 1565 37 23 the

1295 1599 85 31 parties
1389 1604 23 18 to
1424 1599 41 23 fire
1479 1600 101 23 between
1593 1599 37 24 the
1650 1599 73 24 words
1744 1599 6 12 '
1760 1607 42 16 one
1812 1598 5 11 '
1839 1597 42 24 and

1297 1633 7 11 '
1311 1633 62 23 five.'
1417 1632 66 31 They
1500 1632 82 29 fought
1593 1632 52 24 four
1656 1632 93 29 rounds,
1762 1632 39 24 the
1812 1632 72 23 result

1297 1665 25 23 of
1337 1665 72 24 which
1422 1673 45 15 was
1479 1673 25 16 as
1517 1666 103 23 follows.:
1622 1678 33 4 —

1358 1864 46 23 2nd
1416 1864 86 23 Round
1504 1877 31 4 —
1537 1864 62 23 Both
1610 1865 56 23 fired
1679 1865 73 30 single
1764 1863 86 24 barrels
1862 1867 22 20 at

1297 1898 116 23 intervals.
1462 1898 48 24 Mr.
1534 1897 156 24 Labranche's
1708 1897 85 24 second
1812 1896 72 24 barrel

1298 1931 79 23 struck
1401 1931 37 22 the
1459 1931 119 31 pantlouns
1597 1931 25 23 of
1641 1931 49 24 Mr.
1712 1931 117 28 Hueston,
1841 1930 43 23 and

1297 1964 83 30 passed
1392 1964 99 30 through
1504 1964 37 24 the
1559 1964 72 24 knees
1644 1964 25 23 of
1678 1964 62 23 them
1752 1964 55 23 both
1820 1963 64 23 with-

1298 2001 40 18 out
1351 1996 108 29 touching
1469 1997 39 22 the
1518 1996 66 23 flesh.

1359 2028 42 24 3rd
1420 2028 86 23 Round
1507 2040 32 5 —
1541 2028 48 24 Mr.
1610 2028 134 24 Labranche
1756 2028 57 23 fired
1831 2028 53 23 both

1298 2060 87 24 barrels
1398 2066 24 18 at
1439 2061 39 23 the
1496 2069 62 15 same
1577 2061 54 24 time
1640 2070 6 19 ;
1670 2061 37 23 the
1727 2061 59 23 balls
1804 2061 80 30 passed

1298 2093 99 32 through
1416 2094 37 23 the
1472 2094 39 23 hat
1523 2094 24 23 of
1563 2094 48 23 Mr.
1626 2094 115 28 Hueston,
1756 2094 69 23 about
1842 2099 42 18 two

1298 2127 79 23 inches
1389 2132 73 25 apart.

1359 2161 42 23 4th
1422 2160 86 24 Round
1509 2173 33 4 —
1543 2160 48 24 Mr.
1615 2161 106 24 Hueston
1734 2160 64 24 fired.
1836 2160 47 23 Mr.

1299 2193 156 24 Labranche's
1467 2194 52 24 shot
1532 2193 54 24 took
1599 2194 65 24 effect
1677 2202 27 14 on
1725 2193 38 23 the
1775 2194 42 22 left
1829 2193 55 28 side,

1299 2235 29 14 on
1347 2226 38 24 the
1396 2226 45 24 last
1459 2227 43 28 rib,
1515 2227 43 23 and
1577 2227 83 31 passed
1672 2231 39 18 out
1721 2235 31 14 on
1772 2226 38 24 the
1822 2226 63 23 other

1299 2260 57 29 side,
1368 2261 99 30 ranging
1483 2260 44 23 low
1538 2260 74 24 down.
1649 2260 39 23 He
1709 2260 71 23 threw
1791 2260 36 23 his
1839 2267 46 23 gun

1298 2293 103 29 forward,
1415 2294 44 23 and
1478 2293 40 24 fell
1534 2294 59 23 back
1606 2298 23 19 at
1645 2293 43 24 full
1706 2293 81 31 length
1808 2301 28 15 on
1848 2292 37 23 the

1298 2327 98 30 ground.
1432 2326 53 24 The
1495 2327 81 23 wound
1586 2334 46 16 was
1644 2331 23 19 at
1679 2327 51 23 first
1740 2326 145 31 pronounced

1298 2360 82 23 mortal
1392 2360 31 31 by
1432 2359 38 24 the
1481 2360 133 30 physicians
1626 2361 24 22 in
1661 2360 143 23 attendance.

1361 2394 49 22 The
1427 2394 86 30 parties
1525 2393 115 24 exhibited
1652 2400 29 16 on
1698 2393 39 23 the
1748 2392 89 31 ground
1848 2392 37 24 the

1299 2430 86 19 utmost
1396 2426 104 23 coolness
1507 2426 45 23 and
1562 2426 117 23 fortitude.
1715 2425 50 24 Mr.
1779 2426 106 23 Hueston

1299 2467 46 15 was
1362 2460 79 30 placed
1453 2467 30 15 on
1495 2467 14 15 a
1519 2459 61 23 litter
1601 2460 45 22 and
1658 2458 87 25 carried
1758 2463 21 19 to
1791 2467 14 15 a
1815 2459 70 23 house

1299 2500 55 15 near
1366 2493 37 23 the
1412 2492 98 32 ground.
1545 2492 44 23 We
1602 2500 37 16 are
1647 2492 75 31 happy
1734 2496 23 19 to
1767 2496 58 19 state
1837 2491 48 23 that

1300 2530 23 18 at
1335 2534 14 14 a
1359 2526 45 23 late
1425 2526 58 23 hour
1503 2525 45 23 last
1558 2526 68 30 night
1642 2525 71 31 hopes
1733 2532 60 16 were
1812 2529 73 19 enter-

1299 2559 77 23 tained
1387 2559 25 23 of
1420 2559 37 23 his
1469 2566 115 22 recovery.

1360 2592 58 24 P.S.
1420 2605 35 4 —
1455 2592 66 24 Most
1540 2592 112 30 sincerely
1663 2592 29 23 do
1702 2599 34 16 we
1756 2595 77 26 regret
1848 2590 38 24 the

1299 2625 57 31 duty
1367 2625 49 24 that
1427 2625 106 24 devolves
1544 2633 62 23 upon
1617 2633 28 15 us
1657 2625 25 23 of
1692 2625 145 30 announcing
1848 2624 38 23 the

1299 2658 68 24 death
1380 2658 24 24 of
1413 2658 49 24 Mr.
1477 2658 115 24 Hueston.
1629 2658 40 24 He
1682 2658 93 31 expired
1793 2662 23 18 at
1827 2656 59 24 half-

1298 2696 53 26 past
1371 2693 29 22 11
1415 2691 96 29 o'clock,
1524 2692 24 23 in
1567 2691 40 24 the
1619 2691 42 24 full
1672 2691 132 32 possession
1815 2690 25 24 of
1850 2690 36 24 his

1299 2725 86 23 mental

1333 2790 58 24 The
1401 2791 86 24 State
1496 2791 200 24 Prosecutions.
1698 2803 34 4 —
1733 2790 52 24 Bail
1796 2799 44 15 was
1848 2798 40 15 en-

1300 2824 63 24 tered
1373 2825 48 22 into
1440 2824 46 24 this
1505 2824 50 31 day,
1569 2823 111 32 Monday,
1692 2823 34 24 for
1747 2823 39 24 the
1806 2824 82 23 under-

1299 2857 81 24 named
1391 2865 104 23 persons,
1509 2857 75 24 before
1598 2856 48 25 Mr.
1659 2857 88 24 Justice
1761 2856 94 28 Burton,
1867 2862 22 18 at

1300 2891 35 23 his
1356 2890 117 24 residence
1492 2891 24 22 in
1537 2891 35 23 St.
1586 2890 102 31 Stephen
1692 2890 109 31 s-green.
1838 2890 51 24 The

1299 2924 175 30 recognizances
1493 2931 58 16 were
1569 2924 72 23 £500
1668 2924 35 23 for
1728 2923 57 24 each
1805 2924 24 23 of
1851 2924 38 22 the

1300 2957 84 30 parties
1403 2957 105 28 accused,
1528 2957 44 23 and
1593 2961 43 19 two
1653 2957 101 23 -sureties
1773 2958 25 22 in
1817 2957 72 23 £250

1300 2990 64 23 each.
1407 2989 48 24 For
1473 2990 46 24 Dr.
1539 2990 73 30 Gray,
1629 2990 129 23 Alderman
1776 2989 113 24 Gardiner

1300 3023 45 23 and
1356 3023 73 23 Town
1441 3023 132 23 Councillor
1585 3023 144 24 M'Clelland
1740 3032 7 19 ;
1767 3023 35 23 for
1814 3022 31 24 G.
1860 3022 28 24 C.

1299 3054 81 32 Duffy,
1392 3055 128 24 Alderman
1532 3056 75 24 Grace
1619 3056 44 24 and
1676 3056 72 23 Town
1760 3055 129 24 Councillor

1300 3089 30 23 O'
1344 3089 71 23 Brien
1423 3098 6 19 ;
1450 3089 35 24 for
1496 3089 39 24 the
1551 3089 61 23 Rev.
1624 3089 30 24 P.
1667 3089 23 24 J.
1703 3089 100 31 Tyrrell,
1816 3089 72 23 Thos.

1300 3122 89 23 Carroll
1408 3122 44 23 and
1472 3123 27 23 S.
1513 3122 31 25 R.
1557 3122 102 29 Frazer;
1678 3122 35 23 for
1733 3122 31 23 T.
1778 3121 37 24 M.
1828 3121 60 32 Ray,

1300 3155 72 23 Town
1384 3155 133 23 Councillor
1535 3156 104 23 O'Brien
1659 3155 43 23 and
1721 3154 63 24 John
1796 3154 76 24 Kelch
1881 3163 7 20 ;

1298 3189 35 22 for
1357 3188 37 23 the
1418 3188 61 24 Rev.
1505 3189 102 23 Thomas
1631 3188 109 30 Tierney,
1764 3188 125 23 Alderman

1300 3220 123 24 M'Kenna
1434 3222 45 22 and
1491 3221 100 24 William
1598 3221 141 24 M'Guiness
1750 3230 6 19 ;
1770 3221 36 23 for
1815 3221 73 23 Thos.

1300 3254 84 28 Steele,
1396 3253 129 24 Alderman
1544 3254 97 31 Rooney
1654 3254 45 23 and
1716 3254 75 23 Town
1812 3254 77 23 Coun-

1300 3286 65 24 cillor
1378 3286 130 25 M'Kenna.
1511 3300 31 4 —
1544 3287 109 30 Evening
1664 3285 71 26 Mail.

55 154 69 25 fence
133 153 91 24 seemed
232 153 50 24 well
293 152 134 32 acquainted
434 151 53 24 with
496 151 38 24 the
544 152 100 30 practice

61 188 25 22 of
95 188 38 22 the
146 187 79 28 Court,
235 185 54 24 took
296 186 126 31 objections
430 184 72 24 which
512 191 58 16 were
580 191 64 17 over-

58 220 73 28 Tuled,
145 221 41 22 but
197 219 132 31 challenged
340 218 63 23 three
415 217 26 24 of
455 217 38 24 the
510 216 64 31 jury,
587 217 54 28 viz.,

62 252 97 24 Charles.
176 252 29 24 F.
218 252 80 28 Webb,
312 250 101 25 Thomas
432 250 92 23 Samuel
538 249 106 28 Watson,

61 285 44 23 and
125 285 77 23 James
222 284 102 24 Walker.
361 283 75 23 Three
454 283 64 23 other
536 282 110 32 jurymen

56 325 63 17 -were
140 325 74 17 sworn
227 319 23 22 in
268 317 58 23 their
338 316 71 28 stead,
422 316 45 24 and
485 316 36 23 the
541 316 104 31 prisoner

62 358 45 16 was
126 352 67 29 given
215 356 22 18 to
258 349 59 24 them
335 349 25 23 in
380 349 82 30 charge
481 349 22 23 in
523 348 38 23 the
581 347 66 24 usual

62 384 67 23 form-

96 423 99 24 Edward
213 422 68 24 Jones
293 421 127 29 examined,
422 433 33 5 —
457 421 13 24 I
482 428 35 16 am
536 428 15 15 a
561 419 85 24 board-

60 455 229 32 ing-house-keeper,
300 454 44 24 and
352 454 44 24 live
405 462 29 16 on
443 453 189 31 Lambton-quay
639 461 7 19 ;

63 489 11 23 I
87 489 56 23 have
156 495 54 16 seen
222 489 38 22 the
279 488 103 31 prisoner
393 492 23 18 at
429 487 38 23 tbe
484 487 47 27 bar,
545 485 38 23 the
600 490 48 19 mat

62 522 114 31 produced
194 522 21 22 is
232 529 37 23 my
280 525 116 28 property,
409 527 28 15 on
456 518 107 31 Tuesday
575 518 45 23 last
633 518 11 23 I

62 562 46 16 was
121 555 22 22 in
157 562 37 23 my
206 554 118 23 bed-room
336 553 45 22 and
396 552 45 23 this
454 556 46 19 mat
512 558 44 16 was
568 558 30 16 on
611 558 37 23 ray

63 587 42 23 bed
117 591 24 19 at
161 587 37 23 the
211 588 53 22 time
274 596 5 18 ;
303 586 11 23 I
326 586 39 23 did
378 589 38 20 not
427 592 38 16 see
483 584 17 23 it
511 584 67 31 again
590 583 35 24 till
637 583 11 24 I

63 628 45 15 saw
119 620 19 23 it
150 620 24 23 in
193 621 38 22 the
253 619 77 24 Police
343 618 72 24 Court
425 618 24 22 in
469 617 36 24 the
516 617 132 31 possession

63 653 25 23 of
96 661 14 15 a
120 652 125 24 constable.

98 691 36 31 By
143 690 39 23 the
190 690 79 28 Court,
271 702 31 4 —
305 689 14 24 I
329 689 67 23 know
409 689 18 22 it
439 689 30 30 by
479 687 85 24 several
571 687 79 24 marks

63 723 73 24 which
155 730 38 16 are
206 730 59 24 upon
283 723 17 23 it
312 722 31 30 by
355 721 73 24 which
440 722 12 22 I
472 720 68 24 know
553 722 18 22 it
589 725 23 19 to
623 720 27 24 be

63 756 70 23 mine.

97 789 36 30 By
145 788 38 24 the
194 788 109 31 prisoner,
306 800 33 3 —
339 786 55 24 You
404 793 58 18 were
473 786 93 31 lodging
577 791 24 19 at
613 794 37 23 my

63 823 71 22 house
156 829 41 15 one
218 821 72 31 night,
304 819 46 24 this
363 828 45 15 was
419 820 39 23 the
481 820 92 30 Sunday
585 819 66 31 night

62 854 140 31 previously.

98 895 96 23 Harriet
214 894 68 24 Jones
303 893 128 29 examined,
433 906 34 4 —
469 893 12 23 I
493 901 37 15 am
549 892 38 24 the
602 893 50 23 wife

64 928 25 23 of
107 928 38 23 the
166 927 45 23 last
223 927 98 28 witness,
342 926 13 24 I
376 926 67 24 know
456 926 37 24 the
513 926 105 30 prisoner
629 930 23 19 at

64 961 38 23 the
114 961 40 22 bar
164 969 6 19 ;
190 960 12 23 I
214 967 45 16 saw
275 960 46 23 him
340 967 30 16 on
390 959 107 30 Tuesday
509 958 52 28 last,
584 958 68 24 about

65 995 14 24 7
92 993 88 23 o'clock
197 993 23 23 in
234 993 36 23 tbe
282 992 107 30 morning
399 1001 5 19 ;
424 991 13 24 I
451 999 44 16 was
507 992 23 22 in
543 991 38 23 the
593 991 59 23 back

65 1027 70 22 house
147 1026 24 23 in
181 1025 38 24 the
230 1025 106 24 afernoon
347 1024 27 24 of
383 1024 48 24 that
443 1024 50 32 day,
503 1024 64 24 when
581 1024 13 23 I
606 1031 45 16 was

64 1059 49 23 half
131 1065 77 17 across
220 1059 38 23 the
276 1057 55 32 yard
350 1059 25 23 in
387 1066 36 22 my
437 1065 48 23 way
497 1063 22 18 to
531 1057 39 23 the
590 1057 61 24 front

64 1092 71 23 house
157 1091 12 24 I
191 1091 71 24 heard
279 1092 37 23 the
335 1090 61 25 front
418 1090 56 24 door
495 1090 54 24 shut
560 1099 6 19 ;
590 1097 62 24 upon

65 1125 105 30 entering
182 1124 38 24 the
231 1125 60 23 front
307 1124 72 23 house
397 1123 12 24 I
422 1132 47 15 saw
481 1131 36 23 my
528 1123 124 24 work-box

64 1158 55 23 with
131 1157 39 24 the
183 1157 76 31 things
268 1157 112 24 scattered
392 1157 68 23 about
472 1157 37 23 the
521 1157 64 27 floor,
598 1156 54 23 with

66 1191 37 23 tbe
114 1190 78 31 things
210 1190 85 24 thrown
308 1194 39 18 out
360 1190 25 22 of
399 1190 18 22 it
427 1198 7 20 ;
454 1190 13 23 I
480 1190 53 23 then
544 1189 85 23 missed
640 1197 12 15 a

66 1228 46 19 mat
129 1223 60 24 from
209 1231 39 22 my
259 1223 51 28 bed,
324 1222 37 23 the
382 1230 42 16 one
444 1222 114 31 produced
580 1223 20 22 is
613 1222 37 23 the

66 1264 41 16 one
117 1266 7 19 ;
144 1256 13 24 I
171 1256 67 24 know
249 1256 18 23 it
285 1256 29 31 by
328 1255 37 23 the
376 1256 52 23 hole
448 1256 69 24 burnt
535 1256 24 22 in
578 1256 18 22 it
609 1255 43 23 and

67 1289 37 24 the
116 1289 79 24 marks
204 1298 7 19 ;
234 1289 12 23 I
258 1289 56 23 have
331 1296 31 15 no
375 1288 69 24 doubt
455 1289 68 22 about
535 1288 38 23 the
585 1292 49 19 mat
644 1297 7 19 ;

65 1322 14 24 I
91 1322 112 24 informed
222 1330 13 14 a
248 1322 115 23 constable
375 1322 25 22 of
417 1329 39 23 my
467 1321 54 29 loss,
533 1321 45 23 and
591 1321 13 23 I
616 1321 36 23 did

65 1360 39 19 not
117 1364 38 15 see
167 1355 37 23 the
216 1359 47 19 mat
280 1355 58 23 until
352 1355 12 23 I
378 1362 44 16 saw
439 1355 49 23 that
499 1355 45 23 and
555 1354 39 24 the
606 1355 46 31 pri-

65 1396 67 16 soner
144 1389 24 22 in
181 1388 38 23 the
232 1387 77 25 Police
323 1388 81 23 Court.

100 1421 35 30 By
145 1421 38 23 the
195 1421 111 31 prisoner.
308 1433 34 4 —
343 1420 53 24 You
406 1421 38 23 did
455 1425 39 19 not
506 1420 44 24 ask
563 1428 36 16 me
612 1420 38 24 the

66 1454 65 31 night
142 1454 78 23 before
232 1462 24 15 as
269 1458 22 18 to
312 1461 57 23 your
387 1453 85 31 things,
494 1461 25 16 or
542 1453 50 24 that
610 1461 44 23 you

60 1487 45 24 had
117 1495 14 15 a
143 1486 77 24 Maori
232 1491 54 19 mat.
325 1487 37 22 No
376 1487 56 22 such
448 1487 64 30 thing
526 1495 5 20 ;
559 1494 28 16 no
598 1486 56 24 such

66 1520 73 30 thing.

97 1560 102 23 William
212 1559 108 29 Mausell,
333 1559 129 24 examined.
465 1572 32 4 —
499 1559 12 24 I
524 1567 37 16 am
573 1567 13 15 a
597 1567 56 16 con-

67 1593 72 23 stable
163 1597 23 19 at
206 1592 151 31 Wellington.
404 1593 28 23 In
454 1600 157 23 consequence
632 1591 22 25 of

65 1633 63 17 some
140 1626 144 23 information
297 1633 25 16 as
337 1631 23 18 to
380 1626 36 23 the
435 1626 47 23 loss
501 1626 24 23 of
540 1633 14 15 a
573 1625 78 24 Maori

66 1663 55 24 mat,
132 1659 13 23 I
159 1664 60 18 went
236 1659 24 23 in
279 1659 79 23 search
381 1659 24 23 of
420 1659 38 23 the
478 1659 109 31 prisoner,
610 1659 44 23 and

66 1692 70 23 found
149 1692 47 23 him
208 1699 54 16 near
275 1692 47 23 Mr.
338 1692 103 23 Munn's.
479 1691 38 24 He
528 1692 45 23 had
585 1700 14 15 a
608 1696 46 19 mat

67 1732 29 16 on
108 1725 35 23 his
156 1724 114 24 shoulder.
319 1724 51 24 The
389 1730 48 18 mat
453 1724 114 32 produced
585 1725 20 23 is
617 1725 37 23 the

67 1765 69 21 same,
148 1757 13 24 I
173 1757 95 24 marked
279 1759 25 21 it.
351 1757 51 24 The
420 1762 49 19 mat
484 1765 44 16 was
540 1758 114 32 produced

67 1795 24 19 at
103 1791 37 23 the
153 1790 79 24 Police
253 1790 71 24 Court
343 1791 24 23 in
386 1791 37 23 the
442 1798 108 24 presence
573 1792 26 22 of
617 1791 37 23 the

67 1829 43 18 two
121 1823 86 24 former
223 1824 127 23 witnesses.

102 1864 203 23 Cross-examined
324 1864 30 30 by
378 1865 37 22 the
436 1864 64 31 Jury.
503 1877 32 4 —
537 1864 50 24 The
606 1865 47 31 pri-

66 1905 67 15 soner
144 1896 39 24 did
194 1901 42 19 not
246 1897 91 23 conceal
349 1898 18 22 it
376 1906 6 20 ;
401 1898 29 22 he
447 1898 48 22 said
508 1898 18 22 it
536 1897 114 30 belonged

68 1936 22 17 to
110 1930 55 29 him,
186 1930 36 23 for
243 1930 28 23 he
289 1930 44 23 had
353 1931 49 22 sold
414 1931 19 22 it
444 1935 25 18 to
477 1931 68 23 Jones
556 1939 7 20 ;
576 1931 29 22 he
617 1930 37 23 did

66 1968 40 18 not
118 1971 38 15 see
168 1970 44 21 me,
225 1962 14 24 I
251 1971 61 15 came
324 1971 60 22 upon
396 1964 47 23 him
455 1971 125 15 unawares.

102 1995 107 24 Harriett
232 1996 77 28 Jones,
330 1997 172 22 re-examimed.
505 2009 31 4 —
539 1996 51 23 The
610 2001 45 18 mat

67 2037 46 15 was
126 2028 48 23 safe
186 2037 29 15 on
237 2029 102 30 Monday
357 2030 106 29 morning
472 2038 7 19 ;
497 2028 38 24 the
553 2030 102 29 prisoner

66 2061 42 25 left
119 2061 39 23 the
169 2061 105 30 lodgings
286 2069 30 15 on
328 2061 104 30 Monday
441 2062 112 29 morning.

100 2094 51 25 The
162 2094 103 31 prisoner
277 2095 196 24 cross-examined
484 2095 37 23 the
536 2095 118 23 witnesses

67 2127 54 24 with
139 2132 65 26 great
223 2132 126 24 acuteness,
363 2128 46 24 und
429 2132 35 19 set
481 2136 30 23 up
531 2136 14 14 a
563 2127 92 24 defence

67 2160 48 24 that
127 2160 29 23 he
168 2160 44 24 had
232 2160 119 31 originally
364 2161 49 24 sold
433 2160 37 24 the
482 2165 46 20 mat
542 2166 21 18 to
575 2160 80 29 Jones,

67 2193 50 24 who
129 2193 45 23 had
185 2201 68 15 never
261 2193 53 31 paid
321 2193 47 24 him
376 2194 33 23 for
422 2195 17 22 it
448 2202 6 19 ;
469 2194 42 24 and
523 2193 27 24 he
559 2193 96 31 thought

68 2226 62 24 there
143 2233 46 16 was
201 2234 29 15 no
241 2226 62 23 harm
317 2227 23 22 in
353 2226 80 31 taking
444 2228 26 22 it.

102 2391 52 23 The
169 2390 54 31 jury
234 2390 153 32 immediately
404 2392 72 24 found
496 2393 37 23 the
553 2392 103 31 prisoner

66 2423 83 31 guilty,
160 2424 44 23 and
216 2426 171 22 recommended
399 2425 46 23 him
458 2430 23 19 to
491 2433 85 22 mercy.

101 2259 51 23 The
163 2259 75 31 Judge
250 2260 46 22 told
308 2259 47 24 him
368 2260 48 24 that
427 2260 125 31 supposing
564 2260 38 23 the
616 2260 39 23 de-

67 2293 64 23 fence
144 2297 23 18 to
178 2292 29 23 be
220 2296 56 25 true,
289 2293 40 22 but
348 2293 63 23 there
423 2301 47 15 was
482 2293 114 23 sufficient
608 2293 48 23 evi-

68 2326 70 22 dence
150 2329 23 18 to
192 2326 124 22 contradict
327 2327 25 28 it,
366 2326 18 23 it
402 2326 74 23 would
493 2331 39 18 not
552 2326 30 22 do
595 2333 61 24 away

68 2358 53 23 wiih
133 2358 38 23 the
185 2359 82 29 felony.

102 2456 49 24 His
163 2456 83 24 Honor
258 2457 70 23 asked
340 2466 61 23 upon
413 2458 60 23 what
483 2458 97 31 ground.
606 2458 50 23 The

66 2490 55 31 jury
133 2490 118 24 consulted
270 2491 105 30 together
392 2491 44 24 and
456 2491 72 24 stated
547 2491 54 31 they
613 2491 43 23 had

69 2531 29 15 no
108 2524 123 29 particular
241 2531 89 17 reason.

103 2556 47 23 His
162 2556 83 24 Honor
256 2557 23 23 in
290 2558 96 30 passing
397 2562 106 19 sentence
514 2557 49 24 said
564 2569 33 5 —

101 2588 90 25 Robert
202 2589 74 29 Field,
288 2598 43 23 you
345 2590 58 24 have
421 2590 46 24 had
482 2599 13 15 a
505 2591 89 31 patient
607 2590 51 24 trial

68 2621 44 24 and
124 2622 103 31 singular
246 2623 143 30 indulgence.
423 2623 56 25 You
489 2623 49 24 had-
545 2623 112 31 certainly

68 2662 30 15 no
109 2656 106 23 occasion
232 2655 34 24 for
285 2656 102 29 counsel,
407 2656 41 24 but
468 2657 36 24 the
523 2657 74 24 Court
617 2657 41 23 has

69 2688 93 23 allowed
183 2696 46 23 you
246 2696 61 16 more
324 2689 96 24 latitude
437 2690 54 23 than
509 2697 45 24 any
565 2689 93 24 counsel

68 2720 76 23 would
156 2720 57 24 have
234 2721 111 29 received.
382 2722 59 24 This
462 2724 19 22 is
498 2728 41 19 not
557 2722 38 25 the
606 2723 52 23 first

68 2761 42 15 nor
122 2752 39 24 the
182 2754 82 23 second
281 2755 55 23 time
357 2754 49 24 that
423 2763 47 22 you
488 2755 57 25 have
564 2756 58 23 been
635 2756 23 22 in

70 2786 45 23 this
135 2787 64 30 place
220 2794 24 15 as
262 2794 14 15 a
293 2788 111 30 prisoner.
441 2788 26 23 It
484 2788 74 24 would
576 2796 84 24 appear

70 2819 49 24 that
130 2819 90 24 neither
230 2820 148 31 punishment
388 2818 86 33 (which
484 2822 20 22 is
516 2821 107 24 intended
636 2826 22 18 to

69 2853 29 22 be
109 2856 41 19 not
162 2853 53 30 only
227 2853 36 23 the
276 2853 93 31 penalty
380 2854 35 23 for
434 2855 76 29 crime,
523 2855 42 23 but
575 2855 35 22 for
622 2862 36 15 re-

68 2885 121 23 formation
201 2885 68 32 also,)
279 2894 43 15 nor
333 2886 73 31 lenity
413 2888 113 29 produced
538 2895 45 23 any
594 2888 66 23 effect

70 2926 60 22 upon
143 2926 54 22 you.
233 2919 47 24 But
298 2919 46 24 this
363 2927 47 16 was
421 2925 41 19 not
473 2921 37 24 all.
547 2920 48 24 His
607 2921 51 22 Ex-

58 2961 6 5 -
70 2950 102 32 cellency
192 2951 40 24 the
252 2952 127 30 Governor,
390 2952 47 24 had
456 2954 58 23 been
530 2953 128 32 graciously

70 2983 92 31 pleased
174 2988 23 20 to
209 2985 100 23 exercise
320 2985 37 23 his
369 2986 62 30 right
442 2987 44 23 and
498 2987 82 23 extend
594 2992 23 17 to
623 2987 35 22 'all

70 3016 39 24 the
131 3017 124 31 prisoners,
282 3018 40 23 the
342 3018 113 31 brightest
477 3019 67 32 jewel
564 3020 25 22 of
620 3019 38 23 the

60 3056 85 16 ■crown
145 3062 34 4 —
180 3057 84 24 mercy.
313 3050 39 24 He
375 3051 45 23 had
441 3052 103 23 released
566 3052 31 23 all
621 3052 38 23 the

72 3082 103 23 criminal
185 3084 114 30 prisoners
318 3091 29 16 on
368 3084 35 23 his
422 3085 56 23 visit
497 3089 22 20 to
539 3084 37 24 the
597 3086 60 30 gaol.

72 3115 70 23 What
153 3121 79 18 return
249 3116 57 24 have
326 3124 47 23 you
390 3117 66 24 made
476 3118 34 24 for
528 3118 47 23 this
587 3124 37 18 act
636 3118 25 24 of

70 3156 68 23 grace
147 3149 10 23 ?
181 3149 51 23 The
244 3149 40 23 ink
293 3157 46 16 was
351 3150 102 32 scarcely
463 3151 42 31 dry
515 3152 23 23 iv
551 3151 38 24 the
601 3159 57 16 war-

70 3186 53 18 rant
133 3182 74 23 which
218 3182 93 24 enabled
322 3190 47 23 you
380 3187 23 20 to
413 3184 98 31 partake
523 3184 26 24 of
563 3185 47 23 this
622 3189 36 19 act

71 3214 27 23 of
111 3222 84 22 mercy,
208 3215 55 22 than
281 3223 46 22 you
346 3216 84 31 plunge
442 3218 48 23 into
501 3217 38 24 the
551 3218 107 23 commis-

72 3247 50 22 sion
134 3247 27 22 of
175 3247 93 23 another
279 3249 79 23 crime.
394 3249 77 24 There
482 3251 20 22 is
512 3258 29 16 no
553 3249 59 32 hope
623 3250 35 23 for

70 3287 53 23 you,
136 3279 44 23 but
189 3279 13 24 I
214 3280 45 23 will
269 3281 53 29 give
333 3289 45 22 you
387 3282 47 23 still
443 3290 42 17 one
495 3290 61 16 more
566 3283 92 29 chance,

70 3312 77 24 rather
159 3312 54 23 than
225 3313 54 23 send
291 3321 45 22 you
347 3315 176 32 ignorainiously
534 3320 41 19 out
585 3316 27 23 of
621 3316 38 23 the

68 3345 93 23 -colony.

105 3377 53 24 The
170 3382 105 19 sentence
295 3378 25 23 of
335 3378 39 25 the
395 3380 72 24 Court
477 3389 61 24 upon
550 3390 45 22 you
607 3381 48 24 Ro-

70 3411 51 23 bert
132 3410 66 24 Field
209 3411 28 28 is,
250 3410 48 24 that
309 3418 46 23 you
365 3412 29 24 be
401 3413 137 31 imprisoned
547 3415 45 24 and
604 3415 51 31 kept

71 3448 23 19 to
105 3443 58 24 hard
175 3443 80 24 labour
265 3444 35 23 for
310 3444 82 23 twelve
404 3446 104 23 calendar
519 3448 100 22 months.

1303 3362 217 20 WHOLESALE
1550 3362 126 20 PRICES
1710 3362 175 20 CURRENT.
