3560 4590
90 208 79 28 most
189 204 78 30 rank
289 204 32 29 of
335 204 52 30 the
408 202 214 33 Democracies

88 248 35 28 of
140 246 51 29 the
213 245 108 37 world,
356 246 24 28 it
417 245 27 30 is
466 256 85 20 more
573 246 49 30 de-

89 286 109 31 sirable
234 286 76 29 than
353 296 71 20 ever
465 287 70 30 that
577 298 45 19 we

89 327 109 30 should
226 326 65 30 still
312 326 70 31 lead
410 327 54 30 the
493 338 61 20 van
591 329 31 29 m

88 368 52 29 the
175 372 89 34 great
298 368 86 29 fiscal
426 368 129 31 reforms
591 371 31 28 of

87 409 52 28 the
172 418 64 29 age.
280 407 114 32 Whilst
419 419 56 20 our
497 414 125 35 present

86 451 204 37 government
338 449 74 31 hold
453 450 53 31 the
542 453 80 28 reins

85 491 33 28 of
139 500 113 28 power,
274 498 48 22 we
349 501 73 30 may
443 491 79 40 hope
553 493 69 29 that

86 532 154 37 euergetic
269 536 84 35 steps
389 532 64 31 will
493 535 56 28 not
586 533 35 31 be

85 572 124 30 relaxed
233 573 33 30 m
287 575 187 38 preventing
499 584 19 20 a
535 575 86 38 large

85 613 122 39 portion
239 613 35 31 of
311 614 54 30 the
405 618 134 38 country
587 619 34 26 to

85 655 115 29 remain
244 657 192 40 unoccupied
471 657 61 29 and
564 667 56 20 un-

86 696 172 41 employed,
286 698 57 30 but
377 698 120 39 opened
520 701 33 27 to
567 698 54 31 the

86 737 173 41 advantage
304 740 33 30 of
389 739 54 31 the
481 739 141 41 working

87 778 86 39 class,
233 780 62 30 and
330 780 33 31 of
405 780 54 31 the
494 782 128 39 general

87 820 143 31 interests
273 822 33 29 of
367 822 55 29 the
478 825 142 36 country.

86 860 85 31 Then
194 863 111 29 should
326 873 46 20 we
393 864 64 28 find
478 863 70 30 that
568 863 54 29 the

87 902 115 29 mantle
238 903 35 28 of
303 904 139 38 political
478 913 143 30 progress

88 942 99 30 which
224 943 55 30 has
321 944 94 29 fallen
452 945 82 28 from
568 944 54 28 the

87 983 161 30 shoulders
271 985 32 29 of
324 985 53 29 the
393 987 88 36 great
498 984 124 31 Liberal

86 1032 92 32 party
199 1025 33 28 m
260 1024 148 40 England
429 1025 25 29 is
477 1024 143 38 worthily

88 1065 186 30 established
307 1065 32 30 m
372 1065 61 30 this
455 1064 111 40 colony
588 1075 32 20 as

88 1116 39 19 an
156 1107 141 40 undying
317 1106 150 40 heritage,
492 1106 50 30 for
568 1105 54 30 the

86 1147 115 31 benefit
236 1148 36 29 of
301 1148 89 30 those
431 1147 70 31 who
543 1147 79 30 have

87 1189 77 29 been
208 1189 115 31 nursed
366 1188 32 30 m
423 1189 55 29 the
520 1188 102 30 cradle

88 1231 32 29 of
158 1231 148 35 freedom,
349 1231 62 29 and
452 1228 170 40 developed

88 1282 33 19 as
144 1283 19 18 a
187 1271 109 31 robust
329 1271 151 40 offspring
509 1270 33 30 of
569 1269 52 31 the

87 1313 122 29 mother
239 1316 133 35 country
386 1322 8 26 ;
425 1312 69 29 that
516 1310 106 30 Island

88 1352 110 37 Home,
222 1353 103 31 whose
342 1354 105 30 shores
479 1362 53 20 are
551 1363 71 19 ever

88 1396 96 38 ready
200 1398 33 26 to
263 1394 119 30 receive
412 1394 61 30 and
500 1396 122 36 protect

87 1435 53 29 the
163 1434 87 31 weak
268 1436 62 28 and
352 1434 164 40 oppressed
528 1443 8 36 j
561 1434 60 30 and

89 1476 101 30 whose
229 1475 106 31 claims
375 1476 33 29 of
438 1474 184 31 admiration

88 1527 51 19 are
197 1516 180 40 recognised
434 1516 44 39 by
529 1526 93 28 every

87 1561 132 36 country
246 1558 31 29 m
304 1558 53 30 the
383 1557 113 30 known
515 1556 105 32 world.

211 1739 298 32 MAGISTERIAL.

287 1828 150 29 OXFOED,

203 1873 126 32 February
341 1873 69 24 13th.
431 1873 73 24 1896.

87 1916 88 25 Before
207 1915 24 26 J.
255 1916 30 24 L.
314 1915 98 26 Wilson
441 1915 51 25 and
525 1914 31 25 R.
586 1914 34 25 H.

203 1959 97 29 Parish,
321 1959 86 32 Esqrs.
421 1959 36 25 Js.
476 1959 29 24 P.

118 2002 111 26 William
241 2002 82 31 Mahr,
334 2001 110 33 illegally
455 2009 33 19 on
500 2002 120 32 premises

86 2060 32 5 —
120 2046 139 32 disgusting
281 2046 130 31 language.

119 2090 93 24 Emma
234 2089 106 25 Grather
359 2096 5 17 :
394 2089 14 24 I
432 2088 136 25 remember
591 2096 31 17 on

54 2132 20 14 *
87 2133 42 24 tbe
142 2133 68 24 11th.
222 2132 65 25 Inst.
301 2131 134 26 l'O'Clock
458 2139 23 17 a.
494 2139 35 18 m.
553 2139 69 18 some

84 2184 58 17 man
154 2175 98 26 wanted
263 2175 143 29 admission,
436 2174 14 26 I
473 2175 142 25 threatened
630 2171 2 40 j

85 2222 26 24 to
135 2220 62 24 have
220 2219 54 25 him
298 2219 109 25 arrested
430 2218 21 25 if
472 2218 33 26 he
522 2218 43 26 did
575 2219 46 25 not

50 2272 15 9 *
84 2272 32 22 go
127 2271 75 23 away,
220 2263 33 24 he
264 2263 61 24 used
337 2262 141 32 disgusting
488 2262 133 32 language.

50 2318 12 4 -
83 2306 98 32 (nature
193 2305 27 24 of
228 2305 83 24 which
320 2305 43 24 the
374 2305 100 24 witness
484 2305 77 25 wrote
570 2304 51 25 and

80 2348 100 26 handed
191 2350 26 24 to
229 2348 42 26 the
294 2347 98 27 Bench>
415 2347 54 27 The
492 2348 123 33 language

83 2400 51 18 was
146 2393 87 25 denied
254 2393 32 32 by
309 2392 143 26 defendant.

114 2435 110 26 Witness
235 2444 6 22 ;
254 2435 14 25 I
279 2435 74 25 think
361 2435 43 25 the
414 2442 61 18 maa
483 2442 50 19 was
541 2435 78 29 sober,

82 2479 33 26 he
134 2478 52 25 had
207 2479 62 25 been
280 2479 28 24 m
330 2478 55 25 bed.

116 2522 77 25 Louis
205 2521 115 30 Grather,
339 2529 44 18 son
401 2521 28 26 of
437 2521 50 26 last
499 2522 103 25 witness
613 2528 5 18 :

83 2565 14 24 I
108 2565 49 25 live
169 2565 61 24 with
252 2573 43 23 my
317 2564 109 29 mother,
444 2565 15 23 I
481 2565 140 25 remember

83 2608 57 25 that
151 2615 57 17 man
226 2607 90 26 visited
337 2615 47 18 our
405 2607 87 30 house,
513 2607 33 26 he
558 2607 63 26 tried

82 2654 27 23 to
120 2653 41 30 get
181 2651 53 26 into
254 2651 43 26 the
319 2651 87 31 house,
431 2651 33 26 he
476 2651 77 26 shook
576 2651 43 26 the

83 2694 68 30 door,
178 2694 76 25 asked
281 2702 32 17 v?
332 2696 26 23 to
381 2701 64 25 open
466 2695 30 28 it,
518 2694 34 25 he
569 2701 52 19 was

83 2746 31 16 on
137 2738 43 24 the
202 2738 128 31 premises,
348 2738 31 24 he
400 2737 62 25 used
483 2737 44 25 the
549 2737 70 33 lang-

83 2788 63 25 uage
181 2780 153 31 complained
365 2780 31 29 of,
431 2780 33 26 he
492 2780 129 26 remained

83 2823 56 26 half
153 2830 33 18 an
205 2823 73 26 hour.

116 2866 110 26 Thomas
237 2866 128 26 Gochrane
377 2875 7 16 :
401 2867 14 25 I
426 2867 49 25 live
492 2868 28 25 at
542 2866 79 27 Hare-

82 2911 68 25 wood
179 2912 78 24 Arms
280 2910 85 30 Hotel,
393 2912 57 24 four
473 2918 59 18 men
554 2912 67 24 went

82 2957 26 22 to
121 2954 47 24 bed
184 2954 127 31 including
334 2954 53 24 this
407 2961 67 23 man,
492 2954 40 25 his
554 2955 68 23 mate

83 2997 60 25 tried
189 2998 26 23 to
261 2997 90 25 silence
391 2997 51 25 him
499 2997 45 25 but
589 2997 33 25 he

83 3036 73 26 made
185 3036 62 26 guch
276 3044 15 18 a
317 3035 159 27 disturbance
505 3037 56 25 that
589 3037 33 25 he
630 3037 2 25 I

83 3079 47 26 had
160 3081 26 24 to
214 3079 30 25 be
264 3081 45 30 put
337 3081 44 24 out
403 3079 28 26 of
462 3080 44 25 the
533 3080 87 25 house.
630 3104 2 3 ,

116 3122 112 25 Accused
256 3122 81 25 stated
373 3122 57 25 that
469 3122 33 25 he
547 3123 68 31 slept

83 3166 27 24 m
138 3165 44 25 the
199 3165 99 29 stables,
317 3166 56 24 that
407 3165 41 25 his
473 3166 75 28 mate,
566 3164 57 26 who

85 3209 64 30 slept
189 3208 61 24 with
283 3208 54 24 him
366 3216 49 16 was
460 3208 27 24 m
528 3208 94 25 Christ-

83 3252 98 27 church,
215 3251 50 24 and
287 3251 74 25 could
397 3251 165 25 substantiate
584 3251 40 25 his

85 3290 144 24 statement.

50 3340 5 13 r
120 3331 141 26 Sentenced
283 3331 32 31 by
338 3332 42 24 the
397 3331 81 25 bench
499 3333 26 23 to
549 3338 75 18 seven

86 3375 60 31 days
183 3373 62 25 hard
290 3373 87 26 labour
414 3373 37 26 for
485 3373 141 33 disgusting

85 3418 130 31 language,
245 3416 50 25 and
323 3424 75 18 seven
438 3416 61 33 days
528 3417 39 25 for
595 3417 30 25 il-

87 3460 92 33 legally
202 3467 32 17 on
262 3460 129 31 premises.

186 3502 119 26 Prichard
328 3511 23 17 v.
377 3502 146 33 Craighead.

121 3545 82 25 Claim
228 3545 63 24 £15.
310 3546 53 24 17s.
395 3545 40 25 6d.
487 3545 140 32 Judgment

87 3590 38 24 for
141 3587 109 32 plaintiff
277 3587 39 26 for
333 3589 105 24 amount
458 3587 51 26 and
532 3590 60 24 cost.

125 3790 144 28 OXFORD
286 3791 165 26 DISTRICT
469 3793 120 25 RACES.

124 3870 27 24 A
172 3867 112 32 meeting
299 3868 26 24 of
348 3868 43 26 the
417 3868 92 27 Oxford
524 3869 104 26 District

92 3915 68 25 Race
189 3911 150 25 Committee
366 3919 52 18 was
445 3913 59 25 held
532 3914 25 25 m
586 3914 43 25 the

92 3955 87 27 Public
203 3953 116 32 Library,
348 3962 33 17 on
399 3955 92 33 Friday
513 3958 115 30 evening,

92 4001 129 27 February
239 3996 54 26 7th.
329 3996 40 26 Mr
390 3998 101 32 Ingram
510 4000 120 32 occupied

92 4042 44 24 the
149 4036 78 28 cnair.
264 4036 53 26 The
334 4044 157 25 programme
503 4040 26 25 of
546 4044 84 21 events

86 4087 35 17 -as
133 4075 137 27 submitted
289 4075 33 31 by
333 4075 43 25 the
387 4084 158 25 programme
556 4078 74 26 Com-

94 4122 83 24 mittee
188 4126 51 17 was
249 4118 129 31 approved.
414 4120 25 24 It
449 4128 50 18 was
510 4122 120 31 proposed

92 4161 33 31 by
146 4158 40 24 Mr
211 4156 107 28 Bassett,
337 4157 121 25 seconded
480 4160 32 29 by
535 4159 41 25 Mr
598 4160 31 24 E.

92 4201 133 28 Gilchi'ist,
249 4200 57 24 that
318 4200 33 25 all
374 4201 93 25 entries
487 4202 31 26 be
531 4205 55 23 sent
602 4203 26 25 m

92 4251 27 21 to
143 4245 43 24 the
211 4243 131 31 Secretary
364 4250 32 18 on
415 4252 27 17 or
464 4245 82 26 before
560 4246 70 25 lltk.

94 4288 94 28 March,
206 4290 46 21 not
275 4285 63 25 later
361 4285 61 26 than
445 4289 23 24 8.
492 4290 40 24 45.
556 4297 24 24 p.
594 4297 36 18 m.

94 4329 35 25 As
152 4334 33 18 an
215 4324 170 29 amendment,
414 4325 40 25 Mr
482 4326 25 25 J.
536 4327 96 33 Rogers

93 4370 90 28 moved
209 4370 73 24 ''that
305 4367 35 25 all
363 4369 91 26 entries
477 4370 31 26 be
529 4374 53 22 sent
604 4372 27 24 m

96 4419 30 30 by
147 4414 43 24 4th
346 4412 122 25 seconded
487 4413 33 32 by
544 4414 41 25 Mr
602 4415 28 24 F.

96 4463 94 24 Crowe.
228 4457 38 24 On
278 4456 77 30 being
366 4457 45 28 put
432 4458 24 22 to
469 4457 43 25 the
524 4459 108 31 meeting

158 4499 154 34 proposition
332 4506 52 16 was
397 4500 101 24 carried.

685 205 53 25 The
775 204 129 33 following
943 206 144 31 gentlemen
1127 214 64 18 were

651 248 135 33 appointed
816 249 188 32 Handicappers
1007 264 31 3 —
1039 250 95 25 Messrs
1160 251 29 25 A..

653 293 157 29 Henderson,
838 293 31 24 G.
896 291 24 26 J.
945 292 121 30 Webster,
1092 293 50 24 and
1165 294 23 24 J.

652 336 112 32 Gundry.

685 381 24 25 It
734 388 48 16 was
803 380 177 30 unanimously
1001 380 110 24 resolved
1135 380 55 25 that

651 424 37 24 for
700 423 42 26 the
754 423 55 25 first
833 425 15 23 8
861 431 76 22 races,
956 423 44 25 the
1022 423 66 32 prize
1100 431 89 24 money

651 467 29 24 be
704 467 47 24 £5.
775 468 39 23 for
832 467 54 24 first
910 467 81 27 horse,
1012 465 49 25 and
1085 466 36 24 £1
1146 467 40 23 for

650 509 92 25 second
773 509 82 24 horse.

683 553 25 25 It
717 560 51 18 was
780 552 113 26 resolved
915 554 27 23 to
960 552 66 25 close
1048 552 43 25 the
1103 559 86 17 course

649 604 33 17 on
695 597 40 25 the
760 596 123 31 Saturday
906 596 83 25 before
1012 595 41 25 the
1071 595 78 25 Races
1161 596 27 24 at

650 641 22 22 8.
691 648 23 16 a.
733 647 35 16 in.

682 684 26 25 It
720 691 52 18 was
784 683 103 26 decided
899 684 26 25 to
937 682 45 26 sell
995 683 41 25 the
1059 682 129 32 privileges

649 726 32 33 by
693 727 102 25 auction
807 735 32 17 on
860 727 130 30 Thursday
1010 725 87 25 March
1116 725 69 25 12th.

683 770 101 33 Friday,
803 770 89 25 March
912 769 69 25 13th.
1006 776 48 17 was
1075 768 43 24 the
1130 767 56 25 date

650 813 134 33 appointed
807 813 38 25 for
868 813 44 24 the
944 811 66 26 Next
1040 811 147 25 Committee

649 858 120 30 meeting.

683 900 42 24 Mr
747 899 30 24 F.
801 898 83 25 Crowe
919 897 121 31 proposed
1069 896 49 24 and
1146 896 41 23 Mr

650 943 40 25 W.
708 942 102 24 ISassett
821 938 123 27 seconded
961 940 57 24 that
1100 938 86 24 horses

650 985 30 25 be
696 985 87 25 ridden
806 984 28 24 m
855 990 89 25 proper
1105 980 81 26 which

650 1037 50 16 was
717 1027 177 31 unanimously
916 1025 103 26 carried.

655 1090 3 3 .
683 1072 53 24 The
747 1070 127 32 following
890 1069 21 25 is
924 1069 43 26 the
989 1069 44 24 list
1044 1068 27 25 of
1091 1069 93 24 events.

651 1116 22 23 1.
692 1113 98 26 Hurdle
814 1114 64 24 Race
901 1112 139 32 Handicap.
1067 1111 119 26 Distance

651 1158 31 33 l\
693 1158 74 24 miles
777 1165 7 21 ;
802 1164 56 18 over
870 1157 39 24 six
931 1156 84 31 flights
1028 1155 27 25 of
1075 1154 111 25 hurdles.

650 1202 134 25 Minimum
796 1199 92 33 weight
901 1201 30 23 11
944 1200 78 24 stone.
1048 1199 24 24 2.
1085 1197 102 26 Maiden

650 1246 78 24 Plate.
775 1244 33 24 In
831 1243 92 32 weight
947 1242 80 25 under
1051 1243 30 23 11
1106 1243 79 24 stone.

651 1289 50 25 For
728 1288 88 25 horses
843 1286 58 26 that
936 1286 63 25 have
1027 1293 75 18 never
1130 1292 57 17 won

650 1333 82 32 public
761 1338 100 24 money.
916 1329 129 29 Distance,
1076 1329 13 22 1
1120 1326 67 25 mile.

650 1379 24 22 8.
699 1375 132 31 Handicap
844 1374 69 24 Trot.
944 1372 118 25 Distance
1075 1372 14 23 2
1102 1370 82 24 miles.

650 1419 102 31 Weight
776 1419 30 22 11
831 1418 80 23 stone.
945 1417 25 22 4.
1017 1413 94 25 Oxford
1131 1412 56 31 Cup

651 1462 140 30 Handicap,
809 1459 135 26 minimum
966 1457 91 31 weight
1077 1458 15 23 9
1113 1457 71 24 stone
1194 1454 2 25 !

650 1505 120 25 Distance
791 1505 32 28 1£
847 1502 80 25 miles.
981 1502 24 24 5.
1026 1500 70 30 Pony
1120 1499 66 24 Race
1194 1510 2 12 ;

650 1547 132 32 Handicap
795 1547 43 32 (no
848 1552 55 18 race
914 1544 84 25 unless
1007 1544 58 24 four
1074 1542 113 33 starters)

650 1591 96 33 height,
764 1589 79 26 under
856 1590 50 30 14£
927 1587 88 26 hands.
1051 1586 137 26 Minimum

650 1634 99 33 weight,
762 1635 15 24 9
790 1634 79 24 stone.
897 1631 127 29 Distance,
1038 1632 13 22 6
1064 1629 122 31 furlongs.

650 1680 24 24 6.
693 1678 116 24 Farmers
832 1676 79 25 Plate.
955 1674 164 26 Distance.—
1120 1673 68 25 Once

650 1721 80 25 round
763 1719 45 26 the
836 1726 94 18 course.
982 1717 51 25 For
1061 1715 127 26 bona-fi.de

650 1765 77 25 hacks
754 1765 45 23 not
826 1761 142 33 competing
994 1761 28 24 m
1045 1767 49 24 any
1116 1758 72 26 other

649 1815 63 18 race.
747 1806 108 32 Weight,
881 1806 32 24 12
931 1806 80 23 stone.
1054 1805 24 24 7.
1097 1802 91 25 Ladies

650 1850 78 25 Purse
747 1848 145 32 Handicap.
926 1847 138 25 Minimum
1085 1845 101 31 weight,

651 1895 30 23 10
711 1895 79 23 stone.
831 1891 120 25 Distance
983 1891 30 29 l£
1039 1888 80 25 miles.
1161 1888 25 24 8.

650 1936 158 26 Consolation
820 1934 70 26 Trot.
926 1933 102 32 Weight
1053 1933 30 23 11
1108 1933 78 23 stone.

650 1980 120 25 Distance
782 1980 33 30 1£
824 1978 82 25 miles.
942 1979 25 22 9.
984 1976 85 31 Hurry
1087 1975 99 31 Scurry,

651 2024 29 31 (if
690 2024 62 24 time
769 2022 123 32 permits).
925 2020 61 25 Post
1006 2020 80 31 entry.

760 2153 165 26 CURRENT
946 2152 127 26 TOPICS.

793 2207 76 25 From
889 2207 48 25 The
947 2206 88 31 People

1287 203 118 24 CREAM
1423 203 43 24 OF
1491 202 71 25 THE
1581 202 99 25 NEWS.

682 2263 26 25 If
715 2263 42 26 tbe
768 2263 88 31 people
866 2262 27 25 of
913 2262 61 25 New
987 2261 112 26 Zealand
1116 2268 70 18 sanc-

649 2304 53 25 tion
719 2310 50 24 any
791 2308 68 18 more
876 2300 140 32 borrowing
1033 2300 28 25 m
1080 2301 42 24 the
1144 2300 42 24 old

649 2349 38 18 wa
686 2349 16 24 y
702 2355 34 5 —
736 2340 33 33 by
779 2340 77 32 going
866 2346 33 18 on
911 2338 44 26 the
970 2338 108 26 London
1089 2338 98 25 market

649 2395 33 5 —
682 2382 58 31 they
762 2379 53 26 will
835 2387 60 24 reap
915 2387 27 17 as
964 2378 60 33 they
1047 2386 59 17 sow.
1140 2377 47 25 We

648 2419 64 25 have
723 2427 14 15 a
749 2425 59 24 very
819 2417 77 31 heavy
908 2416 135 31 reckoning
1054 2423 66 21 now,
1141 2416 46 25 but

649 2466 61 18 even
732 2457 64 25 New
822 2455 112 27 Zealand
956 2463 57 24 may
1035 2456 31 24 be
1083 2454 66 26 sunk
1160 2454 27 26 m

648 2496 60 25 debt
734 2495 96 31 beyond
857 2501 125 24 recovery.

762 2545 113 15 **
928 2560 2 2 .
961 2545 15 14 *

682 2580 26 26 It
719 2580 22 26 is
753 2578 63 33 high
826 2578 62 26 time
906 2578 56 25 that
985 2585 46 18 our
1051 2578 136 25 statesmen

649 2628 64 18 were
723 2618 155 32 considering
899 2620 47 23 not
956 2617 60 32 only
1038 2618 45 24 the
1093 2625 93 24 preser-

649 2658 85 26 vation
745 2657 28 26 of
782 2656 44 26 the
845 2656 96 29 forests,
965 2655 47 26 but
1023 2655 43 26 the
1078 2655 108 32 replant-

649 2699 44 31 ing
704 2697 27 26 of
751 2696 68 32 large
831 2703 70 18 areas
914 2696 62 25 with
1000 2695 98 26 timber.
1134 2695 53 26 The

649 2738 76 24 waste
748 2734 50 27 and
832 2734 156 26 devastation
1018 2734 28 25 of
1066 2733 44 26 the
1138 2733 50 25 fine

647 2774 91 25 forests
749 2773 56 26 that
821 2773 62 24 hare
903 2771 101 26 covered
1026 2771 45 25 the
1082 2774 106 28 country

649 2816 47 21 has
712 2811 64 25 been
798 2809 109 33 nothing
924 2809 69 25 short
1016 2809 26 25 of
1063 2809 123 25 criminal.

649 2851 33 26 At
704 2850 44 26 the
769 2850 100 32 present
891 2849 64 26 ratio
979 2849 26 24 of
1033 2848 154 26 destruction

649 2891 43 26 the
702 2891 61 26 time
774 2889 52 26 will
836 2892 46 23 not
903 2889 31 25 be
956 2888 38 26 far
1005 2888 34 26 off
1062 2888 71 26 when
1146 2889 42 25 the

649 2933 83 24 totara
742 2931 51 25 and
815 2929 73 26 kauri
909 2929 53 25 will
981 2930 31 24 be
1032 2930 65 24 trees
1108 2928 27 25 of
1144 2928 44 26 the

649 2971 63 31 past,
731 2968 51 26 and
804 2968 62 25 New
887 2966 111 26 Zealand
1021 2966 48 25 will
1087 2966 63 25 have
1161 2967 27 24 to

649 3010 92 32 import
762 3008 47 24 her
829 3007 114 32 building
959 3006 97 25 timber.

761 3059 15 15 *
862 3058 14 15 #
962 3057 14 15 *
1062 3057 14 14 *

683 3089 47 26 We
741 3097 41 17 are
793 3088 61 33 glad
864 3089 27 24 to
903 3095 40 17 see
965 3087 66 25 from
1043 3087 44 25 the
1099 3086 91 32 speech

650 3129 28 26 of
687 3129 43 25 the
742 3128 68 26 Hon.
835 3127 31 25 A.
888 3128 26 24 J.
939 3126 122 28 Cadman,
1079 3125 56 26 that
1157 3126 33 25 he

650 3168 113 26 declared
785 3166 57 26 that
875 3166 45 26 the
959 3165 171 26 Government
1151 3165 39 25 in-

650 3206 91 26 tended
752 3205 77 33 going
840 3212 33 17 on
885 3203 105 32 steadily
1009 3203 61 26 with
1089 3203 101 32 legisla-

651 3247 52 25 tion
738 3246 38 24 for
805 3244 44 25 the
876 3244 180 30 improvement
1095 3243 28 24 of
1148 3242 43 25 the

651 3285 132 26 industrial
810 3283 101 26 classes.
954 3282 39 26 He
1021 3282 53 25 also
1101 3282 90 25 hinted

652 3324 58 25 that
739 3322 42 27 the
807 3322 173 25 Government
1014 3321 120 31 proposed
1164 3321 27 24 to

652 3362 122 33 purchase
785 3367 77 24 many
884 3359 27 26 of
932 3359 43 25 the
993 3358 74 25 Bank
1083 3357 27 25 of
1130 3357 62 25 New

654 3401 109 26 Zealand
781 3401 100 24 estates.

765 3451 15 16 *
864 3451 15 15 #
965 3449 14 16 *
1066 3449 14 16 #

688 3488 37 22 As
737 3483 132 26 President
880 3483 26 25 of
915 3483 42 24 the
970 3482 150 31 Swimming
1129 3480 64 27 Club

654 3523 45 25 Dr.
716 3522 114 31 Chappie
850 3521 22 24 is
884 3528 15 17 a
911 3520 58 25 firm
992 3519 107 25 believer
1110 3519 27 24 m
1149 3518 44 25 the

654 3559 167 26 introduction
832 3557 29 26 of
880 3557 44 26 the
943 3558 40 24 art
1004 3556 27 26 of
1052 3556 141 33 swimming

654 3599 54 24 into
730 3597 42 26 the
791 3595 159 27 educational
975 3601 88 19 course
1082 3594 27 26 of
1129 3597 65 22 town

654 3637 51 26 and
711 3641 106 27 country
828 3634 108 29 schools,
954 3634 51 26 and
1024 3641 27 18 as
1074 3643 14 15 a
1101 3634 93 25 matter

654 3678 28 24 of
692 3676 134 31 humanity
837 3675 50 25 and
894 3674 114 32 physical
1024 3672 171 32 development

654 3716 52 26 this
716 3716 23 25 is
760 3716 68 24 most
850 3714 143 32 important.

772 3763 14 14 *
872 3761 15 15 ♦
972 3761 14 14 #
1072 3760 15 15 #

689 3796 31 26 In
732 3804 16 17 a
770 3796 85 24 recent
877 3794 102 25 address
1002 3794 26 24 to
1048 3793 43 24 the
1113 3791 33 26 N.
1165 3790 29 26 Z.

655 3836 127 26 Worker's
793 3834 95 30 Union,
899 3834 43 26 the
953 3833 61 25 Rev.
1038 3832 26 25 J.
1088 3831 105 30 Crewes,

655 3876 79 33 urged
745 3875 57 26 that
813 3874 44 25 the
866 3874 85 24 Union
961 3872 89 26 should
1059 3870 136 27 determine

656 3917 26 23 to
694 3914 95 32 compel
807 3912 43 26 the
862 3912 171 26 Government
1052 3911 26 24 to
1090 3917 106 23 arrange

655 3955 38 25 for
704 3961 73 24 every
803 3951 156 26 able-bodied
981 3950 69 25 adult
1070 3956 90 25 person
1170 3949 25 23 m

657 3992 43 27 the
712 3992 95 30 Colony
825 3992 26 24 to
875 3991 29 24 be
925 3988 106 27 enabled
1053 3989 27 24 to
1092 3994 61 18 earn
1163 3994 33 16 an

656 4032 92 26 honest
758 4029 134 28 livelihood
912 4029 81 25 either
1003 4028 28 25 m
1042 4027 97 32 private
1147 4034 49 17 em-

657 4071 129 32 ployment
797 4077 28 17 or
847 4076 34 17 on
901 4067 85 32 public
1008 4065 88 26 works.
1107 4090 4 3 .

770 4118 15 14 *
871 4117 14 14 *
971 4115 15 15 #
1071 4114 16 14 *

690 4152 54 25 Tbe
755 4149 99 26 French
866 4149 169 24 Government
1045 4146 64 25 have
1121 4145 76 26 taken

658 4199 34 18 an
702 4191 136 31 importont
850 4191 54 29 step
915 4188 28 25 m
955 4187 118 31 adopting
1089 4193 15 18 a
1116 4184 79 33 policy

658 4230 28 25 of
706 4227 136 34 graduated
872 4226 93 25 income
995 4227 50 22 tax.
1093 4224 67 24 Such
1182 4229 15 17 a

659 4269 78 33 policy
754 4269 22 24 is
809 4267 55 31 just
881 4273 28 17 as
930 4264 80 26 sound
1038 4263 49 25 and
1109 4262 88 33 logical

659 4318 28 17 as
699 4309 56 25 that
766 4306 27 27 of
803 4315 15 17 a
837 4304 137 34 graduated
993 4303 61 25 land
1075 4305 50 26 tax,
1147 4302 50 25 and

659 4351 69 24 must
739 4356 69 17 come
820 4348 26 24 to
869 4345 31 26 be
912 4345 106 32 adopted
1040 4343 34 32 by
1096 4342 33 25 all
1153 4350 44 17 na-

659 4389 68 25 tions
743 4387 56 23 who
821 4384 64 25 wish
908 4385 27 23 to
954 4389 124 24 progress,
1101 4381 50 24 and
1171 4382 27 23 to

659 4426 73 26 avoid
750 4425 44 24 the
812 4423 61 25 evils
897 4420 27 26 of
944 4421 42 24 the
1009 4419 125 26 excessive
1153 4425 45 17 ac-

660 4464 156 27 cumulation
828 4462 27 25 of
875 4460 91 26 wealth
988 4460 28 24 m
1027 4459 43 25 the
1082 4458 80 25 hands
1174 4457 27 26 of

659 4507 43 24 the
723 4505 56 25 few.

1393 249 59 31 (The
1471 247 107 32 People.)

1253 290 88 32 Heavy
1363 291 77 25 floods
1468 292 24 23 m
1515 290 163 30 Queensland,
1708 291 45 24 and

1218 329 70 30 great
1313 329 102 25 distress
1440 329 26 23 m
1490 328 157 28 Townsville,
1678 328 75 25 which

1218 373 48 17 was
1287 367 90 24 visited
1395 366 31 31 by
1444 367 109 30 cyclone.

1251 406 69 25 Most
1342 406 133 24 successful
1503 405 106 25 medical
1638 412 115 24 congress

1218 445 74 32 being
1308 446 57 24 held
1385 447 25 23 at
1429 445 125 25 Dunedin.

1250 483 33 25 At
1295 484 103 25 medical
1409 483 152 29 conference,
1580 483 45 24 Dr.
1652 482 101 25 O'Hara

1217 523 110 31 reported
1352 523 91 31 having
1472 522 77 25 found
1572 522 43 25 the
1644 522 109 25 internal

1217 560 197 26 administration
1433 560 26 25 of
1480 560 92 32 icthyol
1595 567 33 17 an
1649 561 104 24 arrester

1216 600 25 24 of
1264 600 44 25 the
1324 599 96 33 growth
1437 599 27 24 of
1490 606 96 18 cancer.

1250 639 70 25 Cuba
1341 641 21 23 is
1384 639 134 30 bankrupt.

1249 677 59 26 Fire
1318 678 27 25 m
1356 677 173 32 Philadelphia
1540 677 129 32 destroyed
1678 685 73 17 ware-

1215 717 90 25 houses
1317 719 26 23 to
1362 718 43 24 the
1417 718 73 24 value
1502 717 28 25 of
1548 717 137 29 £400,000.

1249 755 113 25 William
1374 756 91 24 Martin
1480 763 52 17 was
1548 754 78 26 killed
1636 756 31 31 by
1678 754 75 32 being

1215 800 47 17 run
1274 801 58 17 over
1349 793 33 31 by
1401 801 14 17 a
1436 795 65 23 tram
1514 796 25 21 at
1560 792 125 26 Dunedin.

1249 831 66 25 John
1335 831 150 31 McDougall
1504 839 51 18 was
1574 830 114 26 drowned
1699 831 27 24 m
1738 838 14 18 a

1215 869 57 24 dam
1290 871 25 22 at
1338 870 114 23 Hawera.

1248 906 122 25 Harrison
1404 907 95 24 refuses
1534 907 157 24 nomination
1713 907 39 24 for

1216 943 129 25 American
1361 944 157 31 Presidency.
1529 952 7 2 -
1645 944 104 15 ........

1223 1006 3 3 .
1248 982 85 26 James
1345 982 91 26 Moran
1445 998 6 3 -
1459 983 56 25 died
1538 983 65 25 from
1614 982 42 29 the
1668 982 84 26 effects

1214 1022 28 24 of
1250 1022 94 31 having
1366 1022 41 25 his
1419 1031 52 16 arm
1494 1023 111 25 battered
1617 1024 26 24 to
1655 1022 59 33 pulp
1725 1023 27 24 m

1215 1060 105 25 sawmill
1336 1062 26 23 at
1379 1060 106 25 Foxton.

1247 1098 62 25 New
1339 1098 82 26 South
1457 1098 86 25 Wales
1571 1099 80 31 police
1678 1098 74 33 being

1214 1137 122 25 mounted
1353 1145 33 17 on
1405 1137 115 30 bicycles.

1249 1174 97 32 George
1369 1174 73 33 Algie
1469 1182 51 18 was
1548 1175 76 25 killed
1643 1176 26 24 at
1692 1175 61 25 New

1215 1212 140 33 Plymouth
1367 1213 111 32 through
1497 1213 40 25 Ms
1556 1213 73 25 liorse
1649 1213 103 32 bolting.

1248 1252 195 26 Counterfeiters
1464 1254 27 24 at
1511 1252 68 26 work
1596 1253 26 25 m
1643 1252 108 33 Sydney.

1248 1292 68 25 Hon.
1330 1292 40 25 W.
1395 1293 31 26 P.
1443 1293 96 25 Beeves
1551 1293 154 25 entertained
1728 1295 25 23 at

1215 1332 118 24 Adelaide
1356 1332 33 31 by
1408 1332 83 26 Labor
1511 1332 87 31 Party.

1249 1370 95 31 Charge
1362 1371 100 31 against
1482 1370 143 26 Chinaman
1643 1372 27 24 at
1690 1370 62 25 Ade-

1216 1407 63 25 laide
1290 1408 27 24 of
1338 1408 131 31 detaining
1480 1408 48 31 girl
1539 1408 63 24 been
1613 1407 139 25 dismissed.

1248 1446 99 25 French
1376 1447 92 32 budget
1504 1446 82 26 shows
1615 1447 87 31 saving
1729 1446 26 26 of

1219 1485 65 31 forty
1301 1485 96 26 million
1415 1485 93 26 francs.

1250 1522 129 33 Salisbury
1402 1523 127 26 considers
1553 1523 99 25 Britain
1664 1522 90 27 should

1215 1562 45 23 not
1282 1560 117 25 interfere
1420 1561 27 24 m
1478 1561 125 24 Armenia.

1249 1599 127 25 Landlord
1396 1599 28 25 of
1443 1599 70 26 hotel
1536 1601 26 25 at
1580 1600 46 25 Mt.
1649 1600 105 32 Morgan

1216 1636 57 26 shot
1294 1639 26 23 at
1355 1639 47 23 two
1425 1638 27 25 of
1477 1638 40 24 his
1546 1639 137 25 customers
1706 1638 47 25 and

1216 1675 171 25 tomahawked
1398 1684 13 16 a
1423 1676 76 30 third,
1513 1676 32 24 all
1556 1677 73 31 being
1637 1676 117 33 seriously

1217 1714 128 25 wounded.

1250 1753 70 25 John
1343 1753 119 31 Hewson,
1487 1756 95 23 master
1605 1754 27 26 of
1652 1756 103 24 steamer

1217 1793 106 29 Waitoa,
1342 1793 117 26 drowned
1471 1796 26 23 at
1513 1794 109 28 Wairoa,

1249 1833 83 26 Bland
1344 1834 84 25 Holt's
1440 1841 97 25 oxygen
1549 1836 77 24 retort
1636 1834 119 32 exploded

1215 1874 25 23 at
1261 1873 189 29 Christchurch,
1483 1874 112 32 injuring
1615 1873 140 27 electrician

1215 1911 51 25 and
1282 1912 125 24 assistant.

1315 2067 71 24 THE
1405 2067 81 24 NEW
1512 2066 139 26 WOMAN.

1401 2133 48 24 The
1473 2133 97 31 People.

1250 2176 66 25 Tens
1328 2176 26 25 of
1373 2176 139 26 thousands
1535 2176 28 26 of
1583 2177 84 31 noble,
1685 2184 69 25 pure,

1216 2216 102 33 capable
1329 2225 98 17 women
1439 2217 50 25 will
1510 2217 65 30 rally
1586 2218 27 25 to
1630 2217 46 26 her
1687 2218 67 25 stan-

1216 2256 68 25 dard.
1330 2257 93 25 United
1446 2257 59 33 they
1535 2257 51 26 will
1609 2257 80 33 girdle
1711 2257 45 26 the

1215 2295 78 24 world
1303 2295 62 24 with
1385 2302 16 17 a
1418 2295 68 31 clasp
1514 2295 59 25 firm
1592 2295 47 24 and
1654 2296 55 24 true
1728 2302 27 18 as

1215 2332 20 26 it
1255 2333 22 24 is
1300 2332 85 33 loving
1408 2332 49 26 and
1476 2333 174 32 sympathetic.
1686 2331 69 34 They

1215 2373 50 24 will
1275 2373 100 31 arraign
1385 2372 83 26 before
1479 2373 45 25 the
1535 2372 109 26 tribunal
1655 2373 28 25 of
1689 2372 66 25 their

1215 2413 121 31 righteous
1359 2413 157 31 indignation
1538 2413 43 24 the
1603 2412 89 31 unjust
1712 2420 42 23 op-

1215 2457 104 24 pressor.
1355 2449 70 32 They
1445 2450 52 25 will
1517 2450 87 24 search
1624 2450 45 25 out
1680 2449 75 27 deeds

1216 2488 28 24 of
1251 2487 96 32 cruelty
1357 2488 65 24 done
1434 2488 26 24 m
1482 2488 129 28 darkness,
1629 2488 50 24 and
1695 2488 59 31 help

1216 2524 44 27 the
1286 2525 101 26 victims
1430 2525 34 32 by
1495 2533 73 25 every
1604 2533 88 18 means
1728 2526 25 24 m

1216 2563 66 25 their
1300 2571 92 24 power.
1437 2563 72 32 They
1531 2563 52 25 will
1605 2563 58 24 hurl
1692 2563 62 25 from

1216 2603 70 25 office
1297 2603 162 31 unrighteous
1483 2602 52 25 and
1557 2603 117 24 immoral
1698 2610 57 17 men

1216 2642 56 26 who
1290 2643 33 25 sit
1342 2645 26 22 m
1385 2642 62 32 high
1469 2643 92 31 places.
1597 2641 61 30 Yea,
1677 2643 77 31 truly,

1216 2681 43 26 the
1270 2682 80 32 guilty
1361 2681 51 26 will
1430 2682 95 32 utterly
1545 2683 108 31 collapse
1669 2683 86 24 before

1216 2721 52 26 this
1279 2721 99 34 mighty
1396 2721 139 33 advancing
1556 2721 59 26 host
1627 2721 28 26 of
1671 2721 82 31 noble,

1216 2761 75 26 brave
1302 2761 51 26 and
1364 2761 84 26 heroic
1458 2768 106 19 women.
1599 2761 97 33 Lastly,
1710 2762 45 25 she

1216 2799 51 25 will
1277 2799 110 25 demand
1397 2799 65 25 from
1472 2799 44 25 the
1527 2806 60 17 man
1597 2799 46 25 she
1650 2799 106 25 marries

1216 2837 44 25 the
1272 2844 69 18 same
1352 2844 61 25 pure
1425 2836 49 26 and
1486 2836 132 26 blameless
1629 2836 51 30 life,
1698 2836 58 26 that

1216 2875 32 25 he
1259 2876 99 31 expects
1381 2874 65 26 from
1456 2874 43 26 the
1519 2882 95 18 woman
1636 2874 58 26 who
1704 2874 53 26 will

1216 2913 101 25 become
1335 2912 43 26 the
1401 2912 100 26 mother
1526 2913 28 25 of
1575 2912 41 26 his
1634 2912 122 26 children.

1218 2951 81 25 These
1310 2958 42 18 are
1374 2950 44 26 the
1441 2951 101 31 ravings
1554 2950 28 25 of
1603 2958 15 17 a
1637 2950 120 26 fanatical

1218 2989 139 24 enthusiast
1375 2989 15 26 I
1400 2988 62 25 hear
1474 2996 116 17 someone
1603 2996 53 24 say,
1691 2987 65 33 Kay,

1217 3036 58 24 nay,
1294 3028 46 25 but
1362 3028 44 25 the
1419 3035 60 18 sane
1502 3027 144 26 conclusion
1663 3028 27 25 of
1711 3035 47 18 one

1218 3068 56 25 who
1291 3068 48 25 has
1360 3067 121 32 carefully
1500 3067 99 26 studied
1620 3067 58 29 this,
1708 3067 50 25 and

1218 3107 104 25 kindred
1345 3107 111 32 subjects
1479 3107 40 26 for
1541 3114 15 18 a
1580 3108 101 30 quarter
1703 3107 27 25 of
1745 3116 13 15 a

1218 3148 106 31 century
1338 3148 5 24 !

1219 3271 193 59 LOCAL
1434 3271 26 57 and
1492 3269 270 61 GENERAL

1253 3375 88 26 Large
1359 3375 114 24 TimBBR.
1475 3389 34 5 —
1512 3373 80 26 There
1608 3381 50 18 was
1678 3374 86 32 laying

1221 3426 32 17 on
1283 3418 44 25 the
1356 3418 67 25 skids
1451 3418 27 25 at
1506 3417 175 32 Youngman's
1707 3416 56 26 Mill

1221 3462 50 25 last
1288 3461 76 36 week,
1383 3460 70 26 three
1471 3461 81 25 Remu
1569 3460 55 33 logs
1648 3461 49 30 10£
1714 3460 49 24 feet

1222 3504 68 32 long,
1309 3504 50 25 and
1376 3504 145 31 measuring
1538 3505 33 29 3£
1582 3503 50 25 feet
1645 3503 117 31 through,

1222 3547 54 24 also
1304 3547 57 29 two,
1396 3546 112 24 fourteen
1537 3545 48 25 feet
1608 3545 61 32 long
1696 3545 27 25 of
1749 3552 15 18 a

1222 3591 78 24 lesser
1329 3589 59 29 size,
1417 3589 35 25 all
1469 3588 66 26 from
1552 3589 44 24 the
1614 3596 69 18 same
1700 3589 61 24 tree.

1257 3667 127 24 Lecture.
1385 3680 34 4 —
1420 3665 41 25 Mr
1495 3666 42 24 W.
1584 3665 40 25 W.
1659 3665 102 28 Collins,

1224 3705 106 25 M.H.R.
1357 3704 53 26 will
1448 3704 93 25 deliver
1586 3704 39 24 his
1658 3704 106 32 popular

1224 3743 107 25 Lecture
1348 3742 102 25 entitled
1573 3741 66 32 light
1662 3748 33 18 on
1720 3740 44 26 the

1224 3782 43 26 life
1278 3782 27 24 of
1325 3782 112 25 Thomas
1587 3782 26 23 at
1633 3780 44 25 the
1699 3779 66 26 East

1225 3820 93 25 Oxford
1352 3819 78 25 Town
1460 3818 70 29 Hall,
1564 3825 33 18 on
1631 3817 132 33 Thursday

1225 3860 66 29 next,
1313 3858 128 32 February
1460 3858 70 25 20th.

1335 3923 15 14 #
1436 3923 14 14 *
1537 3923 15 14 #
1638 3923 14 14 *

1258 3966 38 26 To
1307 3973 138 25 encourage
1462 3965 44 26 the
1535 3965 97 33 growth
1655 3965 28 26 of
1703 3965 61 26 fruit

1225 4011 63 24 trees
1299 4010 21 24 it
1330 4009 22 25 is
1364 4008 192 26 recommended
1566 4010 26 24 to
1614 4017 51 17 sow
1678 4017 15 17 a
1704 4009 57 32 pint

1225 4053 28 26 of
1262 4054 48 25 salt
1318 4053 38 25 for
1366 4052 62 26 each
1439 4053 61 25 tree.
1544 4052 53 25 The
1617 4052 50 26 salt
1690 4052 74 33 keeps

1225 4104 70 21 away
1305 4097 93 23 insects
1410 4095 55 24 that
1476 4095 83 31 injure
1570 4094 44 25 the
1625 4097 77 27 roots,
1714 4095 51 24 and

1225 4138 101 27 renders
1333 4137 44 26 the
1385 4137 47 26 soil
1439 4145 70 18 more
1518 4137 100 32 capable
1625 4137 28 26 of
1658 4138 106 25 sustain-

1225 4182 44 33 ing
1280 4182 70 32 plant
1361 4181 104 32 growth.

1342 4224 15 14 *
1437 4224 14 14 #
1538 4224 15 14 *
1634 4225 14 13 *

1259 4274 78 32 Early
1349 4281 33 18 on
1394 4273 44 25 the
1453 4273 122 33 morning,
1599 4273 93 34 Friday
1703 4274 61 26 Dec.

1228 4318 54 29 6th,
1293 4318 71 25 there
1375 4324 52 18 was
1445 4324 16 17 a
1472 4319 70 29 great
1564 4318 152 26 commotion
1738 4318 27 24 m

1227 4362 44 25 the
1282 4361 114 26 tove-cot
1408 4359 26 26 of
1444 4359 43 26 the
1496 4359 122 27 Nansen's
1627 4361 139 25 household

1227 4406 28 25 m
1267 4402 162 30 Christiania,
1442 4401 82 26 which
1535 4402 73 25 made
1620 4403 54 25 Mrs
1697 4403 68 24 Nan-

1229 4458 44 18 sen
1284 4449 79 29 hurry
1374 4449 26 22 to
1412 4446 43 25 the
1466 4446 99 32 poultry
1576 4446 69 32 yard.
1681 4448 21 23 A
1714 4454 51 17 car-

1229 4494 48 24 rier
1288 4491 90 32 pigeon
1389 4488 82 26 which
1486 4488 50 25 had
1547 4488 63 25 been
1627 4488 90 27 absent
1728 4491 39 24 for

1785 217 76 24 many
1880 212 98 24 months
1990 211 50 25 had
2061 212 120 31 suddenly
2204 215 116 23 returned

1784 253 52 24 safe
1859 255 47 22 and
1924 255 80 24 sound
2022 257 24 22 to
2075 255 40 24 his
2143 257 88 24 mates.
2268 256 52 25 The

1784 295 53 24 bird
1849 296 50 25 had
1911 304 70 17 come
1990 297 34 24 all
2036 296 42 25 the
2090 305 54 23 way
2156 297 63 25 from
2231 298 43 24 the
2284 299 36 30 icy

1783 338 80 25 North
1875 339 74 25 Polar
1958 340 106 31 regions,
2077 340 48 24 and
2147 348 32 17 on
2202 341 33 24 its
2257 341 63 25 neck

1783 387 50 17 was
1845 389 14 16 a
1876 389 112 25 message
2011 384 26 23 to
2066 382 52 25 Mrs
2131 383 103 25 Nansen
2256 383 64 25 from

1781 422 44 25 her
1836 424 133 25 ice-bound
1979 425 115 25 husband
2106 425 43 25 the
2161 426 119 30 explorer,
2293 426 27 24 m

1781 466 43 24 the
1836 466 38 25 far
1885 467 89 25 North.
2009 469 26 24 It
2051 469 22 24 is
2090 469 98 24 learned
2196 469 63 24 from
2277 468 43 25 the

1781 509 73 24 letter
1866 509 55 24 that
1932 517 34 18 no
1982 511 125 25 accidents
2119 512 60 24 have
2202 512 60 24 thus
2285 512 35 23 far

1781 550 106 26 befallen
1899 552 44 24 the
1955 554 80 31 party,
2049 554 48 24 and
2116 554 56 24 that
2184 555 40 23 the
2244 555 75 24 intre-

1780 594 43 31 pid
1830 594 133 25 Norseman
1976 596 21 23 is
2007 595 52 25 still
2068 596 127 26 confident
2204 596 27 26 of
2237 597 83 31 plant-

1780 638 44 31 ing
1835 638 40 25 his
1887 640 124 30 country's
2033 638 52 32 flag
2107 646 33 17 on
2169 640 43 25 the
2237 640 82 25 North

1781 681 67 24 Pole.

1892 849 149 25 PATRICK
2052 849 155 25 MALONE.

1815 928 54 24 The
1880 936 57 17 case
1954 930 25 24 of
1995 930 42 24 Mr
2054 928 102 26 Patrick
2167 930 110 35 Malone,
2296 930 26 24 of

1781 970 112 25 Darfield
1905 978 78 20 seems
2006 973 29 25 to
2057 973 63 25 have
2143 973 112 31 engaged
2277 973 44 25 the

1781 1013 123 26 attention
1917 1014 26 25 of
1953 1023 68 17 some
2038 1015 28 26 of
2085 1024 47 17 our
2153 1015 86 32 public
2250 1015 69 26 func-

1781 1057 116 26 tionaries
1936 1059 39 24 for
2003 1066 15 17 a
2043 1058 167 26 considerable
2250 1059 69 25 time.

1780 1100 77 25 From
1885 1100 129 32 published
2043 1103 98 31 reports
2171 1102 50 24 and
2257 1102 64 24 from

1781 1144 124 30 enquiries
1929 1151 36 18 we
1983 1144 62 26 hare
2068 1145 75 25 made
2165 1145 21 25 it
2214 1152 104 24 appears

1781 1181 55 25 that
1847 1181 44 25 the
1903 1190 60 18 man
1974 1183 50 26 lost
2046 1182 41 27 his
2098 1183 56 26 wife
2174 1183 27 25 m
2216 1183 106 26 October

1780 1224 57 29 last,
1867 1225 50 25 and
1946 1225 66 26 since
2038 1226 63 26 then
2129 1227 39 25 his
2196 1226 125 32 principal

1781 1268 95 25 trouble
1905 1269 46 24 has
1975 1269 70 29 been,
2078 1271 46 24 not
2153 1272 26 23 to
2200 1277 40 18 see
2264 1270 57 25 how

1781 1311 75 25 much
1878 1312 114 31 parental
2013 1319 55 18 care
2090 1312 33 25 he
2135 1312 73 26 could
2226 1312 94 26 bestow

1782 1361 31 17 on
1833 1354 40 25 his
1897 1355 37 24 six
1958 1355 145 26 motherless
2126 1356 121 28 children,
2277 1356 45 24 but

1781 1398 26 22 to
1819 1398 38 29 try
1878 1398 26 24 to
1915 1397 38 25 rid
1975 1398 105 25 himself
2097 1398 139 31 altogether
2248 1398 27 25 of
2283 1398 39 25 his

1781 1439 101 25 natural
1904 1439 221 32 responsibilities;
2144 1440 53 25 and
2219 1441 33 24 he
2274 1441 46 25 has

1782 1481 133 26 succeeded
1925 1484 84 30 pretty
2031 1483 65 29 well,
2114 1483 26 25 m
2152 1491 45 18 our
2209 1484 108 32 opinion,

1781 1525 28 24 m
1821 1525 115 33 effecting
1956 1525 56 26 that
2035 1525 115 27 laudable
2162 1526 90 32 object.

1817 1568 76 29 First,
1921 1568 43 26 the
1988 1568 147 34 Magistrate
2155 1571 26 24 at
2206 1570 117 26 Sheffield

1783 1619 51 17 was
1862 1613 139 30 requested,
2027 1620 33 17 on
2090 1613 43 24 the
2161 1613 160 25 information

1783 1654 28 25 of
1836 1655 121 26 Malone's
1987 1656 118 30 advisers,
2135 1658 27 23 to
2189 1656 62 26 send
2279 1657 42 25 the

1783 1698 115 26 children
1909 1700 26 24 to
1959 1706 15 17 a
1993 1700 92 24 certain
2108 1699 215 26 denominational

1783 1742 92 30 school,
1894 1751 32 17 on
1938 1744 44 25 the
2002 1742 96 33 ground
2118 1745 55 26 that
2185 1744 44 25 the
2240 1743 70 26 fathe
2309 1742 14 15 r

1784 1794 48 16 was
1860 1786 90 25 unable
1973 1788 25 23 to
2022 1789 103 30 support
2152 1787 77 25 them.
2264 1787 57 24 Per-

1783 1829 65 31 haps
1859 1829 32 25 he
1912 1837 51 18 was
1992 1837 24 17 lo
2050 1837 15 18 a
2105 1830 93 25 certain
2231 1831 87 24 extent

1783 1871 80 25 under
1891 1873 42 24 the
1962 1872 194 26 circumstances
2170 1879 5 23 ;
2211 1872 46 25 but
2285 1879 37 18 we

1783 1916 93 24 cannot
1897 1914 58 33 help
1984 1915 118 33 thinking
2130 1915 55 25 that
2214 1915 32 25 he
2271 1923 50 18 was

1783 1957 68 33 quite
1862 1965 29 18 as
1914 1957 137 34 unwilling,
2070 1967 27 16 as
2109 1958 33 25 he
2154 1966 50 17 was
2223 1958 97 30 unable,

1783 2003 27 24 to
1818 2001 74 26 make
1910 2009 15 18 a
1942 2009 88 25 proper
2047 2001 73 26 effort
2142 2003 28 24 to
2192 2001 129 32 discharge

1783 2044 40 26 his
1852 2044 68 32 duty.
1973 2045 33 25 At
2023 2052 50 24 any
2097 2046 54 24 rate
2168 2045 33 25 he
2217 2045 47 25 has
2280 2044 41 26 his

1783 2088 88 24 health
1883 2088 49 24 and
1944 2089 112 31 strength
2079 2088 50 25 and
2149 2088 104 29 muscle,
2271 2088 50 24 and

1782 2131 22 25 is
1822 2131 118 32 expected
1951 2133 27 23 to
1995 2132 70 24 exert
2076 2131 104 25 himself
2191 2138 28 18 as
2242 2138 80 25 many

1783 2182 15 17 a
1815 2173 115 33 laboring
1949 2182 61 17 man
2030 2174 115 32 deprived
2166 2173 27 26 of
2208 2174 41 25 his
2265 2173 56 26 wife

1783 2217 51 25 and
1861 2218 59 24 with
1949 2226 15 16 a
1992 2225 85 25 young
2104 2218 89 32 family
2219 2225 33 18 on
2280 2218 41 25 his

1782 2260 91 30 hands,
1902 2260 46 25 has
1971 2260 51 26 had
2042 2262 27 24 to
2095 2261 31 24 do
2154 2260 84 26 before
2256 2260 63 26 him.

1783 2303 129 29 However,
1930 2302 43 26 the
1997 2302 147 33 Magistrate
2166 2302 79 25 found
2264 2303 57 25 that

1783 2346 43 25 the
1837 2354 90 23 proper
1947 2353 52 25 way
2022 2347 27 24 to
2069 2345 73 32 bring
2165 2345 45 26 the
2227 2347 94 24 matter

1782 2388 83 25 before
1886 2389 42 24 the
1950 2388 79 25 Court
2051 2397 50 16 was
2120 2389 46 24 not
2185 2391 26 21 at
2229 2389 42 24 the
2282 2389 37 24 in-

1783 2433 86 24 stance
1897 2431 27 25 of
1949 2432 97 31 private
2075 2431 92 26 friends
2196 2432 125 32 (however

1782 2474 64 33 good
1858 2474 66 26 their
1947 2475 138 25 intentions
2107 2474 82 32 might
2211 2474 41 32 be)
2275 2474 46 26 but

1783 2517 108 32 through
1910 2517 45 25 the
1977 2516 96 33 police;
2093 2517 50 25 and
2163 2517 158 33 accordingly

1783 2561 44 24 the
1839 2568 56 17 case
1907 2567 51 19 was
1970 2559 76 26 taken
2064 2560 27 24 m
2114 2559 68 25 hand
2204 2559 34 33 by
2249 2560 72 25 those

1782 2603 95 26 officers
1890 2603 48 24 and
1960 2602 152 26 transferred
2133 2604 27 23 to
2181 2603 42 23 the
2243 2603 78 25 Court

1783 2648 27 24 at
1821 2646 181 26 Christchurch
2014 2655 6 21 ;
2032 2646 47 25 but
2090 2645 84 26 before
2182 2646 22 25 it
2215 2646 106 25 reached

1782 2690 57 24 that
1850 2690 76 31 stage,
1945 2689 44 25 the
2001 2689 142 25 Charitable
2166 2688 47 26 Aid
2238 2688 83 26 Board

1782 2739 52 19 was
1846 2731 130 27 consulted
1986 2740 7 21 ;
2011 2731 60 29 and,
2088 2731 159 32 recognising
2263 2731 58 27 that

1782 2776 45 24 the
1843 2782 61 17 man
1927 2783 48 16 was
1997 2775 86 31 placed
2109 2775 26 24 m
2159 2782 16 17 a
2191 2775 128 32 difficulty,

1783 2817 51 26 and
1862 2817 81 26 would
1970 2817 64 25 have
2063 2818 27 24 to
2123 2816 101 33 employ
2252 2824 69 18 some

1782 2867 90 26 person
1900 2860 27 25 to
1956 2859 87 26 attend
2066 2860 27 25 to
2121 2859 45 26 the
2199 2859 121 32 children,

1783 2903 72 25 while
1872 2903 44 25 the
1938 2903 85 25 father
2045 2910 52 18 was
2119 2902 38 33 (or
2179 2903 90 25 should
2280 2903 41 33 be)

1784 2946 113 31 working
1907 2945 37 25 for
1961 2945 66 26 their
2049 2949 110 28 support,
2178 2945 44 25 the
2240 2945 83 26 Board

1785 2996 49 17 was
1854 2989 95 31 willing
1968 2989 27 24 to
2017 2988 80 25 afford
2116 2988 55 25 him
2195 2989 69 24 what
2287 2996 37 18 we

1785 3032 105 25 venture
1910 3032 27 25 to
1959 3031 75 26 think
2068 3032 67 25 most
2168 3032 88 31 people
2272 3031 53 26 will

1785 3074 113 26 consider
1926 3073 44 26 the
2007 3073 88 26 liberal
2135 3074 134 25 allowance
2298 3074 28 25 of

1787 3117 59 25 £40
1857 3125 14 15 a
1883 3123 66 24 year.
1985 3116 52 25 But
2048 3116 57 25 that
2117 3124 49 18 was
2258 3116 66 32 good

1914 3167 7 22 ;
1938 3158 108 33 nothing
2064 3159 70 25 short
2154 3159 27 25 of
2198 3159 45 26 the
2262 3159 63 26 chil-

1788 3203 62 24 dren
1874 3203 75 31 being
1971 3204 56 23 sent
2051 3204 26 23 to
2100 3203 43 24 the
2165 3202 95 25 Nelson
2283 3203 43 24 In-

1789 3245 106 24 dustrial
1907 3244 99 29 School,
2025 3244 83 25 would
2124 3245 89 31 satisfy
2225 3244 103 26 Malone

1790 3287 51 26 and
1868 3287 41 26 his
1938 3286 91 27 friends
2042 3295 6 22 ;
2076 3286 50 27 and
2155 3286 49 27 this
2232 3287 96 27 modest

1790 3330 115 31 demand,
1935 3338 35 17 we
1995 3337 42 18 are
2065 3330 57 33 glad
2156 3332 28 24 to
2210 3338 47 23 see,
2286 3330 42 25 Mr

1790 3373 124 25 Beetham
1942 3372 80 26 would
2049 3374 46 24 not
2126 3373 100 32 comply
2257 3373 69 30 with,

1791 3415 83 33 seeing
1894 3416 56 25 that
1969 3416 21 25 it
2012 3415 84 26 would
2116 3415 64 26 have
2203 3416 44 25 the
2258 3416 70 26 effect

1790 3460 28 25 of
1827 3459 116 33 saddling
1954 3459 44 26 the
2018 3459 63 26 local
2103 3460 143 31 ratepayers
2267 3459 61 26 with

1790 3510 16 17 a
1834 3502 153 31 prospective
2011 3503 53 24 cost
2098 3501 28 26 of
2151 3502 78 25 about
2257 3502 71 25 £940

1791 3545 38 25 for
1839 3546 42 24 the
1904 3544 62 32 keep
1989 3545 27 25 of
2037 3544 44 26 the
2104 3544 112 26 children
2236 3547 27 23 at
2286 3546 42 24 the

1790 3587 143 26 institution
1952 3587 29 25 m
1997 3587 125 31 question.

1824 3631 121 26 Defeated
1956 3631 28 25 m
2007 3631 50 26 this
2077 3633 116 31 attempt,
2217 3632 43 25 Mr
2271 3632 58 26 Pat-

1791 3673 53 25 rick
1867 3674 99 25 Malone
1989 3674 46 26 left
2067 3674 42 26 his
2132 3674 65 26 little
2219 3681 61 19 ones
2302 3674 27 26 m

1792 3716 186 31 Christchurch,
2003 3718 46 26 but
2066 3725 52 19 was
2130 3725 61 19 soon
2215 3718 116 32 required

1791 3761 26 24 to
1829 3759 99 33 explain
1951 3759 57 33 why
2030 3760 32 25 he
2082 3760 43 25 did
2147 3761 45 25 not
2214 3760 66 25 fulfil
2290 3760 41 26 his

1791 3802 149 32 obligations
1960 3810 28 17 as
2008 3810 16 17 a
2048 3803 91 26 father.
2175 3803 55 26 The
2252 3803 78 33 police

1791 3845 150 26 meanwhile
1963 3845 87 32 placed
2067 3845 43 26 the
2128 3845 89 33 family
2238 3846 28 25 m
2286 3846 44 26 the

1791 3894 55 19 care
1869 3887 26 25 of
1915 3887 44 26 the
1992 3886 143 28 Charitable
2166 3887 49 27 Aid
2236 3888 93 31 Board,

1791 3930 81 26 which
1893 3930 45 26 has
1957 3937 56 18 ever
2033 3930 69 26 since
2118 3930 51 26 had
2187 3932 27 24 to
2231 3931 100 32 provide

1791 3973 39 26 for
1841 3973 68 25 their
1925 3972 86 30 needs,
2035 3973 43 25 the
2089 3973 142 33 exemplary
2241 3976 90 30 parent

1791 4019 76 19 never
1888 4011 96 32 having
2017 4010 158 26 contributed
2203 4019 29 19 so
2253 4011 78 27 much

1792 4063 28 17 as
1843 4062 15 17 a
1880 4054 44 25 red
1947 4055 58 24 cent
2027 4053 109 26 towards
2158 4054 67 25 their
2247 4055 83 25 main-

1792 4100 105 23 tenance
1916 4104 7 22 ;
1973 4097 50 24 and
2047 4097 109 32 judging
2194 4097 65 25 from
2287 4098 44 26 the

1792 4140 106 26 attitude
1919 4140 35 25 he
1984 4140 48 25 has
2054 4139 98 32 already
2190 4140 77 25 taken
2287 4148 43 25 up,

1792 4182 120 34 probably
1943 4182 33 26 he
1999 4190 75 18 never
2095 4182 52 26 will
2180 4182 23 25 if
2229 4183 33 25 he
2285 4191 46 18 can

1794 4227 59 31 help
1876 4227 27 28 it,
1949 4226 28 24 m
2010 4226 65 31 spite
2097 4227 27 23 of
2156 4233 34 18 an
2212 4226 73 26 order
2307 4227 24 25 of

1793 4271 41 24 the
1846 4270 77 25 Court
1946 4269 57 26 that
2025 4269 33 26 he
2079 4269 23 25 is
2125 4271 28 23 to
2173 4277 50 25 pay
2245 4270 86 27 fifteen

1794 4314 116 32 shillings
1931 4321 15 16 »
1975 4312 67 25 week
2064 4312 38 25 for
2136 4312 57 27 that
2215 4321 116 25 purpose.

1794 4357 61 25 And
1866 4365 60 17 even
1949 4356 21 24 if
1978 4356 33 25 he
2023 4356 98 28 should,
2146 4364 37 18 we
2195 4357 52 25 still
2259 4358 72 25 think

1794 4400 56 25 that
1861 4400 32 24 he
1905 4407 58 24 may
1975 4399 112 25 consider
2109 4399 106 26 himself
2231 4409 15 17 a
2257 4401 74 33 lucky

1794 4450 58 17 man
1876 4445 26 22 to
1925 4443 29 23 be
1977 4441 54 25 able
2053 4443 27 23 to
2112 4450 86 24 escape
2222 4444 43 25 the
2294 4452 36 17 re-

1795 4485 154 30 sponsibility
1972 4484 131 31 attaching
2125 4486 27 23 to
2164 4493 15 17 a
2191 4485 81 26 father
2295 4488 36 24 for

2350 210 42 23 the
2411 211 116 30 personal
2545 218 56 17 care
2613 211 50 24 and
2686 213 102 29 custody
2811 211 27 25 of
2846 211 40 24 his

2349 252 106 32 helpless
2479 253 82 29 babes,
2597 253 32 31 by
2652 254 43 25 the
2718 255 120 31 payment
2860 255 27 24 to

2349 294 42 25 the
2406 295 70 24 State
2493 296 28 23 of
2540 296 176 24 half-a-crown
2738 305 44 22 per
2805 296 65 24 head
2879 297 6 23 !

2349 337 64 25 How
2425 346 73 23 many
2518 338 193 32 hard-working,
2736 339 149 31 struggling,

2348 380 94 24 fathers
2472 381 50 24 and
2552 381 110 25 mothers
2696 381 117 32 honestly
2845 388 40 17 en-

2348 421 150 33 deavouring
2521 425 26 23 to
2578 423 130 31 discharge
2738 424 64 24 their
2825 423 60 31 duty

2349 465 105 24 towards
2479 466 65 24 their
2579 465 121 28 children,
2735 466 83 25 would
2840 469 45 21 not

2347 507 48 24 feel
2407 507 55 26 that
2474 508 45 24 but
2538 508 39 24 for
2599 508 79 25 honor
2690 508 50 24 and
2763 508 61 32 duty
2836 508 49 24 and

2347 550 98 24 natural
2459 550 125 29 affection,
2609 550 60 31 they
2680 551 81 25 would
2784 550 31 25 be

2347 592 37 24 off
2533 592 21 24 if
2593 592 66 25 their
2687 592 107 26 families
2822 600 63 18 were

2347 635 73 23 taken
2450 635 34 25 off
2507 635 66 25 their
2595 635 81 25 hands
2702 637 26 23 at
2751 635 43 25 the
2817 642 68 18 same

2348 679 53 23 ratt
2413 679 12 22 ?

2382 719 46 26 We
2451 728 41 17 are
2516 721 112 32 strongly
2651 721 27 24 of
2707 721 100 31 opinion
2829 721 56 25 that

2349 762 43 26 the
2414 764 49 24 law
2486 764 90 25 should
2594 764 30 25 be
2648 772 26 18 so
2697 764 94 26 framed
2812 771 27 18 as
2860 765 25 24 to

2349 808 102 29 prevent
2474 814 50 25 any
2554 806 117 26 facilities
2705 807 74 32 being
2812 807 73 32 given

2349 849 26 24 to
2398 849 62 25 such
2480 857 15 17 a
2512 857 59 17 man
2594 857 28 17 as
2641 849 104 25 Malone
2765 851 26 24 to
2811 849 74 26 evade

2348 890 39 24 his
2410 891 118 24 manifest
2551 891 81 25 duties
2652 899 27 16 as
2702 900 14 15 a
2739 891 90 29 father,
2852 891 33 31 by

2348 932 90 32 simply
2457 933 117 32 pleading
2653 935 93 27 can't,"
2782 933 103 26 because

2347 974 34 25 he
2398 975 46 25 has
2467 975 63 26 been
2556 976 132 26 overtaken
2705 976 33 32 by
2761 976 42 26 the
2825 976 59 25 mis-

2349 1018 99 25 fortune
2460 1018 57 26 that
2536 1027 77 24 many
2636 1020 84 25 others
2733 1028 41 17 are
2787 1019 98 33 equally

2348 1061 75 26 liable
2435 1064 34 28 to,
2482 1063 100 32 namely
2603 1063 42 25 the
2657 1064 48 25 loss
2725 1064 27 24 of
2761 1063 40 25 his
2819 1063 64 26 wife.

2348 1105 32 25 In
2392 1105 35 25 all
2448 1105 150 35 probability
2620 1107 22 25 if
2662 1107 42 25 the
2715 1114 61 25 poor
2787 1114 96 18 woman

2348 1147 51 26 had
2410 1149 115 26 survived
2546 1150 46 25 her
2612 1150 121 30 husband,
2747 1150 45 25 she
2803 1150 81 26 would

2348 1191 63 27 have
2434 1192 62 27 been
2516 1202 28 16 as
2573 1194 131 29 reluctant,
2736 1202 27 18 as
2784 1194 99 25 Malone

2349 1242 80 19 seems
2457 1237 118 30 desirous,
2612 1239 26 24 to
2664 1241 57 28 part
2749 1237 61 26 with
2838 1237 46 25 her

2348 1279 121 30 children,
2492 1279 38 25 for
2547 1280 82 25 whose
2654 1281 90 24 benefit
2778 1281 44 24 she
2839 1281 45 24 left

2349 1322 42 25 the
2418 1322 113 32 proceeds
2559 1323 28 25 of
2610 1323 45 24 her
2683 1324 43 24 life
2754 1324 130 25 insurance

2349 1366 88 31 policy.

2433 1554 71 26 THE
2523 1554 97 26 GAME
2645 1555 44 25 OF
2713 1555 89 25 LIFE.

2349 1630 56 22 This
2420 1630 42 22 life
2481 1630 19 21 is
2509 1631 44 21 but
2572 1637 14 15 a
2605 1637 66 21 game
2688 1631 24 22 of
2725 1631 65 22 cards
2813 1631 73 21 which

2432 1668 94 21 mortals
2534 1668 58 22 have
2601 1670 25 19 to
2635 1669 71 25 learn,

2350 1705 64 21 Each
2428 1706 98 25 shuffles,
2548 1707 58 24 cuts,
2625 1707 47 20 and
2690 1706 62 21 deals
2771 1706 41 21 the
2829 1706 57 27 pack

2431 1743 47 21 and
2487 1744 55 20 each
2561 1750 15 15 a
2594 1744 79 27 trump
2683 1745 63 20 must
2763 1745 55 20 tarn
2825 1752 6 17 ;

2351 1780 64 21 Some
2434 1781 69 26 bring
2521 1787 14 15 a
2553 1780 58 28 high
2620 1780 54 22 card
2692 1782 26 20 to
2731 1781 41 21 the
2780 1782 41 26 top
2834 1780 52 26 ,and

2432 1818 77 21 others
2530 1818 69 28 bring
2617 1825 15 14 a
2648 1820 51 24 low,

2350 1854 65 22 Some
2422 1855 56 21 hold
2493 1861 15 15 a
2516 1855 64 21 hand
2598 1855 63 27 quite
2677 1855 62 21 flush
2747 1856 25 21 of
2789 1856 97 27 trumps,

2431 1892 66 20 while
2515 1893 77 20 others
2608 1898 59 15 none
2685 1898 43 15 can
2737 1893 67 20 show.

2349 1939 66 23 Some
2424 1940 79 21 shuffle
2516 1940 57 22 with
2591 1947 14 15 a
2622 1942 117 26 practised
2756 1942 70 25 hand,
2841 1942 44 21 and

2431 1978 58 26 pack
2509 1978 62 21 their
2588 1978 66 22 cards
2672 1978 57 22 with
2747 1985 59 16 care.

2348 2015 62 21 That
2419 2015 53 27 they
2481 2022 52 20 may
2542 2016 73 25 know,
2627 2016 66 21 when
2702 2016 56 27 they
2768 2023 39 14 are
2817 2016 68 25 dealt,

2429 2052 75 22 where
2523 2052 33 21 all
2573 2053 42 21 the
2633 2053 88 21 leaders
2745 2060 53 18 are;

2349 2089 63 21 Thus
2428 2089 58 21 fools
2495 2096 38 15 are
2542 2090 67 21 made
2619 2091 40 21 the
2678 2091 71 26 dupes
2759 2091 25 21 of
2796 2097 89 20 rogues,

2430 2127 68 21 while
2506 2133 83 21 rogues
2603 2128 56 21 each
2678 2128 66 21 other
2759 2128 74 26 cheat,

2348 2163 53 22 And
2418 2164 30 21 he
2457 2164 21 21 is
2497 2170 55 21 very
2571 2165 54 21 wise
2643 2164 90 26 indeed,
2753 2166 50 21 who
2817 2171 68 16 never

2430 2203 72 20 meets
2516 2202 83 21 defeat.

2347 2244 78 21 When,
2442 2244 102 27 playing,
2564 2251 61 15 some
2641 2246 74 21 throw
2733 2247 42 20 out
2792 2246 42 21 the
2848 2252 38 15 ace

2429 2278 41 20 the
2479 2279 110 26 counting
2603 2279 66 21 cards
2681 2280 26 20 to
2716 2285 61 19 save,

2349 2311 67 22 Some
2424 2311 55 27 play
2497 2312 42 21 the
2552 2312 77 25 deuce,
2645 2312 46 21 and
2709 2318 62 16 some
2789 2312 41 22 the
2838 2303 61 35 raiap

2429 2343 44 21 but
2487 2350 69 20 many
2569 2344 55 26 play
2636 2344 41 21 the
2695 2344 81 26 knave,
2842 2341 57 32 4Jfcf

2349 2375 65 22 Some
2431 2376 55 27 play
2499 2375 37 21 for
2544 2381 88 20 money,
2646 2382 61 15 some
2724 2376 35 21 for
2776 2376 51 25 fun,
2841 2373 58 26 SB3£

2431 2415 61 15 some
2509 2409 36 21 for
2563 2409 95 27 worldly
2676 2408 67 26 fame,
2848 2413 44 14 '—
2897 2410 2 7 '

2348 2441 49 21 But
2405 2441 41 21 not
2455 2441 61 21 until
2524 2441 41 21 the
2582 2441 82 21 hand's
2680 2441 85 27 played
2783 2443 47 24 out,
2845 2449 42 15 can

2429 2473 57 26 they
2494 2474 69 20 count
2572 2479 32 20 up
2622 2472 61 22 their
2704 2480 72 19 game.

2347 2522 76 21 When
2432 2522 78 21 hearts
2519 2528 40 15 are
2568 2523 91 26 trumps
2668 2529 34 15 we
2710 2523 56 26 play
2784 2523 36 21 for
2829 2524 57 25 love,

2431 2556 46 20 and
2485 2555 105 27 pleasure
2599 2556 63 21 rules
2680 2556 41 22 the
2739 2556 66 26 hour,

2347 2590 36 21 No
2401 2590 113 27 thoughts
2524 2589 24 22 of
2566 2596 84 15 sorrow
2667 2591 69 21 check
2746 2597 41 15 our
2805 2592 39 26 joy
2862 2592 24 20 m

2430 2623 105 27 beauty's
2544 2629 54 22 rosy
2611 2624 75 20 bower
2692 2633 6 16 ;

2347 2658 44 21 We
2406 2658 58 26 sing,
2486 2664 33 14 we
2539 2658 77 25 dance,
2631 2658 69 21 sweet
2718 2664 76 16 verses
2813 2659 73 25 make,

2429 2696 42 15 our
2486 2690 66 21 cards
2571 2690 27 21 at
2615 2690 96 21 random
2729 2690 60 28 play,

2347 2723 53 22 And
2409 2724 67 21 while
2492 2730 41 15 our
2541 2724 78 27 trump
2627 2724 99 21 remains
2736 2731 29 14 on
2779 2725 48 27 top,
2841 2726 45 21 and

2430 2758 56 27 they
2502 2758 69 21 count
2579 2765 31 20 up
2628 2758 62 21 their
2706 2765 72 20 game.

2348 2801 76 21 When
2433 2801 118 21 diamonds
2559 2801 84 21 chance
2652 2802 25 20 to
2686 2808 74 14 crown
2771 2802 41 21 the
2821 2803 66 27 pack,

2429 2833 54 20 And
2500 2834 89 26 players
2608 2834 64 21 stake
2690 2834 61 21 their
2774 2834 61 28 gold,

2349 2865 52 23 And
2409 2865 76 28 heavy
2494 2872 62 15 sums
2565 2872 38 16 are
2612 2866 47 22 lost
2668 2866 46 22 and
2726 2873 51 16 won
2786 2867 31 27 by
2828 2873 61 21 gam-

2431 2898 62 21 blers
2508 2904 79 21 young
2605 2898 47 21 and
2671 2898 38 21 old
2717 2907 8 17 j

2350 2931 81 21 Intent
2450 2937 29 14 on
2495 2930 110 27 winning,
2619 2931 56 20 each
2693 2931 37 20 his
2750 2937 64 20 game
2834 2932 55 20 doth

2430 2961 75 23 watch
2518 2961 57 22 with
2594 2968 69 21 eager
2681 2969 47 20 eye,

2351 2994 58 21 How
2416 2994 30 21 he
2455 2999 54 21 may
2518 2999 38 16 see
2565 2994 36 21 his
2611 2994 138 27 neighbours
2759 2994 74 26 cards,
2845 2995 44 22 and

2431 3025 56 22 beat
2504 3025 48 21 him
2563 3032 29 14 on
2601 3025 42 22 the
2657 3026 42 26 sly.

2352 3070 76 21 When
2436 3070 65 20 clubs
2511 3076 38 15 are
2567 3071 90 26 tramps
2672 3070 52 21 look
2738 3072 41 20 out
2788 3071 37 21 for
2834 3077 53 20 war,

2433 3110 30 14 on
2472 3109 70 16 ocean
2553 3104 47 20 and
2619 3110 29 15 on
2657 3104 56 21 land
2721 3112 7 16 ;

2352 3135 46 22 For
2407 3135 85 22 direful
2518 3135 91 21 horrors
2637 3136 84 27 always
2745 3142 62 15 come
2826 3136 66 22 when

2434 3167 64 22 clubs
2514 3173 40 15 are
2572 3167 56 22 held
2650 3168 24 20 m
2692 3168 65 21 hand

2354 3199 65 21 Then
2427 3199 58 21 lives
2494 3205 39 15 are
2542 3199 82 21 staked
2631 3200 91 21 instead
2731 3199 25 21 of
2772 3199 60 28 gold,
2846 3200 47 21 and

2435 3231 57 26 dogs
2510 3231 25 21 of
2552 3238 47 14 war
2608 3238 40 14 are
2666 3231 92 21 freed—

2354 3262 29 21 In
2392 3269 42 14 our
2443 3262 54 21 dear
2506 3264 97 26 country
2622 3269 70 21 every
2712 3263 56 21 time
2775 3263 44 21 the
2829 3264 64 21 clubs

2438 3295 78 20 obtain
2532 3295 41 20 the
2591 3295 59 20 lead.

2355 3339 57 21 Last
2431 3346 65 20 game
2505 3340 25 20 of
2547 3339 33 20 all
2598 3340 21 20 is
2632 3340 67 21 when
2721 3340 42 21 the
2787 3340 69 26 spade
2875 3340 21 21 is

2437 3373 85 21 turned
2530 3373 31 27 by
2574 3373 63 22 hand
2646 3374 25 20 of
2688 3374 57 20 time
2753 3382 8 17 ;

2355 3407 37 22 He
2401 3407 84 27 always
2494 3406 63 22 deals
2566 3407 40 22 the
2615 3407 89 27 closing
2716 3407 64 22 hand
2795 3408 25 21 m
2829 3413 67 21 every

2438 3446 43 20 age
2491 3440 46 21 and
2545 3440 75 22 clime.

2356 3474 36 20 No
2401 3474 86 21 matter
2504 3474 51 21 how
2564 3474 68 21 much
2650 3474 57 21 each
2725 3480 54 15 man
2792 3474 63 25 wins,
2872 3480 24 15 or

2438 3506 52 21 how
2498 3507 70 20 much
2583 3507 56 20 each
2648 3513 55 13 man
2713 3513 73 17 eaves,

2356 3539 50 21 The
2415 3539 69 27 spade
2493 3540 48 20 will
2553 3539 69 21 finish
2631 3546 32 21 up
2678 3539 40 21 the
2728 3545 66 21 game
2803 3539 46 21 and
2858 3539 38 28 dig

2439 3573 42 22 the
2498 3573 98 27 players'
2615 3579 89 21 graves.

2358 3703 71 30 DR.
2454 3701 269 32 BARNARDO'S
2744 3700 151 32 HOMES

2391 3793 47 25 We
2448 3793 65 25 have
2524 3793 110 25 received
2647 3794 44 24 the
2708 3792 189 33 Twenty-ninth

2358 3833 101 25 Annual
2487 3833 93 32 Report
2608 3836 26 22 of
2672 3833 46 25 Dr.
2747 3832 151 26 Barnardo's

2358 3873 104 29 Homes,
2481 3874 117 31 covering
2620 3874 45 24 the
2687 3881 58 24 year
2757 3874 73 24 1894.
2865 3872 32 24 In

2358 3919 15 17 a
2385 3911 65 26 Note
2468 3913 25 23 to
2514 3912 43 25 the
2579 3911 99 26 Header
2700 3911 46 25 Dr.
2769 3910 128 25 JBarnardo

2358 3950 115 32 explains
2490 3950 57 25 that
2558 3950 78 25 much
2658 3950 72 32 delay
2750 3950 48 25 has
2815 3949 82 24 arisen

2358 3991 83 30 owing
2452 3992 26 23 to
2496 3989 41 26 his
2558 3991 95 24 serious
2676 3990 51 24 and
2749 3989 97 25 sudden
2867 3989 30 24 il-

2358 4028 69 24 lness
2445 4028 28 24 m
2496 4028 43 25 the
2564 4036 88 18 course
2671 4027 29 26 of
2720 4027 41 25 the
2781 4034 116 18 summer.

2359 4064 87 33 Delay,
2466 4066 121 29 however,
2606 4073 56 24 may
2674 4066 54 24 well
2736 4064 31 26 be
2784 4064 113 29 excused,

2359 4102 74 25 when
2453 4102 45 25 the
2509 4102 49 26 full
2569 4103 51 25 and
2643 4102 108 26 detailed
2772 4104 90 22 nature
2873 4101 28 24 of

2359 4141 42 25 the
2413 4140 135 26 document
2559 4141 21 25 is
2604 4141 63 25 born
2679 4140 27 24 m
2727 4139 78 25 mind.
2840 4139 26 24 It
2878 4139 21 25 is

2359 4187 15 18 a
2386 4179 95 32 Eeport
2493 4179 80 26 which
2597 4179 77 25 belies
2685 4178 45 24 the
2741 4177 74 25 usual
2827 4177 71 25 char-

2359 4219 67 24 acter
2436 4218 28 24 of
2485 4219 103 30 reports,
2614 4217 38 24 for
2674 4216 20 24 it
2716 4216 23 24 is
2761 4215 138 32 eminently

2359 4257 117 25 readable
2499 4257 50 25 and
2584 4255 157 31 interesting,
2771 4254 74 25 while
2867 4255 33 26 its

2359 4295 157 26 voluminous
2537 4294 50 26 and
2607 4293 88 32 widely
2707 4293 86 25 varied
2811 4293 89 25 details

2359 4343 60 25 may
2429 4335 57 25 well
2509 4336 80 24 excite
2603 4333 185 26 astonishment
2812 4335 28 23 at
2858 4333 43 26 the

2361 4377 83 24 extent
2455 4375 27 25 of
2492 4375 43 25 the
2547 4374 67 25 work
2626 4374 59 25 with
2702 4374 78 24 which
2792 4374 21 24 it
2824 4373 76 26 deals.

2361 4413 25 25 If
2398 4413 70 25 there
2476 4420 41 17 are
2530 4412 51 25 still
2592 4412 60 32 (and
2661 4410 71 27 there
2745 4419 65 18 seem
2820 4413 27 24 to
2859 4412 42 33 be)

2362 4452 146 25 multitudes
2531 4452 27 25 of
2579 4452 114 24 children
2723 4452 56 24 who
2802 4452 64 25 need
2890 4462 13 14 a

2357 4492 83 27 .friend
2471 4492 49 24 and
2542 4493 134 30 protector,
2700 4491 61 25 here
2786 4492 117 31 certainly

2921 218 40 17 are
2990 215 112 29 agencies
3139 212 80 24 which
3255 220 40 16 are
3329 212 130 32 obviously

2921 249 123 33 straining
3068 258 72 23 every
3159 257 74 17 nerve
3274 254 24 21 to
3321 254 65 21 meet
3414 252 44 23 the

2919 286 139 26 difficulties
3072 288 49 24 and
3133 287 141 25 necessities
3287 289 27 23 o?
3334 289 43 23 the
3390 296 119 28 case..^^

2921 324 89 32 Surely
3021 327 90 30 society
3121 333 65 17 owes
3199 333 14 15 a
3225 325 58 24 debt
3295 325 26 25 of
3332 326 123 31 gratitude

2919 363 25 22 to
2959 362 44 25 her
3014 364 147 25 Preventive
3174 362 50 25 and
3244 364 53 23 Red
3320 364 72 24 Cross
3415 364 63 25 in-Zr;
3499 378 5 14 j

2919 402 134 25 stitutions.
3097 402 54 25 The
3173 402 68 25 work
3263 403 26 24 of
3390 402 84 26 Bar-'*

2919 434 96 25 nardo's
3027 435 111 25 Homes'"
3151 442 102 24 appears
3273 435 90 32 during
3387 437 63 24 1594

2919 475 25 21 to
2966 473 64 26 have
3053 482 62 23 gone
3138 474 105 25 forward
3271 475 106 32 steadily,
3401 475 51 26 and

2918 510 95 31 solidly,
3032 511 22 23 if
3072 513 46 23 not
3141 511 32 32 by
3192 512 68 32 leaps
3283 514 49 23 and
3344 514 104 25 bounds.

2918 550 70 31 They
2999 551 62 25 have
3073 552 79 24 under
3161 552 66 25 their
3238 561 55 17 care
3303 554 65 24 little
3380 553 70 25 short

2917 587 27 25 of
2961 588 75 29 5,000
3060 588 118 26 Children
3198 592 24 22 of
3243 590 34 25 all
3300 599 66 23 ages,
3384 591 65 25 from

2917 627 85 25 babies
3013 630 26 23 to
3051 628 43 32 big
3104 630 98 29 youths.
3232 630 69 31 They
3313 630 65 24 dealt
3389 630 61 24 with

2917 665 27 24 m
2964 665 44 24 the
3036 674 59 23 year
3117 675 34 16 no
3178 668 74 24 fewer
3273 668 63 24 than
3360 668 90 30 12,393

2917 711 77 23 cases,
3013 705 28 24 of
3050 706 80 24 whom
3153 707 74 29 7,999
3245 715 62 16 were
3329 707 67 24 fresh
3408 715 42 24 ap-

2917 743 140 31 plications.
3093 745 143 32 Ninety-six
3248 746 27 25 of
3285 747 42 24 the
3339 747 111 24 children

2917 781 122 25 admitted
3060 790 65 18 were
3143 783 95 25 infants
3259 784 28 24 m
3309 792 75 20 arms,
3402 785 50 24 and

2916 818 116 31 fifty-two
3060 828 64 17 were
3162 821 135 29 incurable,
3333 822 117 31 crippled,

2916 857 139 32 physically
3067 858 111 26 disabled
3191 860 48 24 and
3259 860 78 29 blind,
3357 868 27 17 or
3396 861 59 24 deaf

2917 897 89 24 mutes.
3051 898 64 24 Free
3137 898 115 33 lodgings
3263 907 64 17 were
3339 900 113 31 supplied

2917 936 26 24 to
2966 936 130 26 otherwise
3121 938 122 25 homeless
3263 947 84 22 young
3375 940 77 23 street

2917 975 136 25 wanderers
3075 977 26 24 to
3120 977 42 24 the
3184 978 106 24 numher
3302 978 27 24 of
3351 980 99 28 14.806,

2917 1014 50 24 and
2989 1015 49 24 free
3061 1016 94 25 rations
3178 1020 26 22 to
3235 1018 43 24 the
3298 1018 105 24 number
3426 1018 28 26 of

2919 1053 114 27 128,261.
3067 1054 25 24 It
3103 1054 22 25 is
3136 1055 152 25 remarkable
3305 1057 26 24 to
3351 1057 100 24 observe

2917 1089 64 31 that,
3000 1093 44 23 out
3056 1092 26 25 of
3100 1100 15 17 a
3126 1093 63 25 total
3201 1093 26 25 of
3253 1095 75 28 6,673
3340 1094 110 25 children

2916 1130 28 24 m
2956 1131 42 24 the
3020 1131 96 26 Homes
3128 1135 26 22 at
3177 1140 47 17 one
3235 1133 61 24 time
3308 1142 28 16 or
3347 1134 104 25 another

2917 1168 87 33 during
3032 1169 42 25 the
3102 1178 63 24 year,
3213 1171 57 32 only
3296 1173 157 30 twenty-four

2916 1208 87 25 deaths
3023 1211 124 29 occurred,
3165 1211 83 25 which
3265 1211 137 33 worksjout
3425 1213 27 24 at

2916 1256 32 16 an
2961 1251 95 23 annual
3078 1251 139 25 death-rate
3228 1251 27 25 of
3276 1252 76 24 about
3363 1253 34 29 3£
3406 1260 46 23 per

2918 1289 83 28 1,000.
3038 1291 47 25 724
3098 1291 96 25 trained
3217 1291 50 25 and
3290 1292 80 25 tested
3394 1292 57 32 boys

2917 1326 51 24 and
2979 1327 59 31 girls
3051 1336 61 17 were
3131 1329 138 32 emigrated
3289 1331 27 23 to
3339 1329 43 25 the
3394 1329 58 26 Col-

2917 1364 79 28 onies,
3014 1366 104 31 making
3129 1375 15 15 a
3166 1366 61 25 total
3248 1366 26 24 of
3297 1368 75 29 7,310
3394 1368 59 24 emi-

2918 1405 84 28 grants
3013 1404 27 23 m
3064 1404 42 25 all.
3142 1405 52 25 One
3217 1406 28 24 of
3262 1406 43 25 the
3323 1409 66 23 most
3408 1408 45 24 in-

2917 1441 117 31 teresting
3045 1441 108 26 features
3171 1443 28 24 of
3208 1443 43 26 the
3264 1444 93 31 Report
3375 1445 23 24 is
3409 1444 44 26 tha

2919 1480 139 25 conclusive
3069 1482 115 25 evidence
3195 1484 20 23 it
3232 1483 124 26 furnishes
3367 1484 25 25 of
3409 1484 44 25 the

2919 1517 185 33 extraordinary
3127 1528 95 17 success
3244 1521 83 25 which
3346 1521 47 26 has
3416 1523 38 24 at-

2919 1555 91 25 tended
3032 1556 44 26 the
3100 1557 147 32 emigration
3270 1559 82 25 efforts
3365 1559 27 26 of
3412 1559 43 26 the

2919 1592 103 26 Homes.
3068 1595 50 25 Not
3142 1596 58 30 only
3223 1604 42 17 are
3288 1598 42 24 the
3353 1597 101 25 failureg

2918 1632 143 33 practically
3081 1641 15 17 a
3128 1634 114 32 negative
3261 1636 92 32 quality
3375 1636 84 33 (about

2919 1679 47 18 one
2977 1681 44 23 per
3043 1674 77 31 cent),
3142 1677 43 21 Dut
3208 1676 43 24 the
3273 1676 81 24 letters
3372 1676 83 24 which

2919 1719 42 17 are
2973 1712 91 31 quoted
3086 1713 65 25 from
3163 1715 43 24 the
3229 1722 85 24 young
3336 1715 119 25 colonists

2918 1751 149 26 themselves
3078 1753 85 31 testify
3185 1753 155 32 abundantly
3363 1756 26 23 to
3411 1755 45 25 the

2918 1791 172 26 contentment
3102 1792 80 25 which
3194 1793 47 25 has
3258 1793 111 26 followed
3389 1794 68 25 their

2918 1828 211 31 transplantation
3150 1829 65 26 from
3227 1831 125 25 slumland
3375 1835 24 20 to
3412 1832 45 25 the

2917 1864 39 25 far
2968 1865 76 25 West.
3080 1867 90 31 Ample
3182 1869 113 24 material
3306 1870 20 23 is
3344 1869 111 25 furnish-

2918 1908 29 25 ed
2970 1909 26 24 to
3008 1918 15 16 a
3034 1910 87 25 reader
3143 1912 26 24 to
3191 1911 64 26 form
3278 1912 39 25 his
3329 1920 55 17 own
3396 1920 59 18 con-

2917 1947 109 26 clusions
3034 1949 28 24 m
3067 1949 42 26 the
3115 1958 133 19 numerous
3256 1959 69 19 cases
3332 1952 26 25 of
3359 1953 98 26 records

2917 1986 49 25 and
2984 1987 114 31 personal
3120 1989 86 25 letters
3229 1991 79 24 which
3328 1998 40 17 are
3391 1991 61 27 pub-

2917 2024 89 25 lished.
3054 2025 46 26 We
3118 2027 116 31 cordially
3256 2029 132 24 commend
3410 2029 45 25 the

2917 2062 152 31 publication
3079 2065 27 24 to
3112 2064 44 25 the
3167 2065 83 25 notice
3257 2066 25 25 of
3291 2074 45 17 our
3347 2066 106 27 readers.

2917 2102 22 23 A
2951 2109 62 24 copy
3037 2103 51 24 will
3111 2104 29 24 be
3152 2106 54 23 sent
3228 2106 26 24 to
3266 2113 50 24 any
3338 2114 47 17 one
3396 2107 58 25 who

2918 2142 108 31 supplies
3037 2142 41 25 his
3086 2151 27 16 or
3121 2144 44 24 her
3171 2151 75 19 name
3258 2145 49 25 and
3315 2145 99 26 address
3426 2148 27 24 to

2918 2180 42 24 the
2973 2178 126 35 Secretary
3121 2184 28 22 at
3168 2182 44 25 the
3235 2183 73 25 Head
3328 2184 88 25 Offices
3428 2184 28 26 of

2918 2220 104 28 Homes,
3037 2222 31 24 18
3079 2221 49 24 and
3140 2222 40 29 26,
3195 2222 109 33 Stepney
3312 2223 140 33 Causeway,

2909 2410 138 29 ■girls'TDr.
3071 2411 130 25 Bamardo
3222 2411 52 25 will
3297 2411 29 26 be
3348 2412 59 31 glad
3427 2414 27 23 to

2919 2448 94 26 receive
3025 2450 54 24 also
3090 2457 50 25 any
3152 2458 123 25 messages
3286 2452 27 24 of
3334 2452 119 31 practical

2919 2488 133 31 sympathy
3064 2488 64 24 from
3139 2496 48 24 any
3199 2488 54 25 who
3269 2496 41 18 are
3321 2489 133 25 interested

2919 2524 28 23 m
2974 2525 39 24 his
3036 2526 56 25 well
3120 2526 92 24 known
3239 2526 108 25 labours.
3382 2526 26 25 It
3432 2526 21 25 is

2921 2562 95 32 worthy
3038 2563 28 24 of
3085 2565 59 23 note
3163 2563 57 25 that
3243 2565 33 24 60
3297 2572 43 24 per
3351 2565 57 24 cent
3427 2565 29 25 of

2919 2599 51 26 last
2980 2608 71 24 years
3074 2601 149 25 admissions
3245 2610 64 17 were
3328 2601 64 26 from
3412 2602 43 25 the

2919 2640 128 31 provinces
3055 2648 6 21 ;
3080 2648 28 18 so
3126 2641 55 25 that
3198 2641 43 25 the
3254 2641 94 25 Homes
3365 2650 40 16 are
3421 2642 34 32 by

2921 2686 33 18 no
2971 2686 87 18 means
3075 2681 27 24 to
3112 2680 32 25 be
3154 2680 122 26 reckoned
3298 2689 28 17 as
3337 2690 14 15 a
3363 2681 92 32 merely

2921 2719 177 32 Metropolitan
3111 2719 110 33 Charitj.

3020 2851 103 26 NEWS
3140 2851 70 26 AND
3231 2851 124 26 NOTES.

2954 2915 56 26 The
3028 2917 78 25 Sinus
3118 2919 92 30 system
3222 2917 22 25 is
3255 2917 71 31 equal
3346 2917 27 24 m
3391 2917 67 31 light

2922 2957 26 24 to
2960 2955 145 33 sixty-three
3116 2957 26 25 of
3158 2964 45 17 our
3214 2964 60 18 suns
3284 2964 6 22 ;
3309 2957 52 24 The
3372 2957 85 24 Polar-

2922 2997 53 23 star
2991 2997 91 30 system
3093 2996 21 25 is
3128 2998 30 23 85
3168 3004 6 22 ;
3192 2996 69 32 Vega
3278 2997 26 24 to
3316 2997 49 24 344
3373 3004 6 22 ;
3393 2996 64 32 Oap-

2922 3035 64 32 pella
2998 3037 26 24 to
3035 3037 51 24 430
3095 3044 5 16 :
3115 3037 117 24 Arcturus
3244 3038 27 24 to
3280 3038 50 25 516
3339 3054 8 12 >
3358 3037 100 31 Alcyon

2923 3075 26 24 to
2963 3075 97 28 12,000.
3095 3074 96 32 Aleyon
3213 3075 21 24 is
3257 3074 111 25 believed
3390 3075 26 24 to
3427 3075 31 24 be

2923 3112 43 24 the
2977 3113 85 24 centre
3073 3112 27 24 of
3109 3112 42 25 the
3162 3112 123 29 universe,
3302 3112 49 24 and
3362 3119 36 18 we
3415 3119 43 17 are

2923 3151 103 32 moving
3037 3152 96 25 around
3144 3152 28 28 it,
3190 3153 27 24 at
3227 3153 41 23 the
3279 3153 53 24 rate
3342 3152 26 24 of
3389 3159 70 17 more

2924 3191 63 25 than
2999 3193 150 28 33,000,000
3161 3192 26 24 of
3198 3192 71 25 miles
3278 3199 15 17 a
3304 3199 66 24 year.
3405 3191 55 25 Our

2925 3229 86 30 period
3029 3229 21 23 is
3069 3230 75 24 about
3167 3230 152 28 20,000,000
3337 3229 28 24 of
3378 3236 82 25 years*

3043 3272 15 14 *
3186 3272 15 15 #
3328 3271 15 15 #

2961 3314 53 25 The
3025 3317 67 23 most
3102 3315 137 31 important
3261 3322 27 17 as
3300 3315 54 24 well
3376 3322 29 17 as
3415 3315 45 24 the

2928 3356 152 23 commonest
3092 3355 78 24 metal
3180 3355 28 24 of
3222 3355 44 24 the
3276 3354 74 25 world
3361 3354 23 25 is
3394 3354 67 25 iron.

2929 3393 25 25 It
2975 3392 23 25 is
3020 3392 91 25 almost
3133 3392 155 32 everywhere
3312 3392 28 24 m
3363 3393 99 25 nature.

2928 3430 45 26 We
2985 3439 42 16 are
3045 3430 149 26 bombarded
3217 3430 61 25 from
3289 3429 90 26 cosmic
3389 3438 75 24 space

2928 3470 33 32 by
2972 3470 140 24 meteorites
3125 3470 27 24 of
3153 3470 92 31 .nearly
3253 3477 61 24 pure
3325 3470 55 24 iron
3391 3471 6 23 !
3420 3470 44 25 the

2928 3511 169 29 spectroscope
3107 3509 67 24 finds
3186 3510 20 24 it
3215 3509 28 24 m
3255 3510 64 24 stars
3331 3516 28 17 so
3367 3509 98 24 distant

2928 3546 55 25 that
2999 3546 44 25 the
3053 3546 82 25 naked
3146 3553 44 25 eye
3202 3553 51 18 sees
3270 3546 45 25 but
3326 3545 138 32 emptiness

2928 3586 26 25 m
2965 3586 42 25 the
3018 3585 101 33 abysses
3130 3585 109 26 wherein
3259 3585 59 32 they
3329 3585 74 24 burn.
3437 3585 28 26 It

2928 3625 85 26 makes
3025 3633 16 17 a
3051 3625 96 26 twelfth
3169 3626 57 30 part
3248 3626 26 23 of
3296 3625 44 25 the
3351 3626 68 24 crust
3438 3625 30 25 of

2929 3665 41 23 the
2982 3664 78 23 earth.
3087 3663 39 24 Its
3138 3663 114 31 particles
3264 3670 42 17 are
3314 3662 112 31 mingled
3436 3663 29 24 m

2928 3702 44 25 the
2982 3701 59 26 dust
3052 3702 26 24 of
3088 3709 71 25 every
3177 3703 105 30 country
3293 3701 70 30 xoad,
3380 3702 29 25 m
3420 3701 45 26 the

2928 3740 38 24 air
2976 3747 36 17 we
3024 3739 107 28 breathe,
3149 3740 27 24 m
3187 3738 44 26 the
3246 3740 75 24 water
3332 3747 36 16 we
3380 3739 84 28 drink,

2928 3780 28 23 m
2968 3779 42 25 the
3032 3779 58 25 food
3112 3787 36 17 we
3159 3780 48 23 eat.
3255 3778 25 26 It
3290 3778 22 24 is
3335 3778 44 25 the
3394 3780 72 30 great

2928 3816 117 26 colourist
3064 3816 29 26 of
3100 3818 98 23 nature.

2962 3877 25 26 If
3002 3886 15 17 a
3041 3876 124 26 drunkard
3189 3876 85 26 would
3298 3878 42 25 eat
3363 3886 15 16 a
3394 3877 73 26 small

2928 3921 80 24 lemon
3025 3920 82 25 before
3119 3919 125 26 breakfast
3255 3927 74 25 every
3340 3921 126 32 morning,

2929 3959 37 24 for
2983 3966 15 17 a
3014 3958 43 25 few
3083 3957 87 30 weeks,
3191 3959 33 24 he
3248 3959 82 24 would
3356 3959 52 25 lose
3432 3959 36 26 all

2928 3999 40 24 his
2985 3997 148 26 inclination
3154 3997 38 26 for
3209 3997 121 27 alcoholic
3346 3998 104 33 liquors.

3130 4079 134 26 COMING

2982 4121 141 25 EVENTS
3140 4122 13 24 OF
3211 4121 71 25 THE
3302 4121 115 25 WEEK.

2932 4188 123 33 Tuesday,
3079 4188 105 31 Library
3206 4195 73 24 open,
3299 4188 64 25 from
3384 4190 26 24 6.
3428 4190 42 24 15»

2999 4237 25 22 p.
3037 4237 35 17 m.
3085 4230 26 24 to
3123 4230 24 23 8.
3166 4236 25 23 p.
3203 4235 35 18 m.

2933 4272 142 32 Thursday,
3100 4271 75 26 Bank
3197 4279 71 25 open.
3314 4271 110 32 Meeting
3447 4272 27 25 of

3001 4317 44 24 the
3065 4316 88 25 Water
3176 4315 97 33 Supply
3297 4315 90 26 Board.
3433 4315 44 26 Mr

3001 4359 40 25 W.
3054 4359 42 25 W.
3108 4359 95 25 Collins
3214 4359 106 24 M.H.R.
3333 4360 26 24 at
3372 4358 104 25 Oxford.

2938 4402 132 31 Saturday,
3090 4402 106 31 Library
3219 4409 64 25 open
3303 4401 61 26 from
3387 4404 25 24 6.
3437 4402 39 24 15.

3002 4454 25 24 p.
3046 4454 37 17 m.
3106 4448 24 23 to
3154 4447 23 23 8.
3198 4454 25 23 p.
3248 4453 35 17 m.
3318 4446 113 31 Meeting
3454 4444 28 30 o£

3008 4489 96 26 Oxford
3126 4488 157 27 Oddfellows.

1137 55 174 31 OXFORD
1356 56 233 32 OBSERVER
1633 56 236 40 SATURDAY,
1906 60 235 33 FEBRUARY
2198 64 50 36 15,
2336 65 78 30 1896
