3560 4590
27 223 149 32 WHAT
213 223 111 32 THE
361 223 260 32 GOVERN-

27 255 139 46 MENT
201 255 105 46 HAS
341 255 140 46 DONE
516 255 105 46 FOR

27 301 112 45 THE
176 301 260 45 WORKING
473 301 148 45 MEN.

71 376 134 27 Published
227 376 31 31 by
271 378 98 29 request
392 377 39 23 for
449 376 43 24 the
505 376 102 25 inform-

71 418 69 22 ation
220 414 123 24 members
374 414 26 24 of
428 414 42 24 the
515 414 93 25 Oxford

71 453 99 26 Branch
188 452 25 25 of
235 452 42 24 tl:e
301 451 118 25 National
443 451 164 26 Association.

103 505 85 31 (From
216 503 40 23 Mr
288 501 146 25 Meredith's
459 502 115 31 Speech.)

69 582 171 24 Government
275 580 48 24 had
346 580 89 30 helped
471 579 44 25 the
542 586 65 17 com-

70 625 97 24 mercial
193 625 90 24 classes
310 623 49 24 and
386 623 111 24 business
523 621 85 32 people

71 668 124 32 generally
213 667 49 24 and
280 666 88 24 indeed
386 666 42 23 the
446 665 79 24 whole
543 672 65 17 com-

71 712 107 29 munity,
205 710 31 30 by
261 709 99 30 coming
387 710 25 21 to
440 708 40 23 the
499 707 71 24 relief
585 706 27 24 of

73 755 43 24 the
136 754 71 23 Bank
226 752 26 24 of
267 751 30 23 N.
318 751 28 23 Z.
361 750 49 24 and
428 748 102 32 thereby
540 756 68 17 aver-

74 798 54 30 ting
163 804 13 16 a
201 796 68 30 great
304 792 157 25 commercial
485 791 122 30 calamity.

74 840 53 24 The
146 840 60 23 Gov.
225 837 50 24 had
299 844 70 16 come
387 838 26 22 to
437 835 43 24 the
497 833 72 25 relief
585 833 25 24 of

75 883 102 24 farmers
195 882 25 23 m
238 880 141 30 particular,
416 885 26 17 as
464 877 56 25 well
539 884 26 16 as
584 878 25 22 to

75 926 43 22 the
135 923 68 24 relief
219 922 24 24 of
260 922 44 23 the
329 921 82 31 public
436 919 125 31 generally
578 919 32 30 by

72 962 161 29 formulating
259 960 48 23 and
334 959 113 29 carrying
471 959 44 23 out
541 962 24 19 to
596 964 14 16 a

73 1001 118 33 practical
212 1001 73 27 issue,
321 999 122 24 advances
469 1001 26 20 to
513 997 97 24 settlers

74 1045 25 21 at
118 1041 61 25 such
196 1049 15 16 a
228 1041 47 24 low
292 1041 53 22 rate
358 1039 26 23 of
399 1039 104 23 interest
521 1044 26 17 as
560 1044 50 17 was

75 1084 111 24 hitherto
219 1083 127 24 unknown
380 1082 27 23 m
442 1081 41 24 the
513 1080 96 31 colony,

74 1124 77 30 cheap
186 1130 90 24 money
305 1122 50 23 and
388 1121 78 30 cheap
484 1119 59 24 land
560 1119 50 24 had

74 1161 103 31 directly
195 1160 50 24 and
272 1159 130 31 indirectly
429 1157 119 24 benefited
569 1157 41 24 the

75 1204 78 24 whole
171 1202 156 30 community.
362 1202 64 24 Now
445 1201 27 24 m
489 1201 122 24 reference

74 1251 26 19 to
125 1246 99 28 Oxford,
251 1245 27 23 m
302 1244 43 24 the
370 1244 55 23 first
451 1243 69 31 place
546 1242 64 25 Gov-

75 1288 114 22 ernment
222 1286 46 22 has
302 1283 119 31 arranged
440 1285 25 22 to
499 1283 54 31 give
570 1282 41 24 the

74 1323 95 25 settlers
187 1325 25 22 at
258 1321 145 26 Woodstock
441 1329 33 16 an
508 1320 102 24 additio-

75 1367 44 23 nal
143 1368 30 22 50
198 1374 66 16 acres
282 1365 67 28 each,
369 1366 25 23 at
419 1366 45 29 1/-.
494 1371 43 23 per
556 1370 55 17 acre

76 1418 28 17 so
122 1409 55 25 that
204 1410 60 24 each
297 1408 86 25 settler
412 1407 47 25 will
475 1414 57 17 now
549 1406 63 24 have

78 1451 49 24 100
152 1458 75 16 acres.
272 1449 51 24 The
357 1449 50 23 Jate
443 1448 170 24 Government

76 1489 145 26 considered
238 1491 31 23 50
304 1496 68 18 acres
399 1488 26 25 of
441 1487 91 25 second
551 1486 63 24 class

155 1529 26 22 at
198 1527 148 25 Woodstock
372 1526 123 25 sufficient
516 1525 38 24 for
571 1524 43 25 the

77 1564 86 32 people
181 1566 26 23 to
232 1566 41 30 get
307 1564 36 25 fat
361 1564 48 25 and
435 1571 60 17 even
513 1564 26 23 to
557 1569 57 17 save

77 1610 91 24 money
186 1610 41 17 on.
262 1602 54 25 The
328 1603 100 31 present
446 1601 169 24 Government

79 1643 113 24 consider
203 1642 72 25 those
287 1641 85 32 people
385 1641 90 25 should
490 1641 63 24 have
567 1641 47 22 150

80 1688 68 17 acres
168 1688 28 17 or
224 1681 50 23 200
294 1687 67 17 acres
391 1679 68 28 each,
500 1686 27 16 as
550 1677 66 24 little

80 1724 100 30 enough
198 1726 23 21 to
233 1724 73 30 bring
322 1730 33 23 up
379 1723 63 23 their
452 1721 105 24 families
574 1728 40 21 on,

81 1768 50 22 and
154 1766 50 24 this
227 1766 117 31 quantity
368 1765 81 25 would
468 1764 64 25 have
554 1763 62 24 been

80 1810 73 32 given
166 1810 69 25 them
259 1809 20 24 if
301 1809 169 25 Government
492 1806 51 25 had
567 1806 49 25 suf-

80 1854 85 25 ficient
185 1853 58 24 land
266 1852 118 25 available
407 1853 26 23 at
456 1850 160 25 Woodstock.

82 1898 169 24 Government
290 1895 105 24 reduced
429 1895 42 24 the
506 1893 111 30 Railway

80 1940 92 31 freight
195 1947 33 16 on
250 1938 116 25 firewood
388 1938 26 23 to
438 1935 179 26 Christchurch

81 1983 65 24 from
158 1983 45 23 28s
211 1985 25 21 to
249 1982 44 22 22s
306 1980 40 24 Bd.
365 1980 44 24 the
421 1978 80 28 truck,
515 1977 102 32 thereby

80 2026 85 31 giving
193 2025 43 23 the
271 2024 110 29 working
409 2030 60 16 man
488 2029 33 16 an
549 2024 69 21 extra

80 2068 74 31 profit
171 2075 32 16 on
227 2074 15 16 a
264 2066 58 24 cord
342 2065 27 25 of
391 2064 125 24 firewood.
552 2064 65 24 Gov-

80 2108 115 22 ernment
207 2104 102 24 reduced
322 2103 42 24 the
376 2102 95 31 royalty
484 2110 29 16 on
527 2102 91 24 timber

81 2152 42 22 cut
135 2151 27 22 m
179 2149 42 24 the
245 2147 92 24 Oxford
356 2146 72 24 Bush
451 2145 32 32 by
507 2147 30 22 25
550 2153 24 23 p.
595 2152 14 17 c

33 2205 14 10 -.-
62 2192 181 37 raniif^J^h^
243 2192 83 37 ,&&&?
396 2198 14 31 P
412 2198 31 16 ue
456 2189 67 24 kkh'd
530 2197 47 23 p.c.
587 2197 32 15 on

33 2233 14 15 ''
81 2219 347 59 v^^^^^^^W^
427 2224 194 47 :^^oJ^

79 2352 102 26 cession,
195 2350 20 23 if
225 2351 18 22 it
253 2349 58 24 does
323 2349 53 28 not,
387 2347 20 24 it
419 2345 21 26 is
449 2344 50 27 not
505 2346 116 25 fheTaurr

78 2391 28 23 of
120 2391 41 22 the
174 2389 180 24 Government.
378 2386 82 24 Under
483 2385 43 24 the
539 2385 77 24 work-

77 2430 81 23 man's
181 2435 78 23 wages
281 2427 46 23 Act
356 2433 68 17 more
459 2425 62 24 than
546 2425 71 24 300

76 2469 65 24 have
153 2467 104 26 reached
270 2467 43 24 the
325 2465 99 32 pockets
436 2465 24 24 of
471 2465 40 25 the
525 2465 92 25 Oxford

77 2507 175 30 workingmen,
272 2505 83 24 which
367 2504 26 24 m
417 2504 44 24 the
473 2503 105 24 absence
593 2504 26 23 of

75 2545 51 25 this
139 2544 122 32 provision
269 2543 57 30 they
337 2542 81 31 might
427 2542 64 23 have
499 2541 118 24 whistled

75 2585 38 25 for
122 2595 6 18 ;
142 2585 167 23 Government
322 2582 95 30 bought
430 2581 92 31 Ashley
535 2580 81 31 Gorge

74 2624 144 26 subdivided
242 2623 20 23 it
290 2622 54 24 into
370 2622 30 23 13
428 2620 115 28 sections,
579 2620 37 25 for

74 2664 81 25 which
168 2663 68 24 there
249 2669 62 17 were
334 2660 76 25 about
419 2661 49 23 348
487 2659 128 31 applicati-

73 2710 53 20 ons,
137 2700 150 31 fortunately
296 2700 66 23 most
372 2698 26 25 of
405 2698 42 24 the
460 2697 105 24 sections
574 2697 41 24 fell

72 2744 27 22 to
120 2742 42 23 the
187 2740 35 25 lot
235 2740 27 24 of
278 2739 89 24 Oxford
381 2737 177 31 workingmen,
578 2737 38 23 for

72 2782 69 24 what
153 2788 43 17 are
214 2780 93 24 Messrs
320 2779 102 26 Baxter,
442 2777 100 28 Brown,
553 2777 60 24 Vin-

72 2821 67 26 cent,
168 2818 93 24 Powell
297 2819 41 21 &c.
369 2816 44 23 but
436 2815 176 31 workingmen.

73 2859 172 25 Government
264 2856 97 25 erected
385 2855 98 24 schools
504 2854 50 24 and
567 2862 47 24 pay

71 2900 111 23 teachers
195 2897 38 24 for
251 2896 43 24 the
318 2895 169 30 workingmen
508 2893 26 25 of
544 2893 70 25 View

73 2937 56 23 Hill
158 2935 87 24 Plains
272 2934 51 24 and
352 2932 159 24 Woodstock.
559 2932 54 24 The

73 2975 170 25 Government
271 2973 42 24 did
336 2972 66 24 their
425 2970 64 26 level
512 2970 53 24 best
586 2972 26 22 to

71 3013 120 32 purchase
218 3011 64 24 from
305 3010 43 24 the
377 3008 114 25 Midland
503 3008 109 31 Railway

71 3053 131 29 Company
215 3051 41 23 the
269 3057 62 24 open
344 3049 59 24 land
429 3050 26 22 at
467 3048 44 24 the
530 3048 82 31 Gorge

71 3092 86 30 bridge
170 3090 50 24 and
243 3090 42 24 the
298 3088 60 25 bush
382 3087 81 25 Block
475 3097 5 19 ;
510 3086 46 25 but
569 3086 42 25 the

72 3130 128 30 Company
214 3127 98 25 wanted
329 3128 57 26 -355,
400 3133 33 16 an
445 3132 56 17 acre
517 3125 38 24 for
569 3124 42 25 the

70 3177 65 23 open
144 3168 68 27 land,
231 3168 45 23 not
297 3166 80 24 worth
399 3173 69 16 more
498 3165 67 31 12/6.
578 3172 33 15 an

73 3214 57 16 acre
142 3207 48 22 and
205 3207 52 22 17s.
280 3204 40 23 6d.
342 3211 32 16 an
394 3210 55 16 acre
469 3202 38 24 for
520 3203 90 26 15,000

70 3244 29 23 m
111 3243 42 24 the
165 3243 71 23 Bush
257 3240 131 31 including
409 3240 42 24 the
463 3240 90 23 barren
565 3239 45 23 hill

70 3283 64 30 tops,
169 3288 38 18 wo
210 3280 41 25 aid
287 3280 40 24 the
361 3278 110 30 working
500 3285 59 16 men
586 3277 27 24 of

70 3321 93 25 Oxford
187 3321 27 23 be
243 3319 97 31 willing
366 3318 56 25 that
442 3317 168 25 Government

69 3361 89 25 should
171 3360 122 32 purchase
309 3360 49 23 this
372 3358 59 24 land
443 3359 26 23 at
482 3357 49 25 this
543 3357 67 31 price

70 3400 48 23 and
140 3400 59 22 then
227 3399 55 22 rent
309 3397 21 24 it
353 3398 26 23 at
398 3398 13 22 5
436 3403 23 23 p.
478 3403 20 16 c.
518 3403 31 16 on
567 3395 43 24 the

71 3437 90 30 capital
172 3437 81 24 value,
273 3434 120 31 certainly
410 3438 54 23 not,
493 3441 34 16 no
550 3441 59 15 man

69 3474 74 25 could
153 3473 85 25 obtain
262 3480 14 17 a
287 3472 78 30 living
383 3473 44 22 out
439 3471 27 24 of
476 3470 63 25 such
549 3469 61 25 land

69 3514 26 23 at
108 3511 60 25 such
184 3519 15 16 a
227 3512 65 23 rent.
327 3509 68 24 Here
416 3516 36 17 we
463 3509 62 23 have
537 3516 14 16 a
562 3508 47 24 few

73 3553 83 29 things
186 3551 64 24 done
280 3549 34 32 by
349 3549 180 28 Government,
560 3548 49 23 and

69 3595 41 28 yet
128 3591 102 30 carping
259 3589 90 29 critics,
391 3588 51 24 will
469 3587 46 25 ask
543 3588 66 23 what

69 3632 46 23 has
127 3631 172 24 Government
311 3629 65 23 done
395 3627 38 25 for
445 3627 42 23 the
501 3627 108 30 working

66 3671 82 23 man?
178 3669 52 23 The
253 3668 98 31 present
376 3666 169 24 Government
564 3665 43 23 has

67 3710 63 24 done
157 3716 69 18 more
254 3708 39 24 for
319 3708 40 24 the
388 3706 172 31 workingmen
583 3706 26 22 of

69 3748 91 24 Oxford
177 3747 63 23 than
252 3753 49 24 any
313 3745 115 31 previous
438 3744 170 23 Government

68 3793 56 16 ever
141 3785 48 27 did,
209 3784 50 23 and
279 3784 29 23 he
337 3781 145 31 challenged
510 3782 98 22 contra-

68 3822 101 28 diction,
183 3830 15 15 a
210 3821 153 26 Government
376 3820 93 23 cannct
480 3818 31 24 do
523 3826 83 22 every-

68 3860 73 30 thing
152 3867 6 20 ;
181 3854 68 29 with'
267 3866 64 17 some
348 3859 87 29 people
457 3856 21 24 if
496 3856 110 24 Govern-

67 3904 70 19 ment
156 3899 58 24 does
243 3898 59 24 nine
332 3897 84 30 thing.s
436 3899 44 22 out
501 3896 27 24 of
555 3901 50 18 ten.

68 3937 55 30 they
142 3936 30 24 do
196 3937 45 23 not
269 3934 93 24 receive
386 3934 76 24 credit
485 3933 50 23 and
563 3933 44 23 the

66 3974 123 31 gratitude
209 3974 55 29 they
290 3980 42 16 are
350 3972 81 30 svrely
449 3971 104 24 entitled
570 3972 34 22 to!

66 4014 44 23 but
134 4022 40 15 are
193 4012 100 25 blamed
317 4011 48 24 and
386 4019 60 16 even
470 4011 92 23 abused
576 4010 28 30 by

66 4059 68 17 some
146 4050 83 32 people
247 4050 105 24 because
382 4049 60 31 they
471 4049 63 23 have
560 4050 45 22 not

69 4089 181 31 accomplished
262 4088 43 25 the
324 4087 81 24 tenth.

92 4185 334 32 CHRISTCHURCH
457 4184 126 30 ELEC-

279 4233 114 29 TION.

121 4288 241 23 CONSERVATIVE
399 4285 147 25 VICTORY.

103 4329 50 29 Mr
168 4329 110 36 Lewis,
322 4328 148 41 majority
489 4327 72 35 400.

64 4376 100 29 Lewis
468 4371 94 31 4.714

64 4422 37 29 T.
124 4421 35 30 E.
176 4421 112 38 Taylor
468 4419 94 40 4,302

64 4470 35 29 R.
127 4468 44 30 M.
198 4468 114 36 Taylor
469 4466 91 36 3,195

1221 89 172 32 OXFORD
1439 90 224 32 OBSERVER
1693 90 240 35 SATURDAY,
1970 85 229 35 FEBRUARY
2248 84 48 34 15,
2329 82 54 29 189
2383 82 35 29 G.

2965 4230 103 24 Printed
3092 4231 53 26 and
3183 4235 141 28 Published
3352 4240 32 30 Ly
3420 4239 86 24 Laura

2997 4268 82 25 Annie
3104 4270 104 33 Parish,
3234 4277 27 22 at
3285 4276 47 25 her
3363 4275 145 33 Registered

2996 4310 118 36 Printing
3126 4315 87 32 Office,
3237 4319 70 31 Hig-b
3333 4320 91 26 Street,
3448 4320 50 24 Eas

2996 4354 103 31 Oxford,
3109 4358 166 37 Chuterbury.
3421 4377 3 4 .
3534 4379 2 6 ,

3023 4406 133 29 SATrsDAY
3189 4412 139 27 February
3347 4416 41 24 15.
3403 4416 63 24 1896
3502 4407 33 31 A

2958 251 170 52 WATCH
3171 232 158 107 g*|i
3357 244 146 51 CLOCK

2959 337 148 53 Has
3127 299 166 91 %^
3334 337 170 47 Mum

3081 407 303 35 FITTED

3223 467 30 15 AT

2981 503 182 36 Parish's
3192 506 103 35 East
3319 505 162 45 Oxford.

2963 660 320 48 WERTHEIM

3145 755 251 48 SJSSEB'S

3006 958 206 44 MACHINE
3260 961 202 43 NEEDLES

2976 1048 123 50 Front
3132 1049 73 56 1/-
3235 1062 72 47 per
3344 1051 148 48 <lozn.

3222 1781 45 22 AT

3028 1850 420 44 PARISH'S

2966 1930 190 34 EAST
3205 1931 295 35 OXFORD

3111 2491 253 47 NOTICE.

2964 2590 98 44 Job
3081 2590 235 58 Printing
3328 2594 10 43 !

3138 2659 101 45 Job
3262 2660 243 58 Printing

3006 2722 175 30 OXFORD
3239 2724 226 31 OBSERVER

3046 2773 164 40 Machine
3240 2775 183 51 Printing-

3144 2826 169 40 WORKS

3005 2875 90 26 MAIN
3132 2876 145 31 STEEET,
3314 2878 149 26 OXFORD.

3511 2907 22 16 v

3032 2953 129 36 TTVTNE

3037 3029 35 30 In
3087 3029 74 40 Any
3175 3028 129 41 Variety
3320 3040 34 19 or
3373 3029 96 37 Style*
3523 3036 10 11 *

2964 3079 312 43 MEMORIAL
3325 3079 208 42 CARES,

2992 3133 52 40 (m
3060 3143 70 20 new
3146 3132 62 30 and
3223 3132 108 31 chaste
3346 3132 139 40 designs)

3147 3178 44 39 5/-
3203 3189 57 29 per
3285 3179 67 29 doz.

3048 3234 177 31 Statement
3243 3234 117 37 Heads,

3047 3276 71 30 Ball
3133 3276 227 38 Programmes.

3048 3317 136 36 Posters,
3199 3316 180 38 Handbills,

3046 3358 171 37 Billheads,
3241 3359 143 40 Cheques

3049 3400 107 30 Letter
3171 3401 60 29 and
3241 3400 82 31 Note
3337 3401 107 32 Heads
3467 3394 8 7 *

3048 3441 169 36 Circulars,
3240 3441 121 37 Menus,

3048 3482 195 39 Catalogues,
3261 3485 55 28 &c.
3328 3484 76 38 ,&c,
3429 3485 56 29 &c.

2964 3540 88 38 New
3068 3539 122 50 Styles
3205 3541 38 38 m
3258 3541 167 52 Visiting
3438 3542 68 39 and

3081 3603 169 40 Business
3267 3605 117 40 Cards.

2964 3662 37 30 R.
3024 3662 43 30 H.
3089 3662 122 37 Parish,
3272 3664 189 42 Proprietor.

3047 3725 66 30 The
3132 3725 184 33 NEWEST
3343 3729 161 30 STYLES

2963 3775 33 30 m
3008 3775 136 33 TYPES
3160 3779 62 29 and
3234 3779 265 32 ORNAMENTS

2992 3930 45 44 S.
3079 3930 80 45 W.
3197 3932 277 49 TUKPIN.

2963 3998 244 40 WATCHMAKER.
3243 4002 175 40 JEWELLER
3445 4005 55 31 &c

3040 4059 88 26 MAIN
3143 4061 136 29 STREET
3298 4066 140 26 OXFORD

3159 4113 63 19 near
3233 4108 84 26 Bank.

2453 216 424 47 EUCALYPTUS

2450 315 60 21 THE
2526 315 73 21 BEST
2613 315 87 21 HOME
2717 315 141 21 KEMEDIE

2509 354 36 14 are
2559 347 37 21 the
2605 348 136 26 preparation
2750 348 26 21 of
2783 347 35 20 the

2394 384 170 22 TASMANIAN
2583 385 187 20 EUCALYPTUS
2784 385 47 20 OIL
2846 385 82 20 COMP.

2423 421 136 25 Universally
2569 421 104 21 admitted
2682 421 36 20 the
2728 421 78 25 BEST,
2818 421 113 21 PUREST

2396 458 43 21 and
2448 458 57 19 most
2516 458 94 20 effective
2620 458 134 24 Eucalyptus
2777 458 104 20 Globulus
2898 457 33 20 Oil

2395 489 33 20 for
2447 489 173 24 INFLUENZA,
2642 489 91 25 Coughs,
2754 489 63 21 Colds
2843 489 43 21 and
2902 489 29 21 all

2396 520 65 21 Chest
2477 520 44 20 and
2529 520 63 25 Lung
2609 520 112 21 affections
2736 520 77 26 speedy
2821 521 60 20 relief
2891 520 42 21 and

2396 552 56 21 Cure
2470 552 33 20 for
2519 552 157 24 Rheumatism,
2697 552 122 25 Neuralgia,
2834 553 99 25 Sprains-

2396 578 72 21 Burns
2488 579 34 20 &c.

2423 611 134 26 Eucalyptus
2575 611 104 21 Globulus
2697 612 93 21 Extract
2799 613 89 26 sprayed
2902 613 32 20 in-

2397 643 63 22 haled
2476 643 43 22 and
2533 644 66 21 taken
2608 644 117 26 internally
2743 644 34 20 for
2790 644 37 21 the
2844 645 88 25 Throat,

2397 680 98 27 Catarrh,
2512 679 59 27 Hay,
2596 680 98 26 Typhoid
2710 680 44 21 and
2768 680 82 22 Scarlet
2858 681 77 20 Fevers

2397 712 131 21 MEASLES
2539 712 37 21 the
2581 713 56 20 most
2647 712 137 26 satisfactory
2792 713 144 25 preventative

2398 743 43 20 and
2455 743 61 21 Cure.
2544 743 57 21 Send
2615 743 51 21 Post
2681 743 57 21 Card
2747 745 23 19 to
2780 743 37 21 the
2827 743 63 21 Office
2903 744 33 20 for

2398 773 97 21 Circular
2507 774 121 26 describing
2647 776 122 19 treatment.
2796 774 139 26 Eucalyptus,

2397 806 112 22 Ointment
2519 808 37 20 the
2565 808 71 26 Magic
2645 809 79 19 Healer
2738 808 22 20 of
2775 809 69 23 Sores,
2858 809 78 23 Burns,

2398 839 103 24 Wounds,
2517 840 60 20 Boils
2596 841 45 24 &c,
2663 840 135 25 Eucalyptus
2818 840 57 25 Soap
2890 840 42 20 Fra

2397 871 63 23 grant
2470 870 43 21 and
2522 872 125 25 refreshing,
2671 872 133 25 Eucalyptus
2814 871 89 27 Jujubes
2913 878 24 13 or

2397 901 103 20 Pastilles
2509 902 34 20 for
2552 903 37 19 the
2614 903 81 21 Throat
2705 903 43 20 and
2757 903 64 20 Voice
2838 908 29 15 an
2881 903 54 20 anti-

2398 933 67 25 septic
2476 933 42 20 and
2528 934 121 21 stimulant.

2397 966 127 26 Veterinary
2540 967 36 21 Oil
2586 969 43 19 and
2639 969 111 20 Ointment
2760 969 33 19 for
2804 969 36 19 the
2849 969 86 20 stables.

2425 1001 30 19 Be
2464 1006 49 15 sure
2523 1007 43 20 you
2575 1002 109 21 Purchase
2698 1002 39 21 the
2747 1002 104 26 Platypus
2868 1002 69 20 brand

2397 1032 51 26 only
2458 1033 22 20 of
2488 1033 29 20 all
2526 1034 114 26 Chemists,
2645 1034 88 21 Grocers
2740 1034 43 20 and
2790 1034 146 27 Storekeepers

2397 1064 44 20 and
2454 1065 23 19 at
2491 1064 37 21 the
2538 1065 65 21 Office
2612 1067 12 20 9
2634 1066 115 20 Cathedral
2758 1072 76 19 square
2843 1066 93 21 between

2397 1095 101 21 Morten's
2512 1097 113 26 Buildings
2633 1099 42 20 and
2686 1098 37 21 the
2731 1099 52 20 Post
2793 1098 71 21 Office.

2563 1131 88 21 Oxford
2662 1132 78 27 Agent

2452 1166 26 21 R.
2488 1166 30 22 H.
2533 1168 118 26 PARISH,
2675 1169 77 21 EAST
2766 1169 119 21 OXFORD

2478 1205 142 26 Eucalyptus
2629 1206 38 21 Oil
2681 1207 30 25 1/-
2725 1214 41 19 per
2775 1208 78 20 bottle.

2420 1357 116 42 HELP
2552 1359 82 41 FOR
2651 1359 86 42 THE
2762 1360 148 42 WEAK.

2397 1465 180 26 YTEBVOUS
2598 1467 70 24 AND
2686 1467 247 31 DEBILITATED,

2399 1493 31 29 1\
2456 1499 63 28 who,
2533 1499 110 32 through
2654 1500 60 32 folly
2733 1502 49 23 and
2793 1502 140 31 ignorance,

2398 1531 64 24 have
2474 1531 80 24 trifled
2566 1540 68 24 away
2646 1533 62 24 their
2719 1534 86 31 vigour
2825 1535 26 24 of
2860 1535 73 31 body,

2399 1564 77 28 mind,
2489 1564 51 24 and
2550 1565 135 29 manhood,
2698 1568 101 30 causing
2817 1567 116 25 exhaust-

2398 1596 45 32 ing
2458 1597 84 25 drains
2554 1605 67 24 upon
2632 1599 44 24 the
2698 1599 128 26 fountains
2847 1601 26 24 of
2883 1601 50 29 life,

2399 1629 63 24 Loss
2470 1630 26 23 of
2505 1630 102 32 Energy
2616 1632 49 24 and
2675 1632 126 32 Strength,
2815 1634 120 31 Timidity

2399 1662 164 25 Bashfulness
2597 1664 28 24 m
2661 1664 105 32 Society,
2791 1666 142 30 Headache,

2399 1695 134 30 Backache,
2554 1696 179 30 Nervousness,
2756 1698 136 25 Weakness
2910 1699 27 25 of

2400 1728 120 31 Memory,
2532 1729 111 24 Restless
2654 1729 81 32 Sleep,
2745 1731 115 29 Dreams,
2870 1731 65 25 Loss

2399 1760 76 24 Flesh
2488 1761 50 24 and
2549 1761 69 25 Vital
2637 1762 92 29 Power,
2753 1763 137 32 Eruptions
2902 1772 33 17 on

2399 1792 43 24 the
2451 1793 63 25 Face
2526 1794 50 24 and
2587 1794 79 33 Body,
2680 1796 75 24 Want
2778 1797 28 24 of
2815 1797 119 32 Develop-

2399 1828 78 26 ment,
2498 1826 125 25 Varicose'
2630 1828 84 29 Veins,
2737 1829 143 32 Incapacity
2897 1830 39 25 for

2399 1858 112 26 business
2523 1867 27 17 or
2561 1860 120 31 pleasure,
2695 1862 105 33 Urinary
2809 1862 124 31 Diseases,

2399 1892 50 24 and
2468 1892 35 24 all
2525 1893 43 24 the
2591 1893 84 25 effects
2697 1895 100 31 leading
2819 1899 25 21 to
2867 1897 67 31 early

2400 1924 84 31 decay,
2508 1925 106 31 perhaps
2636 1926 182 32 Consumption
2842 1936 28 17 or
2893 1929 42 24 In-

2399 1957 91 29 sanity,
2503 1965 47 16 can
2575 1958 29 24 be
2616 1959 114 24 obtained
2742 1960 32 31 by
2794 1961 143 31 consulting

2399 1990 139 32 personally
2556 1999 28 16 or
2592 1990 31 32 by
2634 1994 64 29 post,
2734 1993 92 24 FREE
2837 1994 97 24 PROF.

2400 2022 177 31 NOTMANN,
2608 2024 202 31 M.E...E.M.G.,
2863 2027 72 24 Cam-

2400 2054 85 31 bridge
2497 2055 110 30 Terrace,
2631 2058 112 30 opposite
2766 2058 118 25 Colombo
2897 2059 38 25 St.

2401 2087 99 31 Bridge,
2529 2088 116 25 Christen
2649 2091 70 23 urch..
2781 2091 53 25 The
2877 2091 59 31 only

2400 2119 227 27 Electrobotanical
2655 2122 97 32 Expert
2785 2124 152 32 advertising

2400 2152 54 25 who
2466 2153 51 24 will
2529 2156 135 28 guarantee
2682 2163 15 17 a
2714 2156 126 32 thorough
2869 2164 66 18 cure.

2402 2185 57 25 Sole
2474 2187 136 30 proprietor
2638 2188 50 23 and
2704 2190 115 29 patentee
2848 2190 28 24 of
2893 2190 44 25 the

2400 2218 59 30 only
2481 2220 149 29 guaranteed
2653 2220 110 25 Electric
2785 2222 71 24 Belts
2886 2223 51 23 and

2401 2250 71 24 other
2484 2251 89 30 special
2596 2253 126 24 electrical
2744 2253 142 31 appliances
2909 2255 27 24 m

2400 2282 42 25 the
2451 2283 115 24 colonies.
2601 2284 99 26 Ladies'
2712 2286 98 25 French
2821 2287 114 25 herbace-

2401 2323 43 16 ous
2455 2316 57 30 pills
2533 2316 38 24 for
2599 2317 177 32 irregularities
2799 2319 64 26 from
2886 2328 51 24 any

2401 2356 80 22 cause,
2507 2351 42 22 10s
2571 2351 95 29 posted.
2701 2352 145 32 Pamphlets
2874 2354 61 24 free.

2401 2381 169 26 Testimonial:
2606 2384 99 30 Napier,
2716 2385 96 31 August
2820 2386 45 25 7th
2871 2388 64 23 1895

2401 2413 64 25 Prof.
2477 2414 131 25 Notmann.
2644 2417 68 24 Dear
2722 2417 47 30 Sir,
2805 2418 13 24 I
2828 2420 108 23 received

2400 2454 59 24 your
2465 2447 74 25 letter
2548 2448 49 24 last
2609 2449 75 29 week,
2703 2450 50 24 and
2764 2451 14 23 I
2794 2459 42 17 am
2845 2451 90 25 thank-

2400 2479 37 24 ful
2459 2483 26 21 to
2507 2480 54 24 find
2583 2490 49 22 you
2644 2490 42 17 are
2697 2484 104 25 anxious
2819 2486 26 23 to
2865 2485 70 24 know

2401 2512 42 24 the
2455 2512 106 26 benefits
2578 2514 13 23 I
2603 2514 64 25 have
2679 2516 98 24 derived
2796 2516 62 25 from
2875 2526 62 23 your

2400 2546 142 25 treatment,
2579 2547 48 30 bir,
2655 2549 20 24 it
2703 2549 67 31 gives
2798 2558 41 17 me
2867 2552 69 30 great

2399 2578 113 30 pleasure
2525 2580 25 23 to
2561 2580 92 25 inform
2665 2589 49 23 you
2723 2582 55 24 that
2788 2590 15 16 a
2815 2584 120 30 complete

2400 2610 49 24 and
2460 2611 93 30 perfect
2565 2620 58 17 cure
2634 2613 46 25 has
2700 2614 62 24 been
2785 2615 102 25 effected
2910 2617 26 23 of

2400 2643 43 24 the
2454 2644 117 25 maladies
2582 2645 14 24 I
2615 2647 156 30 complained
2792 2648 25 24 of
2829 2650 25 22 to
2876 2657 57 22 you.

2399 2675 14 24 I
2425 2683 40 17 am
2478 2676 114 33 enjoying
2603 2678 63 31 good
2683 2679 92 30 health,
2789 2681 48 24 and
2849 2689 41 16 am
2898 2690 37 16 re-

2399 2709 83 24 stored
2502 2711 25 22 to
2547 2711 87 31 manly
2655 2712 95 31 vigour.
2785 2713 59 25 P.S.
2879 2714 56 32 Any

2399 2742 103 23 sufferer
2510 2742 110 26 desirous
2628 2744 27 24 of
2659 2747 211 32 communicating
2874 2747 61 25 witli

2399 2782 40 16 me
2448 2782 48 23 you
2509 2783 41 16 are
2563 2778 26 22 at
2605 2777 89 31 liberty
2717 2780 26 23 to
2763 2780 55 30 give
2838 2787 43 24 my
2893 2780 41 25 ad-

2399 2807 75 29 dress,
2488 2807 36 25 for
2536 2808 13 23 I
2566 2809 47 24 like
2625 2818 60 22 your
2702 2813 118 28 practical
2832 2813 103 25 method

2399 2839 26 25 of
2436 2841 142 25 treatment.
2614 2842 29 25 T.
2658 2843 28 24 C.
2700 2845 117 24 Simpson.

2477 2975 366 45 IMPORTANT

2397 3082 84 31 ALL
2512 3083 120 31 WOOL
2656 3083 171 31 EOSLYN
2848 3085 87 29 AND

2434 3158 297 31 WELLINGTON
2754 3160 152 29 TWEED

2545 3225 256 41 SUITS

2440 3293 67 39 35/-
2525 3293 86 32 Suits
2627 3293 146 32 Reduced
2782 3298 33 27 to
2839 3294 67 41 25/-

2439 3355 68 41 --4-
2803 3382 1 2 .
2848 3356 66 40 35/-

2439 3404 148 33 Trousers
2603 3405 60 30 and
2680 3405 73 31 Vest
2819 3404 75 40 13/6

2634 3465 51 21 AT

2423 3517 197 31 PARISH'S
2648 3518 89 29 East
2761 3518 144 29 Oxford.

2397 3652 175 31 OXFORD
2616 3653 189 30 LIBRARY
2846 3652 89 32 AND

2488 3704 198 31 READING
2707 3704 132 31 ROOM.

2394 3810 54 25 The
2477 3811 93 25 Oxford
2597 3811 106 32 Library
2730 3812 22 24 is
2780 3819 63 23 open
2865 3819 70 24 every

2394 3853 113 32 Tuesday
2519 3854 51 24 and
2592 3854 122 32 Saturday
2743 3854 96 32 nights,
2868 3855 67 25 from

2395 3898 58 23 630
2465 3904 69 23 p.m.,
2557 3899 25 23 to
2604 3899 14 23 8
2630 3906 71 22 p.m.,
2726 3898 50 24 and
2807 3905 33 18 on
2864 3906 71 24 every

2393 3939 120 25 alternate
2526 3940 132 32 Thursday
2683 3941 138 29 afternoon,
2853 3941 80 33 (Sale-

2392 3982 70 32 days)
2486 3982 64 25 from
2564 3984 60 23 230
2719 3985 25 25 to
2757 3986 14 22 5
2784 3992 59 23 p.m.
2882 3984 51 25 The

2584 4033 24 21 L.
2627 4033 125 31 EEEVES,

2675 4072 70 25 Hon..
2756 4072 144 26 Librarian.

2446 4113 15 23 S
2467 4122 155 16 CBSCKIPTION
2636 4116 36 31 2/-
2686 4125 49 14 PER
2754 4116 129 30 QuAETEE.

2455 4221 215 44 HOLLAND
2705 4224 157 45 FINISH

2573 4279 157 43 CALICO

2503 4339 65 33 3d.
2605 4350 72 31 per
2698 4346 115 37 yard.

2648 4419 35 26 at
2721 4442 2 2 .

2502 4463 38 31 E.
2558 4464 43 32 H.
2623 4464 199 36 PARISH'S

2190 1939 176 84 lid

1245 1051 20 19 A
1283 1049 102 21 aROUP
1399 1049 38 21 OF
1458 1049 26 21 17
1640 1049 61 20 AND
1871 1051 159 19 ADMITTED
2056 1050 40 20 ON
2111 1050 20 20 A
2146 1049 109 20 SINGLE
2270 1048 70 20 DAY.

1341 1165 117 87 It,
1527 1164 132 87 H.
1719 1164 515 88 PARISH

1487 1301 196 59 EAST
1733 1301 326 59 OXFORD

1705 1384 9 12 >

1442 1432 48 31 IS
1520 1428 123 35 NOW
1673 1431 58 33 IN
1762 1432 228 33 RECEIPT
2021 1432 65 33 OF

1430 1487 34 21 Ex
1475 1487 168 21 RIMUTAKA
1653 1489 64 21 AND
1727 1489 103 21 OTHER
1840 1491 112 21 DIRECT
1962 1491 166 24 STEAMERS,

1386 1533 278 46 SUMMER
1744 1536 249 55 SEASON,
2067 1538 128 45 1895.

1216 1609 525 113 FRINTS!
1787 1634 577 89 PRINTS!!

1289 1780 579 114 Ginghams,
1971 1785 331 101 Drills,

1217 1934 292 86 Dress
1576 1936 397 85 Tweeds
2013 1939 109 84 4s
2190 1939 178 85 lid

1465 2057 62 20 THE
1540 2058 80 21 FULL
1629 2057 95 21 DRESS
1739 2059 88 20 WITH
1839 2059 111 22 LINING
1966 2060 57 21 FOR
2038 2061 87 21 BODY.

1439 2149 77 30 has
1533 2148 189 33 received
1741 2159 25 21 a
1782 2152 293 38 consignment
2092 2154 44 29 of

1213 2197 300 57 Messrs
1573 2199 417 59 Johnsons
2042 2203 69 55 &
2169 2204 202 57 lons

1388 2275 268 60 GREAT
1717 2279 450 61 YARMOUTH

1278 2363 227 86 OIL
1588 2363 693 99 CLOTHING

1393 2527 338 47 ENORMOUS
1792 2531 390 51 REDUCTIONS

1219 2625 430 91 MAIDS
1781 2627 589 99 TJLBTEBS

1331 2762 452 89 Reduced
1829 2769 102 84 to
1976 2769 112 87 2s
2134 2772 162 89 6d.

1573 2922 38 29 36
1634 2924 33 28 to
1689 2923 38 29 45
1741 2923 104 31 inches
1867 2925 85 40 deep.

1207 3070 81 24 rrHE
1307 3067 116 33 question
1433 3067 23 23 is
1626 3065 67 31 Why
1705 3065 60 24 send
1780 3068 26 22 to
1819 3067 177 26 Christchurch
2016 3070 39 25 for
2072 3079 62 23 your
2152 3074 110 33 Drapery
2270 3079 11 23 ?
2317 3080 52 26 The

1214 3092 20 34 1
1272 3102 102 30 drapery
1387 3100 53 23 sold
1449 3100 26 22 m
1484 3098 57 24 that
1552 3098 51 30 city
1614 3105 72 23 every
1698 3105 46 17 one
1757 3099 93 29 knows,
1863 3100 22 23 is
1897 3102 45 22 not
1954 3102 71 24 made
2037 3104 77 29 there,
2134 3105 45 26 but
2190 3108 120 31 imported
2355 3114 14 24 I

1209 3137 93 29 import
1313 3135 65 24 from
1390 3132 43 25 the
1445 3131 53 25 best
1510 3130 107 31 English
1629 3130 50 24 and
1696 3130 88 26 Scotch
1797 3131 99 26 houses.
1943 3134 72 25 lam
2027 3137 104 26 enabled
2142 3140 26 24 to
2180 3144 122 27 purchase
2321 3146 47 25 low

1207 3169 51 23 and
1267 3168 46 24 sell
1326 3168 26 22 at
1361 3174 15 15 a
1387 3166 53 23 rate
1453 3164 26 23 of
1488 3163 74 31 profit
1576 3163 52 31 (my
1640 3171 120 21 expences
1772 3164 72 31 being
1855 3166 82 31 small)
1950 3167 57 25 that
2018 3170 82 23 would
2112 3171 30 25 be
2161 3175 144 27 considered
2326 3180 30 24 ab

1208 3201 58 24 surd
1278 3201 32 29 by
1326 3206 48 23 any
1395 3195 179 27 Christchurch
1598 3195 199 25 establishment.
1850 3197 44 32 My
1916 3198 76 26 Stock
2012 3201 21 23 is
2052 3202 43 24 the
2115 3204 94 32 largest
2228 3210 50 23 and
2300 3215 68 22 most

1207 3233 96 27 tvaried
1312 3232 57 26 that
1379 3230 46 24 has
1436 3236 57 17 ever
1503 3229 63 23 been
1577 3227 88 25 shown
1675 3227 28 25 m
1714 3228 43 24 the
1768 3229 104 31 district,
1886 3230 49 25 and
1947 3232 38 25 for
1995 3234 93 31 quality
2108 3237 49 25 and
2176 3239 72 26 value
2266 3245 58 24 puts
2342 3246 25 23 m

1207 3269 31 24 he
1250 3266 77 26 shade
1345 3264 76 33 goods
1433 3261 91 25 offered
1536 3260 33 32 by
1581 3260 103 32 visiting
1694 3261 117 25 hawkere
1823 3264 63 24 from
1899 3264 44 25 the
1961 3265 181 30 Christchurch
2154 3279 45 26 rag
2211 3277 87 25 marts.

1240 3320 93 25 Dress
1346 3317 165 30 Materials,
1524 3314 87 26 Plain
1623 3315 60 25 and
1694 3314 103 33 Fancy
1809 3317 80 25 from
1903 3317 49 26 3d.
1966 3326 54 24 per
2028 3323 85 29 yard.

1240 3379 26 26 A
1284 3378 109 29 Strong
1410 3377 88 25 Stout
1514 3375 133 25 Durable
1665 3373 126 31 Kaiapoi
1808 3375 114 26 Tweed
1938 3378 51 32 2/6
2001 3385 55 25 per
2067 3382 76 29 yard

1839 3418 107 26 Makes
1959 3422 155 27 first-class
2131 3425 91 33 Boys'
2241 3429 97 28 Suits.'

1239 3473 57 25 Art
1313 3471 140 29 Muslins,
1472 3468 156 31 Gretones,
1648 3467 79 26 Lace
1747 3467 138 26 Curtains
1904 3469 54 25 &c.

1239 3540 26 30 A
1282 3538 110 26 Choice
1411 3537 167 25 Collection
1595 3537 34 24 of
1643 3536 121 31 Gloves,
1792 3536 76 31 Ties,
1899 3537 129 33 Aprons,
2059 3539 166 31 Insertions
2244 3545 54 26 &c.

1239 3588 121 30 Striped
1377 3586 124 25 Galatea
1518 3586 55 32 4/6
1585 3592 54 25 per
1650 3586 107 31 dozen,
1788 3587 102 24 worth
1901 3587 49 25 9d.
1969 3594 55 24 per
2041 3591 84 28 yard.

1239 3650 102 25 Prints
1353 3649 80 25 from
1445 3648 52 24 4d.
1510 3652 55 26 per
1576 3646 84 30 yard.
1674 3646 139 31 Muslins,
1827 3646 138 32 Selesias,
1980 3647 125 34 Calicos,
2120 3650 55 26 &c.

1825 3690 88 24 With
1930 3692 87 23 other
2034 3692 193 29 Manchester
2244 3699 86 32 lines.

1238 3746 88 31 Hats,
1345 3745 104 29 Fancy
1466 3744 60 23 and
1543 3742 106 30 Sailor,
1668 3743 31 23 m
1715 3742 105 24 White
1838 3743 60 23 and
1915 3742 115 26 Colors.

1783 3785 125 25 Newest
1925 3785 123 32 Shapes.
2084 3788 96 31 Large
2198 3792 131 35 Variety,

1237 3841 148 29 Flowers,
1404 3838 155 31 Feathers,
1577 3836 149 31 Ribbons,
1745 3835 105 31 Laces,
1869 3835 75 32 Jets,
1964 3836 54 26 &c.

1710 3876 87 25 With
1814 3877 41 23 all
1872 3879 183 23 necessaries
2074 3879 47 24 for
2138 3879 191 33 Trimmings.

1236 3930 104 29 Fancy
1356 3928 140 30 Frillings
1515 3927 77 31 3yds
1604 3926 47 24 for
1660 3925 36 33 1/-
1714 3925 102 24 worth
1828 3925 49 29 9d,
1896 3930 55 25 per
1962 3927 82 29 yard,

1773 3968 182 30 Umbrellas,
1974 3969 151 32 Parasols,
2145 3972 183 34 Sunshades,

1383 4053 52 11 <w<r
1453 4052 43 12 *mw
1515 4051 39 12 *v
1580 4050 36 12 '*>
1702 4050 42 10 *^
1761 4049 42 11 o^
1886 4049 39 11 **
1950 4050 40 11 vo
2010 4051 45 11 n-
2068 4052 44 11 -ww
2135 4053 51 11 w-

1205 4172 110 32 BOYS
1348 4170 89 31 AND
1467 4167 173 32 YOUTHS
1679 4165 216 32 COLONIAL
1929 4164 153 32 TWEED
2110 4168 252 38 OVERCOATS

1689 4227 77 30 with
1788 4226 96 40 Capes

1480 4288 94 30 From
1597 4287 66 29 17s.
1708 4284 49 30 6d.
1803 4284 100 30 worth
1947 4286 66 30 255.
2060 4287 49 30 6d.

1355 4352 197 33 Men's
1596 4350 226 32 leveed
1866 4351 347 37 Overcoats

1677 4401 96 31 From
1797 4403 63 30 15s.

636 510 251 44 JOSEPH
930 509 242 45 LOUGH.

781 585 247 24 UNDERTAKER.

750 628 109 30 EAST
884 627 186 31 OXFORD.

670 679 103 29 Having
781 678 51 31 just
842 678 124 30 imported
974 678 64 24 from
1045 677 129 31 England,

637 728 54 16 new
714 720 117 30 Designs,
866 727 54 16 new
950 719 151 30 Trimmings
1125 718 50 25 and

638 763 87 28 Robes,
737 763 22 23 is
768 762 118 30 prepared
898 764 26 22 to
934 762 108 24 conduct
1051 761 124 24 Funerals

638 802 95 28 Adults,
753 803 26 22 at
792 802 48 24 5.
852 801 50 24 and
914 800 124 31 upwards,
1062 799 113 31 polished

637 845 80 27 coffiu,
742 844 48 24 and
822 843 195 25 silvermounted
1039 842 136 25 Furniture

638 888 76 23 From
727 886 46 24 8.
792 886 132 31 according
936 887 25 23 to
984 885 116 32 Designs.
1136 884 39 24 No

638 932 69 22 extra
719 929 88 32 charge
819 929 38 24 for
870 929 95 23 Hearse
989 936 28 17 or
1037 935 64 24 open
1117 927 57 25 Car-

637 974 74 30 riage.

671 1016 32 24 N.
732 1015 30 24 B.
793 1014 92 25 Coffins
909 1014 58 31 kept
990 1014 27 25 m
1046 1013 71 26 stock
1138 1013 38 25 for

640 1060 87 31 urgent
747 1066 76 16 cases.

743 1255 214 29 Established
983 1254 79 28 1862

689 1321 124 27 FLOUR,
826 1320 55 24 best
892 1319 81 25 brand
984 1318 59 32 only
1054 1318 68 30 kept.

642 1363 143 28 SHARPS,
822 1362 206 28 OATMEAL,
1064 1359 110 26 BRAN

732 1404 292 30 CHICKENWHEAT,
1044 1406 41 24 &c.

668 1450 40 20 AT
736 1449 123 21 LOWEST
888 1448 141 22 CURRENT
1057 1447 105 24 RATES,

733 1559 53 44 F.
818 1557 51 45 B.
890 1555 190 56 LANE.

750 1632 91 40 (Late
856 1632 38 30 E.
915 1630 160 40 Butcher.)

645 1691 252 35 Watchmaker,
927 1690 184 34 Jeweller,
1128 1688 53 30 &c.

645 1742 124 31 Importer
803 1741 27 23 of
870 1738 107 26 Musical
1012 1738 171 25 Instruments

745 1778 111 25 Victoria
878 1778 38 25 St.
947 1776 134 31 Rangiora.

647 1856 99 33 Special
757 1856 71 25 value
851 1855 27 24 m
902 1854 80 24 Extra
1005 1855 87 29 strong
1104 1851 80 26 Cased

645 1900 89 32 highly
742 1899 109 24 finished
864 1898 110 31 English
992 1897 80 24 Lever
1081 1896 103 25 Watch-

647 1952 33 16 es.
727 1941 192 25 Manufactured
936 1942 26 22 to
985 1948 43 22 my
1057 1939 72 25 order
1150 1938 34 31 by

646 1983 55 24 best
713 1982 104 24 London
837 1980 107 24 makers.
979 1977 158 33 Unequalled
1146 1977 38 25 for

647 2025 122 25 excellent
783 2024 178 29 Timekeeping
977 2022 50 24 and
1038 2020 144 31 durability.

679 2069 29 22 F.
727 2067 30 24 B.
770 2066 96 24 LANE
880 2064 139 33 personally
1042 2064 71 24 visits
1134 2063 49 24 Ox-

647 2111 53 24 ford
720 2109 124 32 monthly,
869 2108 115 32 carrying
1004 2115 15 16 a
1042 2106 68 31 large
1133 2105 50 25 and

646 2154 84 24 choice
765 2152 70 25 stock
864 2151 27 25 of
922 2150 128 28 Watches,
1079 2149 103 28 Chains,

647 2195 133 27 Brooches,
791 2195 87 30 Rings,
890 2193 86 28 Studs,
994 2192 128 25 Pendants
1136 2193 46 27 etc,

636 2236 154 33 $iisgilfccles
812 2236 123 31 (Pebbles,
953 2236 168 29 Pantoscopsc
1134 2234 49 23 and

635 2265 120 53 :||i||&l)
769 2278 96 28 Clocks,
885 2277 107 32 (Marble
1013 2276 50 24 and
1082 2276 101 31 Wood,)

643 2312 84 46 ||||r
746 2321 156 24 Accordeons
915 2320 49 24 and
976 2319 106 25 Violins.

679 2366 81 25 Exact
772 2365 57 24 date
842 2364 26 25 of
878 2364 63 25 each
951 2363 61 25 visit
1035 2363 21 24 is
1068 2361 107 26 notified

794 2408 27 24 m

645 2453 115 24 Repairs.
797 2451 41 25 All
849 2450 94 31 repairs
961 2457 41 17 are
1020 2448 119 26 executed
1150 2448 32 31 by

645 2495 91 33 myself
757 2503 27 16 or
802 2494 79 24 under
897 2501 44 24 my
961 2492 222 32 superintendence

645 2547 26 17 so
694 2539 56 25 that
770 2540 103 30 patrons
885 2544 47 17 can
955 2537 51 31 rely
1030 2544 33 16 on
1085 2535 98 31 getting

645 2582 154 25 satisfaction
809 2583 26 22 at
848 2580 42 25 the
903 2587 58 23 very
972 2579 87 24 lowest
1068 2578 113 31 charges.

677 2625 104 30 Repairs
794 2632 27 16 or
831 2624 84 24 orders
924 2630 58 23 may
993 2622 31 24 be
1033 2621 44 25 left
1089 2622 26 23 at

644 2673 26 24 J.
688 2672 134 28 Weeber's,
858 2671 64 24 East
946 2669 101 26 Oxford.

643 2719 26 23 at
692 2716 40 24 W.
757 2716 35 24 M.
818 2715 37 27 C,
879 2714 65 25 East
969 2712 101 26 Oxford.

643 2760 23 24 J.
684 2759 100 28 Brown,
798 2757 160 29 Bootmaker,
983 2756 71 24 West
1078 2754 101 25 Oxford.

643 2803 39 24 W.
696 2803 24 24 J.
734 2801 118 25 Crothers
863 2801 18 23 &
894 2800 45 24 Co.
948 2818 5 6 .
976 2799 69 25 Cust.

675 2845 49 24 and
741 2845 52 24 will
800 2843 30 25 be
842 2842 126 32 promptly
981 2841 118 25 attended
1110 2842 34 23 to.

643 2889 54 30 All
708 2888 99 30 Work
820 2888 77 29 done
910 2897 39 19 on
964 2886 53 29 the
1029 2885 151 30 Premises

765 2939 62 29 and
843 2937 199 39 guaranteed.

644 3038 252 40 MRW.N,
921 3034 258 44 CATHRO,

683 3109 182 23 BARRISTER
880 3107 68 21 AND
964 3105 174 23 SOLICITOR.

793 3148 233 32 RANGIORA.

638 3203 134 30 Attends
788 3201 127 34 Oxford,
925 3210 39 19 on
976 3200 97 29 Court
1081 3198 97 39 Days.

638 3275 169 25 Instructions
815 3274 34 32 by
859 3274 57 31 post
927 3272 52 25 will
990 3271 94 25 receive
1095 3278 83 24 prom-

804 3314 29 30 pt
861 3311 133 25 attention.

761 3361 108 21 MONEY
897 3360 37 20 TO
964 3359 88 20 LEND.

689 3446 44 53 S.
767 3445 50 44 B.
841 3441 306 51 SEYMOUR,

838 3509 139 27 DENTIST,

678 3560 41 21 215
734 3556 106 21 Colombo
856 3555 81 22 Street,
962 3551 168 22 Christcliurch.

807 3626 179 23 CHARGES:

704 3671 94 25 Filling,
814 3669 23 20 ss-
846 3677 6 15 ;
889 3666 134 21 Extraction
1032 3666 24 19 2s
1071 3664 37 21 6d.

663 3738 95 20 Nitrous
769 3733 59 22 Oxid
838 3732 46 20 Gas
894 3729 172 22 Administered
1071 3729 37 20 for
1115 3728 61 20 Pain

635 3779 45 20 less
690 3775 135 22 Extraction
835 3773 23 20 of
868 3772 80 20 Teeth.
983 3771 45 20 Fee
1038 3770 36 20 for
1084 3768 92 21 Admin-

635 3814 110 24 istration
757 3813 31 20 ss.

692 3890 109 26 CHILD
813 3887 109 25 BIRTH
936 3885 95 30 SAFE,
1044 3884 74 24 AND

743 3930 138 26 ALMOST
890 3927 173 26 PAINLESS

638 3976 89 67 BY
774 3974 74 30 using
884 3972 48 24 DR
978 3969 196 26 FAWCETT'S

738 4007 132 25 Medicine.

668 4051 70 25 MRS
762 4047 167 28 BURRELL
951 4045 60 31 begs
1035 4046 26 22 to
1084 4043 90 25 inform

638 4092 41 23 the
689 4090 94 25 Ladies
795 4088 57 24 that
861 4086 44 25 she
912 4085 49 24 has
969 4083 65 25 beeTL
1042 4081 132 32 appomtefl

637 4131 56 24 Sole
714 4130 74 30 agent
810 4128 28 23 m
861 4122 179 28 Christchurch
1068 4122 37 23 for
1133 4121 43 23 the

636 4169 76 24 above
723 4165 126 25 Medicine
861 4165 26 23 to
903 4162 118 24 facilitate
1035 4158 141 25 Accouche-

636 4209 87 23 menfcs.
757 4205 91 24 Ladies
861 4211 47 17 can
930 4202 31 24 be
982 4198 114 33 supplied
1115 4198 61 24 with

635 4247 41 23 the
699 4244 76 24 above
797 4242 33 31 by
855 4240 106 31 sending
983 4247 29 16 or
1035 4236 91 31 calling
1149 4236 27 23 at

635 4285 40 24 Mr
697 4282 122 26 Burrell's
842 4278 183 33 Photographic
1048 4276 71 32 place
1150 4275 28 24 of

633 4324 123 25 business,
770 4321 105 25 Gould's
898 4319 142 31 Buildings,
1062 4315 113 26 Victoria

635 4362 88 28 Street,
737 4358 183 30 Christchurch,
939 4356 84 26 where
1042 4355 35 24 all
1096 4354 77 23 infor-

633 4401 97 24 mation
757 4407 46 16 can
831 4398 31 25 be
890 4396 118 27 obtained
1035 4395 59 28 free,
1123 4393 51 25 and

632 4437 118 31 perfectly
792 4435 158 30 satisfactory
981 4433 50 24 and
1065 4431 108 32 genuine

634 4474 165 26 testimonials
811 4480 48 17 can
870 4472 31 25 be
911 4479 67 17 seen.
