4120 5920
121 5151 246 31 CALENDAR
383 5153 91 29 FOR
491 5153 91 29 THE
607 5153 144 29 WEEK.

351 5235 171 18 SEPTEMBER.

781 1713 249 205 Lyell
1080 1713 299 205 Times.

782 1918 207 32 SATURDAY,
1004 1918 229 29 SEPTEMBER
1248 1919 41 31 18,
1305 1919 74 28 1886.

799 2012 81 29 Mails
899 2012 42 29 for
953 2012 104 29 United
1082 2012 139 35 Kingdom
1245 2012 54 34 &c,
1313 2012 86 29 direct

765 2052 65 26 mail
849 2052 101 26 service
962 2060 48 25 per
1255 2051 70 27 close
1341 2052 42 27 Sat-

765 2088 94 35 urday,
891 2088 64 28 18th
988 2088 169 35 September,
1183 2092 28 24 at
1242 2088 61 28 1.30
1332 2097 65 28 p.m.

765 2126 43 28 All
822 2125 231 37 correspondence
1069 2131 74 23 must
1155 2125 32 29 be
1201 2126 129 37 specially
1353 2126 31 28 ad-

765 2165 108 28 dressed
921 2165 95 29 Direct
1029 2164 67 29 Mail
1109 2165 116 28 Service.

799 2212 82 26 Mails
899 2212 42 26 for
962 2212 102 26 United
1089 2212 148 33 Kingdom,
1252 2213 148 26 Continent

765 2248 29 31 of
804 2250 118 34 Europe,
936 2248 55 30 and
1005 2249 103 29 United
1122 2250 89 28 States
1223 2250 30 28 of
1262 2250 135 35 America,

764 2290 48 28 via
826 2290 54 28 San
899 2290 154 31 Francisco,
1067 2290 71 28 close
1157 2294 28 24 at
1200 2292 61 26 1.30
1274 2300 65 26 p.m.
1363 2300 35 19 on

765 2327 153 34 Thursday,
942 2327 116 27 October
1078 2328 56 26 7th.
1183 2328 101 34 Money
1306 2328 92 27 orders

765 2364 54 30 will
831 2363 33 30 be
877 2363 90 30 issued
988 2373 37 28 up
1045 2368 27 26 to
1091 2365 16 28 4
1120 2373 66 28 p.m.
1200 2365 126 38 Tuesday
1352 2365 48 29 sth

767 2403 122 29 October.

800 2451 58 27 The
877 2451 108 33 sittings
1006 2451 27 28 of
1063 2451 46 28 the
1141 2451 132 29 Resident
1301 2452 82 36 Magis-

765 2491 93 26 trate's
871 2489 55 28 and
938 2490 144 28 Warden's
1095 2490 97 27 Courts
1206 2491 146 35 appointed
1372 2495 27 23 to

767 2527 31 27 be
826 2526 64 28 held
914 2536 34 18 on
975 2527 174 36 Wednesday
1179 2528 53 27 last
1258 2537 68 19 were
1353 2528 31 28 ad-

767 2565 149 38 adjourned
936 2565 42 30 till
1000 2565 180 39 Wednesnay,
1193 2566 65 30 29th
1279 2567 103 38 Septem-

767 2605 56 31 ber,
835 2608 28 23 at
877 2605 46 27 the
935 2605 79 26 usual
1030 2605 78 27 hour.

802 2654 161 39 Operatians
985 2660 29 24 at
1038 2655 46 30 the
1109 2655 98 38 Alpine
1232 2655 75 30 mine
1331 2655 70 31 have

768 2694 67 28 been
849 2694 162 36 proceeding
1023 2704 30 19 as
1066 2697 79 26 usual
1158 2697 98 35 during
1275 2700 45 24 tne
1342 2701 58 31 past

769 2732 84 33 week,
878 2732 55 28 and
964 2732 46 28 the
1040 2734 175 27 accustomed
1245 2739 99 31 output
1374 2735 30 27 of

769 2774 77 25 stone
859 2770 49 28 has
921 2769 68 29 been
1003 2770 169 30 maintained
1186 2776 28 24 to
1226 2772 46 28 the
1285 2772 115 36 battery.

771 2808 56 28 The
840 2809 79 27 usual
931 2810 127 35 scraping
1075 2814 28 23 at
1113 2810 46 27 the
1172 2810 107 36 battery
1301 2815 84 32 yester-

771 2847 61 36 day,
845 2846 71 29 from
929 2847 86 36 plates
1028 2847 54 29 and
1095 2847 124 34 berdans,
1233 2848 119 29 resulted
1373 2848 29 28 in

771 2887 106 26 5350z5.
897 2885 30 27 of
953 2886 138 34 amalgam
1113 2887 70 26 from
1209 2888 51 26 270
1290 2891 62 23 tons
1376 2888 30 27 of

771 2926 76 24 stone
861 2921 124 34 crushed,
1000 2922 46 29 the
1069 2923 90 28 actual
1181 2924 66 28 time
1273 2924 130 38 occupied

771 2960 28 28 in
812 2960 129 37 crushing
953 2960 82 35 being
1047 2963 16 27 7
1076 2961 67 37 days
1157 2963 32 27 1G
1202 2963 90 28 hours.

807 3008 45 28 Mr
870 3008 85 37 Foley
973 3008 56 29 will
1050 3010 60 36 give
1129 3019 35 19 an
1190 3011 214 28 entertainment

772 3047 55 27 this
840 3048 117 33 evening
969 3050 29 24 at
1011 3048 138 28 Fennell's
1160 3048 75 33 Hall,
1245 3050 114 27 assisted
1369 3049 35 36 by

772 3094 16 18 a
806 3084 63 29 host
891 3085 31 28 of
939 3085 70 28 local
1033 3089 148 29 amateurs,
1205 3087 46 28 the
1276 3087 76 28 show
1376 3091 28 25 to

772 3122 131 29 conclude
922 3122 66 30 with
1007 3132 16 20 a
1042 3123 56 30 side
1117 3124 123 37 splitting
1249 3125 155 38 Ethiopean

772 3161 81 29 farce.
900 3162 27 29 It
948 3163 24 27 is
992 3162 132 29 intended
1148 3168 28 24 to
1200 3164 64 29 hold
1290 3175 15 18 a
1329 3165 76 28 short

772 3200 132 36 quadrille
929 3200 137 36 assembly
1086 3205 29 24 at
1134 3201 46 29 the
1200 3202 157 29 conclusion
1379 3203 27 27 of

774 3238 45 30 the
837 3238 223 30 entertainment.

807 3288 59 28 The
897 3288 128 28 tributers
1054 3288 29 28 in
1115 3288 47 29 the
1193 3289 103 29 United
1323 3291 83 36 Italy,

773 3325 123 36 working
908 3326 70 28 from
996 3327 116 28 Potter's
1134 3327 99 34 leader,
1253 3329 152 36 completed

774 3374 16 19 a
802 3364 62 29 trial
877 3365 130 36 crushing
1020 3370 27 23 at
1061 3365 46 29 the
1121 3366 167 37 Company's
1300 3367 106 37 battery

774 3403 53 28 last
846 3403 135 36 Saturday
1006 3403 30 28 of
1062 3404 83 29 about
1175 3414 82 19 seven
1288 3411 62 22 tons
1380 3407 29 27 of

774 3446 87 30 stone,
874 3441 55 29 and
942 3442 40 27 six
995 3445 61 25 tons
1069 3442 71 28 from
1154 3453 16 18 a
1190 3443 73 35 large
1286 3443 72 38 body
1381 3445 30 29 of

774 3484 77 24 stone
864 3489 66 19 near
942 3481 30 27 it.
1009 3481 58 27 The
1077 3481 68 27 total
1154 3483 83 26 result
1248 3492 56 18 was
1317 3485 89 26 71ozs.

776 3518 111 27 13dwts.
912 3518 118 28 retorted
1051 3518 73 36 gold.
1161 3520 27 26 It
1213 3520 22 26 is
1258 3521 149 28 calculated

775 3556 60 30 that
847 3556 46 30 the
903 3556 91 29 leader
1006 3557 108 37 portion
1128 3557 30 29 of
1168 3557 46 30 the
1228 3559 88 37 parcel
1340 3569 62 25 gave

775 3597 88 27 lOozs.
872 3605 48 26 per
931 3599 57 30 ton,
998 3596 53 28 and
1061 3596 46 28 the
1117 3597 79 28 other
1204 3597 82 29 about
1297 3598 102 28 lOdwts

774 3633 54 28 and
841 3633 46 28 the
898 3634 84 28 result
1004 3635 23 27 is
1040 3634 157 29 considered
1211 3636 96 35 highly
1330 3636 78 28 satis'

774 3671 112 37 factory.

808 3718 50 30 We
871 3721 88 33 regret
971 3721 28 26 to
1013 3719 88 29 notice
1114 3718 36 36 by
1163 3729 50 19 our
1227 3720 100 29 Nelson
1347 3721 59 29 files

775 3756 60 27 that
848 3757 84 27 Louis
945 3757 130 36 Burgassi
1087 3758 110 35 expired
1210 3762 28 24 at
1246 3760 46 26 the
1307 3760 101 27 Nelson

776 3794 127 37 Hospital
918 3803 35 21 on
974 3794 47 29 the
1042 3795 64 29 13th
1128 3795 113 29 instant.
1284 3797 59 29 The
1364 3798 30 28 de-

776 3834 94 26 ceased
888 3842 57 18 was
962 3843 17 18 a
997 3835 92 26 native
1108 3835 30 26 of
1159 3835 83 34 Italy,
1261 3836 54 27 and
1340 3838 68 33 aged

776 3871 33 26 52
820 3878 88 28 years.

811 3916 163 29 Rehearsals
1004 3916 29 29 in
1068 3918 163 29 connection
1265 3920 67 28 with
1362 3920 47 28 the

776 3954 183 37 forthcoming
972 3955 109 28 Church
1105 3956 30 28 of
1154 3956 130 35 England
1301 3962 108 24 concert

776 4003 46 18 are
849 3994 82 35 going
957 3994 115 28 forward
1102 3995 199 36 satisfactorily.
1350 3997 58 29 The

777 4032 108 27 various
898 4042 81 25 songs
992 4033 53 27 and
1058 4033 129 28 choruses
1199 4035 118 35 promise
1331 4038 27 26 to
1376 4036 32 27 be

776 4069 130 29 executed
929 4070 29 28 in
989 4080 16 19 a
1035 4071 144 36 proficient
1209 4082 122 19 manner.
1384 4074 24 28 A

778 4108 92 28 varied
879 4108 54 28 and
941 4109 159 36 interesting
1110 4119 173 27 programme
1292 4121 114 27 appears

776 4147 29 27 in
818 4146 55 29 this
886 4147 80 28 issue.

812 4195 49 29 We
883 4195 70 29 have
974 4195 68 29 been
1065 4195 130 29 favoured
1217 4196 36 37 by
1275 4198 44 28 Mr
1331 4198 33 28 A.
1376 4198 31 29 A.

778 4233 126 33 Corfield,
917 4233 80 28 Clerk
1018 4234 28 27 of
1067 4234 146 35 Licensing
1234 4238 174 32 Committee,

778 4270 66 29 with
866 4271 46 28 the
934 4270 162 30 boundaries
1118 4271 30 29 of
1166 4273 46 28 the
1233 4274 90 37 newly
1345 4283 46 20 con-

778 4310 112 29 stituted
926 4310 146 36 Licensing
1113 4311 112 30 District
1254 4313 31 28 of
1312 4314 94 34 Owen,

778 4349 90 28 which
881 4358 45 19 are
940 4358 29 19 as
990 4350 204 29 follows:All
1214 4351 62 29 that
1296 4361 63 20 area
1378 4353 29 28 in

779 4387 46 29 the
847 4388 108 36 County
978 4387 30 30 of
1025 4388 171 36 Inangahua,
1220 4390 127 29 bounded
1368 4394 26 25 to-

779 4425 89 27 wards
886 4426 46 27 the
953 4426 153 27 north-east
1126 4426 36 36 by
1181 4428 47 27 the
1250 4428 109 36 County
1381 4429 30 28 of

780 4463 132 33 Waimea,
926 4463 71 29 from
1012 4464 98 28 Mount
1127 4464 84 30 Owen
1228 4468 29 26 to
1278 4466 46 29 the
1345 4477 45 19 con-

779 4501 105 29 fluence
908 4503 30 27 of
958 4503 47 27 the
1038 4503 81 36 Hope
1150 4504 83 28 River
1262 4505 67 29 with
1359 4506 47 28 the

780 4541 94 28 Buller
888 4541 99 34 River;
1006 4541 97 28 thence
1121 4543 118 27 towards
1260 4543 46 29 the
1327 4544 80 28 south

780 4579 36 37 by
828 4579 46 28 the
887 4579 80 28 latter
979 4580 71 28 river
1068 4584 27 24 to
1108 4581 35 28 its
1164 4581 157 30 confluence
1341 4583 66 30 with

780 4618 46 27 the
851 4618 84 27 Owen
960 4618 101 34 River;
1092 4619 98 29 thence
1214 4621 117 28 towards
1360 4621 46 28 the

780 4661 66 24 west
858 4656 36 37 by
907 4666 16 19 a
935 4656 55 29 line
1003 4656 119 36 running
1134 4657 53 30 due
1208 4659 81 28 north
1313 4663 27 26 to
1361 4659 47 30 the

781 4696 107 35 County
910 4696 30 27 of
960 4696 112 33 Buller;
1098 4697 53 27 and
1174 4697 97 28 thence
1291 4699 117 27 towards

780 4732 47 28 the
851 4732 162 29 north-west
1037 4732 35 37 by
1093 4734 47 28 the
1164 4734 59 28 said
1248 4735 109 37 County
1381 4736 30 28 of

781 4771 93 28 Buller
887 4776 27 24 to
927 4771 46 29 the
988 4772 74 35 place
1076 4772 30 28 of
1115 4778 246 25 commencement.

814 4818 85 29 What
911 4818 89 35 might
1013 4818 70 29 have
1097 4819 163 30 terminated
1273 4821 28 28 in
1314 4831 15 19 a
1343 4821 63 30 fatal

781 4858 121 27 accident
914 4858 113 28 occured
1040 4868 34 18 on
1089 4859 171 37 Wednesday
1273 4861 52 28 last
1337 4865 27 24 to
1373 4871 34 18 an

781 4895 44 27 old
837 4896 119 27 resident
965 4896 29 27 of
1003 4896 55 28 this
1072 4896 112 34 district,
1197 4898 44 27 Mr
1253 4898 43 28 W.
1308 4899 99 27 Burns.

782 4934 26 31 It
837 4944 115 30 appears
981 4934 60 31 that
1072 4935 113 32 himself
1211 4937 54 31 and
1294 4938 115 31 another

781 4976 88 25 miner
880 4976 100 25 named
994 4976 107 26 Bourke
1114 4986 71 17 were
1195 4978 28 25 in
1236 4978 46 26 the
1303 4979 105 33 smithy

780 5011 147 28 connected
941 5011 65 29 with
1026 5012 50 28 No.
1091 5013 16 28 7
1119 5012 69 30 level
1201 5014 27 28 ot
1251 5014 46 28 the
1311 5014 97 37 Alpine

780 5051 151 34 Company,
944 5051 144 36 preparing
1110 5056 27 24 to
1159 5052 79 28 make
1256 5063 76 18 some
1354 5054 54 27 tool

780 5092 27 25 to
820 5087 32 30 be
865 5087 65 30 used
943 5088 28 29 in
980 5089 45 29 the
1035 5089 77 35 level,
1121 5090 79 29 when
1218 5091 90 28 Burns
1318 5091 65 29 took
1394 5101 15 19 a

779 5128 84 36 poker
870 5132 28 25 to
908 5129 64 27 rake
983 5129 45 28 the
1039 5129 79 28 ashes
1127 5131 29 26 of
1167 5131 45 27 the
1219 5131 48 27 fire
1277 5132 131 32 together,

779 5174 16 19 a
804 5165 97 35 charge
914 5166 30 27 of
959 5167 141 34 dynamite
1114 5167 69 35 (that
1196 5168 139 34 evidently
1355 5168 54 28 had

779 5203 68 30 been
865 5203 201 38 inadvertently
1084 5205 49 29 left
1151 5205 76 30 there
1247 5205 34 38 by
1301 5216 51 19 one
1384 5206 29 29 of

779 5243 46 28 the
843 5243 79 28 other
940 5244 102 28 miners
1061 5244 121 36 working
1201 5244 27 28 in
1248 5245 46 28 the
1319 5246 90 34 level),

779 5281 140 36 exploded,
934 5281 44 29 the
991 5281 84 29 result
1088 5282 89 35 being,
1191 5283 61 27 that
1265 5283 91 28 Burns
1369 5292 26 19 re-

780 5319 90 27 ceived
884 5329 75 17 some
973 5329 64 26 very
1057 5329 91 18 severe
1161 5324 59 23 cuts
1234 5321 54 27 and
1307 5321 103 27 bruises

780 5356 36 27 all
829 5365 64 19 over
905 5356 43 27 his
965 5357 66 33 face,
1045 5367 73 18 arms
1131 5357 54 28 and
1207 5357 55 36 legs
1275 5356 69 29 from
1364 5358 46 27 the

780 5394 88 34 ashes,
881 5395 66 32 coal,
961 5396 55 33 &c,
1029 5395 60 29 that
1108 5406 70 17 were
1197 5395 91 28 forced
1310 5399 47 25 out
1376 5397 35 35 by

781 5433 45 28 the
839 5433 148 36 explosion.
1033 5434 179 34 Fortunately
1232 5435 47 26 the
1298 5434 113 36 injuries

781 5471 129 33 received,
924 5481 45 19 are
991 5476 48 24 not
1052 5472 157 28 considered
1231 5473 110 31 serious,
1357 5473 54 27 and

781 5509 21 27 it
815 5509 22 26 is
850 5518 15 18 a
880 5512 98 24 matter
987 5512 25 24 ot
1025 5514 76 31 great
1114 5510 166 26 satisfaction
1294 5515 26 22 to
1331 5510 81 27 know

783 5546 59 30 that
860 5546 34 31 he
913 5548 114 37 escaped
1047 5548 114 29 without
1180 5558 54 28 any
1252 5548 112 38 injuries
1385 5552 27 26 to

783 5587 42 27 his
844 5597 71 24 eyes,
935 5588 90 26 which
1045 5597 40 17 we
1105 5588 101 26 believe
1232 5588 22 26 is
1277 5589 45 26 the
1342 5593 71 23 most

783 5623 101 27 serious
898 5625 101 26 feature
1013 5625 28 26 in
1054 5626 160 25 connection
1227 5625 64 26 with
1303 5625 46 27 the
1360 5626 52 26 late

783 5661 123 29 accident
920 5666 27 25 to
961 5661 45 30 the
1021 5672 65 18 man
1101 5661 123 33 Hobson,
1238 5668 28 23 at
1289 5662 46 30 the
1359 5663 54 37 Tyr

783 5701 114 26 Connell
918 5700 83 27 mine.
1040 5702 78 25 Since
1139 5701 107 33 writing
1259 5702 46 27 the
1328 5702 83 27 above

785 5746 38 20 we
849 5736 74 30 learn
943 5738 60 28 that
1025 5738 45 28 the
1091 5738 77 28 other
1194 5740 86 27 miner
1307 5740 106 27 Bourke

785 5778 55 26 also
854 5777 120 27 received
990 5787 73 17 some
1078 5778 89 34 injury
1181 5782 27 22 to
1222 5778 41 27 his
1277 5788 68 23 arm,
1366 5779 48 28 but

784 5814 165 31 fortunately
962 5819 46 23 not
1023 5816 30 26 of
1061 5825 15 17 a
1090 5815 102 28 serious
1206 5819 146 25 character.

1453 195 57 27 The
1534 195 66 27 Rev.
1621 195 44 26 Mr
1687 195 193 31 Inness-Jones
1902 200 148 30 conducied

1419 233 90 27 divine
1536 233 100 26 service
1657 233 142 35 yestetday
1823 237 122 35 evening,
1959 240 26 25 in
2011 240 38 25 St.

1421 270 155 30 Matthew's
1596 270 119 35 Church,
1736 272 54 28 and
1812 274 112 29 services
1943 276 53 29 will
2020 277 30 28 bo

1420 310 63 27 held
1510 313 157 24 to-morrow
1698 319 128 26 morning
1851 318 28 22 at
1903 314 45 27 the
1973 315 77 27 usual

1420 347 77 28 hour.

1454 396 57 27 The
1539 395 108 35 County
1679 395 158 35 Chairman,
1866 397 44 30 Mr
1938 401 112 33 Eugene

1420 434 132 31 O'Conor,
1567 433 97 27 visited
1679 433 78 36 Lyell
1777 435 51 27 last
1842 435 119 37 Sunday.
2001 438 49 27 We

1420 472 165 28 understand
1601 472 59 27 that
1673 472 21 27 it
1716 472 23 26 is
1752 473 128 28 intended
1903 475 103 37 shortly
2023 479 27 24 to

1420 510 83 37 adopt
1527 520 74 18 some
1626 510 63 36 plan
1710 512 40 26 for
1772 511 108 35 placing
1905 514 44 27 the
1976 514 73 27 main

1421 549 64 27 road
1509 548 120 28 between
1655 548 63 28 here
1744 550 53 26 and
1821 550 136 37 Westport
1981 554 30 26 in
2035 562 16 17 a

1421 587 86 28 better
1528 587 148 31 condition,
1691 587 53 26 and
1769 587 21 27 it
1813 597 55 18 was
1890 590 161 36 principally

1421 625 64 28 with
1501 625 60 28 that
1573 625 88 36 object
1681 625 60 27 that
1753 625 47 27 the
1812 626 62 27 visit
1887 637 54 18 was
1962 628 87 28 made.

1421 665 40 26 On
1479 664 45 27 the
1538 663 137 35 following
1691 663 122 36 Monday
1828 663 42 28 Mr
1884 666 166 35 Thompson,

1422 703 106 33 County
1542 709 131 24 overseer,
1687 711 56 17 was
1762 701 56 28 also
1828 702 27 26 in
1870 703 77 35 Lyell
1961 713 34 18 on
2009 705 42 26 his

1421 740 77 28 usual
1523 740 150 35 inspection
1696 739 30 27 of
1747 740 97 33 works,
1870 742 130 34 although
2030 742 21 28 it

1421 778 89 29 would
1524 782 48 24 not
1584 778 32 28 be
1630 788 14 18 a
1659 778 114 28 difficult
1787 783 99 24 matter
1900 784 26 24 to
1948 782 103 35 inspect

1422 817 45 27 the
1478 816 88 28 works
1576 825 61 19 now
1651 817 82 33 going
1745 826 35 18 on
1792 825 6 24 ;
1818 817 48 27 but
1879 818 37 27 let
1938 828 30 19 us
1981 820 70 35 hope

1422 855 60 28 that
1496 855 66 36 they
1574 863 45 19 are
1632 855 29 27 in
1673 855 225 36 contemplation.

1458 903 35 27 In
1526 902 114 27 another
1676 903 109 27 column
1821 903 47 28 the
1904 904 148 37 Hampden

1424 940 138 35 Quadrille
1580 940 146 36 Assembly
1748 950 142 19 announce
1904 952 15 18 a
1943 943 54 28 ball
2013 944 40 27 for

1425 982 45 26 the
1484 981 50 27 Ist.
1548 980 131 35 proximo.

1459 1025 34 27 In
1506 1025 78 27 order
1597 1029 28 24 to
1639 1025 79 27 avoid
1732 1034 55 27 any
1809 1025 90 29 future
1912 1036 30 19 or
1962 1028 92 27 rather

1423 1062 105 29 further
1548 1062 61 34 loss,
1623 1063 76 28 there
1720 1063 24 29 is
1764 1074 16 18 a
1804 1069 101 24 matter
1928 1065 125 35 affecting

1423 1102 128 36 drainage
1578 1102 91 28 which
1691 1103 118 35 requires
1828 1103 46 29 the
1894 1105 158 28 immediate

1423 1142 134 27 attention
1571 1140 29 29 of
1617 1141 46 28 the
1677 1142 109 35 County
1807 1143 166 28 authorities.
2017 1144 36 27 At

1424 1180 45 26 the
1482 1178 53 27 end
1559 1179 29 27 of
1609 1180 47 26 the
1675 1183 74 23 town
1769 1189 16 17 a
1797 1185 127 23 constant
1943 1182 71 35 body
2028 1182 28 27 of

1423 1220 83 24 water
1519 1225 90 19 comes
1622 1216 80 28 down
1717 1217 45 29 the
1775 1220 103 26 terrace
1896 1222 27 25 at
1937 1218 44 29 the
1994 1229 60 19 rear

1424 1256 29 28 of
1473 1255 57 28 Mrs
1545 1255 170 29 M'DowalPs
1738 1257 140 36 premises,
1887 1258 88 28 which
1999 1267 55 19 was

1424 1300 27 23 at
1465 1304 50 19 one
1529 1295 65 28 time
1609 1295 96 36 picked
1725 1305 35 26 up
1774 1296 53 27 and
1849 1296 150 29 conducted
2020 1297 34 36 by

1425 1342 94 19 means
1545 1333 29 28 of
1596 1342 35 19 an
1651 1333 192 37 underground
1861 1335 78 28 drain
1964 1344 90 19 across

1425 1371 45 28 the
1495 1371 74 28 road.
1618 1372 38 27 As
1680 1371 60 28 that
1765 1376 133 25 structure
1922 1382 54 20 was
2000 1373 54 29 laid

1424 1409 81 28 down
1518 1418 75 19 some
1607 1410 66 27 time
1687 1420 60 26 ago,
1760 1410 23 29 it
1793 1411 49 28 has
1855 1420 61 19 now
1930 1420 69 28 gone
2008 1417 48 23 out

1425 1449 28 28 of
1464 1449 89 37 repair
1562 1448 54 29 and
1630 1448 105 29 choked
1748 1459 46 27 up,
1811 1448 53 30 and
1878 1448 46 31 the
1938 1455 82 25 water
2032 1451 22 28 is

1424 1487 103 34 forcing
1546 1496 35 17 an
1600 1488 86 25 outlet
1704 1488 29 26 in
1752 1488 72 26 front
1842 1490 30 25 of
1893 1490 54 26 and
1970 1490 86 26 under

1425 1524 45 28 the
1484 1524 130 37 premises
1633 1524 29 28 of
1679 1523 57 30 Mrs
1760 1523 144 31 Williams'
1920 1526 121 30 Welcom

1425 1563 83 33 hotel,
1517 1563 113 36 thereby
1640 1564 113 35 causing
1763 1565 184 29 considerable
1955 1566 101 35 danger

1424 1604 29 25 to
1465 1601 47 28 the
1523 1601 68 36 piles
1604 1601 54 28 and
1679 1601 161 29 foundation
1854 1603 30 28 of
1900 1612 16 19 a
1934 1604 122 28 valuable

1425 1646 137 30 property.
1599 1640 39 28 To
1651 1640 112 36 remedy
1781 1641 54 28 this
1856 1651 17 20 a
1885 1643 76 29 short
1979 1643 77 28 drain

1425 1679 163 35 connecting
1609 1678 64 28 with
1698 1679 47 27 the
1764 1679 73 27 main
1853 1681 92 31 jsewer
1967 1679 89 30 would

1425 1720 48 25 not
1497 1726 82 27 prove
1603 1726 34 19 an
1668 1717 144 37 expensive
1837 1718 84 36 work,
1946 1719 53 30 and
2028 1719 28 29 in

1426 1764 122 17 summer
1571 1756 66 26 time
1662 1756 47 26 the
1734 1756 73 34 body
1837 1758 29 26 of
1887 1763 84 21 water
1994 1758 62 26 thus

1425 1791 118 38 brought
1571 1792 29 28 in
1630 1792 92 30 would
1752 1798 45 24 act
1826 1792 170 42 beneficially
2028 1795 28 29 in

1425 1832 120 36 flushing
1559 1832 46 28 the
1619 1834 75 26 main
1708 1842 92 20 sewer-
1839 1834 48 29 We
1908 1836 69 36 hope
1998 1836 58 29 that

1426 1871 46 26 the
1487 1871 108 35 County
1608 1871 160 27 authorities
1782 1872 54 28 will
1856 1874 95 27 attend
1964 1879 26 22 to
2004 1875 52 27 this

1426 1911 100 24 matter
1538 1913 28 22 at
1585 1918 76 17 once.

1461 1955 34 27 In
1509 1954 46 28 the
1576 1965 60 18 case
1650 1956 27 28 of
1697 1956 107 28 Oxnara
1823 1966 25 19 v.
1871 1958 47 29 the
1940 1959 100 35 Inanga-

1427 1992 55 29 hua
1495 1992 109 38 County
1616 1993 122 36 Council,
1753 1994 83 29 heard
1856 1996 89 29 before
1969 1996 89 37 Judge

1427 2032 90 28 Broad
1530 2032 29 27 in
1572 2033 46 27 the
1632 2034 113 27 District
1759 2034 92 33 Court,
1867 2035 122 32 Reefton,
2006 2036 52 28 last

1428 2069 130 35 Monday,
1566 2070 145 35 judgment
1723 2080 56 18 was
1793 2072 79 33 given
1884 2073 40 27 for
1937 2074 55 26 SO
2004 2074 53 27 and

1428 2106 54 29 ll
1508 2108 47 27 10s
1580 2114 79 22 costs.
1709 2108 44 28 Mr
1780 2109 104 36 George
1915 2111 142 34 Newman,

1427 2146 89 28 driver
1526 2145 29 28 of
1564 2146 47 28 the
1624 2147 66 27 mail
1704 2147 93 35 coach,
1811 2158 68 25 gave
1890 2149 46 29 the
1958 2149 84 30 follow-

1426 2184 47 36 ing
1498 2185 128 28 evidence
1653 2186 63 27 with
1742 2192 105 30 respect
1874 2191 28 25 to
1926 2188 46 28 the
1997 2198 45 19 con-

1427 2222 86 28 dition
1536 2222 30 27 of
1593 2224 46 26 the
1658 2224 146 34 bridge:
1807 2229 16 10 '*
1840 2225 60 27 The
1924 2225 92 34 bridge
2036 2227 23 25 is

1426 2269 68 21 even
1515 2268 62 22 now
1597 2260 28 30 in
1651 2270 35 21 an
1700 2262 93 30 unsafe
1807 2262 157 37 condition;
1983 2264 75 29 there

1428 2310 68 18 were
1510 2311 16 17 a
1538 2301 38 27 lot
1586 2302 30 27 of
1633 2304 89 25 rotten
1736 2302 97 35 planks
1846 2313 36 18 on
1900 2304 45 27 the
1969 2304 90 33 bridge

1429 2339 73 33 prior
1515 2342 26 22 to
1554 2338 46 27 the
1613 2339 132 31 accident,
1756 2339 48 27 but
1817 2340 21 27 it
1851 2340 50 27 has
1911 2340 72 28 since
1994 2342 65 26 been

1427 2375 132 36 repaired,
1573 2375 54 28 and
1640 2376 23 29 is
1682 2375 55 30 still
1750 2377 115 38 ricketty
1877 2386 5 20 :
1902 2379 21 27 it
1938 2388 54 18 was
2014 2379 46 29 the

1428 2414 65 36 only
1517 2414 92 35 bridge
1633 2425 35 18 on
1695 2415 48 29 the
1771 2417 54 28 line
1857 2417 34 29 he
1921 2418 85 28 found
2039 2419 22 27 it

1428 2461 143 27 necessary
1583 2457 27 24 to
1623 2453 72 28 walk
1713 2463 72 18 over.

1463 2500 61 27 The
1538 2500 188 30 Government
1741 2502 78 33 have,
1832 2502 21 28 it
1866 2503 23 28 is
1912 2504 95 33 stated,
2020 2513 27 19 re-

1428 2537 93 29 solved
1535 2546 74 27 upon
1623 2538 153 35 abolishing
1790 2540 45 28 the
1850 2541 211 35 DistrictjCourt

1428 2576 28 29 in
1466 2576 194 30 Christchurch
1672 2579 54 28 and
1743 2579 141 35 Dunedin,
1894 2580 55 29 and
1958 2582 27 28 in
1999 2591 46 19 con-

1429 2624 130 25 sequence
1581 2616 22 26 it
1624 2625 56 17 was
1702 2619 158 26 considered
1883 2620 115 33 possible
2021 2621 41 26 for

1429 2661 51 19 one
1494 2651 115 30 District
1621 2652 89 39 Judge
1725 2659 27 24 to
1766 2654 61 29 take
1841 2656 35 28 all
1888 2655 46 30 the
1945 2657 98 29 remain-

1428 2692 48 36 ing
1489 2692 97 28 Courts
1600 2692 27 28 in
1640 2693 46 28 the
1707 2694 102 28 Middle
1830 2695 102 28 Island.
1976 2697 86 28 There

1429 2739 45 17 are
1498 2730 65 35 only
1578 2734 74 31 Jtwoj
1664 2732 112 28 District
1798 2733 103 35 Judges
1923 2742 65 28 pure
2009 2735 53 27 and

1430 2767 97 37 simple
1541 2768 27 27 in
1584 2768 46 29 the
1652 2770 239 37 colonyJudges
1913 2772 83 29 Ward
2008 2773 55 29 and

1430 2806 99 28 Broad.
1566 2807 34 27 In
1621 2808 47 28 the
1691 2809 89 27 North
1806 2810 94 28 Island
1922 2812 75 28 there
2018 2820 45 20 are

1431 2845 75 28 three
1527 2844 113 30 District
1661 2846 105 37 Judges
1787 2847 49 29 but
1858 2847 65 38 they
1947 2850 117 30 exercise

1430 2883 66 34 only
1504 2892 15 18 a
1527 2883 105 29 limited
1641 2885 179 33 jurisdiction,
1827 2886 53 27 and
1893 2887 70 28 their
1973 2887 90 29 offices

1430 2929 45 19 are
1487 2920 64 27 held
1564 2921 81 35 along
1659 2922 65 28 with
1736 2923 131 29 Resident
1882 2925 181 36 Magistrate's

1431 2959 44 27 &c.
1513 2958 88 36 Judge
1611 2960 83 29 Ward
1708 2961 49 28 has
1771 2961 68 29 been
1852 2964 34 27 23
1900 2973 29 18 or
1941 2964 33 27 24
1987 2974 78 26 years

1434 3006 36 18 on
1494 2998 47 28 the
1567 2997 168 37 Magisterial
1760 3000 55 28 and
1840 3000 114 31 District
1980 3003 83 28 Court

1432 3036 133 33 Benches,
1578 3038 54 28 and
1645 3048 68 18 once
1726 3038 34 28 he
1774 3039 77 28 acted
1865 3040 41 28 for
1917 3050 17 18 a
1946 3041 64 28 time
2035 3051 29 18 as

1432 3083 15 18 a
1459 3074 90 34 Judge
1570 3076 30 27 of
1617 3076 46 27 the
1687 3077 132 35 Supreme
1839 3078 91 28 Court.
1976 3080 88 35 Judge

1432 3111 90 28 Broad
1538 3113 58 35 has,
1609 3123 41 19 we
1663 3113 112 35 believe,
1788 3114 69 28 been
1878 3116 42 28 for
1931 3118 33 26 22
1987 3127 78 28 years

1432 3151 139 38 presiding
1583 3154 28 27 in
1627 3153 45 29 the
1687 3154 185 35 Magistrate's
1885 3155 55 29 and
1954 3156 111 30 District

1433 3190 105 27 Courts.
1576 3192 54 27 For
1651 3192 46 27 the
1718 3193 54 27 last
1793 3198 46 22 ten
1861 3203 79 25 years
1962 3195 33 27 he
2016 3196 51 27 has

1432 3226 68 29 been
1513 3227 89 38 Judge
1616 3229 29 29 of
1655 3229 46 30 the
1715 3230 102 29 Nelson
1840 3231 114 31 District
1974 3233 91 33 Court,

1433 3267 54 28 and
1500 3268 41 29 six
1558 3280 78 25 years
1649 3280 60 26 ago,
1723 3280 72 28 upon
1809 3272 47 29 the
1869 3273 158 29 retirement
2041 3275 26 27 of

1434 3306 89 37 Judge
1545 3308 123 33 Weston,
1691 3309 47 28 the
1763 3310 105 29 district
1878 3311 30 28 of
1926 3311 141 29 Westland

1433 3354 56 18 was
1502 3346 88 28 added
1602 3350 28 25 to
1642 3347 44 28 his
1707 3348 102 27 circuit.
1848 3349 34 28 In
1903 3349 66 30 both
1991 3352 76 27 these

1434 3382 119 31 districts
1566 3385 35 29 he
1613 3386 50 27 has
1676 3386 67 28 been
1757 3388 150 35 exercising
1919 3389 36 28 all
1969 3389 45 29 the
2024 3400 28 19 ex-

1434 3422 100 29 tended
1557 3433 105 27 powers
1684 3424 31 28 of
1738 3425 45 28 the
1806 3426 93 33 Court,
1920 3427 64 29 both
2006 3429 61 27 civil

1434 3461 55 28 and
1502 3462 135 28 criminal.
1673 3463 89 35 Judge
1773 3464 85 29 Ward
1869 3474 29 19 as
1910 3467 88 28 senior
2006 3468 45 27 Dis-

1435 3500 61 27 trict
1518 3501 88 33 Judge
1625 3511 55 17 was
1701 3502 129 28 intended
1844 3506 28 24 to
1886 3502 55 31 fact
1962 3514 29 18 as
2013 3506 54 26 sole

1435 3536 80 37 judge
1526 3537 42 28 for
1582 3538 102 29 Middle
1699 3539 103 31 Island,
1815 3540 54 28 and
1880 3541 89 35 Judge
1978 3542 89 28 Broad

1436 3585 55 19 was
1503 3576 110 35 offered,
1626 3581 28 25 at
1667 3578 46 29 the
1732 3588 74 19 same
1828 3580 91 35 salary
1940 3581 127 37 formerly

1436 3615 63 35 paid
1512 3619 27 24 to
1560 3616 70 33 him,
1654 3617 47 27 the
1727 3617 192 36 Metropolitan
1942 3620 125 27 Resident

1438 3652 164 38 xMagistracy
1627 3655 30 27 of
1682 3655 174 35 Wellington.
1910 3657 75 33 This,
2005 3659 22 26 it
2046 3660 21 25 is

1437 3690 174 35 understood,
1620 3692 34 28 he
1665 3692 132 29 declined.
1834 3694 35 28 At
1882 3694 54 29 this
1941 3696 126 35 juncture

1438 3729 43 27 Mr
1491 3730 105 28 Justice
1604 3731 95 28 Gillies
1705 3731 108 36 applied
1822 3736 41 24 tor
1871 3743 15 19 a
1896 3736 87 32 year's
1992 3735 75 27 leave

1437 3767 29 27 of
1472 3767 125 33 absence,
1607 3769 55 27 and
1671 3769 20 26 it
1700 3777 55 20 was
1767 3770 133 35 arranged
1910 3771 61 28 that
1980 3772 87 35 Judge

1437 3805 83 30 Ward
1533 3805 98 31 should
1644 3809 43 27 act
1701 3817 30 19 as
1744 3805 42 30 his
1800 3806 206 41 locumltenens,
2014 3810 53 29 aud

1435 3843 89 33 Judge
1538 3845 91 27 Broad
1642 3845 62 27 take
1718 3846 46 29 the
1778 3847 116 32 position
1908 3848 30 26 of
1957 3848 110 27 District

1435 3880 89 37 Judge
1534 3881 41 29 for
1587 3882 46 28 the
1648 3882 103 29 Middle
1773 3882 104 30 Island.
1914 3884 87 29 There
2023 3895 44 18 are

1436 3920 97 28 twelve
1545 3920 91 35 places
1649 3921 90 28 where
1760 3921 34 27 he
1814 3923 55 27 will
1891 3922 33 29 be
1945 3924 122 36 required

1435 3959 29 25 to
1472 3957 65 29 hold
1547 3958 106 34 Courts,
1664 3959 246 36 namely,'Nelscn,
1922 3961 145 37 Westport,

1436 3996 125 34 Reefton,
1569 3998 73 35 Grey
1644 3998 106 34 mouth,
1758 3998 142 35 Hokitika,
1911 4000 156 29 Ashburton

1436 4035 146 33 Waimate,
1604 4036 123 33 Timaru,
1750 4037 130 33 Oarnaru,
1912 4038 155 35 Lawrence,

1435 4073 191 35 Queenstown,
1642 4075 54 28 and
1710 4075 186 37 Invercargill.

1470 4121 50 29 We
1545 4122 69 28 have
1639 4122 108 29 recived
1760 4124 27 33 jja
1811 4124 94 28 rather
1927 4126 123 34 magnani-

1435 4167 109 21 mous-
1555 4159 65 29 offer
1635 4160 70 29 from
1726 4171 16 18 a
1767 4161 161 30 Melbourne
1952 4162 63 29 firm
2042 4164 25 28 of

1435 4202 96 33 patent
1542 4199 135 29 medicine
1698 4201 212 34 manufactures,
1930 4202 54 28 and
2003 4202 23 29 it
2046 4204 21 26 is

1435 4237 70 27 this:
1547 4237 91 27 Insert
1649 4238 104 34 l|inch
1764 4240 151 35 paragraph
1925 4240 128 28 advertise-

1437 4278 78 24 ment
1527 4273 41 30 for
1581 4276 32 27 12
1628 4275 121 35 months,
1762 4277 54 27 and
1837 4277 65 28 send
1924 4277 54 29 free
2000 4288 67 27 copy

1435 4317 27 26 to
1477 4313 158 30 Melbourne
1649 4315 110 37 weekly,
1780 4315 41 29 for
1841 4317 226 29 30s.N.B.It

1434 4351 23 29 is
1470 4357 73 31 quite
1557 4353 121 36 optional
1691 4354 123 29 whether
1827 4364 54 26 you
1903 4359 49 32 put
1969 4356 29 28 in
2021 4357 46 27 the

1437 4392 216 36 accompanying
1665 4391 41 29 six
1714 4391 64 30 inch
1788 4393 99 33 notice,

1436 4429 127 35 Analysis
1578 4431 57 26 :1
1672 4432 89 33 year's
1788 4430 190 36 subscription,
2004 4433 45 26 14s
2061 4440 6 26 ;

1435 4468 33 26 52
1480 4476 92 27 penny
1585 4470 112 35 stamps,
1710 4468 31 28 4s
1750 4468 35 28 4d
1799 4477 5 25 ;
1818 4470 33 28 I.V
1862 4469 74 34 inch,
1959 4473 28 26 at
2007 4470 60 36 Ifd,

1437 4498 109 37 lls*4M
1558 4514 6 25 ;
1577 4506 77 32 total,
1669 4507 38 28 1
1729 4508 30 27 9s
1780 4507 61 36 Bd.
1878 4508 28 28 It
1924 4508 23 29 is
1967 4510 84 36 impos-

1435 4544 66 28 sible
1513 4548 28 24 to
1554 4554 48 27 say
1614 4545 82 28 when
1709 4555 31 19 or
1752 4546 22 27 if
1784 4555 63 19 ever
1860 4557 38 18 we
1914 4547 97 29 should
2024 4553 43 32 get

1435 4582 47 28 the
1503 4584 33 27 30
1562 4583 52 28 bob
1639 4584 88 28 either
1755 4584 50 29 but
1834 4594 40 20 we
1905 4590 71 25 most
2006 4596 46 19 con-

1436 4623 182 35 tempteously
1640 4622 105 28 decline
1769 4627 29 24 to
1823 4623 134 29 advertise
1980 4625 87 36 quack

1436 4659 149 30 medicines
1605 4663 28 27 at
1656 4670 52 20 one
1729 4671 92 27 penny
1845 4662 222 39 three-farthings

1435 4708 36 17 an
1484 4699 156 27 inchNot
1653 4700 93 26 much.

1471 4743 44 29 Mr
1530 4743 81 30 Allan
1633 4744 84 36 Scott,
1739 4745 63 29 who
1823 4745 55 30 will
1901 4749 45 27 act
1966 4756 30 20 as
2022 4747 46 30 the

1436 4785 213 33 representative
1670 4784 31 27 of
1721 4785 46 27 the
1794 4785 126 28 Midland
1945 4786 123 36 Kailway

1436 4820 143 38 Company
1592 4831 36 19 on
1640 4831 16 19 a
1669 4822 84 28 board
1767 4822 29 28 of
1817 4823 94 29 advice
1924 4827 27 25 at
1963 4824 87 30 Christ-

1436 4860 112 34 church,
1562 4865 83 24 states
1668 4862 61 27 that
1749 4862 47 27 the
1817 4872 96 19 reason
1935 4863 63 36 why
2022 4865 46 27 the

1436 4901 121 25 contract
1565 4899 42 27 for
1617 4902 103 33 twenty
1729 4900 78 27 miles
1814 4900 69 28 from
1893 4901 173 28 Brunnerton

1436 4947 55 21 was
1504 4936 37 32 let
1549 4949 56 20 was
1615 4937 113 32 because
1741 4938 34 31 he
1795 4938 54 31 had
1862 4940 46 31 the
1930 4941 77 37 plans
2028 4940 42 31 for

1436 4978 61 26 that
1509 4980 106 31 portion
1629 4979 30 25 of
1669 4978 43 26 the
1725 4980 55 25 line
1794 4980 65 26 with
1873 4980 28 26 hi
1904 4990 27 16 in
1944 4981 27 25 in
1994 4982 54 31 Eng-

1435 5013 74 34 land,
1523 5014 54 28 and
1592 5014 46 29 the
1649 5015 65 28 time
1737 5015 80 28 when
1836 5016 134 28 '150.003
1993 5019 74 25 must

1435 5052 33 28 be
1482 5057 79 31 spent
1574 5063 35 17 on
1622 5053 46 28 the
1689 5054 73 27 work
1784 5064 56 17 was
1860 5055 123 35 drawing
2003 5060 28 23 to
2054 5066 15 17 a

1436 5090 79 29 close.
1553 5091 44 28 He
1610 5091 23 28 is
1645 5091 150 28 instructed
1808 5095 28 25 to
1850 5092 80 29 make
1944 5102 107 28 arrange-

1437 5135 76 22 ment
1527 5131 39 27 for
1579 5131 104 35 getting
1697 5132 87 27 under
1804 5142 62 25 way
1888 5133 46 27 the
1955 5133 68 28 ends
2043 5133 30 28 of

1437 5168 46 26 the
1496 5168 55 26 line
1565 5174 28 20 at
1603 5169 102 25 Nelson
1726 5169 53 26 and
1803 5170 171 34 Springfield.
2011 5171 58 26 The

1438 5205 143 37 Company
1591 5211 92 32 expect
1697 5209 27 26 to
1744 5206 68 29 have
1837 5207 46 29 tho
1907 5208 84 29 wlwle
2013 5208 55 29 line

1437 5244 116 28 finished
1566 5245 37 34 jin
1626 5245 41 27 six
1691 5255 88 25 years.
1817 5246 77 35 They
1916 5248 69 27 have
2011 5252 57 28 not,

1440 5283 43 27 Mr
1493 5283 76 28 Scott
1581 5286 91 29 states,
1687 5283 45 28 the
1746 5283 123 36 slightest
1883 5285 135 29 intention
2041 5289 27 25 to

1436 5320 101 35 import
1549 5321 76 26 labor
1638 5330 28 18 so
1680 5321 64 35 long
1763 5331 30 18 as
1812 5323 135 27 sufficient
1965 5333 51 18 can
2037 5324 32 27 be

1438 5357 84 27 found
1534 5357 28 27 in
1575 5358 46 27 the
1634 5357 104 37 Colony
1752 5363 25 22 to
1803 5359 34 28 do
1857 5360 45 27 the
1924 5361 81 27 work.
2043 5361 27 27 It

1438 5396 23 28 is
1475 5396 56 28 also
1545 5396 71 28 their
1628 5396 135 29 intention
1788 5401 28 25 to
1839 5398 79 29 make
1939 5410 29 18 as
1986 5400 82 29 mnch

1439 5444 46 18 use
1498 5435 29 26 of
1536 5434 69 28 local
1619 5439 166 24 contractors
1798 5446 30 18 as
1842 5438 123 33 possible.

1472 5472 153 35 According
1638 5476 28 24 to
1684 5483 15 17 a
1713 5474 78 28 letter
1804 5475 107 28 written
1925 5476 35 36 by
1980 5486 35 18 an
2026 5476 44 28 old

1440 5511 117 26 resident
1570 5511 28 26 of
1610 5511 176 36 Invercargill
1800 5522 61 18 now
1875 5514 86 37 living
1973 5518 29 24 at
2023 5514 46 28 the

1440 5548 69 29 head
1530 5548 26 29 of
1578 5549 74 29 Lake
1671 5549 157 40 Wakatipu,
1842 5552 54 29 and
1911 5562 35 20 an
1969 5556 100 26 extract

1440 5588 69 27 from
1524 5589 88 27 which
1626 5591 23 26 is
1659 5590 79 32 given
1748 5591 28 26 in
1788 5601 15 17 a
1817 5592 152 28 Southland
1979 5603 91 25 paper,

1440 5625 46 26 the
1501 5625 90 26 writer
1603 5635 63 25 says
1680 5627 59 26 that
1759 5627 34 27 he
1807 5628 94 28 knows
1915 5639 15 18 a
1943 5630 50 27 few
2007 5639 63 17 men

1440 5662 62 29 who
1515 5662 69 29 have
1605 5664 68 29 been
1696 5669 27 25 to
1737 5665 46 28 the
1873 5667 61 36 Bay
1955 5667 115 33 district,

1440 5702 54 26 and
1512 5702 66 35 they
1592 5712 48 25 say
1661 5704 66 34 they
1740 5714 50 17 eau
1805 5705 80 28 make
1898 5707 70 26 from
1984 5708 38 26 'l
2043 5712 28 21 to

1440 5740 39 28 iJ4
1494 5749 47 27 per
1554 5740 74 28 week
1645 5741 29 27 in
1688 5742 94 36 nearly
1805 5752 54 26 any
1882 5744 84 36 place.
2012 5744 59 27 The

1442 5778 131 36 difficulty
1587 5779 49 28 has
1657 5780 101 37 always
1779 5781 67 28 been
1861 5785 26 25 to
1901 5792 90 20 secure
2005 5787 52 33 'pro-

1442 5818 109 25 visions.

2111 200 24 28 A
2148 201 209 35 correspondent
2377 201 109 34 writing
2503 202 70 27 from
2596 202 114 29 London

2077 247 63 26 says
2224 239 26 26 It
2287 239 98 26 almost
2416 240 63 26 took
2510 242 75 25 one's
2616 240 94 28 breath

2078 286 77 27 away
2169 280 26 25 to
2208 286 42 19 sec
2269 276 35 37 by
2319 276 45 29 the
2378 277 88 29 notice
2489 277 83 29 board
2587 278 58 29 that
2667 279 28 29 be-

2078 320 83 23 tween
2177 322 130 21 steamers
2321 315 54 27 and
2400 317 98 33 sailing
2515 319 98 25 vessels
2636 318 74 27 there

2077 361 45 19 are
2136 362 61 18 now
2211 352 75 36 ships
2308 352 122 34 engaged
2452 354 27 26 in
2495 353 45 28 the
2554 354 66 28 New
2647 355 48 28 Zea-

2078 391 64 28 land
2156 392 91 27 frozen
2261 395 75 24 meat
2357 391 76 29 trade
2447 392 110 36 capable
2573 393 29 28 of
2622 404 74 24 carry-

2078 432 46 30 ing
2134 431 112 30 830,000
2256 439 121 17 carcases
2388 430 6 26 !
2432 431 57 26 The
2499 430 123 28 busiuess
2632 433 78 30 done,

2078 467 64 27 both
2155 472 28 22 at
2197 467 45 26 the
2256 467 149 27 exhibition
2418 468 55 26 and
2488 469 26 26 in
2537 469 46 27 the
2597 470 64 35 city,
2676 470 35 30 by

2080 505 99 28 Messrs
2193 506 87 26 Fitter
2292 505 49 28 has
2355 507 30 26 of
2404 506 52 28 late
2470 506 67 28 been
2552 517 64 27 very
2629 508 81 28 brisk.

2079 544 13 27 I
2106 553 43 18 see
2163 544 59 27 that
2233 543 46 28 the
2293 545 86 34 prices
2393 548 29 24 at
2443 545 46 28 the
2511 549 101 25 former
2625 556 44 18 are
2682 557 30 17 as

2078 581 103 28 follows
2194 581 132 37 :Sheep
2342 583 123 33 (average
2481 584 99 33 weight
2600 585 61 27 GOlb
2684 590 28 23 to

2078 620 70 33 801b)
2237 620 101 35 perlb;
2359 620 200 37 hindqcarters,
2573 622 51 34 8J;
2644 624 53 27 fore-

2078 663 131 30 qnarters,
2223 658 70 32 skl;
2313 658 112 33 breasts,
2437 660 52 27 3*4
2500 668 7 25 ;
2526 660 88 28 lambs
2627 662 70 34 (aver-

2079 705 47 26 age
2152 696 101 35 weight
2277 696 61 28 301b
2367 700 27 24 to
2419 698 71 35 401b)
2518 698 52 35 B}d
2596 708 47 27 per
2669 700 43 33 lb;

2080 733 201 36 hindquarters,
2318 735 39 34 9f
2360 734 9 27 1
2385 743 6 25 ;
2440 736 191 37 forequarters,
2668 738 43 27 Cd.

2080 772 65 28 This
2157 773 24 27 is
2195 772 135 29 delivered
2347 773 52 29 free
2415 775 94 27 within
2525 785 15 18 a
2554 776 64 28 mile
2627 776 29 28 of
2667 776 46 29 the

2079 811 158 28 exhibition.

2115 859 43 27 Mr
2171 857 99 29 Brodie
2284 858 92 29 Hoare
2392 859 36 37 (of
2449 860 46 28 the
2510 859 106 30 famous
2629 860 66 29 bank-

2079 898 47 34 ing
2141 898 84 28 house
2238 897 30 28 of
2279 898 122 31 Barnett,
2418 899 101 32 Hoare,
2533 900 54 27 and
2601 900 110 35 Lloyds)

2078 936 90 27 leaves
2188 935 128 35 England
2341 945 35 18 on
2397 936 158 36 September
2574 939 32 26 25
2632 938 41 26 for
2698 948 15 18 a

2079 978 62 24 tour
2155 975 28 27 in
2198 973 65 29 New
2279 974 116 28 Zealand
2412 975 54 28 and
2483 975 46 29 the
2553 975 159 29 Australias.

2081 1013 43 26 He
2137 1012 100 27 travels
2250 1012 49 26 via
2312 1013 56 26 San
2382 1014 153 32 Francisco,
2548 1015 53 25 aud
2616 1015 53 26 will
2682 1015 31 26 be

2080 1048 195 37 accompanied
2288 1049 35 36 by
2339 1049 58 28 Mrs
2411 1050 101 28 Hoare.

2115 1097 58 29 One
2198 1097 30 29 of
2252 1097 46 28 the
2324 1098 151 28 anomalies
2500 1098 29 28 in
2554 1098 160 29 connection

2081 1135 66 29 with
2167 1135 46 29 the
2232 1135 123 38 working
2373 1138 26 26 of
2425 1136 47 29 the
2496 1136 87 38 police
2608 1137 90 37 depart-

2081 1178 85 29 ment,
2181 1174 41 28 for
2235 1174 89 27 which
2340 1175 108 34 nobody
2462 1185 88 18 seems
2568 1180 28 24 to
2610 1176 31 27 be
2655 1176 60 28 able

2082 1216 26 25 to
2121 1213 90 36 assign
2226 1221 55 27 any
2300 1221 106 23 reason,
2420 1213 22 28 is
2455 1213 60 28 that
2539 1213 30 28 of
2587 1215 111 36 compell-

2081 1251 47 35 ing
2146 1250 153 29 constables
2317 1255 28 24 to
2364 1251 153 37 invariably
2543 1253 76 28 write
2644 1253 72 28 their

2080 1294 105 32 reports
2204 1294 28 24 to
2251 1291 122 35 superior
2391 1290 105 29 officers
2520 1291 29 28 in
2574 1292 46 29 the
2642 1293 72 28 third

2082 1337 106 27 person.
2226 1328 48 28 We
2290 1329 86 35 (Post)
2391 1330 168 27 understand
2572 1331 61 27 that
2656 1340 60 18 new

2082 1366 166 37 regulations
2261 1376 45 19 are
2329 1367 82 29 about
2433 1371 28 25 to
2483 1367 33 29 bo
2530 1368 114 34 framed,
2658 1378 42 27 pre-

2082 1409 127 32 paratory
2223 1410 26 22 to
2267 1405 125 37 bringing
2405 1406 46 28 the
2462 1415 60 19 new
2532 1407 90 29 Police
2634 1408 83 28 Force

2081 1443 52 30 Act
2154 1443 59 30 into
2227 1445 150 36 operation,
2392 1444 54 30 and
2467 1455 16 19 a
2497 1454 64 28 very
2584 1445 132 31 desirable

2081 1483 201 34 improvement
2301 1483 89 27 would
2410 1483 32 27 be
2456 1484 59 26 that
2529 1485 30 25 of
2575 1485 142 34 providing

2084 1519 59 28 that
2155 1519 36 28 all
2214 1519 68 28 such
2306 1524 105 33 reports
2424 1520 99 29 should
2544 1521 32 28 be
2597 1522 120 27 couched

2083 1558 28 28 in
2125 1557 45 29 the
2183 1557 59 30 first
2260 1568 107 27 person.
2406 1558 60 30 The
2481 1564 108 32 present
2612 1566 103 31 system

2084 1597 22 26 is
2128 1596 35 36 by
2177 1606 36 17 no
2235 1606 96 18 means
2350 1597 149 28 conducive
2520 1602 28 23 to
2571 1599 144 32 clearness,

2084 1634 54 29 and
2157 1634 167 35 sometimes,
2336 1636 29 28 in
2385 1636 47 29 the
2453 1646 61 19 case
2538 1636 29 29 of
2588 1636 128 30 illiterate

2084 1682 73 23 men,
2171 1673 75 28 leads
2268 1677 28 25 to
2310 1674 122 28 absolute
2453 1675 149 32 confusion,
2618 1685 28 19 so
2659 1676 60 28 that

2084 1711 46 29 the
2143 1711 105 36 change
2261 1712 91 28 would
2372 1712 32 30 be
2418 1713 129 29 welcome
2561 1717 27 25 to
2602 1713 36 29 all
2661 1723 42 29 per-

2084 1759 64 18 sous
2161 1751 149 27 connected
2324 1751 66 27 with
2404 1751 47 28 the
2465 1752 183 35 department.

2118 1795 99 39 Young
2228 1805 75 26 men,
2315 1796 62 30 take
2390 1796 67 31 heed
2470 1798 6 29 !
2514 1798 40 30 Be
2576 1798 87 36 single
2684 1808 35 21 no

2085 1836 102 37 longer.
2224 1837 29 27 If
2260 1846 55 27 you
2337 1839 74 27 can't
2423 1843 46 31 get
2490 1848 15 19 a
2526 1839 126 28 charmer
2672 1844 50 25 out

2084 1874 29 27 in
2143 1874 56 28 this
2228 1879 122 32 country,
2381 1876 66 27 send
2478 1877 102 33 Home,
2612 1881 27 23 to
2670 1878 47 27 the

2085 1914 16 14 11
2112 1912 188 29 Matrimonial
2323 1915 112 36 Agency
2523 1918 53 26 two
2597 1914 124 38 shillings

2084 1951 54 27 and
2152 1961 16 17 a
2180 1951 85 35 photo
2278 1952 85 35 ought
2376 1956 28 24 to
2417 1952 73 28 fetch
2505 1952 57 28 her.

2120 1997 79 29 Peter
2221 1996 201 37 Wetherstone,
2446 1999 46 29 the
2517 1999 152 30 discoverer
2693 2000 30 29 of

2086 2036 214 29 Wetherstone's
2320 2038 93 35 Gully,
2437 2039 97 35 Otago,
2554 2039 49 28 has
2620 2039 62 28 died
2695 2044 28 23 at

2085 2074 47 26 the
2145 2074 130 26 Dunedin
2288 2075 138 36 Hospital.

2120 2120 88 29 There
2218 2120 69 29 have
2301 2121 68 28 been
2389 2122 103 29 sevoral
2515 2123 150 36 important
2684 2124 25 29 al-

2086 2158 84 29 luvial
2191 2159 63 37 gold
2275 2159 72 29 finds
2369 2160 122 30 between
2515 2159 133 32 Hokitika
2669 2163 54 28 and

2086 2198 125 27 Arahura
2224 2199 84 27 rivers
2318 2199 99 35 during
2428 2199 45 29 the
2482 2201 51 27 last
2546 2201 72 27 week
2629 2211 30 18 or
2672 2211 39 18 so.

2123 2243 58 28 The
2195 2243 90 29 Mines
2298 2244 181 38 Department
2492 2246 50 28 has
2554 2247 109 29 written
2683 2258 27 19 re-

2089 2283 91 38 fusing
2193 2283 44 29 aid
2250 2288 28 25 to
2291 2284 141 30 introduce
2446 2286 155 37 appliances
2613 2287 42 30 for
2677 2288 46 30 the

2089 2323 146 26 successful
2247 2325 148 26 treatment
2409 2325 30 26 of
2448 2325 149 34 refractory
2610 2335 59 18 ores
2682 2327 41 27 for

2088 2358 63 35 gold
2164 2358 54 29 and
2232 2359 90 29 silver.

2123 2406 125 29 Ridicule
2270 2407 24 29 is
2313 2417 16 19 a
2351 2408 108 30 terrible
2479 2419 101 27 power.
2628 2411 27 29 It
2674 2412 51 29 has

2086 2444 84 28 killed
2206 2446 44 26 Mr
2283 2446 172 36 Holloway's
2491 2453 138 32 prospects
2650 2450 31 28 of
2709 2460 16 18 a

2087 2483 164 37 baronetage
2279 2484 101 36 (writes
2408 2485 47 28 the
2481 2486 115 29 London
2623 2497 86 19 corres-

2087 2521 124 35 pondent
2224 2521 30 28 of
2264 2523 46 26 the
2325 2523 111 35 Sydney
2449 2524 134 36 Morning
2595 2526 129 34 Herald).

2089 2558 57 29 The
2160 2563 70 26 trust
2250 2560 30 28 of
2300 2560 46 29 the
2402 2561 54 29 late
2478 2563 135 37 professor
2677 2564 49 30 has

2088 2599 68 27 been
2187 2600 105 27 carried
2317 2603 47 24 out
2396 2602 215 35 magnificently.
2667 2604 58 27 The

2089 2636 115 35 colleges
2217 2636 55 28 and
2287 2638 169 27 sanatorium
2470 2638 69 28 built
2552 2640 67 27 with
2642 2641 83 26 much

2089 2674 26 29 of
2128 2674 46 30 the
2188 2675 73 36 large
2274 2674 109 32 fortune
2396 2676 30 30 of
2454 2676 46 30 the
2523 2677 129 30 deceased
2667 2679 46 37 pill-

2090 2713 95 28 maker
2209 2723 45 19 are
2281 2724 102 25 among
2408 2725 50 17 our
2485 2715 81 29 finest
2590 2717 137 35 buildings

2089 2751 53 28 and
2162 2755 49 25 not
2225 2751 44 29 the
2292 2751 69 29 least
2383 2752 30 28 of
2434 2761 50 19 our
2505 2753 164 30 benevolent
2686 2764 27 19 in-

2089 2789 151 29 stitutions.
2277 2790 58 29 The
2355 2791 95 35 Queen
2478 2791 50 29 has
2548 2793 180 34 inaugurated

2089 2827 86 33 them,
2189 2828 55 28 and
2258 2827 44 29 Mr
2315 2829 147 37 Hollowly
2475 2840 56 18 was
2552 2831 44 28 led
2623 2831 36 36 by
2682 2832 46 28 the

2089 2873 77 29 ples
2179 2866 54 29 and
2246 2866 43 29 his
2301 2866 159 31 immediate
2473 2868 79 29 circle
2577 2869 30 30 of
2625 2870 103 29 friends

2091 2909 27 23 to
2131 2910 96 30 expect
2239 2906 103 27 certain
2366 2906 78 35 royal
2464 2906 131 33 honours,
2619 2907 107 28 besides

2091 2941 77 30 those
2180 2942 30 28 of
2219 2942 47 29 the
2279 2942 124 38 Queenly
2416 2953 127 28 presence
2555 2948 29 26 at
2608 2946 120 36 Egham.

2091 2980 57 29 But
2167 2981 173 36 journalistic
2371 2982 142 28 scribblers
2538 2986 54 26 and
2623 2985 105 36 gossips

2092 3019 69 28 have
2173 3019 155 29 christened
2341 3019 43 29 his
2397 3021 103 36 college
2546 3021 57 29 The
2612 3022 117 37 pilleries

2091 3057 54 28 and
2159 3057 41 28 for
2213 3059 47 27 the
2282 3064 110 30 present
2414 3059 44 28 Mr
2483 3059 147 37 Holloway
2652 3066 77 22 must

2092 3094 32 28 be
2138 3099 111 24 content
2263 3099 26 25 to
2303 3095 32 28 be
2354 3096 73 36 plain
2638 3099 91 28 unless

2094 3134 33 27 he
2147 3133 112 29 chooses
2281 3138 28 25 to
2331 3134 54 29 club
2408 3135 114 28 himself

2093 3183 29 18 as
2153 3174 46 27 the
2223 3174 115 36 original
2361 3175 99 28 author
2482 3176 29 27 of
2562 3176 47 29 the
2632 3177 80 27 world-

2093 3210 91 28 famed
2197 3212 63 35 pills
2273 3212 55 27 and
2338 3212 137 28 ointment
2526 3213 56 28 did.

2128 3259 73 30 Lord
2215 3259 121 31 William
2348 3261 143 31 Beresford
2503 3262 50 30 has
2566 3262 85 38 lately
2663 3262 67 31 been

2094 3299 195 29 instrumental
2303 3301 27 27 in
2345 3301 96 36 saving
2455 3302 78 36 Lady
2557 3302 124 28 Dufferin
2703 3307 27 24 at

2095 3337 86 28 Simla
2190 3337 71 28 from
2276 3348 15 18 a
2298 3339 108 28 terrible
2417 3339 130 29 accident.
2584 3341 59 27 Her
2655 3341 60 36 lady-

2094 3375 60 37 ship
2169 3386 54 18 was
2236 3376 109 36 driving
2357 3388 36 18 on
2406 3379 46 28 the
2469 3379 66 28 Mall
2549 3379 85 33 there,
2648 3380 80 28 when

2096 3415 47 27 her
2155 3424 74 28 pony
2243 3415 65 28 took
2321 3416 92 36 fright,
2428 3417 54 28 and
2502 3417 90 28 bolted
2614 3418 39 27 off
2672 3422 28 24 at
2714 3428 15 18 a

2094 3452 103 30 furious
2227 3462 75 28 pace.
2356 3456 140 36 Attempts
2527 3461 27 24 to
2591 3459 60 34 stop
2683 3457 46 28 the

2094 3491 103 28 animal
2209 3502 69 18 were
2287 3493 80 28 made
2378 3494 29 27 in
2415 3495 71 27 vain.
2524 3495 72 28 Lord
2609 3495 121 28 William

2095 3529 152 33 Beresford,
2261 3531 110 34 passing
2383 3531 36 36 by
2441 3532 111 33 chance,
2580 3532 104 28 dashed
2704 3536 26 25 at

2095 3567 46 29 the
2154 3577 139 28 runaway,
2315 3569 55 29 and
2395 3569 46 30 the
2465 3570 63 30 hero
2552 3570 31 30 of
2602 3572 46 30 the
2662 3572 68 28 Zulu

2097 3616 53 18 war
2163 3608 156 35 eventually
2336 3609 146 27 succeeded
2496 3610 29 27 in
2538 3612 128 34 stopping
2686 3610 44 28 the

2094 3643 80 28 horse
2188 3644 35 36 by
2237 3645 109 36 leaping
2369 3655 74 27 upon
2465 3647 22 28 it
2511 3647 72 28 from
2603 3649 43 27 his
2670 3657 60 19 own

2095 3682 112 33 animal,
2221 3683 55 27 and
2289 3683 64 28 thus
2366 3684 126 37 rescuing
2505 3685 78 37 Lady
2604 3685 126 29 Dufferin

2096 3720 68 28 from
2177 3721 145 28 imminent
2335 3722 76 35 peril.

2244 3813 154 30 FERN
2453 3816 166 28 FLAT.

2168 3897 84 37 (from
2266 3906 55 21 our
2334 3908 61 20 own
2409 3903 253 36 correspondent).

2132 3978 79 29 Since
2225 3988 54 28 you
2291 3979 54 31 last
2359 3981 85 30 heard
2456 3984 70 28 from
2550 3993 44 20 me
2607 3994 41 18 we
2661 3984 69 30 have

2096 4017 67 28 been
2188 4019 105 28 treated
2312 4024 28 24 to
2359 4030 76 19 more
2462 4022 68 28 than
2555 4033 16 17 a
2597 4023 133 29 sufficient

2096 4056 99 36 supply
2202 4056 30 28 of
2242 4057 46 28 the
2336 4059 123 36 weeping
2471 4061 71 27 tears
2552 4061 31 28 of

2096 4094 62 33 Yes,
2181 4094 61 30 that
2265 4096 87 36 liquid
2377 4098 118 28 element
2517 4099 51 28 has
2590 4099 68 28 been
2683 4101 46 28 the

2096 4132 191 35 predominant
2298 4135 103 27 feature
2416 4136 73 33 here,
2503 4137 55 27 and
2571 4148 16 17 a
2601 4138 55 27 real
2674 4139 54 27 fine

2096 4171 54 36 day
2173 4171 24 28 is
2209 4171 84 30 about
2316 4182 29 19 as
2368 4173 104 30 seldom
2494 4174 136 31 bestowed
2653 4186 74 28 upon

2096 4219 31 18 us
2138 4219 29 18 as
2176 4220 15 17 a
2200 4211 107 28 miser's
2315 4212 112 35 shilling
2437 4217 73 29 to.an
2521 4215 208 37 eleemosynary

2095 4247 150 26 collection.

2129 4284 43 29 On
2186 4285 46 29 the
2244 4285 60 30 21st
2316 4285 31 30 of
2357 4286 54 31 this
2424 4289 96 29 month
2535 4289 75 30 there
2624 4290 57 29 will
2697 4290 33 30 be

2095 4334 35 17 an
2143 4325 79 35 equal
2235 4325 174 30 distribution
2422 4328 31 28 of
2462 4328 67 29 time
2542 4329 120 29 between
2674 4331 54 36 day

2096 4362 54 28 and
2164 4363 78 35 night
2255 4374 29 17 as
2297 4365 22 27 it
2329 4365 23 28 is
2365 4365 46 29 the
2425 4376 96 19 season
2535 4368 29 29 of
2575 4368 46 29 the
2634 4369 94 28 vernal

2095 4402 126 34 equinox,
2244 4402 54 28 and
2319 4403 70 28 from
2415 4405 61 28 that
2499 4405 63 28 date
2586 4407 41 27 for
2653 4407 78 28 three

2095 4439 112 27 months
2220 4439 45 27 his
2277 4440 118 28 lustrous
2404 4442 117 36 majesty
2531 4444 56 27 will
2601 4445 128 27 continue

2095 4480 29 33 to,
2135 4478 121 27 increase
2266 4478 46 28 the
2324 4479 93 34 length
2430 4482 30 28 of
2471 4481 43 29 his
2526 4482 109 29 diurnal
2655 4483 75 28 visits

2095 4515 28 29 in
2138 4516 44 29 the
2197 4517 137 29 Southern
2346 4518 193 38 Hemisphere,
2549 4529 30 20 so
2591 4531 38 19 we
2643 4522 87 35 ought

2095 4555 106 36 shortly
2213 4558 28 26 to
2260 4555 71 30 have
2343 4556 88 30 better
2443 4558 55 28 and
2518 4559 72 29 drier
2602 4560 81 29 times
2705 4561 27 29 of

2095 4593 21 29 it
2129 4603 69 18 now.

2130 4632 226 38 12th.To-day,
2382 4633 41 29 for
2444 4644 16 19 a
2479 4635 113 37 change,
2618 4645 42 20 we
2685 4646 46 19 are

2095 4669 130 30 favoured
2244 4672 65 28 with
2335 4682 15 19 a
2369 4672 52 29 fair
2439 4674 124 37 example
2582 4675 32 29 of
2636 4686 94 27 spring

2095 4709 128 31 weather,
2237 4709 49 28 but
2309 4711 15 25 I
2347 4712 57 26 fear
2426 4712 60 27 that
2506 4722 50 17 our
2575 4719 76 27 great
2671 4716 44 25 uni-

2095 4746 88 28 versal
2205 4745 55 29 and
2280 4747 118 36 hygeian
2412 4748 156 30 benefactor
2586 4751 57 28 will
2662 4761 68 19 soon

2096 4785 73 27 draw
2182 4785 47 27 the
2242 4784 89 29 blinds
2343 4787 55 27 and
2412 4789 121 26 curtains
2546 4790 53 28 and
2615 4790 111 35 deprive

2096 4831 31 19 us
2140 4823 29 28 of
2179 4822 43 29 his
2234 4823 183 38 exhilarating
2429 4825 118 29 warmth
2561 4826 40 29 for
2610 4827 120 38 perhaps

2096 4861 115 29 another
2223 4862 84 29 week.

2130 4899 57 28 The
2209 4908 95 19 season
2328 4901 24 27 is
2376 4910 65 26 very
2465 4902 198 29 unfavourable
2688 4904 41 27 for

2095 4938 113 31 farmers
2222 4938 63 32 here
2301 4938 63 40 (and
2377 4938 35 40 by
2426 4939 36 32 all
2476 4946 129 27 accounts
2616 4953 72 20 more
2700 4953 29 21 so

2096 4978 27 27 in
2138 4979 110 33 Nelson)
2260 4979 62 27 who
2343 4979 70 27 have
2427 4985 27 22 to
2473 4982 72 25 avail
2567 4983 164 26 themselves

2096 5014 30 28 of
2143 5023 83 28 every
2239 5015 176 37 opportunity
2429 5016 60 28 that
2514 5017 79 29 offers
2604 5018 81 32 itself,
2700 5019 28 28 in

2096 5054 46 26 the
2154 5054 84 35 shape
2251 5054 30 28 of
2300 5064 16 18 a
2329 5054 54 28 fine
2401 5054 62 37 day,
2476 5059 28 25 to
2528 5058 115 34 proceed
2663 5058 67 27 with

2096 5091 46 28 the
2155 5092 138 36 cropping.

2131 5131 70 28 Fern
2216 5132 62 27 Fiat
2290 5133 22 26 is
2326 5131 150 36 beginning
2488 5136 27 25 to
2528 5138 108 31 present
2655 5135 76 36 quite

2096 5177 15 18 a
2123 5168 125 36 pleasing
2268 5173 100 31 aspect.
2415 5171 102 26 Nature
2540 5173 22 24 is
2582 5172 149 33 bestowing

2096 5207 34 28 its
2155 5206 114 29 benefits
2289 5216 73 28 upon
2393 5207 46 29 the
2470 5209 81 28 cattle
2582 5209 41 29 far
2655 5219 76 20 more

2096 5246 155 35 effectually
2262 5246 67 28 than
2342 5246 36 28 all
2392 5256 51 19 our
2455 5256 60 19 care
2529 5249 53 26 and
2595 5250 136 27 attention

2096 5284 80 28 could
2195 5284 53 31 do;
2267 5284 47 28 the
2332 5293 76 25 grass
2427 5285 49 28 has
2496 5295 61 19 now
2576 5291 46 29 got
2640 5296 16 19 a
2680 5287 51 28 fair

2097 5326 67 23 start
2189 5322 28 26 in
2241 5323 36 26 its
2295 5323 94 34 spring
2406 5324 116 33 growth,
2540 5325 92 27 which
2657 5326 74 33 gives

2097 5359 162 36 everything
2272 5360 103 27 around
2389 5369 31 19 us
2434 5370 15 18 a
2461 5370 75 18 more
2547 5362 122 28 cheerful
2684 5372 30 26 ap-

2098 5408 131 27 pearance
2243 5397 67 30 than
2324 5409 39 18 we
2386 5399 69 29 have
2468 5400 115 37 enjoyed
2603 5401 41 28 for
2657 5411 74 19 some

2100 5437 109 27 months
2223 5442 68 31 past.

2132 5475 58 27 The
2215 5475 51 28 few
2284 5475 66 28 fruit
2370 5479 71 25 trees
2459 5476 61 28 that
2538 5486 45 19 are
2603 5477 63 28 here
2686 5488 44 19 are

2100 5512 145 36 beginning
2267 5516 28 24 to
2317 5514 106 36 display
2444 5515 73 34 signs
2542 5515 30 28 of
2594 5525 36 18 an
2655 5517 75 36 early

2097 5550 74 39 yield
2184 5551 55 29 this
2251 5561 131 20 summer.
2420 5552 28 31 It
2461 5562 88 21 seems
2562 5564 15 19 a
2590 5556 60 36 pity
2670 5555 60 30 that

2099 5591 45 27 the
2158 5592 104 26 culture
2276 5592 29 26 of
2319 5592 65 28 fruit
2397 5596 69 24 trees
2481 5593 62 28 does
2557 5600 49 22 not
2627 5597 103 25 receive

2100 5637 73 17 more
2186 5629 134 26 attention
2334 5629 72 31 here,
2420 5630 144 36 especially
2576 5641 30 17 as
2621 5632 44 27 the
2683 5633 49 26 soil

2098 5675 89 19 seems
2203 5675 29 19 so
2251 5667 141 33 congenial
2412 5672 27 25 to
2458 5668 72 29 their
2547 5670 115 35 growth.
2709 5671 23 27 A

2098 5705 69 33 good
2181 5706 97 34 supply
2292 5706 30 26 of
2338 5707 72 26 fresh
2425 5708 69 27 local
2511 5708 65 28 fruit
2589 5709 90 27 would
2701 5709 31 27 be

2100 5752 15 18 a
2128 5745 69 25 treat
2211 5748 26 23 to
2249 5752 86 29 many
2347 5754 35 17 on
2396 5745 53 27 this
2462 5750 60 31 part
2536 5746 29 27 of
2583 5746 45 28 the
2643 5747 89 33 Coast,

2099 5781 79 35 Lyell
2197 5782 54 27 and
2272 5781 145 37 Westport,
2432 5785 61 26 who
2513 5785 69 27 have
2601 5795 28 16 as
2643 5795 15 18 a
2677 5787 55 26 rule

2100 5826 28 22 to
2150 5820 97 33 satisfy
2268 5821 165 30 themselves
2459 5823 65 27 with
2551 5823 46 28 the
2623 5823 109 29 inferior

2742 205 125 35 qualities
2880 205 128 30 obtained
3031 207 69 26 from
3116 207 100 27 Nelson
3232 205 53 28 ami
3307 206 52 27 else-

2742 244 98 26 where.
2890 244 113 33 Nelson,
3050 245 45 26 the
3128 244 99 34 garden
3254 244 30 26 of
3306 244 68 26 New

2742 281 120 30 Zealand
2908 292 29 19 as
2959 283 21 28 it
3002 282 22 28 is
3044 282 95 33 called,
3160 281 132 37 certainly
3313 291 45 28 pro-

2739 320 81 28 duces
2852 322 125 34 splendid
3006 321 75 34 fruit,
3105 322 48 28 but
3178 322 47 26 the
3253 321 122 34 superior

2741 358 126 35 qualities
2879 358 103 37 always
2994 358 58 28 find
3065 368 16 18 a
3093 358 108 28 market
3224 358 28 27 in
3271 358 102 28 Nelson

2741 397 80 32 itself,
2836 397 53 28 and
2903 398 88 35 rarely
3013 397 58 29 find
3085 398 70 28 their
3169 407 62 26 way
3243 397 80 28 down
3346 400 29 24 to

2740 435 45 27 the
2806 436 91 27 Coast.
2935 436 14 27 I
2963 436 79 27 think
3062 436 66 27 fruit
3147 445 65 26 may
3224 435 33 27 be
3281 444 93 26 grown

2741 472 73 34 here,
2829 473 23 28 if
2862 477 47 24 not
2921 474 79 36 equal
3014 478 38 30 to,
3066 483 66 27 very
3144 474 70 28 little
3222 473 113 28 inferior
3346 477 29 23 to

2740 512 61 27 that
2823 512 96 36 picked
2940 512 69 29 from
3025 513 46 28 the
3085 522 91 27 sunny
3197 512 130 29 orchards
3347 511 31 28 of

2742 550 112 28 Nelson.
2891 552 23 26 A
2932 549 51 29 fair
2996 552 61 27 trial
3070 556 28 23 at
3119 552 69 27 least
3201 551 89 28 would
3311 551 63 35 give

2741 597 15 19 a
2769 588 51 27 fair
2832 588 100 28 denial.

2776 626 161 28 13th.one
2951 626 74 29 word
3044 626 90 30 before
3151 627 14 28 I
3185 627 140 32 conclude,
3346 626 28 28 in

2740 663 110 29 defence
2874 670 27 22 ot
2925 665 88 36 poetic
3035 666 101 36 spring,
3158 666 31 27 of
3211 666 55 28 late
3290 665 84 28 much

2741 703 133 28 criticised
2883 703 54 28 and
2946 706 101 33 watery
3058 703 104 36 though
3172 705 87 27 useful
3269 712 105 19 season.

2742 741 21 26 A
2788 745 73 24 most
2882 740 131 29 beautiful
3033 751 89 24 scene,
3140 752 16 18 a
3177 750 151 29 panorama
3349 741 29 27 of

2740 788 48 27 per
2793 780 95 28 lection
2902 779 143 30 illumined
3055 780 36 38 by
3105 781 46 28 the
3161 781 120 28 ethereal
3293 790 82 24 green

2741 818 29 26 of
2790 818 88 33 night,
2899 819 125 28 succeeds
3047 828 16 19 a
3087 819 54 34 day
3163 819 160 34 brightened
3341 818 36 36 by

2741 854 46 29 the
2819 856 111 37 shining
2960 857 30 29 of
3017 857 46 29 the
3093 866 53 20 sua
3175 866 37 20 on
3241 856 80 30 fields
3348 856 30 29 of

2741 894 120 28 emerald
2877 895 122 29 verdure.

2742 945 93 34 Come,
2860 947 90 34 gentle
2977 947 108 38 Spring,
3109 957 40 19 we
3174 947 130 29 welcome
3327 946 50 37 thy

2810 990 112 30 return;

2777 1022 39 26 To
2829 1023 118 35 gladden
2970 1024 102 32 hearts,
3085 1033 31 18 as
3134 1025 69 27 thou
3224 1025 63 26 hast
3308 1024 70 27 done

2812 1060 28 28 of
2851 1060 44 29 old
2906 1061 6 28 I

2743 1098 58 28 The
2817 1099 123 29 .lormant
2953 1100 104 29 flowers
3069 1101 42 28 for
3123 1101 50 37 thy
3187 1101 51 28 fair
3250 1110 128 28 presence

2812 1147 102 27 yearn;

2779 1176 60 35 Thy
2852 1177 137 34 verdancy
3001 1178 23 26 is
3038 1178 118 31 glorious
3170 1181 27 25 to
3210 1178 99 28 behold
3318 1177 6 28 1

2861 1264 193 34 REEFTON
3083 1265 173 33 LETTER.

2808 1350 84 37 (from
2911 1359 55 21 our
2984 1359 63 21 own
3064 1354 256 34 correspondent.)

2933 1451 183 39 Wednesday,
3131 1454 160 37 September
3304 1455 42 29 15.

2783 1499 58 28 The
2854 1500 71 27 head
2938 1500 30 27 of
2979 1501 113 35 Murray
3104 1501 87 27 Creek
3210 1501 24 27 is
3246 1505 49 24 not
3315 1510 67 26 very

2749 1536 82 38 lively
2855 1547 71 26 now,
2949 1537 40 30 for
3013 1538 105 30 besides
3141 1538 48 30 the
3216 1538 165 38 Inglewood,

2748 1576 91 28 which
2864 1576 105 35 though
3000 1582 48 22 not
3072 1578 107 35 exactly
3203 1578 54 28 idle
3280 1578 102 34 having

2747 1617 54 25 two
2814 1614 97 28 tnnnel
2923 1619 137 24 contracts
3078 1615 89 28 under
3178 1623 70 30 way,
3261 1616 76 28 there
3360 1617 22 27 is

2747 1652 46 29 the
2809 1653 116 28 Phoenix
2937 1653 55 28 and
3005 1653 57 29 also
3074 1653 47 29 the
3132 1654 106 28 Golden
3249 1655 132 27 Treasure

2747 1690 55 28 laid
2815 1699 37 28 up
2874 1691 29 27 in
2923 1691 138 36 ordinary,
3074 1691 65 28 both
3161 1692 96 28 claims
3280 1693 104 35 having

2747 1729 108 29 created
2868 1739 16 19 a
2897 1734 137 25 sensation
3057 1730 29 29 in
3099 1730 72 30 their
3183 1730 64 38 day,
3260 1731 50 29 but
3332 1741 32 18 un-

2747 1767 166 35 fortunately
2933 1769 23 26 it
2978 1768 81 27 could
3078 1772 49 23 not
3148 1769 32 26 be
3200 1770 182 27 maintained.

2748 1804 34 30 In
2801 1804 47 30 the
2871 1804 115 31 Phoenix
3005 1805 76 31 there
3099 1806 24 29 is
3146 1816 17 19 a
3186 1806 146 31 likelieood
3357 1806 30 30 of

2747 1844 75 29 work
2832 1845 81 37 being
2925 1846 127 28 resumed
3065 1847 115 35 shortly,
3191 1847 35 35 by
3248 1851 120 33 prospect-

2748 1882 49 35 ing
2820 1886 29 24 to
2873 1883 47 27 the
2944 1884 80 28 south
3048 1884 117 28 towards
3188 1885 48 27 the
3260 1885 122 28 Victoria

2748 1920 114 34 ground.
2916 1921 25 28 A
2976 1922 107 35 portion
3120 1921 31 30 of
3186 1922 47 29 the
3276 1923 107 28 Golden

2749 1958 131 29 Treasure
2909 1959 57 28 will
2993 1959 133 36 probably
3155 1960 32 28 be
3217 1961 102 28 offered
3348 1971 36 18 on

2749 1995 99 30 tribute
2873 1995 100 30 should
2996 1997 47 30 the
3062 2006 138 29 company
3224 1997 95 31 decide
3349 2008 35 20 on

2750 2039 48 24 not
2810 2036 140 36 resuming
2961 2036 76 28 work
3050 2036 173 29 themselves.

2784 2072 108 36 During
2904 2074 45 26 the
2963 2077 61 32 past
3035 2074 98 27 winter
3153 2075 48 27 the
3214 2075 59 27 coal
3298 2074 89 28 mines

2751 2115 28 22 at
2803 2110 46 28 the
2868 2110 71 28 head
2958 2110 30 29 of
3004 2110 112 39 Murray
3136 2112 86 28 Creek
3241 2112 69 30 have
3331 2113 40 27 fur-

2750 2148 97 28 nished
2872 2149 96 37 nearly
2986 2150 36 28 all
3041 2150 48 28 the
3107 2150 60 29 coal
3186 2151 151 29 consumed
3356 2151 28 28 in

2751 2187 115 28 Reefton
2875 2188 55 28 and
2939 2189 233 33 neighbourhood.
3212 2189 42 28 Its
3260 2190 127 36 qualities

2751 2234 29 17 as
2793 2234 15 17 a
2822 2225 131 28 domestic
2977 2226 55 27 fuel
3053 2231 103 23 cannot
3175 2227 33 27 be
3233 2228 153 35 surpassed,

2751 2262 54 29 and
2824 2262 130 31 numbers
2973 2263 30 30 of
3024 2267 62 27 tons
3108 2263 70 31 have
3203 2264 85 31 found
3314 2265 73 30 their

2751 2312 24 18 w
2793 2312 19 25 y
2826 2312 69 19 even
2907 2307 29 24 to
2950 2303 182 36 Greymouth,
3145 2305 91 28 where
3248 2305 72 28 from
3341 2305 46 28 the

2751 2339 120 34 glowing
2883 2344 130 24 accounts
3021 2350 40 18 we
3073 2342 65 26 read
3151 2342 30 26 of
3191 2343 29 30 it,
3233 2351 53 19 one
3296 2342 90 27 would

2752 2385 117 28 suppose
2883 2377 45 29 the
2942 2377 70 29 local
3025 2378 176 37 productions
3213 2379 81 29 could
3316 2379 70 29 have

2752 2425 35 19 no
2817 2416 80 28 rival.
2951 2417 176 32 Reeftonites,
3158 2418 136 34 however,
3327 2419 60 28 who

2752 2454 70 27 have
2836 2454 97 29 settled
2946 2455 29 27 in
2986 2455 47 28 the
3047 2456 73 35 Grey
3130 2455 82 29 know
3225 2457 96 30 better,
3334 2458 52 26 and

2754 2502 44 18 are
2812 2492 105 36 willing
2929 2497 27 24 to
2970 2502 54 28 pay
3037 2503 36 18 an
3087 2498 76 24 extra
3184 2495 73 35 price
3272 2498 28 25 to
3323 2495 66 28 bask

2752 2531 28 25 in
2794 2530 47 27 the
2853 2530 154 36 brightness
3028 2531 55 28 and
3102 2532 155 28 cheeriness
3269 2533 30 28 of
3318 2533 71 28 their

2754 2568 44 29 old
2812 2568 69 29 love.
2927 2568 106 30 Should
3053 2569 47 30 the
3116 2570 56 29 line
3188 2579 64 20 ever
3273 2570 32 30 be
3326 2580 46 20 con-

2754 2608 120 27 structed
2888 2607 121 29 between
3023 2609 64 27 here
3100 2612 28 24 to
3142 2609 176 28 Brunnertoa
3344 2611 45 26 the

2754 2648 98 32 output
2870 2644 30 28 of
2915 2644 60 28 coal
2993 2644 91 28 would
3102 2644 33 29 be
3153 2646 185 33 insignificant
3361 2650 28 24 to

2755 2683 74 29 what
2841 2683 56 29 will
2909 2683 67 29 then
2990 2684 32 28 be
3034 2683 162 30 demanded.
3241 2685 98 38 Owing
3361 2690 28 25 to

2755 2726 95 30 strong
2862 2723 179 34 competition
3062 2723 47 27 the
3130 2723 74 34 price
3217 2724 30 26 of
3265 2726 59 26 coal
3340 2726 50 26 has

2755 2758 144 38 gradually
2911 2758 69 29 been
2993 2759 116 29 reduced
3127 2760 71 29 from
3224 2761 38 28 1
3275 2771 48 27 per
3342 2767 46 24 ton

2754 2801 28 24 to
2795 2797 45 37 25/
2853 2798 54 27 and
2920 2798 48 28 the
2980 2799 60 27 coal
3052 2798 72 29 from
3137 2809 52 18 one
3202 2799 41 37 pit
3255 2801 24 27 is
3292 2801 98 36 selling

2755 2836 29 27 in
2799 2836 115 28 Reefton
2928 2839 30 25 at
2969 2836 71 38 22/6.
3076 2838 37 27 At
3126 2837 76 28 these
3215 2837 101 37 figures
3334 2841 23 26 it
3368 2839 23 28 in

2755 2873 85 29 found
2852 2877 29 25 to
2893 2874 33 29 be
2939 2874 116 37 cheaper
3076 2874 68 30 than
3163 2876 89 33 wood,
3267 2886 30 20 so
3311 2878 77 28 wood

2755 2916 102 23 carters
2866 2911 71 28 have
2956 2911 97 29 turned
3064 2914 195 31 coal-carriers,
3273 2915 49 27 but
3345 2918 46 24 the

2756 2949 80 29 wood
2848 2949 98 29 hearth
2959 2949 81 37 being
3053 2954 47 24 not
3111 2951 151 35 altogether
3275 2952 115 30 suitable

2755 2987 43 28 for
2810 2987 47 29 the
2870 2996 62 20 new
2951 2988 65 33 fuel,
3038 2988 47 29 the
3107 2989 119 28 demand
3248 2990 42 28 for
3302 2995 89 30 grates

2756 3025 56 29 and
2824 3035 98 28 ranges
2935 3025 37 38 by
2979 3026 68 29 such
3057 3036 16 19 a
3087 3027 73 37 large
3179 3030 173 35 community
3361 3039 31 19 as

2756 3074 64 18 ours
2829 3065 53 35 (see
2900 3064 54 29 last
2970 3065 113 34 Census)
3102 3065 98 28 should
3212 3067 62 33 give
3287 3078 15 17 a
3315 3072 77 30 great

2757 3101 69 37 fillip
2838 3106 28 24 to
2877 3102 48 28 the
2937 3102 61 28 iron
3010 3102 76 29 trade
3099 3103 31 28 of
3144 3104 47 28 the
3203 3103 47 29 old
3262 3108 125 33 country.

2793 3140 58 29 The
2873 3140 139 39 crushing,
3031 3140 58 38 just
3109 3141 127 36 finished,
3253 3142 71 31 from
3346 3144 46 30 the

2759 3180 159 35 Inglewood
2938 3180 134 34 averaged
3095 3181 112 28 13dwts.
3227 3189 28 21 to
3276 3183 47 28 the
3344 3188 48 23 ton

2758 3217 90 28 which
2862 3217 56 29 will
2933 3217 35 29 all
2986 3217 34 29 be
3032 3218 132 29 absorbed
3177 3220 29 27 in
3216 3220 48 28 the
3276 3229 116 29 expense

2759 3255 30 31 of
2806 3255 142 38 obtaining
2960 3256 31 31 it.
3039 3257 58 30 The
3116 3257 70 31 level
3203 3268 63 21 now
3283 3260 109 30 worked

2759 3304 48 21 out
2829 3297 49 26 has
2892 3296 114 29 realised
3023 3306 17 19 a
3059 3297 182 37 three-penny
3265 3300 127 28 dividend

2758 3333 92 30 which
2872 3335 23 27 is
2916 3335 81 35 again
3016 3335 81 36 being
3117 3336 88 29 called
3222 3346 39 27 up
3278 3341 28 25 to
3328 3338 64 36 help

2759 3373 71 28 clear
2843 3372 39 29 off
2903 3382 114 19 arrears.
3053 3373 88 30 There
3153 3384 71 19 were
3238 3385 36 19 no
3287 3380 90 33 accept-

2759 3421 81 18 ances
2862 3412 42 27 for
2925 3412 109 33 tribute,
3047 3421 30 19 so
3099 3412 47 29 the
3168 3423 135 28 company
3322 3415 70 28 have

2759 3450 37 28 let
2808 3459 16 19 a
2836 3453 124 26 coutract
2980 3454 28 25 to
3031 3450 75 30 drive
3120 3452 50 28 100
3182 3452 53 29 feet
3255 3452 28 29 in
3294 3453 47 29 the
3353 3453 29 28 di

2759 3490 103 26 rection
2875 3489 47 28 the
2936 3488 88 30 North
3045 3490 62 27 Star
3127 3493 77 25 stone
3224 3490 168 38 isjsupposed

2759 3531 28 23 to
2800 3526 33 27 be
2845 3526 122 35 making.
3005 3526 141 38 Headway
3158 3528 29 27 in
3198 3528 47 28 the
3259 3528 52 28 low
3323 3530 69 27 level

2759 3565 23 29 is
2794 3568 49 26 not
2862 3574 30 20 so
2912 3565 77 38 rapid
3008 3575 31 19 as
3051 3570 29 25 at
3091 3565 69 36 first,
3172 3565 49 31 but
3243 3566 71 39 good
3332 3577 45 29 pro-

2759 3613 74 25 gress
2845 3604 23 28 is
2881 3604 81 36 being
2977 3605 89 28 made.

2793 3642 59 27 The
2876 3642 94 28 Venus
2994 3643 51 28 has
3068 3642 69 29 been
3161 3643 130 36 crushing
3315 3654 77 27 away

2759 3679 116 37 steadily
2886 3680 72 27 until
2981 3680 123 36 Monday
3125 3681 52 28 last
3190 3681 81 28 when
3294 3683 22 28 it
3335 3692 57 18 was

2759 3717 113 29 decided
2893 3722 28 25 to
2946 3723 71 33 stop,
3039 3719 48 28 the
3111 3728 66 28 rope
3200 3720 121 37 forming
3345 3720 46 29 the

2759 3756 73 26 serial
2845 3756 54 27 line
2916 3756 102 35 having
3037 3757 111 28 become
3170 3758 130 28 defective
3313 3768 30 18 as
3364 3764 28 22 to

2759 3793 98 29 render
2867 3795 24 28 it
2902 3794 97 28 unsafe
3020 3800 28 23 to
3063 3794 74 29 work
3158 3795 104 35 longer.
3311 3796 81 29 News

2759 3833 30 27 of
2799 3833 46 27 the
2859 3842 61 18 now
2933 3843 65 25 rope
3018 3833 81 36 being
3111 3835 29 26 in
3161 3834 169 33 Wellington
3342 3836 50 26 has

2759 3869 114 27 reached
2886 3869 73 33 here,
2972 3878 30 19 so
3015 3871 47 27 the
3074 3875 131 32 stoppage
3217 3871 56 28 will
3286 3876 49 23 not
3358 3872 33 27 be

2759 3917 16 18 a
2787 3907 115 37 lengthy
2915 3917 62 25 one,
2989 3908 56 29 and
3066 3909 56 28 will
3132 3909 33 30 be
3187 3909 82 30 taken
3290 3909 85 30 advan-

2759 3949 61 32 tage
2845 3946 29 28 of
2900 3950 30 24 to
2958 3946 82 28 make
3068 3956 77 19 some
3174 3947 103 37 repairs
3297 3949 30 26 in
3346 3949 46 28 the

2758 3982 109 39 battery
2902 3983 56 29 and
2993 3984 80 30 other
3114 3994 145 28 necessary
3293 3986 99 29 woiks.

2759 4022 112 28 Several
2883 4022 30 28 of
2922 4022 46 30 the
2986 4022 88 30 hands
3087 4033 46 19 are
3151 4024 160 37 discharged
3323 4031 51 22 tem-

2759 4061 129 36 porarily,
2901 4061 55 28 and
2969 4062 156 36 during.the
3138 4062 49 28 lull
3201 4062 47 29 the
3256 4062 67 29 level
3335 4064 55 27 wil!

2759 4098 32 29 be
2803 4099 134 29 extended
2949 4099 66 30 both
3028 4101 82 28 north
3123 4101 54 28 and
3197 4101 90 34 south,
3300 4111 16 19 a
3330 4102 49 28 fair-

2759 4138 72 27 sized
2852 4138 59 27 reef
2926 4137 125 37 showing
3062 4139 30 27 in
3113 4139 66 28 both
3203 4140 80 27 faces.
3332 4141 59 27 The

2759 4175 118 37 position
2895 4176 31 29 of
2949 4176 47 30 the
3014 4186 62 20 new
3093 4177 53 30 low
3170 4178 70 29 level
3264 4179 23 28 is
3312 4178 80 37 being

2759 4214 114 29 marked
2896 4215 46 33 off,
2960 4216 55 28 and
3037 4226 17 18 a
3078 4222 240 24 commencement
3337 4219 55 27 will

2759 4261 66 19 soon
2848 4252 32 28 be
2892 4253 81 28 made
2985 4254 67 27 with
3071 4254 54 27 this
3138 4263 143 27 necessary
3306 4255 86 28 work.

2759 4289 70 29 Gold
2839 4290 42 29 for
2890 4290 45 29 the
2949 4292 130 37 crushing
3085 4294 108 28 3390z5.
3229 4293 26 29 A
3264 4292 128 31 dividend

2759 4329 30 28 of
2799 4330 35 28 3d
2850 4330 203 34 wasjdeclared.

2794 4368 58 28 The
2870 4369 70 29 level
2958 4369 29 29 in
3006 4370 53 28 No.
3072 4371 17 27 2
3101 4370 78 30 Dark
3196 4370 99 30 is'still
3312 4371 83 39 being

2759 4407 143 34 extended,
2914 4408 49 28 but
2973 4409 117 34 nothing
3101 4410 31 27 of
3141 4420 55 25 any
3209 4419 185 27 consequence

2760 4444 29 40 ha
2804 4444 14 40 3
2833 4444 59 40 been
2905 4451 58 23 met
2973 4447 66 28 with
3062 4451 95 33 except
3170 4457 17 18 a
3207 4447 74 37 large
3302 4448 93 29 inflow

2759 4483 30 27 of
2804 4488 94 24 water.
2935 4484 45 29 Mr
2991 4485 135 28 Bowman
3140 4486 50 28 has
3201 4487 125 35 resigned
3347 4488 47 28 the

2760 4527 194 31 management
2972 4523 31 29 of
3024 4523 55 29 this
3104 4534 147 28 company,
3270 4525 56 30 and
3351 4527 45 28 Mr

2760 4560 77 28 Nash
2851 4561 50 28 has
2912 4562 69 29 been
2993 4562 102 29 elected
3107 4564 30 28 in
3149 4563 44 29 his
3205 4565 85 28 stead.

2794 4600 59 28 The
2871 4603 168 26 contractors
3058 4602 28 27 in
3108 4602 47 28 the
3174 4603 46 28 Nil
3242 4603 135 37 Desperan-

2759 4636 66 29 dum
2839 4637 70 28 have
2921 4638 96 37 nearly
3029 4639 118 29 finished
3169 4640 72 29 their
3261 4645 132 30 contract,

2759 4675 66 37 they
2838 4676 80 37 being
2930 4687 62 19 now
3005 4678 111 35 sinking
3125 4678 75 30 what
3222 4689 56 19 was
3289 4683 29 26 at
3336 4680 59 30 first

2760 4715 128 26 intended
2905 4720 28 22 to
2947 4716 32 26 be
2991 4716 47 26 the
3052 4716 71 33 well,
3135 4716 49 27 but
3198 4718 46 26 the
3265 4718 129 28 directors

2759 4751 70 30 have
2843 4751 73 30 since
2937 4751 111 30 decided
3066 4757 29 25 to
3116 4753 63 29 sink
3202 4755 117 29 another
3345 4756 51 30 150

2759 4790 54 28 feet
2838 4790 89 29 before
2947 4793 138 35 stopping,
3108 4793 55 27 and
3187 4793 32 28 be
3241 4794 65 27 thus
3326 4795 69 36 deep

2760 4828 109 36 enough
2883 4832 28 25 to
2923 4837 70 29 open
3006 4838 37 28 up
3056 4838 36 20 an
3105 4829 115 38 entirely
3233 4840 61 20 new
3314 4831 80 30 level.

2759 4866 76 29 This-
2847 4866 119 30 decision
2980 4877 66 27 may
3067 4868 33 29 be
3121 4869 158 29 considered
3301 4880 17 19 a
3329 4872 65 28 wise

2759 4913 52 18 one
2825 4905 56 26 and
2893 4905 46 27 the
2952 4906 80 27 value
3046 4906 28 28 of
3094 4906 94 28 shares
3201 4908 55 27 will
3273 4908 122 29 advance

2761 4943 115 39 steadily
2887 4954 31 20 as
2931 4943 65 39 they
3009 4944 137 40 approach
3164 4945 47 32 the
3223 4946 55 31 line
3290 4946 31 32 of
3339 4948 58 31 reef

2759 4987 28 22 at
2800 4983 47 26 the
2861 4992 61 18 new
2936 4984 77 27 level.

2793 5019 88 28 There
2901 5028 88 21 seems
3011 5024 28 25 to
3059 5020 34 29 be
3113 5030 17 19 a
3142 5021 85 29 doubt
3247 5031 64 20 now
3333 5023 62 30 that

2759 5057 47 28 the
2827 5059 141 28 extension
2992 5059 31 28 of
3043 5059 47 28 the
3114 5060 86 28 Globe
3223 5063 97 27 tuunel
3344 5063 50 28 has

2760 5095 67 28 been
2838 5096 103 28 carried
2952 5097 58 28 into
3019 5096 46 29 the
3076 5097 80 29 block
3166 5098 30 28 of
3205 5102 78 25 stone
3293 5099 101 31 known

2760 5144 29 18 as
2799 5135 47 28 the
2860 5136 45 27 old
2926 5136 102 34 Union,
3041 5137 42 28 for
3097 5147 75 27 upon
3185 5139 60 29 first
3263 5141 132 33 touching

2760 5173 45 26 the
2819 5173 57 27 reef
2885 5182 15 18 a
2914 5174 74 35 large
2999 5174 127 36 quantity
3139 5176 29 26 of
3178 5180 84 23 water
3272 5186 55 19 was
3337 5183 58 23 met

2760 5210 76 35 with,
2848 5210 90 30 which
2959 5212 70 30 after
3040 5221 17 20 a
3078 5212 81 30 while
3179 5212 110 32 became
3310 5214 73 40 insig

2759 5249 124 35 nificant,
2897 5250 92 29 whilst
3010 5252 47 28 the
3076 5252 129 37 standing
3224 5258 85 24 water
3326 5256 30 26 in
3379 5265 15 19 a

2759 5287 115 30 shallow
2886 5289 87 29 winze
2985 5289 32 29 of
3026 5290 47 28 the
3084 5290 94 28 Union
3191 5291 136 38 workings
3338 5303 56 19 was

2759 5325 86 28 found
2861 5330 29 25 to
2913 5327 69 28 have
3001 5327 185 36 disappeared.
3231 5329 89 29 There
3333 5332 23 26 is
3379 5341 16 18 a

2760 5363 98 29 silence
2871 5373 31 18 as
2914 5367 28 25 to
2956 5364 46 29 the
3012 5365 190 37 gold-bearing
3223 5367 128 36 qualities
3368 5369 29 28 of

2761 5402 45 28 the
2819 5407 78 25 stone
2909 5402 90 30 which
3013 5403 65 30 does
3090 5407 49 26 not
3152 5414 88 29 augur
3253 5406 70 35 well,
3337 5407 57 35 but,

2760 5450 39 18 we
2814 5443 65 27 wait
2891 5442 55 28 and
2958 5442 80 37 hope.

2796 5480 59 28 The
2867 5480 199 29 Just-in-Time
3088 5480 50 29 has
3155 5483 126 28 resumed
3301 5484 77 28 crush-

2760 5518 48 35 ing
2820 5518 54 27 and
2886 5518 25 27 is
2922 5518 124 36 showing
3057 5527 37 19 an
3106 5520 134 28 immense
3260 5522 117 35 improve-

2761 5559 77 27 ment
2851 5565 65 21 over
2938 5556 47 31 the
2998 5557 53 30 last
3071 5565 60 23 one.
3167 5558 59 31 The
3238 5562 91 36 stopes
3351 5571 45 20 are

2761 5605 62 19 now
2835 5597 29 27 in
2885 5596 88 28 better
2993 5602 87 28 stone,
3093 5598 56 28 and
3170 5598 47 28 the
3230 5600 58 27 reef
3306 5600 30 27 in
3350 5600 45 28 the

2761 5633 52 27 low
2839 5633 70 27 level
2933 5635 23 26 is
2974 5634 125 35 reported
3118 5639 28 23 to
3164 5635 33 28 be
3222 5635 110 35 looking
3353 5647 29 18 ex-

2762 5670 106 33 cellent.
2906 5671 100 30 Shares
3016 5682 46 19 are
3071 5671 86 39 rising
3165 5672 55 30 and
3233 5673 46 30 the
3288 5675 109 37 general

2761 5710 100 35 feeling
2878 5710 24 28 is
2922 5711 62 28 that
3003 5711 47 27 the
3063 5711 64 28 Just
3139 5712 55 27 will
3216 5722 66 18 soon
3304 5716 93 34 regain

2761 5747 49 28 her
2822 5748 43 28 old
2879 5750 165 35 reputation.

2796 5787 34 27 In
2845 5787 46 27 the
2905 5788 112 27 Reform
3030 5788 46 28 the
3088 5790 86 26 winze
3188 5789 59 28 that
3260 5800 55 18 was
3328 5792 69 27 sunk

2761 5825 117 29 towards
2893 5825 46 28 the
3047 5826 53 28 end
3114 5827 28 27 of
3163 5827 47 29 the
3233 5828 79 30 block
3326 5835 71 24 went

3401 198 116 35 through
3531 198 44 28 the
3587 204 76 19 stone
3677 202 25 20 at
3718 196 30 26 42
3761 195 61 27 feet.
3861 194 57 28 The
3932 195 104 36 quality

3401 239 28 25 of
3448 238 44 26 the
3507 243 48 20 sic.'
3563 233 1 31 1
3598 245 51 16 was
3664 234 142 28 excellent,
3821 233 53 26 unl
3897 241 17 18 it
3942 234 21 25 is
3976 242 60 18 now

3403 276 42 29 the
3460 275 136 29 inteution
3613 282 25 20 to
3652 271 61 30 t>ink
3732 271 115 27 another
3861 273 117 26 towards
3991 272 46 26 the

3401 316 91 30 north,
3507 313 90 28 where
3612 312 45 27 the
3671 311 84 27 strike
3770 311 28 26 of
3819 311 44 26 the
3884 316 76 21 stone
3982 311 54 27 will

3401 353 79 27 allow
3494 353 21 26 it
3528 355 28 23 to
3570 351 31 26 b-
3617 348 104 29 carried
3736 357 15 17 a
3765 351 75 29 great
3855 348 91 34 depth.

3435 391 58 28 The
3514 388 128 31 tributers
3665 387 27 27 in
3719 386 47 29 the
3779 386 64 28 Just
3865 386 69 27 have
3956 385 82 37 lately

3401 429 117 29 finished
3550 438 15 16 a
3591 426 129 33 crushing
3746 425 30 27 of
3802 426 35 26 40
3862 431 60 20 tons
3948 426 88 26 which

3401 467 107 37 yielded
3533 467 105 26 107ozs.
3653 464 30 28 of
3704 462 72 36 gold.
3824 464 79 25 Since
3923 462 45 28 the
3988 463 52 28 last

3401 507 131 33 cruslnug
3552 505 65 35 they
3638 503 70 27 have
3728 501 93 28 driven
3841 502 52 27 300
3912 501 51 28 feet
3977 501 29 28 uf
4021 512 16 17 a

3403 545 105 31 tunnel,
3520 543 54 27 and
3584 553 45 17 are
3638 542 134 27 therefore
3782 550 61 17 now
3858 541 27 26 in
3897 550 15 17 a
3923 540 114 36 position

3403 589 27 22 to
3444 589 44 29 get
3497 586 78 24 stone
3584 581 102 35 readiiy
3696 579 55 28 and
3760 578 62 29 take
3837 589 16 17 a
3864 584 63 22 turn
3936 578 103 28 oftener

3403 627 28 22 at
3445 622 45 27 the
3504 621 117 34 battery.

3437 659 58 28 The
3509 659 75 27 Lone
3598 659 62 26 Star
3673 656 22 28 is
3709 665 61 19 now
3783 656 29 27 in
3831 655 45 28 the
3890 654 108 28 market
4010 659 28 24 at

3403 697 28 37 2/
3444 708 47 25 per
3503 697 95 32 24,000
3598 697 32 32 th
3643 696 88 26 share.
3770 694 26 28 It
3808 694 23 26 is
3844 694 124 35 reported
3979 694 60 27 that

3402 737 67 35 they
3499 744 45 18 are
3572 735 83 35 going
3685 732 40 28 off
3751 731 113 35 readily,
3895 731 56 27 and
3979 732 50 27 that-

3402 774 85 36 likely
3509 773 80 29 when
3611 772 47 29 the
3681 770 45 29 list
3748 770 87 29 closes
3861 779 35 19 on
3921 770 47 28 the
3991 770 49 28 Gth

3403 814 133 34 proximo,
3552 812 65 35 they
3630 811 57 27 will
3706 810 33 27 be
3752 815 29 22 at
3793 819 15 18 a
3822 809 148 36 premium.

3438 851 58 27 The
3511 850 139 28 Welcome
3663 850 24 26 is
3697 849 130 35 crushing
3836 857 78 26 away
3925 847 116 28 without

3403 890 194 36 interruption,
3610 889 47 27 the
3670 887 99 37 supply
3781 887 31 28 of
3821 890 78 25 stouo
3913 886 69 28 from
4002 890 36 23 its

3403 928 140 28 increased
3574 927 140 28 thickness
3749 926 103 32 having
3888 925 150 35 improved.

3404 976 37 23 an.
3450 967 8 27 I
3474 966 75 29 there
3563 965 23 29 is
3598 965 53 28 less
3670 964 135 36 difficulty
3818 964 29 27 in
3860 963 117 36 keeping
3996 962 46 28 the

3405 1006 57 26 mill
3477 1005 90 34 going.
3604 1004 58 27 The
3676 1009 106 21 returns
3795 1004 47 26 the
3857 1003 52 26 last
3923 1002 73 27 week
4010 1011 30 17 or

3404 1046 54 24 two
3477 1042 105 34 though
3608 1044 49 24 not
3681 1049 37 27 up
3738 1045 29 22 to
3791 1040 47 27 the
3869 1048 115 22 average
4014 1039 29 27 of

3405 1082 46 28 the
3464 1082 126 35 previous
3602 1078 98 30 mouth
3714 1087 70 19 were
3798 1077 55 29 still
3866 1077 142 29 excellent.

3440 1121 57 26 The
3513 1118 167 28 Homeward
3693 1117 100 28 Bound
3806 1117 143 36 Company
3971 1116 69 28 have

3406 1158 113 28 ordered
3532 1158 36 28 all
3582 1158 45 27 the
3641 1157 159 35 machinery
3813 1156 55 27 and
3887 1155 153 36 appliances

3406 1205 143 26 necessary
3568 1197 42 26 for
3621 1196 115 34 hauling
3754 1200 47 22 out
3820 1195 29 26 of
3868 1204 16 16 a
3897 1193 73 27 shaft
3991 1195 51 25 GOO

3407 1235 52 28 feet
3469 1235 75 36 d'-cp.
3582 1234 66 28 This
3663 1233 160 35 machinery
3836 1231 54 29 will
3904 1231 31 28 be
3946 1231 94 28 driven

3406 1275 35 35 by
3460 1273 172 37 compressed
3651 1273 49 34 air,
3723 1271 54 30 and
3801 1272 23 28 is
3844 1271 29 28 of
3895 1271 46 28 the
3961 1271 71 28 latest-

3406 1313 138 35 improved
3558 1313 116 33 deigns.

3441 1351 58 27 The
3514 1351 80 35 Fiery
3607 1351 81 27 Cross
3701 1351 22 26 is
3743 1349 132 36 claiming
3887 1358 15 18 a
3916 1348 79 28 share
4016 1348 30 28 of

3407 1390 135 28 attention
3555 1399 72 19 now.
3663 1389 57 27 The
3734 1388 133 28 excellent
3874 1386 82 37 yiell,
3967 1397 53 17 com-

3409 1428 79 28 bined
3502 1428 67 28 with
3591 1428 47 28 the
3651 1427 111 36 solidity
3784 1428 29 26 of
3829 1426 47 28 the
3890 1425 84 33 lodes,
3988 1425 53 27 and

3408 1469 56 26 also
3478 1478 28 17 as
3528 1468 47 26 the
3597 1468 111 35 pioneer
3727 1467 81 27 claim
3819 1466 31 28 of
3869 1465 46 28 the
3930 1465 113 33 district,

3408 1505 80 34 being
3501 1507 52 24 220
3566 1505 53 26 feet
3638 1508 97 31 deeper
3748 1505 68 25 than
3829 1504 47 25 the
3896 1503 146 29 Welcome,

3408 1541 92 37 brings
3514 1547 21 24 it
3553 1543 57 28 into
3624 1548 75 30 great
3717 1541 185 37 prominence,
3916 1540 40 28 for
3980 1540 22 27 it
4021 1541 22 26 is

3408 1582 101 33 argued
3523 1583 61 26 that
3597 1592 29 17 as
3639 1582 46 27 the
3700 1581 91 27 blocks
3804 1590 60 18 now
3878 1579 124 32 working
4016 1581 28 25 in

3410 1620 45 27 the
3469 1619 77 28 other
3561 1620 87 27 mines
3659 1618 88 29 attain
3770 1619 46 27 the
3830 1625 109 29 present
3960 1617 83 36 depth

3410 1660 29 26 of
3448 1658 47 28 the
3509 1659 91 32 Fiery,
3614 1658 65 35 they
3693 1661 44 25 too
3757 1658 57 28 will
3836 1658 110 27 beco:ne
3970 1666 75 18 more

3410 1697 148 27 connected
3588 1696 55 27 and
3667 1696 79 33 solid,
3772 1696 54 27 and
3852 1695 73 36 yield
3949 1694 95 28 better.

3410 1735 56 28 The
3481 1735 106 36 battery
3600 1735 49 27 has
3662 1734 68 28 been
3744 1734 116 36 steadily
3873 1734 62 36 kept
3946 1734 81 33 going
4038 1741 6 25 ;

3410 1782 16 17 a
3439 1773 129 26 dividend
3579 1774 29 25 of
3620 1773 43 36 1/6
3678 1782 55 17 was
3743 1773 124 26 declared
3881 1773 51 25 last
3946 1772 96 25 mouth

3410 1811 55 29 ami
3478 1811 47 29 the
3539 1815 107 25 returns
3659 1820 44 20 are
3723 1811 71 38 good
3806 1810 42 30 for
3867 1813 47 26 the
3937 1817 109 30 present

3410 1861 60 18 one.
3905 1850 107 28 TiiADY.

3613 1938 232 29 LATEST

3437 1990 173 42 CABLE
3669 1990 351 42 TELEGRAMS.

3636 2091 132 37 London,
3786 2092 174 40 September
3980 2094 28 29 9.

3453 2143 63 32 The
3531 2144 111 42 weekly
3655 2146 118 30 returns
3798 2145 32 31 of
3855 2145 50 31 the
3920 2145 86 31 Bank
4022 2145 32 31 of

3412 2189 142 39 England
3563 2200 76 20 were
3649 2189 157 40 published
3817 2189 111 41 to-day.
3966 2190 83 39 They

3413 2232 82 30 show
3509 2232 50 30 the
3573 2233 171 38 proportion
3770 2233 31 30 of
3823 2232 51 31 the
3888 2242 115 20 reserve
4020 2237 30 25 to

3413 2275 150 33 liabilities
3592 2278 30 31 to
3650 2275 36 33 be
3711 2277 37 33 47
3770 2286 53 31 per
3853 2282 78 26 cent.
3987 2275 65 33 The

3413 2320 75 30 total
3511 2331 115 20 reserve
3648 2321 32 30 of
3701 2324 85 28 notes
3812 2322 59 28 and
3895 2321 114 31 bullion
4024 2322 25 28 is

3414 2363 212 36 12,200,000.

3453 2406 64 32 The
3532 2407 116 32 market
3662 2409 63 30 rate
3749 2407 33 32 of
3798 2407 135 32 discount
3959 2406 23 33 is

3413 2461 53 29 per
3489 2454 77 27 cent,
3591 2461 33 21 or
3688 2451 94 31 below
3810 2451 50 31 the
3888 2451 161 30 minimum

3415 2493 79 31 bank
3508 2497 73 28 rate.

3455 2537 39 30 At
3516 2537 51 31 the
3590 2537 135 31 Colonial
3749 2538 75 31 wool
3850 2538 75 30 sales
3951 2538 101 39 to-day

3417 2581 108 37 12,000
3539 2580 80 33 bales
3634 2593 74 21 were
3723 2581 118 33 offered.
3885 2582 63 32 The
3972 2593 59 20 mar-

3415 2625 49 29 ket
3479 2626 129 28 remains
3633 2625 68 29 firm
3725 2626 73 30 with
3822 2636 39 19 an
3886 2627 93 28 active
4003 2627 32 28 de-

3415 2667 101 32 mand.

3457 2712 62 31 The
3534 2712 100 31 match
3650 2713 188 31 Australians
3862 2723 27 21 v.
3908 2713 95 31 South
4027 2712 31 33 of

3417 2754 141 38 England
3572 2756 191 31 commenced
3791 2757 31 30 at
3845 2755 148 37 Brighton
4008 2759 28 28 to-

3416 2799 65 40 day,
3498 2799 51 31 the
3564 2799 129 31 weather
3718 2800 88 39 being
3830 2800 65 31 cold
3920 2800 59 30 and
4003 2800 30 30 in-

3416 2842 138 32 clement.
3610 2843 63 31 The
3701 2844 176 31 attendance
3900 2854 59 20 was
3983 2854 51 21 con-

3417 2887 154 39 sequently
3599 2887 98 31 small.
3754 2887 62 32 The
3845 2888 97 31 Home
3970 2890 80 29 team

3416 2940 74 19 were
3505 2930 157 39 composed
3676 2929 31 31 of
3729 2930 47 30 W.
3793 2931 37 30 G.
3847 2931 104 34 Grace,
3968 2931 63 30 New-

3417 2971 81 38 ham,
3515 2973 46 30 W.
3575 2973 47 31 W.
3635 2973 91 36 Read,
3740 2973 84 36 Abel,
3837 2973 37 31 G.
3888 2973 37 31 G.
3939 2974 112 34 Hearn,

3417 3016 35 32 A.
3469 3016 113 33 Hearn,
3598 3016 193 41 Humphries,
3806 3016 149 38 Lahman,
3972 3018 64 30 Phil-

3417 3060 66 39 lips,
3513 3060 131 31 Maurice
3683 3060 91 38 Read,
3810 3061 59 30 and
3902 3061 150 32 Woolton.

3419 3103 62 31 The
3496 3103 128 37 visitors,
3639 3104 67 31 who
3720 3115 66 20 won
3798 3105 50 30 the
3860 3107 70 33 toss,
3943 3105 111 30 elected

3419 3149 30 31 to
3463 3147 62 33 bat.
3567 3147 83 43 They
3665 3148 159 32 succeeded
3848 3147 32 33 in
3894 3148 160 42 compiling

3419 3193 57 30 207
3491 3202 72 20 runs
3577 3193 44 30 for
3636 3192 51 31 the
3701 3193 60 30 loss
3776 3194 32 29 of
3828 3194 71 29 nine
3913 3194 119 29 wickets
4046 3204 6 24 ;

3420 3234 110 38 Giffen,
3558 3235 102 38 1.b.w.,
3691 3237 57 37 52;
3775 3235 108 39 Jarvis,
3911 3243 54 25 not
3993 3243 60 29 out,

3419 3281 47 36 45,
3483 3280 89 40 being
3585 3281 54 32 the
3651 3281 80 32 chief
3744 3293 122 21 scorers.

3459 3326 64 31 The
3547 3326 127 40 sculling
3702 3337 65 21 race
3795 3326 133 32 between
3955 3327 100 31 Beach

3419 3369 59 31 and
3493 3369 133 37 Teenier,
3641 3370 97 31 which
3753 3370 69 32 took
3846 3370 82 41 place
3948 3373 92 40 yester-

3419 3412 57 42 day
3489 3413 32 31 in
3546 3413 50 32 the
3620 3413 74 32 final
3714 3414 71 32 heat
3809 3415 45 31 for
3871 3415 51 31 the
3947 3426 90 29 sweep-

3420 3457 97 32 stakes
3532 3468 59 21 was
3605 3459 97 31 rowed
3728 3469 68 21 over
3811 3459 50 31 the
3876 3459 55 31 full
3955 3459 80 31 cham-

3419 3501 138 39 pionship
3584 3512 103 21 course
3714 3502 32 31 in
3774 3503 128 30 22miii3.
3932 3504 123 34 46secs.,

3419 3543 97 32 which
3541 3544 25 31 is
3587 3544 51 32 the
3659 3545 104 32 fastest
3783 3545 72 32 time
3876 3556 39 21 on
3944 3546 111 31 record.

3419 3588 40 32 At
3483 3588 50 32 the
3555 3589 172 33 conclusion
3754 3590 100 32 Beach
3882 3591 132 31 received
4038 3602 18 20 a

3419 3633 111 38 perfect
3544 3634 127 35 ovation,
3685 3634 87 30 when
3781 3634 38 31 he
3829 3645 59 19 was
3899 3635 156 39 presented

3419 3676 75 30 after
3515 3676 51 31 the
3587 3686 67 21 race
3674 3677 73 30 with
3769 3677 50 31 the
3841 3678 65 30 first
3927 3678 79 39 prize
4028 3678 30 30 of

3419 3719 111 32 I2OO.
3572 3719 101 32 Beach
3697 3720 90 41 spoke
3801 3732 18 20 a
3841 3721 55 32 few
3910 3722 94 31 words
4025 3721 32 32 in

3419 3773 139 28 response
3582 3766 31 28 to
3637 3774 81 21 some
3744 3765 245 40 complimentary
4011 3776 29 19 re-

3419 3805 100 33 marks
3540 3806 66 33 that
3626 3806 61 34 had
3707 3807 75 33 been
3803 3808 87 33 made
3911 3819 79 31 upon
4010 3808 47 32 his

3419 3850 121 38 rowing,
3551 3851 31 29 in
3594 3861 102 20 course
3706 3852 32 30 of
3749 3852 98 30 which
3855 3853 39 29 he
3902 3853 155 37 expressed

3418 3895 97 37 regret
3527 3892 65 32 that
3607 3893 129 32 Edward
3758 3893 133 39 Hanlan,
3906 3894 131 33 ex-cham-

3419 3936 79 39 pion,
3514 3937 61 30 had
3588 3941 53 27 not
3655 3939 155 39 competed
3823 3939 45 30 for
3883 3939 50 31 the
3948 3940 106 29 stakes.

3419 3979 29 32 It
3483 3980 25 31 is
3542 3981 139 32 rumored
3714 3982 67 32 that
3815 3982 51 32 the
3900 3982 157 32 American

3421 4023 122 32 scullers
3572 4025 123 32 Teenier
3727 4026 58 31 and
3813 4026 84 36 Ross,
3926 4027 132 31 between

3419 4067 99 32 whom
3533 4069 59 30 and
3607 4069 100 31 Beach
3726 4069 135 32 matches
3883 4071 75 31 have
3980 4069 74 33 been

3419 4113 155 39 arranged,
3596 4113 75 32 have
3694 4114 184 32 determined
3902 4118 30 28 to
3956 4115 96 31 forfeit

3420 4156 79 31 their
3513 4156 128 41 deposits
3654 4158 58 30 and
3726 4158 154 31 withdraw
3894 4158 75 32 from
3981 4158 76 31 their

3420 4204 223 37 engagements.

3779 4246 174 40 September
3969 4248 45 29 10.

3461 4296 64 34 The
3549 4297 108 33 cricket
3685 4298 102 34 match
3815 4299 186 33 Australians
4028 4309 27 23 v.

3422 4342 96 31 South
3547 4344 32 30 of
3603 4344 142 40 England
3773 4355 60 20 was
3857 4346 136 30 resumed
4026 4350 30 25 at

3420 4386 148 41 Brighton
3583 4388 111 41 to-day,
3711 4388 50 32 the
3777 4389 176 32 attendance
3968 4389 87 40 being

3420 4431 162 31 moderate.
3624 4432 105 40 Heavy
3742 4433 66 29 rain
3822 4443 60 19 was
3902 4433 104 36 felling
4026 4437 30 25 at

3420 4472 152 39 intervals,
3588 4475 59 31 and
3661 4475 50 32 the
3727 4475 104 33 wicket
3845 4487 59 21 was
3918 4476 93 42 heavy
4025 4476 32 31 in

3420 4528 213 31 consequence.
3676 4520 63 31 The
3763 4520 127 38 visitors,
3906 4521 66 31 who
3992 4531 47 31 yes-

3421 4563 102 41 terday
3537 4563 59 32 lost
3610 4574 88 22 seven
3713 4565 119 31 wickets
3846 4565 44 32 for
3905 4566 66 36 207,
3988 4565 69 41 only

3420 4606 152 32 increased
3586 4607 51 31 the
3652 4619 81 21 score
3755 4612 30 28 to
3810 4610 58 30 219
3891 4608 98 32 before
4003 4609 51 31 the

3420 4649 58 32 last
3493 4650 104 32 wicket
3612 4652 61 31 fell.
3716 4652 39 31 At
3780 4652 51 32 the
3854 4652 77 32 close
3953 4652 31 33 of
4005 4652 50 32 the

3420 4695 82 39 day's
3517 4696 68 39 play
3600 4696 50 31 the
3667 4697 96 30 South
3787 4699 32 29 of
3841 4698 141 39 England
3996 4698 59 30 had

3420 4737 58 32 lost
3492 4737 66 32 four
3572 4739 118 31 wickets
3705 4739 44 32 for
3770 4741 49 30 90.

3779 4802 174 40 September
3971 4805 46 28 11.

3460 4850 63 33 The
3545 4851 109 34 cricket
3681 4853 103 33 match
3812 4855 188 32 Australians
4027 4866 27 21 v.

3422 4895 96 30 South
3546 4897 32 29 of
3596 4897 141 38 England
3758 4908 60 21 was
3839 4901 159 29 continued
4026 4903 30 26 at

3420 4937 148 44 Brighton
3596 4941 110 44 to-day,
3733 4941 49 35 the
3810 4942 131 36 weather
3968 4943 87 41 being

3420 4985 145 36 splendid.
3628 4987 63 29 The
3725 4989 176 29 attendance
3936 5000 38 19 on
4005 4989 50 29 the

3420 5026 115 40 ground
3549 5037 60 22 was
3631 5028 85 41 good.
3760 5029 63 34 The
3847 5030 113 38 wicket,
3976 5030 59 33 how-

3420 5080 77 26 ever,
3522 5082 60 19 was
3617 5073 61 30 still
3706 5074 104 41 heavy.
3867 5076 63 30 The
3958 5076 97 29 Home

3420 5115 80 31 team
3514 5116 138 32 resumed
3666 5115 78 35 their
3758 5117 130 40 imimsfs,
3904 5118 53 33 but
3968 5118 88 33 failed

3420 5160 32 28 to
3481 5160 87 30 make
3596 5170 40 20 an
3660 5162 131 30 effective
3820 5164 96 34 stand,
3946 5174 32 18 as
4005 5163 50 29 the

3420 5199 120 43 innings
3556 5202 97 33 closed
3667 5203 45 33 for
3727 5206 57 31 13G
3807 5216 73 21 runs
3893 5216 6 27 ;
3921 5205 88 42 being
4026 5205 31 32 in

3421 5245 51 32 the
3493 5247 142 42 minority
3655 5249 33 31 of
3709 5252 49 33 88,
3781 5250 50 32 the
3859 5251 198 39 Englishmen

3420 5289 61 32 had
3492 5292 30 30 to
3537 5290 98 34 follow
3650 5303 49 27 on,
3715 5294 60 31 and
3788 5304 75 22 were
3877 5294 90 32 much
3976 5304 81 21 more

3421 5335 161 30 successful
3587 5335 75 31 than
3668 5336 32 30 in
3706 5337 50 30 the
3763 5338 157 38 preceding
3926 5339 129 37 innings.

3421 5375 99 33 When
3547 5379 116 40 stumps
3683 5390 76 22 were
3780 5381 101 31 drawn
3902 5381 71 42 they
3999 5379 60 33 had

3421 5421 146 40 compiled
3592 5424 56 30 245
3663 5435 72 20 runs
3756 5425 45 31 for
3823 5426 50 31 the
3888 5426 58 31 loss
3961 5426 32 31 of
4014 5425 45 31 six

3421 5464 130 33 wickets.
3604 5466 63 32 The
3695 5468 102 31 match
3825 5480 60 20 was
3913 5470 143 31 therefore

3422 5507 111 33 drawn.
3576 5510 48 30 W.
3640 5510 48 32 W.
3704 5511 83 31 Read
3800 5524 61 19 was
3880 5513 50 31 the
3953 5512 90 41 princi-

3422 5551 49 42 pal
3487 5563 106 27 scorer,
3608 5553 121 45 playing
3749 5566 17 22 a
3781 5557 135 42 splendid
3939 5555 120 44 innings

3424 5597 43 31 for
3484 5600 66 34 102,
3566 5604 53 26 not
3633 5604 62 27 out.

3785 5644 174 41 September
3975 5647 46 28 12.

3478 5694 62 31 The
3570 5696 101 31 Times
3700 5698 101 40 to-day
3836 5699 152 39 publishes
4022 5709 38 20 an

3425 5738 102 31 article
3542 5739 96 31 which
3655 5743 92 29 states
3763 5741 66 32 that
3940 5741 115 37 Raikes,

3426 5781 338 39 Postmaster-General,
3796 5792 30 25 at
3861 5795 118 31 present
4012 5797 33 19 en-

3426 5826 93 40 gaged
3533 5828 173 41 examining
3721 5830 61 32 into
3799 5830 49 31 the
3878 5832 135 37 question
4033 5829 28 31 of

1233 53 115 40 THE
1403 56 184 40 LYELL
1639 58 184 47 TIMES,
1878 62 303 48 SATURDAY,
2237 63 336 41 SEPTEMBER
2629 61 54 47 18,
2710 62 99 39 1886.

143 5307 21 27 .d

207 5295 103 20 PHASES
323 5295 32 21 OF
369 5296 56 19 THE
438 5297 83 19 MOON.

582 5309 17 13 to

705 5323 5 6 .

148 5352 16 18 a

346 5351 28 19 D.
394 5351 29 19 H.
437 5353 30 19 M.

582 5342 17 12 to

694 5334 16 10 to

148 5376 18 14 o

200 5380 131 30 N.Moon-
351 5382 34 28 28
419 5383 17 28 8
449 5384 79 27 5lam

574 5376 25 19 w

686 5378 26 21 Cfl

200 5420 96 34 Fst.Qr
323 5437 8 4 -
368 5422 15 26 5
419 5422 16 27 7
447 5423 82 32 28pm

583 5420 17 32 3

694 5437 16 16 D

149 5455 17 14 o

202 5458 124 27 Fl.Moon
352 5460 32 26 13
404 5459 32 28 10
447 5461 81 34 23pm

574 5455 25 20 in

687 5456 25 20 XJ1

150 5503 17 17 e3

202 5496 96 34 Lst.Qr
323 5513 8 4 -
350 5498 32 25 21
419 5499 15 25 5
448 5499 80 34 28pm

557 5505 28 21 H.
594 5506 30 19 M.

669 5507 28 18 H.
706 5508 31 18 M.

143 5569 45 41 18~

235 5582 136 35 Saturday

558 5587 16 25 0
594 5569 45 43 T

671 5588 15 24 5
705 5586 34 28 48

143 5621 32 25 19

233 5619 66 27 13th
312 5620 75 34 after
402 5620 113 36 Trinity

559 5623 16 25 6
609 5624 18 25 0

671 5624 15 24 5
705 5624 33 25 49

142 5658 34 29 20

237 5657 121 37 Monday

560 5661 14 27 5
594 5661 33 27 58

672 5662 15 27 5
706 5661 34 28 50

143 5699 30 24 '21

235 5696 126 35 Tuesday

560 5701 15 24 5
595 5701 32 25 56

672 5701 15 25 5
706 5701 32 25 51

143 5736 33 27 22

235 5734 174 35 Wednesday

561 5737 15 26 5
595 5737 33 27 54

672 5738 15 26 5
707 5738 33 27 52

143 5775 33 26 23

236 5772 143 37 Thursday

562 5776 15 26 5
595 5777 33 26 53

674 5777 14 26 5
708 5777 31 26 53

143 5813 32 26 24

197 5810 2 39 [
238 5812 99 37 Friday

562 5814 14 26 5
597 5814 31 27 52

650 5815 2 26 i
674 5815 14 26 5
708 5815 32 26 54

216 181 234 32 Government
473 183 149 32 Notices.

134 390 222 35 LICENSING
386 393 132 34 COURT
540 395 159 32 NOTICE.

105 525 168 32 VTOTICE
290 527 23 30 is
329 526 170 33 HEREBY
524 529 127 31 GIVEN
668 529 65 32 that

105 559 39 46 IN
181 589 17 20 a
210 578 188 33 MEETING
412 581 31 31 of
452 581 49 31 the
512 581 221 32 LICENSING

104 631 133 31 COURT
253 632 43 31 for
311 632 50 32 the
386 633 158 40 Licensing
570 634 121 31 District
706 634 32 31 of

104 684 120 30 OWEN
240 684 59 31 will
315 684 34 32 he
365 684 107 33 holden
488 688 30 29 at
533 686 49 32 the
600 686 134 32 COURT

103 736 151 39 HOUSE,
282 738 251 38 MURCHISON,
550 749 38 22 on
614 739 95 32 TUES-

103 790 93 37 DAY,
221 790 51 32 the
301 791 71 32 26th
400 792 56 41 day
479 793 32 30 of
535 792 199 36 OCTOBER,

106 845 85 36 188G,
207 846 31 29 at
252 844 119 38 NOON,
388 844 43 33 for
445 844 51 33 the
520 844 215 33 consideration

103 897 33 32 of
167 896 202 41 Applications
403 898 44 31 for
481 898 182 31 Certificates
691 898 43 31 for

104 949 139 34 Licenses
257 949 44 34 for
315 949 51 34 the
381 950 63 32 said
464 950 133 33 District.

144 1072 49 33 All
207 1072 202 42 Applications
433 1074 81 31 must
536 1072 35 33 be
586 1072 105 42 lodged
705 1072 31 32 in

103 1127 147 42 duplicate
265 1126 71 34 with
351 1127 51 33 the
416 1126 87 34 Clerk
517 1127 32 33 of
570 1127 51 33 the
645 1126 91 34 Court

103 1190 40 21 on
158 1190 32 21 or
203 1180 98 31 before
317 1180 144 41 Tuesday,
477 1180 50 31 the
553 1180 52 31 sth
628 1180 56 41 day
708 1180 31 31 of

105 1232 135 38 October,
257 1234 86 31 1886.

351 1296 136 32 FRANK
509 1296 109 37 BIRD,

282 1348 160 42 Licensing
456 1348 239 33 Commissioner.

144 1411 97 33 Dated
269 1411 59 33 this
357 1411 71 33 10th
456 1411 55 43 day
540 1411 32 33 of
604 1411 114 42 Septem-

106 1467 61 35 ber,
185 1468 86 29 1886.

159 1670 158 28 MISSING
343 1671 167 29 FRIENDS
536 1671 148 28 NOTICE.

107 1773 286 66 INFORMATION
412 1775 152 36 respecting
576 1774 47 29 the
635 1774 83 29 where-

180 1812 96 31 abouts
289 1814 53 29 and
356 1815 159 36 occupation
528 1815 30 28 of
573 1814 46 29 the
640 1813 80 30 under-

106 1853 157 26 mentioned
276 1862 110 25 persons
405 1854 23 26 is
451 1853 161 28 WANTED
635 1853 35 35 by
691 1853 45 26 the

106 1890 143 36 Secretary
261 1890 29 28 of
300 1890 46 28 the
360 1891 118 28 General
491 1891 65 28 Post
569 1890 98 28 Office:

105 1942 118 27 Thomas
242 1942 120 33 Connor,
386 1942 168 28 stockowner
576 1952 30 18 or
626 1943 110 32 farmer,

175 1980 68 28 from
257 1980 141 28 Aberdeen
412 1989 30 19 or
463 1980 171 35 Edinburgh.
681 1980 54 28 Not

175 2018 85 28 heard
273 2019 30 28 of
313 2022 28 25 at
354 2019 81 28 home
449 2019 41 28 for
503 2020 63 26 nine
580 2029 88 26 years,
684 2027 52 20 was

176 2057 132 35 supposed
334 2062 27 22 to
383 2057 33 27 be
437 2057 29 26 in
487 2057 195 27 Christchurch
708 2066 29 17 or

175 2093 128 29 Dunedin
317 2093 115 34 district,
442 2093 49 28 but
499 2097 97 24 cannst
611 2094 30 28 be
651 2094 85 27 found

175 2132 85 29 there.
298 2132 57 28 Mrs
365 2132 100 34 Smith,
475 2132 173 34 Midlothian,
661 2132 60 29 Scot-

175 2171 73 32 land,
264 2172 128 36 inquires.

105 2209 44 27 W.
162 2210 27 26 J.
203 2210 128 31 Collins,
341 2210 52 26 last
405 2209 84 27 heard
499 2209 30 26 of
538 2209 29 27 in
581 2210 152 26 Gisbourne

174 2246 115 35 district,
303 2246 27 29 in
345 2246 123 35 October,
483 2248 75 28 1885.
605 2246 131 39 Inquired

174 2286 41 28 for
226 2286 34 36 by
274 2286 47 29 the
336 2287 64 28 Rev.
416 2287 137 34 Langford
576 2287 28 28 S.
625 2287 110 32 Brown,

175 2325 39 26 St.
246 2325 104 26 Peter's
389 2325 132 34 vicarage,
558 2325 178 31 Dartmouth,

176 2361 114 33 Devon.,
304 2371 35 19 on
352 2361 92 29 behalt
456 2361 30 30 of
497 2361 57 29 Mrs
567 2361 111 30 Collins.

105 2400 128 29 Edward
253 2401 187 33 M'Sweeney,
454 2400 62 29 who
529 2401 28 28 in
571 2401 67 28 1869
651 2410 56 19 was
722 2410 16 19 a

175 2439 95 28 waiter
287 2444 28 22 at
338 2439 175 28 Stevenson's
534 2439 94 33 Hotel,
649 2438 71 28 Auck-

174 2476 75 34 land,
262 2476 55 29 and
337 2476 129 37 formerly
480 2477 30 27 of
525 2477 59 28 Her
598 2477 141 36 Majesty's

176 2515 74 32 65th,
267 2515 144 32 Regiment
431 2516 31 26 of
481 2516 78 31 Foot,
578 2515 161 36 regimental

176 2553 53 29 No.
259 2554 77 28 3122.
390 2553 132 38 Inquired
553 2553 40 28 for
623 2552 31 38 bj
694 2553 44 28 his

176 2593 118 31 brother,
304 2593 75 27 John
390 2593 182 34 M'Sweeney,
581 2594 17 26 9
608 2593 130 31 Wrixom,

177 2629 87 33 Lane,
287 2629 40 28 off
343 2629 125 28 Pencock
489 2629 85 33 Lane,
591 2629 79 34 Cora,
684 2629 41 28 Ire-

178 2667 74 30 land.

110 2706 44 29 W.
169 2707 100 32 Mills,
282 2707 23 26 is
325 2706 126 36 inquired
472 2706 42 28 for
531 2706 36 36 by
580 2706 44 28 his
643 2706 97 33 father,

178 2744 31 28 T.
233 2743 83 33 Mills,
336 2744 102 28 Broom
459 2744 105 33 Hause,
578 2745 59 31 129,
652 2744 89 36 Mosly

180 2782 86 34 Road,
287 2782 202 35 Birmingham,
511 2782 137 36 England.
697 2782 45 28 He
751 2782 1 36 '

180 2829 57 19 was
248 2820 53 28 last
313 2820 83 28 heard
409 2820 30 28 of
454 2825 30 23 at
496 2820 142 28 Auckland
650 2820 37 37 by
700 2820 43 29 his

180 2863 111 34 parents
303 2859 83 29 about
399 2859 52 29 five
463 2869 80 26 years
555 2869 60 25 ago.

351 2911 39 27 H.
405 2911 33 27 G.
452 2911 223 32 YOUNGHAN,

533 2948 176 29 Postmaster.

282 3028 119 31 Public
419 3028 151 31 Notices.

106 3105 119 41 THE
287 3106 254 42 WINTER.
562 3108 183 41 STOCK

247 3226 113 40 NEW
385 3227 223 41 ZEALAND

111 3290 307 77 Clothing
450 3292 297 76 Factory

189 3376 274 33 PALMERSTON
496 3377 171 38 STREET,

326 3430 214 36 WESTPORT,

111 3477 60 59 IS
184 3487 61 18 now
258 3477 101 37 replete
369 3478 66 28 with
449 3489 15 17 a
474 3478 86 36 really
569 3478 179 37 Magnificent

323 3516 174 28 Assortment
508 3516 30 28 of

111 3567 121 38 Men's,
244 3565 141 33 Youths'
398 3567 69 32 and
478 3567 100 40 Boys'

251 3602 313 40 Fashionably-Cut
576 3604 170 39 Clothing,

113 3648 45 28 Ail
177 3648 80 28 made
276 3648 70 28 from
369 3648 68 27 New
456 3649 118 27 Zealand
586 3649 89 34 Wool,
687 3650 45 28 tho-

275 3685 116 38 roughly
404 3686 114 34 shrunk,
532 3686 55 29 and

111 3738 26 27 A
158 3738 95 35 Single
265 3738 106 27 Article
385 3738 68 28 Sold
465 3740 31 25 at
508 3739 123 36 Factory
643 3739 103 28 Prices.

110 3814 31 31 A
176 3813 142 41 Splendid
351 3814 187 31 Assortment
581 3814 33 33 of
652 3815 96 32 Men's

193 3856 126 33 Youths'
349 3857 59 30 and
441 3857 87 41 Boys'
564 3857 188 41 Waterproof

271 3899 150 42 Clothing,
437 3900 41 32 all
488 3900 121 33 marked
619 3901 32 32 in
662 3901 87 33 Plain

350 3944 134 41 Figures,
520 3944 59 32 and
617 3944 71 33 Sold
719 3947 30 30 at

426 3988 127 42 Factory
576 3988 109 33 Prices.

218 4070 236 30 FIRST-CLASS
473 4071 171 29 CUTTERS

112 4109 76 37 Only
201 4118 45 20 are
265 4110 121 36 engaged
407 4110 31 27 in
459 4110 47 28 the
527 4110 87 29 Order
634 4110 98 36 Depart-

344 4150 77 26 ment
433 4150 28 26 at
474 4147 46 30 the

114 4201 91 38 New
223 4200 163 39 Zealand
400 4200 166 52 Clothing
582 4202 164 51 Factory,

112 4314 34 33 A
163 4315 116 39 Single
297 4315 77 33 Suit
390 4315 104 32 Made
520 4317 37 29 to
581 4315 111 33 Order
715 4318 36 30 at

284 4364 146 40 Factory
447 4365 115 32 Prices
574 4365 7 32 !

116 4464 169 32 Remember
297 4465 99 31 !All
423 4465 75 33 from
523 4465 51 33 the
596 4465 89 33 finest
709 4476 28 22 se-

115 4508 95 33 lected
224 4510 72 31 New
312 4510 130 31 Zealand
463 4510 95 37 Wool,
574 4510 178 42 thoroughly

113 4553 126 37 shrunk,
256 4553 58 32 and
328 4564 18 21 a
359 4553 115 33 Perfect
489 4554 49 32 Fit
552 4554 199 32 Guaranteed.

190 4636 94 28 Terms
304 4635 110 30 CASH.
450 4637 44 28 No
510 4637 174 34 Abatement.

117 4712 105 35 Agents
251 4713 41 27 for
322 4713 47 27 the
399 4713 159 27 Unrivalled
589 4715 163 27 Wertheim

292 4750 115 29 Sewing
427 4751 153 30 Macaines.

118 4836 82 61 New
230 4835 151 63 Zealand
412 4837 158 75 Clothing
594 4837 156 75 Factory,

155 4920 328 39 PALMERSTON-ST.,
506 4922 212 32 WESTPORT.

207 5015 39 34 T.
264 5016 439 44 BLENNERHASSETT,

318 5068 131 34 Manager
461 5068 139 34 Westport
614 5069 119 27 Branch.

874 185 235 31 Government
1127 186 150 30 Notices.

849 395 146 28 MAIL
1060 395 245 28 NOTICE.

765 510 6 16 \
784 510 9 17 I
807 499 64 28 iHE
892 499 93 28 Letter
998 500 57 27 Box
1069 499 54 28 will
1137 499 31 28 be
1183 498 104 29 cleared
1299 498 40 29 for
1346 498 46 29 the

771 538 36 19 -*-
853 538 128 36 despatch
1007 539 30 27 of
1060 538 238 36 Correspondence
1323 538 68 27 from

764 576 43 28 the
821 576 78 35 Lyell
918 577 84 27 Office
1025 581 26 23 to
1073 577 45 27 the
1138 576 137 35 following
1292 576 100 36 places,

763 614 53 28 and
831 614 80 28 Mails
924 615 96 32 arrive,
1033 624 30 18 as
1081 614 88 28 under
1181 623 42 19 :

995 684 149 19 outwards
1155 683 5 20 :

797 727 54 26 For
881 726 147 37 Westport,
1059 727 163 34 Inangahua
1252 727 141 32 Junction,

764 764 153 34 Cronadun,
939 766 171 33 Boatman's,
1135 765 124 35 Heefton,
1282 765 54 28 and
1357 766 36 27 all

763 804 129 28 southern
911 804 244 36 correspondence:
1177 804 122 37 Sunday,
1314 804 59 28 Wed-

764 842 102 35 nesday
880 842 54 28 and
948 842 111 37 Friday,
1073 847 28 23 at
1113 844 16 26 9
1142 851 65 19 a.m.

797 890 55 27 For
874 890 117 28 White's
1011 890 89 33 Point,
1121 890 72 28 Fern
1216 890 72 32 Flat,
1310 891 83 27 Owen

765 928 89 32 River,
876 928 112 31 Nelson,
1009 928 55 27 and
1084 929 36 26 all
1141 929 131 26 northern
1294 938 84 17 corres-

763 967 138 36 pondence
911 974 6 20 :
938 966 135 38 Tuesday,
1086 966 144 37 Thursday
1239 967 53 28 and
1303 967 75 28 Satur-

764 1005 62 33 day,
840 1009 28 21 at
882 1005 59 27 1.30
954 1014 65 25 p.m.

797 1051 55 28 For
858 1050 158 29 Melbourne
1023 1050 54 29 and
1084 1051 156 28 Australian
1254 1050 141 29 Colonies:

764 1089 181 36 Wednesday,
958 1094 29 24 at
1000 1091 15 27 9
1028 1100 65 18 a.m.

965 1160 84 20 MAILS
1073 1161 103 18 ARRIVE
1187 1159 5 21 :

798 1203 82 28 From
904 1202 147 37 Westport,
1073 1202 160 35 Fnangahua
1254 1202 132 29 Junction

764 1241 155 34 Cronadun,
927 1242 169 33 Bontman's,
1105 1242 123 32 Reefton,
1237 1243 61 27 &c.:
1313 1242 66 28 Tues-

764 1282 62 37 day,
840 1281 145 37 Thursday
997 1281 54 28 and
1065 1281 146 37 Saturday,
1225 1287 26 22 at
1266 1282 16 28 2
1296 1291 65 27 p.m.

798 1329 83 28 From
903 1329 116 28 White's
1038 1329 90 33 Point,
1143 1329 69 28 Fern
1227 1329 71 32 Flat,
1313 1329 82 27 Owen

767 1368 87 33 River,
870 1368 110 33 Nelson,
996 1368 62 28 &c.:
1079 1367 122 36 Sunday,
1214 1367 181 37 Wednesday,

765 1406 53 29 and
832 1406 111 37 Friday,
957 1410 28 25 at
998 1408 61 27 9.30
1072 1416 64 18 a.m.

798 1454 84 28 From
895 1454 148 37 Longford,
1058 1453 169 33 Murchison,
1241 1453 55 29 and
1310 1454 68 27 Mata-

765 1492 99 27 kitaki:
886 1493 173 35 Wednesday
1072 1492 55 27 and
1150 1493 122 34 Sunday,
1285 1495 29 24 at
1336 1493 60 25 9.30

765 1539 64 20 a.m.

990 1582 39 28 H.
1049 1583 33 27 G.
1102 1582 225 33 YOUNGMAN,

1186 1630 176 27 Postmaster.
