4120 5920
90 208 141 42 reducing
242 210 49 32 tho
303 213 96 39 postal
409 216 87 34 rates,
510 214 114 32 further
636 217 89 30 states

92 252 65 32 that
172 253 36 32 he
233 255 96 31 favors
356 255 51 33 the
432 257 194 42 establishing
654 259 32 31 of
710 269 16 22 a

90 300 110 37 system
217 298 31 32 of
261 299 148 31 universal
423 311 99 30 penny
535 305 131 37 postage.

449 354 173 42 September
638 356 46 31 13.

92 403 129 35 General
256 407 130 34 Rebvers
421 408 111 39 Buller,
568 410 66 31 who
668 410 58 31 had

90 447 74 34 been
193 450 179 42 despatched
400 455 30 30 to
457 453 120 33 Ireland
604 454 44 32 for
675 454 50 33 the

91 504 125 31 purpose
231 496 32 31 of
285 497 190 41 suppressing
497 498 179 41 boycotting,
702 499 24 32 is

90 548 67 21 now
169 539 175 42 trawelling
367 541 130 40 through
519 542 51 32 the
595 542 131 42 Country

89 582 33 31 of
134 582 95 38 Clare,
246 584 97 32 where
358 586 137 39 agrarian
510 588 137 40 outrages
675 598 49 21 are

91 626 32 32 of
135 627 136 41 frequent
286 639 169 22 occurence.

129 671 37 32 In
181 672 50 32 the
257 672 102 34 House
384 674 32 32 of
438 674 161 33 Commons
624 675 101 42 to-day

93 725 17 20 a
131 716 60 30 Bill
213 719 30 28 to
277 718 108 30 amend
419 718 51 31 the
503 722 120 36 present
656 720 70 30 land

92 758 167 42 legislation
275 758 31 34 in
328 760 120 33 Ireland
470 772 59 21 was
553 761 173 34 introduced

91 802 39 42 by
144 803 48 32 Mr
207 803 130 39 Parnell,
353 805 59 32 and
426 806 70 32 read
507 806 50 32 the
569 806 64 32 first
643 807 81 31 time.

92 847 64 31 The
190 858 135 22 measure
365 850 134 39 provides
534 850 66 31 that
640 850 86 30 Land

92 890 107 33 Courts
215 891 106 33 should
336 892 34 33 be
385 894 182 40 empowered
581 895 31 31 to
621 894 104 31 reduce

93 935 51 33 the
159 939 81 29 rents
254 936 107 41 during
376 948 17 20 a
406 938 100 40 period
518 938 31 32 of
560 941 57 29 two
631 949 93 30 years,

92 980 59 30 and
179 980 66 32 that
273 981 125 31 eviction
426 982 106 31 should
559 981 36 33 be
623 982 101 40 stayed

92 1022 87 33 when
202 1024 50 31 the
276 1026 105 29 tenant
404 1024 55 31 has
483 1025 150 41 deposited
654 1025 71 31 with

91 1067 52 32 the
158 1068 91 32 Court
263 1068 66 32 half
349 1069 50 32 the
425 1072 123 29 amount
573 1069 96 41 owing
693 1071 31 30 to

94 1111 50 32 the
159 1111 145 33 landlord.

133 1156 39 30 At
187 1156 49 31 the
252 1156 134 32 Colonial
398 1156 73 32 wool
482 1157 134 31 auctions
626 1156 99 41 to,day

96 1200 107 35 14,000
217 1198 81 32 bales
313 1210 74 21 were
403 1200 116 36 offered,
536 1200 71 31 andt
631 1200 93 40 prices

93 1242 100 42 firmly
219 1243 193 32 maintained.
468 1243 100 33 Wools
597 1243 31 33 of
652 1243 73 41 good

94 1286 113 42 quality
222 1298 48 20 are
285 1287 38 31 4d
337 1287 106 41 higher
457 1287 73 32 than
543 1289 29 30 at
583 1288 50 32 the
648 1287 76 33 close

95 1331 32 31 of
137 1330 58 31 last
210 1330 85 32 sales.

134 1373 62 32 The
222 1373 171 32 Australian
407 1373 155 33 cricketers
577 1384 74 22 were
676 1384 32 21 en-

92 1418 146 32 tertained
253 1418 101 42 to-day
368 1420 30 30 at
413 1418 105 32 dinner
532 1418 38 42 by
585 1419 47 31 Mr
644 1418 60 32 Hen-

92 1461 106 32 necker
213 1462 129 32 Heaton.

130 1506 37 30 In
182 1505 50 32 the
247 1506 101 31 House
377 1505 32 32 of
433 1505 161 32 Commons
622 1506 101 40 to-day

93 1548 51 34 the
159 1549 79 33 Hon.
255 1550 128 32 Edward
399 1549 161 42 Stanhope,
574 1550 152 42 Secretary

94 1594 32 30 of
139 1593 82 32 State
236 1594 44 31 for
294 1595 50 30 the
360 1594 146 36 Colonies,
523 1595 31 29 in
568 1595 83 40 reply
664 1597 31 29 to
710 1605 16 20 a

95 1637 145 40 question,
256 1637 63 31 said
333 1637 50 31 the
398 1637 143 41 proposed
555 1637 81 31 cable
651 1637 75 32 from

96 1681 199 31 Vancouver's
309 1681 101 31 Island
425 1684 30 28 to
471 1680 149 32 Australia
630 1681 96 31 would

93 1724 36 32 be
144 1724 138 33 attended
306 1724 71 33 with
404 1724 95 42 heavy
526 1724 199 41 expenditure,

94 1769 59 29 and
180 1769 65 30 that
269 1768 53 32 her
351 1769 151 40 Majesty's
526 1769 200 31 Government

94 1814 109 30 cannot
218 1812 93 31 arrive
327 1814 29 29 at
371 1823 17 19 a
402 1811 128 32 decision
546 1823 38 20 on
598 1812 51 31 the
661 1812 48 30 sub-

91 1856 60 42 ject
163 1855 77 33 until
251 1856 50 33 the
313 1856 135 32 different
456 1855 133 34 Colonial
597 1855 110 34 Govern-

94 1903 97 28 ments
205 1901 158 30 interested
379 1901 31 30 in
435 1901 49 30 the
509 1901 117 30 scheme
651 1900 75 31 shall

96 1943 74 34 have
185 1944 154 42 expressed
353 1943 77 33 their
445 1943 145 43 opinions.

173 2005 263 39 Constantinople,
450 2005 172 42 September
637 2007 47 31 13.

134 2059 62 32 The
221 2059 162 40 Bulgarian
408 2059 140 32 National
570 2059 156 42 Assembly

94 2106 92 28 meets
209 2103 100 40 to-day
330 2102 32 32 in
385 2103 176 31 accordance
585 2103 71 31 with
671 2103 51 31 the

94 2156 153 22 summons
262 2145 32 33 of
315 2145 104 32 Prince
444 2145 175 33 Alexander.
663 2146 62 31 The

94 2190 130 40 meeting
252 2190 31 31 of
313 2190 51 31 the
391 2190 133 40 deputies
558 2190 66 31 who
651 2201 74 21 were

94 2233 171 32 nominated
279 2233 38 42 by
331 2233 51 32 the
398 2233 159 41 Sovereign
570 2233 56 32 has
651 2233 73 32 been

94 2278 79 35 held,
189 2280 86 28 when
289 2277 23 31 it
326 2288 59 20 was
399 2277 132 32 resolved
546 2280 30 29 to
591 2277 134 32 combine

95 2323 30 29 to
141 2323 80 29 avert
235 2331 57 31 any
306 2320 113 40 foreign
429 2320 173 41 occupation
612 2320 32 32 of
654 2320 53 32 Bul-

94 2365 90 39 garia,
201 2365 58 31 and
273 2365 43 32 for
331 2365 50 31 the
395 2376 125 30 purpose
539 2364 32 32 of
593 2364 133 42 securing

94 2408 50 31 the
158 2411 102 28 return
271 2408 32 31 of
314 2408 105 31 Prince
431 2409 176 30 Alexander.

313 2496 199 28 LATEST

110 2543 372 40 AUSTRALIAN
532 2543 173 40 NEWS.

306 2645 125 38 Sydney,
449 2644 172 42 September
637 2646 46 31 13.

134 2697 154 41 Shepherd
313 2697 108 38 Smith,
446 2697 119 41 general
584 2707 142 31 manager

92 2742 33 32 of
137 2743 50 31 the
202 2742 85 31 Bank
302 2742 31 33 of
344 2742 72 32 New
431 2741 95 34 South
541 2740 184 38 Wi?les,died

94 2787 109 40 to-day.

235 2837 194 39 Melbourne,
447 2837 172 42 September
635 2839 46 30 15.

132 2891 36 32 In
182 2891 82 40 reply
288 2893 30 30 to
343 2902 16 20 a
384 2890 249 33 communication
647 2891 76 31 from

92 2935 50 31 the
178 2935 151 31 Governor
373 2935 32 30 of
445 2933 130 32 Victoria
621 2933 103 40 asking

92 2978 132 32 whether
252 2988 16 20 a
295 2977 93 31 vessel
415 2987 60 21 was
503 2976 143 32 available
679 2976 45 32 for

90 3022 141 41 despatch
259 3024 31 29 to
317 3022 72 31 New
416 3020 145 33 Hebrides
595 3020 45 32 for
673 3020 51 32 the

90 3077 124 28 purpose
230 3065 31 32 of
273 3065 165 40 protecting
458 3065 112 30 British
586 3065 136 31 interests

90 3109 32 31 in
143 3109 83 31 those
249 3108 121 36 islands,
387 3107 133 31 Admiral
546 3107 98 41 Tyron
668 3107 54 30 has

90 3153 97 31 stated
201 3152 66 32 that
279 3154 57 30 two
348 3151 186 33 men-of-war
545 3161 48 21 are
606 3151 118 41 already

91 3199 31 28 at
136 3197 72 31 New
223 3196 153 36 Hebrides,
393 3196 58 31 and
475 3196 38 31 he
529 3195 124 31 believes
668 3195 54 31 the

91 3242 76 29 state
195 3239 32 32 of
251 3239 99 32 affairs
377 3239 82 32 there
487 3238 54 32 has
569 3238 75 32 been
674 3248 32 22 ex-

90 3284 166 41 aggerated.

130 3338 70 32 Five
214 3337 137 31 hundred
364 3337 140 31 returned
518 3337 115 40 diggers
647 3336 75 32 have

90 3381 114 32 arrived
229 3385 30 28 at
283 3380 70 33 Port
376 3380 121 32 Darwin
520 3381 101 41 to-day
645 3380 75 32 from

89 3425 171 41 Kimberley
287 3424 163 41 goldfields.
513 3424 82 41 They
621 3427 98 37 report

92 3470 66 32 that
172 3480 91 31 many
282 3469 116 41 diggers
422 3468 61 33 still
507 3479 38 22 on
567 3468 50 32 the
642 3467 83 34 fields

93 3524 50 20 are
157 3514 32 30 in
203 3524 17 20 a
235 3515 75 29 state
325 3514 31 30 of
364 3512 130 32 distress.

228 3607 357 32 MISCELLANEOUS.

132 3724 80 34 Lord
237 3722 158 43 Randolph
419 3722 155 34 Clmrcliill
597 3722 130 33 received

94 3781 39 20 an
148 3780 183 30 anonymous
346 3769 141 31 donation
502 3769 31 31 of
539 3769 101 30 2OOO
684 3770 28 29 to-

95 3814 94 31 wards
204 3813 50 32 the
269 3812 74 42 good
357 3823 96 26 cause,
469 3812 76 32 from
560 3822 17 21 a

92 3857 63 32 The
171 3868 106 29 money
301 3866 59 22 was
384 3856 119 31 handed
527 3866 68 22 over
620 3859 31 28 to
676 3854 51 33 the

90 3902 208 33 Conservative
312 3901 90 41 Party
416 3900 82 32 fund.

116 3955 126 30 London
256 3963 185 30 newspapers
456 3955 97 37 report
568 3951 50 32 the
629 3953 60 31 sale
701 3953 31 31 of

91 3997 52 33 the
159 3995 205 42 Scarborough
392 3996 174 41 Aquarium,
618 3995 108 33 Which

91 4044 62 27 cost
169 4043 150 33 IOO,OOO
333 4040 105 30 within
453 4050 17 20 a
494 4040 54 30 few
573 4050 93 29 years,
682 4040 45 30 for

92 4086 110 36 4500,
218 4082 142 43 probably
374 4082 50 33 the
439 4082 114 42 biggest
568 4082 158 43 shrinkage

91 4129 32 30 in
137 4129 85 30 value
237 4128 32 30 of
280 4138 18 20 a
312 4128 81 30 show
407 4128 82 39 place
505 4137 37 21 on
557 4127 110 31 record.

134 4181 40 33 At
187 4181 51 33 the
252 4180 130 43 banquet
397 4179 86 43 given
497 4179 38 44 by
560 4179 49 33 the
637 4190 69 23 mem-

93 4226 70 37 bers;
176 4226 31 32 of
219 4226 50 32 the
284 4226 152 32 Victorian
451 4226 69 35 Bar,
536 4227 30 30 to
581 4225 48 31 Mr
643 4226 37 31 J.
691 4225 35 33 L.

94 4271 120 35 Purves,
231 4270 82 38 Q.C.,
330 4280 37 21 on
382 4269 46 30 his
444 4269 146 39 attaining
602 4269 64 37 silk,
678 4269 50 32 the

94 4316 85 37 guest
193 4313 112 31 related
319 4312 46 31 his
380 4311 80 42 early
484 4312 186 40 experiences
694 4315 30 28 at

94 4357 51 33 the
160 4357 68 38 Bar,
245 4357 103 41 saying
363 4356 65 32 that
456 4355 23 33 it
493 4366 60 22 was
567 4360 51 28 ten
642 4367 84 31 years

94 4402 97 31 before
206 4402 38 30 ho
260 4412 58 20 was
334 4401 65 31 able
413 4404 31 28 to
466 4411 71 21 earn
564 4400 47 31 his
637 4400 90 32 bread

95 4445 58 31 and
168 4445 108 31 butter.
319 4444 46 31 He
378 4444 90 40 urged
479 4444 101 40 junior
607 4444 120 32 counsel

95 4491 53 29 not
162 4492 31 28 to
207 4488 115 41 despair
336 4488 24 30 if
372 4488 70 41 they
456 4487 49 31 did
529 4489 52 30 not
606 4488 121 31 succeed

97 4536 30 29 at
141 4532 75 33 first.

136 4586 148 31 Statistics
299 4585 80 31 show
488 4587 190 38 one-quarter
702 4585 32 31 of

98 4630 41 31 all
163 4630 50 31 the
228 4628 129 42 insanity
378 4628 31 31 in
433 4628 51 32 the
503 4628 100 37 world,
619 4628 59 31 and
701 4628 31 31 in

97 4673 84 32 Paris
196 4673 135 32 one-half
347 4673 24 31 is
386 4673 106 31 caused
506 4672 38 42 by
557 4672 96 32 drink.
696 4673 36 30 In

96 4717 51 32 the
159 4717 195 41 Department
365 4716 31 32 of
404 4716 50 32 the
467 4716 97 36 Seine,
571 4716 31 31 in
609 4717 122 36 France,

98 4761 83 31 there
197 4771 47 20 are
261 4760 43 31 six
318 4760 87 31 times
417 4771 31 19 as
457 4771 90 29 many
561 4760 127 31 lunatics
701 4771 31 19 as

98 4804 83 33 there
204 4814 74 22 were
293 4804 31 31 in
340 4805 85 35 1801,
441 4803 86 32 while
547 4803 50 32 the
611 4803 103 42 popula-

98 4849 63 30 tion
176 4849 24 30 is
215 4849 70 38 only
296 4848 82 31 three
390 4848 86 30 times
492 4858 30 20 as
534 4851 92 35 great.
669 4849 63 30 The

98 4891 80 31 chief
190 4890 31 32 of
237 4890 50 31 the
302 4889 133 42 physical
449 4899 101 21 causes
571 4889 162 41 producing

98 4935 114 31 mental
236 4934 112 30 disease
369 4933 24 30 is
414 4933 146 31 excessive
585 4933 146 40 drinking,

98 4978 97 32 which
209 4977 25 32 is
249 4976 180 42 responsible
444 4976 43 31 for
500 4977 56 30 562
578 4985 81 22 cases
682 4978 51 30 out

98 5023 32 31 of
142 5023 49 30 the
208 5024 75 30 1007
299 5021 143 31 admitted
456 5020 31 31 in
503 5020 49 31 the
574 5031 79 29 year.

135 5078 63 32 The
205 5076 128 33 unusual
341 5075 143 42 spectacle
491 5075 31 32 of
531 5086 17 20 a
560 5075 169 41 clergyman

98 5122 161 42 forgetting
268 5121 50 33 the
331 5122 62 31 text
408 5120 31 33 of
447 5120 51 32 the
509 5120 104 32 Lord's
625 5120 108 42 Prayer

96 5169 60 30 and
171 5167 141 39 breaking
327 5166 85 31 down
428 5165 31 30 in
473 5165 51 30 the
549 5167 126 37 attempt
703 5167 30 29 to

96 5213 102 39 repeat
210 5209 23 31 it
243 5209 98 32 before
352 5218 17 21 a
380 5207 209 40 congregation
596 5208 137 30 occurred

98 5256 31 31 in
145 5256 49 31 the
209 5253 112 33 church
336 5253 31 33 of
379 5253 51 31 the
445 5252 62 32 Rev
518 5251 43 32 Dr
572 5251 118 38 Deems*
703 5251 31 32 in

97 5300 74 31 New
185 5298 80 32 York
279 5297 140 40 recently.
462 5296 63 31 The
550 5295 62 32 Rev
633 5296 38 31 E.
695 5296 37 30 D.

98 5344 101 34 Jones,
216 5341 66 31 who
296 5341 54 30 has
371 5341 85 39 spent
479 5341 51 29 ten
551 5348 84 32 years
659 5348 32 21 as
717 5349 16 20 a

98 5386 176 41 missionary
301 5384 31 31 in
361 5383 105 37 China,
482 5393 70 26 was,
581 5381 96 41 owing
703 5383 31 30 to

96 5431 51 32 the
159 5431 59 30 fact
230 5429 66 32 that
307 5428 38 32 he
355 5427 60 32 had
426 5427 110 40 spoken
547 5426 49 32 the
607 5425 126 33 Chinese

97 5474 147 40 language
256 5473 45 30 for
329 5482 31 19 so
388 5470 80 39 long,
497 5469 108 31 unable
633 5471 30 29 to
691 5479 28 21 re-

98 5517 133 33 member
246 5515 50 33 the
312 5517 63 30 text
390 5514 31 32 of
432 5513 51 32 the
498 5512 105 33 Lord's
625 5512 109 42 Prayer

97 5562 32 31 in
144 5561 138 40 English.

137 5613 25 31 A
172 5612 171 41 gentleman
352 5609 103 42 placed
470 5620 16 21 a
497 5609 57 40 bag
564 5608 170 40 containing

97 5658 77 42 forty
186 5656 167 40 sovereigns
360 5655 31 31 in
398 5665 16 21 a
421 5653 149 41 cupboard
579 5656 30 28 at
615 5652 119 41 Bangor

96 5702 63 32 The
171 5703 71 30 next
252 5699 138 41 morning
404 5698 73 31 both
489 5697 57 40 bag
558 5696 59 32 and
627 5707 107 31 money

94 5757 76 21 were
204 5744 135 39 missing.
416 5741 162 41 Suspected
611 5751 122 31 persons

93 5801 76 21 were
193 5788 134 32 watched
352 5786 38 41 by
418 5786 49 32 the
495 5785 93 41 police
602 5795 7 27 ;
637 5783 53 32 but
699 5788 31 28 at

95 5834 105 39 length
215 5833 23 31 it
266 5842 60 21 was
354 5829 168 33 discovered
550 5828 65 32 that
644 5839 17 20 a
687 5830 47 29 rat

755 227 58 20 was
849 217 50 31 the
940 217 118 41 culprit.
1120 217 64 32 The
1225 214 164 36 woodwork

755 259 88 41 being
870 262 146 35 removed,
1046 261 50 32 the
1131 261 57 40 bag
1215 262 174 40 containing

754 302 163 43 thirty-five
941 304 32 32 of
997 304 51 32 the
1075 304 125 41 missing
1223 305 166 41 sovereigns

754 358 59 21 was
840 347 167 33 discovered
1035 347 32 32 in
1101 358 17 21 a
1145 348 67 32 hole
1240 349 65 32 four
1332 349 57 31 feet

753 392 76 32 from
856 393 50 32 the
940 393 158 40 cupboard,
1134 393 51 33 the
1218 390 171 44 remaining

753 436 82 31 coins
859 436 87 41 being
972 437 93 31 found
1088 437 114 32 further
1228 437 87 32 down
1338 438 51 31 the

753 480 138 32 animal's
905 483 118 30 retreat.

792 534 131 40 Perhaps
938 534 50 31 the
1004 536 147 39 strangest
1174 535 142 32 domestic
1339 537 50 39 pet

753 587 66 21 ever
833 577 92 31 heard
949 577 32 32 of
999 588 60 22 was
1082 578 132 42 recently
1237 578 151 32 exhibited

753 624 30 28 at
808 621 130 41 meeting
962 621 32 32 of
1026 622 51 32 the
1110 622 114 32 British
1256 622 116 32 Associa-

753 664 61 34 tion
830 665 38 43 by
884 665 47 33 Sir
945 665 81 34 John
1040 666 152 33 Lubbock.
1234 666 29 33 It
1285 676 60 23 was
1370 676 18 23 a

753 712 78 28 tame
860 720 88 29 wasp,
978 710 97 31 which
1097 711 60 30 had
1183 710 76 31 been
1286 711 32 31 in
1341 711 48 31 his

752 752 166 40 possession
932 752 44 32 for
991 752 89 32 about
1094 753 83 31 three
1191 753 133 31 months.
1359 754 29 30 It

753 807 66 21 now
833 798 47 30 ato
896 807 87 30 sugar
997 796 76 32 from
1086 796 48 32 his
1147 796 91 38 hand,
1265 797 58 32 and
1348 797 26 32 al-

753 840 92 31 lowed
869 840 63 30 him
958 843 30 28 to
1012 840 97 31 stroke
1134 841 32 30 it.
1218 841 62 31 The
1308 852 80 29 wasp

753 882 59 32 had
836 893 86 32 every
946 893 181 31 appearance
1150 883 31 32 of
1202 883 103 33 health
1331 885 58 31 and

753 927 158 41 happiness
925 938 6 27 ;
955 928 67 37 and,
1039 927 158 41 althougth
1212 928 23 32 it
1263 928 123 42 enjoyed

754 981 38 22 an
846 972 103 40 outing
1000 972 205 41 occasionally,
1230 972 24 32 it
1277 973 111 41 readily

753 1015 139 30 returned
906 1018 31 28 to
951 1015 38 30 its
1003 1015 102 36 bottle,
1121 1015 97 32 which
1232 1016 24 31 it
1270 1017 117 30 seemed

753 1059 30 31 to
798 1057 103 42 regard
917 1069 31 21 as
963 1068 17 22 a
993 1057 98 33 home.

795 1111 132 33 Suicides
953 1111 38 42 by
1019 1112 159 32 monarchs
1211 1112 76 32 have
1313 1113 76 32 been

752 1165 66 21 rare
845 1155 32 31 in
910 1156 123 31 modern
1067 1156 97 32 times.
1219 1156 64 32 The
1310 1159 78 30 most

753 1200 99 29 recent
867 1209 75 26 case,
954 1199 78 30 aside
1044 1198 76 31 from
1131 1199 67 31 that
1209 1199 32 31 of
1251 1200 135 39 Ludwig,

755 1242 78 41 King
857 1242 32 31 of
913 1242 136 36 Bavaria,
1065 1253 59 21 was
1148 1242 66 33 that
1235 1242 33 33 of
1289 1242 99 33 Abdul

754 1286 80 37 Aziz,
852 1285 108 33 Sultan
974 1287 31 31 of
1018 1286 125 41 Turkey,
1159 1287 66 32 who
1244 1287 113 40 opened
1371 1297 17 21 a

753 1330 68 30 vein
845 1329 31 32 in
898 1330 47 30 his
968 1340 63 20 arm
1046 1329 31 33 in
1103 1332 87 30 1876.
1240 1330 37 31 In
1301 1332 85 35 1868,

754 1372 161 37 Theodore,
941 1372 146 41 Emperor
1114 1373 32 31 of
1177 1372 157 42 Abyssinia
1360 1374 26 30 is

755 1416 61 32 said
841 1419 30 30 to
892 1417 74 32 have
988 1417 66 32 shot
1078 1417 129 32 himself.
1249 1417 37 32 In
1312 1418 76 32 1820

753 1461 51 31 the
816 1461 79 40 King
909 1461 32 31 of
958 1461 93 40 Hayti
1065 1461 123 40 escaped
1201 1463 120 39 capture
1349 1461 39 42 by

753 1504 187 40 committing
964 1504 119 32 suicide.
1125 1504 123 32 Charles
1271 1504 69 32 VII.
1357 1505 32 32 of

754 1548 112 32 France
882 1548 115 33 starved
1011 1547 122 33 himself
1144 1551 30 29 to
1188 1547 99 34 death.

793 1602 51 31 Dr.
874 1602 153 40 Drysdale,
1049 1602 76 31 after
1144 1602 121 40 visiting
1291 1602 94 37 Paris,

753 1644 129 33 declares
896 1644 122 33 himself
1036 1654 17 22 a
1066 1644 127 33 believer
1207 1644 32 32 in
1253 1645 43 32 M.
1315 1645 53 32 Pas-

753 1690 106 30 teurs's
880 1688 202 42 hydrophobia
1103 1699 78 22 cure.
1233 1689 79 41 Only
1331 1699 56 22 one

754 1731 31 33 in
806 1741 17 22 a
844 1732 134 32 hundred
998 1742 120 31 persons
1139 1732 96 32 bitten
1256 1732 39 42 by
1317 1733 70 31 mad

753 1776 71 40 dogs
833 1776 54 31 has
899 1776 66 31 died
980 1776 73 31 after
1065 1776 183 40 undergoing
1262 1777 42 31 M.
1315 1777 53 31 Pas-

753 1821 91 30 teur's
872 1819 104 41 simple
1004 1821 169 30 treatment.
1228 1819 84 33 With
1336 1819 50 33 the

754 1863 152 41 exception
927 1864 32 32 of
976 1863 50 33 the
1047 1863 82 42 prick
1150 1863 72 33 with
1242 1863 52 34 the
1314 1863 57 34 fine-

753 1908 120 39 pointed
896 1908 141 40 injection
1059 1908 126 40 syringe,
1201 1909 138 39 patients,
1363 1909 23 31 it

754 1961 131 31 appears,
901 1950 75 34 have
996 1962 39 22 no
1059 1951 86 33 other
1159 1962 172 32 annoyance
1355 1953 31 31 to

754 1995 147 40 complain
922 1996 38 35 of,
983 2006 31 20 as
1039 1995 83 32 there
1143 2006 50 21 are
1221 1997 165 40 absolutely

753 2049 39 22 no
813 2041 172 39 symptoms,
1007 2038 59 33 and
1094 2040 38 32 10
1157 2041 163 39 punctures
1347 2051 39 22 on

756 2085 35 29 10
806 2084 159 31 successive
980 2084 71 40 days
1066 2094 49 21 are
1130 2084 156 32 sufficient.

793 2134 63 31 The
876 2134 53 31 fall
955 2135 31 30 in
1014 2135 51 30 the
1093 2135 79 40 price
1200 2135 32 32 of
1256 2135 71 31 land
1354 2135 32 31 in

753 2178 139 41 England
906 2178 25 33 is
946 2178 166 33 illustrated
1125 2178 39 43 by
1178 2178 51 34 the
1240 2178 59 34 fact
1318 2178 67 34 that

753 2232 18 20 a
790 2223 62 40 plot
873 2223 32 31 of
929 2222 70 31 land
1019 2223 113 40 bought
1152 2223 45 31 for
1218 2224 110 35 SOOO,
1351 2234 32 21 or

753 2265 90 33 about
858 2267 60 31 2O
932 2277 39 21 an
985 2276 75 28 acre,
1076 2266 39 42 by
1138 2265 50 34 the
1202 2266 60 33 late
1290 2266 74 33 Arch-

753 2310 104 40 bishop
871 2310 32 32 of
914 2310 88 36 York,
1018 2310 54 31 has
1083 2310 63 41 just
1160 2310 75 32 been
1246 2310 136 41 disposed

753 2353 32 32 of
797 2353 43 32 for
854 2364 17 21 a
885 2353 77 33 little
976 2364 68 22 over
1058 2354 40 31 4
1114 2364 39 22 an
1167 2364 76 23 acre.
1285 2353 96 39 Land,

753 2397 113 36 indeed,
882 2397 25 31 is
922 2408 66 20 now
1002 2409 31 19 so
1054 2398 93 40 cheap
1160 2398 67 31 that
1248 2398 134 32 cautious

753 2440 102 42 people
877 2451 38 22 on
935 2440 51 33 the
1006 2440 134 34 look-out
1166 2440 45 34 for
1238 2441 75 42 good
1340 2441 30 32 in-

753 2488 161 29 vestments
929 2496 49 21 are
992 2486 87 39 again
1093 2486 162 40 beginning
1269 2489 30 30 to
1319 2486 67 33 look

753 2531 31 29 to
797 2529 33 37 it,
846 2528 31 32 in
891 2529 52 32 the
957 2528 90 33 belief
1067 2529 66 32 that
1147 2529 32 32 in
1193 2539 18 22 a
1224 2529 55 33 few
1302 2539 84 32 years

753 2573 70 40 they
837 2573 61 30 will
911 2576 70 27 turn
995 2573 77 31 their
1085 2584 108 30 money
1207 2584 68 21 over
1286 2574 97 39 again.

793 2623 62 35 The
886 2624 143 42 Kirghese
1058 2625 57 32 and
1150 2624 141 35 Cossacks
1319 2625 66 33 who

753 2668 85 32 dwell
862 2680 39 20 on
929 2670 50 31 the
1008 2670 156 40 Orenburg
1190 2670 102 31 Plains
1319 2670 67 31 take

752 2714 83 39 great
849 2712 113 41 delight
981 2712 32 32 in
1028 2713 220 42 wolf-hunting.
1300 2713 83 42 They

753 2759 105 29 mount
872 2757 83 32 there
969 2756 68 33 fleet
1051 2757 77 33 little
1141 2757 102 33 horses
1258 2757 59 33 and
1341 2760 44 30 set

753 2799 78 31 forth
846 2800 101 32 armed
961 2800 71 31 with
1047 2801 95 41 heavy
1152 2801 93 32 clubs.
1287 2801 98 31 When

752 2842 50 33 the
818 2854 81 21 snow
912 2843 25 33 is
951 2844 72 41 deep
1038 2843 58 32 and
1120 2844 69 33 does
1202 2847 54 30 not
1279 2844 74 33 have
1369 2854 17 22 a

752 2887 67 31 firm
835 2891 80 28 crust
939 2898 18 21 a
971 2888 71 31 wolf
1061 2888 26 31 is
1101 2888 92 42 easily
1216 2899 57 21 run
1287 2889 96 37 down,

751 2940 32 22 as
809 2930 38 32 he
868 2931 81 32 sinks
966 2931 67 33 into
1054 2931 51 33 the
1133 2942 81 22 snow
1241 2934 31 30 at
1299 2943 87 30 every

751 2976 65 37 step
844 2974 58 30 and
936 2984 72 22 soon
1041 2974 136 32 becomes
1211 2974 172 33 exhausted.

752 3016 46 33 He
813 3017 104 42 finally
931 3018 53 31 sits
1008 3018 86 33 down
1108 3030 40 21 on
1160 3018 48 32 his
1232 3018 153 33 haunches

752 3061 59 31 and
825 3062 112 41 quietly
957 3063 83 31 waits
1055 3063 44 32 for
1113 3063 51 32 the
1178 3063 73 31 fatal
1265 3063 77 33 blow
1356 3063 32 33 of

751 3104 51 31 the
817 3105 77 31 club.

1264 74 115 42 THE
1434 70 184 45 LYELL
1670 69 184 49 TIMES,
1910 66 305 52 SATURDAY,
2271 70 332 42 SEPTEMBER
2660 73 17 45 i
2677 73 36 45 3,
2773 73 100 40 1886.

769 3172 220 35 (Continuation
1002 3173 34 36 of
1049 3174 91 32 News,
1153 3182 42 19 see
1207 3174 50 28 4th
1268 3174 100 35 Page.)

924 3250 120 33 Public
1061 3251 153 32 Notiies.

882 3330 228 34 FENNELL'S
1132 3331 122 33 HALL.

753 3438 95 34 THIS
863 3439 198 39 EVENING,
1070 3440 157 43 Saturday,
1244 3440 82 43 Sept.
1338 3443 47 31 18.

756 3549 185 34 TiOLEY'S
962 3547 230 36 FACETIOUS

756 3589 28 41 I
1053 3593 261 35 FESTIVITIES
1331 3595 6 31 !
1355 3595 6 31 !
1379 3596 6 30 !

976 3650 132 34 Assisted
1122 3650 39 44 by

754 3695 73 30 Miss
852 3695 106 39 Fanny
982 3697 170 34 M'Dowall,
1180 3696 110 30 Messrs
1315 3697 53 29 Ber-

793 3737 93 39 thold,
902 3736 104 44 Inglis,
1032 3737 136 40 Corfield,
1185 3738 109 39 O'Dea,
1311 3738 35 33 F.

833 3782 154 37 Harrison,
1017 3783 100 37 Atkin,
1141 3784 60 30 and
1225 3784 84 31 other

754 3824 92 34 Local
859 3826 84 42 Lady
957 3826 58 32 and
1029 3826 179 33 Gentlemen
1220 3827 166 32 Amateurs.

944 3909 99 32 Prices
1058 3920 32 21 as
1104 3909 96 32 usual.

803 3992 63 28 IHE
886 3992 156 28 ANNUAL
1061 3992 97 28 BALL
1172 3993 30 28 of
1220 3996 46 25 the
1290 3993 77 27 Hamp-

846 4039 56 19 den
924 4031 165 34 Quadrille
1110 4032 149 27 Assembly
1279 4032 55 28 will
1356 4031 32 29 be

755 4067 64 28 held
833 4077 35 18 on
891 4068 152 34 FRIDAY,
1057 4069 42 28 Ist
1116 4069 181 33 OCTOBER,
1311 4070 77 32 1886,

755 4105 29 29 in
797 4107 45 29 the
856 4107 106 29 Public
976 4107 91 35 Hall,
1083 4107 181 30 Murchison.

782 4187 117 37 Tickets,
914 4185 54 42 7/6.
1005 4187 206 31 Refreshments
1224 4188 139 39 provided.

758 4236 150 29 Stewards:
927 4238 33 27 B.
980 4238 38 27 H.
1040 4238 115 31 Delano,
1177 4238 162 34 Treasurer;
1360 4238 27 29 S.

825 4276 138 33 Thomas;
984 4276 37 28 H.
1042 4275 139 35 Harford;
1200 4276 31 28 T.
1254 4276 33 28 B.
1310 4276 57 28 Hud-

825 4314 115 33 dleston,
955 4314 151 35 Secretary.

824 4405 11 19 /
847 4396 199 28 ANTED.A
1058 4396 130 29 situation
1201 4406 30 18 as
1245 4396 143 28 Storeman

821 4433 4 38 '
882 4444 30 18 or
925 4433 183 38 Bookkeeper.
1137 4434 79 28 Good
1226 4437 165 25 accountant

758 4472 52 28 and
823 4472 46 28 the
882 4472 85 35 rough
981 4472 160 34 knowledge
1148 4472 29 28 of
1186 4472 134 28 business.

791 4510 99 37 Apply,
1075 4510 77 28 office
1167 4510 29 29 of
1207 4510 54 29 this
1275 4519 92 28 paper.

909 4599 330 32 FOUND.

760 4713 131 81 NEAE
915 4713 231 38 LONGFORD,
1162 4713 102 41 Upper
1277 4713 113 37 Buller,

849 4768 38 21 on
902 4758 114 39 August
1030 4758 64 36 Bth,
1111 4759 85 35 1886,
1210 4768 17 20 a
1242 4757 149 32 SILVER

759 4801 189 32 HUNTING
970 4800 157 33 WATCH.

799 4914 62 33 The
876 4925 99 22 owner
995 4925 56 22 can
1075 4913 102 34 obtain
1191 4924 82 23 same
1288 4924 39 23 on
1341 4923 33 33 ap-

759 4959 140 39 plication
923 4961 30 28 to
978 4959 86 39 Lyell
1088 4959 98 31 Police
1212 4959 103 39 Camp,
1332 4959 59 29 and

758 5001 109 43 paying
882 5012 151 31 expenses.

832 5089 289 34 MATRIMONIAL
1143 5088 176 33 AGENCY.

765 5180 164 30 tENSEN
958 5181 22 29 &
1005 5179 71 36 CO.,
1105 5181 18 29 9
1153 5178 117 31 Station
1299 5178 92 36 Road,

760 5210 23 51 J
831 5222 150 38 Plaistow,
996 5221 135 38 London,
1144 5221 151 40 England.
1337 5221 37 30 Es-

761 5264 146 34 tablished
934 5269 31 29 to
992 5266 105 41 supply
1126 5265 124 32 Settlers
1276 5265 33 31 in
1342 5264 50 33 the

761 5309 135 32 Colonies
924 5309 72 32 with
1024 5309 50 32 the
1103 5309 150 31 addresses
1287 5308 33 32 of
1350 5319 28 21 re-

761 5353 146 40 spectable
922 5363 99 30 young
1039 5362 116 21 women
1169 5351 66 32 who
1258 5361 48 21 are
1331 5352 45 30 wil-

760 5396 63 41 ling
847 5398 29 30 to
901 5395 215 33 communicate
1141 5395 72 32 with
1237 5395 78 32 bona
1335 5395 57 32 fide

762 5441 189 35 Tradesmen,
967 5440 147 36 Farmers,
1139 5440 58 31 and
1221 5439 99 32 others
1345 5439 31 32 de-

761 5483 93 31 sirous
880 5483 31 31 of
931 5483 131 39 meeting
1085 5482 72 31 with
1179 5482 97 31 useful
1294 5482 97 31 wives.

762 5527 81 42 They
857 5527 61 32 will
939 5526 36 33 be
1000 5525 133 42 supplied
1153 5525 76 33 from
1243 5525 51 33 the
1310 5525 65 42 Agri-

761 5571 127 32 cultural
902 5570 138 32 Districts
1055 5570 31 32 of
1097 5570 150 40 England,
1263 5570 128 37 Ireland,

762 5615 151 36 Scotland,
929 5614 59 31 and
1012 5614 109 36 Wales,
1147 5624 32 21 as
1201 5614 67 31 well
1292 5624 31 20 as
1343 5614 50 31 the

762 5658 160 32 Continent
962 5657 33 33 of
1025 5657 128 42 Europe.
1216 5657 174 41 Applicants

761 5702 106 32 should
892 5704 75 30 state
992 5702 77 32 their
1089 5701 160 41 particular
1263 5701 112 41 require-

760 5749 98 29 ments
899 5747 59 30 and
1004 5746 191 40 preferences,
1241 5745 151 41 enclosing

760 5790 101 32 Postal
889 5790 92 31 Order
1009 5789 44 32 for
1080 5789 71 32 Two
1179 5789 154 40 Shillings,
1363 5793 30 28 to

760 5836 78 30 meet
852 5833 191 41 preliminary
1057 5843 150 30 expenses.

1589 202 118 36 Public
1729 204 151 34 Notices.

1486 289 207 29 FENNELL'S
1712 285 113 35 HALL,
1844 283 134 31 LYELL.

1669 398 17 20 A
1705 396 92 22 GRAND

1420 440 226 76 Jtmatenr
1680 438 369 64 dntertahramtt

1599 534 72 19 WILL
1683 533 36 19 BE
1731 532 86 20 GIVNN
1832 530 35 21 ON

1451 572 209 34 SATURDAY,
1675 570 172 30 OCTOBER
1851 568 73 38 J)th,
1938 567 77 33 1886,

1717 626 31 21 IN

1415 668 58 29 Aid
1491 668 35 32 of
1541 668 44 29 the
1603 667 139 36 Building
1760 664 87 30 Fund
1865 663 34 38 of
1915 663 40 29 St.
1975 663 73 27 Mat*

1564 708 94 27 thew's
1679 706 121 32 Church,
1820 703 90 38 Lyell.

1606 803 251 31 PROGRAMME.

1418 854 82 35 Song,
1541 854 54 27 I'm
1609 863 16 18 a
1639 852 177 28 Nobleman's
1830 852 54 26 Son

1824 889 44 28 Mr
1881 888 29 29 C.
1924 885 122 31 Bowden

1417 930 83 35 Song,
1561 929 94 29 Won't
1676 929 61 29 You
1760 928 63 37 Buy
1846 927 48 37 My
1919 926 96 36 Pretty

1450 969 120 28 Flowers
1767 967 68 28 Miss
1848 967 31 27 A.
1894 965 150 29 Dollimore

1415 1007 154 28 Recitation
1788 1005 44 28 Mr
1845 1004 103 29 Walter
1961 1003 85 28 Atkin

1417 1045 84 35 Song,
1515 1047 16 13 M
1541 1045 54 27 Put
1607 1045 23 26 it
1642 1044 88 28 Down
1745 1047 28 23 to
1787 1043 45 27 Me

1727 1082 45 28 Mr
1784 1082 38 27 H.
1837 1081 33 28 G.
1883 1080 166 35 Youngman

1416 1122 82 35 Song,
1542 1121 152 29 Constance
1773 1141 29 7 ...
1854 1120 60 27 Mrs
1926 1118 122 28 Bowden

1416 1160 74 35 Song
1561 1180 29 7 ...
1661 1179 33 11 ....
1767 1158 67 28 Rev.
1849 1156 199 29 Inness-Jones

1415 1197 94 32 Duett,
1552 1198 38 26 As
1604 1197 58 27 One
1682 1197 37 34 by
1740 1197 58 26 One
1821 1196 58 27 Our
1900 1195 115 27 Friends

1619 1234 58 28 Mrs
1686 1233 108 30 Waters
1804 1232 54 29 and
1874 1232 43 28 Mr
1930 1231 118 29 Corfield

1416 1273 83 37 Song,
1543 1273 64 28 Kiss
1621 1273 55 34 Me,
1689 1272 55 29 and
1758 1272 45 28 I'll
1817 1281 33 25 go
1863 1274 28 25 to
1905 1270 80 37 Sleep

1810 1310 44 28 Mr
1866 1310 31 28 F.
1912 1310 134 28 Harrison

1416 1350 74 35 Song
1825 1348 57 27 Mrs
1896 1348 33 26 R.
1943 1347 105 28 Carroll

1416 1387 83 36 Song,
1538 1387 95 29 We've
1644 1387 38 29 all
1693 1386 100 30 Joined
1808 1386 46 28 the
1867 1386 69 26 Blue
1950 1385 48 27 Rib-

1449 1426 54 28 bon
1515 1426 87 37 Army
1679 1447 29 7 ...
1781 1424 44 28 Mr
1837 1424 33 28 A.
1885 1424 32 28 A.
1931 1421 118 30 Corfield

1416 1465 82 36 Song,
1540 1465 111 28 Jessie's
1663 1465 103 27 Dream
1816 1484 29 7 ...
1867 1462 57 29 Mrs
1941 1461 108 30 Waters

1416 1503 73 35 Song
1536 1503 57 27 The
1618 1502 101 36 Bridge
1788 1522 29 7 ...
1856 1500 45 28 Mr
1914 1500 27 29 J.
1957 1500 92 29 O'Dea

1415 1540 83 38 Song,
1540 1540 104 29 Driven
1656 1539 73 30 from
1741 1539 93 29 Home

1829 1577 57 30 Mrs
1901 1573 27 34 J.
1942 1576 105 30 Carroll

1414 1617 84 36 Song,
1552 1618 142 36 Good*bye
1721 1616 177 33 Sweetheart,
1926 1616 71 27 Good-

1447 1654 53 39 bye
1835 1653 44 28 Mr
1894 1653 34 28 E.
1946 1653 103 28 Carroll

1414 1694 84 36 Song,
1549 1694 55 28 I'm
1625 1693 132 36 Waiting,
1773 1693 48 36 My
1833 1692 128 33 Darling,
1975 1691 41 28 for

1908 1730 58 27 Mrs
1978 1729 67 28 Best

1465 1808 66 29 Two
1545 1808 99 29 Scenes
1656 1808 71 29 from
1740 1807 111 28 Bulwer
1869 1807 128 36 Lytton's

1693 1855 47 29 OF

1414 1902 113 29 Pauline
1540 1901 198 37 Deschappells
1753 1922 29 8 ...
1804 1901 58 28 Mrs
1876 1900 34 28 E.
1924 1899 122 29 Bowden

1414 1940 103 29 Claude
1531 1940 134 29 Melnotte
1710 1959 30 8 ...
1790 1940 44 27 Mr
1848 1939 103 28 Walter
1963 1938 84 28 Atkin

1597 2035 40 29 To
1651 2034 131 29 conclude
1794 2031 67 31 with

1514 2083 165 29 CHRISTY
1714 2082 217 29 MINSTRELS

1413 2131 142 32 Overture,
1595 2129 137 29 Overland
1745 2129 99 35 Gallop
1907 2129 142 35 Company

1413 2168 127 38 Opening
1553 2167 115 35 Chorus,
1709 2167 103 38 Happy
1833 2176 46 19 are
1900 2166 59 33 We,
1973 2169 26 25 to-

1447 2207 88 37 night,
1902 2205 145 36 Company

1414 2246 83 36 Song,
1542 2245 86 29 Roses
1641 2244 179 29 Underneath
1835 2244 46 28 the
1894 2243 81 27 Snow

1724 2283 45 28 Mr
1780 2282 37 28 H.
1832 2282 33 28 G.
1878 2281 166 37 Youngman

1414 2322 83 37 Song,
1564 2330 43 20 see
1621 2322 60 28 Her
1693 2324 29 26 at
1735 2321 46 28 the
1795 2321 126 28 Window

1825 2358 44 28 Mr
1882 2358 28 28 C.
1926 2357 120 29 Bowden

1414 2399 82 36 Song,
1560 2398 89 29 Sweet
1661 2397 132 36 Chiming
1805 2397 74 28 Bells

1778 2435 44 28 Mr
1836 2436 31 25 A.
1881 2435 32 26 A.
1928 2433 116 29 Corfield

1414 2475 82 37 Song,
1540 2474 78 30 Tilda
1632 2475 80 29 Horn
1787 2474 44 29 Mr
1842 2472 106 31 Walter
1961 2472 84 29 Atkiu

1414 2515 83 34 Song,
1539 2515 77 27 Gone
1624 2523 44 19 are
1675 2514 47 27 the
1850 2512 44 27 Mr
1906 2512 26 28 J.
1948 2512 99 27 Brown

1413 2553 106 33 Finale,
1562 2552 121 36 Nursery
1696 2551 124 37 Rhymes
1861 2571 30 7 ...
1904 2549 143 38 Company

1482 2600 183 27 Interlocutor
1695 2618 29 8 ...
1757 2597 45 28 Mr
1814 2597 32 27 A.
1861 2597 118 27 Corfield

1482 2637 120 30 Pianiste
1801 2635 57 29 Mrs
1871 2635 107 29 Waters

1413 2733 88 29 Doors
1510 2742 70 28 open
1587 2735 28 26 at
1620 2733 71 33 7.30,
1698 2739 157 22 commence
1867 2733 27 26 at
1907 2731 17 27 8
1934 2728 110 30 o'clock.

1481 2771 158 29 Admission
1671 2792 29 7 ...
1734 2769 87 29 Three
1837 2769 140 36 Shillings.

1647 2822 33 27 A.
1696 2822 33 27 A.
1743 2820 201 32 CORFIELD,

1771 2859 76 29 Hon.
1863 2859 149 35 Secretary.

1560 2943 340 29 NOTICE.

1414 3050 35 32 J-
1486 3065 70 32 port,
1570 3060 80 36 Lyell
1663 3059 54 29 and
1737 3059 46 28 the
1797 3058 183 35 surroundiug
1993 3057 39 27 dis-

1413 3098 77 28 tricts
1503 3099 61 27 that
1580 3099 15 26 I
1615 3098 69 27 have
1707 3096 168 29 determined
1889 3105 75 26 npon
1985 3105 45 19 con-

1414 3136 108 36 tinuing
1543 3135 48 29 the
1614 3135 125 28 business
1763 3133 106 30 carried
1887 3143 35 18 on
1943 3133 35 37 by
1999 3142 47 26 my

1413 3175 54 28 late
1491 3174 136 33 husband,
1646 3173 55 29 and
1724 3177 72 26 trust
1821 3172 61 29 that
1907 3182 36 18 an
1968 3171 78 37 equal

1414 3222 126 19 measure
1553 3213 30 28 of
1601 3213 46 28 the
1661 3212 95 27 liberal
1770 3217 148 31 patronage
1931 3210 114 36 enjoyed

1414 3251 36 37 by
1472 3251 59 27 him
1551 3250 42 28 for
1606 3259 29 20 so
1652 3258 86 28 many
1760 3258 79 28 years
1860 3257 67 27 may
1950 3248 33 28 be
2004 3257 28 18 ex-

1414 3290 99 29 tended
1526 3293 28 26 to
1567 3298 54 20 me.
1658 3289 58 28 The
1729 3288 124 29 business
1865 3286 57 30 will
1937 3286 32 29 be
1984 3295 47 20 con-

1414 3328 98 29 ducted
1530 3328 88 29 under
1636 3328 46 29 the
1701 3337 76 19 same
1796 3327 69 36 style
1885 3336 31 19 or
1935 3326 60 28 title
2020 3335 29 19 as

1414 3367 130 29 hitherto.

1682 3404 107 28 MARY
1807 3403 79 29 ANN
1906 3402 107 29 CORR.

1447 3444 149 36 Westport,
1609 3443 66 29 28th
1687 3443 77 36 July,
1778 3444 76 27 1886.

1415 3526 69 61 The
1497 3526 82 61 New
1595 3526 168 73 Saddlery
1776 3524 273 62 Establishment

1629 3610 211 29 WESTPORT.

1522 3689 127 28 ASMUS
1673 3688 65 35 begs
1762 3691 29 26 to
1815 3686 100 30 inform
1941 3685 47 31 the
2009 3685 38 29 in-

1487 3736 14 11 >
1540 3726 140 28 habitants
1693 3726 30 28 of
1741 3725 81 36 Lyell
1835 3725 54 27 and
1903 3723 128 29 surround-

1415 3764 48 36 ing
1474 3764 121 30 districts
1607 3764 60 30 that
1680 3764 35 29 he
1727 3763 50 29 has
1800 3762 104 39 opened
1925 3762 124 29 business

1415 3813 30 18 as
1459 3813 15 18 a
1488 3804 113 28 Saddler
1614 3803 54 28 and
1687 3803 123 28 Harness
1835 3801 95 28 Maker
1952 3802 30 26 in
2003 3800 46 27 the

1415 3851 61 20 new
1497 3842 55 29 and
1573 3841 132 37 centrally
1728 3839 117 31 situated
1868 3839 132 37 premises
2020 3838 27 28 in

1417 3881 168 28 Palmerston
1596 3884 92 28 street,
1699 3883 64 25 nezt
1776 3879 66 28 door
1854 3881 28 26 to
1897 3878 44 27 Mr
1951 3877 80 28 Hasel-

1416 3919 62 35 den,
1502 3919 135 30 Solicitor.
1675 3919 44 29 He
1740 3919 51 28 has
1812 3928 17 19 a
1852 3915 195 32 well-assorted

1416 3959 85 32 stock,
1515 3959 54 26 and
1582 3959 86 34 hopes
1681 3958 37 34 by
1730 3957 81 34 using
1824 3957 47 27 the

1416 4004 95 30 BEST
1532 4004 205 35 MATERIAL,

1485 4043 101 28 GOOD
1605 4041 299 33 WORKMANSHIP,

1598 4080 62 28 And
1675 4079 207 29 MODERATE
1903 4076 145 35 PRICEb,

1485 4119 39 29 To
1536 4119 81 30 merit
1630 4130 16 18 a
1658 4118 51 29 fair
1721 4118 79 29 share
1814 4118 30 29 of
1859 4120 119 34 support.

1451 4196 123 38 Country
1588 4194 91 31 orders
1699 4194 56 30 will
1774 4193 104 31 receive
1898 4191 99 40 speeiai
2012 4194 24 26 at-

1417 4237 115 32 tention,
1557 4235 54 29 and
1635 4236 136 36 anything
1796 4234 28 28 in
1849 4234 46 28 the
1922 4233 52 28 lins
1999 4233 38 27 for-

1417 4274 108 28 warded
1538 4274 42 28 for
1591 4274 90 36 repair
1694 4274 54 28 will
1769 4273 32 28 be
1822 4272 127 28 returned
1971 4271 62 27 with-

1418 4319 47 20 out
1478 4312 88 35 delay.
1603 4312 98 27 Orders
1714 4312 80 34 given
1805 4314 29 25 to
1843 4311 34 26 D.
1890 4310 159 31 Robertson,

1418 4349 161 35 coachman,
1593 4349 55 29 wili
1661 4349 104 29 receive
1779 4348 144 29 attention.

1497 4398 94 36 Every
1610 4397 106 28 Article
1734 4396 74 37 Kept
1826 4395 31 30 in
1878 4394 92 30 Stock.

1550 4473 50 38 H.
1650 4472 268 45 ASMUSS,

1421 4526 191 35 SADDLEE
1633 4528 22 31 &
1676 4525 192 33 HARNESS
1896 4523 153 38 MAKER,

1513 4573 170 26 Palmerston
1698 4574 97 29 Street,
1809 4570 147 33 Westport.

1468 4653 44 41 A.
1569 4653 48 41 G.
1677 4652 123 40 FEN
1818 4650 185 47 WICK,

1551 4745 128 31 Princes
1701 4744 60 37 St.,
1778 4744 148 36 Dunedin,

1465 4827 142 29 FINING
1625 4826 80 29 AND
1721 4824 180 32 GENERAL
1917 4823 114 30 SHARE-

1656 4901 165 29 BROKER.

1470 4979 157 36 Telegrams
1647 4977 144 37 promptly
1816 4977 132 26 attended
1974 4977 35 26 to.

1559 5091 176 38 Telegraphic
1747 5091 134 28 Address:

1484 5130 164 39 -Fenwick,
1670 5130 133 37 Broker,
1826 5130 149 31 Dunedin.

1547 5216 121 32 JOHN
1702 5216 226 36 PENNiiLL,

1493 5286 93 27 ENE
1595 5285 59 28 RA
1663 5285 23 28 L
1743 5282 40 35 Q
1790 5283 264 29 TOREKEEPER,

1507 5362 84 28 Wine
1609 5369 57 19 and
1686 5360 95 28 Spirit
1805 5360 170 27 Merchant.

1458 5492 102 36 Money
1579 5492 104 35 always
1703 5492 30 27 in
1755 5489 75 29 hand
1850 5491 42 27 for
1910 5490 113 35 cashing

1676 5529 126 38 cheques.

1456 5661 110 30 Liberal
1579 5660 136 30 advances
1728 5660 80 28 made
1825 5669 35 18 on
1874 5659 106 37 parcels
1994 5658 30 29 of

1635 5699 119 28 retorted
1768 5699 73 31 gold.

1567 5831 80 37 Cliff
1665 5831 122 41 Street,
1811 5828 107 44 Lyell.

2585 199 117 32 Public
2733 200 150 30 Notices.

2086 418 110 114 *j
2222 433 334 63 'B6-AUTUMN
2594 435 29 60 k
2658 435 173 60 WINTER
2873 432 367 62 DRAPERY-'B6.
3268 419 109 114 |r>

2351 583 245 62 JOHN
2658 581 451 61 FENNELL

2086 692 59 32 Has
2158 696 84 30 much
2261 697 124 37 pleasure
2404 698 29 29 in
2455 698 176 35 announcing
2650 701 28 26 to
2698 698 46 28 the
2767 697 170 30 inhabitants
2959 696 30 30 of
3010 696 80 38 Lyell
3116 696 53 29 and
3196 695 182 30 surrounding

2459 737 119 27 districts
2600 738 47 26 the
2671 737 101 27 arrival
2796 738 29 26 of
2842 747 15 16 a
2876 736 125 27 LARGE

2596 985 272 29 COMPRISING

2119 1056 95 42 The
2237 1058 158 41 Latest
2418 1058 226 41 Novelties
2663 1058 85 38 and
2773 1055 213 40 Fashions
3007 1053 38 38 in
3071 1053 165 38 Ladies'
3258 1053 84 38 and

2427 1114 153 40 Gents'
2610 1112 207 48 Wearing
2836 1109 200 52 Apparel,

2085 1201 67 31 And
2177 1201 105 31 invites
2306 1213 38 19 an
2368 1202 165 39 inspection
2558 1202 31 30 of
2611 1202 50 30 the
2685 1211 90 25 same,
2801 1201 109 36 feeling
2935 1210 66 20 sure
3026 1200 66 30 that
3116 1201 43 29 for
3188 1200 189 36 VARIETY,

2234 1245 190 40 QUALITY,
2440 1244 58 31 and
2513 1244 138 33 VALUE
2668 1244 70 42 they
2754 1243 159 32 CANNOT
2928 1242 36 32 he
2982 1242 246 33 SURPASSED.

2086 1425 129 42 Ladies
2219 1429 7 16 1
2265 1426 70 41 and
2371 1428 198 40 Children's
2618 1425 215 42 WINTER
2878 1423 143 40 HATS
3060 1422 37 40 in
3138 1423 51 40 all
3233 1423 144 53 Shapes.

2121 1620 109 28 Ladies'
2246 1620 155 28 WINTER
2415 1620 163 28 JACKETS
2592 1620 55 28 and
2660 1620 116 28 CAPES
2789 1620 29 27 in
2831 1619 36 28 all
2879 1620 47 28 the
2939 1620 108 28 Newest
3062 1621 104 35 Shapes
3179 1622 55 27 and
3248 1623 97 35 Styles.

2232 1695 87 38 New
2340 1693 190 40 Feathers!
2571 1695 87 37 New
2679 1694 152 38 Flowers
2846 1695 7 36 !
2896 1694 86 39 New
3004 1696 206 39 Trimming's
3227 1698 6 37 !

2084 1776 77 41 &
2183 1776 48 31 All
2259 1775 50 33 the
2337 1776 95 32 NEW
2460 1777 59 31 and
2547 1775 289 33 FASHIONABLE
2866 1776 165 32 WINTER
3059 1776 133 33 DRESS
3215 1777 163 36 STUFFS,

2388 1850 68 32 And
2477 1850 235 33 TKIMMINGS
2733 1851 33 32 of
2783 1861 86 31 every
2890 1850 188 41 description.

2719 1964 19 27 0

2086 2029 138 78 MEN'S,
2264 2031 116 64 BOYS'
2417 2032 70 62 and
2521 2032 179 63 YOUTHS'
2738 2033 214 64 CLOTHING
2986 2033 37 62 in
3053 2034 146 63 Endless
3225 2036 151 75 Variety.

3193 2260 112 46 JL-S9

2494 2323 120 32 CLIFF
2637 2325 169 37 STREET,
2828 2328 147 32 LYELL.

2256 2442 119 32 Public
2392 2442 152 31 Notices.

2086 2527 207 36 BROWN'S
2314 2526 119 37 BOOT
2461 2525 258 37 EMPORIUM

2334 2583 134 29 LYELL.

2085 2660 43 65 J
2164 2660 139 29 BROWN
2317 2662 30 26 in
2359 2659 137 36 thanking
2508 2659 44 29 his
2570 2668 149 19 numerous

2182 2705 149 22 customers
2361 2700 41 26 for
2431 2703 63 31 past
2522 2698 119 31 favours,
2665 2697 54 27 and

2085 2737 105 36 hoping
2215 2737 42 29 for
2278 2747 16 18 a
2316 2738 181 27 continuance
2518 2736 30 28 of
2566 2735 47 29 the
2632 2745 86 23 same,

2084 2778 99 26 wishes
2196 2780 45 24 too
2255 2777 50 27 call
2320 2776 71 28 their
2410 2776 135 28 attention
2559 2777 28 25 to
2601 2773 44 29 his
2658 2784 60 18 new

2084 2815 77 27 stock
2183 2815 31 27 of
2235 2815 109 27 Ladies'
2370 2814 97 27 Maids'
2491 2813 55 28 and
2564 2813 155 27 Children's

2084 2853 85 28 Boots
2190 2853 30 27 in
2242 2856 76 33 great
2340 2853 115 35 variety.
2491 2851 76 31 Also,
2582 2850 43 28 his
2643 2850 75 36 large

2084 2892 55 27 and
2152 2891 96 28 varied
2262 2891 78 28 stock
2352 2891 30 28 of

2084 2943 119 39 Men.s,
2216 2942 141 32 Youths'
2371 2942 28 31 &
2411 2942 101 38 Boys'
2530 2941 106 30 Boots
2650 2940 69 31 and

2342 2977 118 32 Shoes.

2084 3053 87 28 Fresh
2186 3053 92 28 Goods
2291 3053 120 35 arriving
2432 3051 135 37 monthly,
2580 3049 90 30 which
2685 3049 33 28 he

2119 3091 21 28 is
2156 3092 115 33 offering
2284 3096 28 23 at
2325 3092 87 34 prices
2425 3094 28 24 to
2465 3091 54 26 suit
2532 3090 46 27 the
2592 3089 91 28 times.

2084 3129 46 27 All
2154 3130 139 35 imported
2326 3129 85 35 goods
2441 3128 116 27 marked
2586 3128 30 26 in
2643 3126 76 37 plain

2345 3166 111 31 figures.

2120 3244 130 27 N.B.A
2262 3243 101 36 supply
2375 3243 30 27 of
2427 3243 87 27 North
2528 3241 104 28 British
2648 3243 71 26 Gum

2084 3283 86 28 Boots
2197 3282 54 28 and
2277 3283 70 27 Own
2372 3281 83 29 Make
2474 3279 183 38 Watertiglits
2682 3279 24 30 al-

2084 3332 75 26 ways
2173 3331 35 19 on
2222 3322 83 27 hand.

2121 3361 116 35 Repairs
2249 3359 142 38 promptly
2401 3359 130 29 executed
2545 3358 55 29 and
2613 3358 106 29 elastics

2086 3399 131 28 inserted.

2112 3476 71 29 Note
2197 3475 47 30 the
2255 3474 272 31 Address:-JOHN
2547 3473 150 35 BROWN,

2086 3524 89 30 Boot
2199 3524 28 30 &
2253 3523 211 31 Shoemaker
2484 3523 28 30 &
2542 3523 177 37 Importer,

2150 3569 141 35 (Opposite
2305 3567 81 28 Bank
2399 3567 30 28 of
2439 3568 68 27 New
2521 3566 140 34 Zealand.)

2204 3649 187 39 JAMES
2431 3648 171 42 KYAN,

2153 3738 180 29 ENERAL
2407 3737 313 35 QTOREKEEPER,

2237 3815 85 28 Cliff
2346 3815 120 33 Street,
2485 3814 87 27 Lyel.

2088 3947 92 28 Goods
2194 3947 132 36 carefully
2339 3946 106 36 packed
2458 3949 28 25 to
2499 3945 37 29 all
2548 3948 76 33 parts
2637 3944 30 29 of
2676 3944 44 28 the

2345 3984 116 28 district.

2104 4108 104 28 BANK
2229 4108 111 28 PRICE
2361 4106 119 30 GIVEN
2501 4106 73 29 FOR
2594 4106 110 28 GOLD.

2106 4188 359 40 WELCOME
2537 4187 165 48 INN,

2350 4249 104 28 Lyell.

2201 4326 153 30 ELLEN
2384 4325 233 30 WILLIAMS

2097 4390 53 45 Lx\
2178 4385 142 26 ItJtulmug
2342 4385 99 18 Uliaxino
2459 4390 39 12 iut
2523 4384 61 27 pCSi
2605 4384 119 22 111VOills,

2163 4415 64 35 begs
2245 4418 28 24 to
2293 4414 101 27 inform
2411 4414 50 27 her
2478 4413 104 28 friends
2601 4413 56 28 and
2678 4413 46 28 the

2091 4453 89 36 public
2201 4453 61 28 that
2283 4453 48 26 she
2356 4453 50 26 has
2427 4453 57 35 just
2506 4451 154 36 completed
2681 4461 29 17 ex-

2092 4491 101 27 tensive
2213 4491 138 27 additions
2373 4490 56 27 and
2448 4490 160 27 alterations
2629 4494 28 23 to
2676 4489 49 27 her

2091 4528 140 38 premises,
2250 4528 55 28 and
2325 4529 46 27 the
2394 4528 209 28 accomodation
2620 4527 24 28 is
2662 4536 63 19 now

2309 4566 191 38 unsurpassed.

2090 4642 73 35 Ales,
2189 4642 103 35 Wines,
2316 4643 54 28 and
2393 4642 97 37 Spirits
2516 4642 29 29 of
2567 4641 158 31 First-class

2264 4682 111 35 Quality
2389 4682 65 35 only
2466 4681 74 36 kept.

2161 4759 78 28 Good
2257 4759 126 33 Stabling
2401 4758 254 28 Accommodation.

2264 4806 128 28 ELLEN
2416 4806 206 32 WILLIAMS,

2472 4844 219 27 Proprietress.

2918 2445 118 31 Public
3060 2447 150 31 Notices.

2750 2524 161 39 FERN
2960 2526 153 39 FL'AT
3160 2528 217 47 HOTEL,

2906 2587 125 29 UPPER
3061 2590 163 28 DULLER.

2749 2662 107 48 rpHE
2871 2663 85 29 above
2970 2664 175 30 well-known
3161 2666 75 29 hotel
3255 2667 23 28 is
3300 2667 80 34 again

2756 2707 36 15 -*
2836 2702 87 28 under
2933 2703 46 27 the
2990 2710 194 29 management
3193 2706 28 26 of
3232 2705 43 28 Mr
3288 2706 93 27 Alfred

2748 2739 100 35 Smith,
2859 2740 47 28 the
2918 2740 101 29 former
3031 2744 158 35 proprietor.

2780 2817 93 35 Every
2886 2819 237 27 accommodation
3132 2820 55 27 and
3200 2822 181 26 convenience

2746 2853 40 28 for
2800 2855 140 28 travellers
2953 2855 118 29 between
3087 2858 46 27 the
3146 2859 77 27 West
3236 2859 81 27 Coast
3328 2859 53 27 and

2748 2893 111 33 Nelson,
2880 2894 151 36 Hampden
3054 2896 173 33 Matakitaki,
3250 2897 131 36 Glenroy,

2747 2930 116 35 Maruia,
2877 2932 54 28 and
2944 2933 46 27 the
3004 2933 84 29 Owen
3102 2935 89 28 Reefs.

2747 3007 160 29 Newman's
2921 3008 90 35 Royal
3034 3010 68 28 Mail
3123 3010 70 29 Line
3213 3011 30 28 of
3260 3011 122 29 Coaches

2781 3046 80 29 make
2886 3047 56 29 this
2963 3047 138 39 hostelery
3120 3049 48 28 the
3189 3050 60 28 first
3270 3050 78 37 day's

2815 3090 75 31 stage
2904 3087 71 27 from
2986 3087 75 29 West
3069 3088 84 28 Coast
3161 3092 28 24 to
3200 3089 112 28 Nelson.

2780 3161 105 28 Horses
2899 3161 54 29 and
2971 3163 146 36 equipages
3130 3172 16 19 a
3160 3163 151 38 speciality.

2928 3209 190 38 ALFEED
3140 3211 164 46 SMITH,

3181 3255 165 36 Proprietor.

3065 3441 170 20 WHOLESALE
3266 3442 55 19 AND

3139 3480 101 20 RETAIL

2852 3627 115 28 Dealers
2979 3626 29 28 in
3022 3626 37 28 all
3072 3626 178 36 descriptions
3264 3626 31 28 of

2766 3675 105 30 FARM
2907 3675 79 29 AND
3023 3675 119 29 DAIRY
3179 3674 188 29 PRODUCE.

2749 3751 101 30 Hotels
2858 3751 56 30 and
2926 3751 131 29 Families
3064 3751 101 29 waited
3177 3760 41 22 on.
3225 3751 42 28 for
3275 3750 108 28 Orders.

2785 3829 100 31 Orders
2904 3828 138 31 delivered
3061 3832 28 25 to
3111 3829 37 28 all
3169 3831 76 35 parts
3257 3838 16 19 o
3302 3828 48 29 the

3008 3869 124 27 District.

2923 3948 73 28 Note
3010 3947 48 28 the
3072 3946 122 29 Address
3346 3968 8 11 ,

2770 3995 71 30 13*
2902 3995 22 26 0
2944 3995 23 26 L
2987 3994 23 27 F
3081 3993 113 27 AND
3276 3993 91 31 CO.,

2803 4033 73 28 Next
2899 4033 47 28 the
2972 4032 189 27 Government
3180 4029 153 37 Buildings,

2899 4072 85 26 Cliff
3004 4070 119 31 Street,
3142 4069 104 27 Lyell.

2757 4165 110 38 THE
2924 4163 204 39 EMPIRE
3186 4162 196 46 HOTEL,

2850 4232 110 30 CLIFF
2980 4231 153 33 STREET,
3153 4230 133 29 LYELL.

2754 4344 108 28 FTIIIE
2878 4343 83 27 above
2975 4342 75 27 hotel
3067 4341 49 27 has
3129 4341 69 28 been
3220 4339 77 29 fitted
3318 4341 66 27 with

2760 4371 37 38 4-
2838 4383 35 27 all
2886 4381 114 28 modern
3008 4380 215 36 improvements
3234 4379 152 33 regardless

2753 4423 29 27 of
2792 4426 66 28 cost,
2873 4421 54 28 and
2949 4419 195 37 consequently
3165 4417 79 29 offers
3266 4427 120 27 superior

2753 4459 246 29 accommodation.

2902 4557 212 31 FENNELL'S
3134 4556 104 30 HALL

2754 4600 28 27 Is
2807 4609 15 17 a
2845 4598 152 28 well-fitted
3019 4606 86 22 room,
3130 4598 67 26 with
3219 4596 70 35 good
3311 4600 75 30 stage

2788 4636 246 32 accommodation,
3048 4634 55 29 and
3116 4633 132 29 excellent
3261 4636 90 34 piano.

2757 4732 110 37 Sample
2879 4741 100 19 rooms.
3015 4730 128 35 Booking
3158 4730 80 35 Office
3245 4729 52 36 for
3309 4730 61 27 Neiv-

2857 4773 89 25 mans'
2960 4770 92 35 lioijal
3069 4769 73 28 Mail
3157 4768 126 29 Coaches.

2821 4830 107 33 JOHN
2951 4827 205 38 FENNELL,
3169 4826 177 41 Proprietor.

2670 4998 131 41 TEY

2120 5138 8 78 ]
2172 5138 1130 73 KIHKFATRIGKI

3016 5334 143 26 JLJLI&

2659 5485 58 27 #\>
2780 5485 89 27 R>

2645 5524 85 19 m*MA
2777 5520 96 21 Uii-J

2661 5735 153 42 THE
2890 5735 259 42 BEST,-

3591 192 116 32 Public
3733 192 149 32 Notices.

3674 277 81 60 New
3761 277 108 61 Chum
3878 277 174 74 Butchery

3462 338 165 79 SHE

3521 412 12 9 *
3574 413 61 25 v^**'

3791 392 147 32 LYELL.

3512 534 204 39 JAMES
3768 533 183 46 EDGE,

3477 606 272 27 7HOLESALE
3788 607 78 26 AND
3912 606 142 28 RETAIL

3565 682 337 33 BUTCHER.

3417 794 98 27 Hotels
3529 793 53 28 and
3596 791 132 31 Families
3748 794 99 27 waited
3871 804 34 17 on
3920 795 80 36 Daily
4016 796 13 26 f<

3681 833 110 28 Orders.

3469 928 75 29 Meat
3558 927 146 30 Delivered
3723 933 26 24 to
3764 929 36 28 all
3820 933 75 33 parts
3909 931 26 27 of
3957 929 45 30 the

3675 969 125 29 District.

3419 1058 118 31 NEW
3581 1059 153 30 CHUM
3777 1060 158 31 BUTCH
3948 1060 104 33 ERT

3485 1118 129 34 Opposite
3624 1117 152 30 Alhambra
3787 1119 93 29 Hotel,
3897 1118 85 36 Lyell.

3419 1206 109 51 ALL
3551 1206 239 52 NATIONS
3821 1208 226 52 BAKERY

3556 1354 169 37 HENRY
3757 1355 165 37 YOUNG

3421 1423 155 33 nAKER
3609 1425 82 31 AND
3727 1425 253 32 CONFECTION
3988 1426 38 30 EI

3421 1475 41 30 **
3598 1492 82 32 ClitT
3699 1493 56 39 St.,
3774 1493 103 38 Lyell.

3418 1598 140 34 Pic-Nics,
3580 1597 88 35 Balls,
3918 1599 115 37 mpplic

3418 1705 201 42 Christening,
3647 1706 157 43 Wedding,
3827 1709 58 30 and
3910 1707 122 33 Birthdn

3418 1750 93 32 Cakes
3532 1752 86 30 made
3643 1762 39 20 on
3706 1752 50 30 the
3778 1752 128 31 shortest
3927 1752 106 40 possibl

3684 1796 107 32 notice.

3491 1861 39 32 H.
3555 1862 151 36 YOUNG,
3723 1862 72 31 Cliff
3818 1863 55 37 St.,
3890 1863 94 40 Lyell.

3527 1950 177 40 JAMES
3754 1952 187 47 INGL!S,

3470 2064 260 30 HAREBROKER
3763 2067 20 28 &
3814 2066 219 31 COMMISSIO:

3632 2196 23 29 A
3763 2197 23 30 N
3807 2198 32 33 T,

3494 2305 115 28 Cliff
3648 2306 157 33 Street,
3843 2307 141 28 Lyell.

3436 2394 127 38 POST
3608 2394 192 38 OFFICE
3843 2395 188 37 HOTEL.

3623 2454 220 26 LYELL.

3467 2550 224 39 PETER
3721 2551 281 39 MANGOS

3434 2612 126 33 OEGS
3581 2617 27 23 to
3622 2613 101 28 inform
3744 2613 44 26 his
3805 2614 103 26 Iriends
3930 2614 54 27 and
4006 2614 46 27 thr

3434 2642 49 39 O
3523 2651 91 37 public
3636 2652 61 28 that
3722 2651 43 28 his
3785 2660 60 19 new
3866 2642 186 46 conmiodior.;

3589 2691 86 27 Hotel
3687 2692 24 26 is
3725 2700 61 18 now
3800 2700 80 26 open.

3417 2728 152 28 Travellers
3589 2728 53 27 and
3662 2729 108 27 visitors
3790 2733 27 23 to
3837 2729 55 27 this
3911 2729 129 28 establish

3451 2768 77 27 rnent
3541 2766 55 29 will
3608 2766 58 28 find
3679 2766 72 29 their
3761 2767 117 28 comfort
3887 2767 54 27 and
3955 2777 46 18 con-

3485 2805 131 28 venience
3626 2805 168 37 thoroughly
3804 2806 128 28 attended
3946 2811 37 23 to.

3417 2843 58 28 The
3488 2843 148 28 bedrooms
3659 2853 44 18 are
3714 2845 78 33 lofty,
3807 2844 55 27 and
3874 2845 64 26 well
3951 2845 103 35 lighted

3620 2882 55 29 and
3695 2882 160 29 ventilated.

3452 2959 207 28 Comfortable
3688 2959 129 28 Parlors
3843 2968 56 19 and
3920 2960 85 27 Fiest-

3636 3006 82 19 class
3737 2999 103 25 Table.

3435 3035 59 29 One
3518 3035 30 28 of
3567 3035 127 29 Alcock's
3708 3036 79 28 Prize
3800 3036 118 28 Billiard
3931 3036 106 29 Tables.

3419 3113 57 27 The
3490 3113 56 27 Bar
3558 3114 23 26 is
3595 3113 113 28 stocked
3718 3112 68 28 with
3800 3113 74 33 Ales,
3885 3114 104 32 Wines,
4003 3114 51 26 and

3471 3151 99 35 Spirits
3582 3153 29 25 of
3627 3151 169 35 guaranteed
3814 3151 102 27 brands
3928 3152 75 34 only.

3452 3189 24 28 A
3494 3189 143 28 first-class
3659 3189 183 28 sixteen-stall
3855 3189 88 28 stable
3956 3190 75 28 iscon
4038 3207 5 3 -

3417 3228 99 28 nected
3528 3228 68 28 with
3611 3228 57 28 this
3681 3228 85 27 hotel.

3669 3266 127 27 PETER
3820 3266 167 28 MANGOS.

3855 3304 154 36 Proprieor.

3451 3396 265 32 FREDERICK
3733 3396 143 31 JONES
3895 3396 27 31 &
3942 3396 79 38 CO.,

3452 3447 167 27 CABINET
3634 3447 154 27 MAKERS
3801 3447 78 26 AND
3891 3446 140 28 UPIIOLS-

3452 3480 19 26 >
3661 3483 158 35 TERERS,

3518 3539 185 26 Palmerston
3723 3537 54 33 St.,
3791 3537 164 31 Westport,

3420 3586 67 28 New
3501 3585 147 28 Furniture
3663 3584 54 28 and
3737 3584 125 35 Bedding
3875 3584 159 28 Warehouse

3490 3623 121 36 opposite
3626 3622 122 36 Hughe's
3761 3623 113 35 Empire
3889 3622 92 28 Hotel.

3420 3670 133 38 Worshop
3565 3670 171 38 :Opposite
3749 3669 87 29 Bailie
3850 3669 19 28 &
3883 3669 71 29 Co.'s
3965 3670 76 28 Store

3420 3748 116 27 JONES
3558 3748 19 26 &
3600 3748 55 26 CO.
3670 3748 69 26 have
3760 3748 29 26 in
3809 3748 76 26 stock
3898 3756 15 17 a
3926 3748 69 33 good
4011 3756 22 18 as

3421 3787 90 28 sorted
3530 3786 40 29 lot
3592 3786 29 28 of
3640 3785 106 29 Double
3768 3785 53 29 and
3845 3785 92 36 Single
3954 3784 99 38 Spring

3420 3825 170 33 Mattrasses,
3605 3824 105 28 Double
3724 3824 54 28 and
3798 3824 91 35 Single
3911 3824 64 27 Iron
3998 3833 32 18 an

3422 3863 87 29 Wood
3522 3861 160 34 Bedsteads,
3689 3862 46 30 the
3747 3862 138 34 Longford
3895 3862 74 28 Wire

3423 3902 144 28 Palliasses
3589 3902 68 27 Flax
3680 3901 165 32 Mattrasses,
3862 3901 109 27 Pillows
3998 3909 31 19 an
4046 3901 3 32 i

3422 3941 131 34 Roisters,
3580 3939 189 35 Washstands,
3793 3939 131 35 Dressing
3945 3939 79 28 Tabic
4046 3962 5 8 ,

3422 3981 88 26 Toilet
3525 3980 60 27 Sets
3598 3979 54 27 and
3673 3980 110 25 Glasses
3798 3979 46 34 (all
3857 3980 89 30 sizes),
3960 3979 72 26 Tow
4045 3979 4 34 !

3422 4017 85 33 Bails,
3522 4017 111 27 Cornice
3648 4016 84 33 Poles,
3745 4015 85 34 Rings
3842 4015 54 28 and
3909 4015 141 28 Bracket--.

3421 4057 128 27 Austrian
3565 4055 54 28 and
3633 4054 117 28 Kitchen
3766 4054 96 28 Chairs
3875 4054 54 28 and
3942 4054 73 27 Tabl<
4045 4054 4 30 .

3421 4094 132 31 Couches,
3577 4093 85 30 Sofas,
3685 4093 96 26 Chests
3801 4093 29 25 of
3848 4092 126 26 Drawers
3996 4101 34 17 an

3422 4130 185 33 Cheffioniers,
3629 4130 145 29 Whatnots
3801 4129 46 38 (all
3872 4130 90 33 sizes),
3988 4129 62 29 ShV

3422 4170 54 27 and
3490 4170 85 35 Gipsy
3589 4170 97 26 Tables
3698 4169 29 27 in
3739 4169 78 26 black
3836 4169 54 26 and
3912 4169 71 31 gold,
3997 4178 32 17 an
4042 4168 10 27 1

3421 4207 72 36 gold,
3507 4207 54 29 and
3575 4207 36 29 ali
3623 4207 81 28 kinds
3718 4206 30 29 of
3766 4207 91 35 Fancy
3880 4205 95 28 Tables
3998 4214 33 19 an
4046 4207 5 26 i

3422 4247 139 29 Brackets.
3593 4247 144 28 American
3748 4245 227 33 Perambulators,
3984 4245 40 29 Ba

3421 4287 128 32 ketware,
3562 4287 45 27 &c.

3459 4325 56 29 F-'isT
3515 4327 13 9 3
3541 4325 45 26 All
3603 4324 91 27 orders
3716 4322 139 29 entrusted
3868 4325 27 24 to
3909 4331 32 18 us
3953 4322 54 27 will
4021 4321 31 29 b?

3423 4363 159 36 punctually
3596 4361 127 28 attended
3741 4365 36 23 to.

3458 4402 69 28 N.B.
3529 4401 78 27 All
3620 4399 79 30 kinds
3713 4400 29 27 of
3759 4399 123 36 Turnery
3894 4397 73 29 work
3983 4398 52 27 don-

3424 4450 33 19 on
3469 4440 45 28 the
3525 4440 138 36 premises.
3701 4437 113 29 Billiard
3826 4438 75 26 Balls
3912 4440 116 25 re-turnt
4036 4437 16 27 d

3423 4478 54 28 and
3490 4478 135 32 coloured,
3640 4477 79 36 equal
3732 4481 27 23 to
3770 4485 68 23 new,
3852 4475 43 35 15/
3908 4485 47 26 per
3968 4483 48 20 set.

3425 4569 41 33 To
3501 4579 55 23 oub
3591 4566 173 35 Customers
3795 4576 29 21 in
3855 4576 55 21 the
3942 4564 108 33 Lyell.

3601 4674 270 34 NOTICE.

3502 4785 139 35 tttITH
3656 4795 17 22 a
3689 4784 72 32 view
3784 4785 30 30 to
3836 4782 139 40 reducing

3513 4816 38 51 \'\
3608 4840 53 21 our
3694 4828 80 40 large
3821 4826 83 31 stock
3948 4826 31 30 of

3501 4873 191 33 DRAPERY
3713 4873 21 30 &
3759 4869 215 38 CLOTHINC,

3502 4927 42 20 we
3572 4927 48 19 are
3645 4916 122 37 holding
3794 4925 17 18 a
3839 4915 136 36 Clearing

3504 4960 77 37 Sale,
3603 4958 58 33 and
3684 4958 60 33 will
3767 4957 35 33 be
3824 4956 98 41 happy
3946 4958 31 30 to

3502 5005 37 30 do
3567 5014 17 20 a
3611 5003 60 30 line
3695 5012 32 21 or
3751 5004 57 27 two
3833 5000 71 31 with
3925 5000 50 30 the

3502 5048 75 41 good
3591 5046 101 41 people
3708 5045 31 33 of
3755 5044 49 33 the
3819 5043 85 43 Lyell
3918 5042 59 33 and

3504 5092 124 30 district.

3542 5183 54 33 We
3605 5182 75 32 have
3688 5180 126 34 reduced
3824 5190 52 22 our
3882 5179 93 42 prices

3502 5228 39 39 by
3554 5237 56 21 one
3621 5227 89 34 third,
3723 5226 59 30 and
3793 5235 32 19 as
3836 5235 85 29 every
3932 5227 28 26 at-

3504 5270 115 34 tention
3633 5269 24 33 is
3672 5269 86 42 given
3773 5270 30 31 to
3818 5267 98 33 orders
3937 5266 38 35 by

3504 5319 65 38 post
3584 5326 32 20 or
3630 5314 163 35 otherwise,
3809 5313 23 30 it
3856 5312 60 31 will
3939 5312 36 30 be

3504 5363 30 28 to
3543 5369 72 30 your
3624 5359 122 30 interest
3756 5359 31 29 to
3798 5355 71 32 send
3880 5366 18 20 a
3909 5355 68 31 trial

3504 5402 94 33 order.

3545 5494 63 30 The
3629 5494 162 37 advantage
3817 5492 30 30 of
3868 5491 110 39 buying

3506 5541 29 28 at
3551 5538 49 31 the
3615 5538 117 40 present
3747 5536 70 30 time
3838 5534 24 31 is
3887 5533 90 41 realty

3506 5583 59 30 this
3579 5593 47 20 :
3641 5581 65 31 You
3741 5584 48 36 get
3817 5580 40 30 3
3885 5578 92 31 worth

3506 5627 43 31 for
3570 5626 62 31 40s.

3481 5719 44 37 E.
3554 5719 34 37 J.
3617 5714 215 41 WAENER
3858 5715 30 37 &
3915 5713 84 45 CO.,

3434 5800 63 43 1118
3523 5800 78 42 Udll
3626 5800 33 41 01
3684 5800 201 45 uMUIcSIMS,
3920 5800 123 37 liotolu
