2559 4029
1250 47 99 32 THE

65 92 470 133 NEW
639 98 882 139 ZEALAND
1630 110 863 137 GAZETTE

1235 268 99 31 AND

64 299 1159 149 WELLINGTON
1339 299 1159 149 SPECTATOR.

601 480 223 40 PUBLISHED
872 485 132 37 EVERY
1049 487 260 39 WEDNESDAY
1352 491 89 36 AND
1487 492 230 39 SATURDAY
1763 496 206 38 MORNING.

579 595 133 33 PORT
740 597 289 42 NICHOLSON,
1052 604 262 31 SATURDAY
1333 605 241 42 MORNING,
1597 612 225 33 OCTOBER
1844 618 30 32 9,
1900 618 88 29 1841.

2306 618 99 41 [Vol.
2427 619 47 31 11.

82 593 64 32 No.
171 594 65 39 79.]

2028 707 70 20 New
2111 709 122 21 Zealand
2248 712 150 26 Company.

1921 738 91 48 THE
2029 740 102 23 COURT
2145 743 39 21 OF
2204 743 175 24 DIRECTORS
2391 746 38 22 OF
2441 747 66 22 THE

1994 766 72 21 NEW
2086 767 150 24 ZEALAND
2251 771 154 23 COMPANY
2421 773 86 28 hereby

1918 797 52 20 give
1981 793 79 26 notice,
2073 793 48 23 that
2131 795 52 27 they
2192 796 58 23 have
2260 799 105 21 reserved
2375 799 33 22 for
2421 800 46 21 sale
2483 804 22 18 to

1918 825 93 19 persons
2019 820 100 22 resident
2126 822 24 20 in
2161 823 56 21 New
2234 824 101 22 Zealand
2353 833 24 14 or
2391 826 38 22 the
2445 828 62 21 Aus-

1919 846 105 20 tralasian
2034 846 111 29 Colonies,
2158 851 41 19 two
2206 849 105 24 hundred
2317 852 25 21 of
2349 852 36 21 the
2394 853 112 22 thousand

1918 872 128 22 allotments
2060 875 130 22 mentioned
2206 877 25 21 in
2245 877 38 22 the
2300 879 89 26 printed
2427 880 78 22 Terms

1918 898 34 21 for
1977 898 110 23 Purchase
2107 902 26 20 of
2272 904 24 22 in
2316 905 37 21 the
2370 906 135 27 Company's

1918 926 84 20 second
2012 926 135 29 settlement,
2160 929 94 28 bearing
2264 930 52 23 date
2331 931 57 22 New
2404 933 102 22 Zealand

1918 952 85 26 House,
2019 953 53 21 15th
2088 953 113 30 February
2217 958 61 25 1841,
2294 958 74 27 copies
2387 959 26 21 of
2431 959 74 22 which

1918 985 53 20 may
1987 979 27 21 be
2033 980 106 22 obtained
2163 988 22 16 at
2203 983 38 22 the
2261 985 244 26 Surveyor-General's

1917 1006 71 26 office,
2003 1006 143 27 Wellington.

1944 1032 72 21 These
2025 1033 43 21 200
2077 1034 138 23 allotments
2223 1036 58 22 have
2297 1037 59 22 been
2373 1039 92 22 entered
2479 1039 25 22 in

1917 1058 38 21 the
1964 1059 94 27 registry
2069 1060 26 21 of
2105 1062 146 26 applications
2261 1064 73 22 under
2344 1065 38 21 the
2398 1067 107 22 numbers

1916 1086 39 20 401
1968 1089 22 18 to
2008 1087 38 20 600
2065 1087 56 21 both
2133 1089 116 28 inclusive,
2271 1091 46 21 and
2335 1091 38 22 the
2391 1093 71 26 rights
2481 1094 28 21 of

1917 1112 76 21 choice
2001 1119 21 15 in
2033 1117 88 23 respect
2130 1115 26 21 of
2168 1116 37 22 the
2224 1117 48 21 said
2291 1118 106 22 numbers
2412 1119 45 22 will
2475 1120 30 21 be

1917 1139 139 22 determined
2065 1141 31 26 by
2104 1141 33 21 lot
2146 1142 23 21 in
2183 1143 107 27 England
2298 1151 25 15 as
2331 1145 25 21 in
2368 1145 37 22 the
2414 1153 50 14 case
2480 1147 28 21 of

1916 1166 30 20 all
1956 1166 38 21 the
2004 1166 65 22 other
2078 1167 135 24 allotments.

1953 1192 126 29 Intending
2100 1195 131 26 purchasers
2250 1197 27 21 of
2294 1196 63 24 these
2375 1198 129 23 allotments

1916 1222 61 18 must
1987 1219 87 27 deposit
2081 1221 38 21 the
2130 1222 70 22 whole
2217 1223 201 30 purchase-money
2432 1226 73 26 (£3OO

1916 1245 34 22 for
1960 1244 62 28 each)
2034 1247 48 21 into
2093 1255 45 20 any
2148 1249 25 21 of
2185 1249 38 22 the
2234 1250 58 22 local
2301 1251 111 23 branches
2429 1253 26 21 of
2465 1253 39 22 the

1916 1272 76 21 Union
2003 1273 65 22 Bank
2078 1274 26 22 of
2121 1275 127 29 Australia;
2265 1277 47 22 and
2328 1285 30 15 on
2373 1280 131 27 presenting

1916 1305 25 14 or
1950 1301 152 27 transmitting
2111 1305 22 18 to
2148 1302 37 22 the
2202 1303 135 28 Company's
2352 1305 76 29 acting
2441 1307 64 26 prin-

1916 1325 58 27 cipal
1983 1331 67 23 agent
2058 1328 25 21 in
2093 1328 57 22 New
2159 1329 107 28 Zealand,
2278 1334 24 18 at
2311 1331 53 22 Port
2372 1331 131 29 Nicholson,

1916 1359 29 14 an
1956 1352 193 29 acknowlegment
2156 1356 25 21 of
2188 1356 37 22 the
2233 1358 85 27 receipt
2323 1358 26 22 of
2355 1359 55 22 such
2417 1359 88 28 deposit

1915 1378 30 28 by
1954 1379 38 22 the
2003 1380 72 28 Bank,
2093 1381 37 22 the
2145 1382 118 29 depositor,
2279 1392 26 14 or
2319 1384 34 22 his
2368 1389 73 24 agent,
2458 1386 47 22 Avill

1915 1406 88 22 receive
2012 1408 59 21 from
2081 1408 38 22 the
2124 1409 135 28 Company's
2265 1411 49 23 said
2323 1412 106 28 principal
2435 1416 69 24 agent

1916 1439 14 14 a
1947 1433 88 22 written
2055 1435 136 23 declaration
2210 1437 27 21 of
2254 1438 39 22 the
2310 1439 95 21 number
2420 1440 23 21 in
2465 1440 38 21 the

1915 1460 96 27 registry
2019 1461 27 21 of
2057 1462 146 27 applications
2213 1465 105 21 awarded
2325 1468 23 18 to
2357 1466 61 28 ,such
2434 1466 70 28 depo-

1915 1489 60 24 sitor,
1987 1487 53 22 with
2049 1495 30 14 an
2086 1489 151 28 undertaking
2243 1494 23 18 to
2273 1491 85 23 deliver
2363 1492 37 22 the
2406 1493 98 22 sections

1916 1512 72 23 which
1997 1514 56 22 such
2062 1515 111 28 depositor
2183 1524 25 14 or
2217 1517 34 22 his
2261 1522 68 23 agent
2338 1526 52 20 may
2400 1519 68 22 select
2477 1521 26 20 in

1914 1543 89 23 respect
2011 1541 26 21 of
2049 1541 37 22 the
2097 1543 59 26 right
2166 1543 25 21 of
2203 1544 77 22 choice
2290 1545 79 28 falling
2384 1546 31 27 by
2430 1546 33 22 lot
2479 1550 24 19 to

1915 1566 55 21 such
1979 1568 97 22 number
2083 1569 24 21 in
2118 1569 37 23 the
2164 1571 101 28 registry.

1942 1593 47 22 The
1999 1595 105 22 numbers
2114 1596 23 22 in
2147 1597 38 22 the
2194 1598 97 27 registry
2304 1599 44 21 will
2358 1599 27 22 be
2399 1599 105 23 awarded

1915 1620 87 27 strictly
2010 1622 23 20 in
2044 1622 39 21 the
2094 1623 64 22 order
2168 1624 25 21 of
2204 1624 38 22 the
2251 1626 153 26 presentation
2415 1627 25 21 of
2446 1627 57 22 such

1915 1646 86 28 deposit
2010 1649 94 27 receipts
2116 1654 21 18 to
2147 1650 37 22 the
2194 1651 136 26 Company's
2338 1653 49 22 said
2393 1653 111 24 principal

1914 1677 74 23 agent.
2465 1668 14 13 *

1943 1700 27 22 In
1981 1708 49 15 case
2041 1702 96 27 deposits
2147 1704 79 22 should
2236 1705 28 22 be
2274 1706 66 22 made
2350 1707 35 21 for
2394 1714 12 14 a
2415 1710 89 24 greater

1914 1728 96 21 number
2019 1729 26 21 of
2060 1729 128 24 allotments
2201 1731 55 23 than
2273 1732 39 23 the
2327 1735 42 20 200
2384 1733 80 28 placed
2479 1737 25 18 at

1915 1754 37 21 the
1963 1754 95 28 disposal
2076 1757 25 21 of
2119 1757 37 22 the
2172 1758 137 29 Company's
2325 1763 69 24 agent
2406 1761 24 21 in
2444 1761 59 22 New

1915 1780 105 29 Zealand,
2039 1782 39 22 the
2089 1783 86 28 deposit
2184 1786 95 27 receipts
2289 1786 25 22 in
2323 1790 86 24 respect
2418 1787 27 21 of
2456 1795 46 20 any

1915 1808 55 21 such
1981 1812 62 18 extra
2053 1810 127 23 allotments
2190 1812 46 22 will
2244 1816 42 18 not
2295 1813 28 22 be
2332 1814 112 27 accepted,
2456 1814 47 22 and

1915 1834 37 22 the
1963 1834 70 23 whole
2043 1841 94 18 amount
2147 1838 26 22 of
2184 1839 37 21 the
2229 1839 88 28 deposit
2326 1840 44 22 will
2378 1841 27 21 be
2413 1844 90 19 return-

1915 1861 28 22 ed
1951 1865 24 18 to
1985 1862 37 22 the
2033 1863 119 28 depositor,
2167 1865 53 22 with
2229 1865 94 24 interest
2332 1870 24 19 at
2364 1867 37 22 the
2412 1871 92 18 current

1914 1891 48 19 rate
1982 1889 26 21 of
2025 1889 96 23 interest
2138 1899 28 14 on
2185 1892 98 27 deposits
2301 1893 96 23 allowed
2413 1894 31 28 by
2463 1895 39 22 the

1914 1914 76 23 Union
2000 1916 65 22 Bank
2076 1918 25 21 of
2112 1918 122 23 Australia.

1942 1942 36 22 No
1989 1943 87 27 deposit
2084 1945 94 28 receipts
2189 1946 45 22 will
2241 1947 29 21 be
2280 1947 106 27 accepted
2396 1947 57 22 after
2464 1947 38 22 the

1914 1969 136 28 Company's
2073 1971 108 28 principal
2199 1976 68 23 agent
2285 1974 24 21 in
2327 1974 57 22 New
2402 1975 101 21 Zealand

1914 1996 58 21 shall
1982 1996 54 22 have
2046 1997 93 23 learned
2149 1999 48 22 that
2206 2000 38 21 the
2255 2000 101 27 drawing
2372 2001 26 21 of
2407 2001 45 22 lots
2467 2001 37 24 for

1913 2022 93 27 priority
2015 2024 27 20 of
2053 2024 83 27 choice,
2147 2025 40 21 has
2196 2026 68 21 taken
2278 2027 64 26 place
2355 2028 24 20 in
2390 2027 112 27 England.

1942 2048 22 22 It
1973 2049 18 21 is
2009 2051 115 27 expressly
2142 2051 126 34 stipulated,
2289 2053 48 21 that
2356 2053 30 22 all
2404 2053 98 28 deposits

1914 2075 45 21 and
1968 2076 146 26 applications
2121 2075 57 25 shall
2185 2078 29 22 be
2224 2079 67 21 made
2307 2080 87 27 subject
2407 2083 24 19 to
2446 2081 58 21 such

1913 2102 136 26 regulations
2059 2110 24 15 as
2093 2103 57 23 have
2159 2105 64 28 been,
2239 2114 25 13 or
2278 2114 52 19 may
2343 2107 112 22 hereafter
2465 2108 36 25 be,

1914 2128 66 22 made
1989 2129 29 27 by
2029 2130 37 21 the
2088 2131 122 28 Company,
2231 2132 35 22 for
2285 2133 38 22 the
2343 2133 95 27 disposal
2457 2135 46 21 and

1913 2155 55 22 final
1978 2156 98 28 delivery
2084 2158 25 21 of
2116 2158 144 29 preliminary
2269 2159 66 23 lands
2340 2160 25 22 in
2372 2161 37 22 the
2418 2161 84 22 second

1912 2182 134 23 settlement.

2020 2211 35 26 By
2065 2211 65 22 order
2140 2211 26 22 of
2177 2211 38 23 the
2225 2213 75 27 Court,

2158 2246 24 21 F.
2198 2246 93 23 Dillon
2306 2247 70 27 Bell,

2244 2281 118 28 Secretary
2371 2289 39 20 pro
2420 2285 54 19 tern.

1913 2311 55 22 New
1984 2311 98 22 Zealand
2093 2312 85 29 House,

1968 2345 103 28 London,
2081 2347 60 21 22nd
2151 2347 71 28 April,
2236 2350 61 20 1841.

2053 2392 40 21 To
2108 2392 251 27 Agriculturalists.

1914 2425 89 47 FOR
2012 2425 86 27 SALE,
2107 2432 14 15 a
2127 2425 64 23 small
2199 2427 105 28 quantity
2311 2428 25 21 of
2342 2436 55 19 very
2403 2429 101 27 superior

1987 2451 52 23 seed
2049 2452 79 27 wheat,
2140 2453 45 21 also
2196 2461 14 13 a
2220 2454 66 22 small
2300 2455 103 28 quantity
2413 2457 26 20 of
2450 2457 54 21 seed

1913 2478 75 27 barley
1999 2479 94 21 without
2102 2479 64 28 husk,
2177 2480 54 22 both
2241 2488 79 19 grown
2335 2482 24 22 in
2377 2483 37 21 the
2429 2483 75 28 valley

1914 2507 23 19 of
1950 2505 37 21 the
1997 2505 65 27 Hutt,
2076 2506 45 22 and
2130 2508 125 21 warranted
2264 2508 27 22 of
2302 2508 37 23 the
2349 2509 49 22 first
2408 2510 94 28 quality,

1913 2532 44 22 jfor
1966 2533 138 27 particulars,
2117 2533 66 28 apply
2192 2537 24 19 to

2076 2567 24 22 C.
2111 2567 26 22 E.
2149 2567 50 22 Yon
2211 2568 118 28 Alzdorf,
2345 2569 87 23 Petoni.

2124 2614 67 20 Seed
2211 2615 78 21 Peas.

1912 2646 92 36 rpHE
2019 2646 152 28 undersigned
2181 2647 40 23 has
2231 2655 14 15 a
2254 2649 105 27 quantity
2369 2650 27 22 of
2401 2651 103 27 superior

1919 2671 28 23 A
1994 2673 52 22 blue
2063 2674 53 21 seed
2131 2681 53 19 peas
2198 2675 36 22 for
2251 2676 55 26 sale,
2323 2683 76 20 grown
2418 2678 25 21 in
2464 2678 38 22 the

1911 2700 73 27 valley
1991 2700 26 22 of
2023 2700 39 21 the
2074 2700 58 22 Hutt
2142 2701 29 27 by
2179 2702 39 21 the
2226 2702 47 23 late
2284 2703 44 22 Mr.
2338 2704 82 22 Eaton.
2445 2705 57 22 Also

1911 2734 13 14 a
1935 2727 101 27 quantity
2047 2727 27 22 of
2083 2728 75 21 radish
2167 2729 60 22 seed.

2287 2765 27 22 E.
2330 2765 144 24 Catchpool.

1938 2788 188 23 Dickson-street.

1977 2833 153 23 EDICAL.—
2130 2835 33 21 To
2171 2835 28 22 be
2210 2836 55 27 sold,
2278 2836 38 22 the
2328 2836 74 28 drugs,
2419 2838 85 22 chemi-

2003 2860 52 28 cals,
2067 2862 45 21 and
2121 2862 81 22 bottles
2212 2862 24 22 of
2249 2870 14 14 a
2272 2863 104 28 Surgery,
2385 2865 118 27 complete.

1910 2886 78 23 Terms
1997 2894 56 21 very
2061 2888 122 23 moderate.
2212 2890 79 28 Apply
2300 2893 23 19 at
2333 2891 99 22 Medical
2439 2892 63 27 Hall,

1909 2914 146 27 Wellington.

1909 2959 186 48 NOTICE.—
2094 2960 47 22 The
2151 2961 57 22 Rev.
2217 2961 38 21 Mr
2272 2961 147 29 Macfarlane,
2431 2964 27 21 of
2464 2964 39 22 the

1992 2987 82 21 Scotch
2098 2987 96 28 Church,
2218 2988 47 22 will
2292 2989 99 26 perform
2417 2991 85 22 Divine

1909 3012 111 28 Worship,
2039 3013 25 22 in
2087 3014 82 25 future,
2190 3015 25 21 in
2234 3015 39 21 the
2288 3016 115 28 Morning,
2422 3020 24 19 at
2463 3017 39 22 the

1909 3039 82 22 Native
2010 3039 90 28 Chapel,
2116 3041 31 21 Te
2159 3041 45 22 Aro
2215 3041 57 28 Flat,
2282 3045 24 18 at
2315 3043 23 21 11
2351 3043 93 27 o'clock,
2456 3045 45 22 and

1908 3067 25 21 in
1947 3066 38 22 the
1995 3067 127 22 Afternoon
2135 3071 24 18 at
2173 3068 38 22 the
2227 3069 70 21 Court
2312 3069 86 28 House,
2412 3071 90 22 Thorn-

1909 3093 44 22 don
1964 3093 56 28 Flat,
2032 3097 23 19 at
2065 3101 14 15 a
2088 3098 90 24 quarter
2187 3098 51 25 past
2246 3102 45 15 one
2302 3096 94 23 o'clock.

1937 3126 144 28 Wellington,
2093 3128 55 27 May
2159 3130 32 25 12,
2203 3130 61 21 1841.

1907 3173 154 48 NOT.CE.
2062 3185 30 3 —
2093 3173 95 23 Persons
2194 3174 101 22 desirous
2302 3175 26 22 of
2331 3175 171 28 beingmarried

1989 3199 29 27 by
2031 3200 39 22 the
2079 3200 56 22 Rev.
2147 3201 61 21 John
2218 3201 138 28 M'Farlane,
2367 3203 48 22 first
2421 3205 80 21 minis-

1907 3230 35 18 ter
1950 3227 27 21 of
1987 3227 38 21 the
2033 3227 83 22 Scotch
2126 3227 88 23 Church
2223 3229 24 21 in
2262 3229 59 21 New
2336 3230 107 28 Zealand,
2461 3239 38 14 are

1906 3253 120 28 requested
2035 3257 23 18 to
2069 3254 93 27 register
2171 3255 59 21 their
2243 3262 80 16 names
2336 3257 55 21 with
2404 3257 38 22 the
2456 3265 43 15 un-

1906 3280 119 27 dersigned
2034 3283 23 19 at
2065 3281 67 22 latest
2141 3281 37 22 the
2189 3282 112 27 Saturday
2310 3283 104 26 previous
2427 3287 24 20 to
2461 3285 38 22 the

1905 3314 128 21 ceremony,
2045 3307 26 22 in
2081 3307 64 23 order
2153 3311 22 19 to
2183 3309 164 26 proclamation
2354 3311 26 21 of
2387 3311 72 22 banns
2469 3319 30 14 on

1905 3333 106 23 Sabbath.
2041 3334 95 22 Persons
2146 3335 46 21 also
2199 3335 101 23 desirous
2311 3337 26 21 of
2347 3337 85 28 having
2441 3338 59 23 their

1908 3361 103 21 children
2029 3361 109 28 baptised,
2157 3366 60 18 must
2229 3364 106 25 previous
2352 3364 86 23 thereto
2446 3365 53 28 give

1904 3387 40 23 the
1952 3387 106 28 requisite
2069 3388 146 23 information
2222 3389 24 23 in
2257 3390 67 22 order
2333 3394 23 19 to
2370 3392 95 28 registry
2475 3394 23 20 to

2175 3424 97 24 Robert
2286 3427 29 22 R.
2329 3427 100 29 Strang,

1971 3457 109 28 Solicitor,
2096 3458 114 27 Registrar
2218 3459 35 22 for
2263 3460 39 22 the
2313 3460 81 23 Scotch
2401 3461 98 24 Church.

1904 3503 60 48 H
1980 3502 208 28 GUNPOWDER,
2198 3504 25 22 in
2234 3506 26 21 12
2269 3504 31 23 lb.
2311 3505 62 28 kegs.

2332 3533 23 21 S.
2366 3533 101 21 Revans.

1931 3556 131 27 September
2072 3557 33 24 30,
2119 3558 60 21 1841.

2098 3603 26 20 J.
2138 3603 39 21 M.
2192 3604 112 25 Taylor,

1979 3634 283 25 CUSTOM-HOUSE
2290 3636 130 23 AGENT.

1902 3668 89 22 Bowler
1999 3669 46 21 and
2055 3669 92 22 Smith's
2158 3671 81 26 Stores,
2250 3671 32 21 Te
2292 3671 54 21 Aro.

2094 3715 33 20 A.
2142 3714 79 26 Kort,
2236 3715 71 27 jun.,

1978 3747 281 23 CUSTOM-HOUSE
2286 3748 130 22 AGENT.
2460 3758 5 3 -

1929 3781 89 27 August
2027 3782 35 27 27,
2076 3783 61 21 1841.

1902 3826 90 48 OIL.
1994 3838 28 3 —
2022 3826 50 22 The
2090 3826 125 22 subscriber
2229 3826 19 22 is
2265 3826 110 28 prepared
2391 3829 23 20 to
2424 3840 5 1 -
2436 3835 56 20 pur-

1982 3853 64 22 chase
2067 3861 25 13 or
2109 3853 66 21 make
2194 3853 79 21 liberal
2295 3853 111 23 advances
2429 3862 62 20 upon

1902 3879 38 22 Oil
1949 3880 123 28 consigned
2082 3883 22 18 to
2114 3879 34 22 his
2158 3880 95 22 London
2270 3880 192 28 correspondents.

2267 3914 31 22 A.
2315 3913 76 29 Hort,
2406 3914 56 23 Jun.

1927 3939 145 28 Wellington,
2083 3939 55 28 July
2147 3941 20 26 2,
2178 3941 61 21 1841.

52 687 171 21 Unreserved
242 687 60 21 Sale
324 687 30 20 of
372 687 100 26 Cattle,
488 687 83 27 Dairy
590 689 57 21 Im-

218 714 146 25 plements,
380 715 45 20 &c.
435 715 47 20 &c.

52 739 161 50 MESSRS.
235 740 96 22 WADE
346 740 59 22 have
423 741 38 22 the
477 741 73 22 honor
566 745 22 18 to
605 749 42 15 an-

142 774 90 14 nounce
242 767 49 21 that
300 766 55 33 they
364 767 59 22 have
432 768 103 22 received
549 769 97 21 instruc-

51 795 64 25 tions,
125 793 155 28 immediately
291 801 29 14 on
330 793 59 23 their
399 798 78 18 return
491 795 57 22 from
559 795 88 28 Cloudy

50 821 54 26 Bay,
122 823 23 19 to
164 819 88 28 dispose
271 821 28 26 of,
320 821 31 26 by
370 821 98 27 auction,
487 821 38 23 the
541 823 105 21 valuable

51 847 62 22 stock
128 847 27 21 of
167 847 75 26 cattle,
257 847 64 27 dairy
330 847 152 28 implements,
494 849 40 21 &c.
543 849 40 22 &c.
594 850 50 27 &c,

49 873 123 27 belonging
182 877 23 18 to
216 874 45 21 Mr.
273 874 119 27 Harrison,
404 875 26 21 of
436 875 44 22 this
490 875 70 28 place.

75 901 47 21 The
132 901 134 26 particulars
277 900 45 22 and
331 902 75 21 notice
418 902 26 21 of
449 902 39 22 the
498 902 54 27 sale,
562 910 24 14 as
594 903 52 21 well

50 935 24 15 as
89 927 37 22 the
141 927 129 22 conditions
289 928 26 22 of
331 929 118 26 purchase,
467 929 73 21 which
557 929 45 22 will
616 930 29 21 be

50 953 149 28 exceedingly
214 954 86 27 liberal,
319 955 45 21 will
380 955 29 22 be
419 955 54 28 duly
483 956 68 27 given
566 957 24 21 in
605 957 40 21 the

50 980 130 24 hand-bills.

76 1007 98 23 October
183 1009 20 25 8,
214 1009 63 21 1841.

47 1052 188 49 WILLIAM
249 1052 88 22 LYON
346 1052 42 21 has
395 1053 49 27 just
453 1053 111 27 received,
576 1058 23 17 at
608 1054 36 22 his

144 1079 82 27 Stores,
256 1086 81 15 corner
366 1079 26 21 of
416 1079 155 22 Willis-street
598 1081 47 22 and

49 1106 191 27 Lambton-quay,
252 1113 29 14 es
290 1106 38 21 the
338 1107 61 26 Lady
407 1107 68 26 Leigh
484 1115 6 12 :—:
491 1118 28 4 —

75 1139 104 27 Draught
189 1140 77 26 wines,
279 1140 26 20 of
316 1140 102 26 superior
432 1140 94 27 quality,
538 1143 23 19 at
575 1148 41 21 per

302 1166 85 27 gallon,

48 1194 53 22 Port
193 1193 45 22 17s.
249 1195 23 19 to
282 1194 46 20 18s.
358 1194 100 21 Marsala
472 1195 31 21 9s.
515 1197 23 18 to
549 1196 44 20 10s.
605 1195 37 22 6d.

47 1220 82 27 Sherry
194 1221 46 21 10s.
250 1223 23 19 to
282 1221 46 21 20s.
359 1220 59 27 Cape
435 1235 4 6 .
447 1235 7 6 .
472 1223 32 19 6s.
523 1221 36 22 6d.
571 1225 22 19 to
610 1224 32 21 Bs.

100 1253 92 22 Bottled
202 1257 50 24 port
262 1253 46 22 and
318 1253 89 28 Sherry,
420 1258 22 17 at
455 1262 40 20 per
507 1254 78 28 dozen,

47 1287 52 23 Port
190 1289 48 20 40s.
249 1290 22 19 to
281 1289 46 21 48s.
341 1286 4 29 |
358 1287 82 28 Sherry
504 1289 46 22 40s.
562 1293 23 18 to
595 1291 47 21 445.

74 1321 148 27 Beyerman's
232 1321 38 22 old
280 1322 94 26 brandy,
386 1323 47 20 20s.
443 1329 41 21 per
492 1323 84 28 gallon,

74 1348 55 21 Fine
139 1348 39 21 old
187 1348 103 22 Jamaica
299 1356 58 20 rum,
370 1350 44 20 18s.
426 1357 40 19 per
475 1350 83 28 gallon,

73 1374 91 23 Bottled
174 1374 42 27 ale,
229 1376 44 20 12s.
284 1375 36 22 6d.
331 1383 40 19 per
381 1376 80 26 dozen,

75 1402 55 21 Fine
140 1401 135 27 Edinburgh
286 1402 41 27 ale,
341 1404 44 20 18s.
395 1410 40 19 per
446 1403 80 27 dozen,

74 1428 105 28 Superior
188 1428 78 27 sherry
275 1428 24 22 in
310 1428 60 23 butts
381 1429 45 22 and
436 1435 91 22 quarter
540 1430 73 23 casks.

74 1455 145 27 Wellington,
232 1455 99 22 October
341 1458 19 24 1,
373 1457 60 20 1841.

51 1500 69 48 (\N
131 1500 86 25 SALE,
228 1502 23 19 at
260 1499 39 22 the
310 1500 74 21 Stores
393 1500 26 21 of
426 1501 38 21 the
473 1501 155 28 undersigned
635 1510 5 14 :

76 1529 20 19 /
126 1526 104 28 Figured,
242 1527 98 27 printed,
352 1528 45 20 and
406 1528 62 26 plain
479 1529 108 26 Saxonys,

75 1554 57 22 Rich
142 1552 88 28 figured
239 1553 96 28 poplins,
446 1555 179 28 manufactured,

74 1580 248 22 Mousselin-de-laines
330 1581 44 21 and
383 1581 65 22 Swiss
456 1582 81 22 muslin
545 1582 94 28 dresses,

75 1608 89 21 Double
174 1607 54 21 twill
239 1607 89 22 French
338 1608 104 27 merinos,

75 1635 108 21 Common
193 1634 84 22 British
284 1635 106 27 merinos,
399 1635 66 22 black
473 1635 46 22 and
526 1635 113 29 coloured,

75 1662 97 21 Siamese
184 1661 71 21 cloths
265 1662 46 21 and
320 1662 100 21 Foulard
429 1662 93 26 dresses,

75 1689 80 21 Chintz
164 1688 111 22 furniture
284 1688 79 27 prints,

75 1715 94 22 Orleans
179 1715 79 27 cloths,
270 1719 106 23 satteens,
388 1715 96 28 alpacas,

74 1742 90 26 Shawls,
176 1743 77 26 scarfs,
265 1742 45 22 and
319 1742 181 29 handkerchiefs,

75 1769 62 27 Clan,
145 1769 93 27 Tartan,
246 1769 73 28 plaids
329 1769 45 21 and
384 1769 88 27 shawls,

74 1796 112 26 Sheeting,
199 1796 100 26 shirting,
312 1796 45 21 and
366 1797 142 22 unbleached
517 1797 77 27 calico,

73 1823 191 27 Knaresborough
280 1823 89 26 checks,
381 1823 67 22 India
457 1823 180 29 handkerchiefs,

72 1850 83 26 Welsh,
168 1849 98 28 Saxony,
278 1850 45 21 and
333 1850 76 22 Union
420 1850 103 28 flannels,

73 1877 104 27 Hosiery,
188 1877 85 26 braces,
287 1877 46 21 and
342 1877 84 26 gloves,

73 1903 101 28 Diapers,
186 1904 133 27 towellings,
330 1911 62 20 grass
404 1904 78 28 cloths,

73 1930 101 22 Victoria
183 1931 94 26 dresses,
288 1931 91 27 printed
390 1931 76 27 chalis,

73 1957 73 22 Broad
157 1957 78 28 cloths,
247 1958 162 27 kerseymeres,
421 1959 46 21 and
478 1962 114 25 cantoons,

73 1985 75 26 Crape,
160 1984 99 27 lastings,
271 1985 46 21 and
327 1985 171 27 waistcoatings,

73 2011 151 26 Osnaburghs,
236 2010 120 27 shalloons,
367 2012 111 25 tammies,

73 2037 106 26 Ribbons,
192 2037 150 26 gentlemen's
349 2037 62 21 dress
421 2037 81 28 stocks,

73 2063 154 21 Gentlemen's
236 2063 45 21 fine
291 2063 99 27 wearing
399 2065 98 26 apparel,

73 2089 68 23 Black
152 2090 62 22 dress
224 2094 62 18 coats
296 2089 46 23 and
350 2093 106 24 surtouts,

73 2117 109 26 Grogram
211 2117 45 21 and
283 2117 84 27 lasting
397 2121 68 24 coats,
494 2122 66 23 vests,
590 2119 46 22 and

45 2147 106 24 trowsers,

72 2171 76 26 Tapes,
160 2170 97 27 threads,
267 2171 68 26 laces,
347 2171 46 21 and
402 2171 99 28 buttons,

71 2197 133 27 Umbrellas,
225 2198 83 22 tailors'
328 2198 133 28 trimmings,
487 2199 46 22 and
555 2199 81 23 haber-

47 2225 92 26 dashery
149 2224 26 22 of
181 2224 30 21 all
221 2228 64 24 sorts,

74 2252 71 21 Men's
155 2251 45 21 and
209 2253 108 21 women's
327 2255 79 24 strong
415 2251 72 28 shoes,

73 2278 153 23 Gentlemen's
237 2279 67 27 dress,
314 2279 114 27 Clarence,
437 2279 47 21 and
491 2280 61 22 cloth
560 2281 74 27 boots,

72 2305 138 27 Wellington
219 2306 72 27 boots,
305 2306 107 22 Oxonian
423 2306 72 28 shoes,

72 2332 124 24 Children's
206 2333 71 26 shoes,
289 2341 14 13 a
312 2337 63 23 great
384 2333 95 27 variety.

72 2360 20 21 A
101 2360 61 27 large
172 2360 64 22 stock
246 2360 27 22 of
285 2360 61 28 slops
360 2360 84 27 always
455 2368 30 14 on
500 2361 68 28 hand,
580 2369 54 15 con-

45 2387 75 27 sisting
129 2387 34 21 of:
164 2399 30 4 —

70 2413 57 23 Pilot
136 2418 68 23 coats,
213 2422 42 19 pea
261 2414 96 27 jackets,

70 2441 55 22 Blue
135 2441 45 22 and
190 2441 99 27 monkey
295 2441 97 28 jackets,
403 2441 41 22 red
453 2441 73 28 shirts,

70 2467 75 23 Dutch
155 2469 46 21 and
209 2468 90 22 French
308 2475 61 20 caps,

70 2495 108 28 Flushing
186 2500 108 22 trowsers,
308 2495 54 22 cord
371 2495 46 22 and
426 2495 111 22 moleskin
548 2497 36 22 do.

405 2529 112 23 William
531 2530 73 23 Lyon.

70 2563 82 22 Corner
162 2563 26 22 of
194 2563 73 22 Willis
271 2566 77 19 -street
357 2563 46 22 and
413 2563 190 29 Lambton-quay,

122 2591 98 22 October
230 2592 19 25 1,
261 2592 62 20 1841.

45 2635 69 48 ON
129 2636 86 27 SALE,
227 2639 24 18 at
257 2636 37 21 the
306 2636 75 21 Stores
389 2636 26 21 of
423 2636 37 22 the
470 2637 162 28 undersigned;

119 2662 26 22 76
155 2662 55 28 kegs
219 2663 64 27 nails,
293 2664 100 26 assorted,

69 2688 62 28 Zinc,
141 2689 68 28 hoop,
219 2690 70 28 sheet,
298 2690 48 27 rod,
358 2690 45 22 and
414 2690 42 22 bar
463 2691 57 28 iron,

69 2715 70 28 Pitch,
150 2719 41 25 tar,
203 2717 67 27 rosin,
281 2718 81 27 paints,
374 2718 37 27 oil,
423 2718 45 22 and
475 2719 136 28 turpentine,

69 2742 164 29 Earthenware,
245 2744 115 27 tumblers,
373 2745 46 21 and
428 2745 59 22 wine
495 2746 91 27 glasses,

68 2768 82 23 Dahlia
159 2770 47 22 and
214 2770 77 22 ladies'
303 2771 82 27 starch,
395 2771 92 28 powder
499 2773 59 27 blue,

68 2795 137 29 Negrohead
213 2798 94 21 tobacco
317 2798 46 21 and
373 2798 97 22 Manilla
480 2799 78 27 cigars,

69 2823 88 27 Combs,
168 2824 102 26 shaving,
280 2824 70 28 teeth,
361 2825 47 21 and
416 2825 50 22 hair
473 2826 103 27 brushes,

68 2849 120 29 Liverpool
198 2851 44 21 salt
249 2852 24 20 in
283 2850 62 28 bags,

68 2876 165 28 Ironmongery
243 2877 25 21 of
275 2877 31 21 all
315 2880 64 24 sorts,

68 2903 126 27 Groceries,
204 2904 135 27 provisions.

114 2956 23 22 A
146 2959 81 25 patent
236 2957 113 27 weighing
357 2958 97 22 balance
462 2958 36 22 for
506 2959 53 23 sale.

404 2985 112 23 William
531 2986 73 23 Lyon.

68 3010 84 22 Corner
162 3011 26 21 of
193 3010 153 23 Willis-street
355 3012 45 22 and
413 3012 190 27 Lambton-quay,

121 3038 100 22 October
232 3039 18 26 1,
262 3039 62 21 1841.

44 3081 69 47 ON
128 3082 80 22 SALE
219 3090 28 14 ex
255 3084 62 25 Lucy
332 3084 95 26 Sharpe:
428 3095 29 4 —

117 3109 136 28 Abernethy
261 3110 99 28 biscuits,
371 3111 79 22 mixed
459 3111 63 22 York
532 3111 62 29 ditto,
606 3112 25 22 in

41 3133 32 23 tin
82 3142 68 21 cases,

68 3161 126 29 Presburgh
212 3164 58 22 wine
286 3164 100 28 biscuits,
404 3165 108 27 captain's
527 3165 63 28 ditto,
605 3166 25 21 in

42 3187 31 22 tin
83 3196 66 16 cases.

67 3214 88 24 Bottled
164 3217 71 28 fruits,
246 3218 85 28 pickles
343 3218 45 22 and
398 3226 84 20 sauces,

68 3241 90 27 Seidlitz.
166 3245 109 27 powders,
286 3245 140 28 champagne
434 3246 76 22 lemon
519 3246 109 28 powders,

68 3268 106 25 Concrete
180 3272 64 27 juice
253 3271 27 22 of
295 3272 96 28 lemons,
403 3280 90 15 essence
501 3274 26 21 of
540 3274 88 28 ginger,

40 3294 73 23 lemon
123 3304 76 21 syrup,

68 3321 115 25 Perfumed
192 3325 50 22 hair
249 3325 37 28 oil,
293 3325 111 23 lavender
411 3329 75 25 water,
493 3334 50 15 rose
550 3331 77 24 water,

67 3347 110 26 Essential
186 3352 43 22 salt
239 3353 26 21 of
274 3353 95 27 lemons,
380 3354 130 26 magnesian
527 3355 103 27 aperient

39 3378 93 26 powder,

52 3427 5 5 .
66 3401 104 26 Tincture
179 3406 27 21 of
216 3406 91 28 Turkey
322 3406 106 29 rhubarb,
442 3408 63 23 balm
514 3409 27 22 of
551 3409 76 26 Abys-

42 3434 76 18 sinnia.

66 3455 86 30 Bouqet
165 3458 39 23 dcs
226 3460 83 28 dames,
329 3460 28 23 de
374 3469 51 15 rose
444 3462 132 29 millifleurs,
599 3464 26 22 in

40 3486 50 18 neat
99 3491 68 16 cases.

66 3508 101 30 Bouquet
185 3513 27 22 de
223 3514 80 22 Albert
313 3514 28 23 de
350 3515 108 28 Victoria,

66 3537 47 21 Eau
122 3537 27 23 de
160 3539 105 29 Cologne,
274 3544 65 19 court
347 3542 88 27 plaster,
454 3544 63 21 tooth
526 3544 97 28 powder,

66 3565 127 22 Maccassar
202 3567 37 27 oil,
250 3568 105 28 smelling
362 3569 90 27 bottles,
464 3571 105 27 marking
574 3572 49 26 ink,

65 3591 55 21 JNew
142 3596 64 19 scent
226 3594 56 26 bags
303 3594 37 21 for
360 3596 131 27 perfuming
519 3598 104 25 drawers,

40 3615 86 29 clothes,
138 3619 47 27 &c,

65 3641 55 24 Hair
149 3645 101 29 brushes,
275 3647 84 28 combs,
388 3648 68 23 silver
485 3651 52 22 wire
559 3652 65 22 tooth

41 3669 94 23 brushes.

39 3720 15 12 r
143 3725 10 7 „
400 3701 111 24 William
522 3704 72 24 Lyon.

39 3726 80 18 corner
127 3726 26 20 of
163 3726 152 23 Willis-street
324 3728 45 21 and
376 3728 190 28 Lambton-quay.

179 3753 131 27 September
320 3756 33 26 10,
365 3756 62 21 1841.

39 3793 328 66 OPork.

86 3814 22 20 N
117 3814 85 30 SALE,
213 3821 24 18 at
245 3817 37 23 the
292 3819 75 21 Stores
378 3818 24 23 of
415 3819 38 22 the
461 3820 159 30 undersigned,

111 3842 13 20 3
139 3845 50 19 tons
205 3844 26 21 of
248 3845 103 22 Colonial
368 3846 64 27 pork,
444 3854 28 14 ex
487 3848 59 25 Sally
563 3850 56 23 Ann,

36 3869 23 16 in
68 3867 62 21 small
139 3870 117 27 packages.

62 3917 16 6 ~
115 3920 6 8 ,
296 3899 37 21 W.
348 3899 26 22 B.
390 3899 96 24 Rhodes
496 3901 44 22 and
551 3902 38 23 Co.

60 3918 95 25 October
162 3923 20 26 4,
194 3925 60 21 1841.

1299 697 103 48 FINE
1413 699 89 28 Sydney
1512 708 101 21 oranges,

1358 725 98 23 Lemons
1467 726 35 22 for
1510 727 79 27 ginger
1597 728 54 22 beer
1662 736 24 14 or
1696 729 65 23 wine.

1593 754 107 23 Johnson
1712 757 45 21 and
1766 757 94 22 Moore.

1271 803 8 15 .■
1301 795 152 24 CILLERY
1462 797 151 30 Champagne,
1625 800 45 22 and

1300 820 33 24 k>
1364 823 119 28 Sparkling
1491 825 103 22 Moselle.

1454 872 2 7 ,
1592 853 109 23 Johnson
1711 856 46 21 and
1765 856 93 22 Moore.

1296 894 126 47 LAND.
1423 906 28 4 —
1451 896 38 21 An
1500 896 62 28 early
1571 898 98 22 number
1682 900 24 20 in
1716 901 83 21 second
1811 902 74 27 series,

1360 922 46 21 and
1415 929 14 16 a
1437 923 99 22 number
1544 931 55 15 near
1608 927 40 19 200
1658 926 24 21 in
1695 926 62 27 ditto,
1766 927 36 21 for
1811 928 56 22 sale.

1590 952 108 22 Johnson
1709 954 45 22 and
1764 955 94 22 Moore.

1296 992 167 48 JOHNSON
1478 995 45 22 and
1538 996 112 22 MOORE
1663 997 59 23 have
1736 999 110 26 received,
1859 1007 28 14 ex

1359 1021 93 20 Matilda
1460 1029 5 13 :
1467 1033 29 4 —

1323 1046 67 23 Wine
1399 1047 25 22 in
1434 1051 90 24 quarter
1534 1049 63 22 casks
1608 1050 45 22 and
1665 1058 68 21 cases,

1323 1073 66 23 Cider
1399 1075 23 21 in
1433 1075 63 22 casks
1505 1075 47 22 and
1561 1084 70 19 cases,

1322 1100 44 22 Tin
1376 1101 25 21 in
1410 1101 76 28 boxes,
1499 1102 11 22 I
1521 1103 17 21 C
1549 1104 43 21 and
1604 1104 11 22 I
1627 1104 30 25 X,

1323 1126 96 23 Refined
1429 1136 73 20 sugar,
1514 1131 178 28 confectionery,

1323 1154 102 27 Oranges
1435 1155 44 22 and
1488 1155 94 28 lemons,

1286 1200 6 12 (
1322 1180 65 22 Fruit
1396 1185 57 19 trees
1463 1183 27 21 of
1496 1183 30 21 all
1536 1187 63 24 sorts,

1286 1204 5 27 !
1322 1207 83 28 Prints,
1415 1210 39 24 10$
1462 1209 111 29 blankets,

1284 1245 4 3 •
1322 1234 143 28 Bandannas,
1477 1236 86 28 shawls,

1322 1261 113 23 Artificial
1444 1262 93 28 flowers,
1550 1264 40 22 silk
1600 1265 130 29 umbrellas,

1321 1287 103 23 Damask
1434 1289 122 28 cloakings,
1567 1291 88 28 calicos,

1322 1314 71 23 Black
1402 1315 46 22 and
1456 1317 107 22 coloured
1571 1318 44 22 silk
1623 1319 56 22 boot
1686 1319 68 28 laces,

1322 1341 23 22 A
1362 1343 87 26 variety
1467 1343 26 22 of
1505 1344 88 22 articles
1611 1345 36 22 for
1665 1346 39 22 the
1722 1354 41 15 use
1780 1347 26 22 of
1820 1348 64 22 shoe-

1295 1368 96 28 makers,
1402 1369 60 28 lasts,
1470 1370 95 27 bristles,
1577 1372 41 22 &c.

1321 1396 21 20 A
1350 1397 104 26 quantity
1465 1397 26 21 of
1498 1397 112 23 excellent
1618 1399 47 22 sole
1674 1399 92 28 leather,

1324 1423 20 21 A
1354 1424 44 20 few
1407 1423 103 23 hundred
1520 1424 46 22 feet
1580 1426 27 22 of
1619 1426 83 27 capital
1711 1428 25 21 11
1747 1428 52 22 inch
1811 1428 72 23 Baltic

1293 1449 70 28 plank
1370 1449 46 23 and
1424 1450 53 22 inch
1486 1451 88 28 boards,

1281 1482 12 12 *
1322 1477 22 21 A
1363 1477 104 27 quantity
1485 1478 26 21 of
1529 1478 123 29 hardware,
1673 1481 138 28 comprising
1834 1482 49 22 dish

1294 1510 84 21 covers,
1387 1503 129 28 perforated
1523 1505 57 28 zinc,

1319 1530 61 22 Wire
1389 1538 70 19 gauze
1470 1538 84 21 covers,
1565 1533 94 27 cutlery,

1320 1557 67 22 Brass
1396 1558 50 22 butt
1455 1557 87 28 hinges,
1549 1559 49 22 iron
1608 1560 45 21 and
1664 1561 57 21 tin'd
1731 1562 68 28 tacks,

1321 1584 71 22 Hand
1401 1585 62 26 bells,
1473 1585 63 23 brass
1547 1586 64 26 cap'd
1619 1587 71 27 locks,

1321 1611 141 22 Escutcheon
1472 1611 57 28 pins,
1542 1611 57 24 nails
1609 1613 46 22 and
1662 1621 87 21 screws,

1321 1637 53 23 Hob
1383 1638 66 27 nails,
1459 1638 52 22 heel
1521 1639 63 28 nails,

1319 1665 115 22 Decanter
1443 1665 72 28 corks,
1524 1666 77 27 plated
1611 1670 57 25 tops,

1321 1692 54 21 And
1385 1699 14 15 a
1407 1692 62 27 large
1478 1693 88 27 variety
1575 1694 26 21 of
1608 1694 64 22 other
1679 1695 97 22 articles.

1293 1738 73 48 ON
1376 1738 78 21 SALE
1462 1738 31 28 by
1503 1738 38 22 the
1551 1739 152 29 undersigned
1711 1749 5 13 :
1719 1752 28 5 —

1356 1764 59 23 First
1425 1765 96 22 colonial
1529 1765 64 28 flour,

1319 1791 136 28 Negrohead
1463 1792 93 22 tobacco
1566 1793 76 27 (small
1650 1794 73 28 kegs,)

1319 1818 97 28 Raisins,
1426 1819 48 27 figs,
1486 1819 45 22 and
1541 1820 114 28 liquorice,

1319 1846 125 21 Barcelona
1452 1849 59 24 nuts,

1321 1872 144 28 Gunpowder
1473 1874 24 21 in
1507 1874 132 28 cannisters,

1319 1899 60 22 Rum
1387 1900 25 21 in
1421 1899 74 28 hhds.,

1319 1926 92 27 Brandy
1419 1926 25 22 in
1454 1928 69 26 pipes,
1533 1927 73 27 hhds.,
1618 1928 45 21 and
1672 1932 91 24 quarter
1772 1930 72 27 casks,

1319 1953 125 25 Schiedam,
1461 1954 67 22 white
1548 1954 44 22 and
1611 1955 85 27 tinged,
1717 1957 24 21 in
1760 1956 58 23 hhds
1837 1957 43 23 and

1283 1983 99 24 .quarter
1391 1980 69 27 casks,

1318 2006 113 21 Hollands
1439 2007 23 21 in
1472 2007 61 26 large
1544 2007 45 22 and
1599 2008 64 22 small
1674 2016 69 20 cases,

1318 2032 94 28 Arrack,

1318 2058 83 28 Sherry
1409 2059 24 22 in
1442 2058 65 23 hhds.
1518 2060 45 21 and
1573 2063 90 25 quarter
1673 2062 70 27 casks,

1318 2085 53 22 Pale
1382 2086 60 28 Cape
1449 2086 77 28 sherry
1535 2087 24 21 in
1569 2087 72 27 wood,

1317 2112 54 22 Port
1380 2113 46 21 and
1435 2112 77 28 sherry
1521 2114 24 21 in
1554 2114 78 27 bottle,

1318 2139 113 27 Barclay's
1441 2143 60 18 stout
1509 2140 24 21 in
1543 2140 77 28 bottle,

1317 2166 53 22 Pale
1380 2166 34 22 ale
1423 2167 25 21 in
1456 2166 78 27 bottle,

1317 2193 71 27 Pitch,
1400 2196 40 24 tar,
1451 2193 45 23 and
1505 2194 59 28 glue,

1318 2220 96 26 Oakum,

1317 2247 56 22 Fine
1382 2247 60 22 table
1453 2247 48 27 salt,

1315 2274 90 22 Thumb
1414 2274 59 28 blue,

1317 2300 117 28 Herrings,

1315 2327 111 29 Blacking
1434 2329 30 21 in-
1468 2331 76 25 quarts
1554 2330 43 21 and
1606 2330 68 28 pints,

1316 2354 101 28 Taylor's
1427 2356 92 22 Persian
1529 2356 85 28 thread,

1316 2381 109 23 Assorted
1434 2382 66 28 slops,

1317 2408 65 28 Silks,
1394 2409 85 27 shawls,
1490 2410 181 29 handkerchiefs,
1683 2412 46 22 and
1738 2413 100 28 ribbons,

1316 2435 93 23 Printed
1419 2439 95 25 cottons,
1524 2437 102 27 muslins,
1637 2438 90 29 linings,

1316 2462 92 28 Linens,
1419 2463 102 28 calicoes,
1531 2464 131 29 moleskins,

1315 2489 103 28 Flannel,
1430 2490 83 27 cloaks,
1523 2491 129 28 umbrellas,

1315 2516 72 23 Cedar
1396 2517 87 28 boards,

1315 2543 50 22 Ash
1376 2551 56 20 oars,

1315 2571 130 22 Maccaroni
1454 2571 46 22 and
1509 2572 130 28 vermicelli,

1315 2598 87 22 Knives
1424 2599 45 21 and
1491 2599 69 28 forks,
1580 2603 44 24 tea,
1650 2600 79 29 desert,
1750 2603 45 21 and
1820 2603 59 22 table

1286 2631 89 21 spoons.

1617 2654 83 22 Waitt
1711 2656 46 21 and
1766 2656 85 22 Tyser.

1314 2685 145 29 Wellington,
1471 2685 131 29 September
1611 2689 35 26 29,
1656 2690 62 21 1841.

1516 2732 52 21 For
1583 2733 70 25 Sale,

1288 2758 52 48 A
1352 2757 77 22 FINE
1437 2758 44 22 fast
1490 2759 80 26 sailing
1585 2759 76 28 yacht,
1673 2763 73 20 cutter
1755 2761 84 28 rigged,
1855 2762 23 22 in

1380 2784 111 28 thorough
1506 2787 79 26 repair,
1605 2787 55 21 with
1676 2795 50 15 new
1737 2789 58 26 sails,
1812 2789 66 22 chain

1288 2811 69 27 cable,
1369 2812 46 22 and
1430 2812 85 22 anchor
1527 2813 95 28 entirely
1632 2815 118 26 complete.
1780 2816 45 22 She
1835 2817 43 21 will

1288 2845 64 20 carry
1369 2839 68 22 about
1456 2839 63 22 three
1536 2847 25 15 or
1578 2840 52 22 four
1649 2845 59 24 tons,
1728 2842 46 22 and
1792 2843 19 21 is
1829 2844 50 21 well

1288 2864 96 28 adapted
1392 2868 23 19 to
1425 2866 62 22 trade
1496 2867 102 23 between
1608 2867 44 23 this
1662 2869 63 27 place
1736 2870 46 22 and
1792 2871 85 22 Petoni.

1288 2892 76 27 Apply
1374 2895 23 19 to

1548 2921 21 22 J.
1585 2921 33 23 M.
1634 2922 104 27 Taylor,
1753 2923 32 22 Te
1794 2925 57 22 Aro.

1514 2966 54 20 For
1583 2966 70 26 Sale,

1287 2991 51 48 A
1352 2991 214 23 SUBSTANTIAL
1577 2993 46 22 and
1632 2994 51 21 well
1695 2994 97 23 finished
1800 3003 77 20 warre,

1371 3019 106 27 standing
1492 3022 89 24 onpart
1592 3020 26 21 of
1630 3020 39 22 the
1686 3024 60 19 town
1764 3029 58 20 acre,
1834 3022 42 23 No.

1286 3044 47 27 473,
1350 3045 57 22 with
1420 3046 103 26 frontage
1540 3050 23 17 to
1579 3046 238 28 Wellington-terrace
1834 3050 44 21 and

1287 3071 167 24 Bolton-street.
1482 3073 49 22 The
1537 3074 95 27 ground,
1639 3074 74 22 under
1719 3075 14 22 7
1739 3082 65 19 years
1809 3076 67 28 lease,

1286 3098 20 21 is
1321 3098 52 22 well
1389 3099 93 23 drained
1498 3100 46 21 and
1556 3100 82 23 fenced
1638 3112 27 4 —
1666 3102 104 27 partially
1781 3102 95 28 cleared,

1286 3125 45 21 and
1346 3133 63 15 sown
1422 3127 55 22 with
1486 3127 60 22 seed.
1575 3127 44 23 For
1629 3132 76 23 terms,
1718 3128 68 28 apply
1795 3137 30 14 on
1839 3130 38 22 the

1286 3156 50 23 spot
1344 3155 24 18 to

1623 3181 45 22 Mr.
1683 3181 22 22 J.
1717 3182 35 22 W.
1768 3182 80 23 Jones.

1489 3226 40 20 To
1545 3227 33 20 be
1594 3227 75 24 Sold,

1284 3251 51 49 A
1359 3251 139 23 WOODEN
1520 3253 289 23 DWELLING-HOUSE
1830 3255 45 22 and

1362 3279 146 22 native-built
1517 3280 70 27 Store,
1598 3280 98 22 situated
1705 3288 30 14 on
1750 3281 122 23 Thorndon

1284 3304 56 28 Flat,
1359 3305 47 22 and
1422 3306 25 21 in
1467 3306 37 22 the
1526 3307 134 27 occupation
1679 3307 27 21 of
1721 3307 27 23 R.
1760 3307 51 23 Ball
1830 3309 44 21 and

1284 3332 47 26 Co.,
1342 3332 45 22 and
1394 3333 19 21 is
1423 3336 24 18 at
1455 3332 38 23 the
1503 3337 91 24 present
1601 3334 53 22 time
1665 3333 69 28 doing
1743 3342 14 14 a
1765 3335 108 23 lucrative

1282 3359 110 21 business.
1429 3360 48 21 The
1500 3361 136 27 proprietors
1658 3361 92 27 leaving
1773 3361 45 23 this
1839 3363 35 21 for

1282 3386 129 27 Wanganui
1423 3386 68 22 isthe
1502 3387 54 27 only
1564 3394 82 16 reason
1654 3387 37 23 for
1707 3388 58 22 their
1779 3389 95 28 wishing

1282 3415 24 20 to
1316 3413 88 28 dispose
1414 3413 26 22 of
1445 3413 24 22 it.
1499 3414 83 28 Apply,
1594 3422 30 14 on
1633 3414 39 22 the
1681 3416 114 27 premises,
1808 3420 23 18 to

1724 3449 23 22 J.
1763 3450 82 23 Jones.

1508 3493 53 21 For
1576 3494 70 25 Sale,

1282 3525 49 49 A
1347 3526 88 22 GOOD
1449 3527 209 22 weather-boarded
1672 3528 87 28 House,
1770 3530 102 22 contain-

1359 3554 42 26 ing
1409 3554 35 21 six
1452 3561 81 14 rooms.
1563 3554 44 22 For
1616 3555 140 27 particulars,
1771 3556 69 28 apply
1850 3560 21 19 to

1281 3579 21 22 J.
1312 3580 87 27 Millar,
1409 3587 55 15 near
1473 3580 41 23 Dr.
1521 3580 134 28 Fitzgerald,
1665 3582 125 22 Thorndon
1799 3583 58 22 Flat.

1488 3619 30 20 E.
1533 3619 127 26 Stafford,

1365 3645 79 25 Tailor,
1457 3646 176 26 Lambton-quay,
1651 3647 135 26 Wellington,

1279 3671 52 48 IN
1344 3673 118 26 returning
1472 3671 82 23 thanks
1563 3675 22 19 to
1597 3673 63 22 those
1674 3674 130 26 gentlemen
1821 3674 49 22 who

1335 3697 59 23 have
1404 3699 92 21 favored,
1505 3699 48 21 him
1563 3699 52 22 with
1626 3699 60 22 their
1693 3700 83 27 orders,
1784 3708 86 15 assures

1278 3724 61 22 them
1349 3725 51 21 that
1408 3725 58 22 from
1475 3725 35 22 his
1521 3725 62 22 stock
1594 3733 29 14 on
1633 3726 69 26 hand,
1713 3727 46 22 and
1767 3727 59 22 from
1836 3735 33 15 re-

1277 3754 53 19 cent
1340 3752 92 22 arrivals
1441 3752 58 22 from
1508 3752 112 27 England,
1631 3753 29 22 he
1670 3753 46 22 will
1728 3754 29 21 be
1775 3754 95 23 enabled

1277 3781 24 19 to
1310 3778 66 22 make
1387 3786 29 20 up
1427 3779 88 22 articles
1523 3779 26 21 in
1556 3779 37 21 the
1603 3779 49 22 first
1662 3780 57 27 style
1729 3781 27 20 of
1766 3781 89 22 fashion
1864 3791 5 19 ;

1277 3805 72 21 which
1359 3805 47 22 will
1414 3805 82 22 render
1504 3805 18 22 it
1531 3812 152 21 unnecessary
1691 3807 35 21 for
1740 3807 38 22 the
1794 3808 77 27 public

1276 3834 23 19 to
1310 3831 56 23 send
1380 3835 24 19 to
1420 3832 37 22 the
1474 3832 165 28 neighbouring
1649 3833 104 23 Colonies
1763 3834 34 22 for
1812 3835 59 22 their

1277 3859 99 27 wearing
1386 3859 98 27 apparel.

1303 3885 58 22 N.B.
1362 3897 30 4 —
1392 3886 75 27 Every
1481 3885 77 23 article
1572 3886 127 22 warranted
1717 3887 27 22 of
1764 3887 38 23 the
1819 3888 51 23 best

1272 3909 96 31 iquality,
1381 3916 44 24 cut,
1437 3912 44 22 and
1491 3912 173 29 workmanship,
1675 3914 46 22 and
1735 3921 30 16 on
1778 3922 90 17 reason-

1271 3939 54 26 jable
1335 3942 76 21 terms.

679 691 37 47 J
755 691 143 24 JACKSON
919 694 40 22 has
978 696 110 27 received,
1110 703 28 15 ex
1156 696 38 22 the
1209 698 61 25 Lady

719 729 12 10 •
775 720 68 26 Leigh
850 729 7 10 .•
858 731 29 5 —

706 751 103 23 Merinos
817 753 64 27 plain
891 755 45 21 and
946 755 93 28 figured,

706 778 95 24 Orleans
808 781 62 21 cloth
879 781 45 22 and
933 783 233 23 mousselin-de-laine
1176 784 91 27 dresses,
1274 803 2 3 .

705 806 105 26 Superior
825 807 71 29 ready
907 809 65 21 made
990 810 108 28 clothing,
1110 811 123 28 consisting
1247 811 25 22 of

677 832 113 27 superfine
809 838 61 18 coats
889 835 46 22 and
953 839 115 25 trowsers;
1089 837 120 23 velveteen
1224 838 45 22 and

677 862 97 20 cantoon
788 861 90 26 jackets
886 870 4 19 ;
911 863 118 26 moleskin,
1041 866 104 23 cantoon,
1158 865 46 21 and
1216 865 53 21 cord

676 888 104 20 trowsers
787 895 7 13 :
809 888 112 22 valentias
937 889 46 22 and
999 890 92 22 Persian
1107 891 76 22 velvet
1194 892 74 21 waist-

676 916 74 24 coats;
773 912 46 24 also
840 915 121 23 children's
979 916 119 24 velveteen
1119 917 47 23 and
1187 918 81 22 corded

677 938 93 24 dresses.

703 972 192 30 Lambton-quay,
908 976 98 21 October
1015 978 20 25 1,
1047 978 61 21 1841.

676 1025 92 48 THE
783 1027 155 27 undersigned
946 1028 41 22 has
1000 1036 30 14 on
1046 1029 45 22 sale
1102 1030 37 22 the
1154 1031 114 27 following

751 1053 90 22 articles
849 1061 5 14 :
856 1065 29 4 —

703 1085 79 28 Locks,
794 1087 66 28 bolts,
872 1087 85 29 hinges,
968 1089 52 22 sash
1029 1089 78 23 rollers
1117 1091 45 22 and
1173 1094 92 25 centres,

675 1112 46 22 and
729 1112 85 22 shutter
824 1114 95 28 latches,

702 1139 22 21 A
734 1143 65 23 great
807 1141 88 28 variety
905 1143 26 21 of
937 1150 86 20 screws,

701 1166 127 27 Engineers
837 1168 59 22 bolts
906 1169 46 22 and
960 1173 60 24 nuts,

701 1193 53 27 Dog
764 1194 45 22 and
819 1202 48 15 cow
880 1196 84 27 chains,

702 1220 55 22 Iron
767 1221 46 21 and
822 1229 83 25 copper
915 1223 60 28 wire,

701 1246 55 22 Iron
763 1254 40 20 gas
807 1249 87 32 piping,
902 1250 45 22 and
952 1250 49 22 iron
1009 1251 79 28 piping
1093 1251 36 23 for
1135 1254 81 25 stoves,
1225 1252 39 22 &c.

702 1274 92 22 Smith's
804 1274 55 29 files,

701 1300 45 22 Tar
756 1301 45 22 and
811 1302 53 22 shoe
875 1303 100 28 brushes,
987 1304 108 29 markers,
1106 1305 41 22 &c.

702 1327 48 23 Bed
760 1329 111 28 sackings,

701 1353 54 23 Fish
764 1355 79 28 hooks,

701 1381 80 23 Hooks
792 1383 51 21 and'
848 1390 59 21 eyes,
919 1384 50 27 pins
979 1384 45 22 and
1033 1385 99 27 needles,

701 1408 147 23 Unbleached
859 1411 77 27 calico,
948 1414 75 19 cotton
1034 1411 87 28 checks,
1131 1413 42 21 &c.

701 1435 53 27 Slop
765 1435 108 28 clothing,

700 1461 96 28 Thread,
808 1463 97 28 darning
914 1467 82 24 cotton,
1008 1465 47 21 and
1065 1465 101 27 worsted,

700 1488 88 23 Pickles
806 1490 47 22 and
859 1490 96 28 ''sauces,
973 1492 129 22 maccaroni
1119 1493 47 21 and
1184 1493 80 22 vermi-

672 1515 59 27 celli,
742 1517 41 21 &c.
795 1517 40 22 &c.

1048 1545 27 22 E.
1091 1546 145 23 Catchfool.

700 1569 189 23 Dickson-street.

674 1620 72 22 /~\N
771 1621 86 28 SALE,
882 1623 30 26 by
937 1622 38 22 the
998 1623 197 28 undersigned:—

698 1675 14 20 2
730 1674 74 28 hhds.,
821 1676 133 27 containing
971 1684 14 14 a
1002 1680 64 24 great
1083 1679 88 27 variety
1188 1679 27 21 of
1230 1678 33 22 tin

672 1707 65 21 ware,

699 1727 81 23 Brown
791 1731 67 25 stout,
996 1732 12 18 1
1054 1731 90 23 Packed
1171 1732 24 22 in
1223 1731 40 23 red

700 1754 53 22 Pale
763 1755 42 27 ale,
1002 1754 13 22 I
1020 1757 76 28 boxes,
1128 1759 74 22 suited
1229 1759 34 22 for

700 1781 74 23 Men's
783 1783 65 21 boots
860 1783 45 22 and
918 1783 71 29 shoes,
995 1780 12 32 J
1020 1785 83 23 Native
1110 1785 71 23 trade.

699 1808 64 28 Soap,

698 1835 108 23 Blankets
807 1848 29 3 —
837 1836 66 23 white
913 1837 45 23 and
967 1839 47 27 red,

698 1862 113 27 Clothing,

698 1889 80 21 Cotton
789 1891 79 27 prints,

698 1916 82 27 Sherry
787 1917 24 21 in
821 1921 92 24 quarter
922 1919 70 27 casks,

698 1942 212 24 Double-barrelled
919 1946 130 27 percussion
1058 1954 65 19 guns,

697 1969 137 27 Negrohead
843 1972 99 22 tobacco.

1025 1999 94 22 Samuel
1132 2000 101 22 Revavp.
1264 2012 8 11 4

667 2047 104 51 JM.
786 2047 136 27 TAYLOR,
937 2049 32 21 Te
985 2049 54 27 Aro,
1054 2049 41 22 has
1110 2057 29 15 on
1158 2051 53 26 sale,
1232 2056 29 15 ex

708 2086 11 10 •
749 2075 62 25 Lucy
821 2075 90 26 Sharpe,
912 2087 29 4 —

752 2102 108 21 Gunter's
868 2102 121 28 preserved
995 2103 72 27 fruits,

696 2127 77 28 Fancy
782 2128 93 22 biscuits
883 2130 25 20 in
915 2131 51 25 tins,

694 2154 65 22 Jams
769 2154 45 22 and
820 2156 83 27 jellies,

695 2181 96 27 Pickles,

695 2208 128 28 Raspberry
834 2209 99 28 vinegar,

695 2234 101 28 Herring
805 2239 71 24 paste,

696 2262 113 28 Anchovy
817 2267 71 24 paste,

695 2288 53 22 Pate
759 2297 29 14 au
796 2290 81 26 diable,

695 2316 104 22 Chedder
807 2317 47 21 and
863 2315 74 24 North
947 2317 66 22 Wilts
1021 2317 87 28 cheese,
1117 2319 41 21 &c.
1169 2319 40 23 &c.

928 2359 64 20 ALSO,

694 2377 115 27 Blankets,

694 2404 93 22 Printed
797 2405 113 27 dmggets,

694 2430 53 28 Slop
758 2431 107 27 clothing,

693 2458 68 21 Boots
772 2458 45 22 and
826 2458 74 28 shoes,
911 2458 46 24 and
965 2458 55 24 shoe
1028 2460 121 29 materials,

693 2484 54 28 Ship
758 2485 130 29 chandlery,

694 2512 152 28 Gunpowder,

694 2538 63 28 Shot,

693 2566 83 28 String,

693 2592 135 30 Stationery,

692 2619 112 29 Tobacco,

693 2646 65 28 Soap,

692 2674 23 21 A
722 2674 112 27 bagatelle
843 2675 71 22 board
924 2676 117 28 complete,

692 2701 185 29 Magiclantern,

692 2728 121 23 Electrical
821 2729 113 28 machine,

693 2755 79 27 Piano,

694 2782 130 22 Stockholm
836 2785 42 25 tar,

695 2809 51 22 Coir
756 2817 61 19 rope,

693 2836 22 21 A
724 2836 63 26 large
797 2839 136 19 assortment
941 2837 25 22 of
974 2838 78 28 snuffs,
1063 2839 124 28 consisting
1193 2840 27 22 of
1225 2848 5 14 :
1232 2851 28 4 —

693 2862 101 23 Prince's
804 2863 105 27 mixture,

693 2889 125 27 Strasburg,

693 2915 44 22 No.
747 2917 35 27 45,
794 2916 100 28 scented,

693 2942 81 23 Prince
785 2943 101 22 Albert's
895 2944 106 29 mixture,

692 2969 114 22 Morton's
814 2970 106 28 mixture,

692 2996 45 22 No.
745 2998 34 26 31,
790 2996 51 23 best
848 2998 86 27 brown,

691 3022 139 23 Hardham's
840 3024 44 22 No.
893 3024 35 28 37,

693 3050 63 22 Cuba
765 3053 104 26 carrotte,

691 3076 116 28 Princeza,

692 3103 150 23 Grimstone's
853 3104 112 29 diamond,

691 3130 89 28 Scotch,

691 3158 150 22 Grimstone's
852 3166 41 20 eye
904 3159 65 22 snuff.

689 3212 69 22 From
768 3212 156 24 Blackwood's
933 3215 81 26 Lady's
1020 3217 118 28 Magazine,
1147 3217 36 22 for
1190 3218 64 27 May,

663 3239 61 22 1838.
754 3239 33 22 To
805 3239 46 23 Mr.
861 3240 38 22 W.
910 3241 137 30 Grimstone,
1061 3252 29 14 on
1106 3245 34 21 his
1151 3245 103 22 valuable

660 3266 119 22 invention
790 3267 26 21 of
826 3267 39 21 the
877 3267 47 28 Eye
940 3269 69 28 Snuff,
1020 3271 68 22 made
1096 3271 60 23 from
1172 3272 83 22 British

660 3292 75 29 herbs,
745 3293 35 23 for
790 3293 38 23 the
845 3294 103 24 diseased
961 3304 81 20 organs
1053 3298 26 21 of
1089 3298 40 23 the
1140 3299 115 22 headand

661 3327 52 19 eyes
720 3328 4 14 :
726 3332 30 3 —

661 3347 72 22 Great
738 3355 45 15 was
794 3347 38 23 the
842 3355 75 20 power
924 3349 49 23 that
981 3350 39 23 did
1029 3354 24 19 to
1061 3359 54 15 man
1124 3353 84 28 impart

660 3373 102 23 Creative
771 3375 82 27 genius
862 3375 46 23 and
914 3376 115 24 inventive
1039 3382 47 24 art;

658 3400 50 23 The
726 3402 85 22 second
830 3403 75 27 praise
925 3404 27 27 is,
972 3404 121 29 doubtless,
1114 3406 137 28 Grimstone,

714 3427 69 24 thine.

659 3454 61 23 Wise
730 3463 44 15 was
785 3455 62 23 thine
857 3456 65 27 head,
934 3458 45 22 and
988 3462 65 23 great
1059 3467 45 15 was
1114 3460 40 28 thy
1164 3461 86 27 design,

659 3482 48 22 Our
715 3483 103 27 precious
828 3483 66 28 sight,
906 3484 58 23 from
974 3485 86 28 danger
1068 3494 51 15 now
1130 3491 34 18 set
1173 3488 54 27 free,

657 3508 84 29 Wives,
752 3509 98 28 widows,
861 3510 91 29 fathers,
962 3513 86 27 praises
1057 3514 51 27 sing
1117 3517 23 19 to
1150 3514 59 23 thee.

969 3546 137 24 Elizabeth
1121 3548 102 24 Robson.

657 3577 32 26 19,
701 3576 137 28 Bell-street,
849 3577 181 30 Edgware-road,
1044 3580 155 28 Marylebone.

658 3630 93 49 ONE
760 3634 80 24 patent
847 3632 102 27 portable
959 3633 62 22 hand
1029 3634 59 23 flour
1096 3636 56 26 mill,

736 3659 9 20 1
762 3658 151 27 gentleman's
928 3659 46 22 and
984 3662 10 20 1
1010 3660 73 28 lady's
1098 3663 87 27 quilted
1197 3663 52 22 sad-

656 3683 44 28 dle,
714 3684 80 28 bridle,
812 3685 46 22 and
874 3685 78 29 whips,
962 3687 54 22 with
1030 3695 55 16 nose
1095 3689 62 22 band
1173 3694 21 18 to
1211 3690 38 22 the

654 3710 73 29 latter,

683 3739 10 19 1
704 3738 91 27 parlour
804 3739 94 26 register
904 3743 70 25 grate,

682 3766 11 20 1
704 3763 110 24 beautiful
823 3766 85 21 bronze
919 3770 36 19 tea
963 3775 50 19 urn,

681 3791 57 23 Fine
748 3792 60 22 Irish
816 3793 76 22 linens
903 3793 45 22 and
956 3793 111 29 hollands,

681 3817 74 23 Linen
765 3819 70 26 drills,
846 3819 67 22 white
924 3820 44 21 and
978 3821 113 27 coloured,

680 3844 100 27 Printed,
793 3845 65 27 dyed,
870 3847 46 21 and
928 3847 118 22 embossed
1061 3848 124 24 moleskins
1200 3850 46 23 and

653 3871 136 26 velveteens.

679 3897 113 23 Coloured
801 3898 46 22 and
856 3898 67 22 white
933 3903 97 18 cantoon
1040 3901 72 22 cords.

747 3930 76 28 Apply
834 3935 22 18 to
866 3931 46 23 Mr.
923 3932 87 29 Penny,
1021 3937 25 18 at
1055 3934 45 22 Mr.
1112 3935 99 24 Grace'a.
