2559 4029
1913 3877 55 16 rinted
1982 3878 36 16 and
2033 3878 97 19 published
2147 3883 55 16 every
2220 3880 111 21 Wednesday
2347 3882 36 15 and
2394 3882 85 19 Saturday
2492 3894 1 5 ,

1914 3898 90 20 morning,
2018 3898 24 20 by
2061 3899 85 16 Samuel
2161 3899 88 19 Revans,
2266 3902 26 14 at*
2299 3901 31 16 the
2346 3901 54 17 Office
2418 3902 20 16 of
2448 3902 30 16 the

1914 3918 49 17 New
1977 3919 99 16 Zealand
2088 3919 92 16 Gazette
2192 3925 41 12 and
2246 3921 135 17 Wellington
2398 3922 81 17 Specta-

1914 3943 43 14 tor,
1969 3939 158 21 Manners-street,
2136 3941 116 21 Wellington,
2264 3942 43 17 Port
2318 3942 104 21 Nichoiion,
2434 3943 44 17 New

1914 3960 87 16 Zealand.

535 29 102 32 THE
654 30 113 32 NEW
785 31 228 32 ZEALAND
1033 32 225 31 GAZETTE
1277 32 101 31 AND
1398 33 330 33 WELLINGTON
1752 37 294 31 SPECTATOR.

160 113 94 21 Union
268 114 80 20 Bank
362 113 30 21 of
409 113 150 21 Australia.

64 146 96 22 London
179 147 93 27 Office,
289 146 43 22 No.
346 148 37 24 38,
401 146 51 22 Old
468 146 185 22 Broad-street.

119 179 95 28 Capital,
224 180 121 27 £800,000;
366 179 53 28 paid
428 187 37 20 up,
480 179 120 27 £500,000.

300 218 109 12 DIRECTORS
415 218 5 5 *

171 240 68 20 George
247 240 39 16 Fife
293 241 66 20 Angus,
368 241 48 20 .Esq.,

170 261 68 16 Robert
246 261 73 19 Biooks,
330 262 48 24 Kmj.,

169 282 62 16 James
239 282 48 16 John
295 282 98 18 Cummins,
402 282 49 19 Esq.,

169 303 68 16 Robert
245 303 95 19 Gardener,
353 303 47 19 Esq.,
414 303 122 19 Manchester,

169 323 48 16 John
226 323 46 16 Gore
288 324 47 19 Esq.,

168 344 49 15 John
225 343 78 16 William
312 343 73 19 Buckle,
392 344 48 20 Esq.,

168 365 95 19 Benjamin
273 365 19 15 E.
300 364 62 19 Limit),
371 365 49 19 Esq.,

168 385 72 16 Charles
253 385 71 16 Edward
333 385 88 20 Mangles,
430 386 47 19 Esq.,

167 406 117 19 Christopher
291 406 83 19 ltawson,
383 406 47 20 Esq.,
444 406 80 19 Halifax,

167 426 79 16 Thomas
254 426 63 20 Sands,
326 426 48 20 Esq.,
381 426 100 20 Liverpool,

166 447 62 16 James
236 447 55 18 13oi?le
299 447 64 19 Smith,
370 447 48 20 Esq.,

166 468 62 16 James
236 468 79 16 Ruddell
322 468 56 19 Toild,
386 468 43 20 Esq.

59 495 96 17 Trustees:
172 495 81 16 George
265 495 55 16 Carr
333 495 60 18 Glyn,
406 495 48 20 Esq.,
465 495 54 16 John
531 494 61 20 Gore,
603 496 46 19 Esq..

208 517 36 15 and
252 517 65 15 James
324 516 17 16 J.
349 516 101 19 Cummins,
460 517 43 19 Esq.

86 543 93 16 Bankers:
192 543 74 16 Messrs.
274 543 60 19 Glyn,
346 543 114 19 Uallitax,
470 543 71 19 Mills,
549 543 38 16 and
594 543 30 17 Co,

180 571 102 20 Secretary.
294 571 83 16 Samuel
383 571 95 19 Jackson,
486 571 43 19 Esq.

150 598 80 16 Colonial
237 599 94 19 Inspector
336 603 4 10 :
353 599 18 15 J.
379 598 18 16 C.
404 598 103 20 M'Laukn,
517 599 43 19 Esq.

181 646 70 20 New
269 646 122 20 Zealand
409 646 117 21 Branch.

56 679 54 16 Local
119 679 92 16 Directors
217 684 4 11 :
237 679 47 16 Geo.
295 679 18 15 S.
324 679 73 17 Evans.
410 680 48 20 Esq.,
472 680 69 20 D.C.L.,
554 680 38 16 and
603 680 46 16 Geo.

280 700 92 19 Hunter,
384 701 43 19 Esq.
494 703 10 7 »

56 727 98 20 Manager:
166 727 49 16 John
223 727 71 19 Smith,
303 727 49 20 Esq.,
361 727 35 16 late
404 727 21 16 of
433 728 30 15 the
471 728 119 17 Commercial
597 729 52 16 Bank

227 748 21 16 of
256 748 88 20 England,
358 748 121 17 Manchester.

169 776 115 22 Brandies
293 780 24 17 at
332 776 97 28 Sydney,

333 803 8 21 I
348 804 74 21 lobart
430 803 75 27 Town,

333 830 9 21 1
350 834 131 23 .aunceston,
495 830 45 22 and

332 857 9 20 1
352 860 34 18 ort
395 857 81 27 Philip.

56 882 54 22 Port
120 882 132 28 Nicholson,
264 883 78 22 March
353 885 34 25 24,
399 886 61 19 1840.

58 936 92 35 npHE
167 937 115 21 Directors
298 937 26 21 of
339 937 40 22 Ihe
395 937 57 22 New
468 938 101 22 Zealand
583 939 66 22 Land

64 959 30 25 _L
133 964 116 26 Company
265 964 81 27 hereby
364 964 51 27 give
432 965 82 26 notice,
532 965 49 22 that
596 966 53 28 they

54 989 60 22 have
122 997 112 15 EITECTED
246 998 28 14 AN
287 999 171 14 ARRANGEMENT
466 992 53 21 with
527 992 37 22 the
573 992 73 22 Unioil

56 1016 65 21 Bank
137 1017 25 21 of
179 1018 119 26 Australia,
317 1018 43 21 No.
378 1020 32 24 38,
426 1018 44 22 Old
487 1019 159 27 Broad-street,

56 1044 103 26 London,
171 1044 35 21 for
215 1044 38 21 the
265 1044 169 23 establishment
448 1046 25 21 of
487 1053 14 14 a
517 1046 130 22 BRANCH

54 1070 91 21 HANK
160 1071 34 21 IN
211 1071 71 21 NEW
296 1072 158 28 ZEALAND,
468 1072 97 28 through
576 1074 71 21 which

55 1097 38 21 the
103 1097 103 22 business
219 1099 26 20 of
258 1098 37 21 the
313 1099 56 21 New
385 1099 101 22 Zealand
500 1100 66 22 Land
582 1100 65 22 Com-

54 1131 61 19 pany
125 1124 45 22 will
178 1125 29 20 be
218 1126 134 21 transacted.
380 1126 48 21 The
444 1126 114 22 Directors
575 1127 72 22 there-

53 1147 48 25 fore
112 1151 146 22 recommend
266 1155 23 18 to
307 1152 111 22 Colonists
433 1153 39 22 the
489 1154 77 21 Union
582 1154 65 22 Bank

54 1178 27 20 of
99 1178 115 21 Australia
232 1185 24 14 as
274 1186 29 14 an
329 1179 171 22 establishment
521 1181 126 27 possessing

52 1204 60 21 their
128 1205 71 21 entire
223 1206 137 27 confidence,
381 1206 44 22 and
445 1207 49 21 able
513 1210 23 18 to
555 1208 92 26 provide

53 1231 128 27 effectually
197 1232 35 21 for
247 1232 39 23 the
299 1233 107 22 financial
420 1237 71 18 wants
508 1234 26 22 of
545 1234 37 22 the
599 1235 48 22 first

53 1258 137 22 settlement.

223 1286 35 27 By
268 1286 65 22 order
343 1286 27 22 of
380 1286 38 22 the
427 1287 80 27 Board,

299 1321 86 22 JOHN
400 1321 103 28 WARD,
521 1322 123 28 Secretary.

52 1359 57 23 New
120 1361 101 22 Zealand
230 1361 65 23 Land
305 1362 137 27 Company's
451 1362 78 28 Office,

80 1395 19 23 1,
112 1394 160 28 Adam-street,
284 1395 104 28 Adelphi,
399 1395 54 23 27th
462 1397 69 26 Aug.,
541 1399 62 21 1839.

59 1446 116 22 TAMES
187 1446 127 23 BURTON
327 1448 68 21 AND
406 1449 83 27 SONS,
502 1450 142 28 Millwrights

51 1470 28 23 O
103 1472 45 22 and
165 1474 130 26 Engineers,
308 1475 26 20 of
345 1475 81 22 John's
442 1476 73 27 Place,
533 1477 111 22 Holland-

51 1502 75 22 street,
138 1500 139 27 Southwark,
289 1501 102 27 London,
402 1502 45 27 beg
454 1503 64 22 leave
529 1507 22 18 to
562 1505 82 21 inform

51 1526 121 27 capitalists
183 1527 44 22 and
237 1527 37 22 the
286 1528 85 21 settlers
381 1529 23 21 in
422 1530 98 27 general,
532 1531 48 21 that
590 1531 53 28 they

52 1560 42 14 can
107 1554 29 21 be
152 1554 102 27 supplied
271 1562 28 14 on
316 1556 114 22 moderate
448 1561 67 17 terms
531 1557 45 23 and
592 1562 22 18 at
631 1567 13 14 a

51 1580 64 21 short
127 1581 82 26 notice,
221 1582 52 21 with
285 1585 69 18 steam
365 1583 93 26 engines
468 1585 27 20 of
505 1592 45 19 any
561 1592 80 19 power,

49 1605 68 22 horse
127 1607 45 22 and
181 1611 70 18 water
259 1608 88 28 wheels,
359 1609 59 21 wind
426 1610 65 27 mills,
503 1618 45 15 saw
558 1612 45 22 and
613 1613 28 21 oil

49 1634 68 26 mills,
135 1634 45 21 and
196 1642 67 20 every
279 1636 55 20 kind
352 1636 26 21 of
387 1637 50 21 mill
451 1637 45 22 and
511 1639 131 28 machinery

49 1658 96 24 suitable
155 1665 22 18 to
188 1669 13 14 a
214 1669 49 14 new
279 1662 128 22 settlement
414 1671 6 18 ;
436 1664 71 22 either
524 1666 116 27 complete,

50 1694 26 13 or
85 1687 39 22 the
132 1688 51 21 iron
193 1688 45 22 and
253 1689 62 21 brass
330 1689 68 25 work,
410 1691 40 21 &c.
467 1691 61 28 only,
539 1693 70 27 ready
618 1696 23 19 to

49 1714 33 21 fix
97 1717 23 18 to
138 1714 36 22 the
188 1716 70 26 wood,
272 1716 54 21 with
338 1717 102 27 working
454 1717 118 29 drawings,
590 1723 21 19 to
628 1728 14 14 a

47 1741 68 26 scale,
127 1742 117 27 complete,
257 1743 44 21 and
314 1750 67 21 every
391 1743 68 23 detail
476 1745 45 21 and
532 1746 107 22 direction

47 1768 68 25 given
127 1771 21 18 to
160 1769 79 21 enable
256 1770 37 20 the
303 1775 121 22 purchaser
439 1775 21 18 to
477 1773 58 21 avail
552 1773 92 23 himself

48 1794 27 21 of
86 1794 39 22 the
134 1794 80 23 labour
223 1800 22 17 to
255 1796 28 22 be
293 1797 70 21 found
381 1805 28 14 on
426 1798 37 22 the
475 1803 56 23 spot,
541 1800 55 22 both
607 1801 34 22 for

47 1821 94 27 making
155 1822 39 21 the
209 1830 120 20 necessary
341 1824 106 28 framing,
458 1826 45 21 and
519 1827 35 21 for
569 1827 70 28 fixing

47 1847 38 22 the
96 1848 138 29 machinery.
264 1850 41 21 We
315 1851 44 26 beg
371 1851 47 22 also
433 1855 23 19 to
471 1853 43 21 call
529 1855 110 22 attention

47 1877 25 18 to
82 1882 13 14 a
104 1878 79 24 patent
192 1877 100 26 portable
303 1878 52 21 crab
366 1878 26 22 of
403 1886 41 14 our
454 1887 49 14 own
513 1881 124 28 invention,

46 1901 68 22 made
124 1905 22 18 to
157 1903 76 21 attach
242 1907 23 18 to
276 1911 13 14 a
298 1903 66 23 shear
373 1905 36 28 leg
418 1906 50 27 pole
480 1914 25 14 or
515 1910 53 25 tree,
578 1912 22 18 to
610 1909 29 22 be

45 1928 58 21 used
112 1930 52 20 with
179 1930 77 21 blocks
271 1931 44 21 and
324 1931 40 22 fall
373 1933 36 21 —it
424 1933 19 21 is
458 1935 88 27 getting
560 1938 79 19 exten-

45 1955 72 27 sively
126 1956 48 22 into
185 1964 39 14 use
231 1957 29 27 by
268 1957 98 23 builders
376 1959 45 22 and
429 1960 81 23 others.
540 1962 22 22 It
571 1963 19 21 is
600 1963 39 22 ad-

45 1982 98 28 mirably
153 1984 96 27 adapted
266 1985 35 21 for
315 1992 14 14 a
345 1993 49 15 new
411 1987 88 28 colony,
511 1996 23 14 as
549 1989 19 21 it
581 1990 20 21 is
615 1994 24 17 at

45 2016 58 14 once
112 2011 102 25 portable
223 2011 45 21 and
277 2013 115 26 powerful,
403 2013 46 21 and
458 2022 41 13 can
510 2015 29 21 be
549 2017 90 26 applied

45 2036 75 21 where
130 2037 65 21 other
204 2038 64 21 crabs
285 2043 84 17 cannot
378 2040 34 20 be.
442 2040 21 21 It
475 2041 47 21 will
531 2043 51 21 take
593 2050 46 20 any

44 2062 80 27 length
140 2064 25 20 of
176 2064 46 27 fall,
234 2064 45 21 and
294 2072 53 20 may
362 2065 28 23 be
406 2066 136 28 disengaged
555 2072 23 18 at
594 2077 44 20 any

44 2090 64 24 point
119 2090 94 22 without
222 2091 131 28 unwinding
359 2092 24 27 it,
392 2093 47 21 and
447 2093 61 23 there
519 2095 18 21 is
547 2102 30 15 no
587 2104 51 19 pos-

44 2116 84 27 sibility
153 2117 25 21 of
199 2117 37 21 the
262 2117 40 22 fall
328 2121 152 26 overrunning
500 2128 26 14 or
550 2123 88 27 getting

40 2142 110 27 jammed.
170 2144 62 22 Each
242 2148 51 23 part
301 2145 45 22 will
355 2147 28 21 be
393 2154 25 14 so
428 2148 110 27 carefully
543 2149 94 22 marked

42 2171 51 21 that
101 2171 63 22 there
174 2172 45 21 will
233 2172 28 22 be
277 2180 29 14 no
324 2173 108 28 difficulty
442 2174 23 22 in
475 2176 92 27 putting
576 2177 60 21 them

43 2198 109 27 together,
164 2199 47 21 and
219 2199 37 21 the
263 2199 73 22 whole
346 2200 44 22 will
399 2201 29 21 be
439 2202 101 27 securely
549 2203 88 27 packed

42 2225 46 21 and
103 2225 100 26 marked,
215 2233 24 14 so
253 2233 23 14 as
289 2230 23 17 to
327 2231 96 23 prevent
438 2236 44 19 any
493 2229 103 22 accident
611 2238 26 14 or

42 2251 97 22 mistake
150 2260 29 14 on
190 2253 37 21 the
237 2260 85 20 voyage
333 2262 5 19 ;
355 2254 113 23 delivered
475 2258 23 19 at
512 2263 45 21 any
566 2257 74 22 wharf

41 2279 25 21 in
78 2279 103 22 London.

70 2305 43 22 For
124 2305 114 23 reference
249 2306 44 22 and
310 2311 68 19 terms
392 2308 68 28 apply
469 2312 23 19 to
509 2317 41 14 our
560 2314 74 24 agent,

40 2333 44 21 Mr.
96 2333 81 27 Henry
188 2333 97 28 Boyton,
296 2334 120 28 Engineer,
425 2335 146 30 Wellington,
578 2338 57 22 New

40 2359 109 23 Zealand.

92 2411 112 22 ONDON
223 2411 163 23 AGENCY.—
386 2413 49 22 The
446 2414 36 22 old
500 2415 135 23 established

105 2438 51 21 firm
173 2438 26 22 of
213 2438 35 22 W.
266 2439 103 23 Hickson
384 2441 46 21 and
447 2441 61 28 Sons,
520 2443 34 26 20,
572 2443 63 22 West

41 2464 133 28 Smithfield,
188 2465 101 28 London,
298 2468 139 26 transacting
447 2475 12 15 a
468 2469 63 26 large
540 2474 95 18 amount

40 2492 28 20 of
74 2492 97 27 Foreign
186 2492 108 27 business,
310 2493 45 23 will
368 2495 87 21 receive
465 2496 169 27 consignments

40 2518 27 21 of
83 2518 58 22 New
159 2519 101 21 Zealand
279 2520 104 28 produce,
405 2521 46 23 and
467 2523 127 22 undertake
611 2527 22 18 to

40 2545 66 21 effect
116 2545 57 22 sales
182 2553 62 19 upon
255 2546 37 22 the
307 2551 59 18 most
383 2548 166 29 advantageous
564 2554 69 19 terms

40 2572 49 21 that
99 2580 42 14 can
157 2573 28 21 be
204 2573 105 22 obtained
317 2574 24 22 in
357 2575 103 28 London,
471 2577 123 28 according
609 2580 23 19 to

40 2599 39 21 the
97 2602 56 19 state
171 2600 26 21 of
210 2600 37 22 the
265 2601 94 22 market.
388 2602 35 22 As
440 2603 154 23 land-owners
608 2605 24 21 in

40 2625 55 22 Port
104 2626 132 27 Nicholson,
247 2627 53 33 they
310 2628 57 22 have
385 2636 29 14 an
430 2629 96 23 interest
540 2631 24 22 in
581 2639 52 20 pro-

40 2653 88 27 moting
141 2653 37 22 the
194 2657 124 24 prosperity
328 2655 26 21 of
365 2655 39 22 the
421 2657 93 28 Colony,
527 2659 46 20 and
588 2659 44 21 will

40 2679 58 21 have
108 2684 63 22 great
179 2681 103 26 pleasure
291 2681 24 22 in
326 2681 142 30 discharging
478 2684 38 22 the
527 2685 72 22 duties
610 2686 26 21 of

39 2706 146 27 Consignees.

66 2733 63 27 They
140 2735 59 21 refer
208 2734 25 22 in
250 2734 56 22 New
323 2735 102 23 Zealand
440 2740 22 18 to
477 2737 45 22 Mr.
540 2738 92 23 Revans

39 2760 45 22 and
95 2763 45 19 Mr.
151 2761 31 21 St.
193 2761 57 22 Hill.
285 2762 28 22 In
322 2762 96 23 London
427 2766 23 19 to
459 2764 60 22 their
527 2765 103 29 bankers,

37 2787 94 21 Messrs.
143 2787 107 28 Prescott,
261 2789 77 26 Grote,
349 2790 45 22 and
405 2791 39 21 Co.

210 2841 67 20 Port
292 2841 30 21 of
338 2843 127 21 London.

92 2873 90 22 Notice
202 2881 28 15 to
251 2882 44 14 the
317 2875 93 22 Public.
411 2888 30 4 —
441 2877 125 24 Travellers
587 2880 45 22 and

38 2900 75 21 others
123 2900 49 22 who
183 2901 56 22 send
248 2901 107 28 baggage,
366 2904 73 21 works
449 2904 26 21 of
486 2909 41 23 art,
535 2913 25 14 or
567 2907 65 22 other

38 2926 67 22 value
115 2931 106 23 property
230 2932 23 18 to
263 2928 111 28 England,
392 2930 82 23 should
489 2933 93 27 consign
593 2934 37 22 the

37 2953 113 27 packages
160 2958 23 17 to
194 2954 37 22 the
242 2963 51 14 care
299 2956 26 21 of
331 2963 13 14 a
350 2956 101 23 licensed
458 2958 172 25 Custom-house

38 2984 75 23 agent,
129 2987 24 15 as
171 2982 87 21 articles
274 2989 37 15 are
327 2983 129 29 frequently
469 2986 97 27 injured,
585 2988 46 22 and

37 3007 104 22 needless
151 3015 98 20 expense
263 3010 111 28 incurred,
392 3011 35 21 for
443 3011 37 22 the
497 3017 60 18 want
574 3015 26 21 of
617 3022 14 14 a

36 3041 83 20 proper
128 3042 81 20 person
221 3038 21 19 to
254 3036 51 22 take
315 3037 80 27 charge
407 3038 26 21 of
449 3038 60 22 them
527 3048 28 14 on
573 3041 57 22 their

37 3062 89 25 arrival,
137 3062 45 21 and
192 3069 36 15 see
243 3062 62 23 them
322 3065 100 27 entered,
440 3067 127 28 examined,
585 3069 45 21 and

38 3088 108 26 carefully
160 3089 119 27 repacked.
314 3090 48 23 The
382 3091 81 28 charge
479 3093 19 22 is
514 3093 38 23 the
569 3102 60 15 same

37 3114 100 23 whether
146 3123 24 14 so
181 3116 123 27 consigned
315 3125 24 14 or

87 3149 173 23 Custom-house
272 3151 116 27 Chamber,
400 3152 104 27 London,

37 3215 141 48 DEVOY
188 3217 45 21 and
243 3218 53 27 CO.,
312 3220 45 20 who
371 3227 36 14 are
425 3222 35 20 the
475 3223 153 22 LICENSED

119 3245 124 20 AGENTS
253 3246 27 25 of
288 3247 48 20 Her
341 3248 113 27 Majesty's
462 3250 166 23 Commissioners

37 3270 28 24 of
78 3271 98 25 Customs,
188 3273 42 19 and
242 3274 67 20 under
319 3275 64 26 heavy
390 3276 64 21 bonds
461 3278 42 24 for
513 3279 36 20 the
557 3280 70 25 safety

37 3297 28 24 of
70 3300 103 23 property
190 3300 110 26 consigned
314 3304 20 18 to
351 3304 63 24 them,
433 3304 44 28 beg
496 3305 64 22 those
578 3306 49 22 who

36 3324 56 20 send
102 3325 111 27 packages
223 3330 22 17 to
256 3328 57 21 their
323 3336 58 20 care,
396 3334 24 18 to
430 3338 35 14 see
476 3332 50 21 lhat
534 3333 57 21 each
599 3334 28 22 be

36 3351 116 27 distinctly
169 3353 94 22 marked
310 3355 81 23 Dsvoy
409 3358 46 21 and
475 3359 47 27 Co.,
542 3360 85 22 Lower

37 3379 200 27 Thames-street,
378 3384 133 23 andthebill
519 3386 26 21 of
549 3386 78 28 lading

35 3411 26 14 or
75 3408 85 24 receipt
174 3405 125 24 forwarded
317 3412 22 19 to
359 3410 62 23 them
439 3411 69 23 direct
524 3413 30 27 by
568 3417 56 23 post,

34 3432 55 20 with
99 3433 144 22 instructions
253 3433 50 23 how
313 3436 55 22 such
378 3438 69 26 goods
457 3446 37 15 are
504 3443 23 18 to
539 3440 28 22 be
583 3440 44 22 dis-

33 3459 72 24 posed
115 3459 27 21 of
153 3466 29 14 on
192 3460 79 22 arrival
280 3469 6 19 ;
301 3462 44 22 and
353 3471 24 15 as
385 3472 68 20 every
459 3466 100 28 package
567 3471 60 19 must

36 3488 27 18 be
81 3487 86 25 opened
190 3489 23 18 at
230 3487 38 21 the
286 3488 178 30 Custom-house,
483 3492 22 22 if
525 3501 46 19 any
589 3502 37 15 are

33 3512 89 27 locked,
134 3512 38 22 the
181 3512 56 28 keys
247 3514 79 23 should
335 3516 28 22 be
373 3518 131 23 forwarded.

63 3539 78 22 Goods
151 3539 45 21 and
205 3540 110 28 packages
325 3550 37 15 are
371 3544 125 23 forwarded
504 3546 32 28 by
545 3547 81 27 Devoy

33 3567 47 20 and
89 3567 40 21 Co.
140 3569 22 19 to
174 3567 30 21 all
218 3570 61 24 parts
292 3568 26 21 of
329 3570 38 21 the
384 3572 129 28 Continent,
525 3574 37 21 the
573 3574 54 22 East

33 3593 47 21 and
89 3593 64 22 West
161 3593 83 27 Indies,
255 3595 109 28 Colonies,
376 3598 40 21 &c.
428 3599 39 22 &c.
477 3607 5 19 ;
496 3600 51 26 and,
558 3601 21 21 if
592 3608 34 16 re-

33 3619 87 28 quired,
132 3623 52 18 sent
197 3623 24 18 to
230 3619 38 23 the
281 3629 50 14 care
346 3624 27 20 of
383 3626 137 26 responsible
536 3627 88 28 houses,

33 3647 51 21 who
99 3647 47 21 will
161 3654 37 15 see
216 3647 38 22 the
270 3648 144 25 instructions
430 3657 50 17 sent
495 3654 52 21 with
565 3652 61 25 them

33 3674 134 27 punctually
177 3674 109 22 attended
294 3678 30 19 to.
580 3675 13 14 •'
605 3695 4 6 ,

62 3700 39 22 All
110 3701 71 26 goods
191 3701 45 21 and
246 3702 109 27 packages
364 3703 36 21 for
408 3704 114 28 shipment
529 3711 60 18 must
597 3708 28 22 be

33 3727 163 27 accompanied
205 3728 30 27 by
253 3729 86 21 written
355 3730 150 29 instructions,
517 3734 54 22 with
588 3735 37 22 the

32 3760 67 15 name
110 3754 45 21 and
165 3754 91 22 address
266 3755 26 22 of
305 3756 37 21 the
353 3757 81 27 parties
443 3758 30 27 by
484 3760 72 22 whom
573 3762 53 27 they

32 3788 39 13 are
84 3784 58 23 sent,
159 3781 46 21 and
221 3782 37 21 the
273 3786 103 19 contents
388 3784 46 21 and
450 3785 66 22 value
533 3788 26 20 of
572 3791 53 19 each

32 3807 101 27 package
145 3808 78 21 stated.
253 3809 47 22 The
316 3810 55 27 duty
381 3812 111 21 outwards
505 3813 19 21 is
534 3815 44 21 10s.
587 3822 39 20 per

32 3833 64 22 £100
110 3834 74 22 value.
222 3835 48 22 The
287 3840 46 18 rate
350 3837 26 22 of
388 3838 120 23 insurance
527 3840 98 28 depends

32 3868 62 19 upon
106 3861 182 23 circumstances.
317 3864 44 21 For
378 3864 86 23 further
479 3866 146 24 information

32 3887 69 26 apply
127 3890 22 18 to
173 3889 45 21 Mr.
238 3890 93 23 Samuel
357 3891 101 29 Revans,
478 3892 145 29 Wellington,

33 3913 55 22 Port
98 3913 131 24 Nicholson.

682 112 38 48 J
756 112 154 28 CANNING,
935 114 100 25 Cabinet,
1061 113 72 28 Chair,
1158 114 46 22 and
1223 114 51 21 Sofa

724 149 9 10 •
765 139 176 28 Manufacturer,
959 140 188 28 Lambton-quay,
1158 141 116 27 adjoining

683 165 70 21 Durie
763 165 46 22 and
819 166 60 22 Co.'s
893 168 81 20 Stores.

842 200 130 15 FURNITURE
992 201 121 15 REPAIRED.

683 239 49 45 A
762 237 44 21 HE
809 237 85 26 WITT,
907 239 160 24 Fishmonger,
1079 239 110 21 Lambton
1201 239 70 27 Quay,

738 275 10 9 •
767 263 145 28 Wellington,
921 268 87 18 returns
1018 265 34 21 his
1061 266 86 21 sincere
1159 265 82 22 thanks
1251 270 21 17 to

683 289 37 22 the
738 290 140 22 inhabitants
898 294 21 18 ot
943 291 43 22 this
1006 292 86 27 Colony
1109 292 34 21 for
1162 292 39 21 the
1220 299 53 21 very

682 315 77 23 liberal
780 322 92 27 support
887 318 28 21 he
930 317 40 22 has
987 318 98 22 hitherto
1100 319 110 26 received,
1229 319 44 22 and

681 343 54 26 begs
747 346 20 18 to
778 344 82 22 inform
872 345 59 21 them
943 345 46 21 that
1006 345 26 21 he
1043 345 41 22 has
1093 345 64 22 made
1168 353 104 20 arrange-

682 374 73 18 ments
771 370 35 22 for
825 378 13 14 a
853 375 104 18 constant
972 372 81 27 supply
1072 373 26 20 of
1117 372 37 21 the
1175 373 98 21 choicest

682 397 103 21 varieties
794 397 26 21 of
830 397 50 28 fish,
900 398 68 21 which
988 400 27 19 he
1033 399 137 27 confidently
1187 407 85 14 recom-

681 423 79 21 mends
771 427 21 18 to
803 424 38 22 the
850 425 75 26 public
935 433 24 13 as
966 425 68 27 being
1042 425 25 22 of
1079 425 36 22 the
1123 426 50 21 best
1179 426 91 27 quality.

709 457 83 22 Orders
801 458 34 21 for
846 458 104 28 shipping
960 460 108 27 received,
1086 460 43 22 and
1139 460 132 28 punctually

681 484 107 21 attended
798 488 30 18 to.

837 519 98 15 OYSTERS
952 520 70 14 FRESH
1039 520 76 14 DAILY.

708 543 63 28 Also,
783 552 13 14 a
806 545 80 27 supply
897 546 25 21 of
937 546 128 27 vegetables
1082 545 58 24 fresh
1155 547 59 22 from
1234 547 36 22 the

679 570 85 27 garden
776 571 67 27 daily.

750 622 119 22 HARRIS
889 623 68 22 AND
977 624 53 27 CO.,
1050 624 109 26 Builders,
1180 625 45 27 beg
1248 629 21 18 to

721 660 9 10 •
762 649 72 27 notify
844 653 22 18 to
878 649 36 23 the
925 650 110 22 Colonists
1046 651 24 22 of
1078 651 53 22 Port
1136 651 131 29 Nicholson,

679 675 49 22 that
737 675 53 28 they
801 683 37 14 are
848 677 69 26 ready
924 680 22 18 to
957 677 124 23 undertake
1091 679 36 21 the
1138 679 99 22 erection
1248 680 25 21 of

679 709 45 20 any
734 703 135 27 description
886 704 26 21 of
923 704 112 27 Building.
1063 705 63 27 They
1137 712 38 15 are
1192 709 77 19 exten-

679 729 70 27 sively
766 730 101 27 engaged
884 731 23 21 in
924 731 37 21 the
978 732 155 22 manufacture
1150 733 27 21 of
1187 733 79 27 bricks,

679 756 55 27 tiles,
747 757 47 26 &c,
806 757 46 21 and
861 757 53 28 they
924 760 62 25 trust,
997 759 31 26 by
1039 759 119 27 executing
1169 760 30 21 all
1209 760 59 21 work

677 782 49 26 in.a
735 783 173 22 tradesmanlike
926 792 100 19 manner,
1038 789 23 18 to
1077 786 87 23 receive
1182 787 85 22 ashaie

678 809 27 21 of
716 809 37 23 the
764 814 93 23 support
867 811 26 21 of
904 811 36 22 the
952 812 93 22 Colonist
1045 812 24 22 3.

705 844 72 21 Lamb
780 847 115 25 ton-quay,
908 846 128 27 September
1046 848 33 25 30,
1091 849 60 19 IS4I.

772 889 166 23 STURGEON
959 891 44 21 and
1018 891 35 22 W.
1070 892 92 27 NEAL,
1185 893 83 28 having

734 927 10 9 •
790 917 106 21 removed
912 921 22 17 to
952 918 189 28 Lambton-quay,
1160 924 60 17 most
1234 928 33 14 re-

677 942 121 27 spectfully
816 947 76 18 return
912 944 81 22 thanks
1018 948 24 19 to
1065 946 39 21 the
1121 949 83 25 gentry
1223 948 44 21 and

679 968 142 23 inhabitants
831 971 26 20 of
872 971 52 21 Port
940 970 124 24 Nicholson
1076 973 35 21 for
1129 973 38 22 the
1185 981 82 20 suppor

678 995 53 27 they
741 996 57 22 have
816 996 98 23 hitherto
925 999 154 26 experienced,
1095 999 45 22 and
1155 1001 67 27 hope,
1238 1002 27 26 by

677 1023 45 21 still
733 1023 169 28 endeavouring
916 1028 22 18 to
954 1026 50 25 #ive
1016 1027 143 27 satisfaction,
1173 1031 22 18 to
1208 1035 59 15 com-

677 1049 69 22 mand
757 1050 58 22 their
825 1051 75 22 future
910 1052 96 22 favours.

705 1082 179 30 Chronometers,
902 1085 74 22 clocks
991 1086 46 21 and
1055 1087 101 27 watches,
1175 1088 90 23 musical

677 1110 45 21 and
731 1111 123 27 repeating,
863 1112 65 21 made
938 1112 45 22 and
992 1114 110 26 repaired.

703 1143 58 23 N.B.
763 1156 28 3 —
792 1145 119 28 Jewellery
921 1147 64 21 made
995 1147 46 21 and
1050 1148 109 27 repaired.

678 1196 167 22 /CHARLES
864 1197 137 28 HARVEY,
1013 1199 90 22 Tailor
1112 1200 20 22 &
1143 1201 121 22 Brt:kciies

677 1220 42 24 K^
750 1223 95 27 Maker,
857 1232 55 14 near
922 1225 88 22 Messrs.
1021 1225 88 23 Waters
1119 1227 46 22 and
1175 1228 90 23 Smith's

676 1250 71 25 Store,
764 1250 146 28 Wellington,
926 1252 54 27 begs
994 1255 23 19 to
1034 1253 82 22 inform
1132 1254 37 22 the
1185 1259 79 23 gentry

676 1277 45 21 and
731 1277 137 23 inhabitants
881 1279 24 20 of
919 1279 136 26 Wellington
1067 1280 44 22 and
1124 1281 29 21 its
1163 1282 100 27 vicinity,

675 1303 22 21 tli
701 1307 23 17 at
733 1303 29 22 he
773 1303 41 23 has
823 1305 145 23 commenced
978 1306 102 22 business
1089 1315 23 13 as
1126 1308 78 27 above,
1220 1310 44 21 and

676 1333 67 19 trusts
754 1331 48 21 that
811 1332 80 22 twelve
908 1333 72 26 years'
990 1334 132 26 experience
1133 1335 23 21 in
1169 1335 94 23 London

675 1364 23 14 as
724 1364 12 14 a
757 1358 107 27 practical
889 1363 78 24 cutter,
990 1361 119 21 combined
1128 1361 54 22 with
1206 1364 58 26 good

675 1384 113 22 materials
813 1385 44 22 and
881 1386 171 29 workmanship,
1077 1388 45 21 and
1149 1390 114 22 moderate

675 1410 101 27 charges,
787 1412 43 21 will
842 1413 79 21 enable
931 1413 47 22 him
988 1418 22 17 to
1027 1415 51 26 give
1089 1416 136 21 satisfaction
1241 1422 22 17 to

674 1437 30 21 all
715 1437 48 23 who
775 1446 52 19 may
837 1439 79 23 favour
926 1440 46 22 him
981 1441 53 21 with
1044 1441 58 22 their
1110 1446 129 24 patronage.

858 1473 84 27 Terms,
955 1474 52 22 cash
1018 1474 61 28 only.

811 1518 146 22 WILLIAM
971 1519 154 30 WHITLEY,

750 1552 166 28 Shipwright
926 1555 54 20 and
989 1555 72 20 Boat
1069 1556 121 26 Builder,

672 1587 108 49 BEGS
796 1589 145 28 respectfully
957 1594 22 17 to
994 1590 83 23 inform
1095 1592 37 22 the
1148 1594 76 25 public
1241 1594 25 22 of

735 1615 54 21 Port
799 1615 130 28 Nicholson,
938 1616 49 23 that
995 1617 30 22 he
1034 1618 19 21 is
1064 1625 48 16 now
1121 1621 109 26 prepared
1240 1625 22 18 to

672 1648 64 20 carry
748 1649 29 14 on
787 1642 37 21 the
835 1643 71 22 above
915 1644 117 27 branches,
1044 1646 45 21 and
1100 1649 66 19 trusts
1176 1648 48 21 that
1232 1648 31 27 by

670 1676 167 20 perseverance,
848 1670 118 22 combined
977 1671 52 22 with
1039 1672 114 23 moderate
1161 1674 100 29 charges,

671 1693 27 23 he
708 1703 53 19 may
769 1696 66 21 merit
846 1704 13 14 a
868 1696 64 23 share
943 1698 25 21 of
980 1698 75 28 public
1064 1703 130 25 patronage.

697 1729 112 28 Caulking
828 1730 65 28 done,
914 1738 68 21 spars,
1002 1740 57 19 oars,
1080 1734 46 27 &c,
1149 1736 64 21 made
1237 1740 23 19 to

670 1756 72 22 order.
759 1757 62 27 Also,
830 1758 64 21 boats
903 1759 99 25 repaired
1010 1760 44 22 and
1061 1761 129 23 alterations
1197 1764 63 22 made

670 1790 28 14 on
709 1783 38 21 the
757 1788 61 17 most
825 1785 132 22 reasonable
965 1789 76 19 terms.
1070 1788 136 23 References
1220 1798 40 15 can

670 1810 26 21 be
707 1810 109 22 adduced.

697 1843 105 27 Address,
823 1853 24 14 as
872 1846 76 28 above,
969 1847 59 22 close
1047 1851 21 18 to
1089 1849 92 27 Pipctea
1206 1851 52 26 Pah,

670 1870 144 28 Wellington.

882 1917 30 21 H.
928 1918 118 28 MEECH,

736 1950 167 28 Shipwright
917 1953 54 20 and
985 1954 71 20 Boat
1070 1954 120 27 Builder,

668 1982 107 48 BEGS
790 1984 63 22 leave
870 1988 23 18 to
910 1989 76 18 return
1002 1986 82 22 thanks
1099 1988 33 22 for
1143 1988 37 22 (he
1191 1997 68 20 many

730 2010 90 21 favours
830 2011 115 22 conferred
955 2020 27 13 on
992 2013 48 21 him
1051 2014 63 21 while
1124 2015 23 21 in
1157 2021 102 21 partner-

666 2035 50 27 shiy
727 2036 51 21 with
789 2037 43 21 Mr.
844 2037 21 21 J.
878 2038 124 27 Oxenham,
1018 2040 44 21 and
1073 2043 22 18 to
1106 2044 55 18 state
1172 2042 48 22 that
1230 2042 28 22 he

667 2062 39 22 has
716 2064 107 20 removed
833 2064 56 21 from
900 2064 33 22 his
943 2065 47 21 first
1000 2066 171 23 establishment
1181 2076 28 13 on
1220 2069 38 21 the

668 2089 63 27 Hutt,
744 2093 22 18 to
777 2090 145 27 Wellington,
933 2091 100 22 between
1044 2093 91 26 Pipetea
1152 2095 49 21 Pah
1213 2095 45 22 and

665 2115 38 22 the
714 2116 114 22 residence
839 2117 25 21 of
877 2118 88 22 Messrs.
981 2119 96 22 Hanson
1094 2120 44 22 and
1154 2121 102 29 Alzdorf,

666 2142 73 22 where
748 2143 28 21 he
786 2144 91 21 intends
884 2148 23 18 to
914 2152 64 21 carry
983 2153 27 14 on
1018 2146 37 22 the
1061 2147 70 22 above
1138 2148 118 28 branches,

665 2169 46 22 and
720 2170 69 27 hopes
800 2173 22 18 to
833 2171 67 21 merit
908 2179 13 13 a
931 2172 63 22 share
1004 2173 28 21 of
1042 2173 37 22 the
1086 2174 73 27 piiblic
1167 2179 90 22 patron-

665 2203 48 24 age
724 2196 30 28 hy
764 2197 115 22 moderate
893 2198 91 28 charges
999 2200 47 22 and
1060 2201 82 26 justice
1159 2202 59 22 done
1234 2208 22 17 to

664 2222 35 22 his
710 2224 132 27 employers.

692 2256 112 28 Caulking
813 2257 58 22 done
878 2266 4 19 ;
900 2266 66 20 spars,
983 2267 56 21 oars,
1050 2262 41 21 &c.
1102 2262 71 22 made.

691 2290 59 22 Boat
759 2291 83 27 repairs
853 2292 46 22 and
908 2293 127 23 alterations
1046 2295 59 22 done
1115 2303 28 15 on
1154 2297 38 21 the
1199 2300 57 19 most

663 2318 131 21 reasonable
804 2321 76 19 terms.

691 2351 31 21 H.
739 2351 33 22 M.
783 2352 19 21 is
811 2352 70 28 ready
890 2356 22 19 to
924 2357 100 20 contract
1033 2355 34 22 for
1076 2356 37 21 the
1122 2357 105 28 building
1234 2358 25 22 of

663 2378 66 21 small
746 2378 62 27 craft,
827 2387 24 14 as
871 2380 53 27 they
943 2389 37 14 are
996 2382 69 22 much
1081 2384 88 21 wanted
1178 2392 30 14 on
1218 2384 37 23 the

663 2408 68 24 coast,
743 2405 58 22 from
811 2406 37 22 the
858 2407 105 28 growing.
968 2409 62 22 trade
1040 2410 25 21 of
1076 2410 38 21 the
1124 2410 94 29 Colony.

663 2450 40 20 To
726 2451 45 20 the
793 2451 168 27 Merchants,
983 2454 198 27 Ship-owners,
1201 2457 53 21 and

760 2478 93 21 others
874 2479 30 20 of
915 2480 67 21 Port
995 2481 161 22 Nicholson.

663 2511 161 47 MESSRS.
848 2512 100 23 PRATT
967 2514 46 21 and
1033 2515 107 22 BEVAN
1161 2517 46 27 beg
1220 2525 34 15 re-

755 2539 120 27 spectfully
902 2543 22 18 to
947 2541 83 22 inform
1054 2542 38 22 the
1115 2544 136 28 merchants,

661 2564 157 28 ship-owners,
835 2566 47 22 and
899 2567 81 27 others,
994 2568 52 22 that
1057 2569 54 28 they
1127 2570 59 22 have
1203 2579 50 15 now

662 2592 146 22 commenced
826 2592 38 23 the
884 2594 156 23 manufacture
1063 2596 27 22 of
1105 2604 60 20 rope,
1186 2598 65 26 lines,

661 2618 68 21 twine
744 2619 25 21 of
777 2619 29 22 all
821 2620 154 28 descriptions,
988 2625 59 19 mats
1061 2623 26 22 of
1101 2623 29 22 all
1147 2625 64 27 sizes,
1224 2625 29 22 oil

661 2645 79 27 cloths,
759 2646 21 21 &
781 2654 11 13 c
794 2663 5 4 .
809 2655 5 17 ;
830 2647 83 27 fishing
929 2652 50 18 nets
993 2650 67 21 made
1078 2650 44 22 and
1140 2652 111 28 repaired,

661 2671 46 22 and
724 2679 67 21 every
802 2674 134 28 description
958 2676 25 21 of
998 2677 78 22 article
1091 2678 24 21 in
1132 2678 39 22 the
1182 2679 70 23 above

660 2698 54 27 line,
731 2699 31 22 all
778 2700 61 22 from*
852 2702 56 21 New
922 2702 101 23 Zealand
1040 2704 53 27 flax,
1109 2706 45 20 and
1169 2713 32 15 on
1215 2706 37 22 the

660 2729 59 18 most
728 2728 132 22 reasonable
869 2728 100 28 charges.
997 2730 78 28 Apply
1081 2735 28 19 .to

881 2763 90 23 Messrs.
988 2764 78 22 Pratt
1082 2765 44 22 and
1141 2766 88 28 Bevan,

660 2792 45 23 No.
724 2795 19 25 1,
767 2794 232 30 Molesworth-street,
1028 2798 146 29 Wellington,
1200 2801 53 22 Port

891 2823 131 23 Nicholson.

811 2867 69 21 New
889 2868 122 22 Zealand
1021 2871 78 21 Flax.

661 2899 89 36 T^OR
755 2900 86 27 SALE,
851 2908 13 14 a
870 2902 111 27 machine,
990 2911 26 14 or
1024 2904 53 27 plan
1087 2906 25 22 of
1118 2914 13 14 a
1138 2906 111 28 machine,

660 2927 29 20 _L
720 2927 35 20 for
765 2927 101 28 dressing
882 2928 56 22 New
952 2930 100 23 Zealand
1066 2932 56 28 flax;
1139 2940 15 14 a
1166 2935 85 26 sample

660 2954 26 20 of
697 2954 73 21 which
780 2961 52 20 may
841 2955 28 22 be
881 2963 51 14 seen
943 2960 23 18 at
981 2957 42 22 this
1039 2958 77 24 Office.
1145 2960 50 22 The
1205 2969 46 14 ma-

659 2979 67 22 chine
736 2980 78 23 driven
825 2982 30 27 by
865 2989 43 15 one
917 2990 61 20 man,
986 2984 18 22 is
1012 2986 92 26 capable
1114 2987 26 21 of
1148 2987 103 23 dressing

659 3008 40 21 100
709 3008 88 26 pounds
811 3008 24 22 in
851 3013 38 18 ten
900 3009 73 29 hours,
985 3012 45 21 and
1040 3020 42 14 can
1098 3014 25 21 of
1134 3022 79 14 course
1222 3015 28 22 be

658 3035 118 21 increased
785 3038 22 19 to
825 3043 45 21 any
881 3041 98 23 amount,
989 3038 31 28 by
1032 3039 36 22 the
1086 3041 35 21 aid
1136 3042 26 21 of
1174 3045 68 19 water

658 3067 26 14 or
693 3064 71 19 steam
773 3069 82 21 power.

686 3093 86 23 Should
787 3095 43 23 this
848 3100 60 18 meet
924 3097 38 22 the
980 3099 68 22 views
1063 3100 27 21 of
1105 3108 43 20 any
1169 3102 28 22 of
1211 3103 38 22 the

658 3122 149 27 enterprising
823 3123 106 23 colonists
945 3125 27 21 of
983 3125 53 22 Port
1050 3127 132 29 Nicholson,
1197 3130 53 27 they

658 3154 52 21 may
720 3156 77 14 secure
814 3157 14 14 a
843 3150 97 22 fortune.
969 3152 56 27 Any
1034 3153 107 28 inquiries
1158 3156 91 23 address

658 3177 22 19 to
691 3175 28 21 R.
730 3176 30 21 A.
771 3176 40 27 H.,
823 3180 22 18 to
856 3177 38 22 the
905 3185 50 15 care
964 3180 26 20 of
1002 3179 100 24 William
1112 3182 136 28 Robertson,

657 3203 163 22 Chronometer
852 3205 88 27 Maker,
969 3206 143 30 Kororarika,
1141 3209 51 27 Bay
1227 3211 26 22 of

657 3228 96 29 Islands,
764 3229 57 23 New
829 3230 109 24 Zealand.

656 3280 146 48 LAND
825 3283 261 25 AGENCIES.—
1086 3287 39 22 TO
1148 3288 101 25 LAND-

733 3307 184 25 HOLDERS.—
917 3311 47 23 The
983 3312 157 29 Undersigned
1157 3316 47 28 beg
1225 3320 24 20 to

656 3335 56 21 offer
721 3335 135 23 themselves
865 3340 23 18 to
898 3337 59 23 their
964 3338 86 23 friends
1060 3341 46 22 and
1119 3341 37 23 the
1173 3344 76 25 public

655 3367 24 15 as
688 3361 90 26 Agents
787 3363 35 21 for
830 3363 39 21 the
880 3363 96 33 disposal
983 3366 26 21 of
1015 3367 71 22 Town
1095 3368 45 23 and
1147 3370 102 27 Country

655 3388 83 27 Lands,
751 3389 45 21 and
805 3393 58 19 trust
872 3390 59 23 their
940 3392 96 23 colonial
1048 3396 134 25 experience
1196 3405 53 19 may

655 3416 78 20 entitle
745 3416 62 22 them
816 3419 23 19 to
849 3424 14 14 a
875 3417 64 23 share
949 3419 27 21 of
985 3419 38 22 the
1033 3421 75 27 public
1116 3426 132 26 patronage.

681 3441 66 28 They
755 3442 46 22 will
810 3443 28 22 be
848 3443 75 29 happy
932 3448 24 19 to
964 3453 95 21 arrange
1072 3448 35 23 for
1115 3450 46 22 and
1171 3458 78 20 super-

654 3469 80 21 intend
745 3469 38 21 the
792 3476 93 21 surveys
892 3471 45 23 and
943 3473 161 24 sub-divisions
1110 3476 26 21 of
1142 3476 38 23 the
1185 3478 62 23 land.

655 3496 92 21 Liberal
756 3496 112 23 advances
877 3499 46 21 will
935 3499 28 22 be
978 3501 67 22 made
1055 3509 29 14 on
1093 3502 65 23 lands
1168 3504 80 26 placed

654 3528 24 15 m
688 3524 59 20 their
755 3523 73 22 hands
834 3524 36 22 for
877 3525 54 22 sale.
959 3527 64 27 They
1030 3528 45 22 will
1082 3529 46 22 also
1135 3530 28 23 be
1172 3533 76 25 liappy

656 3551 21 19 to
687 3552 67 19 assist
762 3551 138 27 proprietors
908 3552 23 22 in
940 3553 88 28 leasing
1038 3555 58 22 their
1105 3556 72 24 lands.

891 3610 11 4 „
938 3587 63 22 John
1011 3589 47 21 and
1067 3589 58 23 Geo.
1136 3591 82 24 Wade.

757 3636 157 27 Wanganui
928 3639 77 21 Land
1020 3641 122 27 Agency.

655 3668 100 48 THE
780 3669 152 28 undersigned
959 3671 85 30 having
1068 3675 88 22 resided
1185 3685 61 16 some

724 3695 90 23 months
828 3700 25 18 at
867 3697 133 28 Wanganui,
1020 3700 40 23 has
1074 3701 59 23 been
1150 3705 96 22 enabled

655 3724 22 18 to
687 3722 67 22 make
763 3722 94 23 himself
868 3725 134 27 acquainted
1013 3727 53 22 with
1081 3728 36 22 the
1135 3730 50 22 best
1194 3732 52 23 sites

654 3749 35 20 for
698 3749 38 21 the
747 3749 106 23 selection
863 3751 26 21 of
896 3756 94 23 country
997 3753 73 28 lands,
1082 3756 44 22 and
1135 3756 111 25 therefore

654 3775 54 21 with
723 3776 131 23 confidence
863 3778 90 23 tenders
962 3779 35 23 his
1006 3781 97 22 services
1114 3786 22 19 to
1147 3786 100 25 proprie-

654 3804 53 25 tors,
726 3810 24 14 as
764 3810 30 14 an
809 3804 79 27 Agent
901 3805 34 22 for
950 3806 38 22 the
1005 3807 113 29 selection,
1130 3810 53 28 sale,
1195 3819 51 19 pur-

655 3829 73 26 chase,
740 3829 45 22 and
794 3830 88 28 leasing
889 3836 105 25 property
1004 3834 25 21 in
1039 3835 49 22 that
1098 3836 92 24 district.

682 3861 87 23 Letters
778 3863 36 22 for
823 3864 38 21 the
872 3865 123 23 subscriber
1009 3870 23 19 to
1046 3868 27 22 be
1088 3869 121 25 addressed
1223 3875 22 20 to

655 3889 37 20 the
703 3896 51 15 care
765 3890 25 21 of
802 3890 91 23 Messrs.
905 3892 77 28 Wade,
993 3894 146 29 Wellington.

902 3925 31 23 H.
950 3927 120 29 Churton,
1084 3930 134 28 Wanganui.

2116 121 115 21 Feather
2245 123 79 20 Beds.

1923 145 90 47 FOR
2027 146 85 27 SALE,
2130 150 43 19 two
2184 155 54 21 very
2247 150 60 25 good
2323 150 93 27 English
2429 152 86 24 feather

1996 172 62 27 beds,
2070 180 42 14 one
2126 173 89 27 bolster,
2227 176 46 21 and
2288 179 42 19 two
2347 178 92 25 pillows.
2469 180 45 23 En-

1923 199 62 26 quire
1996 202 22 17 at
2030 200 43 21 Mr.
2086 200 145 28 Pharazyn's.
2243 202 92 28 Pipetea
2344 204 55 22 Pah.

2065 238 160 27 Wanganui
2242 241 133 21 Sections.

1926 263 174 47 WANTED
2111 265 40 21 TO
2162 265 172 29 PURCHASE,
2342 275 12 14 a
2361 269 43 21 few
2409 270 103 29 sections,

2018 297 30 14 011
2058 291 131 22 reasonable
2200 295 76 25 terms,
2287 294 34 21 for
2330 295 69 27 ready
2408 303 84 21 money

1949 315 76 28 Apply
2035 317 30 26 by
2075 317 66 22 letter
2152 322 21 17 to
2184 319 25 21 B.
2222 320 31 26 C,
2265 324 23 17 at
2298 320 37 22 the
2350 322 64 22 office
2432 324 26 20 of
2476 324 36 22 the

1924 343 92 25 Gazette,
2028 344 65 21 when
2104 352 13 14 a
2133 346 103 26 personal
2251 348 156 26 appointment
2415 350 54 21 .will
2486 352 26 21 be

1921 369 73 22 made.

2044 409 72 19 Well
2127 411 137 20 seasoned
2272 412 115 21 Timber.

1919 433 145 49 WAITT
2084 435 68 22 AND
2176 437 99 22 TYSER
2297 446 37 14 are
2358 440 109 26 prepared
2491 444 21 20 to

2003 461 81 28 supply
2100 469 46 20 any
2156 464 103 27 quantity
2270 465 25 21 of
2306 465 48 22 well
2372 470 36 18 cut
2424 468 87 27 timber,

1920 487 101 22 suitable.
2025 489 34 21 for
2071 496 67 20 every
2147 497 96 20 purpose
2253 491 26 21 of
2290 492 108 28 building,
2410 494 40 22 &c.

1948 514 146 28 Wellington,
2107 516 131 27 September
2246 519 32 26 29,
2290 520 61 21 1841.

1919 569 222 26 WHOLESALE
2171 572 126 25 PRICES
2332 575 178 27 CURRENT.

1991 609 133 16 CORRECTED
2140 612 29 14 UP
2184 612 27 14 TO
2227 613 86 14 FRIDAY
2327 611 117 18 EVENING.'

1927 649 4 2 .
1999 650 11 1 _
2037 650 6 9 ,
2086 651 7 8 ,
2262 632 15 17 *
2300 637 15 12 s.
2341 633 17 16 d.
2413 634 18 17 £
2453 639 16 12 s.
2493 636 19 17 d.

1918 649 64 22 Ale:
1999 650 28 21 In
2037 650 77 28 bottle,
2130 652 115 27 perdoz..
2264 655 13 20 0
2293 655 26 20 13
2347 656 13 20 0
2378 669 18 6 ..
2416 658 14 19 0
2458 658 13 20 0
2498 660 14 18 0

2020 677 89 23 Elliot's
2116 686 40 20 per
2162 679 53 22 hhd.
2227 695 4 6 .
2239 694 6 6 .
2264 682 13 20 6
2305 682 14 20 0
2346 683 13 20 0
2377 696 6 6 .
2390 697 6 5 .
2415 684 14 21 0
2457 685 14 20 0
2497 685 15 20 0

1919 703 99 21 Arrack
2027 712 5 13 :
2048 704 44 22 Per
2100 705 45 26 gal.
2156 706 24 21 in
2189 707 62 21 bond
2265 710 13 19 0
2305 708 14 21 2
2346 710 13 20 0
2377 723 19 6 ..
2415 711 14 20 0
2457 712 14 19 0
2497 716 14 18 0

1917 729 80 22 Bread
2006 738 6 13 :
2029 731 42 21 Per
2080 731 44 23 21b.
2137 732 50 22 loaf
2265 736 14 20 0
2306 736 14 20 0
2347 736 82 22 8..0
2457 738 14 21 0
2497 740 14 19 0

1917 755 74 23 Beef:
2008 757 78 28 Fresh,
2106 766 89 15 carcase
2211 767 40 20 per

2036 783 23 22 lb
2262 789 14 20 0
2304 789 12 19 0
2332 790 26 20 10
2375 804 18 6 ..
2413 792 14 20 0
2456 792 11 20 1
2496 794 13 19 0

2027 811 54 26 Salt,
2093 819 39 20 per
2145 813 69 21 tierce
2228 828 5 6 .
2241 828 5 6 .
2265 814 13 22 7
2306 817 13 20 0
2346 818 14 19 0
2377 831 5 5 .
2390 832 6 5 .
2415 819 15 20 0
2457 820 14 19 0
2498 820 14 20 0

2027 837 44 22 Do.
2081 846 41 18 per
2135 839 75 22 barrel
2227 854 5 6 .
2240 854 5 6 .
2264 843 13 19 5
2306 844 13 19 0
2347 844 13 19 0
2377 858 5 5 .
2389 858 6 5 .
2414 846 14 20 0
2456 846 15 20 0
2497 847 14 20 0

1916 863 106 23 Butter:
2039 864 68 27 Irish,
2116 873 41 20 per
2165 866 31 22 lb.
2227 870 52 19 ..0
2307 870 11 20 1
2346 870 14 20 9
2377 884 19 7 ..
2415 873 14 20 0
2457 872 14 20 2
2498 874 14 20 0

2039 891 70 22 Fresh
2265 897 14 20 0
2305 897 14 20 3
2346 898 50 19 6..
2415 900 14 19 0
2457 900 13 20 0
2497 901 14 20 0

1916 917 99 23 Brandy
2022 926 5 14 :
2043 918 60 22 First
2110 919 91 28 quality,
2210 928 41 20 per

2067 946 77 26 gallon
2154 947 23 21 in
2188 947 61 22 bond
2264 950 12 20 0
2304 950 14 21 6
2345 952 14 19 0
2376 965 18 6 ..
2413 953 14 20 0
2455 954 14 19 9
2496 954 13 20 0

1916 971 87 22 Brown
2023 972 89 22 Stout:
2136 981 41 20 per
2191 974 53 22 hhd.
2261 976 12 20 5
2289 978 26 19 10
2342 978 13 20 0
2373 992 18 6 ..
2413 980 14 19 0
2454 980 14 20 0
2495 982 14 19 0

1916 999 100 22 Cigars:
2029 999 102 28 Manilla,
2140 1008 40 20 per
2187 1002 60 27 1000,
2263 1004 13 20 3
2291 1005 27 20 10
2344 1006 14 19 0
2375 1018 18 7 ..
2412 1006 15 20 4
2454 1008 14 19 0
2495 1008 14 20 0

2024 1026 99 22 Inferior
2262 1030 13 21 2
2303 1032 14 19 0
2344 1032 49 20 0..
2412 1034 13 19 0
2453 1034 14 20 0
2495 1035 13 19 0

2025 1053 221 29 Havannah,perlb.
2262 1058 13 20 0
2290 1058 26 20 12
2343 1059 13 20 0
2373 1072 19 7 ..
2412 1060 13 20 0
2453 1061 14 20 0
2494 1061 13 21 0

2025 1080 128 23 Chinsurah
2157 1089 39 19 per
2202 1084 71 21 10001
2290 1084 25 21 15
2344 1086 13 19 0
2374 1099 18 6 ..
2412 1087 13 20 0
2453 1088 14 19 0
2494 1089 13 19 0

2022 1107 159 24 Alexandrian
2262 1112 52 20 110
2342 1113 82 21 0..0
2452 1115 13 19 0
2493 1116 13 19 0

1914 1133 89 22 Coffee
2010 1141 5 14 :
2027 1134 65 27 Java,
2103 1143 41 19 per
2151 1136 23 22 lb
2261 1140 13 19 0
2302 1140 14 19 0
2342 1140 14 19 0
2373 1153 5 6 .
2385 1153 6 6 .
2410 1141 14 20 0
2453 1141 11 20 1
2493 1143 13 19 3

1914 1160 90 23 Cheese
2013 1168 4 14 :
2034 1161 107 23 Cheshire
2260 1166 13 20 0
2302 1166 10 20 1
2342 1166 82 22 6..0
2452 1169 13 19 0
2493 1170 13 19 0

2032 1188 57 22 Pine
2098 1189 75 29 Apple
2194 1193 79 20 ....0
2301 1194 13 19 0
2342 1194 82 21 0..0
2453 1195 9 20 1
2492 1196 13 20 3

2032 1215 77 22 Dutch
2260 1220 14 20 0
2301 1221 13 20 0
2342 1221 12 20 0
2372 1234 19 7 ..
2410 1223 14 19 0
2451 1223 14 19 0
2493 1223 12 20 9

1913 1241 106 22 Candles
2027 1249 6 14 :
2039 1242 96 27 English
2143 1251 56 19 wax,
2206 1252 41 20 per

2058 1269 24 22 lb
2260 1274 13 19 0
2300 1274 13 20 3
2341 1274 12 20 6
2372 1288 18 6 ..
2410 1276 14 20 0
2452 1277 13 19 0
2493 1278 12 20 0

2044 1295 82 23 Mould
2258 1301 14 20 0
2300 1301 11 20 1
2341 1302 82 21 0..0
2451 1304 13 19 0
2492 1305 13 19 0

2044 1322 58 28 Dips
2258 1328 13 20 0
2298 1328 14 21 0
2327 1328 61 21 10..
2408 1330 14 20 0
2450 1331 14 19 0
2492 1332 12 19 0

1914 1349 93 22 Flour:
2017 1350 34 21 Ist
2057 1350 92 28 quality,
2161 1355 83 23 perton

2037 1376 26 21 of
2073 1378 56 21 2000
2138 1378 34 21 lbs
2242 1380 29 21 26
2298 1382 13 20 0
2338 1382 83 22 0..28
2449 1384 13 20 0
2491 1385 12 20 0

2013 1403 45 22 2nd
2069 1404 55 22 ditto
2244 1408 27 19 25
2299 1409 13 20 0
2340 1409 12 20 0
2370 1423 18 6 ..
2408 1411 14 19 0
2450 1411 13 19 0
2491 1413 13 19 0

1913 1429 60 22 Gin:
1994 1430 54 21 Pale
2065 1432 25 20 in
2100 1432 61 21 bond
2258 1435 14 20 0
2298 1435 14 20 4
2339 1436 13 20 0
2370 1450 17 5 ..
2407 1438 14 19 0
2448 1438 13 20 6
2490 1439 11 19 0

1963 1456 62 26 Case,
2034 1458 15 20 4
2055 1458 37 26 gal
2101 1460 37 19 4-5
2148 1459 23 22 in
2182 1460 61 22 bond
2258 1462 11 20 1
2298 1463 13 19 8
2339 1463 12 20 0
2370 1477 17 5 ..
2406 1465 14 19 0
2448 1465 12 19 0
2490 1467 12 19 0

1912 1482 70 23 Hams
1989 1491 5 14 :
2011 1484 129 28 Yorkshire,
2156 1494 40 19 per
2204 1487 23 22 lb
2237 1503 5 6 .
2258 1489 14 20 0
2298 1489 14 20 0
2340 1490 12 20 0
2370 1504 5 6 .
2383 1503 5 7 .
2408 1492 14 20 0
2450 1492 10 20 1
2490 1493 13 20 2

1911 1510 116 22 Mustard
2035 1519 4 13 :
2057 1512 42 21 Per
2109 1512 71 23 dozen
2260 1516 51 20 11
2340 1517 82 21 0..0
2450 1519 13 20 0
2491 1521 13 19 0

1911 1536 116 23 Mutton:
2049 1539 94 22 Carcase
2153 1548 39 19 per
2201 1540 24 22 lb
2236 1557 5 5 .
2257 1543 14 20 0
2298 1544 13 19 0
2338 1544 13 19 9
2370 1557 17 7 ..
2407 1546 14 20 0
2448 1547 14 19 0
2477 1547 23 21 11

1910 1564 125 22 Muskets:
2051 1565 94 24 Walnut
2151 1567 93 23 stocked
2258 1571 13 19 0
2298 1571 14 19 0
2338 1571 13 20 0
2369 1585 18 5 ..
2407 1573 14 19 0
2436 1573 24 20 15
2490 1575 12 19 0

1910 1591 79 22 Milk.
2006 1592 44 21 Per
2056 1593 50 27 pint
2257 1597 14 20 0
2298 1598 13 19 0
2338 1597 12 20 5
2369 1612 18 6 ..
2407 1600 13 19 0
2448 1601 13 19 0
2489 1602 12 19 0

1911 1618 44 22 Oil
1963 1627 5 13 :
1984 1618 105 27 Linseed,
2099 1628 40 20 per
2148 1621 76 27 gallon
2234 1625 36 19 .0
2297 1623 12 21 5
2338 1625 12 20 0
2369 1639 5 6 .
2382 1639 5 5 .
2406 1627 14 19 0
2448 1625 13 22 7
2490 1629 12 19 0

1985 1646 77 27 Black,
2067 1647 25 21 in
2097 1648 174 28 cask,pertonl6
2298 1651 13 20 0
2338 1652 13 19 0
2369 1666 18 6 ..
2406 1654 14 19 0
2448 1655 13 19 0
2489 1656 12 19 0

2022 1674 80 24 Sperm
2241 1676 26 22 75
2295 1678 12 18 0
2337 1679 10 19 0
2367 1693 18 6 ..
2404 1680 12 19 0
2446 1681 12 19 0
2488 1682 11 19 0

1910 1698 77 23 Pork:
2003 1700 77 28 Fresh,
2098 1709 89 15 carcase
2202 1710 41 20 per

2005 1753 10 3 _
2028 1727 6 20 ]
2030 1727 28 31 P-
2080 1742 60 7 •••••
2255 1732 14 20 0
2295 1733 14 19 0
2335 1733 50 20 4..
2405 1735 13 20 0
2446 1736 14 20 0
2487 1736 12 20 5

1910 1755 64 19 Pork
1982 1761 5 13 :
2004 1755 66 25 Irish,
2081 1762 40 19 per
2130 1755 74 23 barrel
2217 1771 5 5 .
2230 1772 6 5 .
2255 1758 12 20 5
2295 1760 14 20 0
2337 1761 12 19 0
2368 1775 4 5 .
2380 1774 5 6 .
2405 1761 12 20 5
2434 1762 26 21 10
2488 1764 12 19 0

1909 1780 132 22 Potatoes:
2062 1781 57 22 New
2133 1782 108 29 Zealand,

2088 1816 40 19 per
2137 1813 38 18 ton
2255 1813 12 19 6
2296 1814 13 20 0
2337 1815 12 19 0
2367 1828 6 6 .
2380 1828 5 6 .
2405 1816 13 20 8
2446 1817 13 20 0
2487 1818 13 19 0

1910 1834 94 21 Porter
2013 1842 5 13 :
2048 1834 103 29 Dunbar,
2163 1837 23 21 in
2194 1837 45 22 bot.

2078 1863 92 27 perdoz
2255 1867 12 20 0
2283 1867 26 20 13
2336 1869 81 21 0..0
2446 1871 13 20 0
2487 1872 12 19 0

2018 1888 88 28 Bryant
2116 1890 44 22 and
2171 1891 69 23 Davis
2255 1894 54 21 013
2336 1896 13 20 0
2368 1910 4 5 .
2380 1909 5 5 .
2405 1897 13 20 0
2446 1898 13 19 0
2486 1899 13 20 0

1909 1914 98 22 Pickles
2018 1923 5 14 :
2057 1917 115 27 Assorted,
2201 1926 42 20 per

2083 1943 56 26 cloz.,
2165 1950 76 22 quarts
2257 1948 51 20 11
2337 1950 13 20 0
2368 1963 18 6 ..
2405 1952 13 19 0
2446 1952 14 20 0
2488 1953 12 20 0

1909 1968 73 22 Pitch
1994 1976 6 13 :
2033 1969 138 29 Stockholm,
2201 1980 40 19 per

2058 1996 72 22 barrel
2255 2002 14 20 0
2295 2003 14 19 0
2335 2004 14 20 0
2366 2017 18 7 ..
2405 2005 10 20 1
2432 2005 26 20 15
2486 2007 13 19 0

1908 2022 93 20 Plank:
2031 2022 53 21 Port
2107 2024 132 28 Nicholson,

2057 2055 40 19 per
2107 2051 40 20 100
2157 2051 46 21 feet
2215 2065 19 7 ..
2253 2054 55 19 019
2335 2056 13 19 0
2366 2069 18 5 ..
2404 2057 9 19 1
2445 2058 11 19 1
2485 2060 12 19 0

1907 2074 69 21 Rice:
1991 2074 109 23 Common
2111 2083 40 20 per
2156 2081 48 17 cwt.
2217 2093 19 5 ..
2255 2081 13 19 0
2295 2081 14 19 0
2336 2083 12 19 0
2366 2096 18 5 ..
2404 2084 13 20 0
2445 2085 13 19 0
2486 2086 12 19 0

1989 2100 66 23 Good
2254 2107 10 20 1
2293 2108 13 20 8
2334 2110 49 20 0..
2402 2111 13 20 0
2443 2112 14 19 0
2484 2114 13 19 0

1907 2126 55 23 Rum
1969 2135 5 13 :
1992 2128 24 21 P.
2027 2128 26 22 B.
2066 2129 32 26 P.,
2114 2137 40 17 per
2163 2131 76 27 gallon

2029 2155 22 22 in
2067 2156 62 22 bond
2253 2161 13 19 0
2293 2161 13 20 5
2335 2163 12 20 6
2366 2177 18 6 ..
2403 2165 14 20 0
2444 2164 13 22 7
2484 2167 13 20 6

1906 2180 88 23 Sugar:
2012 2182 119 24 Mauritius
2141 2192 41 19 per
2189 2189 49 19 cwt.
2253 2189 13 19 0
2293 2190 14 18 0
2335 2191 12 19 0
2366 2204 18 6 ..
2403 2192 13 20 0
2443 2193 14 19 0
2485 2194 12 19 0

2016 2209 81 40 grown
2118 2226 114 8 .........
2253 2215 11 20 1
2280 2215 26 21 17
2334 2218 13 19 0
2365 2231 17 6 ..
2402 2219 13 20 0
2443 2220 14 19 0
2483 2221 14 20 0

2015 2238 98 21 Refined
2128 2238 53 28 loaf,
2198 2247 41 20 per

2015 2290 12 12 A
2032 2290 8 4 -
2040 2264 24 21 lb
2065 2279 30 23 -.-;
2251 2269 14 21 0
2292 2270 15 20 0
2334 2269 13 22 7
2364 2284 19 7 ..
2402 2272 13 21 0
2443 2274 14 19 0
2483 2274 14 20 0

2015 2290 97 23 Manilla
2250 2297 14 19 0
2291 2297 14 19 0
2332 2298 82 21 0..2
2441 2300 14 20 5
2482 2302 14 19 0

1905 2316 60 21 Salt
1972 2323 5 14 :
1994 2316 127 30 Liverpool,
2131 2327 41 19 per
2182 2324 38 18 ton
2229 2338 6 5 .
2250 2323 14 20 3
2291 2324 14 20 0
2332 2325 13 20 0
2363 2339 5 6 .
2375 2339 7 6 .
2401 2326 14 21 4
2441 2328 14 20 0
2482 2329 14 20 0

1905 2342 60 23 Soap
1973 2351 5 14 :
2006 2344 104 24 Hawes's
2131 2347 105 28 London,

2032 2376 86 22 perton
2235 2377 29 21 40
2290 2378 14 20 0
2331 2380 14 19 0
2362 2380 51 20 ..42
2441 2382 14 19 0
2481 2383 14 20 0

2021 2399 121 28 Liverpool
2235 2404 29 20 36
2290 2405 15 20 0
2331 2406 14 20 0
2362 2420 18 5 ..
2399 2408 14 19 0
2441 2408 12 19 0
2481 2410 14 20 0

1904 2424 90 22 Starch
2003 2433 5 13 :
2024 2426 43 22 Per
2076 2427 22 21 lb
2250 2432 14 19 0
2291 2432 14 21 0
2331 2433 14 20 9
2363 2447 5 6 .
2375 2447 6 6 .
2400 2435 13 20 0
2443 2436 10 20 1
2481 2437 14 20 0

1904 2451 143 23 Scantling:
2064 2453 43 23 Per
2114 2457 41 19 100
2163 2456 68 22 feet..
2250 2459 14 20 0
2278 2458 27 21 17
2333 2460 12 21 0
2363 2474 18 6 ..
2400 2462 13 20 0
2429 2463 26 20 18
2481 2465 14 19 0

1903 2478 128 23 Shingles:
2048 2480 43 22 Per
2097 2483 62 26 1000,
2169 2483 63 22 N.Z.
2250 2486 11 19 1
2290 2485 14 22 7
2331 2488 13 19 0
2362 2501 18 6 ..
2399 2490 14 19 0
2440 2491 15 19 0
2480 2492 14 19 0

2033 2507 71 28 Ditto,
2126 2509 29 21 V.
2166 2510 67 22 D.L.
2248 2512 14 20 2
2288 2513 14 20 5
2331 2515 13 20 0
2361 2528 19 6 ..
2399 2516 13 20 0
2439 2518 14 19 0
2480 2518 14 20 0

1904 2533 60 21 Tar:
1980 2533 55 23 Coal
2249 2540 10 19 1
2276 2540 26 20 15
2331 2542 13 19 0
2362 2555 18 6 ..
2400 2543 13 20 0
2441 2545 14 19 0
2481 2545 14 20 0

1984 2561 130 23 Stockholm
2251 2567 53 20 115
2331 2569 49 20 0..
2399 2570 14 20 0
2441 2572 14 19 0
2481 2572 13 20 0

1912 2586 51 22 ?ea:
1982 2587 89 28 Hyson,
2082 2597 40 19 per
2132 2590 63 23 chest
2211 2594 52 21 ..0
2290 2595 14 20 0
2331 2596 13 20 0
2361 2596 52 21 ..12
2428 2598 26 21 12
2481 2599 14 20 0

1900 2613 106 23 Tobacco
2014 2623 4 13 :
2034 2615 144 30 Negrohead,
2196 2625 40 20 per

2060 2643 47 21 1b..
2114 2658 115 8 .........
2248 2648 15 20 0
2290 2648 10 21 1
2330 2649 14 20 3
2361 2663 19 6 ..
2399 2651 13 20 0
2440 2652 13 19 0
2481 2653 14 19 0

1910 2675 154 16 lUrpentine:
2081 2671 43 21 Per
2129 2671 99 27 gallon..
2248 2676 14 19 0
2289 2676 13 19 8
2330 2677 14 20 0
2361 2690 19 6 ..
2399 2678 13 20 0
2440 2680 13 20 0
2479 2680 14 20 0

1910 2693 141 24 Vhalebone
2057 2704 5 13 :
2079 2697 44 21 Per
2131 2701 40 18 ton
2182 2701 80 20 ....90
2288 2702 14 20 0
2329 2704 49 19 0..
2398 2706 14 19 0
2438 2707 14 19 0
2479 2707 13 20 0

1900 2719 81 24 Wine:
1997 2722 91 28 Sherry,
2098 2731 40 20 per
2147 2725 80 27 pipe..
2232 2728 28 20 28
2288 2730 14 19 0
2328 2730 14 20 0
2359 2732 52 20 ..40
2438 2734 15 19 0
2478 2734 15 20 0

2008 2749 72 28 Ditto,
2096 2758 41 20 per
2151 2751 79 24 dozen.
2246 2755 12 20 1
2286 2756 15 20 4
2328 2757 14 20 0
2359 2771 18 6 ..
2396 2759 14 20 2
2438 2761 14 19 0
2479 2761 14 20 0

1900 2801 120 24 Poultry:
2037 2803 81 29 Fowls,
2124 2812 41 21 per
2171 2806 61 27 pair.
2247 2810 15 19 0
2288 2810 14 20 8
2329 2811 14 20 0
2359 2825 19 6 ..
2398 2813 13 20 0
2426 2813 26 20 16
2478 2815 15 19 0

2035 2831 86 28 Ducks,
2132 2833 57 22 ditto
2208 2848 5 6 .
2222 2848 5 6 .
2247 2836 10 20 1
2287 2837 14 20 0
2328 2838 14 20 0
2359 2852 6 6 .
2372 2852 5 7 .
2398 2839 10 21 1
2425 2841 27 20 10
2478 2842 14 20 0

2036 2858 82 28 Geese,
2130 2859 55 22 ditto
2208 2876 5 5 .
2221 2876 6 5 .
2245 2863 15 20 2
2287 2864 14 20 0
2328 2865 14 20 0
2358 2879 6 6 .
2371 2879 6 6 .
2396 2867 14 20 0
2437 2868 14 20 0
2477 2869 15 19 0

2035 2885 103 28 Turkeys
2245 2890 15 20 2
2288 2892 13 19 0
2328 2892 82 22 0..0
2437 2895 15 20 0
2477 2895 14 21 0

2035 2912 105 28 Pigeons,
2151 2914 78 28 (wild,)

2061 2947 42 19 per
2112 2941 49 27 pair
2246 2944 15 21 0
2286 2945 15 20 2
2328 2946 14 20 0
2359 2960 18 6 ..
2396 2949 15 19 0
2437 2949 14 20 0
2478 2949 14 20 0

2034 2966 86 28 Ducks,
2130 2967 35 23 do.
2177 2968 50 23 do..
2246 2972 15 20 0
2288 2972 12 19 5
2328 2974 14 19 0
2359 2987 19 7 ..
2396 2975 14 21 0
2438 2977 14 19 0
2478 2976 14 20 0

1897 2992 63 21 Eggs
1968 3000 4 14 :
1989 2993 44 21 Per
2042 2993 74 23 dozen
2246 2999 15 20 0
2288 2999 14 21 3
2328 3001 49 20 0..
2396 3003 14 19 0
2437 3003 14 20 0
2477 3003 15 19 0

1898 3045 76 22 Cows:
1990 3046 72 23 Milch
2231 3052 29 21 20
2286 3053 15 20 0
2327 3054 15 20 0
2358 3056 51 20 ..30
2436 3057 14 19 0
2476 3057 13 19 0

1898 3073 96 22 Mares:
2010 3074 76 22 Brood
2229 3078 29 22 50
2285 3081 14 19 0
2326 3081 14 21 0
2356 3083 52 20 ..90
2436 3084 13 20 0
2475 3084 14 20 0

1897 3099 118 23 Working
2031 3101 134 24 Bullocks:
2188 3104 43 22 Per

1923 3127 49 26 Pair
2231 3133 29 21 40
2286 3134 15 20 0
2327 3135 15 21 0
2358 3137 52 20 ..60
2436 3137 14 21 0
2476 3137 13 21 0

1897 3154 65 21 Hire
1972 3161 26 14 of
2010 3162 67 15 ditto
2086 3163 5 14 :
2107 3156 44 23 Per
2158 3157 50 28 day,
2218 3165 13 15 a

1923 3184 61 19 team
1994 3181 46 22 and
2047 3181 75 24 driver
2246 3187 11 20 1
2286 3188 14 20 0
2326 3189 15 20 0
2357 3203 20 7 ..
2394 3190 14 20 2
2435 3191 14 20 0
2475 3191 13 21 0

1897 3207 74 23 Sheep
1980 3216 5 13 :
2001 3208 72 23 Each.
2244 3214 10 20 1
2283 3215 15 20 6
2326 3216 14 20 0
2355 3229 20 8 ..
2394 3217 12 20 1
2422 3217 25 21 15
2474 3218 13 20 0

1897 3236 64 21 Boat
1970 3236 75 21 Hire:
2060 3236 45 22 Per
2110 3237 51 27 day,
2166 3238 65 22 with-

2089 3267 41 19 out
2137 3264 74 23 hands
2221 3282 6 6 .
2243 3268 55 22 010
2325 3270 36 21 0.
2368 3284 6 7 .
2393 3271 12 21 1
2434 3272 13 20 0
2473 3271 13 21 0

1897 3315 86 24 Wages
1990 3323 4 15 :
2023 3316 142 30 Mechanics,
2190 3327 42 20 per

2050 3344 64 23 week
2244 3348 14 20 2
2273 3349 27 21 14
2326 3351 49 20 0..
2393 3352 15 20 3
2434 3353 14 19 6
2474 3352 12 20 0

2034 3370 264 34 Labqurers^.^^jlQ
2325 3378 15 20 0
2356 3391 19 7 ..
2394 3379 11 20 1
2421 3379 25 21 16
2473 3379 13 20 0

1916 3408 40 16 The
1968 3408 48 17 New
2026 3409 100 17 Zealakd
2137 3411 92 17 Gazette
2236 3413 37 16 and
2283 3414 135 19 Wjeminoton
2431 3417 55 16 Spec-

1895 3433 66 12 tator
1966 3429 16 16 is
1989 3430 99 20 published
2094 3435 54 17 every
2155 3432 114 22 Wednesday
2278 3435 37 16 and
2327 3436 93 19 Saturday.
2441 3437 43 17 Sub-

1893 3450 63 20 joined
1963 3454 29 12 are
2000 3451 32 16 the
2038 3452 57 16 terms
2099 3457 5 11 :
2105 3460 23 4 —
2403 3448 9 10 '

1916 3471 63 16 Price
1987 3475 24 12 of
2018 3475 41 12 the
2066 3472 99 17 Paper.—
2164 3473 56 21 Forty
2225 3474 85 22 shillings
2316 3481 32 16 per
2358 3482 75 15 annum,
2443 3482 42 15 pay-

1895 3491 40 17 able
1941 3495 20 13 in
1968 3492 80 16 advance
2053 3497 4 14 ;
2069 3497 21 12 or
2096 3497 35 13 one
2138 3494 76 21 shilling
2220 3495 28 17 for
2255 3497 58 21 single
2319 3499 93 17 numbers.

1915 3513 213 17 Advertisements.—
2129 3514 32 17 Six
2171 3515 47 17 lines
2229 3517 38 17 and
2276 3518 64 21 under,
2351 3520 25 16 3s.
2384 3520 29 17 6d.
2418 3520 28 17 for
2452 3520 31 15 the

1894 3533 40 16 first
1944 3534 95 19 insertion,
2051 3535 37 15 and
2099 3539 34 12 one
2144 3535 76 23 shilling
2226 3537 29 17 for
2262 3539 43 17 each
2312 3541 110 19 subsequent
2427 3541 56 16 inser-

1894 3554 39 15 tion
1938 3558 4 15 j
1954 3554 48 16 from
2008 3554 30 16 six
2044 3556 19 15 to
2071 3556 31 16 ten
2109 3555 54 21 lines,
2171 3557 35 17 five
2213 3558 85 23 shillings
2310 3561 28 16 for
2348 3561 30 17 the
2389 3561 45 20 first,
2446 3561 34 16 and

1894 3578 34 12 one
1939 3575 76 20 shilling
2024 3575 37 16 and
2073 3576 87 21 sixpence
2170 3578 29 17 for
2208 3580 47 16 each
2265 3581 110 20 subsequent
2385 3582 87 16 insertion
2476 3586 4 15 ;

1894 3595 56 16 above
1961 3596 31 16 ten
2002 3596 55 19 lines,
2067 3597 37 17 five
2115 3598 85 21 shillings
2210 3600 29 17 for
2250 3601 30 16 ths
2291 3602 39 16 first
2341 3603 30 16 ten
2382 3603 52 19 lines,
2446 3602 35 17 and

1893 3615 98 21 fourpence
1996 3621 33 15 per
2036 3617 38 16 line
2079 3618 30 17 for
2116 3619 31 16 the
2154 3624 63 12 excess
2225 3621 20 17 of
2253 3622 41 16 that
2300 3624 85 19 number;
2396 3624 36 16 and
2439 3624 42 16 two-

1893 3641 57 16 pence
1956 3641 33 16 per
1994 3637 39 17 line
2039 3638 28 16 for
2074 3639 45 16 each
2126 3641 113 20 subsequent
2245 3642 93 17 insertion.

1914 3657 158 18 Advertisements
2079 3660 38 16 will
2123 3662 33 15 not
2162 3666 66 17 appear
2239 3662 19 18 in
2270 3664 30 16 the
2311 3664 77 20 ensuing
2398 3665 81 18 number,

1894 3678 16 16 if
1917 3679 84 16 received
2008 3679 46 17 later
2060 3680 46 17 than
2119 3682 19 15 10
2145 3681 74 21 o'clock,
2227 3688 49 15 a.m.,
2283 3688 23 13 on
2314 3685 30 16 the
2351 3685 91 20 mornings
2450 3685 29 16 be-

1893 3701 37 14 tore
1944 3701 119 18 pnblication.
2086 3702 159 18 Advertisements
2258 3704 38 17 will
2306 3706 22 16 be
2338 3705 98 17 continued
2444 3706 35 16 and

1893 3720 78 20 charged
1982 3721 50 16 until
2040 3723 167 21 counter-ordered;
2220 3726 45 15 such
2272 3726 52 16 order
2330 3728 50 15 must
2385 3727 22 15 be
2414 3728 41 15 sent
2460 3727 19 15 to

1893 3741 31 15 the
1934 3741 55 17 Office
2003 3743 35 15 two
2057 3743 45 20 days
2121 3744 61 17 before
2192 3746 119 19 publication,
2321 3747 36 16 and
2368 3749 50 14 must
2427 3748 22 15 be
2459 3747 19 16 in

1893 3763 78 19 writing.
1996 3763 158 18 Advertisements
2168 3766 81 16 received
2269 3767 51 21 after
2338 3768 20 16 10
2373 3767 67 17 o'clock
2455 3772 23 12 on

1893 3782 84 21 Tuesday
1990 3784 37 16 and
2037 3784 68 21 Friday
2116 3786 92 21 mornings
2221 3787 38 16 will
2269 3788 22 16 be
2302 3788 76 19 charged
2388 3788 51 17 twice
2448 3788 30 17 the

1893 3803 53 16 usual
1953 3805 53 16 rates.

1914 3824 31 16 All
1951 3825 67 20 orders,
2030 3826 158 20 advertisements,
2199 3828 37 16 and
2246 3828 162 17 communications
2420 3831 18 15 to
2449 3829 30 16 the

1893 3844 70 21 Editor,
1969 3850 30 12 are
2006 3847 98 19 requested
2110 3848 18 15 to
2135 3848 23 16 be
2164 3849 98 16 addressed
2269 3850 17 15 to
2294 3850 36 16 this
2337 3850 61 16 Office.

1483 117 129 21 Barrett's
1627 118 92 21 Hotel.

1300 149 108 52 JOHN
1436 150 106 22 WATTS
1566 150 54 28 begs
1640 154 23 18 to
1681 152 104 21 intimate
1810 154 22 19 to
1856 152 38 21 the

1365 179 80 25 gentry
1455 177 44 21 and
1511 177 138 22 inhabitants
1660 178 23 21 of
1691 178 146 27 Wellington,
1846 178 50 22 that

1365 204 24 20 in
1409 204 135 27 succeeding
1564 204 44 21 Mr.
1631 204 66 22 Hunt
1717 205 24 21 in
1762 205 37 21 the
1823 206 72 21 above

1300 230 176 27 establishment,
1495 231 26 21 he
1540 234 66 18 trusts
1622 231 30 21 he
1672 231 44 21 will
1733 232 50 26 give
1803 232 91 26 general

1300 256 146 24 satisfaction,
1458 257 45 22 and
1514 257 65 22 merit
1587 258 77 26 public
1674 259 155 27 approbation,
1840 259 30 27 by
1881 266 13 14 a

1300 283 83 22 careful
1396 284 44 21 and
1454 284 112 27 judicious
1578 284 105 22 selection
1696 285 27 21 of
1730 285 77 22 choice
1817 286 75 27 wines,

1300 310 81 26 spirits,
1393 310 41 22 &c.

1328 337 57 21 N.B.
1387 348 29 4 —
1418 337 56 22 Well
1491 337 63 22 aired
1568 338 64 21 beds.
1662 338 38 22 An
1711 338 105 28 ordinary
1834 339 59 27 daily

1300 366 23 19 at
1333 365 13 19 2
1357 371 45 14 p.m.

1328 390 144 28 Wellington,
1485 391 130 27 September
1627 393 31 25 16,
1672 393 60 20 1841.

1446 436 173 27 Wellington
1634 437 115 21 Tavern.

1300 468 170 49 EDWARD
1499 470 95 21 DAVIS
1623 470 56 27 begs
1703 474 23 18 to
1748 471 85 22 inform
1857 472 34 22 his

1378 496 84 21 friends
1473 496 44 22 and
1528 496 36 22 the
1575 498 75 26 public
1660 498 22 21 in
1693 498 99 27 general,
1804 498 49 22 that
1863 500 28 21 he

1299 522 41 21 has
1356 522 85 28 opened
1460 523 36 22 the
1509 523 137 28 Wellington
1660 525 95 27 Tavern,
1768 526 123 22 Lambton-

1299 557 66 19 quay,
1377 550 73 21 where
1461 550 54 27 they
1524 550 44 22 will
1583 552 47 21 find
1639 559 14 14 a
1663 551 77 23 choice
1750 553 107 21 selection
1869 553 26 22 of

1298 576 85 21 bottled
1398 576 34 21 ale
1442 577 45 21 and
1496 581 82 24 porter,
1589 578 74 28 spirits
1674 579 46 21 and
1728 580 68 22 wines
1811 580 25 21 of
1843 580 48 22 first

1298 607 47 17 rate
1357 603 93 27 quality.

1324 636 87 22 N.B.—
1415 637 66 22 Good
1490 638 85 22 Burton
1587 639 42 26 ale,
1642 640 39 21 &c.
1694 640 40 21 &c.

1324 670 23 21 A
1355 671 102 27 quantity
1463 672 27 21 of
1496 672 84 26 garden
1589 673 71 26 seeds,
1668 673 36 21 the
1714 673 98 28 produce
1818 675 27 21 of
1851 674 39 23 the

1298 696 96 28 Colony,
1406 698 34 21 for
1451 698 52 21 sale.

1296 741 234 48 JM'GREGOR
1543 743 53 26 begs
1613 743 145 28 respectfully
1773 747 21 19 to
1807 745 82 22 inform

1338 780 9 9 •
1366 768 38 22 the
1413 773 80 23 gentry
1504 769 43 21 and
1557 769 139 23 inhabitants
1703 771 25 21 of
1736 770 54 22 Port
1796 771 94 23 Nichol-

1296 802 41 14 son
1348 795 48 21 that
1405 795 28 22 he
1443 795 41 21 has
1495 803 28 14 on
1534 796 53 26 sale,
1603 799 24 19 at
1642 797 34 21 his
1694 801 127 24 temporary
1835 799 55 21 resi-

1296 821 78 28 dence,
1394 823 24 21 in
1437 823 37 21 the
1492 830 50 14 rear
1561 823 26 21 of
1603 823 42 22 Dr.
1663 823 96 28 Knox's,
1779 832 55 15 near
1851 825 38 22 the

1296 849 72 26 Bank,
1393 856 27 14 an
1441 853 135 18 assortment
1594 850 27 21 of
1641 851 50 21 best
1714 851 174 23 London-made

1296 876 104 27 watches,
1413 876 75 22 Dutch
1498 877 82 27 clocks,
1591 877 41 22 &c.

1322 910 179 28 Chronometers,
1514 911 80 27 clocks,
1611 911 105 27 watches,
1733 912 46 22 and
1794 914 94 22 musical

1295 936 69 22 boxes
1375 938 108 26 carefully
1494 938 94 21 cleaned
1596 938 47 22 and
1653 939 109 27 repaired.

1500 980 38 25 £5
1553 984 126 20 Reward.

1296 1016 91 22 nnilE
1406 1017 150 27 undersigned
1565 1017 45 22 will
1619 1025 45 20 pay
1674 1018 38 22 the
1723 1019 70 22 above
1804 1027 49 14 sum
1864 1023 23 18 to

1302 1040 30 25 JL
1369 1051 46 19 any
1422 1051 81 20 person
1514 1044 49 22 who
1568 1044 45 22 will
1623 1046 51 26 give
1684 1046 47 21 him
1742 1046 144 22 information

1295 1070 49 21 that
1353 1078 52 20 may
1415 1071 50 22 lead
1477 1075 21 18 to
1509 1071 37 22 the
1557 1072 127 22 conviction
1696 1073 27 21 of
1734 1073 39 22 the
1787 1077 64 23 party
1862 1081 25 15 or

1293 1098 83 26 parties
1392 1098 49 21 who
1458 1098 58 22 have
1532 1099 58 22 been
1608 1099 71 27 lately
1689 1100 24 22 in
1731 1100 37 22 the
1783 1104 103 18 constant

1293 1124 98 26 practice
1402 1124 25 22 of
1434 1125 95 27 stealing
1538 1126 33 21 his
1582 1126 71 22 fowls.

1512 1158 111 22 William
1639 1159 103 28 Taylor,
1757 1161 100 22 Builder.

1321 1190 144 28 Wellington,
1477 1192 131 27 September
1616 1194 35 26 23,
1664 1195 61 20 1841.

1488 1234 57 24 £20
1561 1238 126 20 Reward.

1293 1273 9 14 f
1310 1273 10 19 I
1328 1270 57 21 ''HE
1395 1270 150 28 undersigned
1556 1271 43 22 will
1609 1272 52 26 give
1672 1272 37 22 the
1721 1273 70 22 above
1800 1274 85 21 reward

1299 1294 30 24 JL
1368 1300 22 19 to
1401 1305 45 19 any
1457 1305 81 20 person
1556 1305 24 15 or
1595 1306 94 20 persons
1705 1300 51 21 who
1773 1300 44 22 will
1833 1301 51 27 give

1291 1323 56 22 such
1356 1324 145 22 information
1512 1332 23 15 as
1546 1326 44 21 will
1599 1326 52 21 lead
1665 1329 23 19 to
1703 1326 38 23 the
1757 1328 126 21 conviction

1291 1351 27 20 of
1329 1358 45 19 any
1383 1359 80 19 person
1475 1360 25 13 or
1509 1359 91 21 persons
1610 1353 136 27 feloniously
1754 1354 78 28 taking
1839 1355 44 21 and

1291 1377 80 27 killing
1381 1385 45 21 any
1435 1379 38 27 pig
1484 1386 25 15 or
1517 1380 49 26 pigs
1576 1380 102 22 branded
1689 1380 21 22 G
1721 1380 29 22 D.

1658 1414 96 22 George
1766 1415 89 22 Duppa.

1487 1456 56 25 £50
1558 1460 133 25 Reward.!

1289 1490 91 47 I^HE
1402 1492 71 22 above
1491 1493 85 22 reward
1594 1493 47 23 will
1661 1494 27 21 be
1707 1495 68 26 given
1795 1498 22 18 to
1837 1502 46 20 any

1362 1526 81 19 person
1461 1528 25 14 or
1504 1528 91 19 persons
1610 1521 51 22 who
1677 1521 58 22 shall
1754 1522 129 27 apprehend

1354 1546 45 22 and
1408 1545 66 28 lodge
1484 1547 24 21 in
1521 1555 42 14 one
1574 1548 26 21 of
1611 1547 42 22 her
1662 1548 118 27 Majesty's
1789 1550 68 26 goals,
1869 1558 14 13 a

1289 1579 82 19 person
1381 1573 83 22 named
1475 1574 60 22 John
1543 1575 77 27 Smith,
1635 1575 55 22 alias
1699 1575 85 22 Walter
1793 1576 87 27 Laurie,

1290 1598 50 22 who
1350 1599 40 22 has
1401 1600 66 22 taken
1478 1601 61 22 £500
1549 1601 26 22 of
1587 1609 38 20 my
1639 1609 91 19 money.
1766 1603 37 22 He
1817 1604 19 21 is
1853 1611 27 15 an

1290 1626 96 27 escaped
1396 1627 88 22 convict
1493 1628 57 21 from
1557 1629 56 21 New
1622 1629 70 22 South
1698 1629 82 28 Wales,
1790 1631 45 22 and
1842 1632 40 21 has

1289 1652 61 22 lived
1360 1656 23 18 at
1392 1654 66 22 Kafia
1469 1655 80 27 during
1560 1655 36 22 the
1606 1655 45 22 last
1661 1657 11 20 8
1683 1664 73 20 years.

1676 1690 26 22 F.
1718 1690 135 24 Leathart.

1317 1713 73 28 Kafia,
1402 1714 89 28 August
1500 1716 34 26 25,
1546 1717 60 21 1841.

1526 1770 39 19 To
1582 1770 59 24 Let,

1288 1800 52 48 A
1354 1801 87 21 WELL
1456 1802 96 22 situated
1569 1803 120 23 allotment
1705 1805 25 21 of
1743 1806 61 22 land.
1835 1806 43 23 En-

1368 1829 63 26 quire
1441 1832 22 18 at
1474 1829 37 22 the
1548 1830 95 23 Gazette
1677 1832 79 22 Ofnce.

1439 1874 38 21 To
1492 1876 34 19 be
1542 1876 65 20 Sold
1623 1883 31 14 or
1669 1877 59 25 Let,

1289 1906 165 49 SEVERAL
1472 1908 70 22 Town
1559 1909 45 22 and
1620 1910 104 28 Country
1740 1911 103 24 Sections
1857 1914 27 21 of

1354 1933 71 23 Land.
1455 1935 76 28 Apply
1541 1938 23 19 to

1606 1963 96 23 Robert
1712 1965 27 22 R.
1752 1966 99 22 Strang.

1501 2007 39 20 To
1556 2008 33 20 be
1604 2009 59 23 Let,

1288 2038 165 48 SEVERAL
1467 2039 93 22 TOWN
1571 2041 105 26 ACRES,
1686 2042 23 20 in
1721 2043 88 21 various
1818 2047 61 22 parts

1354 2065 25 21 of
1390 2065 145 27 Wellington.
1564 2066 45 22 For
1618 2068 139 27 particulars,
1775 2069 63 28 apply
1856 2074 22 18 to

1463 2100 26 21 E.
1507 2100 143 28 Catchpool,
1663 2102 101 22 Dickson
1777 2107 73 19 street.

1362 2144 133 27 Building
1509 2145 172 23 Allotments
1696 2149 30 19 to
1740 2149 60 21 Let.

1286 2176 92 22 HPHE
1397 2177 199 24 ADVERTISER
1612 2180 66 21 offers
1694 2188 61 20 upon
1771 2182 108 28 Building

1293 2202 29 22 X
1361 2203 89 27 Leases,
1461 2212 14 14 a
1485 2206 95 21 number
1590 2206 26 21 of
1627 2206 69 23 Town
1705 2208 139 23 Allotments
1853 2210 24 22 in

1285 2229 37 22 the
1333 2234 59 18 most
1401 2231 108 22 desirable
1519 2236 60 23 parts
1589 2233 26 22 of
1626 2233 44 22 this
1681 2235 140 23 Settlement.

1311 2263 48 22 The
1378 2265 110 21 attention
1506 2266 26 21 of
1549 2265 38 23 the
1603 2267 76 27 public
1696 2268 19 22 is
1732 2270 145 28 particularly

1284 2290 73 22 called
1375 2293 23 19 to
1418 2291 37 22 the
1474 2292 123 28 advantage
1618 2295 27 21 of
1662 2295 108 28 Building
1786 2297 89 28 Leases,

1284 2317 72 22 which
1366 2318 38 22 the
1413 2319 151 28 undersigned
1573 2321 19 21 is
1603 2321 97 23 enabled
1709 2326 24 18 to
1742 2327 73 24 grant,
1823 2324 53 28 viz.,

1283 2344 59 22 from
1351 2352 68 14 seven
1429 2349 23 18 to
1469 2349 139 25 twenty-one
1625 2356 73 20 years,
1716 2351 121 27 according
1853 2355 23 18 to

1284 2371 37 21 the
1339 2371 66 22 value
1424 2373 27 21 of
1469 2373 40 22 the
1531 2374 115 28 buildings
1667 2377 112 27 proposed
1801 2382 22 17 to
1847 2379 29 22 be

1284 2398 95 22 erected.
1409 2399 76 28 Apply
1495 2403 22 19 to

1446 2434 21 21 J.
1484 2435 25 22 T.
1525 2435 147 29 Wicksteed,
1685 2445 25 14 or

1444 2461 37 22 W.
1496 2462 29 21 V.
1540 2462 109 29 Brewer,
1666 2465 192 23 Manners-street.

1493 2509 40 20 To
1547 2509 35 21 be
1596 2510 60 25 Let,

1284 2538 89 37 rpHE
1388 2542 60 19 town
1465 2547 52 16 acre
1533 2542 43 21 No.
1594 2544 42 20 680
1650 2551 29 14 on
1695 2543 38 22 the
1750 2545 124 27 Surveyor-

1288 2564 30 38 f-
1357 2566 117 23 General's
1483 2568 60 27 plan,
1554 2569 123 28 belonging
1688 2573 22 19 to
1728 2571 38 22 the
1783 2572 90 22 Church

1282 2593 25 21 of
1317 2593 114 22 Scotland.
1459 2594 46 22 For
1514 2598 74 24 terms,
1599 2597 69 27 apply
1677 2600 24 19 to

1470 2628 94 23 Robert
1576 2630 27 22 R.
1616 2631 101 27 Strang,
1733 2632 110 23 Solicitor.

1281 2672 32 48 I
1329 2672 69 22 AND
1418 2673 40 22 TO
1483 2674 94 23 LET.—
1578 2676 71 23 Town
1672 2685 63 14 acres
1759 2678 44 22 No.
1823 2681 46 24 168,

1313 2699 14 20 J
1357 2700 47 27 156,
1415 2702 47 26 423,
1479 2702 35 26 47,
1524 2704 49 25 561,
1586 2704 49 26 559,
1654 2704 45 21 and
1711 2712 70 20 many
1796 2706 75 22 others

1281 2726 22 21 in
1313 2726 38 22 the
1361 2730 59 18 most
1429 2725 108 25 desirable
1552 2728 124 24 situations.
1706 2731 57 22 Also
1776 2736 95 24 country

1280 2752 53 22 land
1342 2760 28 15 on
1380 2754 38 21 the
1428 2754 70 23 banks
1510 2756 26 21 of
1542 2756 38 22 the
1590 2757 70 22 River
1670 2758 60 21 Hutt
1739 2759 46 21 and
1794 2766 29 15 on
1833 2759 37 23 the

1281 2780 92 22 Porirua
1382 2780 61 23 road.
1473 2782 76 28 Apply
1559 2786 23 19 to

1670 2812 21 21 J.
1707 2812 36 22 W.
1759 2813 82 23 Child.

1298 2853 87 20 Town
1400 2854 55 20 and
1470 2855 122 27 Country
1607 2857 79 21 Land
1701 2859 29 19 to
1745 2859 34 20 be
1795 2860 58 21 Let.

1283 2886 166 23 SECTIONS
1464 2888 46 21 and
1526 2889 101 26 portions
1644 2890 26 23 of
1683 2892 102 22 Sections
1801 2893 22 22 in
1840 2893 29 23 all

1281 2915 33 20 kJ
1349 2917 61 23 parts
1427 2914 26 21 of
1467 2914 39 22 the
1523 2912 70 26 Town
1613 2917 27 21 of
1656 2918 146 29 Wellington,
1822 2921 47 21 also

1279 2940 99 27 Country
1389 2941 100 22 Sections
1503 2942 25 21 in
1538 2943 38 22 the
1592 2944 98 22 districts
1707 2946 26 21 of
1746 2947 38 22 the
1801 2947 66 27 Hutt,

1287 2966 28 22 he
1329 2966 86 28 Kaiori,
1427 2968 36 22 the
1475 2968 76 28 Ohiro,
1564 2970 45 23 and
1621 2971 39 22 the
1674 2972 101 23 Porirua.
1804 2974 65 28 Long

1278 2994 70 21 leases
1359 2994 26 21 of
1391 2994 38 23 the
1446 3000 95 22 country
1550 2997 54 22 land
1620 2998 47 22 will
1682 3000 28 21 be
1726 3001 94 26 granted
1839 3010 28 14 on

1277 3021 131 22 reasonable
1420 3026 73 19 terms.
1523 3020 43 25 For
1576 3025 133 27 particulars
1718 3027 67 28 apply
1795 3031 23 19 to

1469 3056 99 24 Hanson
1580 3059 47 21 and
1640 3059 118 29 Alzdorf,

1503 3090 124 24 Thorndon
1637 3093 72 28 Quay,
1721 3094 146 29 Wellington.

1279 3134 28 22 T
1326 3133 69 23 AND
1410 3135 62 21 IOR
1487 3135 114 23 SALE.—
1601 3137 50 23 The
1665 3139 70 22 Town
1745 3141 67 28 Acre,
1827 3144 42 21 884

1277 3161 47 21 XJ
1354 3168 29 14 on
1394 3161 37 22 the
1441 3162 242 28 Surveyor-General's
1691 3167 53 27 plan
1753 3176 6 13 :
1775 3169 45 22 and
1829 3170 38 22 the

1278 3188 100 27 Country
1388 3188 75 22 Lands
1477 3189 25 22 in
1517 3190 37 22 the
1570 3191 62 28 right
1647 3193 26 21 of
1686 3193 78 24 choice
1778 3196 26 21 of
1813 3196 56 23 land

1277 3215 76 21 orders
1371 3214 54 23 Nos.
1442 3216 47 27 687,
1509 3216 45 29 726,
1575 3220 62 25 1084,
1658 3219 26 22 of
1698 3220 39 23 the
1756 3222 49 23 first
1822 3224 46 23 and

1277 3242 108 27 principal
1396 3242 134 24 settlement.
1560 3245 44 22 For
1613 3248 71 21 terms
1694 3248 67 28 apply
1772 3252 22 19 to

1528 3286 28 22 R.
1571 3287 28 22 R.
1616 3288 101 29 Strang,
1730 3290 110 24 Solicitor.

1301 3316 145 28 Wellington,
1457 3318 90 28 August
1555 3321 33 27 27,
1601 3323 62 21 *841.

1277 3369 122 25 Country
1413 3370 124 23 Sections
1557 3373 42 21 for
1619 3375 61 21 Sale
1702 3382 36 15 on
1758 3378 109 23 Liberal

1521 3400 102 22 Terms.

1277 3428 164 50 SEVERAL
1477 3431 101 24 Sections
1606 3435 28 22 of
1665 3437 101 29 Country
1793 3438 72 29 Land,

1341 3458 91 26 already
1442 3458 82 22 chosen
1534 3460 24 21 in
1568 3461 38 22 the
1620 3462 94 24 Porirua
1730 3465 90 26 district,
1832 3467 35 21 for

1275 3485 58 24 bale,
1345 3490 74 14 TERMS
1429 3491 106 17 LIBERAL.
1563 3488 78 28 Apply
1652 3493 22 19 to

1370 3516 26 23 F.
1411 3517 29 22 A.
1455 3518 172 32 Moleswojitii,
1644 3524 186 30 Murphy-street,
1842 3534 24 15 or

1373 3548 33 17 W.
1425 3548 24 18 V.
1464 3548 107 27 Brewer,
1583 3549 197 25 Manners-street.

1401 3590 53 20 For
1467 3591 70 26 Sale,
1549 3593 61 26 just
1623 3595 117 27 arrived,

1282 3636 94 12 vaa
1396 3623 107 24 REAMS
1523 3626 27 21 of
1570 3627 110 27 PAPER,
1702 3630 122 27 consisting
1844 3629 23 23 of

1275 3651 105 34 OUU
1430 3654 48 19 ntln
1480 3659 15 19 S
1506 3652 73 28 demy,
1590 3654 67 22 letter
1669 3655 45 22 and
1730 3659 53 19 note
1796 3665 69 22 paper

1397 3678 25 20 of
1434 3678 87 23 various
1533 3680 56 22 sizes
1594 3681 47 22 and
1648 3683 111 27 qualities,
1769 3683 96 28 blotting

1273 3711 76 20 paper,
1361 3704 66 22 white
1437 3705 46 22 and
1491 3706 112 28 coloured,
1617 3708 53 22 blue
1681 3710 121 27 wrapping,
1813 3711 50 28 bag,

1274 3731 69 25 Kent,
1355 3731 67 26 hand,
1434 3732 45 21 and
1488 3732 102 28 imperial
1599 3734 78 22 brown
1688 3743 76 19 paper.

1454 3759 77 28 Office,
1543 3760 54 27 July
1607 3762 49 20 3rd.

1320 3803 119 22 RINTED
1460 3804 143 24 FORMS.—
1603 3807 34 21 To
1658 3807 29 22 be
1710 3807 46 23 had
1780 3812 23 18 at
1826 3810 38 22 the

1350 3831 86 21 Gazette
1451 3831 78 28 Office,
1540 3833 70 22 blank
1626 3834 70 22 forms
1711 3836 106 27 required
1829 3837 36 22 for

1273 3858 140 27 transacting
1422 3859 101 22 business
1533 3863 24 19 at
1565 3860 38 23 the
1614 3861 93 22 Custom
1718 3862 87 29 House,

1327 3885 56 21 Bills
1394 3885 26 21 of
1425 3885 84 28 lading,

1328 3911 139 29 Promissory
1479 3916 71 25 notes,

1327 3938 56 23 Bills
1393 3939 26 22 of
1425 3939 131 30 Exchange,
1568 3942 40 22 &c.
1620 3942 42 22 &c.
