2529 3999
1186 34 101 35 THE

36 101 462 137 NEW
607 91 869 137 ZEALAND
1588 91 856 137 GAZETTE

1198 256 100 32 AND

27 288 1091 164 BRITANNIA
1239 288 1212 164 SPECTATOR.

36 539 62 30 No.
123 537 64 38 22.]

2304 522 97 39 [Vol.
2424 522 29 29 I.

523 528 130 32 PORT
677 527 285 35 NICHOLSON,
985 523 262 33 SATURDAY
1268 522 239 37 MORNING,
1530 522 286 31 SEPTEMBER
1839 525 30 33 5,
1895 525 86 27 1840.

687 623 115 20 UNIO2T
817 622 100 20 BANK
932 621 42 20 OF
988 619 221 21 AUSTRALIA.

652 656 95 21 London
766 656 92 24 Office,
876 654 43 21 No.
934 655 34 23 3S,
987 653 50 21 Old
1055 652 183 21 Broad-street.
1273 650 2 16 '

707 708 93 28 Capital,
811 708 122 26 £500,000;
954 706 51 27 paid
1014 713 37 19 up,
1068 704 117 26 £300,000.
1270 709 5 20 g

884 760 62 21 Direc
954 762 42 18 tors
1003 766 5 13 :

708 788 89 27 George
808 787 46 22 Fife
866 787 84 25 Angas,
964 786 57 26 Esq.,

708 815 86 21 Robert
803 813 92 27 Brooks,
907 813 43 27 Esq
961 829 5 10 ,

708 842 77 21 James
795 840 60 22 John
867 840 120 25 Cumnvus,
1000 838 60 27 Esq..

708 868 86 21 Robert
803 866 121 26 Gardener,
936 866 59 27 Fsq.,
1009 864 148 25 Manchester,

708 895 61 21 John
781 895 67 25 Gore,
861 894 59 26 Esq.,
1274 894 1 11 '

708 921 92 22 Charles
811 920 106 26 Hindley,
929 918 19 23 E
955 927 32 18 ,q.,
1001 918 68 26 M.P.,
1272 929 3 19 £

709 948 118 26 Benjamin
839 946 26 21 E.
877 946 71 21 Lindo
966 946 57 26 Esq.,
1273 955 2 13 i

710 974 90 21 Charles
811 972 95 22 Edward
914 971 109 26 Mangles,
1036 971 59 26 Esq.,

709 999 143 27 Christopher
861 999 103 24 Rawson,
976 998 59 26 Esq.,
1048 996 98 25 Halifax,
1274 1000 1 21 ]

708 1026 98 22 Thomas
817 1024 78 27 Sands,
907 1024 43 27 Esq
961 1040 5 10 ,
978 1023 124 27 Liverpool,
1274 1027 1 11 <

710 1053 76 21 James
797 1051 68 27 Bogle
877 1051 77 22 Smith.
968 1051 56 26 Esq.,

710 1080 77 21 James
797 1078 97 22 Ruddell
903 1077 70 24 Todil,
983 1077 53 27 Esq.
1274 1080 1 21 i

654 1114 117 21 Trustees:
799 1112 95 22 George
913 1111 63 21 Caiui
1001 1110 73 26 Gi,yn,
1099 1109 58 27 Esq.,
1181 1108 61 21 John
1274 1108 1 19 i

692 1139 145 27 GoiiE,,Esq.,
854 1138 46 22 and
908 1138 74 24 Jajvt.s
994 1137 21 21 J.
1028 1137 114 25 Cummins,
1155 1135 51 26 Esq.
1227 1154 11 10 %
1274 1134 1 21 ]

656 1174 113 21 Bankers:
796 1173 89 22 Messrs.
910 1172 35 21 Gl
964 1179 20 18 n,
1009 1171 129 24 Hallifax,
1160 1168 91 25 Mills,.

903 1198 44 22 and
965 1198 34 21 20.

740 1235 115 26 Secretary
864 1242 5 12 :
886 1233 61 21 Saml
959 1240 19 14 :l
989 1232 110 24 Jackson,
1111 1230 50 27 Esq.
1274 1249 2 7 ,

693 1268 102 22 Colonial
806 1268 128 26 Inspector:
950 1266 21 21 .1.
982 1266 24 21 C.
1018 1265 123 25 M'Laren,
1156 1263 52 26 Esq.

780 1322 68 21 New
867 1320 120 21 Zealand
1007 1318 114 21 Branch.

658 1356 67 22 Local
738 1356 124 22 Directors:
881 1354 55 22 Geo.
949 1354 21 21 S.
981 1353 84 25 Evans,
1079 1352 61 26 Esq.,
1153 1349 92 26 D.C.L.,

722 1383 61 21 Edw.
796 1383 72 21 Betts
880 1381 101 25 Hopper,
994 1379 60 28 Esq.,
1069 1378 44 22 and
1124 1377 57 22 Geo.

869 1408 107 25 Hunti'.r,
987 1407 52 26 Esq.
1274 1409 2 20 I

660 1444 122 27 Manager:
799 1443 61 21 John
873 1442 82 24 Smith,
968 1440 57 26 Esq.,
1041 1439 44 20 late
1097 1438 25 21 of
1134 1437 37 21 the
1182 1437 65 21 Com-
1274 1440 2 15 :

708 1470 92 22 mercial
811 1469 63 22 Bank
886 1468 24 21 of
923 1466 109 28 England,
1046 1465 150 22 Manchester.
1274 1470 2 10 <■

770 1503 113 23 Branches
894 1505 23 19 at
932 1501 95 26 Sydney,

935 1529 7 20 1
949 1528 72 21 lobart
1029 1527 76 26 Town,

935 1555 8 21 ]
955 1558 127 21 aunceston,
1095 1551 44 23 and

935 1581 9 22 1
954 1584 32 18 ort
997 1580 80 27 Philip.

660 1620 54 21 Port
722 1618 132 26 Nicholson,
866 1616 79 23 March
955 1616 33 26 24,
1000 1616 61 20 IS4O.

661 1673 92 28 npHE
770 1672 114 22 Directors
901 1670 26 21 of
943 1669 37 21 (he
997 1668 56 21 New
1070 1665 100 23 Zealand
1186 1663 64 23 Land

668 1690 28 32 JL
737 1701 116 25 Company
868 1697 78 26 herebj
969 1695 49 27 give
1035 1694 81 25 notice,
1135 1693 48 20 that
1198 1691 52 27 they

660 1727 57 21 have
727 1729 117 19 ETFECTED'
851 1732 28 14 AN
891 1729 170 16 ARRANGEMENT
1070 1720 52 21 With
1130 1720 37 20 the
1175 1719 74 21 UlUOll

661 1753 65 21 Bank
741 1753 25 21 of
784 1751 119 26 Australia,
921 1750 43 21 No.
981 1750 33 24 38,
1030 1748 45 21 Old
1090 1745 153 23 Broad-street

661 1780 103 24 London,
776 1780 35 20 for
820 1778 36 21 the
870 1776 168 23 establishment
1052 1775 22 20 ot
1090 1781 14 14 a
1121 1774 130 20 BilAlNL.ll

661 1807 89 21 BANK
766 1806 34 21 IN
816 1804 71 22 NEW
903 1801 157 27 ZEALAND,
1074 1799 95 27 through
1181 1797 72 22 which

661 1834 37 21 the
708 1833 103 21 business
825 1832 26 21 of
863 1831 38 21 the
919 1830 55 21 New
990 1827 100 22 Zealand
1105 1825 66 22 Land
1187 1826 66 20 Com-

661 1868 60 19 pany
732 1860 44 21 will
785 1860 28 20 be
824 1856 133 24 transacted.
984 1854 49 23 The
1049 1854 113 21 Directors
1179 1853 74 19 there-

661 1887 47 21 fore
717 1885 147 23 recommend
874 1888 22 18 to
914 1882 108 23 Colonists
1039 1880 37 21 the
1095 1880 75 21 Union
1188 1879 64 20 Bank

662 1914 25 21 of
707 1912 115 22 Australia
839 1919 23 14 as
882 1919 27 13 an
936 1908 169 23 establishment
1126 1911 127 22 possessing

662 1940 57 21 their
736 1940 71 21 entire
831 1938 135 24 confidence,
987 1934 45 22 and
1052 1933 49 22 able
1120 1936 22 17 to
1161 1933 93 24 provide

662 1966 127 26 effectually
806 1966 33 21 for
855 1964 38 21 the
907 1961 106 24 financial
1027 1962 71 19 wants
1115 1959 25 20 of
1152 1959 38 20 the
1206 1960 49 18 nrst

661 1993 136 21 settlement.
1035 2013 19 5 „
1061 2013 6 4 _
1083 2012 6 4 ,

832 2017 35 24 By
878 2015 64 20 order
952 2014 26 20 of
987 2013 38 20 the
1035 2013 80 23 Board,

910 2045 83 22 JOHN
1008 2042 104 26 WARD,
1129 2042 123 25 Secretary.

663 2083 55 21 New
730 2081 100 22 Zealand
839 2079 65 23 Land
914 2077 135 28 Company's
1059 2075 77 26 Office,

691 2112 19 23 1,
722 2108 160 25 Adam-street,
894 2105 103 27 Adolphi,
1009 2103 52 23 27th
1071 2103 67 25 Aug.,
1150 2102 61 20 1839.

728 2162 128 22 PUBLSC
880 2160 90 21 BALL
993 2157 76 22 AND
1091 2155 99 22 PETE.

888 2194 140 14 COMMITTEE.

813 2216 34 16 Mr.
858 2215 17 17 J.
887 2214 100 17 DORSET,

813 2237 58 19 Major
882 2236 21 16 D.
915 2235 18 16 S.
945 2234 82 19 DURIE,

813 2258 34 16 Mr.
859 2256 77 17 JAMES
947 2254 73 18 WATT,
1269 2257 2 14 !

814 2276 34 18 Mr.
860 2276 97 17 GEORGK
969 2275 85 18 DUPPA,

814 2299 34 16 Mr.
860 2298 19 16 F.
891 2298 21 16 A.
917 2294 183 22 .MOLESWORTH,

814 2320 35 16 Mr.
860 2317 97 18 ROUERT
969 2317 21 16 R.
1003 2315 102 18 STRANG,

814 2341 35 16 Mr.
861 2338 98 17 GEORGE
970 2336 88 19 WHITE,

815 2361 35 17 Mr.
861 2361 23 15 H.
896 2358 120 18 BARRETT,

815 2382 31 16 Dr.
857 2379 131 19 JOHNSTON,
1001 2378 56 18 M.D.,

816 2402 57 20 Major
884 2401 89 17 IJAKER,

816 2424 34 16 Mr.
861 2422 65 17 JOHN
936 2420 78 19 WADE,

816 2444 35 16 Mr.
862 2442 107 18 DODERY,

816 2465 75 20 Captain
902 2461 130 19 CHAFFERS,
1273 2465 2 12 i

816 2486 35 17 Mr.
861 2484 65 18 JOHN
937 2481 138 19 THOMPSON.

744 2515 35 16 Mr.
790 2515 18 16 J.
819 2512 100 18 DORSET,
931 2512 92 17 Secretary
1034 2509 36 16 and
1080 2508 106 17 Treasurer.

695 2543 49 21 The
761 2543 54 21 Fete
833 2540 44 22 will
894 2539 51 22 take
958 2538 63 28 place
1036 2543 24 15 as
1076 2542 55 15 soon
1147 2535 58 20 after
1222 2532 38 22 the

669 2569 165 26 appropriation
845 2568 26 21 of
878 2567 37 22 the
922 2566 68 21 Town
1002 2563 102 22 Sections
1114 2569 24 14 as
1148 2561 39 21 the
1195 2561 65 20 Com-

669 2597 78 21 mittee
757 2595 124 23 determine
893 2593 41 22 will
949 2592 43 21 suit
1008 2590 74 28 public
1100 2593 159 17 convenience.

696 2630 49 22 The
762 2629 115 26 following
891 2627 38 21 list
945 2626 25 20 of
985 2624 125 22 diversions
1129 2622 58 21 have
1203 2621 55 20 been

670 2656 141 23 determined
819 2662 68 20 upon,
896 2653 42 22 and
950 2653 35 21 the
992 2651 112 21 members
1112 2649 25 21 of
1149 2649 38 20 the
1195 2649 65 20 Com-

670 2684 77 22 mittee
757 2682 82 23 named
849 2689 37 14 are
896 2684 21 18 to
926 2681 28 21 be
964 2677 120 23 addressed
1089 2678 127 25 respecting
1223 2675 37 20 the

670 2713 177 25 arrangements.

696 2746 21 20 A
734 2745 96 21 Rowing
842 2742 94 26 Match,
949 2739 122 26 consisting
1081 2737 26 22 of
1119 2735 71 22 whale
1197 2735 63 21 boats

670 2772 80 22 owned
759 2771 30 25 by
800 2771 36 21 the
846 2769 110 22 residents
966 2768 24 21 of
1003 2767 53 20 Port
1066 2763 132 24 Nicholson.
1228 2763 34 19 Ist
1274 2769 2 26 j

669 2799 69 26 prize,
750 2799 47 21 .620
804 2806 5 17 ;
825 2796 52 26 2nd,
886 2796 47 21 £10
941 2803 5 18 ;
961 2794 47 26 3rd,
1015 2793 41 22 £5.
1086 2791 35 21 No
1129 2797 51 14 race
1187 2789 74 21 unless
1274 2809 2 6 ,

670 2826 44 21 five
723 2826 65 20 boats
799 2827 61 19 start.
890 2823 112 21 Entrance
1018 2820 43 24 fee,
1079 2818 33 21 £2
1129 2818 55 20 each
1202 2818 58 18 boat.
1274 2825 2 12 ,

670 2851 56 22 And
744 2859 13 14 a
775 2852 97 20 Sailing
893 2849 91 25 Match,
1005 2846 30 27 by
1054 2846 64 20 boats
1134 2844 79 20 owned
1234 2844 28 24 by

670 2878 117 22 residents.
816 2879 34 19 Ist
859 2876 67 27 prize,
936 2875 45 21 £10
988 2882 4 18 ;
1009 2872 52 26 2nd,
1071 2871 40 22 £5.
1141 2869 119 25 Entrance,
1273 2875 2 3 -

670 2905 31 22 £\
709 2913 4 4 •
715 2917 33 4 —
748 2903 123 27 managing
881 2901 104 26 member,
999 2900 62 25 Capt.
1074 2898 105 21 Chatters.
1235 2907 5 5 -
1274 2912 2 4 .

683 2945 4 6 '
698 2939 22 20 A
729 2938 78 21 Canoe
815 2937 71 25 Race,
894 2935 30 26 by
930 2933 99 25 Natives,
1038 2931 47 22 £10
1093 2934 22 17 to
1122 2929 28 22 be
1159 2928 104 22 awarded

672 2972 23 14 as
715 2972 15 14 a
747 2965 70 27 prize,
834 2962 46 22 and
899 2969 12 13 a
929 2960 58 21 War
1008 2959 81 21 Dance
1101 2964 4 19 ;
1108 2969 31 4 —
1140 2962 123 20 managing
1274 2968 2 15 :

672 2992 108 26 member,
792 2990 43 22 Mr.
847 2989 27 21 It.
886 2988 94 22 Barrett.
1274 2994 2 18 |

700 3025 21 21 A
733 3025 99 21 Hurdle
847 3023 72 21 Race.
952 3022 29 19 Ist
998 3019 74 25 horse,
1090 3016 60 27 £15;
1176 3015 45 21 2nd
1240 3018 23 18 to
1274 3017 2 27 j

672 3060 53 14 save
736 3051 33 21 his
780 3050 80 22 stakes.
890 3049 112 21 Entinnce
1012 3046 42 25 fee,
1072 3044 33 22 £3
1118 3043 53 22 each
1190 3043 72 20 horse.
1274 3055 2 7 ,

672 3079 73 21 Three
754 3077 77 22 horses
840 3082 22 15 to
879 3081 58 16 start.
964 3081 17 14 >r
997 3080 30 14 no
1045 3079 61 18 race;
1110 3082 30 4 —
1141 3075 122 20 managing
1274 3079 2 11 ,

672 3105 108 26 member,
794 3104 41 22 Mr.
847 3103 77 21 James
941 3103 14 18 .\
964 3103 38 18 att.

700 3139 21 21 A
733 3138 73 21 Rifle
816 3137 94 21 Match.
943 3135 30 20 Ist
981 3133 68 26 prize,
1058 3131 54 25 £25,
1122 3133 22 17 to
1154 3128 109 28 purchase
1274 3130 2 26 |

673 3173 13 14 a
695 3166 50 21 rifle
753 3173 4 18 ;
773 3164 52 26 2nd,
837 3163 54 25 £10,
903 3165 21 18 to
936 3159 106 29 purchase
1053 3165 13 14 a
1079 3156 92 26 fowling
1187 3161 62 21 piece
1257 3161 5 19 ;

672 3192 47 26 3rd,
731 3192 40 26 £5,
783 3195 23 17 to
812 3189 108 29 purchase
928 3195 12 14 a
946 3187 65 21 brace
1019 3185 25 21 of
1050 3183 84 28 pistols.
1150 3182 114 21 Entrance

674 3220 11 21 f
683 3227 31 19 ee)
714 3209 5 10 '
727 3219 31 22 £i;i
767 3227 39 18 ;—
807 3216 121 27 managing
942 3213 116 24 members,
1074 3210 90 22 Messrs.
1181 3208 84 21 Moles-

674 3246 71 21 worth
755 3245 45 22 and
809 3244 90 26 Duppa>

700 3280 142 21 Wrestling
860 3277 93 23 Match,
971 3274 115 21 Climbing
1104 3270 81 26 Poles,
1204 3269 61 21 Foot

675 3308 82 24 Races,
781 3306 40 21 &c.
859 3304 47 22 £20
925 3300 102 23 awarded
1048 3299 34 21 for
1101 3298 37 21 the
1157 3303 61 14 same
1228 3303 38 18 ;--

673 3333 124 27 managing
824 3330 118 26 members,
972 3328 90 21 Messrs.
1097 3323 92 27 Dodery
1221 3322 46 21 and

675 3361 89 21 Barrett
885 3382 64 23 THE
966 3380 87 23 BALL.

703 3420 61 22 Each
775 3418 126 23 subscriber
910 3417 26 21 of
947 3415 33 22 £2
988 3415 20 21 is
1018 3411 94 25 allowed
1119 3414 22 18 to
1149 3409 117 23 introduce

675 3447 38 22 the
731 3446 71 22 ladies
828 3444 25 23 of
878 3444 34 21 his
936 3441 160 29 acquaintance
1105 3447 38 18 ;—
1145 3441 122 21 managing

676 3474 119 26 members,
806 3472 75 26 Major
889 3470 72 22 Baker
971 3468 45 22 and
1027 3467 90 22 Messrs.
1129 3465 83 21 Dorset
1222 3465 45 18 and

677 3501 28 20 R.
715 3500 90 26 Strang.

705 3533 40 22 All
750 3533 111 22 members
867 3532 26 21 of
900 3531 37 21 the
945 3528 132 24 Committee
1084 3533 37 15 arc
1128 3521 141 30 empowered

679 3566 21 16 xo
710 3560 88 22 receive
809 3558 165 27 subscriptions.

898 3612 46 21 ON
955 3610 94 21 SALE.

679 3641 70 49 BY
760 3641 39 21 the
814 3637 164 27 Undersigned,
988 3639 25 18 at
1021 3636 39 21 the
1071 3635 53 20 west
1138 3632 45 21 etid
1193 3632 22 19 ot
1232 3632 37 18 the

747 3667 83 24 Beach,
839 3664 118 22 wholesale
962 3663 59 27 only,
1034 3669 13 14 a
1054 3662 101 26 quantity
1164 3658 26 20 of
1198 3659 72 24 spirits

678 3698 23 19 at
711 3702 54 19 very
774 3694 43 21 low
827 3692 78 28 prices.
1052 3714 19 21 T
1073 3730 5 5 .
1092 3712 41 22 RO
1136 3708 106 24 SKELL.

707 3747 53 22 Port
769 3745 134 25 Nicholson,
914 3744 60 21 June
983 3743 35 24 30,
1030 3742 60 19 1840.

679 3801 172 24 SHINGLES
860 3800 5 20 !
882 3796 169 24 SHINGLES
1060 3795 5 20 !
1081 3789 171 25 SHINGLES
1262 3789 5 20 !

679 3836 90 49 TT-Tl7
786 3831 157 21 TTnrWsia-ned
957 3830 38 21 has
1006 3829 34 21 for
1050 3827 50 22 Sale
1111 3824 64 22 ONE
1188 3821 80 23 HUN-

747 3861 85 23 DBED
842 3839 171 42 THOUSAND
1022 3852 83 24 VERY
1114 3849 154 24 SUPERIOR

678 3890 72 22 NEW
760 3885 150 26 ZEALAND
921 3881 161 25 SHINGLES.

989 3912 147 25 WILLIAM
1146 3910 92 23 LYON.

2040 609 125 26 PUB&tC
2180 614 137 21 NOTZCE.

1890 646 210 22 TNTIMATION
2116 642 35 26 IS*
2157 647 125 21 HEREBY
2295 647 109 28 .GIVEN,
2424 647 50 21 that

1889 669 27 25 JL
1945 672 36 22 the
1994 673 111 26 following
2115 670 90 32 articles'
2212 673 26 21 of
2251 674 124 22 Provisions
2385 673 45 23 will
2443 674 29 21 be

1889 699 99 27 supplied
1998 704 22 16 to
2032 699 111 26 Families,
2155 704 23 17 at
2185 699 36 22 the
2232 700 55 22 New
2298 701 100 21 Zealand
2408 700 66 22 Com-

1890 726 76 26 pany's
1977 724 80 28 Stores,
2069 726 94 27 payable
2173 734 28 14 on
2217 727 106 26 delivery.

1917 758 84 26 Flour,
2013 765 43 15 one
2067 759 73 21 barrel
2150 762 23 18 at
2183 767 62 19 once,
2257 763 22 18 at
2286 760 139 22 Five-pence
2432 767 42 20 per

1890 784 81 27 pound.

1886 838 2 2 .
1917 818 59 21 Beef
1986 818 45 21 and
2041 818 71 27 Pork,
2123 819 22 21 in
2154 819 118 27 quantities
2280 820 26 21 of
2309 820 75 27 281b5.,
2396 819 76 28 561b5.,

1887 844 91 26 >H2lbs.,
1990 849 23 16 at
2023 845 122 21 Six-pence
2155 853 39 19 per
2203 846 83 27 pound.

1917 877 100 25 Biscuit,
2035 878 22 20 in
2077 885 60 14 same
2147 880 120 26 quantities
2283 887 23 14 as
2317 880 35 21 the
2364 879 58 23 Beef
2428 879 45 22 and

1893 903 63 26 I'ork,
1966 904 196 22 attTaiiEE-PENCE
2171 913 39 19 per
2220 906 83 26 pound.

1887 941 2 2 '
1902 952 3 3 .
1918 936 154 27 Applications
2083 942 22 16 to
2119 938 27 21 be
2163 939 64 21 made
2243 939 101 22 between
2360 941 27 21 10
2403 939 45 23 and
2461 940 15 21 4

1887 960 119 28 -.o^'cl.Sckfr?

1917 995 39 22 No'
1963 995 84 23 dealers
2058 1004 24 14 or
2092 997 74 22 others
2177 998 101 27 supplied
2293 1002 23 18 to
2331 999 40 22 sell
2387 999 73 27 again.

1887 1033 19 22 ■;
1916 1049 4 3 .
2119 1031 126 23 GEORGE
2257 1033 135 27 HUNTER,

2215 1066 144 28 Storekeeper
2370 1066 105 23 General.

1887 1107 3 8 '
1918 1098 120 26 Britannia,
2050 1099 51 21 17th
2111 1099 60 27 July,
2182 1101 60 21 1840.

1887 1162 3 7 r
1915 1140 93 35 ,^J>kT
2028 1153 198 21 NICHOLSON
2246 1155 114 21 HOTEL
2375 1155 75 21 AND

2110 1180 154 21 TAVERN.

1893 1212 35 47 J
1957 1212 105 21 ALLEN
2081 1213 52 27 begs
2149 1218 21 16 to
2185 1214 83 22 inform
2284 1215 35 22 his
2335 1216 83 21 friends
2434 1216 45 21 and

1934 1249 9 10 •
1975 1238 36 22 the
2029 1239 81 27 public,
2127 1240 47 21 that
2189 1240 29 22 he
2228 1241 40 22 has
2278 1243 87 26 opened
2373 1243 35 22 his
2422 1242 56 21 New

1895 1265 83 27 House,
1996 1266 45 21 and
2050 1266 19 21 is
2079 1265 74 29 happy
2170 1272 22 16 to
2202 1271 56 18 state
2269 1268 47 21 that
2330 1269 28 21 lie
2368 1269 40 22 has
2420 1269 59 26 good

1895 1291 64 27 Beds,
1970 1292 45 21 and
2025 1300 68 20 every
2102 1294 193 22 accommodation
2306 1303 59 19 upon
2376 1296 37 21 the
2423 1298 60 19 most

1895 1319 127 21 reasonable
2039 1323 74 18 terms.
2148 1320 47 21 The
2211 1321 54 21 boat
2285 1322 132 28 Enterprize
2436 1322 45 21 will

1895 1348 54 18 start
1956 1345 55 22 from
2023 1346 33 21 his
2065 1346 76 22 House
2149 1355 67 19 eyery
2222 1349 105 26 morning
2333 1353 21 17 at
2364 1351 13 19 9
2387 1348 92 27 o'clock,

1895 1372 34 21 for
1938 1372 129 27 Thorndon,
2077 1373 34 22 for
2120 1373 36 22 the
2167 1381 141 20 conveyance
2317 1376 25 21 of
2349 1376 133 26 Passengers

1895 1398 45 21 and
1949 1399 90 27 parcels,
2052 1399 45 22 and
2107 1404 75 18 return
2191 1401 23 21 in
2226 1401 36 21 the
2273 1402 102 27 evening.

1923 1432 56 21 N.B.
1996 1432 26 21 In
2034 1433 125 21 connexion
2170 1434 52 21 with
2232 1434 37 22 the
2279 1435 77 26 above,
2368 1435 21 21 J.
2401 1434 28 22 A.
2441 1434 41 22 has

1897 1458 33 22 his
1940 1459 129 21 Butcher's
2082 1460 65 26 Shop,
2161 1461 117 26 Grocery,
2294 1461 131 26 Provision,
2436 1461 46 21 and

1897 1486 111 20 Drapery
2020 1486 92 27 Stores,
2126 1487 71 21 where
2208 1487 37 21 the
2255 1488 75 27 public
2342 1495 40 15 can
2392 1489 28 21 be
2431 1495 51 20 sup-

1898 1512 59 26 plied
1971 1512 51 21 with
2039 1520 68 20 every
2116 1513 76 22 article
2203 1514 24 21 in
2238 1514 36 21 the
2286 1515 69 21 above
2366 1513 116 28 branches,

1897 1538 45 22 and
1952 1539 52 21 with
2013 1539 59 27 good
2083 1539 43 22 and
2137 1540 68 27 cheap
2216 1541 36 26 oil,
2264 1545 81 22 cotton,
2357 1542 40 21 &c.
2409 1541 39 21 &c.

1980 1593 141 26 QUEEN'S
2137 1594 97 20 HEAD
2250 1595 154 21 TAVERN.

1899 1626 35 47 J
1966 1626 45 21 HO
2014 1626 63 21 WES
2101 1627 53 27 begs
2164 1632 22 17 to
2200 1628 81 21 inform
2297 1628 34 22 his
2341 1628 84 22 friends
2439 1628 45 21 and

1939 1663 10 10 •
1980 1653 38 20 the
2028 1653 82 27 public,
2126 1654 48 21 that
2187 1654 38 22 the
2236 1655 70 21 above
2321 1655 68 22 house
2399 1656 19 21 is
2432 1661 51 15 now

1900 1686 64 20 open,
1982 1687 55 14 near
2051 1680 39 21 the
2108 1680 73 22 Police
2199 1681 76 27 Office,
2287 1682 130 26 Thorndon,
2438 1681 47 22 and

1900 1713 90 20 persons
2010 1706 116 27 favouring
2145 1708 46 21 him
2210 1708 53 21 with
2282 1708 57 22 their
2364 1712 121 24 patronage

1902 1733 42 20 will
1955 1733 46 21 find
2011 1740 68 20 every
2090 1734 198 22 accommodation.

1928 1759 83 27 Wines,
2027 1760 80 26 spirits,
2123 1761 45 22 and
2181 1761 86 22 bottled
2275 1762 36 21 ale
2321 1762 43 21 and
2379 1765 74 24 porter
2464 1761 25 21 of

1901 1786 99 27 superior
2010 1786 92 27 quality.

1929 1813 54 20 Cold
1989 1813 71 26 joints
2070 1814 81 26 always
2160 1814 76 28 ready.

1902 1866 87 47 FOR
1997 1867 49 20 Sale
2057 1870 22 17 at
2086 1867 56 21 their
2149 1868 116 21 wholesale
2274 1869 45 21 and
2326 1868 62 23 retail
2395 1868 91 28 general

1975 1896 75 23 stores,
2072 1893 114 27 adjoining
2209 1894 37 22 the
2267 1895 111 22 Waterloo
2403 1894 81 27 Stores,

1902 1919 127 26 Thorndon,
2048 1927 14 14 a
2076 1920 61 27 large
2154 1922 103 26 quantity
2276 1922 26 21 of
2317 1922 35 21 the
2372 1921 115 27 following

1902 1946 68 26 goods
1982 1947 25 20 of
2022 1953 99 20 superior
2131 1948 84 26 quality
2224 1956 4 12 :—:
2232 1960 30 4 —

1931 1972 72 27 Flour,
2015 1973 127 27 American,
2152 1974 88 21 Hobart
2249 1974 76 28 Town,
2336 1975 44 22 and
2390 1974 97 29 Sydney,

1903 1999 53 20 first.

1929 2023 51 26 Tea,
1996 2030 73 19 sugar,
2085 2025 79 26 butter,
2181 2025 57 22 Irish
2253 2027 45 20 and
2313 2027 58 27 Cape
2386 2025 27 23 of
2424 2025 66 22 Good

1904 2049 72 26 Hope.

1930 2075 83 23 Cheese
2022 2077 23 21 in
2057 2075 50 28 tins,
2118 2077 51 28 rice,
2182 2079 56 21 wine
2248 2079 24 21 in
2282 2079 69 22 bottle
2361 2080 46 21 and
2417 2078 71 22 wood.

1931 2102 76 22 Porter
2017 2103 45 21 and
2072 2104 51 26 ales,
2135 2105 22 21 in
2168 2105 69 22 bottle
2248 2106 45 21 and
2302 2106 70 21 wood.

1930 2129 52 21 Best
2003 2129 109 23 Schedam
2132 2131 111 23 Hollands
2262 2133 24 21 in
2302 2140 66 19 cases,
2389 2132 101 22 Jamaica

1903 2162 56 15 rum.

1931 2182 104 27 Vinegar,
2047 2190 60 21 soap,
2119 2184 96 27 candles,
2227 2185 76 27 coffee,
2314 2193 89 20 pepper,
2414 2184 49 22 salt.

1931 2209 107 27 Tobacco,
2050 2209 92 28 English
2151 2211 46 21 and
2206 2212 75 22 Dutch
2292 2213 92 21 tobacco
2394 2211 68 29 pipes,

1932 2235 53 26 Oils,
1997 2239 133 24 turpentine,
2140 2239 79 26 paints,
2230 2239 92 26 pickles,

1933 2262 73 22 Scales
2016 2263 45 21 and
2070 2264 98 27 weights,
2179 2272 60 14 cross
2248 2269 38 18 cut
2295 2272 61 21 saws,
2370 2264 47 23 and
2425 2272 68 21 every

1906 2289 131 27 description
2049 2290 26 20 of
2080 2291 151 27 ironmongry.

1934 2316 67 27 Slops,
2014 2316 149 22 shoemaker's
2172 2318 111 27 grindery,
2294 2326 79 20 gunny
2382 2319 61 26 bags,

1934 2340 110 29 Blankets,
2057 2345 50 20 10-4
2126 2345 49 21 11-4
2194 2346 56 26 12-4,
2268 2345 93 21 window
2370 2345 66 28 glass,

1935 2369 45 21 Salt
1989 2370 54 21 beef
2050 2375 45 17 and
2104 2371 61 26 pork,
2177 2371 65 22 cedar
2251 2372 87 27 boards,
2348 2372 107 25 muskets,

1935 2396 132 27 Stationery,
2086 2404 97 18 canvass,
2201 2405 13 14 a
2227 2399 84 26 plough
2324 2399 45 21 and.
2382 2399 107 25 harrows,

1908 2423 45 21 and
1963 2430 12 14 a
1984 2425 102 25 quantity
2098 2424 25 21 of
2128 2424 106 22 Derwent
2243 2425 50 26 hay.

2017 2449 102 23 WAITT
2129 2451 45 21 and
2183 2451 138 27 TINLINE,
2334 2450 130 24 Thorndon.

2081 2505 103 20 TOWN
2198 2505 120 21 ACRES.

1927 2538 16 21 A
1961 2538 133 22 NUMBER
2104 2538 24 21 of
2134 2539 67 21 Town
2213 2539 69 21 Acres
2297 2542 22 19 to
2337 2539 42 22 Let
2398 2538 52 23 with
2468 2545 25 15 or

1909 2568 50 17 _O_
1989 2565 92 22 without
2090 2565 76 22 Lease.
2195 2565 56 22 Also
2261 2566 84 21 several
2355 2566 35 21 for
2399 2565 51 31 salej
2467 2572 25 15 or

1911 2591 119 27 exchange,
2041 2591 37 22 the
2087 2592 69 21 whole
2163 2592 68 26 being
2239 2592 24 21 in
2274 2592 37 21 the
2321 2592 49 22 best
2378 2593 115 21 situations

1910 2618 34 21 for
1953 2618 127 22 immediate
2091 2625 111 21 purposes.
2232 2619 72 20 Acres
2318 2626 40 14 can
2375 2619 28 22 be
2420 2618 75 21 subdi-

1910 2644 65 22 vided
1985 2649 23 17 to
2018 2646 44 20 suit
2070 2645 129 27 purchasers
2210 2652 24 14 or
2244 2648 96 24 tenants,
2358 2645 47 22 and
2413 2644 81 22 fenced

1910 2671 22 22 in
1943 2672 20 20 if
1968 2672 109 26 required.

1937 2698 43 21 For
1988 2698 86 21 further
2083 2698 135 26 particulars,
2229 2698 68 28 apply
2303 2702 22 18 to
2334 2698 89 22 Messrs.
2431 2697 64 28 Hop-

1909 2732 39 20 per
1957 2724 43 22 and
2010 2724 45 27 Co.,
2066 2724 64 21 Land
2143 2725 93 26 Agents,
2254 2726 48 26 &c,
2319 2724 123 23 Britannia.

2147 2787 106 20 LAND.

1910 2820 174 47 WANTED
2095 2823 21 19 to
2126 2820 115 28 purchase,
2250 2820 142 22 SEVERAL
2402 2818 92 23 TOWN

2004 2847 105 22 ACRES.
2138 2847 67 27 Early
2220 2847 88 22 choices
2324 2847 72 22 would
2406 2846 28 21 be
2446 2853 49 20 pre-

1909 2874 78 21 ferred.
2017 2874 76 27 Apply
2104 2877 20 18 to
2131 2874 44 21 Mr.
2185 2874 90 27 Dudley
2285 2874 100 22 Sinclair.

2147 2929 106 21 LAND.

1910 2963 183 47 WANTED,
2111 2963 99 21 Sections
2224 2963 52 21 with
2289 2963 68 21 Town
2369 2963 76 23 Acres,
2457 2960 40 22 be-

2006 2994 70 16 tween
2102 2989 52 22 Nos.
2178 2991 41 20 200
2244 2990 44 21 and
2311 2991 46 20 300.
2399 2987 97 23 Address

1912 3016 28 20 X.
1952 3016 26 21 Y.
1989 3016 33 26 Z.,
2034 3019 23 18 at
2067 3016 37 21 the
2141 3016 93 21 Gazette
2243 3017 12 7 '"
2271 3016 77 21 Office.

1938 3043 63 25 April
2011 3045 19 21 y,
2043 3044 60 19 1840.

1914 3096 216 49 STATIONERY
2159 3097 60 20 FOR
2250 3096 84 27 SALE,
2363 3095 41 22 AT
2432 3093 63 23 THE

2001 3123 141 22 GAZETTE
2180 3123 108 21 OFFICE
2296 3130 38 13 :—

2053 3164 135 14 WHOLESALE
2203 3163 46 14 AND
2265 3163 90 15 RETAIL.

1942 3193 53 22 Fine
2004 3192 46 21 laid
2059 3195 54 24 pott,

1940 3220 54 22 Fine
2004 3218 61 23 thick
2076 3225 60 14 wove
2147 3220 77 24 quarto
2234 3220 56 23 post,

1942 3247 60 21 Ditto
2058 3245 54 21 ditto
2146 3248 78 17 octavo
2234 3243 43 27 do.,

1941 3273 115 27 Superfine
2066 3278 60 14 wove
2137 3274 78 24 quarto
2225 3270 56 21 satin
2291 3273 56 24 post,

1942 3300 61 22 Ditto
2059 3298 55 21 ditto
2141 3300 77 18 octavo
2230 3297 61 26 ditto,

1942 3327 61 21 Ditto
2014 3326 48 21 thin
2072 3324 45 21 laid
2126 3327 78 24 quarto
2215 3323 61 27 ditto,

1943 3354 60 21 Ditto
2060 3352 55 21 ditto
2126 3354 77 18 octavo
2213 3350 62 27 ditto,

1943 3379 114 28 Superfine
2070 3378 60 27 large
2145 3377 47 22 thin
2205 3377 53 21 blue
2275 3383 62 14 wove
2350 3377 77 26 qnarto
2439 3375 58 25 post,

1886 3425 2 4 ,
1916 3406 106 28 stamped,

1943 3434 115 26 Superfine
2067 3432 47 21 laid
2123 3431 104 27 foolscap,

1943 3461 72 26 Large
2024 3459 49 22 thin
2084 3462 78 24 qnarto
2171 3460 56 25 post,

1943 3487 58 22 Note
2011 3493 75 21 paper,

1944 3514 79 22 Brown
2032 3520 76 20 paper,
2116 3511 101 29 imperial
2227 3518 56 20 cap.,

1944 3541 46 26 Bag
2000 3540 63 27 ditto,

1886 3567 2 11 1
1944 3568 62 21 Kent
2015 3566 62 27 ditto,

1944 3594 69 27 Royal
2024 3593 69 26 hand,

1945 3621 96 22 Lumber
2051 3620 62 26 ditto,

1886 3645 2 20 I
1944 3648 54 21 Blue
2009 3647 72 27 demy,

1887 3688 3 16 ;
1943 3675 74 26 Demy
2024 3673 97 27 blotting
2127 3678 74 21 paper,

1944 3701 87 22 Double
2039 3707 80 19 crown,

1886 3732 2 12 !
1944 3728 69 21 Small
2021 3726 68 27 hand,

1886 3751 2 21 L
1945 3755 84 26 Crown,

1944 3781 72 22 Blank
2027 3780 70 26 cards,

1944 3806 148 23 Memoranda
2100 3804 77 28 booTes,

1944 3835 45 21 Pen
1999 3834 96 25 holders,
2107 3832 66 21 wafer
2184 3834 88 23 stamps,
2278 3827 54 23 leal
2340 3826 92 29 pencils,
2445 3826 54 20 slate

1916 3862 61 26 ditto,
1995 3860 67 22 India
2079 3859 87 26 rubber,
2185 3856 86 27 sealing
2287 3860 57 21 wix,
2363 3853 63 22 office
2445 3857 54 22 pen-

1915 3888 85 27 knives,
2011 3888 40 22 &c.
2063 3886 40 22 &c.
2114 3886 38 21 &c.
2169 3902 7 10 t

84 631 80 22 WEW
185 623 171 27 ZEALAND
376 623 184 24 COMPANY.

28 685 93 28 Capital,
137 685 119 25 £100,000,
272 682 23 21 in
305 683 56 20 4000
371 680 80 21 Shares
461 677 25 22 of
498 676 46 22 £25
555 675 61 27 each,

254 709 29 21 all
293 708 54 28 paid
355 715 38 19 up.

110 765 130 21 Governor:
256 760 49 24 The
314 761 66 22 Earl
391 767 27 14 of
428 759 113 22 Durham.

75 799 89 27 Deputy
175 798 118 21 Governor
300 802 5 14 :
322 794 86 21 Joseph
423 793 82 24 Somes,
522 790 52 26 Esq.

263 828 113 21 Directors
385 834 5 13 :

87 857 58 23 Lord
155 857 72 25 Petre,

87 885 59 21 Hon.
158 883 93 22 Francis
260 881 92 27 Baring,
364 880 68 26 M.P.,

84 911 61 22 John
156 910 102 22 Ellorker
268 908 110 24 Boulcott,
396 907 58 26 Esq.,

84 939 61 21 John
156 937 100 21 William
267 935 92 25 Buckle,
371 934 60 26 Esq.,

86 964 86 22 Russell
183 964 78 24 Ellice,
273 962 60 26 Esq.,

85 993 75 20 James
171 990 82 22 Brodie
265 988 101 26 Gordon,
378 987 59 26 Esq.,

84 1018 97 22 Thomas
193 1016 65 21 Alers
269 1014 106 26 Hankey,
386 1013 61 26 Esq.,

86 1042 97 24 William
196 1042 59 21 Hutt
273 1040 60 27 Esq.,
346 1039 68 27 M.P.,

85 1072 94 21 Stewart
189 1067 164 29 Majoribanks,
366 1066 59 27 Esq.,

85 1099 35 21 Sir
129 1097 100 21 William
240 1092 152 26 Molesworth,
404 1092 68 24 Bart.,
484 1091 68 24 M.P.,

87 1124 130 22 Alexander
227 1122 79 25 Nairn,
319 1120 60 27 Esq.,

86 1151 60 22 John
157 1150 67 26 Pirie,
234 1148 60 26 Esq.,
309 1146 130 26 Alderman,

86 1179 35 21 Sir
131 1178 88 25 George
230 1174 102 26 Sinclair,
343 1174 69 25 Bart.,
425 1172 69 25 M.P.,

86 1205 60 22 John
158 1203 59 22 Abel
228 1201 79 22 Smith.
319 1201 60 27 Esq.,
393 1200 67 25 M.P.,

86 1232 59 21 Win.
155 1231 137 23 Thompson,
306 1228 61 26 Esq.,
379 1226 131 24 Alderman,
522 1224 68 25 M.P.,

87 1259 35 21 Sir
132 1258 79 25 Henry
222 1255 79 27 Webb,
313 1255 69 25 Bart.,

88 1285 84 23 Arthur
182 1282 80 26 Willis,
275 1282 60 26 Esq.,
379 1306 3 3 .

88 1313 87 25 George
186 1308 120 23 Frederick
316 1308 90 26 Young,
418 1306 52 27 Esq^

145 1346 117 23 Secretary
270 1350 5 14 :
291 1341 62 23 John
367 1341 81 26 Ward,
460 1338 53 27 Esq.

35 1407 89 28 T<HE
133 1405 61 21 main
205 1404 98 21 features
310 1402 26 21 of
343 1402 37 21 the
388 1406 83 22 system
480 1399 26 21 of
513 1399 111 21 coloniza-

45 1425 25 31 JL
108 1433 46 21 tion
165 1430 98 28 adopted
273 1430 30 26 by
313 1429 38 21 the
365 1429 121 26 Company,
504 1433 77 18 are,-—
584 1426 38 25 lst,

35 1462 36 21 the
81 1461 45 21 sale
136 1459 25 21 of
171 1458 73 26 lands,
259 1459 24 18 at
297 1464 29 13 an
341 1455 98 22 uniform
454 1452 46 23 and
514 1452 111 21 sufficient

36 1489 69 27 price;
124 1486 43 22 and
183 1484 75 27 2ndly,
277 1483 36 21 the
330 1482 153 27 employment
499 1479 25 21 of
537 1486 13 14 a
564 1479 61 26 large

36 1515 85 26 portion
131 1513 25 21 of
163 1512 37 21 the
211 1510 210 28 purchase-money,
433 1515 23 14 as
467 1514 29 14 an
508 1506 117 26 Immigra-

36 1543 43 21 tion
91 1540 71 22 Fund.
195 1539 26 21 In
233 1538 61 21 these
305 1539 104 24 respects,
426 1534 37 22 the
473 1532 120 28 principles
604 1533 22 20 ot

35 1568 68 23 South
118 1566 114 22 Australia
246 1564 59 21 have
320 1564 57 20 been
393 1560 105 23 followed
510 1567 23 14 as
548 1559 78 27 nearly

36 1604 22 14 as
77 1595 172 21 circumstances
268 1590 78 27 would,
367 1590 23 20 in
406 1588 37 22 the
461 1590 91 24 present
568 1593 57 19 case,

37 1622 87 24 permit.
504 1640 5 5 .
610 1639 7 3 .

62 1649 46 21 The
124 1646 72 28 grand
212 1646 74 26 object
301 1644 26 21 of
342 1643 37 21 the
395 1649 56 19 new,
466 1647 25 14 or
503 1643 122 24 improved,

36 1680 83 23 system
129 1674 26 22 of
165 1673 38 21 the
214 1671 97 28 disposal
327 1670 26 21 of
371 1667 94 24 colonial
480 1666 72 27 lands,
569 1667 19 21 is
605 1670 22 17 to

35 1703 98 21 rcmlate
149 1700 37 21 the
202 1698 81 28 supply
299 1698 25 21 of
341 1704 50 14 now
406 1696 59 23 land,
483 1694 30 26 by
529 1694 37 21 the
581 1693 46 22 real

37 1733 68 18 wants
119 1727 24 21 of
158 1727 37 21 the
212 1725 117 25 Colonists,
347 1731 24 14 so
386 1723 48 21 that
450 1721 37 22 the
502 1720 54 21 land
571 1720 57 21 shall

37 1764 67 14 never
122 1755 26 21 be
168 1753 71 21 either
259 1750 190 28 superabundant,
472 1755 24 14 or
516 1746 109 27 deficient,

36 1783 70 22 either
124 1785 35 17 too
176 1780 78 26 cheap,
273 1785 25 14 or
317 1781 36 18 too
373 1777 59 21 dear.
472 1774 22 21 It
512 1774 40 21 has
570 1774 58 21 been

37 1810 75 22 shown
123 1809 48 20 that
181 1807 37 21 the
229 1806 44 20 elite
286 1804 130 28 proportion
430 1803 103 21 between
550 1800 78 27 people

37 1837 45 21 and
89 1835 54 23 land
148 1841 52 20 may
206 1833 28 21 be
243 1831 128 26 constantly
378 1828 92 24 secured
477 1828 30 26 by
514 1828 114 21 abandon-

37 1865 38 23 ing
84 1863 38 21 the
132 1861 37 22 old
179 1863 85 24 system
276 1858 25 21 of
313 1865 96 17 grants,
420 1855 46 23 and
475 1854 115 27 requiring
600 1861 28 14 an

37 1890 97 22 uniform
145 1888 60 27 price
216 1893 40 20 per
266 1892 56 19 acre,
340 1884 33 21 for
383 1884 29 21 all
422 1889 49 16 new
480 1881 73 26 lands,
566 1880 63 22 with-

37 1921 40 17 out
86 1915 125 26 exception.
242 1912 26 22 If
280 1912 36 21 the
326 1912 60 26 price
398 1910 27 22 be
440 1912 40 19 not
494 1911 37 18 too
546 1908 49 25 low,
611 1911 19 17 it

37 1944 73 21 deters
120 1941 137 28 speculators
267 1938 57 21 from
340 1937 117 27 obtaining
470 1935 62 25 land,
549 1935 53 20 with
617 1941 13 14 a

38 1971 55 21 view
104 1973 22 17 to
134 1968 92 25 leaving
235 1966 58 21 their
303 1969 105 23 property
418 1964 21 21 in
451 1969 14 15 a
476 1961 74 21 desert
564 1964 63 23 state,

38 1997 44 21 and
96 1997 52 20 thus
160 1996 107 25 prevents
277 1992 109 26 injurious
397 1988 123 30 dispersion
527 1995 4 18 ;
547 1990 19 18 it
575 1988 53 25 also,

35 2024 32 22 i>y
78 2021 135 25 compelling
221 2026 68 16 e\'evy
295 2018 106 19 labourer
407 2020 23 16 to
439 2015 61 21 work
507 2015 34 19 for
550 2021 78 18 wages,

38 2046 57 21 until
105 2046 29 20 he
144 2045 41 20 has
195 2042 68 22 saved
277 2042 37 19 the
326 2042 53 25 only
389 2046 78 15 means
478 2039 25 20 of
516 2039 115 23 obtaining

38 2072 60 26 land,
109 2072 88 21 insures
212 2075 13 14 a
240 2067 81 27 supply
336 2067 26 20 of
373 2066 78 21 labour
465 2064 35 21 for
600 2063 28 26 If,

40 2107 28 14 on
79 2099 37 20 the
127 2097 65 22 other
200 2094 69 25 hand,
286 2093 37 21 the
333 2093 61 27 price
404 2093 26 21 be
441 2094 41 19 not
491 2093 36 18 too
539 2090 59 26 nigh,
613 2093 19 17 it

40 2125 86 22 neither
135 2122 101 23 confines
246 2121 38 21 the
295 2120 88 21 settlers
398 2119 75 21 within
489 2124 14 14 a
518 2123 63 20 space
597 2116 35 20 in-

40 2150 159 26 conveniently
215 2154 95 19 narrow,
327 2154 42 13 nor
385 2145 52 22 does
451 2146 19 20 it
485 2146 95 25 prevent
594 2143 37 21 the

39 2179 78 26 thrifty
131 2177 105 22 labourer
251 2174 58 21 from
324 2173 120 26 becoming
458 2178 13 14 a
482 2170 148 25 land-owner,

42 2206 55 21 after
106 2204 102 25 working
218 2208 62 15 some
291 2201 54 20 time
355 2200 35 21 for
400 2205 80 20 wages.
585 2223 3 4 _

72 2233 18 20 A
107 2230 119 25 sufficient,
244 2228 42 21 but
304 2230 40 18 not
363 2233 62 15 more
446 2225 53 21 than
520 2223 111 21 sufficient

41 2260 58 26 price
111 2258 35 21 for
158 2256 30 21 all
202 2263 50 14 new
267 2254 61 26 land,
345 2253 19 21 is
379 2253 37 21 the
432 2251 61 23 main
509 2251 84 21 feature
609 2249 26 21 of

42 2286 37 21 the
97 2292 49 15 new
161 2286 84 24 system
261 2281 26 20 of
305 2279 156 22 colonization.
495 2277 23 21 It
533 2276 99 22 obviates

42 2320 65 16 every
120 2310 84 28 species
220 2308 25 21 of
259 2307 103 27 bondage
370 2314 4 17 ;
394 2306 31 27 by
439 2303 119 30 providing
574 2310 59 14 cona-

42 2340 87 21 binable
139 2338 85 23 labour,
235 2335 19 21 it
263 2334 92 21 renders
364 2333 102 26 industry
474 2338 55 19 very
538 2331 95 26 produc-

43 2367 50 25 tive,
105 2365 44 22 and
157 2362 123 23 maintains
290 2361 54 23 both
354 2359 54 28 high
425 2365 78 20 wages,
521 2357 45 21 and
580 2357 53 26 high

44 2394 85 24 profits;
152 2392 17 20 it
185 2389 78 22 makes
282 2388 38 21 the
339 2387 80 26 colony
437 2393 23 15 as
477 2387 116 19 attractive
610 2390 23 14 as

43 2419 101 27 possible,
159 2416 55 23 both
230 2419 23 18 to
270 2414 121 28 capitalists
407 2413 45 21 and
467 2415 22 17 to
504 2411 128 25 labourers;

44 2447 43 21 and
97 2450 40 17 not
146 2443 84 27 merely
240 2446 23 17 to
274 2441 69 26 these,
357 2441 42 20 but
407 2440 54 26 also,
472 2438 30 27 by
512 2437 123 26 bestowing

44 2481 28 14 on
87 2474 37 20 the
135 2472 88 25 colony,
240 2468 124 23 the.better
378 2467 116 21 attributes
511 2465 25 20 of
553 2471 28 14 an
599 2465 37 19 old

43 2500 89 27 society,
145 2502 20 18 to
174 2498 63 21 those
246 2496 50 21 who
304 2495 58 20 have
371 2502 12 13 a
390 2494 90 21 distaste
489 2491 34 21 for
531 2491 59 21 what
595 2491 41 21 has

44 2526 121 22 heretofore
176 2525 58 21 been
244 2522 39 22 the
298 2521 113 28 primitive
421 2518 114 24 condition
548 2517 26 21 of
585 2524 49 14 new

43 2554 106 21 ■colonies.
395 2574 5 4 .
439 2573 5 5 .
607 2570 6 3 .

70 2580 47 22 The
127 2582 63 24 great
199 2577 75 27 object
284 2575 24 22 of
320 2575 38 20 the
368 2581 60 21 price
438 2581 18 14 is
469 2575 22 19 lo
507 2578 77 15 secure
599 2574 38 18 the

44 2611 57 18 most
110 2604 109 24 desirable
229 2602 144 28 proportions
381 2601 100 21 between
496 2597 80 29 people
591 2597 45 21 and

45 2634 51 21 land
104 2641 4 17 ;
125 2634 39 21 but
174 2632 37 21 the
222 2630 53 28 plan
286 2629 41 21 has
337 2628 38 21 the
382 2627 87 21 further
475 2626 71 21 result
554 2626 26 20 of
586 2632 51 19 pro-

46 2661 81 26 ducing
137 2667 13 14 a
159 2665 106 18 revenue,
284 2655 71 22 which
373 2654 43 21 will
432 2656 40 19 not
488 2652 53 27 only
557 2651 80 28 supply

44 2688 37 21 the
94 2686 105 28 requisite
213 2684 67 27 profit
295 2686 22 18 to
333 2682 38 21 the
387 2679 155 23 shareholders
557 2678 26 21 of
599 2678 38 21 the

46 2715 119 25 Company,
191 2712 41 21 but
256 2709 113 22 furnishes
392 2708 36 21 the
452 2713 78 16 means
550 2705 33 21 for
607 2712 29 14 an

48 2740 152 27 Immigration
212 2736 105 28 Fund,—
319 2743 14 14 a
339 2735 57 22 fund
404 2732 127 27 constantly
540 2732 97 27 applica-

45 2767 35 22 ble
97 2771 22 17 to
136 2766 36 21 the
189 2771 97 21 purpose
303 2762 26 22 of
341 2761 107 27 bringing
462 2760 80 21 labour
559 2762 23 18 to
599 2759 38 20 the

46 2794 79 26 colony
126 2806 30 3 —
157 2793 50 21 that
221 2792 25 26 is,
263 2790 24 21 in
306 2789 93 25 causing
416 2788 42 21 the'
470 2787 51 20 best
539 2792 54 14 sort
614 2786 26 20 of

45 2820 149 23 colonization
205 2822 22 17 to
237 2816 97 29 proceed
345 2819 23 17 at
378 2815 37 21 the
430 2815 97 26 greatest
540 2813 96 26 possible

45 2851 53 18 rate.
127 2846 55 23 And
190 2845 43 21 this
240 2846 19 19 is
267 2843 38 21 the
313 2841 84 22 second
406 2841 85 21 feature
503 2839 26 20 of
541 2838 37 21 the
587 2845 50 14 new

45 2879 89 23 system.
344 2895 6 7 ,

72 2902 47 21 The
129 2898 156 28 employment
294 2895 26 22 of
335 2895 38 21 the
387 2895 210 26 purchase-money,
614 2898 25 13 or

49 2928 33 21 the
91 2925 111 27 principal
211 2927 51 25 part
272 2923 26 21 of
308 2923 24 25 it,
343 2922 24 20 in
378 2919 127 28 conveying
514 2918 86 22 settlers
614 2920 23 18 to

46 2954 36 22 the
93 2954 88 26 colony,
192 2952 41 21 has
243 2950 38 21 the
291 2948 115 27 following
416 2947 84 21 effects.
530 2945 22 21 It
561 2945 78 21 makes

49 2981 33 22 the
97 2980 133 27 purchasers
245 2977 27 22 of
287 2975 55 22 land
357 2982 36 14 see
408 2973 92 28 plainly,
519 2973 47 19 that
581 2973 58 18 then-

49 3015 80 19 money,
138 3006 43 23 will
192 3006 28 21 be
230 3002 108 23 returned
347 3002 24 21 in
386 3001 37 21 the
437 3001 68 25 shape
520 2999 25 20 of
560 2999 79 19 labour

51 3035 40 21 and
100 3032 137 30 population.
269 3030 22 21 It
301 3029 72 26 tends,
388 3029 23 20 in
421 3027 52 25 fact,
491 3029 22 17 to
523 3025 67 21 lower
601 3025 37 19 the

51 3068 111 19 necessary
183 3057 107 24 standard
310 3056 25 21 of
353 3055 66 28 price,
435 3055 103 24 because,
558 3053 52 19 with
626 3058 14 13 a

49 3091 101 18 constant
158 3086 73 22 influx
242 3084 26 22 of
279 3083 80 24 people
370 3085 21 18 to
403 3081 36 22 the
450 3079 88 26 colony,
548 3079 37 20 the
596 3079 43 19 due

52 3115 122 25 proportion
182 3118 100 17 between
290 3116 79 22 people
378 3108 43 22 and
429 3107 54 22 land
489 3112 54 19 may
552 3107 26 19 be
587 3107 52 24 kept

52 3148 25 19 up
86 3142 29 25 by
127 3149 12 13 a
147 3141 69 21 lower
225 3138 67 28 price,
307 3137 55 20 than
371 3135 21 21 if
404 3135 61 21 there
476 3138 57 16 were
544 3138 29 15 no
583 3133 55 19 sach

51 3167 146 27 immigration
203 3182 5 5 .
229 3165 22 21 It
261 3163 113 22 therefore
380 3159 131 24 diminishes
519 3159 37 20 the
563 3159 77 26 period

52 3194 77 26 during
138 3193 72 22 which
220 3192 38 21 the
268 3191 105 21 labourer
386 3190 61 20 must
458 3186 62 21 work
535 3186 34 20 for
584 3186 55 25 lure,

53 3221 40 21 and
101 3222 30 26 by
141 3220 37 22 the
193 3218 65 28 rapid
272 3223 103 20 progress
390 3214 72 22 which
477 3213 18 21 it
509 3214 93 25 imparts
616 3213 24 19 to

53 3247 34 22 the
95 3248 49 21 best
153 3250 46 19 sort
208 3246 25 21 of
246 3243 158 24 colonization,
419 3244 19 18 it
452 3241 102 25 explains
569 3241 23 17 to
602 3241 38 18 the

54 3274 110 26 labouring
174 3274 57 21 class
242 3272 26 21 of
274 3269 148 27 immigrants,
434 3267 49 21 that
492 3272 67 20 every
567 3272 42 14 one
619 3266 22 19 of

54 3300 56 22 them
124 3301 47 22 who
188 3300 19 21 is
223 3297 139 24 industrious
379 3294 45 22 and
442 3293 84 26 thrifty,
544 3298 52 19 may
614 3294 26 18 be

53 3335 45 14 sure
108 3331 23 18 to
140 3328 93 21 become
245 3328 42 19 not
302 3321 85 27 merely
403 3328 29 14 an
448 3326 76 15 owner
538 3319 26 20 of
580 3319 60 24 land,

52 3354 39 21 but
106 3354 45 22 also
166 3354 26 21 in
211 3353 35 21 his
266 3355 60 21 turn,
348 3356 28 14 an
399 3347 115 26 employer
533 3346 26 19 of
578 3346 64 19 hired

54 3380 115 26 labourers,
181 3388 14 14 a
204 3382 84 19 master
298 3377 26 21 of
334 3377 110 20 servants.

80 3407 64 22 From
153 3407 63 22 these
226 3403 185 24 considerations,
427 3400 37 21 the
475 3399 117 25 Company
604 3399 39 19 has

55 3434 91 26 adopted
164 3434 38 21 the
220 3438 62 16 same
299 3432 83 26 system
401 3427 25 22 of
443 3426 114 25 disposing
573 3426 22 18 ot
614 3427 29 17 its

56 3464 62 19 waste
130 3460 72 27 lands,
218 3467 23 14 as
258 3458 40 22 has
313 3455 92 27 already
419 3451 86 30 proved
520 3450 77 26 highly
609 3450 34 21 fa-

56 3488 99 21 vourable
171 3491 22 17 to
208 3486 38 21 the
260 3483 186 29 productiveness
460 3478 26 21 of
501 3477 104 25 industry
620 3483 22 14 m

55 3513 66 22 South
132 3513 120 22 Australia.
284 3512 26 21 In
322 3518 13 14 a
346 3516 49 15 new
407 3507 88 24 colony,
512 3504 93 26 planted
619 3509 24 14 m

55 3547 12 13 <i
75 3540 71 22 fertile
156 3540 45 22 and
217 3538 116 23 extensive
348 3535 111 25 territory,
475 3535 19 17 it
508 3538 19 13 is
543 3533 100 23 obvious,

56 3566 44 22 that
119 3567 36 22 the
172 3566 171 23 establishment
359 3563 26 21 of
400 3559 55 24 such
471 3566 13 14 a
500 3559 83 25 system
598 3563 18 14 is
632 3563 11 14 a

56 3597 76 18 matter
149 3594 25 21 of
192 3594 38 21 the
247 3592 92 27 deepest
357 3591 102 20 moment
475 3589 24 17 to
517 3586 36 19 the
570 3586 73 18 luture

58 3620 120 22 welfareof
191 3620 93 26 society.
418 3615 19 21 it
452 3611 37 23 the
504 3611 51 21 best
569 3609 74 21 effects

56 3653 48 21 may
113 3647 52 21 with
176 3646 131 22 confidence
316 3645 30 20 he
356 3641 137 28 anticipated
500 3645 5 13 :
522 3645 12 13 a
542 3641 101 17 constant

58 3669 40 26 •met
106 3674 89 26 regular
204 3672 80 28 supply
296 3671 25 21 of
333 3678 49 14 new
392 3667 55 23 land
456 3672 24 16 m
495 3664 43 21 due
553 3669 90 21 propor-

50 3699 46 22 tion
106 3703 23 18 to
138 3700 38 21 the
197 3703 70 18 wants
277 3698 26 21 of
313 3705 14 14 a
335 3695 131 30 population
480 3695 126 20 increasing
620 3691 23 24 by

54 3725 66 22 births
130 3726 44 22 and
188 3725 153 27 immigration
349 3732 5 17 ;
373 3723 30 22 all
419 3721 37 22 the
472 3718 137 24 advantages
623 3718 20 17 to

56 3752 68 22 which
132 3753 102 22 facilities
244 3752 26 21 of
282 3752 114 26 transport
403 3747 45 23 and
454 3745 189 23 communication

56 3785 34 15 are
100 3779 102 22 essential
210 3787 6 19 ;
232 3778 112 29 certainty
359 3777 25 21 of
393 3775 78 24 limits,
487 3773 47 19 and
548 3773 95 21 security

56 3805 23 20 of
91 3806 45 22 title
147 3810 21 18 to
179 3809 107 23 property
294 3805 23 21 in
330 3800 57 25 land
394 3810 5 18 ;
415 3801 38 21 the
463 3799 99 26 greatest
574 3798 69 19 facili-

55 3831 39 22 ties
103 3839 28 15 on
141 3832 117 28 acquiring
268 3832 37 21 the
317 3831 43 21 due
371 3828 115 29 quantity;
502 3824 38 22 the
550 3824 93 25 greatest

55 3862 186 24 encouragement
254 3862 23 17 to
286 3856 153 27 immigration
450 3855 46 20 and
505 3853 138 21 settlement;

56 3885 42 22 and
111 3885 37 22 the
163 3888 59 19 most
234 3885 65 27 rapid
314 3889 104 22 progress
433 3880 25 22 of
474 3878 38 21 the
526 3878 80 33 people
620 3882 23 14 m

53 3912 100 22 material
162 3912 96 22 comfort
267 3911 46 22 and
322 3909 69 23 social
400 3906 173 28 improvement.

82 3938 52 22 Port
143 3939 132 26 Nicholson,
288 3937 65 27 April
364 3937 34 24 14,
408 3934 62 23 1840,

1444 616 113 20 LOCAL
1573 615 105 20 BA2SIS.

1273 649 89 33 npHE
1381 649 213 22 PROVISIONAL
1615 647 184 23 COMMITTEE
1816 654 41 14 an-
1870 650 2 23 i

1278 670 27 26 JL
1345 683 87 14 nouncc
1449 676 49 20 that
1513 675 43 22 this
1573 675 64 21 Bank
1655 675 40 21 will
1714 675 27 21 be
1754 674 68 27 ready
1833 677 22 17 to

1270 709 26 20 go
1306 703 48 20 into
1364 702 113 27 operation
1489 710 23 13 as
1526 709 53 14 soon
1593 701 55 21 after
1665 701 36 21 the
1719 701 98 26 delivery
1835 700 26 21 of

1272 729 35 21 the
1316 729 68 21 Town
1397 729 74 21 Lands
1481 736 24 14 as
1513 728 102 28 possible.

1298 755 61 21 June
1369 757 32 24 19,
1416 757 61 19 1840.

1305 809 313 21 BSreiEl&OSLSftlff.A.Zrc'
1634 807 190 21 BARGAINS.
1863 816 5 19 \

1274 842 151 48 HAND
1440 842 26 21 T.
1482 842 84 21 COOK
1587 842 57 21 have
1662 842 48 26 just
1728 840 88 26 landed,
1836 837 33 33 atj

1336 880 9 9 •
1386 868 56 21 their
1460 869 80 25 Stores,
1559 871 22 18 at
1596 868 130 25 Thorndon,
1747 867 57 21 from
1821 866 48 21 the-

1401 903 13 13 a
1436 894 61 26 large
1519 894 101 27 quantity
1640 894 25 21 of
1686 894 35 20 the
1745 892 124 27 following!

1272 922 75 26 goods,
1361 921 69 22 which
1442 921 53 26 they
1506 928 41 13 can
1562 920 54 21 offer
1627 920 71 21 either
1708 919 115 22 wholesale
1835 926 34 17 or,

1273 949 69 25 retail,
1355 951 22 18 at
1387 948 119 26 unusually
1516 948 41 20 low
1568 947 77 27 prices.

1279 995 7 3 „
1299 974 75 21 Shell
1390 974 44 21 and
1449 974 56 21 Soft
1521 974 120 24 Almonds,
1658 972 89 26 Malaga
1763 972 94 26 Raisins,

1274 1000 87 22 Bottled
1380 1000 79 26 Fruits,
1482 1001 88 25 Sauces,
1596 1000 93 26 Pickles,
1716 1000 141 24 Anchovies,

1274 1027 95 22 Spanish
1392 1028 92 24 Olives,
1506 1026 57 22 Fine
1582 1027 74 20 Salad
1676 1026 51 26 Oil,
1749 1024 108 25 Mustard,
1862 1032 5 16 j

1274 1054 50 26 Tea,
1346 1054 61 24 Rice,
1430 1053 58 22 Loaf
1509 1053 75 27 Sugar,
1607 1052 107 26 CORKS,
1740 1052 52 21 Port
1815 1051 55 20 andi

1274 1080 87 26 Sherry,
1393 1081 48 20 Old
1474 1080 101 21 Jamaica
1605 1080 55 20 Rum
1690 1080 39 24 (no
1754 1077 113 26 Arrack,),

1274 1107 111 26 Cheroots,
1413 1107 85 27 Diaper
1522 1106 67 26 Rugs,
1612 1105 127 22 WITNEY
1764 1104 105 21 BLAN-'

1274 1134 84 26 KETS,
1369 1134 40 21 Sic.
1420 1134 40 21 &c.
1471 1134 39 21 &c.

1328 1161 104 27 Superior
1442 1162 77 24 Sperm
1530 1159 44 26 Oil,
1583 1162 27 18 'at
1620 1160 43 20 10s.
1674 1165 40 20 per
1723 1158 81 26 gallon.

1300 1188 66 21 Some
1377 1187 24 21 of
1414 1187 36 21 the
1462 1187 69 21 above
1545 1186 87 21 articles
1648 1186 58 21 have
1722 1185 57 20 been
1795 1183 65 22 much

1276 1214 87 21 wanted
1372 1214 22 21 in
1405 1214 36 21 the
1453 1213 93 27 Colony,
1562 1212 85 21 dealers
1658 1212 44 21 will
1712 1211 109 22 therefore
1833 1211 28 21 do

1277 1241 46 22 well
1335 1245 22 16 to
1366 1240 65 21 make
1442 1240 61 26 early
1514 1240 141 26 application.

1301 1267 129 27 Thorndon,
1442 1269 89 24 August
1540 1268 35 24 26,
1587 1267 59 20 1840.

1406 1320 152 21 WEEKLY
1574 1320 161 20 MARKET.

1281 1355 86 47 MR.
1384 1355 20 21 J.
1420 1353 142 23 TELFORD
1578 1353 39 21 lias
1632 1352 109 27 arranged
1750 1357 22 17 to
1784 1352 55 21 have
1851 1359 12 13 a

1368 1388 91 15 WEtiKLY
1486 1388 90 13 MAKKET
1604 1387 28 14 Oil
1658 1379 137 22 MONDAY
1819 1378 44 21 aild

1277 1407 166 23 SATURDAY
1460 1406 165 26 EVENINGS,
1642 1410 23 17 at
1674 1406 35 20 hia
1718 1405 144 26 Warehouse,

1278 1435 56 21 from
1343 1437 15 19 4
1367 1439 22 17 to
1401 1437 11 19 7
1424 1434 90 25 (/clock,
1528 1434 67 26 being
1609 1433 108 21 intended
1734 1432 79 26 chiefly
1830 1432 34 20 for

1279 1462 34 21 rhe
1336 1461 190 22 accommodation
1548 1460 25 21 of
1592 1459 141 21 Workmen's
1752 1459 111 21 Families.

1277 1488 45 22 The
1343 1489 113 25 following
1476 1487 86 21 iirticles
1582 1487 43 21 will
1644 1487 26 21 be
1690 1486 50 21 sold
1757 1487 24 19 in
1800 1486 64 20 small

1279 1516 123 27 quantifies,
1415 1519 22 17 at
1447 1514 129 22 reasonable
1587 1513 82 28 prices:
1670 1525 32 4 —

1305 1542 73 27 Flour,
1400 1541 103 26 oatmeal,
1523 1548 72 19 sugar,
1616 1543 43 24 tea,
1685 1539 75 27 coffee,
1785 1539 80 26 butter,

1279 1569 85 26 cheese,
1375 1569 97 26 candles,
1485 1575 60 20 soap,
1557 1568 39 21 &c.
1607 1567 40 21 &c.

1268 1602 6 4 -
1305 1596 55 21 Port
1368 1595 130 26 Nicholson,
1509 1595 60 21 June
1580 1595 32 25 15,
1624 1595 60 19 1840.

1441 1650 97 20 LAND
1558 1648 145 20 OSD2SKS.

1282 1683 162 50 SEVERAL
1451 1683 44 21 lots
1503 1682 24 21 of
1533 1682 68 21 Tcwr.
1610 1681 45 22 .-.nd
1662 1682 99 26 Country
1768 1680 100 22 Sections

1346 1711 33 21 for
1389 1710 57 26 Sale,
1460 1710 28 26 by
1507 1710 87 21 Private
1611 1708 112 21 Contract.
1752 1707 75 27 Apply
1846 1710 22 17 to

1266 1736 1 23 I
1282 1738 25 21 11.
1324 1738 27 21 R.
1368 1738 99 24 Strang,
1489 1736 59 28 Esq.,
1567 1735 106 26 Solicitor,
1691 1735 43 21 No.
1748 1736 21 25 4,
1789 1734 80 26 Clyde-

1266 1774 1 18 I
1284 1768 87 22 terrace,
1385 1771 24 14 or
1418 1769 23 16 to
1452 1764 44 21 Mr.
1507 1763 21 20 J.
1539 1762 97 22 Telford.
1668 1761 89 22 Several
1768 1761 26 21 of
1806 1761 62 20 these

1266 1798 2 22 I
1282 1799 61 14 acres
1354 1790 43 22 will
1406 1790 27 22 be
1444 1789 148 26 sub-divided,
1604 1793 23 17 to
1637 1788 45 22 suit
1691 1788 138 26 purchasers.

1310 1818 53 21 Port
1371 1817 131 26 Nicholson,
1513 1816 65 27 April
1587 1818 32 24 24,
1634 1817 58 20 1840.

1424 1872 167 21 GSNES&L
1607 1870 118 21 STOxtS.

1349 1907 26 20 R.
1390 1905 143 22 TELFORD
1548 1905 83 26 having
1644 1905 101 26 recently
1757 1903 63 22 made
1832 1910 38 15 ex-

1286 1926 58 29 J-VJL
1375 1933 85 21 tensive
1477 1932 126 27 purchases,
1622 1932 53 25 begs
1686 1934 22 18 to
1719 1938 117 14 announce
1848 1934 22 18 to

1283 1960 34 21 his
1326 1959 85 22 friends
1422 1959 48 21 that
1478 1959 29 20 he
1516 1959 40 20 has
1568 1965 28 13 on
1606 1958 54 26 sale,

1311 1991 186 22 HARDWARE
1512 1991 25 21 of
1549 1990 36 22 the
1596 1990 47 23 first
1652 1990 91 26 quality,
1754 1990 118 25 including

1283 2025 13 14 a
1305 2021 63 22 great
1375 2016 85 26 variety
1470 2016 26 21 of
1507 2016 64 21 nails.

1310 2049 103 21 FLOUR
1423 2049 26 21 of
1461 2049 47 21 first
1517 2049 45 21 and
1573 2048 81 22 second
1665 2048 92 27 quality.

1310 2082 181 22 GROCERIES.
1495 2094 29 4 —
1525 2082 52 26 Tea,
1593 2088 83 20 sugars,
1694 2081 76 26 coffee,
1788 2081 81 27 butter,

1283 2116 60 20 soap,
1357 2109 94 26 candles,
1463 2109 52 26 rice,
1531 2116 65 19 curry
1612 2108 97 26 powder,
1726 2108 84 26 pickles
1826 2108 45 21 and

1284 2143 82 19 sauces,
1378 2136 110 26 spicories,
1505 2143 28 13 ox
1544 2140 100 22 tongues,
1657 2134 88 27 pickled
1756 2135 61 27 tripe,
1830 2135 40 21 &c.

1310 2169 101 21 WINES
1427 2169 64 21 AND
1503 2168 155 22 SPlßlTS.—
1660 2168 90 21 Besides
1761 2167 36 22 the
1808 2168 64 22 usual

1284 2196 79 27 supply
1373 2196 26 20 of
1410 2196 67 21 wines
1488 2195 44 21 and
1542 2195 78 27 spirits,
1636 2195 62 21 there
1709 2195 18 21 is
1737 2202 11 14 a
1760 2195 112 21 consider-

1284 2223 49 21 able
1348 2223 102 27 quantity
1463 2222 26 21 of
1506 2222 87 21 Scotch
1611 2222 112 20 Whiskey
1733 2229 5 19 ;
1760 2230 12 13 a
1785 2221 88 22 limited

1269 2248 3 23 i
1285 2253 101 24 quantity
1406 2249 25 21 of
1451 2249 120 21 Colonial.
1587 2248 113 22 Whiskey
1720 2249 18 20 is
1764 2249 110 26 expected

1286 2276 59 27 early
1357 2279 54 18 next
1422 2276 67 22 week.

1313 2310 96 21 BOOTS
1426 2310 66 22 AND
1509 2310 135 22 SHOES.—
1645 2309 72 22 There
1728 2309 39 21 has
1777 2315 53 16 been
1839 2316 35 15 re-

1288 2338 76 21 ceived
1382 2345 12 13 a
1415 2338 100 26 quantity
1538 2338 26 20 of
1585 2336 137 27 Wellington
1745 2336 65 21 boots
1829 2336 46 21 and

1288 2364 111 21 Warren's
1407 2364 112 26 blacking.

1314 2397 170 22 BLANKETS.
1487 2410 30 3 —
1519 2397 68 22 Fresh
1603 2397 92 21 arrivals
1711 2397 56 21 have
1779 2404 62 14 come
1853 2399 22 18 to

1288 2424 59 22 hand
1358 2425 22 21 in
1391 2426 38 20 8-4
1438 2425 45 21 and
1494 2426 55 25 11-4,
1569 2424 25 22 of
1607 2425 88 20 various
1712 2423 101 28 qualities
1830 2423 46 21 and

1273 2457 2 27 j
1288 2452 76 27 prices.

1273 2472 2 40 !
1315 2485 299 22 HABERDASHERY.—
1615 2484 72 23 There
1703 2484 18 21 is
1737 2492 12 13 a
1760 2484 68 21 select
1837 2484 42 21 but

1288 2511 85 22 limited
1400 2513 102 26 quantity
1527 2520 29 13 on
1580 2512 68 26 hand,
1672 2510 117 27 including
1808 2514 69 23 tapes,

1290 2538 95 28 threads,
1396 2539 66 22 black
1474 2539 45 22 and
1534 2538 105 23 coloured
1654 2545 85 14 sewing
1756 2545 62 14 silks
1834 2533 45 24 and

1290 2566 62 26 twist,
1374 2566 95 21 worsted
1488 2566 44 21 and
1554 2566 94 25 darning
1672 2569 82 22 cotton,
1781 2563 96 26 needles,

1291 2593 80 25 combs,
1385 2592 66 22 India
1461 2592 42 22 silk
1511 2592 45 22 and
1564 2596 74 17 cotton
1646 2590 179 27 handkerchiefs,
1834 2590 47 21 and

1290 2619 82 27 braces,
1385 2620 39 21 &c.

1315 2652 169 25 DRAPERY.-
1489 2653 91 21 -White
1601 2655 75 19 cotton
1700 2651 101 26 shirting,
1820 2653 61 19 stout

1289 2679 141 22 unbundled
1450 2684 81 22 cotton,
1551 2680 59 20 40iu.
1632 2679 61 26 wide,
1718 2678 79 22 Scotch
1816 2678 63 20 linen

1290 2705 107 28 sheeting,
1411 2707 58 21 Irish
1475 2707 69 26 linen,
1556 2709 74 18 cotton
1641 2705 87 26 checks,
1738 2705 55 21 dark
1800 2704 77 27 prints,

1291 2733 38 21 &c.
1342 2733 39 21 &c.

1275 2769 2 26 |
1317 2766 53 22 OIL
1393 2767 67 22 AND
1485 2766 143 23 LAMPS.—
1629 2766 53 22 This
1700 2766 66 21 latter
1780 2764 44 23 .has
1843 2771 36 14 re-

1275 2809 2 6 .
1291 2793 76 22 ceived
1377 2801 29 14 an
1417 2794 98 21 increase
1526 2794 25 21 of
1562 2793 37 21 the
1609 2794 49 20 best
1672 2792 85 28 quality
1775 2792 47 21 that
1839 2791 40 21 has

1275 2818 2 31 |
1290 2823 37 23 yet
1338 2820 56 22 been
1406 2820 83 22 offered
1498 2821 23 21 in
1532 2820 37 22 the
1580 2820 93 26 Colony.

1273 2875 5 3 .
1285 2874 14 3 _
1317 2854 72 22 There
1399 2855 40 21 has
1449 2855 47 21 also
1508 2862 63 14 come
1580 2858 23 17 to
1622 2853 62 22 hand
1700 2861 14 13 a
1730 2852 63 22 small
1808 2852 32 21 let
1857 2851 26 21 of

1293 2881 106 27 Eveleigh
1414 2881 45 22 and
1474 2881 96 22 Neavc's
1585 2881 100 27 superior
1696 2879 94 22 London
1799 2879 81 21 beaver

1275 2912 10 4 ~
1291 2908 55 25 hats,
1359 2912 63 17 straw
1432 2908 58 25 hats,
1502 2909 46 20 sou'
1559 2912 94 22 westers,
1669 2906 80 22 Scotch
1761 2912 57 21 caps,
1830 2912 49 14 um-

1292 2934 86 26 brellas,
1389 2936 40 20 &c.

1277 2968 2 15 :
1319 2968 169 27 CLOTHING,
1500 2968 121 27 consisting
1627 2968 26 21 of
1661 2967 90 22 Jackets
1759 2966 122 22 inbeaver-

1277 2994 3 27 !
1293 2999 56 23 teen,
1362 2996 115 26 corduroy,
1489 2995 44 21 and
1543 2994 57 21 duck
1609 3003 4 17 ;
1633 2994 130 24 waistcoats,
1774 2993 23 20 in
1808 2999 72 14 swan-

1277 3017 3 27 i
1293 3022 64 21 down
1374 3022 45 21 and
1434 3022 134 21 beaverteen
1576 3029 5 18 ;
1604 3024 108 21 trowsers,
1737 3020 141 24 beaverteen,

1277 3055 2 7 1
1293 3049 115 27 corduroy,
1428 3048 103 26 flushing,
1556 3047 64 27 duck,
1647 3047 39 20 &c.
1695 3054 5 18 ;
1726 3048 90 24 regatta,
1838 3051 43 14 un-

1277 3079 3 11 1
1294 3076 105 21 bleUcTfed
1538 3074 44 21 and
1606 3076 61 19 stout
1692 3072 83 26 striped
1799 3072 79 25 shirts;

1287 3103 122 25 -Guernsey
1420 3102 74 20 frocks
1505 3101 44 21 and
1557 3100 80 21 lamb's
1648 3099 56 21 wool
1719 3098 71 22 under
1807 3098 71 25 shirts,

1265 3135 2 12 i
1288 3129 76 27 -shirts,
1385 3129 51 21 blue
1454 3128 46 21 and
1517 3127 39 21 red
1573 3133 62 20 serge
1656 3126 62 26 ditto,
1741 3128 74 18 cotton
1836 3121 45 24 and

1294 3156 93 21 worsted
1397 3155 60 22 hose.

1397 3216 39 21 TO
1451 3215 64 22 THE
1531 3214 116 22 RETAIL
1662 3212 112 23 TRADE.

1321 3250 43 21 Mr.
1376 3249 91 21 Telford
1479 3249 40 21 has,
1528 3247 123 29 peculiarly
1662 3246 128 22 favourable
1801 3247 81 19 attrac-

1295 3277 57 21 •ions
1362 3276 34 22 for
1406 3276 36 21 the
1453 3276 71 21 Trade
1535 3276 23 20 in

1265 3321 2 10 i
1321 3310 56 21 Fine
1388 3316 53 21 cape
1451 3308 120 29 powdered
1580 3307 44 22 and
1634 3307 42 21 salt
1686 3307 80 25 butter,

1322 3337 38 20 An
1371 3337 114 21 extensive
1496 3335 79 28 supply
1587 3335 24 21 of
1622 3334 52 26 rice,

1322 3364 63 21 Raw*
1390 3370 84 19 sugars.

1322 3396 205 26 STATIONERY,
1552 3394 120 26 consisting
1696 3392 27 21 of
1742 3391 43 27 day
1806 3390 77 27 books,

1266 3425 1 24 ;
1296 3424 80 28 pocket
1391 3424 93 26 ledgers,
1502 3425 59 23 note,
1578 3419 178 25 memorandum,
1774 3418 44 21 and
1833 3424 51 20 pass

1265 3445 2 32 |
1296 3451 75 26 books,
1384 3450 86 26 writing
1479 3456 75 20 paper,
1572 3448 45 27 ink,
1634 3446 73 26 slates,
1724 3445 53 22 slate
1792 3444 92 28 pencils,

1298 3479 38 21 &c.

1266 3521 1 10 i
1324 3510 106 27 Clothing
1439 3509 26 22 of
1476 3516 67 19 every
1551 3507 141 28 description,

1324 3537 103 26 Ticking.

1326 3565 20 21 A
1362 3564 42 21 few
1418 3567 44 18 sets
1477 3563 27 22 of
1519 3570 79 14 scales
1614 3561 45 21 and
1672 3566 102 15 weights
1794 3561 45 18 still
1856 3564 29 14 on

1300 3591 66 23 hand.

1266 3636 3 14 3
1327 3625 75 21 PIGS.
1405 3637 30 4 —
1437 3624 67 22 From
1523 3623 36 22 the
1578 3621 187 28 disappointment
1782 3618 43 22 and
1842 3618 44 21 dis-

1266 3662 4 14 3
1300 3656 63 25 putes
1372 3652 68 21 about
1449 3651 44 21 this
1504 3650 79 21 week's
1594 3648 87 26 arrival,
1691 3647 43 22 Mr.
1743 3645 90 23 Telford
1841 3644 43 21 will

1300 3686 21 15 in
1333 3679 73 21 future
1416 3678 87 22 decline
1514 3676 123 28 promising
1652 3678 22 17 to
1689 3674 56 26 keep
1763 3673 43 21 this
1822 3672 63 20 stock

1299 3706 35 21 for
1342 3705 120 28 particular
1470 3704 83 28 parties
1559 3711 5 19 ;
1580 3703 40 21 but
1630 3701 45 22 will
1691 3700 56 22 send
1763 3702 85 19 notices
1864 3699 22 19 oi

1300 3740 27 14 an
1340 3731 107 28 expected
1456 3730 82 22 arrival
1546 3730 23 21 in
1580 3737 14 14 a
1603 3729 41 21 few
1659 3728 60 26 days,
1738 3726 45 22 and
1799 3726 42 21 will
1858 3726 27 19 be

1265 3771 2 3 •
1300 3766 57 20 open
1367 3763 22 17 to
1400 3758 79 21 tender
1488 3758 34 20 for
1531 3756 37 22 the
1579 3755 78 26 whole,
1670 3751 77 24 within
1759 3760 12 14 a
1782 3751 104 27 specified

1266 3789 1 20 !
1299 3786 53 21 time
1362 3785 56 21 after
1429 3784 80 22 arrival
1519 3791 29 14 on
1557 3782 38 23 the
1603 3781 82 22 Beach.

1326 3818 89 22 Several
1425 3817 68 22 milch
1503 3824 65 19 cows,
1578 3823 42 15 one
1631 3822 25 14 or
1666 3818 43 17 two
1720 3819 54 15 near
1789 3810 95 27 calving.

1298 3874 183 52 WANTED,
1503 3880 12 15 a
1536 3871 95 22 number
1654 3869 25 21 of
1698 3869 185 21 Brick-makers.

1394 3901 76 30 Apply
1479 3904 24 19 at
1511 3899 38 22 the
1719 3894 78 22 Office.
