2529 3999
693 1667 90 27 August
790 1669 33 24 29,
833 1667 49 28 ship
1105 1669 48 26 500,
1164 1669 82 27 Clarke,

666 1694 68 21 South
746 1695 40 19 S.'«t
798 1694 104 21 fisheries.

691 1722 34 23 •W),
744 1721 48 26 ship
1021 1721 45 26 780,
1083 1721 56 22 from
1157 1722 90 22 London

666 1747 42 21 and
722 1747 101 27 Sjclnej';
839 1755 130 18 passengers
977 1748 44 20 and
1033 1748 87 27 general
1132 1756 72 19 cargo.

692 1774 132 25 September
833 1776 19 24 3,
866 1774 63 21 H.M.
938 1775 50 24 brig
1188 1776 59 27 Capt.

665 1801 97 25 Stanley,
777 1800 79 22 Banks'
871 1801 126 21 Peninsula.

691 1828 20 24 4,
732 1827 49 26 brig
831 1827 61 27 Lady
1021 1828 77 24 Queen
1119 1828 128 22 Charlotte's

665 1852 76 22 Sound
751 1853 46 21 and
807 1854 85 26 Cloudy
903 1855 53 25 Bay.

1923 993 72 23 Three
2010 994 53 27 days
2077 995 57 22 after
2148 996 36 22 the
2201 997 78 21 arrival
2295 998 27 21 of
2336 999 36 21 the-

1983 1035 23 16 at
2016 1031 81 22 Banks'
2109 1032 126 28 Peninsula,
2255 1034 35 22 the
2301 1034 87 22 French
2403 1035 79 28 frigate

1898 1065 135 27 "L'Aube,"
2054 1068 147 23 Commodore
2213 1070 98 27 Livand,
2331 1072 94 26 arrived,
2437 1072 45 22 and

1898 1105 42 18 two
1952 1102 53 27 days
2014 1103 61 26 later,
2089 1103 37 22 the
2137 1105 86 22 French
2235 1106 80 22 whaler
2455 1108 27 23 de

1987 1139 64 21 made
2061 1139 40 22 her
2112 1147 143 22 appearance,
2270 1141 82 28 having
2367 1151 28 14 on
2413 1145 69 21 board

1896 1174 49 26 fifty
1956 1175 140 27 agricultural
2106 1178 126 26 emigrants
2244 1178 44 21 and
2295 1180 84 27 sundry
2385 1180 97 27 supplies

1896 1211 33 21 for
1950 1211 35 21 the
2006 1219 47 14 new
2072 1213 133 22 settlement.
2244 1215 92 27 Among
2352 1216 62 21 these
2425 1224 57 15 were

1895 1247 85 21 several
1999 1247 59 27 large
2078 1256 95 20 cannon,
2199 1249 77 27 which,
2304 1258 58 19 upon
2388 1253 93 26 Captain

1896 1284 90 27 Stanley
1996 1291 9 15 s
2015 1286 173 26 remonstrating
2204 1286 51 22 with
2274 1287 145 23 Commodore
2438 1289 44 21 La-

1896 1320 64 27 vand,
1979 1327 55 15 were
2051 1326 41 16 not
2110 1321 91 22 allowed
2223 1327 21 17 to
2263 1323 26 21 be
2307 1323 90 22 landed.
2434 1325 48 22 The

1895 1356 82 22 British
1988 1356 43 27 fl.ig
2041 1356 45 22 had
2096 1358 54 21 been
2168 1358 92 27 hoisted,
2279 1359 45 22 and
2343 1361 43 20 Mr.
2399 1361 82 22 Robin-

1894 1400 40 14 son
1946 1401 43 13 was
1999 1394 40 20 left
2048 1394 62 21 there
2118 1401 23 15 as
2147 1395 134 27 magistrate.
2312 1395 22 22 It
2341 1396 17 22 is
2364 1397 117 26 presumed

1895 1429 48 21 that
1952 1429 85 22 France
2048 1430 106 21 intended
2171 1435 21 17 to
2211 1432 106 27 proclaim
2338 1433 37 21 the
2395 1434 86 21 Middle

1895 1465 83 27 Island,
1990 1466 39 22 but
2034 1466 27 27 jn
2073 1474 153 20 consequence
2238 1468 26 22 of
2277 1468 37 21 the
2333 1468 80 22 British
2431 1477 50 19 pro-

1894 1502 110 27 ceedings,
2016 1502 48 22 that
2074 1503 109 23 intention
2199 1512 52 19 may
2268 1505 27 21 be
2312 1506 130 22 considered
2458 1511 23 17 to

1893 1538 28 22 be
1941 1539 140 22 abandoned.
2111 1540 138 28 Everything
2268 1548 93 21 appears
2380 1547 23 16 to
2422 1542 57 22 have

1893 1575 57 21 been
1970 1575 126 22 conducted
2114 1577 22 21 in
2156 1585 13 13 a
2180 1581 56 18 most
2255 1578 107 22 amicable
2378 1587 101 14 manner.

1894 1611 146 22 Commodore
2049 1613 93 22 Lavand
2151 1621 43 14 was
2205 1615 140 28 particularly
2356 1616 123 26 hospitable

1894 1651 22 17 to
1936 1655 40 14 our
1995 1654 156 23 countrymen.
2181 1651 36 21 He
2237 1651 83 23 offered
2340 1656 20 18 to
2379 1653 53 22 send
2446 1654 35 21 his

1893 1689 125 23 carpenters
2029 1693 29 14 on
2068 1687 65 21 shore
2144 1691 21 18 to
2180 1688 62 22 build
2260 1696 12 14 a
2291 1689 70 22 house
2382 1691 33 21 for
2434 1691 45 23 Mr.

1894 1721 121 27 Robinson,
2027 1723 45 21 and
2082 1724 92 21 insisted
2189 1733 59 19 upon
2267 1726 47 21 that
2330 1727 149 27 gentleman's

1891 1757 72 28 living
1973 1766 26 14 on
2010 1759 70 21 board
2089 1759 34 23 his
2133 1761 76 27 vessel,
2231 1769 25 14 so
2271 1762 55 27 long
2343 1770 24 15 as
2385 1763 38 22 she
2441 1771 36 15 re-

1892 1795 90 22 mained
1992 1799 22 18 at
2024 1795 84 23 Bank's
2119 1797 126 22 Peninsula.

1919 1832 48 21 The
2000 1832 93 22 L'Aube
2123 1834 18 21 is
2152 1837 21 18 to
2183 1842 43 20 pay
2237 1842 25 14 us
2272 1842 14 14 a
2302 1835 58 25 visit,
2380 1836 43 22 and
2441 1836 38 22 the

1892 1868 146 23 Commodore
2049 1870 112 21 threatens
2171 1871 77 27 giving
2257 1872 36 21 the
2302 1872 71 22 ladies
2384 1873 25 21 of
2425 1874 54 21 Port

1892 1905 121 22 Nicholson
2025 1913 13 13 a
2051 1906 46 22 ball
2114 1907 80 28 during
2212 1908 34 22 his
2264 1912 49 24 stay
2332 1909 60 22 here.
2429 1910 50 22 The

2017 1942 27 21 de
2147 1943 42 22 will
2201 1945 45 21 also
2258 1952 41 19 pay
2310 1953 26 14 us
2347 1954 13 13 a
2369 1947 56 26 visit,
2435 1947 45 21 and

1893 1976 44 20 will
1956 1977 53 20 offer
2028 1977 33 20 for
2079 1978 44 19 sale
2143 1985 13 13 a
2174 1983 63 21 great
2255 1981 85 25 variety
2350 1982 32 24 ,qf
2392 1982 88 22 French

1891 2010 76 24 goods.

898 1902 111 20 SAILED.

692 1927 131 26 September
832 1929 19 25 2,
859 1928 84 26 barque
1106 1928 140 29 Wycherlsy,

666 1952 70 21 River
746 1953 103 22 Thames.

692 1978 53 24 Brig
921 1979 88 25 Morris,
1022 1979 95 26 Sydney.

692 2003 114 22 Schooner
821 2004 103 26 "Kate,"'
1055 2005 46 27 Bay
1120 2005 26 21 of
1162 2005 85 23 Islands

665 2030 43 21 and
719 2030 97 27 Sydney.

689 2058 22 25 4,
723 2056 82 28 barque
947 2057 142 27 Newcnmbe,
1102 2058 96 26 Sydney.

892 2105 30 15 IN
943 2105 83 15 PORT.

692 2129 77 20 Cutter
784 2129 137 26 "Harriett,'
925 2129 4 8 1
945 2129 132 27 Lockwood,

692 2154 87 28 Barque
984 2155 129 22 Kettlewell.

692 2181 113 22 Schooner
844 2181 119 26 Hannah,'"
979 2182 89 22 Barker.

936 2208 116 22 Williams.

692 2234 52 28 Ship
971 2235 85 22 Clarke.

781 2262 169 21 Coro'YKindel."

692 2288 65 21 H.M.
769 2288 50 27 brig
1012 2290 96 26 Stanley.

692 2314 52 24 Brig
951 2316 114 22 Richards.

1919 2070 49 22 TIIE
1980 2078 55 14 LATE
2046 2079 153 15 M£LVNCIIO!.Y
2215 2081 73 14 DEATH
2305 2082 28 13 BY
2348 2082 131 16 DROWNING.

1890 2119 32 4 —
1927 2107 18 21 A
1957 2110 56 18 most
2023 2107 105 28 eloquent
2137 2109 43 20 and
2191 2110 129 26 impressive
2333 2110 87 23 funeral
2436 2112 43 22 dis-

1892 2151 77 15 course
1980 2151 44 15 was
2034 2144 113 23 delivered
2157 2146 30 27 by
2198 2146 37 22 the
2245 2147 55 21 Rev.
2310 2147 21 21 J.
2341 2148 137 27 M'Farlane,

1892 2180 27 21 of
1931 2180 35 22 the
1977 2180 79 23 Scotch
2074 2182 63 27 Kirk,
2155 2190 29 14 on
2202 2183 91 27 Sunday
2309 2184 104 27 morning
2428 2185 51 21 last.

1891 2216 47 22 The
1949 2224 45 15 rev.
2004 2218 129 26 gentleman
2143 2220 54 21 took
2206 2220 35 21 for
2249 2219 34 22 his
2293 2223 54 24 text,
2364 2228 14 15 a
2391 2222 88 26 portion

1891 2253 28 21 of
1938 2253 37 22 the
1992 2254 50 21 12th
2060 2262 63 14 verse
2143 2256 26 20 of
2187 2255 36 22 the
2240 2256 37 22 7th
2295 2256 92 28 chapter
2403 2257 25 22 of
2446 2258 33 23 St.

1892 2290 63 21 Luke
1962 2298 5 14 :
1969 2303 30 4 —
2024 2291 85 21 Behold
2119 2291 60 23 there
2190 2300 44 14 was
2245 2300 13 14 a
2267 2293 58 22 dead
2335 2301 51 15 man
2395 2295 84 22 carried

1891 2331 45 22 out,
1950 2326 36 23 the
1997 2328 52 26 only
2061 2335 40 14 son
2112 2328 25 21 of
2147 2328 34 21 his
2194 2329 94 27 mother,
2305 2330 43 22 and
2364 2330 38 22 she
2412 2338 44 14 was
2467 2338 12 14 a

2020 2364 21 21 A
2053 2372 52 20 very
2115 2372 120 15 numerous
2248 2366 102 28 auditory
2366 2368 113 26 attended,

1891 2400 44 22 and
1945 2400 35 22 the
1988 2408 45 14 rev.
2041 2402 128 26 gentleman
2176 2410 44 14 was
2227 2403 95 22 listened
2328 2407 36 18 too
2373 2403 106 28 through-

1892 2440 39 18 out
1941 2437 49 21 with
2001 2437 37 21 the
2047 2443 98 20 greatest
2154 2440 116 22 attention.

690 2367 48 22 The
748 2368 49 26 brig
946 2376 44 14 was
997 2373 22 17 to
1027 2370 69 20 follow
1105 2369 38 21 the
1159 2370 86 21 *'Coio-

664 2394 88 21 mandel
790 2395 21 20 in
823 2403 11 13 a
845 2396 40 20 few
896 2395 62 27 days,
970 2396 70 21 direct
1049 2397 32 20 for
1092 2396 44 21 this
1145 2402 56 21 port.

690 2420 49 22 The
750 2425 71 18 cutter
993 2423 70 21 which
1081 2430 43 14 was
1142 2423 103 27 expected

664 2447 21 20 in
698 2447 43 21 this
750 2453 64 22 port,,
819 2456 43 13 was
873 2449 100 21 wrecked
982 2449 43 21 last
1035 2450 76 20 month
1123 2455 22 15 at
1155 2450 37 20 the
1202 2451 43 26 Bay

664 2474 25 20 of
704 2474 93 20 Inlands.

689 2500 47 21 The
828 2502 25 20 of
1036 2503 55 21 from
1112 2503 92 21 London
1225 2507 20 17 to

664 2526 96 27 Sydney,
773 2528 49 21 with
835 2536 71 18 cargo,
918 2536 43 14 was
972 2529 76 27 totally
1059 2530 101 21 wrecked
1172 2538 26 13 mi
1211 2530 34 21 the

665 2554 49 21 l()ih
725 2550 61 30 .Inly,
798 2559 21 17 at
830 2554 107 23 Flimler's
1049 2557 21 20 in
1084 2557 71 20 Bass's
1164 2557 81 21 Straits.

664 2580 46 21 The
949 2582 46 22 also
1005 2582 55 22 from
1074 2583 100 27 London,
1196 2584 49 20 with

664 2613 72 20 cargo,
748 2608 75 21 bound
833 2615 22 14 to
873 2608 148 26 Launceston,
1041 2617 42 13 was
1100 2617 51 14 seen
1171 2610 75 21 ashore

664 2633 75 21 within
751 2634 60 25 right
822 2634 63 22 mile-;
895 2636 25 19 of
928 2635 36 22 the
1000 2637 47 27 City
1059 2637 26 20 of

664 2659 21 21 It
696 2660 17 21 is
724 2661 107 26 expected
841 2662 47 21 th.it
899 2662 35 21 the
946 2669 66 19 cargo
1025 2663 38 21 will
1084 2664 25 20 be
1121 2664 68 20 saved

663 2687 106 27 probably
781 2688 36 21 the
830 2689 74 21 vessel.
934 2689 143 27 Fortunately
1089 2697 30 14 no
1131 2690 54 22 lives
1193 2690 53 22 have

663 2711 54 24 been
730 2714 49 21 lost.

831 2776 245 16 THERMOMETER.

704 2807 67 19 Week
783 2807 83 25 ending
877 2807 87 25 Friday,
978 2808 129 24 September
1117 2810 19 22 4,
1151 2810 51 21 1840.

1920 2510 39 21 We
1978 2510 138 22 understand
2136 2511 48 22 that
2206 2512 38 21 the
2264 2512 112 22 members
2394 2512 27 22 of
2441 2512 38 23 the

1892 2546 110 22 Pickwick
2013 2546 56 22 Club
2080 2547 25 21 of
2121 2547 54 21 New
2193 2548 100 22 Zealand
2308 2548 58 22 have
2382 2549 23 21 in
2425 2557 54 14 con-

1892 2584 128 26 templation
2037 2584 37 21 the
2091 2585 96 21 erection
2204 2585 26 21 of
2245 2592 12 14 a
2275 2589 53 17 neat
2345 2585 132 28 tombstone,

1892 2627 24 14 as
1926 2627 14 14 a
1948 2620 63 21 mark
2021 2620 26 21 of
2059 2620 56 21 their
2124 2620 123 28 unfeigned
2256 2629 81 14 sorrow
2346 2623 34 20 for
2390 2622 36 22 the
2436 2631 43 14 un-

1893 2656 76 27 timely
1981 2656 42 21 fate
2035 2656 26 21 of
2072 2656 57 22 their
2140 2660 109 19 treasurer
2264 2658 56 25 (Mr.
2329 2658 35 21 W.
2378 2658 100 28 Elsdon,)

1891 2691 46 22 and
1956 2692 90 21 Messrs.
2068 2693 84 26 Pierce,
2178 2693 127 27 Lancaster,
2331 2695 45 21 and
2401 2695 78 29 Hight,

1891 2728 111 21 members
2010 2728 26 21 of
2040 2728 37 22 the
2083 2728 61 27 Club,
2153 2729 48 22 who
2210 2737 55 15 were
2272 2730 100 23 likewise
2378 2731 101 23 sufferers

1891 2764 24 21 in
1935 2764 36 21 the
1989 2764 45 21 late
2054 2764 139 29 melancholy
2209 2768 147 27 catastrophe.
2395 2769 27 22 In
2442 2769 37 22 the

1892 2801 126 27 meantime,
2032 2802 37 22 the
2080 2803 108 21 convivial
2201 2804 109 27 meetings
2328 2805 26 21 of
2370 2805 36 22 the
2423 2806 56 22 Club

1891 2838 57 21 have
1967 2838 56 22 been
2039 2839 123 26 postponed
2181 2843 21 17 to
2220 2840 36 21 the
2274 2840 48 22 first
2337 2841 103 29 Tuesday
2456 2843 23 21 in

1893 2875 107 26 October;
2016 2874 38 22 the
2064 2875 90 27 library,
2165 2876 71 22 which
2248 2884 31 14 we
2296 2885 37 14 are
2350 2878 91 27 pleased
2458 2883 21 17 to

1892 2911 73 21 notice
1976 2911 16 22 is
2002 2911 44 22 fast
2056 2911 131 28 increasing,
2199 2913 50 27 will,
2261 2914 110 27 however,
2382 2914 27 23 be
2420 2921 57 21 open

1893 2951 22 18 to
1926 2948 36 21 the
1971 2948 110 21 members
2091 2956 24 13 as
2124 2949 72 20 usual.

1919 3018 115 27 Although
2045 3025 13 14 a
2068 3018 92 27 diligent
2169 3019 76 22 search
2255 3027 46 14 was
2315 3020 66 22 made
2397 3021 81 29 during

1893 3055 36 21 the
1940 3058 47 23 past
1998 3053 68 27 week,
2078 3053 36 22 the
2124 3054 59 28 body
2193 3055 27 21 of
2232 3055 35 22 the
2276 3057 142 22 unfortunate
2425 3065 53 16 man

1892 3090 81 22 known
1983 3097 28 24 jis
2051 3090 101 22 Colonial
2255 3093 41 21 has
2312 3097 40 18 not
2368 3098 38 24 yet
2420 3095 58 23 been

1893 3126 134 21 discevered.

835 3100 116 22 LATEST
968 3101 106 21 DATES.

661 3133 97 24 London
1026 3137 66 31 April
1112 3139 40 26 25,
1176 3141 7 20 1
1190 3140 54 21 8-10.

660 3167 93 31 Sydney
1026 3171 91 28 August
1129 3173 36 24 14,
1178 3173 26 21 18
1213 3173 31 21 10.

663 3200 89 24 Hobart
765 3200 72 24 Town
1025 3203 57 23 June
1096 3206 39 25 27,
1153 3207 69 20 1840.

664 3269 86 42 New
779 3269 200 42 Zealand
1008 3269 230 42 Gazette.

720 3327 68 22 AND
804 3328 179 23 BRIIAN-MIA
999 3330 182 24 SPECTATOR.

758 3381 130 27 Saturday,
905 3382 135 23 September
1054 3384 21 25 5,
1092 3386 60 21 IS4O.

1920 3173 109 22 Colonists
2037 3173 80 23 should
2127 3179 39 18 not
2176 3184 51 14 now
2233 3177 39 21 fire
2281 3178 69 21 about
2355 3178 37 22 the
2397 3179 80 27 beach,

1893 3208 34 21 for
1935 3208 18 21 it
1962 3215 51 19 may
2023 3208 29 22 be
2070 3210 105 22 attended
2194 3211 50 21 with
2262 3212 149 22 mischevious
2426 3220 51 15 con-

1892 3252 126 20 sequences.
2049 3245 99 28 Perhaps
2162 3246 54 28 they
2232 3255 36 13 are
2288 3251 39 18 not
2343 3255 71 15 aware
2432 3249 45 21 that

1893 3278 52 28 they
1956 3286 81 20 expose
2048 3279 132 23 themselves
2191 3284 22 18 to
2223 3288 12 14 a
2246 3281 46 21 fine
2302 3281 26 21 of
2339 3281 43 22 five
2392 3282 85 27 pounds

1893 3319 27 14 on
1933 3311 52 22 each
1997 3314 102 21 occasion
2117 3314 49 21 that
2179 3314 52 27 they
2245 3314 41 22 fire
2303 3322 14 14 a
2329 3323 54 19 gun,
2401 3316 76 22 within

1893 3346 36 21 the
1936 3346 68 22 limits
2013 3347 28 21 of
2047 3346 35 22 the
2094 3351 65 17 town.

1288 131 142 31 immigrants
1442 139 24 15 as
1479 131 53 31 they
1544 132 80 28 desire,
1644 140 94 23 appears
1753 137 22 19 to
1788 133 28 23 he
1835 133 37 24 the

1287 181 112 21 generous
1411 174 82 23 motive
1506 174 73 23 which
1592 176 108 22 animates
1715 174 36 24 the
1769 183 63 23 press
1851 177 22 22 of

1288 223 13 14 a
1313 215 87 31 Colony
1411 216 96 23 towards
1524 216 73 24 which
1616 217 37 23 the
1672 218 90 22 settlers
1780 218 24 22 of
1828 218 44 24 this

1289 257 60 29 place
1362 258 56 22 have
1430 258 82 30 always
1532 258 77 23 shewn
1628 267 13 15 a
1661 259 92 23 decided
1773 260 97 31 leaning,

1287 299 42 23 and
1343 300 23 22 in
1379 300 36 22 the
1428 300 88 23 welfare
1529 301 24 22 of
1568 301 72 23 which
1654 308 30 16 we
1703 301 53 24 take
1774 310 13 15 a
1804 302 66 30 lively

1288 343 100 22 interest.
1425 342 50 23 The
1483 350 66 15 cause
1558 343 25 23 of
1593 343 37 23 the
1637 343 45 23 bad
1690 344 82 30 feeling
1780 345 92 22 evinced

1288 386 20 21 in
1323 385 37 22 the
1372 384 62 23 older
1447 385 105 23 Colonies
1564 386 20 22 is
1596 394 14 15 a
1620 386 80 23 hatred
1719 386 25 23 of
1764 386 36 23 the
1819 395 51 22 pro-

1287 432 83 18 moters
1383 427 24 23 of
1423 428 37 23 the
1473 428 147 24 colonization
1634 429 26 23 of
1675 429 72 23 South
1756 430 116 22 Australia

1287 469 44 23 and
1352 469 57 23 New
1428 470 108 23 Zealand.
1574 470 28 24 In
1622 472 64 22 those
1710 472 113 28 Colonies,
1843 480 27 16 no

1287 513 144 30 opportunity
1456 513 24 23 of
1502 513 97 30 abusing
1618 513 37 23 the
1679 514 45 23 real
1748 514 84 24 friends
1849 515 24 23 of

1287 556 131 29 emigration
1432 557 18 21 is
1464 556 89 28 missed,
1563 556 44 23 and
1618 557 51 29 they
1679 565 36 14 are
1725 557 145 31 unceasingly

1287 597 95 31 charged
1395 599 53 22 with
1460 599 68 30 being
1539 599 113 22 animated
1663 599 29 29 by
1714 607 13 14 a
1747 599 71 23 desire
1838 600 32 22 for

1285 641 51 29 gain
1349 641 23 22 in
1385 640 37 24 the
1435 649 77 15 course
1527 641 52 31 they
1599 649 90 23 pursue.
1727 642 26 23 If
1774 642 38 23 the
1831 642 38 23 de-

1286 688 93 17 tractors
1391 683 28 23 be
1432 688 38 18 not
1482 684 21 22 in
1517 685 121 29 ignorance
1657 685 23 22 of
1701 684 38 24 the
1759 685 50 26 fact,
1823 685 48 22 that

1285 725 39 23 few
1338 726 25 21 of
1378 726 38 22 the
1429 734 93 23 persons
1541 726 51 31 they
1606 727 74 23 attack
1693 727 57 23 have
1762 735 44 22 any
1818 734 51 24 per-

1284 768 62 22 sonal
1360 769 93 22 interest
1465 770 24 21 iv
1503 777 43 22 any
1567 770 25 22 of
1614 769 38 23 the
1672 770 111 27 Colonies,
1806 770 64 22 while

1284 811 64 22 those
1360 811 49 22 who
1421 810 56 23 have
1490 818 51 23 any,
1555 811 55 23 have
1624 812 16 22 it
1653 817 20 17 to
1692 819 28 15 an
1740 817 91 18 amount
1848 812 24 23 of

1285 860 26 15 no
1324 858 107 22 moment,
1445 853 42 22 and
1503 854 21 22 in
1538 861 68 23 many
1616 861 63 16 cases
1692 854 33 23 for
1738 854 36 23 the
1785 855 84 22 beuent

1283 895 24 22 of
1323 895 37 23 the
1372 896 140 23 settlements
1526 896 76 23 rather
1614 897 54 22 than
1683 896 33 23 for
1736 898 59 29 gain,
1816 897 52 23 then

1282 937 52 30 they
1347 946 36 14 are
1397 938 133 31 chargeable
1542 939 55 23 with
1616 939 93 30 wilfully
1729 939 141 31 mis-stating

1282 980 37 22 the
1338 981 68 23 truth.
1444 981 75 24 These
1538 990 95 23 persons
1651 983 45 22 will
1715 987 38 26 yet
1771 983 56 23 have
1847 988 21 18 to

1282 1023 69 23 admit
1363 1023 48 23 that
1423 1032 39 14 our
1477 1024 86 23 frienJs
1583 1033 37 14 are
1639 1025 57 22 their
1715 1025 93 23 friends.
1846 1026 22 23 It

1281 1065 18 22 is
1312 1071 22 17 to
1348 1066 36 22 the
1395 1066 86 23 friends
1490 1066 24 23 of
1527 1075 12 14 a
1546 1067 73 22 sound
1627 1072 85 25 system
1721 1068 24 22 of
1755 1068 112 23 coloniza-

1280 1109 45 22 tion
1340 1109 47 23 that
1400 1109 37 23 the
1457 1109 70 24 credit
1546 1110 26 23 of
1594 1119 12 14 a
1624 1112 60 29 price
1704 1111 67 30 being
1790 1111 77 30 placed

1280 1159 59 22 upon
1352 1151 73 29 lands,
1439 1152 42 22 ami
1494 1153 30 21 its
1534 1153 110 30 proceeds
1663 1152 69 31 being
1751 1153 116 30 expended

1280 1201 58 23 upon
1353 1195 140 30 emigration,
1513 1196 19 21 is
1552 1195 56 28 due;
1635 1195 42 23 and
1698 1196 15 22 it
1734 1196 45 22 will
1799 1197 27 22 be
1845 1202 22 18 to

1280 1237 57 22 their
1350 1237 109 31 vigilance
1473 1237 48 23 that
1536 1238 37 22 the
1593 1246 49 15 sum
1662 1239 127 23 abstracted
1810 1240 57 23 from

1280 1279 36 23 the
1334 1279 92 31 Sydney
1446 1280 131 30 emigration
1598 1280 54 23 fund
1672 1282 45 22 will
1736 1282 56 23 have
1811 1282 55 23 been

1279 1322 107 23 refunded
1396 1332 5 18 ;
1423 1331 24 14 as
1459 1322 54 31 they
1526 1323 43 22 will
1590 1324 25 22 be
1636 1324 36 23 the
1692 1331 67 17 cause
1781 1325 26 23 of
1829 1325 37 23 the

1277 1365 41 23 full
1343 1365 135 31 application
1498 1366 24 22 of
1545 1366 38 23 the
1600 1372 101 25 greatest
1720 1373 77 18 recent
1819 1368 47 23 dis-

1278 1416 80 23 covery
1371 1410 22 21 in
1406 1409 99 30 political
1523 1417 105 24 economy
1649 1411 68 30 being
1729 1411 87 23 carried
1828 1416 38 19 out

1279 1456 22 18 to
1313 1453 28 21 its
1354 1452 76 22 fullest
1444 1457 83 24 extent,
1541 1453 59 23 alike
1614 1459 23 17 to
1649 1453 37 23 the
1697 1454 84 23 benefit
1790 1454 25 23 of
1828 1455 38 23 the

1280 1494 105 24 Colonies
1398 1495 44 22 and
1454 1495 37 22 the
1505 1495 92 24 Mother
1611 1496 112 32 Country.

1313 1537 28 24 In
1355 1538 85 30 perfect
1454 1538 117 30 disregard
1590 1538 24 23 of
1636 1539 36 23 thp
1691 1540 69 24 abuse
1779 1540 86 31 heaped

1278 1588 60 23 upon
1351 1580 68 28 them,
1435 1580 36 23 the
1484 1580 85 24 friends
1583 1586 20 18 to
1616 1590 12 14 a
1648 1582 72 23 sound
1740 1588 83 25 system
1843 1583 25 23 of

1278 1623 148 23 colonization
1449 1623 45 23 will
1519 1632 83 22 pursue
1630 1625 57 23 their
1711 1632 86 22 course,
1821 1625 44 24 and

1277 1667 63 29 place
1357 1666 52 22 Van
1430 1666 118 23 Dieman's
1567 1667 66 23 Land
1653 1667 43 24 and
1715 1668 56 23 New
1792 1668 72 23 South

1278 1708 77 23 Wales
1369 1709 21 22 in
1404 1708 47 24 that
1464 1710 107 29 position,
1582 1710 101 30 morally,
1695 1711 168 31 economically,

1277 1752 42 22 and
1331 1751 129 31 politically,
1472 1752 71 23 which
1552 1753 21 22 is
1581 1760 23 15 so
1613 1752 67 23 much
1693 1757 22 19 to
1727 1754 27 22 be
1766 1753 96 24 desired.
1872 1756 2 20 !

1280 1794 20 22 It
1312 1795 19 21 is
1339 1794 82 23 absurd
1431 1799 21 18 to
1461 1802 90 16 assume
1560 1795 47 23 that
1619 1795 64 24 those
1691 1796 49 23 who
1748 1797 115 23 denounce

1277 1837 36 23 the
1326 1837 66 30 penal
1404 1842 84 25 system
1501 1837 25 23 of
1543 1837 155 30 colonization,
1715 1846 37 16 are
1764 1841 99 22 enemies

1275 1883 23 19 to
1311 1879 37 23 the
1360 1880 67 30 penal
1441 1879 141 24 settlements
1590 1889 6 19 ;
1617 1881 43 22 and
1672 1881 144 31 particularly
1829 1889 33 21 so,

1277 1922 63 23 when
1352 1927 60 18 most
1423 1922 24 23 of
1463 1922 61 23 them
1536 1922 54 23 seek
1604 1928 21 17 to
1644 1924 121 30 supercede
1778 1925 18 21 it
1807 1924 30 30 by
1851 1933 13 14 a

1277 1969 83 23 system
1372 1963 73 22 which
1455 1964 57 21 shall
1524 1965 89 28 equally
1623 1965 97 22 advance
1729 1966 36 21 the
1774 1966 88 24 wealth,

1276 2002 136 23 unattended
1426 2003 52 22 with
1491 2011 43 22 any
1549 2004 163 30 demoralizing
1729 2006 132 22 influences.

1310 2044 50 24 The
1372 2049 89 27 greater
1473 2046 96 23 number
1581 2046 25 23 of
1615 2046 37 23 the
1663 2047 42 22 few
1712 2055 94 23 persons
1814 2048 49 22 who

1275 2087 56 23 have
1344 2088 41 23 left
1402 2088 45 24 this
1466 2089 72 30 place,
1558 2089 43 23 and
1621 2090 86 31 spoken
1728 2095 20 18 to
1767 2091 30 22 its
1816 2091 47 23 dis-

1275 2131 132 30 advantage,
1421 2139 37 15 are
1474 2139 53 15 men
1545 2132 116 31 incapable
1680 2133 26 23 of
1728 2133 136 31 contending

1275 2173 52 23 with
1346 2173 38 23 the
1404 2174 105 30 slightest
1527 2174 119 30 difficulty,
1666 2175 46 23 and
1730 2175 58 29 who,
1809 2183 53 16 con-

1275 2216 126 31 sequently,
1409 2216 80 23 should
1497 2224 68 15 never
1573 2217 55 23 have
1637 2218 40 22 left
1682 2218 102 31 Europe.
1821 2219 42 23 We

1275 2267 40 22 say
1327 2259 52 22 with
1398 2258 35 24 the
1455 2258 106 31 slightest
1578 2260 118 31 difficulty,
1717 2262 94 22 because
1830 2269 33 15 we
1872 2258 2 21 '

1275 2301 56 23 have
1343 2301 43 23 had
1399 2309 62 15 some
1473 2303 134 30 experience
1620 2303 22 23 in
1651 2303 156 29 colonization,
1818 2305 45 23 and

1275 2349 81 18 cannot
1370 2344 42 23 feel
1425 2344 48 24 that
1484 2345 37 23 the
1532 2345 114 24 Colonists
1659 2347 24 22 of
1701 2347 54 23 Port
1767 2347 95 24 Nichol-

1274 2395 41 15 son
1335 2387 55 23 have
1411 2389 149 29 experienced
1579 2389 63 23 those
1661 2390 119 31 hardships
1800 2399 61 14 com-

1273 2430 77 30 monly
1367 2434 23 19 to
1409 2430 26 23 be
1456 2430 61 23 dealt*
1534 2431 53 23 with
1604 2432 22 23 in
1644 2440 48 16 new
1712 2433 148 24 settlements.

1274 2472 43 23 We
1336 2477 51 26 part
1408 2473 52 22 with
1481 2474 55 22 such
1556 2482 93 22 persons
1669 2476 53 22 with
1741 2476 104 31 pleasure
1854 2486 6 19 ;

1275 2515 37 23 the
1324 2515 46 23 loss
1383 2516 19 21 is
1415 2523 39 15 our
1466 2516 61 32 gain,
1538 2517 42 22 and
1593 2525 32 15 we
1638 2519 154 30 congratulate
1802 2519 59 24 them

1274 2559 22 21 in
1310 2557 57 23 their
1379 2558 103 23 absence.
1520 2559 68 23 Some
1601 2560 25 23 of
1646 2561 37 23 the
1703 2562 103 23 remarks
1825 2570 36 15 are

1274 2600 107 31 absurdly
1395 2601 110 30 personal,
1522 2602 43 23 and
1585 2603 116 31 certainly,
1721 2604 86 31 though
1827 2606 31 22 in-

1275 2643 88 29 tended,
1378 2644 27 23 do
1418 2648 38 19 not
1468 2644 86 23 detract
1566 2645 55 24 from
1635 2646 37 23 the
1693 2646 69 24 credit
1781 2648 24 23 of
1825 2648 37 23 the

1275 2686 137 24 settlement.
1449 2686 65 32 They
1527 2693 93 18 amount
1639 2693 21 18 to
1679 2697 13 15 a
1711 2690 84 30 charge
1814 2691 49 22 that

1275 2737 57 15 even
1344 2730 64 22 those
1421 2738 82 21 among
1515 2738 35 21 us,
1564 2731 73 23 whose
1651 2732 96 23 families
1759 2732 54 24 hold
1827 2733 36 24 the

1275 2773 92 30 highest
1380 2773 96 31 position
1488 2774 21 22 in
1522 2773 115 31 England,
1649 2775 27 23 do
1689 2780 38 18 not
1739 2775 89 31 scruple
1841 2781 21 18 to

1275 2815 78 23 labour
1366 2816 19 22 if
1401 2816 62 23 there
1475 2816 28 23 be
1519 2817 64 22 need.
1619 2817 22 24 A
1661 2818 91 23 terrible
1772 2818 89 31 charge,

1275 2858 68 32 truly,
1355 2859 43 23 and
1412 2864 20 18 to
1444 2859 73 23 which
1531 2867 31 16 we
1580 2865 59 18 trust
1658 2869 32 15 we
1709 2869 51 23 may
1781 2862 82 30 always

1275 2902 28 23 be
1317 2909 64 23 open.
1417 2902 43 23 We
1473 2907 68 18 count
1554 2911 81 23 among
1654 2911 42 15 our
1714 2904 109 24 elements
1842 2905 23 23 of

1276 2952 98 21 success,
1390 2947 37 21 the
1441 2945 115 23 moderate
1574 2947 141 30 pretensions
1734 2947 46 23 and
1798 2948 65 23 sober

1275 2987 45 23 and
1332 2988 138 23 industrious
1482 2987 75 25 habits
1566 2989 25 23 of
1601 2997 39 15 our
1651 2989 73 24 fellow
1733 2991 114 23 Colonists
1855 3001 5 16 ;

1275 3031 54 22 with
1341 3031 55 22 such
1410 3039 12 14 a
1433 3031 139 30 population,
1583 3032 75 30 places
1668 3032 54 23 with
1731 3033 33 22 far
1773 3034 90 23 inferior

1275 3072 137 31 advantages
1436 3072 65 23 could
1521 3078 38 18 not
1578 3074 39 23 fail
1637 3079 21 18 to
1681 3075 103 23 succeed.
1821 3076 42 23 We

1274 3115 57 23 have
1355 3115 85 23 seldom
1459 3115 89 31 spoken
1566 3116 24 23 of
1614 3117 36 23 the
1675 3118 78 23 merits
1778 3118 23 22 of
1827 3118 35 22 the

1276 3158 87 30 Colony
1365 3170 32 3 —
1399 3165 31 15 we
1443 3157 73 23 detest
1527 3159 94 30 puffing,
1635 3159 26 23 of
1677 3159 72 23 wliich
1762 3168 31 14 we
1804 3159 56 24 have

1275 3199 83 32 always
1369 3200 57 24 been
1441 3201 72 23 afraid
1533 3201 24 23 of
1576 3201 70 31 being
1665 3202 104 24 accused.
1806 3203 55 23 Cer-

1275 3242 70 30 tainly
1358 3250 32 15 we
1404 3242 55 24 have
1472 3250 12 15 a
1495 3243 55 30 high
1570 3245 90 29 opinion
1681 3244 24 23 of
1727 3245 39 23 the
1785 3245 76 23 settle-

1275 3289 69 23 ment,
1355 3285 84 23 formed
1449 3286 58 23 after
1519 3293 68 23 many
1599 3286 90 23 months
1701 3288 160 30 acquaintance

1276 3326 52 24 with
1341 3328 37 23 the
1390 3328 71 30 place.
1498 3328 67 23 Time
1578 3328 44 24 will
1636 3337 69 23 prove
1717 3330 101 24 whether
1830 3339 31 15 we

1274 3377 58 16 were
1346 3370 103 31 justified
1468 3372 23 22 in
1513 3371 44 23 this
1577 3372 99 30 opinion,
1700 3372 40 23 hut
1764 3373 17 23 it
1804 3373 56 25 shall

1274 3420 69 15 never
1353 3413 28 22 be
1396 3412 49 24 able
1462 3417 22 19 to
1504 3413 87 23 furnish
1610 3422 43 23 any
1674 3415 77 23 record
1771 3418 90 22 against

1275 3463 26 15 us
1313 3455 25 23 of
1353 3455 84 31 luring
1449 3455 65 24 made
1526 3457 151 29 exaggerated
1691 3463 140 20 statements.

1919 3398 36 22 An
1967 3398 158 22 advertisment
2134 3399 44 22 will
2188 3400 27 21 be
2225 3400 71 22 found
2305 3401 23 21 in
2344 3408 41 16 our
2401 3401 76 23 adver-

1892 3432 67 27 tising
1968 3433 109 26 columns,
2089 3434 145 26 announcing
2248 3434 48 21 that
2312 3436 83 21 certain
2414 3436 63 21 allot-

1891 3471 73 17 ments
1974 3467 21 21 in
2008 3466 38 22 the
2058 3472 57 16 town
2128 3467 25 20 of
2167 3467 94 26 Russell,
2279 3468 46 27 Bay
2343 3469 26 21 of
2383 3469 92 26 Islands,

1891 3499 42 22 will
1944 3500 27 21 be
1981 3499 84 22 offered
2073 3499 34 22 for
2117 3500 52 27 sale,
2181 3500 30 27 by
2221 3502 97 26 auction,
2331 3509 29 15 on
2371 3502 37 22 the
2426 3501 49 23 12th

1891 3533 96 21 October
1997 3537 61 17 next.

1920 3577 96 23 Michael
2037 3577 104 28 Murphy,
2163 3578 60 27 E,q.,
2244 3579 57 27 J.P.,
2322 3580 44 21 and
2386 3580 87 27 Dudley

1891 3612 99 26 Sinclair,
2003 3612 61 26 Esq.,
2082 3619 61 14 came
2154 3619 132 20 passengers
2295 3613 23 22 in
2329 3614 38 22 the
2405 3615 68 21 Brito-

694 3436 50 23 The
800 3437 150 23 Coromandel
1007 3439 115 24 furnished
1145 3449 27 15 us
1195 3441 50 23 with

660 3486 122 16 numerous
795 3479 48 23 files
855 3479 24 23 of
896 3487 80 22 papers
990 3481 54 23 from
1063 3482 89 24 Hobart
1167 3485 77 26 Town,

661 3521 153 28 Launceston,
823 3521 118 29 Adelaide,
956 3523 57 23 Port
1024 3523 93 33 Phillip,
1131 3526 43 23 and
1188 3526 56 32 Syd-

661 3570 52 23 ney.
750 3563 29 23 In
798 3563 63 24 these
881 3572 83 23 papers
985 3573 31 15 we
1033 3566 47 23 find
1099 3576 68 24 many
1186 3577 58 16 com-

661 3606 150 22 munications
831 3606 42 23 and
892 3607 105 23 remarks
1016 3615 26 16 on
1063 3608 56 25 New
1138 3611 105 23 Zealand.

664 3647 62 22 Most
739 3648 25 22 of
779 3647 61 24 them
852 3656 37 15 are
901 3649 61 23 alike
977 3650 173 33 condemnatory
1163 3654 24 23 of
1202 3655 43 22 this

661 3695 96 26 country
769 3690 43 23 and
824 3690 38 24 the
875 3691 123 24 Colonists.
1033 3692 66 26 Even
1118 3695 37 24 the
1174 3697 70 23 South

661 3733 132 23 Australian
805 3740 81 24 papers
899 3733 56 25 have
967 3740 40 18 not
1013 3735 111 26 hesitated
1136 3743 22 18 to
1171 3740 74 22 evince

663 3775 36 24 the
717 3784 66 15 mean
799 3777 65 30 spirit
882 3777 73 23 wliich
974 3786 71 16 seems
1061 3784 21 19 to
1102 3782 96 23 animate
1217 3783 27 23 all

663 3818 123 29 Colonists,
798 3819 23 22 in
835 3819 44 23 this
891 3825 51 25 part
954 3821 26 22 of
1000 3820 36 25 the
1054 3823 78 29 world,
1152 3826 93 22 towards

661 3867 49 16 new
721 3862 148 23 settlements.
906 3862 23 23 A
941 3862 49 25 fear
1009 3864 24 23 of
1051 3864 76 32 losing
1145 3874 60 16 some
1224 3867 23 23 of

663 3901 57 22 their
731 3902 138 28 population,
884 3911 24 16 or
921 3904 25 21 of
961 3909 41 19 not
1018 3907 114 30 receiving
1143 3915 26 16 a?
1179 3915 67 22 rnxny

1303 3520 26 21 In
1340 3520 38 22 the
1388 3520 89 27 Sydney
1488 3528 78 19 papers
1582 3529 32 14 we
1631 3521 56 23 have
1701 3523 82 23 looked
1800 3532 59 20 over,

1275 3563 31 14 we
1317 3556 57 21 have
1385 3560 38 17 not
1433 3563 53 15 seen
1498 3563 43 21 any
1552 3563 95 16 account
1656 3559 26 21 of
1690 3560 36 21 the
1737 3562 90 27 passing
1837 3562 25 22 of

1274 3591 37 22 the
1322 3592 55 21 New
1388 3592 98 21 Zealand
1497 3593 81 22 Claims
1590 3597 21 18 to
1623 3594 63 23 Land
1703 3596 49 26 Bill,
1774 3598 40 21 but
1829 3606 31 14 we

1274 3635 37 15 are
1320 3627 112 22 informed
1441 3628 48 22 that
1498 3629 17 21 it
1525 3629 90 23 became
1626 3638 28 14 an
1674 3631 43 22 Act
1727 3640 29 15 on
1776 3634 37 21 the
1821 3634 37 21 4th

1277 3664 92 28 August,
1381 3664 52 22 with
1444 3665 85 22 several
1539 3666 168 29 modifications,
1727 3669 72 23 -which
1809 3679 51 20 may

1273 3700 27 21 be
1311 3700 128 23 favourable
1451 3705 21 17 to
1484 3702 42 21 this
1545 3704 134 23 settlement.
1710 3706 26 21 In
1758 3714 60 15 cases
1836 3709 21 21 in

1275 3737 70 21 which
1353 3744 91 20 persons
1454 3745 37 15 are
1500 3739 147 27 dispossessed
1654 3742 25 20 of
1682 3742 101 23 valuable
1787 3744 71 26 lands,

1275 3770 50 28 they
1338 3779 36 14 are
1386 3775 20 18 to
1417 3772 27 21 be
1464 3774 162 27 renumoraled,
1647 3775 85 28 though
1752 3778 17 20 it
1787 3778 72 22 wonld

1274 3814 81 20 appear
1366 3812 38 17 not
1414 3808 21 21 in
1456 3815 28 15 an
1505 3808 108 29 adequate
1632 3810 87 29 degree.
1749 3814 47 20 The
1818 3814 41 21 Act

1275 3843 99 22 declaias
1383 3845 75 26 public
1468 3850 103 23 property
1592 3847 28 20 all
1640 3847 65 22 land*
1724 3848 76 22 within
1821 3851 39 21 100

1275 3878 45 21 feet
1338 3879 26 20 of
1379 3879 54 26 high
1452 3884 70 18 -water
1540 3881 70 21 mark.
1649 3883 38 21 All
1708 3883 117 23 claimants
1839 3886 23 20 of

1273 3913 66 20 lands
1350 3919 36 15 nre
1397 3914 101 25 required
1510 3918 22 16 to
1541 3916 55 19 senrt
1606 3916 21 19 in
1639 3916 57 21 their
1712 3920 145 23 prorpnaions,

1918 3690 132 26 Passengers
2060 3690 21 21 in
2094 3689 37 22 the
2169 3692 148 22 Coromandel
2327 3701 5 13 :
2353 3705 29 5 —
2385 3693 86 21 Messrs.

1891 3724 51 27 Guy
1945 3728 43 20 ton,
2001 3723 66 26 Enrp,
2079 3724 72 26 Bales,
2164 3725 119 27 Crawford,
2295 3725 79 26 Smith,
2386 3726 85 25 Minett,

1892 3757 80 25 Foster,
1986 3756 96 27 Walker,
2101 3757 101 28 Ridway,
2216 3759 44 21 and
2271 3760 64 26 Bligh
2345 3768 5 18 ;
2367 3760 35 21 the
2415 3760 56 21 H«n.

1893 3791 75 26 Henry
1990 3791 70 26 Petre,
2079 3791 75 27 Major
2169 3793 79 27 Baker,
2270 3793 44 22 and
2335 3794 39 21 Dr.
2394 3791 77 24 Beard-

1890 3831 59 14 more
1958 3831 4 18 ;
1979 3823 45 22 and
2034 3825 26 20 20
2070 3824 23 21 in
2104 3824 36 23 the
2152 3829 106 24 steerage.
2289 3826 89 22 Besides
2395 3834 13 14 a
2423 3833 48 15 con-

1889 3857 108 21 siderable
2008 3858 102 27 quantity
2121 3858 25 22 of
2158 3859 163 27 merchandize,
2334 3859 36 22 the
2409 3860 62 21 Coro-

2011 3891 76 27 brings
2096 3893 41 21 200
2146 3892 75 28 sheep,
2238 3895 29 20 20
2282 3893 108 28 bullocks,
2408 3892 43 23 and
2458 3892 13 21 4

1888 3923 81 21 horses.

543 45 99 30 THE
666 45 111 31 NEW
800 45 229 31 ZEALAND
1054 46 222 31 GAZETTE
1301 48 99 30 AND
1425 49 270 30 BRITANNIA
1718 49 291 32 SPECTATOR.

1902 136 21 17 to
1932 132 38 22 the
1981 133 89 27 Sydney
2081 132 154 23 Government
2244 135 30 27 by
2281 135 35 22 the
2322 136 41 21 4th
2371 137 112 28 February

1901 172 54 17 next
1962 176 4 18 ;
1983 176 24 14 or
2017 169 36 21 the
2070 169 83 28 claims,
2169 174 80 23 except
2263 172 23 21 in
2304 172 95 27 especial
2415 181 67 21 cases,

1901 204 43 21 will
1954 204 27 22 be
1999 205 129 22 considered
2147 214 23 14 as
2189 206 138 24 abandoned.
2357 209 47 22 The
2423 217 60 20 pros-

1901 245 60 22 pects
1973 241 25 21 of
2005 242 36 21 the
2050 242 79 27 people
2149 242 25 22 of
2190 243 52 22 Port
2253 244 121 23 Nicholson
2395 253 33 15 we
2446 254 37 14 are

1901 276 33 22 led
1947 280 22 18 to
1979 282 79 22 expect
2067 285 108 15 are-more
2185 280 122 28 promising
2319 281 55 22 than
2391 282 38 22 the
2446 290 37 20 ap-

1902 320 106 19 pearance
2019 314 25 21 of
2051 313 36 22 the
2098 314 43 22 Bill
2151 315 36 21 lcd
2200 323 28 15 -us
2243 320 22 18 to
2285 317 64 27 hope.
2379 317 42 22 We
2441 318 42 22 will

1901 349 126 22 endeavour
2037 354 22 17 to
2069 355 88 22 present
2168 358 40 15 our
2221 353 94 26 readers,
2337 357 24 17 at
2376 361 28 14 an
2423 354 60 27 early

1900 385 83 26 period,
1996 385 51 22 with
2057 393 13 14 a
2080 393 56 21 copy
2147 388 36 21 the
2194 389 51 22 Act.

1927 455 42 22 We
1986 456 117 22 witnessed
2120 465 28 14 on
2167 458 109 29 Saturday
2291 460 42 22 last
2349 461 52 23 with
2417 463 67 22 much

1900 492 142 25 satisfaction,
2055 492 36 21 the
2101 494 80 21 arrival
2197 495 25 21 of
2236 496 37 21 the

1900 532 13 14 a
1923 525 87 22 French
2021 526 88 22 whaler.
2139 527 22 21 It
2170 527 17 22 is
2198 529 37 21 the
2247 529 46 22 first
2302 531 97 27 whaling
2415 534 69 21 vessel

1901 561 70 22 which
1981 562 39 21 has
2030 564 99 21 resorted
2139 568 21 17 to
2171 564 53 22 Port
2235 565 119 23 Nicholson
2363 571 21 18 to
2392 569 90 23 refresh.

1900 598 42 21 She
1960 598 91 27 belongs
2068 603 21 17 to
2111 599 81 28 Havre,
2213 601 40 22 has
2272 602 56 22 been
2340 608 38 17 out
2388 604 96 24 thirteen

1900 635 95 26 months,
2008 635 43 21 and
2061 635 40 22 has
2110 638 63 25 2,300
2189 637 83 22 barrels
2289 639 65 21 black
2370 640 29 21 oil
2418 641 42 22 and
2470 642 14 22 7

1900 675 48 17 tons
1959 672 26 20 of
2001 672 136 22 whalebone.
2178 674 19 20 A
2217 674 43 22 few
2270 676 89 21 months
2369 676 72 22 hence
2451 685 33 14 we

1900 706 55 28 hope
1967 715 32 14 we
2009 708 56 21 shall
2075 708 27 22 be
2114 710 94 21 enabled
2218 714 22 18 to
2258 712 78 26 supply
2356 713 38 21 the
2415 717 69 18 wants

1900 743 24 21 of
1935 745 107 21 transient
2057 742 60 30 ships
2131 746 23 21 in
2173 746 36 23 the
2226 752 57 17 most
2297 748 73 27 ample
2381 757 102 15 manner.

1900 778 39 22 We
1957 780 136 22 understand
2110 782 35 22 the
2164 783 148 23 Commander
2327 785 98 22 declares
2441 786 43 21 this

1899 819 20 16 to
1931 816 27 21 be
1969 823 42 15 one
2021 816 25 21 of
2053 817 36 21 the
2100 818 66 22 finest
2187 819 61 21 Ports
2263 821 21 20 in
2302 820 56 22 New
2375 821 107 27 Zealand,

1898 851 45 21 aifd
1954 852 47 21 that
2011 853 19 20 if
2037 853 35 21 the
2084 853 97 27 whaling
2191 856 81 21 vessels
2282 863 57 14 were
2349 858 135 25 acquainted

1899 887 50 21 with
1960 887 23 26 it,
1995 888 52 27 they
2059 889 72 21 would
2142 896 67 15 resort
2223 894 21 18 to
2255 891 17 21 it
2281 892 114 27 generally
2403 893 22 20 in
2434 900 50 19 pre-

1898 922 87 23 ference
1996 928 22 17 to
2028 925 134 27 proceeding
2173 930 21 16 to
2204 926 37 21 the
2249 927 46 26 Bay
2307 927 26 21 of
2347 927 94 23 Islands.

729 1592 166 23 SHIPPING
919 1592 269 24 INTELLIGENCE.

884 1641 149 20 ARRIVED.

754 2850 2 17 I
769 2852 58 15 Mom.

878 2852 54 16 Even.

978 2853 58 16 Wind.

1110 2855 88 16 Weather.

661 2892 30 17 Sat

661 2913 44 17 Sun.
724 2925 17 5 ...

661 2934 50 16 Mon.
724 2946 16 5 ...

660 2955 54 16 Tiles.
724 2967 16 5 ...

661 2975 49 17 Wed.
724 2988 17 4 ...

660 2997 80 16 Thurs...

661 3017 28 17 Fn

788 2894 20 15 50

788 2914 19 16 53

788 2936 19 15 50

788 2957 20 15 50

788 2978 20 15 50

788 2999 19 14 53

788 3018 20 16 47

850 2894 4 27 !

893 2895 19 15 50

892 2915 20 15 50

892 2936 20 16 47

892 2957 20 16 47

893 2978 19 15 53

893 2999 19 14 53

893 3020 19 15 56

1067 2895 50 17 Pine.

988 2916 40 16 S.E.
1067 2916 54 17 Rain.

988 2937 40 16 S.ii'.
1067 2938 76 20 Stormy.

988 2958 40 16 S.K.
1067 2958 47 21 Very
1121 2962 74 17 s>tormy.

990 2979 49 15 N.AV.
1052 2976 2 23 |
1067 2979 50 16 Fine.

989 2999 49 16 N.W.
1067 3000 76 20 Stormy.

990 3020 51 16 N.W.
1069 3021 92 16 Moderate
1167 3022 14 15 3:
1187 3022 38 15 fine.

681 3060 52 15 Mean
739 3071 4 4 .

785 3060 36 16 51.6

848 3062 3 18 I

891 3062 38 15 52.2

824 127 157 20 COPYING
1000 127 112 21 PRESS.

684 161 81 48 FOR
784 161 84 27 SALE,
889 169 12 14 a
916 162 78 21 Patent
1009 162 100 27 Copying
1122 162 70 26 Press,
1207 163 53 21 hav-

749 188 38 26 ing
801 187 62 22 lever
878 195 77 19 power,
975 188 51 21 with
1044 196 13 14 a
1071 188 59 26 large
1144 190 80 26 supply
1239 190 24 21 of

677 221 67 20 paper
752 214 45 21 and
811 214 45 21 ink.
889 215 94 25 Enquire
992 218 24 17 at
1030 215 36 20 the
1078 215 92 21 Gazette
1181 216 78 22 Office.

865 268 81 20 NEW
970 268 101 20 MILK.

676 301 178 47 FAMILIES
864 301 100 27 supplied
973 301 52 21 with
1033 301 95 26 genuine
1139 309 49 14 new
1197 302 61 27 milk,

748 332 23 16 at
780 327 41 21 Mr.
835 328 87 26 Howes,
935 328 97 23 Queen's
1044 327 69 27 Head,
1129 328 129 27 Thorndon,

675 357 22 17 at
708 353 45 22 lOd.
765 361 38 19 per
812 358 70 23 quart.

877 409 66 19 FOR
959 409 95 19 SALE.

675 444 48 43 A
739 441 108 26 HOUSE,
867 441 129 26 containing
1009 440 62 23 three
1091 449 73 14 rooms
1184 442 44 21 and
1245 449 12 14 a

753 475 98 19 passage,
871 468 51 21 with
941 463 110 31 windows,
1069 468 69 26 do:irs,
1156 468 100 27 flooring,

674 494 47 25 &c,
734 494 52 21 with
794 501 28 14 an
835 494 122 24 out-house,
967 495 122 26 consisting
1099 494 26 21 of
1136 502 10 13 ,i
1159 494 97 26 kitchen,

673 524 138 23 <tore-room,
832 521 44 20 and
892 521 189 26 servants-room,
1092 520 27 21 all
1131 521 80 21 fenced
1228 522 26 21 in.

673 546 99 22 Situated
780 554 28 13 on
816 547 37 21 the
859 548 75 25 beach,
944 547 123 21 Britannia.
1090 546 126 28 Enquireat
1222 548 36 21 the

821 573 77 22 OtHce.

674 626 69 47 ON
769 626 57 26 Sale,
844 632 22 16 at
886 627 150 22 COGLAN'S
1054 627 111 21 Waterloo
1176 628 79 25 Stores,

758 653 120 24 Britannia,
896 658 22 17 at
935 661 51 20 very
1004 654 96 22 reduced
1121 654 76 26 prices,
1220 655 34 21 the

673 679 111 27 following
793 680 99 21 articles:

701 706 59 26 Rice,
773 713 37 19 per
819 706 49 26 bag,
880 706 35 21 3d.
927 714 37 19 per
975 706 30 22 lb.

698 732 76 27 Sugar,
784 732 35 21 4d.
831 740 38 19 per
879 732 36 27 lb.,
927 741 58 19 soap,
997 741 39 19 per
1043 734 49 26 box,
1101 734 49 25 Bj'l.

701 759 107 21 Hollands
817 760 46 25 gin,
882 761 44 20 50s.
944 761 21 24 4,
986 760 44 21 and
1048 762 42 19 24<.
1108 762 12 19 2
1130 760 44 27 gal.
1190 768 65 14 cases.

697 785 86 21 Tuscan
802 786 101 26 bonnets,
922 786 87 21 various
1016 787 63 25 sizes,
1091 787 56 21 from
1167 788 44 20 10s.
1221 788 33 20 Gd.

671 812 108 27 upwards.

698 839 47 20 Salt
755 839 52 21 beef
815 843 23 16 at
846 839 48 25 3J<l.
904 846 39 20 per
952 839 29 21 lb.
994 846 38 20 per
1042 840 73 21 tierce.

700 865 57 21 Pork
767 865 35 21 Od.
814 873 38 18 per
863 866 28 20 lb.
903 873 36 19 per
951 866 74 21 tierce.

724 891 54 26 July
789 893 32 24 17,
835 893 59 19 1810.

673 945 38 23 /^
717 944 40 20 LA
761 944 64 25 RET,
839 945 20 20 in
870 946 60 20 'case:
932 952 3 4 1
932 957 4 6 ,
951 945 24 21 of
992 952 42 14 one
1049 945 68 21 dozen
1131 946 62 25 each,
1208 947 44 26 just

674 974 37 16 v^
741 970 83 21 landed
839 971 55 21 from
905 971 36 21 the

842 1004 26 21 T.
887 1004 30 21 M.
936 1005 180 21 PARTRIDGE
1126 1006 45 20 and
1182 1006 45 21 CO.

673 1058 99 47 NOW
791 1058 102 27 Landing
906 1058 55 21 from
974 1058 38 21 the
1182 1061 8 19 1
1207 1068 45 14 case

751 1085 26 21 of
783 1086 99 20 muskets
896 1085 43 21 and
950 1087 7 18 1
971 1093 50 13 case
1033 1085 25 21 of
1070 1086 102 21 Oxonian
1184 1087 68 21 shoes.

851 1119 25 21 T.
891 1119 29 21 M.
931 1119 182 22 PARTRIDGE
1123 1120 46 21 and
1179 1120 45 21 CO.

696 1145 55 26 July
760 1147 19 23 3,
793 1147 59 20 1840.

671 1192 156 47 BUTTER,
845 1192 21 21 in
885 1192 82 26 firkins,
985 1193 34 21 for
1036 1193 48 22 Sale
1099 1194 29 26 by
1146 1194 36 21 the
1200 1195 42 21 Sub

746 1218 101 21 senbers.

831 1246 25 21 T.
875 1246 30 21 M.
925 1246 180 22 PARTRIDGE
1120 1248 44 20 and
1181 1248 44 21 CO.

772 1300 70 20 FOR
856 1301 142 20 SYDNEY
1013 1302 137 20 DIRECT.

701 1341 68 27 liP?-
781 1334 45 35 T
831 1333 42 22 HE
873 1361 7 6 ,
906 1334 42 21 fast
978 1335 64 20 sailin
1089 1335 49 27 trig
1167 1336 83 23 LADY

684 1365 91 27 vVr>&
789 1364 28 17 -*-
844 1361 100 27 LEITH,
962 1362 26 20 R.
1006 1362 114 26 Richards,
1141 1371 110 14 eomman-

670 1385 107 28 «iV^cw
790 1387 37 27 l<--*r,
844 1388 41 21 will
897 1388 38 21 sail
947 1395 28 13 on
986 1388 109 27 Tuesday,
1114 1388 38 23 Bth
1164 1395 86 17 instant,

671 1417 46 20 lias,
731 1414 109 23 excellent
852 1414 202 22 accommodation*
1068 1416 32 20 for
1115 1423 134 19 passengers.

669 1442 42 21 For
721 1447 91 23 passage
824 1441 59 27 only,
896 1441 64 27 apply
969 1449 28 13 on
1016 1442 80 26 board;
1120 1447 21 16 to
1164 1444 85 21 Messrs.

669 1469 51 27 Hay
736 1470 43 20 and
795 1468 127 27 Machattie,
932 1467 122 22 Thorndon
1062 1476 5 19 ;
1084 1475 24 15 or
1119 1473 22 17 to
1151 1470 43 21 Mr.
1202 1470 49 22 Tcl-

668 1496 55 25 ford,
740 1495 123 22 Britannia.

694 1529 129 27 September
833 1529 45 26 4th,
890 1530 58 20 1840.

285 126 139 20 NOTICE.

64 158 193 47 WHEREAS
268 158 82 22 certain
362 165 91 19 persons
462 158 99 27 residing
567 162 23 17 at
597 158 50 21 Port

161 185 128 26 Nicholson,
309 184 54 21 New
381 184 104 26 Zealand,
504 190 49 22 part
570 185 25 20 oi'
612 184 30 21 tin

62 211 133 22 Dominions
214 212 26 20 of
259 211 47 21 Her
326 211 94 27 Majesty
442 211 76 24 Queen
543 211 102 26 Victoria,

62 237 44 27 did,
118 245 26 14 on
157 238 36 20 the
203 238 96 24 evening
308 238 26 20 of
343 238 124 26 yesterday,
482 237 108 22 assemble
597 237 50 22 with

64 271 58 14 arms
132 269 23 16 at
165 272 12 13 a
188 264 81 21 Native
280 258 54 32 Pah,
346 271 13 14 n
377 264 49 21 nied
437 264 112 21 Tannaki.

92 298 61 25 Now,
165 297 116 25 therefore,
299 297 17 25 I,
334 296 142 28 Willoughby
491 297 125 25 Shortland,
635 304 9 14 «

64 324 127 26 Magistrate
217 323 44 22 and
286 324 100 21 Colonial
411 324 114 26 Secretary
546 324 26 21 of
592 323 53 22 New-

62 350 105 25 Zealand,
179 350 27 21 do
217 357 41 14 cau
269 350 35 20 ion
315 349 28 22 all
352 356 90 20 persons
450 350 56 21 from
514 350 93 21 asse:nbl
618 357 29 19 ng

61 376 71 21 under
142 383 63 19 arms,
218 383 27 14 on
257 383 44 19 any
311 380 105 22 pretence
428 376 115 26 whatever,
557 376 87 21 without

61 402 68 26 being
137 402 52 27 duly
200 402 126 21 authorised
340 410 25 13 so
381 406 22 17 to
419 403 28 20 do
465 409 58 21 upon
541 402 36 22 the
593 402 53 22 alle-

60 430 78 26 giance
150 429 51 26 they
212 435 47 14 owe
267 433 22 16 to
296 428 48 22 Her
350 429 97 26 Majesty
454 429 76 23 Queen
538 429 106 22 Victoria.

141 462 73 21 Givan
227 461 69 22 under
307 469 36 19 my
355 461 14 21 h
377 461 68 22 indat
454 462 51 21 Port
513 461 129 28 Nicholson,

170 487 43 22 this
223 488 51 22 27th
286 488 42 27 day
339 488 27 21 of
379 488 92 27 August,
485 490 23 19 IS
516 491 27 18 10.

190 521 215 22 WILLOUGHBY
420 522 197 25 SHOIITLAND,

142 548 101 21 Colonial
254 549 113 25 Secretary
379 548 43 21 and
430 548 66 21 Chief
508 548 134 27 Magistrate.

283 602 138 20 NOTICE.

275 642 27 14 on
315 635 36 21 the
362 636 95 25 evening
468 635 24 21 of
503 635 139 27 Wednesday

78 670 9 11 i
99 666 11 16 T
156 661 47 24 last,
215 661 37 21 the
261 661 51 21 26th
322 661 42 26 day
381 662 25 20 of
422 662 93 25 August,
534 669 13 13 a
561 663 82 20 serious

59 687 82 22 breach
151 688 25 20 of
188 687 36 21 the
235 695 66 19 peace
313 689 50 19 took
379 688 69 26 place,
464 687 90 22 relative
565 692 21 17 to
597 696 45 13 cer-

61 714 45 21 tain
120 714 72 21 Lands
203 715 22 19 in
235 714 85 26 dispute
329 714 99 21 between
436 714 37 20 the
482 714 53 20 New
545 715 97 21 Zealand

60 741 114 26 Company
192 741 43 21 and
252 740 36 22 the
305 740 92 21 Natives
414 741 26 20 of
457 740 45 21 Pah
520 740 108 22 Taranaki
636 751 4 13 ;

60 767 44 21 and
122 767 22 21 in
161 766 63 22 order
243 771 20 17 to
281 772 93 22 prevent
389 774 13 14 a
416 774 129 14 recurrence
562 767 26 21 of
606 768 36 21 the

60 800 67 18 same,

90 826 16 27 I,
118 826 157 22 Willougiiby
285 827 145 26 Shortland,
439 834 12 13 a
460 827 126 26 Magistrate
598 828 44 21 and

60 853 99 21 Colonial
179 854 115 25 Secretary
313 854 25 19 of
362 853 54 21 New
434 852 105 28 Zealand^
561 854 81 26 having

59 880 91 20 entered
165 879 46 21 into
228 887 26 14 an
270 880 138 26 Agreement
421 880 50 21 with
489 880 37 21 the
545 880 95 27 Natives,

59 905 30 27 by
99 905 70 21 wliich
179 905 52 27 they
242 906 55 20 have
308 906 101 26 assigned
421 913 57 14 over,
495 906 42 21 and
554 906 88 27 yielded

59 938 30 19 up
104 936 21 16 to
140 939 42 18 me,
196 933 22 19 in
235 933 35 20 the
285 939 64 14 name
365 932 44 21 and
423 939 28 14 on
467 933 78 20 behalf
557 933 26 20 of
595 933 47 21 Her

59 958 96 27 Majesty
176 959 76 22 Queen
271 959 156 25 VICTORIA,
446 958 27 22 all
492 959 56 21 their
565 959 75 26 rights,

58 985 65 24 titles,
139 985 45 21 and
198 990 91 16 interest
303 985 22 21 in
342 985 36 21 the
394 985 73 21 Lands
482 985 114 27 aforesaid,
614 986 27 21 do

59 1007 81 30 hereby
151 1011 49 26 give
210 1012 80 25 notice,
303 1012 48 20 that
361 1011 28 21 all
405 1018 89 19 persons
514 1012 91 27 wishing
620 1016 21 17 to

58 1045 85 19 occupy
153 1044 43 20 any
207 1042 49 22 part
273 1038 26 20 of
315 1037 37 21 the
368 1039 46 20 said
434 1038 79 25 Lands,
532 1039 54 21 until
605 1039 35 21 the

58 1065 100 25 question
169 1072 24 13 as
204 1068 21 16 to
236 1065 46 20 title
292 1064 56 21 shall
361 1065 26 20 be
397 1064 144 27 determined,
553 1073 24 13 or
586 1066 54 21 until

56 1091 37 20 fie
106 1090 93 27 pleasure
200 1100 3 5 1
211 1091 25 20 of
250 1091 39 20 Hi-!
299 1091 132 26 Excellency
438 1091 35 21 the
485 1093 156 20 Lieutenant-
649 1094 2 27 j

59 1117 124 21 Goveknor
200 1117 54 21 shall
274 1118 26 20 be
319 1118 87 25 known,
423 1117 42 21 will
483 1118 25 21 be
526 1119 76 26 placed
617 1119 22 21 in

57 1144 131 26 possession,
199 1144 30 25 by
239 1144 133 26 application
385 1144 63 21 made
459 1148 21 17 to
491 1152 41 19 me,
547 1145 93 26 through

58 1170 90 20 Colonel
160 1170 146 25 Wakcmiild,
320 1171 36 20 the
365 1171 110 26 Principal
485 1171 73 26 Agent
569 1173 21 19 of
605 1172 36 21 the

59 1195 54 22 New
123 1196 100 22 Zealand
236 1197 126 26 Company;
383 1197 42 21 and
442 1197 28 21 all
489 1205 88 19 persons
593 1199 48 20 who

57 1222 55 21 shall
129 1227 93 22 attempt
238 1227 20 17 to
275 1223 48 21 take
343 1224 121 26 possession
482 1224 90 22 without
586 1225 53 21 such

57 1249 136 26 permission,
207 1249 40 21 will
260 1250 26 20 be
294 1249 123 27 proceeded
427 1251 87 26 against
523 1251 119 27 according

58 1280 22 16 to
90 1276 59 21 Law.

111 1308 72 21 Given
195 1309 70 21 under
275 1317 38 19 my
330 1310 60 21 hand
407 1314 21 17 at
446 1310 51 21 Port
511 1310 127 28 Nicholson,

140 1335 41 21 this
192 1336 50 20 2t>th
254 1336 41 27 day
306 1336 26 21 of
344 1337 93 26 August,
452 1338 58 20 1840.

111 1369 212 22 WILLOUGIIBY
339 1371 197 26 SIIOiITLAND,
551 1371 57 28 J.P.,

409 1398 99 21 Colonial
518 1399 120 26 Secretary.

227 1451 99 21 Colonial
337 1452 133 27 Secretary's
481 1453 76 25 Office,

338 1478 94 22 Russell.
446 1480 49 20 ISth
506 1480 59 27 July,
580 1482 58 20 1840.

82 1510 87 21 SALE
184 1511 43 20 OP
242 1512 104 19 TOWN
362 1512 243 22 ALLOTMENTS.

55 1545 70 47 AT
141 1545 93 26 NOON,
251 1553 27 14 on
296 1546 144 27 MONDAY,
456 1547 36 21 the
504 1548 49 21 12th
565 1548 42 28 day
617 1550 25 20 of

135 1573 96 20 October
241 1577 60 18 next,
314 1573 36 21 the
360 1574 96 21 Colonial
466 1574 118 22 Treasurer
597 1576 41 21 will

54 1603 40 21 put
104 1605 29 19 up
144 1602 21 17 to
176 1599 105 26 Auction,
294 1602 19 18 at
326 1599 37 22 the
375 1600 98 21 Colonial
489 1601 76 26 OrHce,
582 1602 56 21 Rus-

55 1625 46 25 sell,
113 1625 36 21 the
161 1625 200 22 undermentioned
371 1627 67 21 Town
451 1628 141 27 Allotments,
609 1636 28 15 on

55 1651 37 21 the
101 1656 66 16 terms
177 1652 127 21 authorised
313 1653 30 27 by
355 1655 161 20 Government.

81 1684 95 22 Further
192 1685 141 22 information
348 1688 125 26 respecting
489 1688 60 21 these
565 1689 73 21 Allot-

53 1715 74 17 ments
145 1719 51 19 may
216 1712 26 21 be
261 1712 103 22 obtained
384 1714 56 21 from
461 1714 37 21 the
518 1716 119 29 Surveyor-

55 1737 102 26 General,
174 1738 45 21 and
231 1739 125 27 respecting
367 1739 35 22 the
414 1744 66 18 terms
491 1741 25 21 of
527 1742 43 21 sale
581 1749 55 15 n-oni

53 1763 37 22 the
101 1764 99 21 Colonial
210 1764 125 23 Treasurer.

106 1797 111 23 Russell.
219 1810 29 5 —
250 1799 87 21 Section
355 1801 18 25 1,
390 1799 127 23 allotments
528 1801 51 22 Nos.
593 1804 7 19 1
615 1806 21 17 to

276 1827 33 25 2'?,
320 1827 116 27 inclusive;
447 1828 55 21 each
508 1830 129 26 containing

278 1851 50 23 half
339 1860 28 14 an
379 1860 56 19 acre,
447 1862 61 14 more
519 1863 24 12 or
553 1856 47 21 less.

252 1879 88 21 Section
351 1881 20 25 2,
387 1880 126 23 allotments
527 1881 53 22 Nos.
593 1884 7 19 1
614 1887 22 17 to

278 1907 31 23 14,
316 1906 118 27 inclusive;
446 1909 55 20 each
507 1910 130 26 containing

278 1931 50 23 half
339 1940 28 14 an
378 1940 56 19 acre,
446 1942 61 13 more
519 1942 24 13 or
551 1935 50 22 less.

80 1965 49 21 Full
138 1966 129 26 particulars
278 1966 26 19 of
316 1966 37 20 the
363 1967 69 20 above
449 1968 127 21 allotments
594 1969 41 20 will

52 1991 25 21 be
89 1991 114 26 published
216 1998 27 13 on
255 1999 27 13 an
294 1992 61 25 early
365 1992 50 26 day.

78 2024 114 21 NOTICE
223 2024 25 21 IS
275 2024 76 21 ALSO
379 2025 125 21 HEKEBY
528 2026 106 26 GIVEN,

51 2049 47 22 that
114 2049 35 21 the
167 2050 135 22 Allotments
318 2051 23 21 in
358 2052 94 21 sections
468 2053 20 24 3,
499 2054 20 25 4,
529 2054 20 25 5,
561 2054 43 20 and
614 2055 19 25 6',

52 2084 35 14 are
99 2084 55 19 open
164 2077 34 21 for
209 2077 111 26 selection,
333 2077 44 21 and
390 2086 51 19 may
457 2079 26 21 be
499 2080 87 26 applied
602 2081 34 20 for

51 2103 22 21 in
85 2103 36 21 the
131 2103 63 21 usual
209 2110 47 21 way
263 2112 5 18 ;
291 2103 64 22 when
373 2104 51 27 they
435 2105 42 21 will
489 2106 26 20 be
525 2110 39 22 put
574 2114 28 19 up
614 2111 21 17 to

52 2130 75 21 Public
145 2130 105 26 Auction,
269 2130 56 22 after
341 2130 82 27 having
438 2131 57 22 been
514 2133 119 26 measured,

51 2156 43 22 and
104 2156 124 23 advertised
237 2157 121 27 according
367 2161 21 18 to
403 2159 154 21 Government
572 2166 63 21 regu-

49 2182 88 22 lations.

80 2210 19 21 A
111 2209 51 27 plan
173 2209 25 21 of
212 2210 35 22 the
260 2210 69 22 Town
346 2211 26 21 of
389 2211 86 22 Russell
492 2219 51 20 may
558 2212 28 22 be
602 2213 33 21 in-

51 2237 101 30 spected^
168 2236 44 22 and
229 2243 67 21 every
315 2237 142 23 information
478 2239 110 26 obtained,
606 2247 28 13 on

51 2262 132 28 application
196 2267 21 17 to
229 2263 36 21 the
276 2265 228 26 Surveyor-General.

131 2296 34 28 By
177 2296 41 22 His
228 2296 155 28 Excellency's
393 2298 125 26 command,

224 2323 54 26 (For
289 2324 36 21 the
337 2324 99 22 Colonial
448 2325 132 27 Secretary.)

265 2357 61 21 JAS.
338 2357 120 22 STUART
477 2358 156 22 FREEMAN.

59 2412 130 20 NOTICE
214 2413 43 19 TO
282 2413 245 21 LANDOWNERS
551 2415 83 19 AND-

267 2439 147 21 AG-ENI'S.

51 2471 246 48 LANDOWNERS
309 2472 45 21 and
367 2472 119 22 AGENTS
494 2474 112 27 requiring
613 2477 22 18 to

113 2498 26 20 be
151 2498 73 21 shewn
236 2498 56 21 their
302 2498 68 21 Town
383 2500 76 25 Acres,
472 2507 37 14 are
518 2502 117 26 requested

51 2528 22 17 to
84 2524 55 21 send
147 2525 23 20 in
187 2524 56 21 their
258 2525 145 27 applications
417 2526 21 20 in
457 2527 86 26 writing
559 2531 22 18 to
598 2528 37 21 the

51 2551 225 26 Surveyor-General,
286 2556 22 17 at
316 2552 55 21 least
381 2559 42 14 one
434 2552 43 32 day
489 2554 71 21 before
569 2562 5 18 ;
590 2554 45 21 and

50 2580 23 18 to
88 2577 27 22 be
132 2581 23 17 at
172 2577 34 21 his
219 2578 70 21 Olfice
304 2578 30 27 by
350 2580 24 19 10
391 2579 85 22 o'clock
494 2587 28 14 on
538 2580 36 22 the
591 2581 43 27 day

49 2604 125 27 appointed,
188 2605 62 20 when
267 2612 13 14 a
296 2605 112 27 Surveyor
424 2606 42 21 will
482 2606 27 22 be
525 2607 67 27 ready
613 2611 22 18 to

51 2630 76 21 attend
137 2631 68 21 them.

194 2686 180 21 PiCKWICK
391 2688 98 20 CLUB.

50 2718 69 48 AT
138 2725 13 14 a
170 2718 101 27 Meeting
289 2719 27 21 of
337 2719 36 21 the
397 2721 131 21 Committee
551 2722 26 21 of
597 2721 38 23 the

153 2744 109 22 Pickwick
367 2747 19 21 it
396 2754 43 14 was
449 2747 112 23 resolved:
563 2761 30 3 —

99 2777 57 22 That
165 2778 23 21 in
200 2785 153 21 consequence
364 2780 25 21 of
396 2780 36 21 the
440 2780 44 22 late
492 2781 141 27 melancholy

49 2804 53 21 boat
110 2804 107 27 accident,
228 2805 30 27 by
268 2806 71 21 which
351 2806 35 22 the
397 2806 88 28 Society
501 2808 40 21 has
557 2813 22 16 to
597 2808 37 23 de-

49 2831 61 26 plore
129 2831 37 21 the
182 2831 44 21 lo^s
242 2831 25 22 of
284 2839 62 14 some
370 2834 25 20 of
412 2834 28 21 its
464 2839 58 17 most
538 2835 96 22 efficient

49 2857 117 26 members,
183 2857 37 22 the
234 2858 109 22 convivial
360 2860 108 28 meetings
485 2862 22 20 of
526 2862 37 21 the
578 2862 55 21 Club

49 2884 26 21 be
85 2884 124 27 postponed
219 2888 22 17 to
247 2885 36 20 the
292 2885 48 21 first
344 2886 102 28 Tuesday
456 2888 21 21 in

75 2917 48 21 The
134 2917 92 27 Library
237 2918 26 21 of
275 2919 36 21 the
322 2919 55 22 Club
387 2920 43 22 will
441 2921 27 21 be
478 2928 64 20 open,
551 2923 46 21 and
605 2923 28 21 its

47 2944 90 26 general
147 2944 100 22 business
257 2945 131 28 conducted,
400 2954 23 14 as
432 2948 70 20 usual.

271 3001 138 20 NOTICE.

50 3032 162 35 piAPTAIN
234 3034 119 26 MUNRO,
374 3036 26 19 of
420 3035 37 22 the
477 3036 85 22 French
583 3037 48 27 ship

51 3062 40 17 V>
311 3062 100 20 cautious
419 3062 37 21 the
465 3064 72 24 public
546 3064 86 26 against

47 3085 77 26 giving
134 3086 69 21 credit
214 3090 21 16 to
245 3093 44 20 any
299 3087 26 21 of
336 3087 34 21 his
380 3088 68 26 Crew,
466 3095 23 14 as
502 3090 27 20 he
540 3090 41 21 will
594 3095 38 16 not

49 3112 26 20 be
86 3112 134 21 answerable
231 3113 34 20 for
275 3121 44 19 any
329 3113 62 22 debts
401 3114 52 27 they
464 3122 50 20 may
525 3120 105 18 contract.

76 3144 52 21 Port
138 3145 128 27 Nicholson,
278 3147 89 26 August
376 3149 33 24 29,
423 3149 59 21 1840.

48 3198 51 47 A
107 3197 105 22 GREAT
228 3199 155 23 ADDITION
392 3205 22 17 to
424 3201 37 22 the
473 3206 87 23 present
569 3203 61 21 stock

127 3224 26 21 of
160 3224 130 22 STATION
297 3227 58 21 KRY
363 3227 39 21 has
409 3228 47 26 just
464 3229 55 21 been
529 3230 102 21 received

47 3255 23 16 at
85 3250 37 21 the
292 3253 76 27 Office,
384 3262 38 18 per

47 3277 46 21 and
102 3276 44 23 will
156 3277 27 21 be
193 3277 34 21 for
237 3278 44 21 sale
293 3285 22 15 at
329 3280 36 21 the
382 3281 54 21 New
453 3281 76 27 Olfice,
546 3286 22 17 at
583 3283 48 21 Bri-

47 3304 83 26 tannia,
144 3304 69 21 which
225 3304 43 21 will
282 3306 26 20 be
319 3307 85 26 opened
413 3308 66 22 about
495 3312 41 18 two
553 3309 78 22 week's

47 3330 78 22 hence.

134 3387 209 21 ARCHIBALD
356 3390 188 22 ANXH3RS3N

46 3420 108 48 BEGS
174 3424 22 17 to
214 3420 83 21 inform
316 3421 36 21 the
371 3423 81 26 public,
478 3424 48 21 that
544 3424 27 22 he
591 3425 41 21 has

123 3446 88 28 opened
221 3455 12 12 a
243 3447 63 21 Store
317 3448 156 28 atThorndon,
483 3459 27 13 on
522 3452 36 21 the
566 3452 65 21 north

47 3474 44 21 end
101 3474 26 20 of
138 3474 37 21 the
187 3473 80 26 Beach,
286 3474 72 21 where
374 3475 27 21 he
418 3476 44 21 will
478 3477 80 27 always
576 3478 55 22 have

46 3507 29 14 on
86 3500 60 21 hand
156 3507 13 14 a
179 3500 78 27 supply
273 3500 26 21 of
311 3500 36 22 the
363 3501 113 28 following
490 3504 94 28 articles,
603 3513 28 13 on

45 3526 46 22 sale
102 3531 22 16 at
133 3526 114 22 moderate
257 3527 79 26 prices.

73 3553 100 22 Jackets
184 3553 45 22 and
238 3553 131 27 Trowsers,
384 3554 23 21 in
426 3556 113 27 corderoy,
555 3558 77 21 bever-

46 3583 59 23 teen,
116 3580 46 21 and
172 3580 66 21 duck.

74 3607 121 26 Shirting,
222 3607 21 21 in
268 3606 46 22 fine
340 3610 85 24 regatta
450 3608 109 28 coloured,
581 3610 50 21 blue

46 3633 86 26 stripes,
144 3633 44 21 and
198 3633 141 22 unbleached
351 3637 81 18 cotton.

75 3660 138 26 Groceries,
231 3664 24 17 at
268 3660 104 21 different
388 3660 82 28 prices;
494 3664 41 24 tea,
557 3662 74 25 coffee,

47 3686 106 25 mustard,
165 3693 88 20 pepper,
264 3687 45 20 and
320 3687 51 21 rice.

75 3711 80 23 Wines
165 3713 44 21 and
219 3714 97 24 Spirits,
329 3713 26 21 of
366 3713 117 22 wholesale
492 3714 91 28 quality.

75 3739 56 21 Oils
141 3739 45 21 and
196 3739 66 22 Lamp
273 3739 73 22 Wick.

75 3765 134 22 Hardware
220 3766 44 21 and
276 3767 114 26 Cutlery,
402 3766 26 21 of
438 3766 29 22 all
477 3767 71 27 kinds,
557 3769 45 21 and
612 3770 24 20 of

47 3792 101 25 superior
156 3793 92 26 quality.

75 3819 27 21 A.
120 3818 29 22 A.
165 3819 45 21 also
228 3820 54 25 begs
301 3822 22 18 to
338 3819 80 22 inform
436 3820 37 22 thp
492 3821 73 27 public
586 3822 46 22 that

47 3844 54 23 they
110 3852 41 14 can
162 3844 27 22 be
206 3845 103 28 supplied
326 3846 51 21 with
393 3847 59 26 good
466 3848 59 22 fresh
545 3854 86 17 mutton

47 3869 45 23 and
102 3871 56 26 pork
169 3871 67 27 daily.

74 3902 128 28 Thorpdon,
214 3904 54 28 July
277 3906 20 24 8,
311 3905 59 21 1840.
