2529 3999
1430 1898 260 23 REGULATIONS.

1302 1934 23 21 1.
1327 1944 34 3 —
1362 1931 51 24 The
1422 1931 91 31 Capital
1524 1931 24 23 of
1563 1931 167 31 thejCompany
1739 1935 21 19 to
1772 1931 83 23 consist

1268 1965 24 23 of
1307 1966 123 26 £50.000,
1443 1966 25 21 in
1480 1967 75 22 2.500
1568 1964 86 24 Shares
1668 1965 21 22 of
1706 1966 56 23 £20
1774 1964 64 23 each.

1301 2000 23 20 2.
1327 2010 33 3 —
1362 1997 52 23 One
1425 1997 79 30 pound
1514 2005 39 22 per
1565 1997 67 23 share
1645 2002 23 17 to
1685 1997 28 23 be
1732 1997 54 31 paid
1803 2005 51 22 pre-

1268 2029 63 22 vious
1343 2033 22 18 to
1379 2029 36 22 the
1429 2029 95 22 election
1535 2030 25 21 of
1575 2029 126 26 Directors,
1716 2030 26 21 of
1756 2029 73 21 which
1843 2037 11 13 a

1268 2061 82 23 week's
1360 2061 78 30 public
1452 2062 73 22 notice
1541 2061 47 22 will
1605 2060 29 23 be
1653 2061 68 30 given
1730 2069 6 19 ;
1756 2060 46 22 and
1819 2060 34 24 £l

1268 2094 122 23 additional
1408 2098 25 19 at
1450 2094 39 23 the
1509 2095 127 29 expiration
1655 2093 25 23 of
1702 2093 56 23 each
1776 2093 78 23 month

1266 2127 58 23 from
1336 2128 49 22 that
1396 2127 87 30 period,
1502 2127 58 23 until
1576 2128 36 22 £5
1628 2126 42 23 has
1681 2126 58 23 been
1751 2126 54 31 paid
1817 2135 36 22 up.

1301 2162 22 22 3.
1326 2173 34 3 —
1361 2160 101 24 Further
1473 2160 55 23 calls
1539 2164 23 19 to
1576 2161 29 22 be
1624 2159 65 24 made
1709 2164 24 18 at
1751 2160 38 22 the
1809 2159 44 23 dis-

1268 2194 85 22 cretion
1367 2194 25 22 of
1406 2194 39 22 the
1464 2194 118 23 Directors
1592 2202 6 20 ;
1618 2193 46 23 and
1675 2193 64 22 three
1756 2193 97 23 months'

1266 2227 105 29 previous
1389 2227 75 22 notice
1484 2227 21 22 of
1524 2226 55 23 each
1598 2226 43 23 call
1660 2230 22 19 to
1700 2226 29 23 be
1748 2227 69 29 given
1833 2227 20 22 in

1267 2260 37 22 the
1347 2260 56 22 New
1416 2260 102 22 Zealand

1300 2295 23 21 4.
1327 2305 33 4 —
1361 2293 37 23 No
1410 2300 84 23 person
1505 2297 22 18 to
1538 2292 29 23 be
1583 2292 96 23 allowed
1696 2296 24 19 to
1739 2292 115 23 subscribe

1266 2326 35 22 for
1312 2331 62 17 more
1386 2326 57 22 than
1455 2328 32 20 50
1501 2325 92 23 Shares.

1301 2361 22 21 5.
1325 2371 35 4 —
1361 2358 51 24 The
1425 2358 98 24 Officers
1535 2359 25 22 of
1574 2358 38 24 the
1626 2357 120 32 Company
1760 2363 22 18 to
1803 2366 52 16 con-

1268 2392 41 23 sist
1327 2392 25 23 of
1373 2392 53 22 nine
1445 2392 118 23 Directors
1582 2391 46 23 and
1647 2399 13 15 a
1679 2391 103 29 Cashier,
1803 2392 52 23 with

1267 2425 56 23 such
1341 2425 124 23 assistance
1483 2432 26 15 as
1527 2424 38 24 the
1582 2424 120 24 Directors
1721 2432 53 24 may
1793 2425 62 23 deem

1268 2465 128 22 necessary.

1301 2493 23 21 6.
1327 2503 34 4 —
1361 2490 51 24 The
1431 2490 118 24 Directors
1569 2495 22 18 to
1609 2491 30 23 be
1659 2491 87 23 elected
1762 2491 36 23 for
1816 2499 40 16 one

1266 2532 61 22 year,
1340 2524 31 30 by
1381 2524 39 23 the
1433 2524 164 23 Shareholders
1607 2533 4 19 ;
1633 2528 24 19 at
1673 2524 38 23 the
1730 2525 126 30 expiration

1268 2557 24 23 of
1306 2557 50 23 that
1374 2557 86 30 period,
1480 2564 42 16 one
1540 2557 62 23 third
1621 2557 26 23 of
1661 2557 38 23 the
1716 2557 105 29 number,
1834 2562 22 19 to

1267 2590 28 23 be
1306 2590 141 23 determined
1457 2590 31 30 by
1502 2590 39 28 lot,
1561 2590 60 23 shall
1638 2591 78 28 retire,
1736 2590 45 24 and
1799 2591 57 23 their

1268 2623 62 31 place
1348 2624 29 22 be
1395 2623 63 23 filled
1475 2624 31 29 by
1523 2623 62 23 fresh
1600 2624 103 28 election,
1705 2637 34 2 —
1741 2624 38 22 the
1790 2625 66 23 retir-

1268 2657 40 29 ing
1318 2657 120 22 Directors
1450 2660 23 19 to
1483 2656 30 23 be
1525 2656 91 30 capable
1629 2657 26 22 of
1669 2657 145 23 re-election.

1302 2758 23 21 8.
1328 2769 33 3 —
1363 2756 164 24 Qualification
1544 2756 26 22 of
1591 2755 120 23 Directors
1730 2760 23 18 to
1773 2756 29 22 be
1828 2759 26 21 15

1269 2789 92 22 Shares.

1302 2824 23 22 9.
1327 2835 34 3 —
1362 2822 30 23 In
1403 2822 32 22 all
1445 2822 111 30 meetings
1569 2821 26 23 of
1610 2821 172 30 Shareholders,
1800 2822 56 24 Pro-

1268 2854 96 32 prietors
1382 2859 23 19 to
1421 2855 58 23 have
1492 2863 41 15 one
1544 2859 52 19 vote
1607 2855 36 23 for
1655 2862 68 24 every
1736 2858 13 21 5
1763 2855 92 24 Shares.

1302 2690 23 25 7.
1328 2702 34 3 —
1363 2689 50 23 The
1434 2689 94 23 Cashier
1545 2693 23 19 to
1582 2690 29 22 be
1630 2690 124 31 appointed
1770 2690 32 30 by
1821 2690 35 24 the

1268 2723 126 28 Directors,
1408 2722 46 23 and
1464 2723 128 22 removable
1605 2726 23 19 at
1639 2722 58 23 their
1709 2723 113 29 pleasure.

1304 2891 38 21 10.
1345 2902 34 2 —
1379 2888 38 23 No
1426 2888 47 23 Bill
1485 2892 23 19 to
1519 2888 27 23 be
1555 2888 135 23 discounted
1697 2893 82 26 except
1786 2889 71 23 under

1269 2921 37 24 the
1318 2922 103 23 sanction
1440 2922 24 23 of
1479 2921 62 24 three
1561 2922 25 22 of
1602 2921 38 23 the
1659 2921 120 24 Directors
1788 2931 5 20 ;
1817 2930 40 15 nor

1268 2955 20 23 if
1298 2955 102 31 objected
1410 2959 24 19 to
1445 2955 31 30 by
1488 2963 42 15 one
1542 2955 26 23 of
1576 2954 65 24 three
1654 2955 24 23 of
1688 2954 38 24 the
1739 2955 118 24 Directors

1268 2992 99 26 present.

1304 3090 38 21 12.
1344 3100 35 3 —
1380 3087 22 23 A
1426 3091 120 19 statement
1570 3086 26 24 of
1617 3087 38 22 the
1678 3087 76 23 affairs
1774 3088 25 22 of
1821 3088 36 23 the

1269 3120 68 23 Bank
1349 3125 23 18 to
1387 3120 28 22 be
1434 3120 46 22 laid
1498 3120 76 23 before
1594 3120 38 22 the
1652 3119 165 24 Shareholders
1836 3125 21 18 at

1268 3152 55 26 each
1347 3152 56 24 such
1428 3152 137 32 half-yearly
1588 3154 108 29 meeting,
1721 3153 46 23 and
1788 3153 69 23 after-

1268 3185 72 23 wards
1368 3185 122 31 published
1518 3186 23 22 in
1569 3185 39 23 the
1671 3185 58 23 New
1758 3185 99 23 Zealand

1304 3024 38 21 11.
1344 3034 34 4 —
1379 3021 117 30 Meetings
1509 3025 22 19 to
1541 3021 29 23 be
1587 3021 54 23 held
1657 3021 148 31 half-ye:irly,
1823 3022 31 23 for

1268 3054 38 23 the
1317 3062 98 22 purpose
1428 3054 26 23 of
1468 3054 116 30 declaring
1595 3054 137 29 Dividends,
1746 3055 43 23 &c.

1302 3278 23 23 A
1337 3278 66 23 Deed
1415 3278 25 23 of
1457 3278 143 27 Settlement,
1617 3282 23 18 to
1652 3277 28 23 be
1692 3277 82 31 signed
1785 3278 31 30 by
1828 3278 28 22 all

1268 3311 38 22 the
1325 3311 174 28 Shareholders,
1519 3311 137 30 embodying
1677 3311 65 22 these
1760 3311 45 22 and
1828 3311 28 22 all

1268 3344 64 22 other
1349 3351 121 23 necessary
1482 3344 147 30 regulations,
1649 3344 43 22 will
1707 3344 29 22 be
1747 3344 109 30 prepared

1268 3384 24 15 as
1304 3376 101 31 speedily
1418 3385 25 14 as
1454 3377 108 30 possible.

1285 3436 256 23 PROPOSITIONS
1556 3443 32 16 at
1601 3443 52 16 the
1667 3436 171 25 MEETING.

1303 3471 22 21 1.
1327 3482 34 3 —
1362 3469 62 23 That
1431 3469 38 23 the
1475 3469 139 31 Prospectus
1621 3477 51 15 now
1679 3470 55 23 read
1741 3470 28 23 be
1777 3471 76 31 adopt-

1268 3502 28 23 ed
1307 3502 44 23 and
1361 3502 100 31 printed.

1302 3538 22 21 2.
1327 3548 34 3 —
1362 3535 62 24 That
1448 3535 95 31 Captain
1569 3535 102 24 Edward
1695 3536 95 24 Danicll
1814 3539 39 22 and

1268 3568 97 24 Messrs.
1379 3568 130 31 Partridge,
1524 3568 72 28 Watt,
1610 3568 86 30 Millar,
1711 3570 45 23 and
1768 3570 85 31 Pierce,

1268 3602 27 23 do
1312 3602 58 22 form
1389 3610 13 15 a
1421 3602 144 23 Provisional
1578 3601 136 25 Corimittec
1728 3608 21 18 to
1763 3611 64 24 parry
1841 3606 12 22 if

1269 3636 46 21 into
1328 3635 74 22 effect.

1887 3871 92 22 Printed
1997 3871 45 22 and
2061 3872 119 27 published
2202 3876 24 18 at
2245 3873 37 21 the
2301 3872 71 23 Office
2392 3874 27 21 of
2438 3874 34 21 the

1937 3898 56 22 New
2004 3898 102 22 Zealand
2117 3899 95 22 Gazette
2227 3900 45 21 and
2282 3900 116 22 Britannia
2409 3901 63 28 Spec-

1913 3925 74 25 tator/
1991 3925 4 9 1
2011 3925 54 22 Port
2075 3925 134 25 NicbolsoK,
2219 3926 56 23 New
2285 3926 108 23 Zealand*

234 1870 111 15 FOREIGN
365 1870 80 15 NEWS.

82 1895 91 24 Letters
185 1895 26 24 of
215 1895 37 24 the
260 1896 59 23 29th
327 1896 82 23 March
421 1901 57 18 state
486 1896 50 23 that
544 1896 85 24 Chekie

48 1928 94 23 Effendi
154 1927 49 30 (the
210 1929 155 23 Ambassador
373 1934 22 18 to
403 1930 38 22 the
451 1930 72 23 Court
530 1929 24 23 of
560 1930 69 23 Great

47 1961 102 31 Britain)
160 1961 43 24 had
217 1962 87 23 arrived
316 1967 22 18 at
349 1962 99 31 Smyrna
462 1971 28 15 on
498 1963 36 22 his
549 1971 47 23 way
608 1968 21 19 to

46 1994 106 24 London.
171 1995 103 23 Admiral
274 1995 74 23 Louis
353 1995 45 23 had
403 1996 138 23 transferred
546 1996 34 22 his
585 1997 44 30 flag

45 2026 59 23 from
116 2027 39 22 the
163 2027 99 23 Benbow
270 2031 22 18 to
301 2027 37 23 the
347 2028 101 30 Ganges.
485 2028 52 23 The
549 2029 80 22 former

46 2060 72 22 sailed
135 2067 30 15 on
189 2060 38 22 the
246 2060 58 23 26th
321 2060 42 22 ult.
384 2060 34 22 for
429 2060 82 24 Malta.
549 2060 80 24 Prince

47 2091 84 32 Henry
142 2092 26 24 of
177 2092 92 31 Orange
281 2093 89 23 arrived
380 2102 28 14 on
420 2093 39 23 the
476 2094 58 23 28th
552 2093 41 24 ult.
608 2099 21 18 at

47 2125 105 31 Smyrna,
167 2126 88 29 coming
266 2126 59 23 from
337 2126 95 23 Greece.
470 2126 69 24 Some
547 2128 82 22 excite-

45 2162 64 19 ment
120 2159 89 30 against
220 2158 37 24 the
269 2159 59 23 Jews
337 2159 44 23 had
389 2159 95 23 occured
495 2161 24 21 in
533 2160 96 30 Smyrna

46 2199 30 14 on
87 2196 95 19 account
194 2191 24 24 of
228 2192 37 23 the
276 2192 45 23 late
342 2197 78 18 events
431 2193 24 22 in
474 2192 94 24 Rhodes
586 2194 43 22 and

46 2224 137 24 Damascus.
220 2225 50 23 The
282 2225 77 23 Rabbi
370 2225 45 23 had
432 2226 26 22 in
476 2234 153 22 consequence

45 2256 123 32 published
178 2265 13 15 a
203 2262 120 19 statement
334 2258 102 31 showing
443 2258 50 23 how
500 2259 79 31 unjust
586 2260 43 23 and

46 2290 85 31 utterly
149 2290 130 24 unfounded
297 2298 57 16 were
373 2291 37 23 the
429 2291 134 31 allegations
582 2292 47 24 that

46 2323 39 23 the
97 2323 61 23 Jews
169 2323 45 23 had
224 2324 110 30 procured
345 2324 38 23 the
394 2324 92 23 murder
505 2324 25 23 of
547 2325 82 24 Father

48 2355 101 24 Thomas
162 2356 43 23 and
213 2361 97 24 servant,
324 2357 81 31 supply
413 2357 61 23 them
481 2357 57 23 with
551 2358 78 23 Chris-

47 2389 48 22 tian
105 2389 69 23 blood
184 2389 34 23 for
230 2390 85 23 certain
327 2390 25 23 of
365 2390 59 23 their
441 2390 108 32 religious
568 2399 61 16 cere-

46 2422 88 22 monies
146 2426 23 19 at
180 2422 91 23 Easter.

81 2454 92 24 Letters
184 2455 58 23 from
253 2455 141 24 Alexandria
405 2456 26 23 of
439 2456 38 24 the
496 2457 58 25 27th
573 2461 56 20 state

47 2487 50 23 that
107 2487 64 24 there
183 2488 47 23 also
241 2488 69 24 much
321 2490 109 29 agitation
441 2490 44 22 had
495 2490 59 24 been
565 2498 64 16 occa-

48 2521 78 22 sioned
137 2521 31 30 by
179 2521 65 24 those
255 2526 85 24 events,
354 2522 44 23 and
408 2523 50 22 that
470 2524 61 22 since
539 2523 37 23 the
584 2524 45 23 dis-

44 2559 82 25 covery
138 2554 25 23 of
171 2554 64 23 those
250 2555 111 29 murders,
376 2557 48 22 134
435 2558 193 29 representations

46 2585 47 25 had
102 2587 59 23 been
171 2587 66 23 made
248 2591 23 19 to
283 2588 38 22 the
333 2588 119 23 Governor
465 2589 24 23 of
497 2589 133 24 .Damascus

46 2618 32 29 by
88 2627 95 23 persons
194 2620 50 23 who
262 2620 45 24 had
325 2620 45 24 lost
387 2621 101 23 children
507 2623 25 22 in
549 2623 82 23 former

47 2659 65 23 years
125 2652 94 24 without
229 2653 70 31 being
310 2654 49 23 able
372 2658 22 19 to
410 2655 48 22 find
474 2663 45 23 any
538 2660 59 19 trace
609 2655 22 24 of

46 2684 71 24 them.

81 2718 77 24 These
179 2719 78 23 letters
276 2721 101 23 mention
395 2721 50 23 that
461 2725 94 19 matters
573 2730 56 15 were

46 2751 61 31 daily
119 2752 118 31 assuming
252 2759 14 16 a
281 2761 61 15 more
361 2754 94 23 warlike
474 2754 115 24 character
607 2755 22 23 in

46 2784 149 29 Alexandria,
218 2785 72 24 under
312 2786 38 23 the
373 2787 135 30 impression
526 2788 48 23 that
592 2789 37 22 the

46 2817 124 31 European
180 2825 86 23 powers
278 2820 74 22 would
364 2820 96 23 demand
472 2820 25 23 of
513 2821 116 23 Mehemet

46 2850 41 23 Ali
98 2852 143 22 concessions
253 2856 23 19 to
288 2851 38 24 the
345 2853 78 28 Porte,
448 2853 73 23 which
539 2854 27 23 he
586 2862 43 16 was

47 2883 139 23 determined
196 2888 40 19 not
247 2889 22 19 to
281 2885 75 23 make.

81 2916 51 23 The
144 2917 132 30 despatches
286 2918 99 32 brought
396 2923 23 19 to
432 2919 94 24 Colonel
535 2920 93 31 Hodges

46 2949 31 30 by
88 2949 38 23 the
140 2950 93 30 Gorgon
245 2951 44 22 had
300 2952 95 23 induced
406 2954 72 21 active
492 2954 136 23 intercourse

46 2982 102 24 between
161 2982 46 23 him
219 2984 45 22 and
279 2984 117 24 Mehemet
411 2985 48 23 AH.
496 2986 51 23 The
564 2987 64 23 inha-

47 3015 86 23 bitants
145 3016 25 22 of
180 3016 87 23 Candia
278 3024 57 16 were
347 3018 49 23 said
406 3022 23 19 to
441 3018 57 24 have
510 3020 118 30 requested

46 3048 26 23 of
82 3048 37 23 the
131 3048 88 24 British
230 3055 147 25 government
389 3055 22 19 to
424 3051 53 23 take
488 3051 63 24 them
557 3053 71 23 nnder

48 3081 28 22 its
88 3083 134 27 protection.

81 3114 50 23 The
316 3116 125 29 pnlblishes
459 3117 38 23 the
516 3118 113 31 following

47 3145 138 32 telegraphic
197 3147 107 31 despatch
312 3158 6 14 :
319 3161 32 4 —

473 3182 69 32 April
554 3185 39 22 14.

72 3212 57 23 The
144 3213 185 25 Sub-Prefect
342 3222 30 16 of
385 3215 129 24 Bayonne
532 3224 29 15 to
579 3224 48 15 the

142 3246 131 24 Minister
285 3255 30 15 of
328 3255 51 16 the
392 3248 135 24 Interior.

163 3279 36 23 the
218 3279 42 24 Bth
279 3280 98 24 General
400 3281 92 30 Ayerbe
516 3283 54 22 took
593 3283 36 23 the

47 3311 44 22 fort
102 3311 26 23 of
137 3312 164 30 Villarluengo,
314 3314 44 23 and
375 3322 28 15 on
422 3314 37 23 the
479 3316 57 23 10th
556 3316 73 23 Count

46 3344 132 23 Balascoain
191 3346 81 29 gained
284 3347 129 30 possession
427 3347 137 32 Penarroya,
585 3349 44 23 and

46 3377 65 22 made
123 3380 31 20 24
168 3379 121 29 prisoners.
326 3379 21 23 A
359 3380 63 30 piece
434 3380 25 23 of
474 3381 99 31 artillery
586 3382 43 23 and

45 3417 13 14 a
65 3415 64 24 great
141 3412 102 29 quantity
250 3412 26 22 of
281 3413 146 23 ammunition
436 3415 116 23 remained
558 3415 24 22 in
593 3415 36 23 his

85 3475 51 24 The
458 3484 78 25 states,
558 3481 70 23 under

45 3508 51 23 date
111 3509 92 31 Naples,
217 3510 65 30 April
296 3513 22 25 2,
436 3512 37 23 the
492 3513 65 31 King
575 3521 52 23 pro-

47 3541 69 30 posed
131 3542 86 31 leiving
237 3542 37 23 the
293 3542 99 24 decision
411 3544 25 23 of
452 3544 36 24 the
507 3551 81 18 matter
605 3547 23 22 in

45 3574 90 30 dispute
148 3580 22 18 to
181 3575 36 23 the
230 3575 131 23 arbritation
374 3577 25 22 of
406 3577 104 29 Austria,
534 3579 93 28 Russia,

45 3606 45 23 and
102 3607 96 24 France.
236 3608 26 23 In
276 3608 66 24 Paris
351 3617 28 15 no
387 3609 69 24 doubt
463 3611 19 22 is
490 3612 138 22 entertained

44 3640 26 22 of
79 3640 38 22 the
129 3641 109 23 amicable
250 3647 158 24 arrangement
420 3643 26 23 of
456 3643 38 23 the

79 3673 51 22 The
328 3675 117 31 publishes
457 3683 14 15 a
481 3676 67 23 letter
569 3677 58 23 from

46 3704 135 31 Bucharest,
194 3706 65 24 dated
273 3707 38 23 the
326 3708 55 23 12th
401 3708 24 23 of
441 3708 117 32 February
576 3710 51 29 last,

44 3738 25 22 in
81 3738 71 23 which
166 3739 37 23 the
215 3740 75 23 writer
310 3746 141 19 enumerates
471 3749 12 15 a
502 3743 85 30 variety
607 3744 23 22 of

44 3771 112 30 intrigues
165 3772 24 22 of
194 3772 37 23 the
239 3772 233 26 Russo-Wallachian
480 3775 146 30 triumvirate,

45 3805 121 29 composed
184 3805 25 23 of
225 3805 75 24 Baron
320 3807 130 29 Ruckman,
471 3808 37 23 the
528 3808 99 24 Russian

44 3836 96 30 Consul,
166 3838 99 24 General
278 3839 102 29 Mavros,
404 3841 44 23 and
459 3841 38 24 the
510 3841 118 32 Secretary

44 3869 26 23 of
79 3869 65 24 State
157 3870 147 25 Constantine
318 3873 164 24 Cantacuzene.

218 3904 143 30 Frontier,
390 3907 84 25 Aprii,
502 3909 23 22 61
528 3920 33 5 —
563 3907 23 24 It
608 3909 19 24 is

693 1239 50 24 The
967 1239 41 22 has
1019 1237 118 24 furnished
1149 1246 27 15 us
1188 1237 51 24 with

660 1280 37 23 the
824 1279 132 24 Australian
1109 1283 23 18 to
1152 1279 36 22 the
1201 1279 38 23 4th

660 1320 60 30 July,
741 1319 43 23 and
796 1319 37 24 the
1163 1324 23 17 to
1204 1319 35 22 the

661 1362 37 21 Ist
708 1360 63 29 July.

693 1400 89 23 Robert
794 1400 100 32 Gouger,
907 1400 68 31 Esq.,
988 1400 41 23 has
1041 1400 100 23 inserted
1156 1409 29 14 an
1202 1401 36 23 ad-

659 1434 147 22 vertisement
824 1435 22 21 in
867 1434 36 22 the
921 1442 89 23 papers,
1035 1434 85 30 stating
1138 1434 49 23 that
1205 1434 33 23 the

659 1467 118 23 Directors
796 1467 44 22 and
859 1467 118 30 Secretary
997 1467 23 22 of
1036 1467 38 22 the
1094 1467 86 22 British
1198 1468 40 22 and

660 1500 133 23 Australian
806 1500 67 23 Bank
885 1500 24 22 of
918 1502 40 26 55,
972 1500 195 30 Morgate-strcet,
1186 1501 52 23 have

660 1532 54 24 used
726 1533 35 22 his
775 1541 65 15 name
852 1533 93 23 without
956 1533 36 23 his
1005 1537 100 24 consent,
1125 1534 44 23 and
1181 1535 57 22 noti-

659 1566 41 23 fies
710 1567 86 30 parties
807 1566 121 23 interested
940 1566 49 23 that
1000 1566 29 23 all
1046 1574 81 23 papers
1143 1566 29 24 lie
1189 1575 49 22 may

660 1601 85 21 receive
757 1599 46 22 will
813 1599 28 22 be
859 1599 89 23 handed
967 1608 51 14 over
1031 1604 22 17 to
1066 1599 85 24 Mesrs.
1165 1601 73 22 Smart

660 1632 42 23 and
709 1632 98 29 Wilson,
820 1633 138 30 respectable
973 1632 111 23 solicitors
1092 1637 23 18 at
1121 1632 117 24 Adelaide.

660 1665 70 31 Upon
742 1665 38 23 the
799 1674 136 22 appearance
956 1666 24 22 of
996 1665 45 23 this
1060 1665 178 30 advertisement,

659 1698 37 23 the
714 1699 61 23 Rev.
789 1698 31 24 R.
840 1699 27 23 L.
887 1699 73 23 Milne
980 1698 77 23 issued
1068 1708 13 13 a
1092 1700 82 28 notice,
1194 1700 44 22 that

658 1731 28 23 he
698 1731 74 24 would
782 1732 72 23 honor
866 1732 30 22 all
907 1732 38 23 the
956 1731 115 32 protested
1090 1732 70 23 drafts
1179 1740 57 24 upon

660 1765 42 23 this
716 1765 178 23 establishment.
931 1765 48 23 Mr.
993 1765 95 23 Francis
1106 1768 71 20 vjrote
1189 1774 49 22 pre-

659 1797 79 24 sented
749 1806 13 15 a
774 1798 66 29 draft,
864 1798 43 23 and
929 1806 46 15 was
996 1798 99 23 referred
1118 1803 21 18 to
1163 1799 75 22 Mesrs

659 1830 76 24 Smart
747 1832 44 22 and
807 1831 97 29 Wilson,
921 1832 51 22 who
991 1830 72 24 stated
1105 1832 52 30 they
1175 1831 63 24 knew

658 1864 96 31 nothing
765 1865 69 23 about
844 1864 37 24 the
893 1869 89 24 matter,
996 1864 44 23 and
1052 1865 66 23 could
1124 1869 39 19 not
1170 1865 68 23 inter-

658 1897 53 22 fere.
716 1898 4 9 1
723 1898 6 10 '

691 1930 44 23 We
756 1931 49 23 find
822 1931 31 30 by
871 1939 14 15 a
900 1935 133 27 prospectus
1049 1931 25 23 in
1090 1938 30 16 an
1130 1931 109 23 Adelaide

657 1971 69 23 paper
739 1963 48 24 that
807 1964 38 22 the
887 1964 73 23 South
979 1964 134 23 Australian

657 1996 122 31 published
795 1997 24 22 in
838 1997 102 27 London,
961 2004 46 16 was
1025 1997 69 23 about
1112 2001 22 19 to
1153 1997 56 23 have
1228 2005 11 15 a

657 2029 56 22 rival
724 2029 25 22 in
761 2037 14 14 a
784 2037 71 23 paper
866 2033 22 18 to
900 2029 28 22 be
940 2029 71 22 called
1022 2029 39 22 the
1096 2029 73 22 South
1176 2029 63 22 Aus-

657 2061 81 23 tralian
890 2066 23 18 to
924 2062 28 22 be
970 2061 120 31 published
1216 2062 22 21 in

658 2094 96 23 London
763 2103 6 19 ;
783 2094 38 23 the
828 2095 61 30 price
897 2095 113 29 sixpence,
1019 2094 44 23 and
1071 2095 37 22 the
1117 2095 49 22 first
1172 2102 66 15 num-

657 2127 40 23 ber
707 2131 24 19 to
742 2128 28 22 be
782 2128 77 22 issued
869 2135 30 15 on
910 2128 37 22 the
961 2127 56 23 10th
1029 2128 26 22 of
1064 2127 82 23 March
1153 2127 52 23 last.

690 2161 24 22 A
725 2161 100 30 meeting
836 2161 54 22 took
902 2160 63 32 place
978 2168 29 15 on
1017 2161 39 22 the
1071 2162 28 22 19
1103 2161 22 22 th
1138 2161 58 22 June
1205 2160 33 23 for

658 2194 37 22 the
709 2201 100 24 purpose
827 2194 26 23 of
867 2194 143 30 sanctioning
1027 2202 14 14 a
1059 2194 179 30 congratulatory

657 2227 92 23 address
761 2231 22 18 to
803 2227 51 23 Her
873 2227 101 30 Majesty
992 2234 62 23 upon
1071 2227 41 22 her
1130 2227 108 30 marriage

657 2260 53 23 with
735 2260 82 23 Prince
829 2260 89 23 Albert.
956 2260 46 23 His
1024 2260 140 29 Excellency
1188 2260 48 23 Col.

659 2293 90 23 Gawler
760 2293 112 30 presided.

690 2326 50 23 The
761 2326 115 23 Colonists
899 2326 44 23 had
958 2326 110 30 arranged
1090 2329 23 20 to
1137 2326 101 31 dispatch

658 2359 46 23 Mr.
719 2358 63 31 Eyre
795 2359 53 23 with
860 2367 28 15 an
902 2359 136 31 expedition,
1052 2363 22 19 to
1083 2359 127 23 endeavour
1218 2364 20 18 to

657 2392 63 31 plant
732 2392 37 23 the
782 2392 87 23 British
880 2392 46 31 flag
940 2393 25 22 in
984 2392 37 23 the
1041 2396 75 19 centre
1135 2392 26 23 of
1176 2393 63 23 Aus-

657 2425 73 23 tralia.
765 2425 25 23 A
803 2425 105 31 dejeuner
920 2425 47 23 ala
978 2425 126 23 fourchette
1116 2433 44 15 was
1172 2427 67 29 given

657 2463 22 18 to
692 2458 47 23 Mr.
753 2458 63 31 Eyre
828 2458 43 23 and
887 2467 13 14 a
916 2458 64 31 large
1001 2463 66 27 party
1090 2458 25 23 of
1134 2458 106 24 colonists

658 2491 36 23 the
705 2492 107 30 morning
824 2500 61 22 upon
896 2491 57 23 wich
965 2491 38 23 the
1021 2491 128 31 expedition
1161 2500 45 15 was
1219 2497 20 19 to

658 2528 56 19 start
714 2537 33 3 —
749 2524 37 23 the
801 2527 7 20 1
816 2524 41 24 8th
874 2524 68 23 June.
980 2524 49 24 The
1049 2524 72 23 South
1134 2524 105 24 Austral-

657 2558 49 22 ians
722 2558 111 23 maintain
850 2557 49 23 that
917 2558 66 30 spirit
1006 2557 25 23 of
1051 2559 123 30 enterprise
1198 2559 42 23 and

658 2590 174 24 determination
841 2591 55 23 with
914 2590 75 23 which
1007 2590 54 31 they
1080 2591 85 23 started
1182 2592 58 23 from

659 2624 115 30 England.

692 2657 50 23 The
779 2657 108 31 Register
894 2653 13 14 J)
925 2664 120 24 expresses
1064 2657 139 24 satisfaction
1220 2662 20 19 at

659 2690 37 23 the
720 2691 157 30 supercession
899 2690 25 23 of
941 2690 39 23 the
1007 2690 73 23 South
1109 2691 131 23 Australian

660 2723 188 23 Commissioners
862 2723 44 23 and
920 2723 37 23 the
974 2723 152 24 transferance
1144 2724 25 23 of
1184 2724 56 23 their

658 2756 73 23 duties
743 2761 22 18 to
774 2765 12 15 a
793 2756 76 24 Board
881 2756 85 31 having
977 2764 61 16 more
1047 2757 110 23 extended
1169 2757 71 23 duties

657 2794 22 19 to
693 2790 108 30 perform.

690 2822 45 24 We
742 2823 80 30 gather
829 2823 58 23 from
895 2831 13 15 a
914 2824 82 22 review
1003 2824 24 22 in
1034 2822 38 24 the

659 2857 23 22 of
703 2856 38 23 the
760 2864 106 23 progress
885 2856 24 23 of
931 2856 73 23 South
1026 2857 118 22 Australia
1161 2862 23 18 to
1204 2857 36 23 the

659 2888 57 25 30th
723 2889 68 29 June,
802 2890 72 27 1840,
883 2889 49 23 that
938 2889 39 23 the
984 2889 130 30 population
1123 2890 118 23 amounted

657 2926 22 19 to
689 2924 90 27 13,250
788 2931 6 19 ;
816 2923 25 22 of
855 2922 72 22 which
935 2923 75 28 6,700
1018 2923 73 22 reside
1099 2923 24 22 in
1131 2923 109 23 Adelaide

657 2956 43 22 and
727 2956 31 22 its
784 2955 194 31 neighbourhood.
1030 2955 60 23 That
1113 2956 62 23 there
1205 2965 35 14 are

659 2989 106 28 186,000
779 2988 67 32 sheep
856 2998 6 19 ;
889 2990 89 27 14,800
990 2988 58 23 head
1060 2989 25 22 of
1101 2997 64 21 cows,
1180 2990 42 23 &c.
1233 2999 5 19 ;

659 3023 73 27 1,250
749 3021 94 29 horses;
868 3023 73 27 3,600
959 3022 67 30 pigs;
1051 3022 43 23 and
1107 3024 47 22 350
1166 3028 72 25 goats.

657 3057 90 26 40,000
766 3055 77 31 sheep,
864 3057 47 21 800
930 3055 75 28 cattle,
1024 3055 45 23 and
1087 3057 48 21 500
1154 3055 85 28 horses,

656 3095 57 16 were
724 3087 85 24 known
820 3092 22 19 to
854 3088 28 23 be
894 3095 29 15 on
934 3088 39 23 the
984 3092 64 19 route
1069 3088 110 29 /verland,
1198 3088 42 23 and

657 3121 59 29 daily
728 3121 109 30 expected
848 3121 24 21 in
883 3121 38 22 the
932 3121 115 30 province.

691 3153 49 23 The
752 3154 96 22 number
867 3153 24 23 of
907 3160 63 16 acres
987 3153 24 22 in
1030 3153 74 23 wheat
1121 3154 65 23 alone
1205 3151 42 33 aifj

657 3186 118 23 estimated
786 3190 24 19 at
822 3188 72 27 1,600
904 3194 5 20 ;
930 3186 45 23 and
984 3185 30 31 by
1026 3186 131 24 November
1166 3187 20 23 it
1195 3195 45 15 was

657 3220 108 30 expected
777 3219 38 23 the
826 3219 95 23 number
935 3219 74 23 would
1027 3219 156 31 considerably
1201 3227 39 16 ex-

658 3252 52 23 ceed
722 3254 75 27 2,000
810 3260 62 15 acres
881 3261 6 19 ;
908 3252 43 23 and
968 3252 31 30 by
1020 3254 72 26 1841,
1112 3253 18 22 it
1147 3253 20 23 is
1187 3261 53 24 sup-

656 3285 70 31 posed
738 3285 39 22 the
786 3285 97 24 number
897 3285 26 22 of
937 3293 63 15 acres
1018 3285 78 22 within
1116 3286 62 23 fence
1196 3286 44 23 will

659 3318 24 22 be
699 3320 98 25 12,000.

691 3351 50 23 The
754 3356 80 26 export
852 3351 24 23 of
895 3351 58 23 wool
972 3351 43 22 and
1034 3351 30 22 oil
1083 3351 23 22 in
1124 3351 38 23 the
1182 3352 56 23 third

657 3391 52 23 year
727 3384 26 23 of
768 3384 38 24 the
824 3384 96 23 colonial
938 3385 122 27 existence,
1081 3385 120 23 amounted
1219 3390 19 18 to

657 3418 47 24 706
718 3417 62 23 bales
793 3417 24 23 of
837 3417 63 28 wool,
921 3419 47 22 595
987 3417 87 22 barrels
1094 3417 25 22 of
1141 3418 36 28 oil,
1198 3418 40 23 and

658 3452 47 20 650
718 3450 96 22 bundles
827 3450 25 22 of
867 3450 137 22 whalebone.

690 3482 50 24 The
753 3483 93 23 arrivals
857 3482 45 24 had
913 3483 57 23 been
982 3483 23 22 in
1016 3483 38 23 six
1064 3483 97 27 months,
1177 3487 59 26 104';

657 3519 104 27 tonnage,
786 3517 98 27 19,399.
921 3515 35 23 Of
984 3515 45 23 this
1052 3516 102 30 number,
1178 3518 60 22 three

656 3556 57 15 were
723 3549 59 22 from
796 3548 55 23 New
864 3548 108 23 Zealand.

690 3581 50 24 The
753 3582 45 30 city
810 3582 25 22 of
853 3580 117 29 Adelaide,
989 3581 117 32 including
1116 3584 70 29 parks
1197 3584 41 23 and

657 3621 108 21 reserves,
779 3622 76 15 covers
867 3622 61 15 more
940 3613 56 24 than
1008 3616 74 26 3,000
1094 3624 70 16 acres.

690 3647 23 22 A
741 3646 71 29 bank,
839 3646 93 24 entitled
1037 3647 76 31 Royal
1132 3649 68 24 Bank
1219 3650 22 23 of

812 3680 80 31 capital
905 3688 41 14 one
962 3680 96 29 million,
1077 3682 18 22 is
1115 3682 125 24 advertised

656 3713 23 22 in
698 3712 38 23 the
755 3713 98 22 London
871 3721 89 22 papers.
999 3713 49 23 The
1067 3721 79 16 names
1163 3716 76 23 before

656 3745 37 23 the
704 3745 77 30 public
793 3753 37 15 are
843 3746 37 22 the
888 3751 60 17 same
957 3753 25 15 as
991 3746 64 23 those
1063 3746 72 24 which
1143 3748 97 31 brought

655 3778 96 23 forward
763 3778 38 23 the
813 3778 96 23 London
929 3779 78 23 Union
1029 3779 67 24 Bank
1116 3780 44 23 last
1177 3789 60 22 year,

655 3812 52 22 with
719 3812 170 30 extraordinary
896 3812 80 30 vigour
984 3812 47 26 and,
1036 3820 98 16 success.
1165 3813 74 24 There

655 3845 19 22 is
686 3852 28 15 no
726 3845 72 23 doubt
808 3845 46 23 this
862 3845 62 23 bank
932 3845 45 22 will
986 3846 102 28 succeed,
1098 3847 43 23 and
1148 3847 90 24 become

655 3886 12 14 a
678 3878 104 23 valuable
794 3878 99 24 addition
907 3883 21 19 to
940 3879 143 23 institutions
1095 3880 25 23 of
1135 3880 38 24 the
1185 3880 55 24 kind

655 3911 24 23 in.
688 3911 127 24 Australia*

511 37 97 35 THE
631 37 109 34 NEW
763 37 228 34 ZEALAND
1012 33 226 37 GAZETTE
1262 33 101 35 AND
1386 31 275 36 BitITANNtA
1685 30 290 36 SPECTATOR.

1482 177 47 22 £20
1542 176 100 26 EACH;

1269 211 32 22 To
1309 211 29 21 be
1347 211 119 21 increased
1475 213 24 18 at
1507 210 36 21 the
1554 209 120 22 discretion
1689 209 27 21 of
1727 208 37 22 the
1779 208 75 22 Direc-

1296 242 52 22 tors,
1356 237 30 27 by
1396 237 37 21 the
1443 237 59 21 issue
1513 237 24 20 of
1547 236 84 22 £1.000
1639 235 123 21 additional
1770 235 84 27 Shares,

1297 267 22 18 to
1328 264 28 21 be
1367 263 47 22 sold
1424 263 35 22 for
1468 263 38 21 the
1516 263 84 21 benefit
1609 262 27 21 of
1646 261 37 23 the
1693 261 73 22 Bank.

1321 118 100 17 BANK
1435 118 43 17 OF
1492 117 91 18 PORT
1598 116 206 19 NICHOLSON.

1273 151 130 21 CAPITAL
1420 151 103 21 £50.000,
1542 151 36 20 IN
1596 151 63 19 2.500
1678 151 121 19 SHARES
1819 151 32 19 OH

655 124 144 24 remarkable
809 124 51 24 how
880 124 60 23 often
960 127 48 19 acts
1027 122 27 24 of
1070 122 130 31 legislation
1217 129 23 15 or

656 158 183 23 administration
862 161 102 19 emanate
987 155 60 24 from
1069 155 38 23 the
1130 155 110 22 Austrian

657 190 163 28 Government,
832 190 74 23 which
917 190 23 22 in
954 189 64 23 other
1035 188 115 23 countries
1167 188 73 23 would

655 223 33 23 fill
700 223 31 23 all
749 223 38 23 the
806 230 150 24 newspapers,
975 221 45 24 and
1038 221 76 23 would
1131 221 54 30 gain
1207 221 33 23 for

656 256 37 23 the
716 260 150 27 government
888 255 115 23 abundant
1024 254 136 31 popularity,
1185 253 20 23 if
1224 254 16 23 it

655 289 89 23 wanted
755 289 25 28 it,
793 289 41 22 but
844 296 53 23 pass
909 296 53 15 over
974 287 94 23 without
1080 287 100 30 creating
1198 294 42 23 any

657 320 169 31 extraordinary
838 321 121 23 sensation.
1006 319 67 24 After
1092 319 38 23 the
1147 327 93 23 persons

657 354 139 24 condemned
807 355 34 22 for
853 353 100 31 political
972 351 97 25 offences
1087 360 59 15 were
1164 360 26 15 so
1208 352 32 23 far

656 387 115 31 pardoned
782 388 24 23 in
815 389 63 22 1835
887 387 48 23 that
942 386 20 23 if
972 386 53 30 they
1033 385 66 23 chose
1107 385 54 30 they
1168 385 72 30 might

656 421 27 23 be
706 420 103 24 released
836 420 58 23 from
916 419 79 32 prison
1016 418 44 23 and
1084 418 114 30 conveyed
1220 422 20 19 to

657 454 114 28 America,
791 453 38 23 the
847 452 127 23 remainder
996 451 49 24 who
1066 466 5 9 t
1068 458 59 16 were
1150 451 46 22 still
1219 452 21 21 in

656 487 78 30 prison
746 494 65 21 were,
824 493 29 15 on
872 485 37 23 the
928 485 131 23 coronation
1077 488 23 18 at
1118 484 83 28 Milan,
1219 484 21 22 in

660 521 71 26 1838,
744 518 108 28 released,
872 518 44 23 and
928 518 64 23 those
1003 517 108 30 fugitives
1123 517 49 22 who
1184 524 56 16 were

657 553 24 22 in
692 552 88 30 foreign
793 553 113 21 countries
919 550 93 24 allowed
1024 555 23 17 to
1059 553 85 19 return.
1163 550 25 22 A
1200 550 40 22 few

657 585 76 23 weeks
756 593 50 23 ago,
831 592 25 15 as
878 584 13 23 I
913 584 64 23 learn
994 583 60 23 from
1076 590 29 15 an
1128 583 112 22 authentic

658 625 99 20 scource,
770 618 38 22 the
820 617 119 31 Emperor,
960 616 25 24 of
1000 616 35 22 his
1055 623 50 15 own
1121 615 47 23 free
1187 616 52 28 will,

657 656 39 18 not
707 651 54 30 only
772 651 115 30 pardoned
898 649 63 24 those
974 649 48 23 who
1034 656 57 16 were
1104 648 136 23 condemned

658 691 27 15 in
703 691 193 21 contumaciam,
915 683 41 23 but
975 682 45 23 also
1039 681 121 32 permitted
1177 682 63 23 those

657 717 49 22 who
720 724 57 15 were
787 715 143 32 transported
940 720 23 18 to
976 715 108 23 America
1094 715 24 22 in
1140 716 61 22 1835
1220 719 20 19 to

657 754 78 18 return
757 749 76 23 home.
880 748 100 31 Equally
998 748 103 31 pleasing
1120 746 43 24 and
1182 748 58 30 truly

659 782 104 30 affecting
775 790 25 15 as
812 781 45 24 this
867 786 36 19 act
914 781 25 23 of
956 781 114 30 clemency
1087 780 64 23 itself
1165 781 21 22 is
1205 781 35 23 the

659 816 80 30 wholly
766 816 180 22 unostentatious
974 821 94 16 manner
1090 814 24 22 in
1133 813 76 23 which
1226 814 14 22 it

657 849 41 23 has
710 848 58 23 been
779 848 134 31 performed.
950 847 37 23 No
1008 847 79 23 letters
1106 851 78 26 patent
1201 854 39 15 an-

658 881 103 23 nounced
773 882 18 22 it
791 894 33 3 —
824 889 29 15 no
866 880 74 32 public
953 881 74 22 notice
1040 880 25 22 of
1072 887 44 23 any
1128 879 57 23 kind
1196 887 44 15 was

659 915 66 29 given
749 915 25 21 of
789 915 31 27 it;
847 915 41 21 but
906 913 36 23 the
963 917 127 26 competent
1109 912 131 23 authorities

659 954 57 16 were
728 946 84 31 simply
823 946 109 23 informed
945 946 25 23 of
979 946 37 22 the
1033 945 102 31 imperial
1154 945 86 23 resolu-

659 981 53 26 tion,
726 979 44 23 and
782 979 38 23 the
832 978 135 24 individuals
980 978 136 23 themselves
1125 978 114 30 acquaint-

659 1013 26 22 ed
697 1013 99 29 through
808 1012 37 23 the
857 1011 102 31 imperial
972 1011 146 22 ambassador
1131 1011 25 22 of
1164 1019 29 14 an
1207 1015 33 18 act

659 1046 24 22 of
693 1046 115 29 clemency
826 1045 71 23 which
918 1044 53 31 they
991 1044 98 30 scarcely
1109 1044 73 30 hoped
1200 1044 38 28 for,

659 1079 43 22 and
712 1078 45 23 had
768 1082 40 19 not
820 1077 106 24 returned
932 1082 23 18 to
964 1077 41 23 ask
1012 1077 44 23 for.
1094 1077 74 23 Count
1177 1077 62 23 Gon-

659 1112 102 23 falonieri
772 1111 41 23 has
825 1111 91 30 already
927 1110 106 23 returned
1045 1114 23 19 to
1081 1110 80 23 Milan.

777 1178 117 23 SOUTH
913 1176 209 24 AUSTRALIA.

43 133 36 20 act
91 129 42 23 9th
145 128 91 30 George
247 127 57 28 IV.,
318 125 128 32 regulating
464 124 38 24 the
521 125 108 30 importa-

43 164 49 21 tion
104 162 26 22 of
138 161 89 30 foreign
234 160 73 30 grain.
345 158 30 24 In
389 158 70 30 doing
466 165 24 16 so
502 157 30 23 he
539 157 54 24 took
600 165 29 14 an

44 193 145 31 enlightened
208 193 43 23 and
271 191 183 24 statesman-like
471 191 57 22 view
547 190 24 23 of
591 190 38 22 the

42 228 130 30 pernicious
201 226 115 31 operation
341 224 25 23 of
393 224 64 23 these
485 223 69 28 laws;
586 222 43 23 and

43 260 92 23 showed
156 259 59 23 from
232 256 205 24 incontrovertable
457 256 105 23 evidence
580 255 49 23 that

41 292 78 24 unless
131 292 53 30 they
196 299 38 15 are
246 290 101 31 speedily
358 289 96 31 entirely
472 288 112 31 repealed,
605 296 24 14 or

46 325 87 31 greatly
155 323 152 28 ameliorated,
331 322 117 31 England,
471 322 55 22 with
549 321 30 23 all
600 321 29 22 its

41 365 118 16 resources
180 357 36 22 for
238 356 127 31 producing
386 354 90 29 wealth,
502 362 37 15 ere
561 361 68 22 many

46 398 66 23 years
124 394 62 19 must
196 397 29 22 go
237 393 22 18 to
272 389 58 27 ruin,
339 388 116 30 involving
462 395 68 22 every
537 387 92 22 interest

41 424 25 22 in
77 423 38 23 the
127 422 92 31 general
231 421 151 31 catastrophe.

80 456 48 23 Mr.
143 454 128 24 O'Connell
281 454 42 23 has
335 452 122 24 addressed
473 461 13 14 a
504 460 54 22 very
575 452 54 31 long

44 489 67 22 letter
130 493 23 18 to
172 488 37 23 the
226 487 71 23 Duke
316 487 24 23 of
356 486 115 28 Leinster,
490 486 84 30 urging
592 485 37 23 the

46 521 61 23 chief
123 521 25 23 of
157 520 37 23 the
206 520 91 23 ancient
307 519 79 31 family
398 518 25 24 of
436 518 37 23 the
485 517 144 31 Fitzgeralds

46 567 33 4 —
81 554 37 22 the
246 552 131 24 Hibernicis
572 563 34 4 —
607 555 22 19 to

47 586 52 23 take
112 586 38 23 the
162 586 50 23 lead
229 586 24 22 in
272 585 111 31 agitating
401 584 93 23 Ireland
512 588 23 19 to
554 584 75 22 obtain

47 619 65 30 equal
124 619 73 30 rights
208 618 54 23 with
274 618 108 30 England
394 617 43 23 and
446 616 115 24 Scotland.
580 616 47 23 Mr.

48 652 128 23 O'Connell
187 652 25 23 in
229 651 35 22 his
282 651 66 22 letter
366 650 77 23 dwells
462 658 28 15 on
510 649 37 23 the
565 649 64 23 small

46 685 96 23 number
162 684 24 23 of
202 684 62 23 Irish
283 684 94 22 electors
395 691 25 15 as
439 682 119 32 compared
576 682 53 23 with

48 717 38 23 the
97 717 138 31 population,
248 717 45 22 and
304 717 52 22 with
369 717 37 22 the
424 716 108 23 numbers
552 715 23 23 of
593 715 36 23 the

48 750 100 29 English
160 750 42 22 and
216 750 82 22 Scotch
311 749 181 23 constituencies.

82 783 50 23 The
144 783 90 22 labours
246 783 25 22 of
280 782 85 23 Father
377 781 100 24 Mathew
495 781 57 23 have
571 781 58 23 seri-

50 816 65 30 ously
128 816 95 23 affected
234 815 38 23 the
290 823 96 15 revenue
405 815 22 22 in
447 814 64 23 those
529 818 61 26 parts
609 813 23 23 of

47 849 91 23 Ireland
150 849 72 22 where
231 848 52 30 they
290 848 56 23 have
354 848 57 22 been
424 847 123 23 exercised.
580 846 50 24 The

50 882 75 22 excise
138 882 115 22 collection
265 882 23 21 in
302 880 62 24 Cork
376 881 88 22 district
481 881 19 22 is
518 881 111 27 £23,000

48 915 105 22 deficient
187 914 118 30 compared
327 913 54 23 with
403 913 38 23 the
458 912 173 31 corresponding

48 952 90 25 quarter
150 948 24 21 of
189 947 44 22 last
244 955 53 21 year
306 955 5 19 ;
326 946 45 23 and
381 946 38 22 the
431 945 99 31 Fermoy
549 945 81 22 collec-

48 981 47 21 tion
107 979 73 23 shows
199 988 14 14 a
231 979 121 30 deficiency
365 979 24 22 of
408 979 115 27 £11,000
541 978 34 22 for
593 977 37 23 the

48 1018 61 17 same
121 1013 85 29 period.

83 1045 94 23 Death
185 1053 30 15 of
225 1053 49 15 the
283 1045 136 23 Dowager
425 1044 75 23 Lady
509 1044 120 22 Rodney.

48 1091 33 3 —
83 1078 58 23 This
167 1078 114 23 estimable
301 1077 50 30 lady
372 1077 50 23 died
440 1084 29 16 on
486 1077 145 31 Wednesday

51 1111 63 27 15th,
128 1112 56 22 after
196 1119 13 14 a
221 1111 63 22 short
295 1110 85 28 illness,
395 1115 23 18 at
428 1110 41 23 her
480 1110 116 23 residence
607 1110 24 23 in

53 1144 179 30 Harley-street.
270 1143 51 24 Her
332 1143 111 30 ladyship,
463 1143 49 23 who
532 1151 44 15 was
594 1143 37 23 the

48 1177 83 23 second
143 1177 109 30 daughter
264 1177 24 22 of
304 1177 38 22 the
354 1176 73 30 Right
446 1176 63 23 Hon.
532 1176 99 23 Thomas

50 1210 96 30 Harley,
167 1218 39 14 son
220 1210 25 22 of
249 1209 105 29 Edward,
368 1209 61 23 third
437 1209 56 23 Earl
502 1209 25 23 of
533 1209 96 28 Oxford,

48 1243 44 22 and
104 1243 113 23 alderman
231 1242 23 23 of
265 1243 37 22 the
315 1244 44 29 city
372 1242 24 23 of
405 1242 106 28 London,
520 1250 44 15 was
572 1242 57 23 born

48 1283 30 15 on
90 1275 37 23 the
142 1276 56 23 13th
210 1276 25 22 of
250 1276 64 30 May,
336 1277 70 26 1759,
428 1275 44 23 and
490 1275 44 23 had
553 1282 78 16 conse-

49 1308 93 31 quently
155 1308 98 23 attained
271 1308 38 23 the
328 1313 64 26 great
411 1315 41 23 age
472 1308 25 23 of
514 1310 39 21 81.
601 1308 30 23 In

53 1341 64 31 April
145 1343 71 27 1781,
236 1342 41 22 her
295 1341 103 30 ladyship
419 1341 97 23 married
534 1341 36 23 the
588 1341 43 23 late

48 1374 63 23 Lord
123 1374 104 30 Rodney,
239 1375 30 30 by
285 1374 73 23 whom
377 1374 40 23 her
435 1373 104 31 ladyship
557 1374 44 23 had
619 1381 12 16 a

46 1407 79 31 family
141 1407 25 23 of
185 1409 30 21 14
228 1406 107 30 children,
354 1407 44 23 five
410 1407 26 23 of
446 1407 73 23 whom
539 1407 87 23 survive

47 1439 48 24 her.

81 1474 117 22 Accounts
210 1474 55 22 have
278 1472 95 24 reached
385 1477 66 24 town,
461 1473 66 23 dated
536 1473 94 28 Dublin,

49 1506 67 30 April
142 1507 63 27 14th,
236 1507 47 22 that
314 1506 108 31 although
471 1506 47 23 Mr.
552 1506 78 23 Under

48 1540 120 29 Secretary
180 1539 144 23 Drummond
335 1547 45 15 was
393 1540 46 22 still
452 1540 65 27 alive,-

48 1573 90 22 fication
151 1577 34 18 set
197 1574 23 21 in
232 1573 45 22 this
289 1573 112 30 morning,
415 1572 44 23 and
471 1573 35 22 his
525 1573 66 22 death
612 1573 18 22 is

48 1606 110 29 expected
175 1606 79 30 hourly
263 1615 6 19 ;
290 1606 30 22 all
339 1606 69 30 hopes
428 1606 25 22 of
472 1605 36 23 his
527 1613 103 23 recovery

47 1646 38 15 are
97 1639 139 22 abandoned.
274 1639 73 22 When
360 1639 38 22 the
409 1638 45 23 last
467 1643 106 18 accounts
592 1639 38 22 left

48 1670 38 24 the
97 1671 66 30 park,
187 1672 38 22 the
236 1672 65 30 pulse
312 1672 44 22 had
368 1672 40 22 left
427 1672 38 22 the
483 1672 146 28 extremities,

49 1704 44 23 and
104 1705 39 22 life
155 1712 44 16 was
212 1705 121 29 supported
344 1705 30 29 by

83 1737 50 23 The
156 1738 73 30 Right
253 1738 62 23 Hon.
339 1737 102 23 William
464 1738 111 30 Gregory,
596 1737 33 24 for

48 1774 68 26 tnany
135 1778 64 22 years
219 1771 81 23 Under
323 1771 130 30 Sercretary
476 1771 25 23 of
522 1771 62 23 State
607 1771 22 23 in

48 1802 101 29 Ireland,
161 1803 41 23 has
213 1803 52 30 paid
278 1804 37 22 the
327 1803 53 23 debt
392 1804 24 22 of
430 1808 89 19 nature.

1303 318 50 23 The
1365 318 138 30 advantages
1515 317 114 31 produced
1638 317 32 29 by
1680 324 12 14 a
1700 315 74 24 Local
1781 316 75 29 Bank,

1268 351 55 23 both
1345 359 25 15 as
1388 359 14 15 a
1423 350 118 31 profitable
1564 350 138 22 investment
1721 349 26 23 of
1767 350 89 30 capital,

1269 384 45 23 and
1332 391 24 16 as
1375 391 14 15 a
1405 391 80 15 means
1510 383 25 22 of
1555 381 196 24 accommodation
1774 386 23 18 to
1821 382 36 23 the

1270 417 146 30 community,
1426 424 38 15 are
1475 420 38 19 too
1525 416 52 22 well
1588 414 139 24 established
1734 419 23 18 to
1769 416 87 29 require

1269 458 44 22 any
1332 454 113 19 comment
1464 453 23 19 at
1509 452 99 28 present.
1646 447 76 24 There
1744 448 20 22 is
1788 452 40 18 not
1845 456 12 14 a

1269 483 72 30 single
1353 482 90 24 British
1456 482 86 30 Colony
1556 482 25 23 of
1591 489 44 22 any
1643 482 141 29 importance
1790 480 67 24 with-

1269 520 39 19 out
1319 520 24 19 at
1353 515 58 23 least
1423 523 42 15 one
1478 515 56 23 such
1544 514 78 29 Bank,
1643 514 44 23 and
1697 514 26 22 in
1742 521 68 23 every
1822 514 35 22 in-

1269 553 77 19 stance
1357 548 64 23 these
1433 548 140 23 institutions
1583 555 38 15 are
1628 555 30 15 no
1668 547 47 23 less
1727 555 14 14 a
1748 554 80 16 source
1836 546 22 23 of

1268 582 67 30 profit
1347 586 22 18 to
1381 581 39 23 the
1433 581 164 24 Shareholders
1615 580 57 23 than
1690 579 26 23 of
1732 580 86 22 benefit
1836 584 21 18 to

1269 615 37 23 the
1325 615 148 30 community.
1516 614 28 23 In
1562 614 54 28 fact,
1634 613 66 23 while
1719 613 39 23 the
1777 612 80 24 Banks

1268 647 74 24 which
1364 647 58 23 have
1534 646 140 24 established
1698 646 32 31 by
1758 645 100 32 English

1269 680 82 32 capital
1361 681 25 23 in
1398 680 38 23 the
1448 680 161 23 Australasian
1622 679 108 24 Colonies
1750 678 74 23 divide
1836 684 22 18 at

1269 714 37 22 the
1317 718 86 19 utmost
1414 713 61 23 from
1487 713 15 25 7
1515 717 22 19 to
1550 715 31 21 10
1593 720 42 24 per
1648 717 68 24 cent.,
1735 712 39 23 the
1791 713 66 30 profit

1269 746 25 23 of
1308 746 38 23 the
1358 746 73 23 Local
1443 746 81 23 Banks
1539 753 97 23 average
1654 746 59 23 from
1735 747 7 22 3
1751 748 12 21 5
1784 749 23 19 to
1826 747 31 22 20

1268 787 40 24 per
1320 784 59 19 cent.
1416 779 59 23 This
1487 779 120 23 difference
1618 780 20 22 is
1652 779 71 30 easily
1735 778 122 23 accounted

1269 812 33 23 for
1313 821 4 15 :
1344 821 67 22 every
1430 812 125 23 individual
1572 813 25 22 in
1615 820 14 15 a
1645 812 88 30 Colony
1745 811 112 30 naturally

1268 846 85 30 prefers
1376 854 13 14 a
1412 846 69 23 Bank
1501 846 52 22 with
1574 845 77 23 whose
1670 845 126 30 Managers
1815 845 40 22 and

1269 879 144 31 Proprietors
1425 879 29 22 he
1473 879 20 22 is
1513 878 141 30 acquainted,
1675 878 44 22 and
1737 879 25 21 in
1784 877 72 22 which

1268 911 29 23 he
1308 912 94 22 himself
1417 919 52 22 may
1481 911 58 23 have
1551 920 14 13 a
1577 911 72 23 direct
1664 912 102 26 interest,
1780 915 23 17 to
1816 918 40 14 one

1269 944 124 23 conducted
1403 945 32 29 by
1453 948 123 26 strangers.
1614 943 30 23 In
1658 943 65 23 order
1739 948 21 18 to
1779 951 78 15 secure

1269 981 22 19 to
1303 977 39 23 the
1353 977 113 31 proposed
1480 977 68 23 Bank
1566 977 46 22 this
1632 976 126 31 advantage
1777 977 25 22 in
1820 976 37 23 the

1268 1010 78 23 fullest
1357 1010 89 31 degree,
1464 1010 39 22 the
1515 1009 78 23 shares
1605 1010 57 23 have
1680 1009 59 23 been
1757 1009 62 23 fixed
1835 1014 22 18 at

1269 1043 56 22 such
1337 1051 28 15 an
1377 1047 101 25 amount,
1492 1051 24 15 as
1528 1047 22 19 to
1563 1043 65 23 allow
1642 1051 43 22 any
1698 1042 123 31 Capitalist
1833 1042 24 23 in

1269 1076 36 23 the
1321 1076 88 30 Colony
1422 1081 22 18 to
1456 1077 91 22 become
1560 1084 13 15 a
1581 1075 161 24 Shareholder.
1780 1075 76 31 Every

1269 1117 48 20 one,
1332 1109 119 29 therefore,
1471 1109 46 23 will
1535 1109 57 23 have
1610 1117 30 14 an
1658 1110 96 21 interest
1777 1109 24 22 in
1820 1108 36 23 the

1268 1143 127 30 prosperity
1405 1142 45 23 and
1462 1142 99 30 stability
1574 1142 25 23 of
1614 1142 39 22 the
1666 1141 76 29 Bank,
1756 1141 44 23 and
1813 1141 43 23 will

1268 1176 50 29 give
1330 1176 18 22 it
1360 1184 13 14 a
1384 1176 132 30 preference
1527 1175 54 23 both
1600 1176 24 21 in
1643 1174 96 31 making
1757 1174 99 31 deposits

1269 1208 44 22 and
1324 1209 135 29 circulating
1470 1209 31 22 its
1512 1213 72 18 notes.

1302 1241 50 24 The
1366 1242 90 30 Capital
1468 1242 25 22 of
1508 1241 36 23 the
1558 1240 68 24 Bank
1638 1240 42 23 has
1691 1241 59 22 been
1762 1240 61 24 fixed
1835 1246 21 17 at

1268 1275 122 28 £50.000,
1404 1283 13 14 a
1429 1282 51 16 sum
1492 1274 72 22 which
1577 1275 18 21 it
1607 1275 19 21 is
1639 1273 107 24 assumed
1764 1274 46 22 will
1828 1274 27 22 be

1268 1308 113 23 sufficient
1399 1308 35 23 for
1454 1308 36 23 the
1503 1312 92 26 present
1605 1312 72 18 wants
1696 1308 26 22 of
1737 1307 38 22 the
1795 1315 61 14 com-

1267 1341 96 30 munity.
1401 1341 59 23 This
1473 1341 89 30 Capital
1575 1348 49 20 can,
1645 1340 111 28 however,
1776 1340 28 23 be
1821 1341 35 22 in-

1268 1374 90 23 creased
1374 1379 22 18 at
1408 1374 38 23 the
1459 1374 120 23 discretion
1592 1374 24 22 of
1633 1374 37 22 the
1685 1373 127 29 Directors,
1828 1374 28 30 by

1269 1407 35 23 the
1317 1408 61 22 issue
1396 1408 25 22 of
1440 1410 73 20 1.000
1532 1407 122 23 additional
1675 1406 92 29 Shares,
1788 1411 22 19 to
1829 1407 27 22 be

1268 1440 106 32 disposed
1396 1441 25 22 of
1447 1441 35 22 for
1505 1440 36 23 the
1564 1440 86 23 benefit
1669 1440 24 23 of
1713 1440 39 23 the
1772 1440 83 23 Share-

1268 1474 88 23 holders
1367 1484 5 18 ;
1393 1474 45 23 and
1448 1474 19 23 it
1481 1475 20 21 is
1519 1473 110 31 proposed
1646 1473 48 23 that
1706 1473 39 23 the
1757 1473 66 23 Deed
1835 1474 21 22 of

1268 1508 135 23 Settlement
1415 1507 59 23 shall
1487 1508 89 22 contain
1589 1515 13 14 a
1612 1507 125 30 provision,
1755 1506 101 23 authori-

1268 1541 50 30 sing
1330 1541 38 22 the
1379 1541 107 30 majority
1499 1540 24 23 of
1538 1540 37 22 the
1596 1540 164 23 Shareholders
1780 1544 22 18 to
1822 1540 34 22 in-

1268 1581 75 15 crease
1362 1574 38 23 the
1421 1574 89 30 Capital
1524 1578 20 18 to
1558 1573 57 23 such
1626 1573 89 22 further
1727 1576 94 19 amount
1832 1581 23 15 as

1268 1614 50 23 may
1330 1608 24 22 in
1366 1607 59 23 their
1437 1608 92 29 opinion
1539 1606 29 23 be
1583 1606 104 31 justified
1705 1606 32 30 by
1749 1606 37 22 the
1800 1614 54 22 aug-

1268 1641 90 22 mented
1369 1640 109 23 demands
1490 1641 26 22 of
1530 1639 37 24 the
1581 1640 96 28 Colony.

1301 1673 50 23 The
1365 1674 104 22 business
1482 1673 26 23 of
1523 1673 36 23 the
1572 1672 70 23 Bank
1655 1672 46 23 will
1720 1672 28 23 be
1768 1672 87 31 strictly

1268 1707 48 22 that
1335 1707 25 22 of
1382 1715 13 14 a
1418 1707 69 22 Bank
1506 1706 22 23 of
1551 1706 117 23 Discount
1685 1705 45 24 and
1749 1706 105 30 Deposit.

1268 1740 50 22 The
1331 1744 47 18 rate
1391 1740 25 22 of
1430 1740 104 22 discount
1544 1743 23 19 to
1579 1740 28 22 be
1622 1741 30 21 10
1663 1747 40 22 per
1716 1743 59 19 cent.
1786 1748 6 19 ;
1813 1739 42 23 and

1268 1776 13 20 5
1295 1780 40 24 per
1344 1778 57 18 cent,
1412 1773 47 22 will
1468 1773 29 22 be
1510 1772 93 23 allowed
1614 1780 62 22 upon
1688 1772 100 30 deposits
1801 1772 34 23 for
1843 1780 12 15 a

1267 1806 79 30 longer
1357 1806 79 30 period
1448 1806 56 22 than
1516 1814 12 14 a
1539 1805 87 29 month,
1628 1818 34 3 —
1662 1809 40 19 not
1714 1809 23 19 to
1749 1805 28 23 be
1790 1805 65 23 with-

1268 1839 76 23 drawn
1355 1839 73 23 under
1442 1841 30 21 10
1485 1839 61 29 days'
1558 1839 85 23 notice.

1268 3683 146 48 PAINTS,
1426 3683 47 26 oils,
1485 3683 44 21 and
1539 3683 126 27 varnishes;

1349 3710 64 21 Nails
1424 3710 44 21 and
1477 3710 61 22 locks
1549 3711 26 21 of
1586 3710 29 22 all
1625 3711 65 22 kinds
1698 3720 6 19 ;

1349 3736 103 22 Window
1461 3737 65 27 glass,
1538 3739 25 20 13
1572 3737 31 27 by
1612 3739 13 19 9
1632 3746 6 19 ;

1349 3763 64 27 Soap,

1348 3790 52 27 Tea,

1348 3817 62 26 Rico,

1349 3844 58 21 Rose
1419 3844 58 22 Cork
1486 3844 82 28 butter,

1349 3871 95 26 Arrack,
1456 3872 39 20 &c.
1508 3872 38 21 &c.

1468 3897 26 22 T.
1511 3899 31 21 M.
1560 3898 185 23 PARTRIDGE
1755 3897 47 24 and
1812 3900 44 21 CO.

1296 3923 59 21 June
1366 3925 20 19 9»

1899 115 83 21 NEW
1997 115 170 21 ZEALAND
2182 116 56 20 and
2249 116 212 23 AUSTRALIA,

1887 148 91 21 mHE
1993 148 229 22 UNDERSIGNED
2235 150 95 26 supplies
2341 150 133 28 merchants,

1894 170 28 26 i
1960 174 35 22 for
2005 182 88 14 export
2104 182 66 20 only,
2180 176 54 21 with
2245 176 142 26 agricultural
2397 177 78 28 imple-

1885 204 75 19 ments
1966 209 5 19 ;
1988 201 98 27 whaling
2094 209 59 19 gear,
2165 209 79 15 which
2254 211 20 13 is
2285 210 63 14 much
2359 211 116 15 approved

1886 235 26 14 of
1920 236 5 18 5
1941 228 70 21 house
2021 228 91 26 fittings,
2125 228 56 21 tools
2188 229 35 21 for
2229 229 87 22 various
2323 230 81 26 trades,
2411 231 62 26 nails,

1885 254 79 27 anvils,
1972 254 66 27 vices,
2048 255 84 27 spades,
2142 255 46 22 and
2194 256 77 21 chains
2277 263 5 19 ;
2296 256 82 31 plated,
2386 263 87 21 copper,

1884 280 69 27 brass,
1964 281 56 26 iron,
2028 281 62 26 steel,
2097 282 83 21 British
2186 282 67 27 plate,
2265 282 122 28 Britannia,
2396 284 79 26 japan-

1885 307 51 27 ned,
1948 307 40 27 tin,
1996 307 47 22 and
2054 308 62 21 other
2126 308 69 22 metal
2203 316 70 14 wares
2278 317 6 19 ;
2301 316 67 20 every
2378 310 97 27 descrip-

1885 334 47 21 tion
1951 334 26 21 of
1993 334 165 28 ironmongery,
2177 335 93 27 cutlery,
2287 336 46 21 and
2346 336 127 28 hardware;

1884 360 57 26 iron,
1951 360 58 27 lead,
2018 367 88 21 copper,
2115 361 68 27 brass,
2191 362 58 26 zinc,
2257 362 44 21 and
2310 362 64 22 other
2383 363 90 27 metals);

1885 386 33 22 tin
1932 386 78 28 plates,
2026 388 99 26 buttons,
2142 388 101 27 brushes,
2261 388 44 21 and
2320 389 63 27 glue;
2405 390 70 26 single

1885 413 45 21 and
1945 413 81 22 double
2042 413 92 27 fowling
2147 414 82 27 pieces,
2242 414 106 28 muskets,
2365 416 107 27 carbines,

1885 439 66 27 rifles,
1968 440 84 26 pistols,
2068 440 46 21 and
2128 441 83 21 swords
2219 449 5 19 ;
2245 441 103 27 saddlery
2364 442 45 21 and
2424 442 51 22 har-

1885 473 58 20 ness,
1965 468 38 19 &c.
2024 467 40 21 &c.
2073 475 6 18 ;
2104 466 59 28 gold,
2184 468 73 27 silver,
2277 468 47 26 gilt,
2344 468 46 22 and
2409 469 65 22 black

1882 492 121 27 jewellery,
2028 494 39 20 &c.
2075 502 5 18 ;
2106 494 61 21 work
2184 494 77 27 boxes,
2287 494 100 28 dressing
2406 503 67 19 cases,

1885 519 88 27 writing
1983 519 73 27 desks,
2066 520 49 26 &c.,
2127 520 95 22 suitable
2235 524 23 18 to
2273 521 61 22 these
2350 523 123 26 countries;

1885 546 101 26 together
2000 546 55 21 with
2068 546 95 22 window
2178 547 66 27 glass,
2261 548 44 21 and
2319 548 58 26 glass
2393 555 80 21 wares;

1885 572 37 21 the
1934 572 71 21 whole
2015 572 27 21 of
2053 572 72 23 which
2135 581 36 14 are
2183 574 97 26 charged
2287 581 29 14 on
2324 582 53 20 very
2385 583 90 14 reason-

1886 599 49 21 able
1946 602 75 19 terms.

2130 626 139 23 EDWARD
2285 627 134 28 CHANCE,

1885 658 123 22 Hardware
2019 659 45 21 and
2074 659 98 22 General
2183 661 147 21 Commission
2347 662 126 22 Merchant.

1912 685 95 22 London
2015 694 4 13 :
2036 687 20 26 2,
2068 687 188 21 Coleman-street
2264 687 119 28 buildings.

1886 746 220 25 WHOLESALE
2136 748 125 23 PRICES
2294 749 177 24 CURRENT.

2035 806 162 22 IMPORTED
2214 807 108 23 GOODS.

1958 845 129 16 CORRECTED
2105 848 27 13 UP
2147 848 28 13 TO
2191 849 83 14 FRIDAY
2290 849 109 15 EVENING.

2226 868 17 16 £
2265 873 14 11 S.
2304 869 18 15 (1.
2378 868 17 18 £
2417 874 15 12 3.
2457 873 10 13 (I

1886 886 53 20 Rum
1948 893 4 13 :
1970 886 23 20 P.
2005 886 25 21 B.
2042 887 32 25 P.,
2091 887 54 27 duty
2160 887 54 27 free,

1993 920 40 19 per
2042 913 75 26 gallon
2230 916 14 19 0
2271 917 13 19 9
2311 917 13 19 0
2343 931 4 4 .
2356 930 4 5 .
2380 919 13 19 0
2409 918 25 20 12
2461 919 13 19 6

1887 938 58 21 Gin:
1967 939 52 21 Pale
2229 943 14 19 0
2270 943 12 20 8
2310 944 14 19 6
2342 957 18 5 ..
2379 945 13 19 0
2408 945 25 19 12
2461 946 12 18 0

1968 966 62 25 Case,
2044 968 15 19 4
2071 966 87 27 gallons
2168 969 46 19 4-5.
2231 969 9 20 1
2272 970 8 20 1
2310 971 14 19 0
2342 984 4 4 .
2355 984 5 4 .
2381 971 9 20 1
2420 971 12 19 5
2461 972 13 19 0

1885 991 96 22 Brandy
1990 1000 3 13 :
2010 992 58 22 First
2075 993 92 27 quality,
2177 1001 39 20 per

2035 1019 74 27 gallon
2230 1023 54 20 014
2311 1024 13 19 0
2343 1038 4 4 .
2355 1037 5 5 .
2379 1025 14 19 0
2409 1025 25 19 16
2461 1026 14 18 0

2008 1046 87 22 Second
2103 1047 107 27 quality..
2230 1050 13 20 0
2259 1050 23 20 13
2310 1051 14 19 0
2342 1065 5 5 .
2355 1064 5 4 .
2379 1051 14 20 0
2409 1051 24 20 15
2461 1052 14 19 0

2007 1072 68 22 Third
2085 1073 55 21 ditto
2163 1086 46 8 ....
2230 1077 53 19 012
2311 1078 13 19 0
2343 1091 4 5 .
2356 1091 4 5 .
2379 1078 54 20 013
2461 1079 13 19 G

1885 1098 85 21 Brown
1991 1100 85 20 Stout:
2102 1100 113 22 Trueman

2122 1127 45 21 and
2176 1128 38 21 Co;
2230 1129 13 21 7
2270 1130 14 20 0
2310 1131 14 19 0
2342 1144 17 5 ..
2379 1131 12 20 7
2408 1131 26 19 10
2461 1133 14 18 0

1885 1151 92 22 Porter
1987 1160 4 13 :
2023 1153 100 27 Dunbar,
2136 1154 22 20 in
2167 1154 46 22 bot.

2054 1186 38 20 per
2103 1180 40 21 doz
2229 1183 13 19 0
2257 1183 25 19 16
2310 1184 13 19 0
2341 1197 18 5 ..
2378 1185 13 19 0
2407 1185 26 19 18
2461 1186 13 19 0

1885 1205 64 21 Ale:
1966 1206 26 21 In
2003 1206 77 27 bottle,
2096 1214 39 19 per
2144 1207 65 21 doz..
2229 1210 13 19 0
2259 1210 24 19 10
2311 1211 13 19 0
2343 1225 4 3 .
2356 1225 4 4 .
2380 1213 13 18 0
2409 1212 25 19 18
2461 1213 13 18 0

1885 1231 81 22 Wine:
1983 1232 87 28 Sherry,
2083 1240 39 20 per
2130 1233 51 28 pipe
2193 1249 17 5 ..
2216 1235 26 21 28
2270 1237 14 19 0
2311 1237 13 19 0
2342 1238 51 20 ..40
2421 1239 13 19 0
2461 1239 14 19 0

1993 1259 70 27 Ditto,
2080 1267 40 19 per
2134 1261 80 21 dozen.
2231 1263 7 19 1
2269 1263 13 19 5
2311 1264 13 19 0
2342 1277 18 6 ..
2379 1265 13 19 2
2409 1265 25 20 10
2461 1267 13 18 0

1885 1285 87 22 Sugar:
1989 1286 119 22 Mauritius
2117 1294 40 20 per
2167 1292 49 17 cwt.
2231 1290 13 20 2
2271 1291 13 19 5
2312 1291 13 19 0
2343 1305 18 5 ..
2379 1292 14 20 2
2421 1293 13 19 8
2462 1293 13 19 0

1993 1313 81 21 Brown
2230 1317 14 20 0
2270 1318 14 19 0
2311 1318 13 19 0
2342 1331 18 5 ..
2381 1319 7 19 1
2408 1319 24 19 15
2461 1320 12 20 0

1995 1340 94 21 Reiined
2107 1340 51 27 loaf,
2177 1349 40 20 per

2019 1366 23 21 lb
2230 1371 13 19 0
2270 1371 13 19 0
2299 1372 25 19 10
2342 1385 17 5 ..
2379 1373 13 19 0
2421 1374 12 18 0
2450 1373 21 21 11

1885 1392 61 21 Tea:
1965 1393 87 27 Hyson,
2063 1401 40 20 per
2113 1394 61 22 chest
2193 1397 50 20 ..10
2258 1398 25 20 10
2311 1398 13 20 0
2342 1399 50 20 ..12
2408 1400 25 19 12
2461 1401 13 19 0

1885 1419 87 21 CorFEE
1980 1427 4 13 :
1996 1420 65 27 Java,
2071 1428 40 19 per
2120 1421 22 22 lb
2229 1425 13 19 0
2271 1425 7 19 1
2310 1425 13 20 3
2342 1439 4 5 .
2355 1439 4 5 .
2379 1427 13 19 0
2421 1427 9 19 1
2461 1428 12 19 G

1885 1445 69 22 Rice:
1967 1446 108 22 Common
2085 1455 41 20 per
2132 1453 48 17 cwt.
2193 1465 17 5 ..
2231 1451 9 19 1
2272 1452 9 20 1
2311 1453 13 19 0
2342 1466 18 6 ..
2381 1453 8 20 1
2420 1454 13 19 3
2461 1455 13 19 0

1967 1474 66 20 Good
2230 1478 10 20 1
2270 1479 12 19 5
2420 1481 13 19 8
2461 1482 13 19 0

1884 1500 116 21 Tobacco:
2016 1501 141 28 Negrohead,
2176 1510 40 19 per

2043 1527 22 22 lb
2230 1532 14 19 0
2272 1533 9 19 I
2311 1533 13 19 8
2342 1546 5 6 .
2355 1544 5 8 .
2379 1534 13 20 0
2421 1534 12 19 2
2461 1535 13 20 3

1885 1553 85 21 Cigars
1979 1562 4 13 :
1995 1554 102 27 Manilla,
2107 1563 38 19 per
2153 1557 61 26 1000,

2020 1581 55 27 duty
2090 1583 53 26 free,
2160 1590 56 21 very

2020 1616 76 14 scarce
2226 1612 13 20 5
2268 1613 12 19 0
2308 1614 81 20 0..0
2417 1615 14 19 0
2460 1617 13 19 0

1994 1634 129 23 Havannah
2252 1646 58 14 none
2320 1639 23 21 in
2354 1639 95 23 market.

1993 1661 125 23 Chiusurah
2228 1666 15 20 4
2270 1667 12 19 0
2310 1668 13 18 0
2341 1681 5 5 .
2353 1681 5 5 .
2377 1669 13 19 5
2419 1669 13 20 0
2459 1670 13 19 0

1885 1688 71 20 Salt:
1973 1688 126 28 Liverpool,
2110 1697 40 20 per
2159 1694 39 18 ton
2207 1708 5 4 .
2229 1693 13 19 8
2269 1694 13 19 0
2309 1694 13 20 0
2341 1695 51 20 ..10
2420 1696 13 19 0
2460 1697 13 19 0

1885 1714 58 21 Soap
1952 1722 5 14 :
1985 1715 101 22 Hawes's
2111 1717 102 28 London,

2010 1750 40 19 per
2061 1747 36 17 ton
2216 1745 26 21 70
2270 1748 12 19 0
2310 1748 13 19 0
2341 1761 4 6 .
2353 1761 5 6 .
2365 1747 26 22 75
2420 1749 13 20 0
2460 1750 13 20 0

1885 1768 105 22 Candles
1996 1776 5 14 :
2009 1769 94 27 English
2112 1778 55 19 wax,
2175 1778 40 20 per

2029 1796 30 21 lb.
2228 1800 14 20 0
2269 1800 13 20 3
2309 1801 13 19 0
2341 1815 4 5 .
2353 1814 5 6 .
2377 1803 14 19 0
2419 1802 13 19 3
2460 1803 12 20 6

2014 1822 82 22 Mould
2228 1827 13 19 0
2270 1827 8 20 1
2308 1827 82 22 0..0
2420 1829 9 19 1
2458 1830 13 19 4

1885 1848 63 21 Pork
1956 1856 5 13 :
1977 1848 65 27 Irish,
2054 1857 39 20 per
2104 1851 73 21 barrel
2190 1866 5 5 .
2203 1867 5 5 .
2227 1853 13 19 5
2268 1855 14 19 0
2309 1855 13 19 0
2340 1868 4 5 .
2353 1868 5 5 .
2377 1856 13 19 0
2419 1856 13 19 0
2460 1858 13 19 0

1885 1874 69 22 Hams
1962 1891 5 5 -
1983 1875 128 28 Yorkshire,
2127 1885 40 19 per
2176 1878 23 22 lb
2208 1895 5 5 .
2229 1881 13 19 0
2271 1881 50 19 11
2341 1895 5 5 .
2354 1891 5 9 »
2378 1883 13 19 0
2421 1882 10 20 1
2460 1884 13 19 G

1884 1901 105 22 Butter:
2007 1902 63 28 Irish,
2081 1911 41 20 per
2130 1904 28 22 lb.
2193 1908 51 20 ..0
2271 1908 9 20 1
2310 1908 14 20 8
2341 1922 18 5 ..
2379 1910 12 19 0
2421 1910 9 19 1
2449 1910 24 21 10

1885 1928 117 22 Potatoes
2010 1937 4 13 :
2036 1929 56 22 New
2106 1931 108 28 Zealand,

2061 1964 40 19 per
2111 1961 35 18 ton
2227 1960 13 20 5
2268 1962 14 19 0
2309 1962 13 19 0
2340 1975 4 5 .
2353 1976 5 4 .
2377 1961 14 22 7
2419 1964 13 19 0
2459 1964 14 19 0

1884 1981 102 22 Cheese:
2003 1982 106 23 Cheshire
2228 1988 13 18 0
2269 1989 9 18 1
2308 1989 13 19 3
2340 2002 18 6 ..
2377 1991 13 18 0
2420 1990 52 20 110

2001 2009 56 21 Pine
2066 2010 73 25 Apple
2228 2014 13 18 0
2270 2015 8 17 1
2308 2014 12 18 4
2340 2027 4 5 .
2353 2028 5 4 .
2377 2017 13 17 0
2418 2017 13 16 0
2458 2018 13 16 0

1884 2032 90 21 Staucii
1983 2041 4 12 :
2003 2034 43 20 Per
2055 2034 21 20 lb
2228 2039 14 17 0
2270 2039 10 19 1
2309 2039 13 19 9
2341 2053 4 4 .
2353 2052 5 6 .
2377 2041 14 19 0
2419 2039 12 20 2
2459 2041 13 19 0

1885 2057 56 22 Oil:
1957 2058 103 28 Linseed,
2071 2068 40 19 per
2119 2062 77 26 gallon
2207 2079 5 5 .
2228 2065 13 18 0
2268 2065 13 19 9
2309 2065 13 19 0
2341 2079 17 5 ..
2377 2067 14 19 0
2407 2067 23 19 11
2459 2067 13 20 0

1958 2085 77 27 Black,
2045 2094 39 19 per
2095 2087 54 22 ditto
2229 2091 13 19 0
2268 2091 15 21 4
2310 2091 13 20 6
2341 2106 5 5 .
2353 2106 5 5 .
2377 2095 14 19 0
2417 2093 14 19 5
2460 2094 13 20 6

1885 2111 71 22 Pitch
1970 2119 5 13 :
2008 2112 136 30 Stockholm,
2176 2123 40 20 per

2033 2140 121 22 barrel...:
2230 2144 10 20 1
2257 2145 25 19 15
2310 2145 14 20 0
2341 2159 18 6 ..
2379 2147 10 20 1
2407 2147 26 19 18
2460 2148 13 19 0

1883 2164 50 22 Tar
1941 2173 4 13 :
1962 2166 53 21 Coal
2229 2171 9 19 1
2257 2172 23 19 15
2310 2173 13 19 0
2341 2186 4 6 .
2354 2186 4 6 .
2378 2174 13 20 2
2420 2174 13 20 0
2461 2174 12 20 0

1966 2193 122 22 American
2227 2198 13 20 3
2269 2200 13 18 0
2309 2200 83 21 0..4
2419 2201 14 19 0
2460 2202 13 19 0

1884 2218 114 22 Mustard
2007 2227 4 14 :
2028 2220 42 21 Per
2079 2220 71 23 dozen
2230 2225 53 21 116
2310 2227 82 21 0..0
2420 2228 13 19 0
2461 2229 12 19 0

1868 2244 2 35 j
1885 2245 96 22 Pickles
1993 2254 4 13 :
2030 2246 114 30 Assorted,
2176 2257 40 20 per

2023 2300 10 7 ,
2057 2274 56 26 doz.,
2138 2280 76 22 quarts
2230 2279 10 19 1
2269 2279 14 20 2
2310 2280 14 20 0
2341 2294 5 5 .
2355 2293 5 6 .
2380 2281 8 20 1
2408 2281 27 19 10
2461 2282 13 20 0

1885 2301 122 20 Muskets:
2023 2301 93 22 Walnut
2123 2303 92 22 stocked
2231 2306 9 20 1
2270 2307 13 19 8
2310 2307 14 20 0
2341 2321 18 5 ..
2379 2309 13 19 0
2420 2308 13 20 0
2460 2309 13 19 0

1884 2325 60 22 Beef
1952 2333 5 14 :
1973 2326 77 28 Fresh,
2070 2335 88 15 carcase
2174 2337 41 20 per

2000 2353 32 22 H>-
2226 2360 13 19 0
2268 2360 10 19 1
2308 2361 13 19 0
2339 2374 18 6 ..
2376 2363 14 19 0
2418 2362 13 19 0
2459 2363 12 20 0

1885 2381 113 20 Mutton:
2019 2381 94 22 Carcase
2123 2390 40 20 per
2172 2383 24 22 lb
2207 2401 5 5 .
2228 2387 14 19 0
2270 2387 9 19 1
2309 2388 13 19 0
2341 2401 17 6 ..
2377 2390 14 19 0
2419 2389 13 19 0
2459 2390 13 20 0

1885 2406 76 21 Pork:
1976 2406 77 28 Fresh,
2070 2416 88 15 carcase
2175 2418 41 19 per

2230 2441 14 19 0
2271 2441 13 19 0
2310 2441 13 19 5
2343 2455 17 5 ..
2379 2443 14 19 0
2421 2443 14 19 0
2461 2443 13 20 8

1885 2462 90 19 1'lour:
1994 2462 43 20 Per
2046 2465 38 18 ton
2213 2467 28 19 42
2269 2468 13 19 0
2309 2469 13 19 0
2341 2469 49 20 ..45
2419 2470 14 19 0
2460 2471 13 19 0

1885 2486 78 22 Milk:
1979 2488 42 21 Per
2029 2489 49 26 pint
2229 2494 14 20 0
2270 2495 13 19 0
2310 2495 14 20 4
2341 2509 19 5 ..
2378 2497 14 19 0
2420 2497 13 19 0
2462 2497 13 19 0

1885 2513 92 22 Plank:
2007 2514 53 23 Port
2082 2516 132 29 Nicholson,

2035 2549 38 20 per
2083 2545 41 19 100
2132 2544 47 22 feet
2193 2560 17 5 ..
2230 2547 14 20 0
2258 2547 26 21 18
2311 2549 13 19 0
2343 2563 17 5 ..
2380 2549 9 20 1
2408 2550 26 19 10
2461 2551 12 19 0

2007 2568 122 28 Hokianga
2230 2574 14 20 2
2270 2575 13 19 5
2311 2576 13 20 0
2343 2590 5 4 .
2356 2590 5 4 .
2379 2577 14 19 2
2409 2577 26 19 10
2461 2578 14 19 0

1886 2594 142 22 Scantling:
2045 2596 42 22 Per
2095 2599 39 19 100
2143 2598 69 22 feet..
2231 2602 54 20 018
2312 2603 13 19 0
2343 2616 19 6 ..
2381 2604 10 20 1
2421 2604 13 19 5
2462 2605 13 19 0

1887 2620 125 23 Shingles:
2030 2622 42 22 Per
2080 2625 54 21 1000
2232 2628 10 20 1
2259 2629 26 19 10
2312 2630 13 19 0
2343 2643 18 5 ..
2380 2630 14 20 2
2421 2630 13 20 5
2463 2632 12 19 0

1886 2673 63 22 Boat
1960 2674 63 22 Hire
2029 2683 5 13 :
2049 2676 43 22 Per
2097 2677 49 28 day,
2153 2679 64 21 with-

2076 2707 40 18 out
2126 2705 72 21 hands
2209 2723 5 4 .
2230 2709 54 19 016
2311 2710 14 19 0
2343 2723 18 5 ..
2382 2711 8 19 1
2422 2711 12 19 5
2463 2712 12 19 0

1889 2729 94 20 Wages:
2012 2729 139 29 Mechanics,
2178 2740 41 19 per

2040 2756 61 22 week
2234 2761 10 19 1
2261 2762 25 20 16
2313 2763 13 20 0
2344 2777 19 5 ..
2381 2764 14 20 2
2424 2765 13 20 8
2464 2766 13 20 0

2022 2784 126 22 Labourers
2233 2789 52 20 110
2313 2791 82 20 0..0
2424 2792 13 19 0
2463 2794 14 19 0

1920 2840 50 24 The
1990 2842 66 24 New
2075 2844 128 26 Zealand
2224 2847 123 25 Gazette
2370 2851 53 28 will,
2442 2851 35 23 for

1886 2873 38 24 the
1935 2881 100 24 present,
2048 2878 27 22 be
2082 2878 124 31 published
2212 2881 96 31 weekly,
2318 2890 67 23 every
2394 2884 81 23 Satur-

1887 2907 43 31 day
1941 2911 115 30 morning.
2093 2912 32 23 So
2143 2921 57 16 soon
2220 2922 25 15 as
2264 2916 18 22 it
2299 2916 20 22 is
2339 2917 136 31 sufficiently

1887 2944 129 28 supported,
2042 2945 18 23 it
2081 2946 47 23 will
2151 2947 30 23 be
2207 2948 77 23 issued
2308 2950 167 31 semi-weekly*

1887 2976 127 32 Subjoined
2026 2985 37 16 are
2075 2978 39 23 the
2126 2984 72 19 terms
2205 2989 42 14 :-^-

1921 3017 79 24 Price
2020 3026 32 15 of
2070 3026 52 16 the
2141 3020 99 23 Paper.
2243 3033 33 4 —
2277 3021 71 30 Forty
2371 3023 106 32 shillings

1885 3057 42 22 per
1938 3058 93 21 annum,
2049 3052 95 30 payable
2157 3053 24 21 in
2193 3053 99 23 advance
2301 3063 6 19 ;
2328 3063 25 15 or
2365 3064 43 15 one
2421 3057 55 23 shil-

1886 3083 49 29 ling
1944 3083 36 22 for
1992 3084 74 29 single
2076 3085 120 23 numbers.

1919 3122 246 26 Advertisements.
2168 3137 34 4 —
2204 3126 43 23 Six
2264 3126 58 25 lines
2341 3130 45 22 and
2397 3131 79 28 uuder>

1886 3154 187 44 S^'J^^px.^lie-
2083 3158 51 22 first
2143 3159 120 30 insertion,
2272 3161 45 23 and
2329 3170 42 15 one
2383 3163 93 31 shilling

1880 3190 41 20 Tot
1928 3188 72 26 xeffli;
2012 3189 141 31 subsequent
2170 3192 112 25 insertion
2290 3203 6 19 ;
2320 3195 59 24 from
2399 3198 37 22 six
2454 3202 21 18 to

1886 3224 39 19 ten
1934 3220 123 32 linesgiive
2068 3222 108 33 shillings
2186 3225 37 23 for
2237 3227 38 23 the
2292 3228 58 29 first,
2371 3229 45 23 and
2435 3237 40 16 one

1886 3252 93 33 shillmg
2000 3255 47 25 and
2068 3257 109 31 sixpence
2200 3259 36 23 for
2259 3260 54 23 each
2336 3262 139 31 subsequent

1885 3287 127 29 insertion-*
2030 3289 75 24 above,
2112 3295 39 19 ten
2168 3292 67 29 lines,
2256 3294 42 23 five
2317 3294 107 32 shillings
2442 3297 33 22 for

1885 3320 38 34 tiff
1934 3322 101 34 first|ten
2047 3323 125 29 linespand
2183 3326 123 31 fourpence
2320 3335 41 23 per
2378 3328 46 24 line
2441 3329 34 23 for

1935 3356 79 23 exceiSs
2028 3357 25 22 of
2067 3356 50 24 that
2124 3358 97 23 number
2230 3368 6 18 ;
2256 3360 43 23 and
2312 3366 116 26 twopence
2435 3370 39 23 per

1941 3389 36 24 for
1990 3389 55 24 each
2057 3391 141 31 subsequent
2210 3392 117 25 insertion.

1918 3429 199 25 Advertisements
2128 3432 46 22 will
2185 3437 41 18 not
2238 3440 82 24 appear
2334 3435 24 22 in
2377 3436 39 23 the
2436 3443 38 16 en-

1885 3464 68 31 suing
1964 3464 104 29 number,
2081 3466 20 22 if
2116 3465 103 23 received
2231 3466 58 22 later
2306 3467 56 23 than
2381 3468 92 31 Friday,

1887 3499 30 22 10
1941 3498 96 27 o'clock,
2062 3506 54 15 a.m.
2156 3498 200 25 Advertisements
2379 3502 47 23 will
2447 3502 28 23 be

1885 3531 122 23 continued
2018 3532 44 22 and
2075 3531 99 30 charged
2185 3532 59 22 until
2259 3535 200 23 counter-ordered
2467 3544 6 19 ;

1953 3564 66 23 order
2031 3568 62 19 must
2104 3565 28 22 be
2150 3569 51 18 sent
2220 3568 22 19 to
2261 3565 38 23 the
2319 3566 75 24 Office
2413 3568 61 23 three

1885 3598 56 30 days
1948 3598 76 22 before
2033 3597 146 30 publication,
2188 3597 45 23 and
2240 3603 62 19 must
2308 3600 28 23 be
2344 3601 24 22 in
2376 3601 97 31 writingv

1918 3638 42 22 All
1971 3637 86 28 orders,
2071 3637 197 30 advertisements,
2286 3640 44 22 and
2348 3642 125 22 communi-

1886 3671 86 23 cations
1983 3675 23 18 to
2018 3670 38 23 the
2068 3670 90 28 Editor,
2174 3678 38 15 are
2227 3673 121 29 requested
2360 3678 21 19 to
2394 3674 28 23 be
2435 3673 38 24 ad-

1886 3704 94 23 dressed
1991 3707 22 19 to
2026 3703 45 23 this
2085 3703 84 24 Office.

1920 3744 67 23 Book
1997 3743 64 23 work
2073 3743 45 24 and
2132 3743 40 30 job
2185 3744 103 32 printing
2307 3746 25 22 of
2349 3754 68 23 every
2435 3747 38 23 de-

1886 3778 116 30 scription,
2015 3776 112 24 executed
2137 3777 55 23 with
2204 3777 111 31 dispatch,
2336 3780 45 23 and
2398 3781 23 22 in
2438 3779 37 24 tV

1885 3811 51 22 best
1948 3810 66 29 style.
