4049 5870
418 105 962 259 Mount
1572 105 1155 259 Benger
2919 105 962 259 Mail.

173 638 39 25 No
236 640 45 25 m
322 639 56 28 Vol.
392 643 34 25 17.

705 646 209 53 pUBiLSHHD
928 647 110 26 EVfcRY

1366 646 431 62 ROXBUKGrH.
1884 643 313 67 FRIDAY,
2260 647 160 58 MAY
2457 649 88 59 14.
2597 648 145 60 1897

3209 647 157 57 jpKIDAI.

3638 685 88 24 PKIUl
3726 693 6 7 4
3739 701 6 11 ,
3763 684 32 25 £1
3814 692 40 22 per
3870 692 93 16 annum.

99 816 57 25 OE
176 816 27 26 M
223 817 140 27 OND'S
425 820 23 24 H
466 820 21 25 0
505 820 19 21 T
541 817 22 27 *E
582 820 8 24 1

260 858 197 29 ROXBURGH.

119 933 24 24 P.
160 933 129 24 ORMOND
345 947 13 5 -
479 937 121 29 Proprirt™

108 1008 51 27 The
181 1009 108 34 building
308 1012 43 24 has
368 1013 57 24 been
441 1016 99 29 entirely
557 1022 56 17 reno-

77 1055 72 24 vated
161 1055 158 34 throughont,
333 1058 46 24 and
390 1058 20 24 is
424 1066 52 17 now
489 1067 44 16 one
551 1065 24 18 or
587 1062 40 22 the

80 1103 62 20 most
153 1102 157 25 comfortable
321 1103 45 24 and
375 1103 164 25 commddiotos
549 1103 78 26 hotels

77 1150 142 27 upcountry.

106 1214 49 27 The
195 1216 53 25 best
286 1218 28 25 of
350 1221 200 23 accourinoilation
592 1222 35 22 for

76 1257 137 26 Travellerr.
222 1260 46 24 and
281 1260 125 31 Boarders,
420 1262 45 23 and
479 1269 76 24 prices
566 1266 61 19 Piost

74 1305 149 24 reasonable.

122 1356 25 12 -j;
158 1343 43 24 l»5li
626 1339 1 29 !

96 1374 59 25 Beat
169 1375 88 25 brands
267 1375 28 25 of
301 1373 91 31 Wines,
402 1371 65 36 Ales,
482 1381 47 20 and
539 1378 87 29 Spirits

145 1417 24 25 in
180 1420 78 23 stock.

106 1486 113 34 Splendid
346 1490 81 26 Table.

190 1630 56 26 Thi
334 1635 31 22 cft
380 1632 134 27 Stabling.

232 1752 169 24 FIELDS
457 1752 148 25 HOTEL

279 1815 142 25 Roxburgh.

123 1956 31 26 'J.
174 1959 28 24 A,
225 1956 92 26 BOYD
349 1977 26 6 ...
408 1959 140 30 Proprietor

131 2043 122 26 Exceflent
294 2048 202 23 accommodation
522 2046 37 24 for

167 2077 118 23 Boarders
308 2078 46 25 and
376 2079 142 25 Traveller**

169 2141 83 25 Terms
284 2150 63 21 moat
381 2144 136 28 re&ftouable

160 2211 140 25 First-claas
318 2213 96 26 Billiard
431 2216 83 25 Table.

92 2275 52 25 The
160 2276 51 25 best
224 2274 29 26 of
267 2277 78 29 wines,
362 2277 58 27 beer
437 2278 46 26 and
502 2277 79 33 spirits

244 2308 59 30 kept
329 2310 23 23 in
373 2310 68 26 atock

118 2368 74 30 'Good
210 2373 109 33 Stabling
336 2375 217 28 Accommodation.

392 2489 220 30 HOTEL,

274 2556 139 31 Roxburgh.

121 2624 15 26 J
165 2624 35 25 H.
224 2624 145 34 WAIGTH,
462 2625 138 35 Proprietor

91 2695 59 24 This
180 2695 195 25 old-establiahed
408 2697 70 25 Hotel
507 2699 22 22 is
558 2697 50 24 well

70 2731 75 21 •nown
157 2727 57 24 both
227 2733 24 18 to
266 2729 40 22 the
317 2728 118 26 residents
458 2730 49 24 and

70 2769 37 23 •ng
120 2760 89 32 pub'ic.

87 2805 122 25 Excellent
240 2806 203 26 accommodation

67 2846 52 27 The
131 2849 49 24 beat
192 2849 24 23 of
225 2849 89 30 liquors
326 2848 57 33 kept
396 2857 31 17 on
439 2850 41 26 the
491 2850 116 32 premises

122 2892 145 25 First-olaas
289 2891 105 27 Billiard
421 2894 88 29 Table.

140 2958 107 31 Stabling
282 2965 81 17 aceom
368 2959 139 26 modation.

631 1041 1 0 .

641 1041 126 26 TEVIOT
782 1041 86 25 SHOR
870 1042 12 15 T
884 1042 45 25 NG
948 1042 63 25 ANL
1037 1042 156 25 GKNKKAL

858 1086 111 26 FORGE

632 1128 4 20 l

641 1171 45 21 m
706 1170 21 23 a
753 1171 20 23 O
792 1171 25 22 M
837 1172 20 21 A
879 1174 16 19 b
967 1170 220 25 INDKKVV

656 1204 11 22 1
720 1213 48 25 Has
784 1221 53 17 now
854 1218 36 20 tor
905 1214 47 24 sale
970 1223 13 14 a
999 1222 94 20 general
1110 1218 81 21 assort

640 1260 65 21 meot
731 1257 26 24 of
779 1256 181 32 Ironmongery,
981 1256 135 28 Hardware,
1133 1256 55 24 (ial«

640 1300 96 24 vanized
748 1299 71 30 Pipes
832 1300 45 24 and
900 1300 33 24 all
952 1307 122 24 necessary
1087 1298 100 31 fittings,

641 1343 184 33 High-pressure
854 1343 86 28 Cocks,
977 1343 58 28 Stop
1060 1343 54 30 Do.,
1147 1345 39 27 Ac,

643 1389 142 31 Hardwood,
806 1389 121 26 American
951 1389 91 26 Timbei
1069 1389 115 32 Swinglei

640 1438 59 20 trees
710 1434 43 29 (all
768 1433 80 31 sixes),
863 1434 94 31 Smithy
973 1433 69 25 Coals
1064 1432 123 25 American

639 1477 46 24 and
711 1477 95 32 English
827 1477 71 25 Barb*
904 1477 70 31 Wire,
1000 1476 105 33 Fencing
1123 1476 65 26 Wire

639 1521 43 24 and
702 1522 138 30 Standards,
859 1522 54 29 &c.,
930 1522 51 27 &c.,
993 1521 76 24 which
1090 1521 47 24 will
1160 1522 28 23 be

637 1566 51 24 sold
699 1570 23 20 at
736 1570 40 20 tbe
788 1567 81 25 lowest
881 1566 173 26 remunerative
1065 1566 83 31 prices.

666 1637 26 23 T.
709 1638 27 23 A.
752 1636 24 25 in
786 1636 69 26 order
866 1642 25 21 to
903 1637 112 25 facilitate
1028 1637 41 24 the
1086 1643 89 26 require-

636 1683 74 22 ments
718 1679 26 26 of
752 1680 40 25 the
803 1679 92 26 district
905 1679 42 26 has
959 1679 76 26 added
1046 1683 25 22 to
1079 1679 35 25 his
1123 1679 64 31 plant

635 1733 12 16 a
658 1725 108 30 Turning
777 1724 82 28 Lathe,
872 1725 101 29 Drilling
986 1724 117 29 Machine,
1120 1724 51 25 Tid-

634 1770 39 29 ing
704 1769 75 30 Plate,
807 1769 121 31 Gw-Pipc
953 1768 85 25 Stocks
1060 1768 57 25 Dies
1141 1769 46 23 and

631 1799 1 45 I
635 1812 60 31 Taps
708 1812 34 32 (f,
755 1812 46 26 lin.
814 1815 45 22 and
882 1812 70 32 Is)
955 1811 30 25 all
995 1811 27 26 of
1037 1811 76 25 which
1126 1811 29 25 be

635 1855 113 33 prepared
758 1859 23 22 to
791 1864 41 17 use
841 1865 30 16 on
882 1859 62 22 most
955 1855 137 26 reasonable
1104 1858 74 23 terms

665 1926 112 33 Farming
786 1927 46 25 and
850 1927 93 29 Mining
959 1927 153 32 Implement*
1122 1926 65 26 made

632 1971 45 23 and
695 1971 114 30 repaired.

690 2079 112 32 Shoeing,
813 2081 34 29 6s,
858 2081 35 30 7*,
911 2081 44 24 and
983 2082 26 23 8s
1026 2088 37 23 pel
1082 2084 35 21 set

662 2205 189 26 ROXBURGH
872 2206 148 25 SHOEING
1037 2208 112 25 FORGE

651 2270 14 27 F
673 2283 7 8 •
747 2272 34 26 H.
844 2272 334 32 ALDRIDGE,

812 2319 247 31 Scotland-Strbet,

653 2403 139 26 FARRIER
976 2408 202 23 BLACKSMITH

691 2449 68 23 AND
1017 2449 102 22 WHEEL-

640 2490 150 26 GENERAL
834 2471 139 46 JLrJL
981 2489 140 27 WRIGHT,
1135 2489 41 24 &c.

628 2558 96 30 Having
754 2560 82 27 leased
865 2563 40 23 the
932 2557 147 28 BUcksmlth
1110 2557 67 29 Shop

623 2592 84 31 (lately
723 2594 115 30 occupied
860 2595 32 31 by
916 2594 35 24 Mi
966 2591 79 28 Boyd)
1061 2589 60 23 from
1138 2588 38 24 Mr

624 2623 22 24 T
661 2624 105 31 Wbeian,
778 2627 90 26 desires
876 2633 24 19 to
914 2627 111 24 intimate
1041 2622 50 24 that
1110 2621 30 24 he
1156 2629 20 16 is

625 2659 113 30 prepared
767 2664 25 21 to
816 2669 99 18 execute
929 2659 32 26 all
985 2653 66 28 work
1065 2661 25 17 a*
1114 2660 61 19 most

623 2693 136 23 reasonable
786 2700 70 23 rates,
879 2693 46 25 and
948 2693 24 23 in
990 2699 14 15 a
1028 2688 147 31 thoroughly

625 2723 169 27 workmanlike
805 2733 102 18 manner

651 2800 115 34 Farming
776 2803 48 25 and
834 2803 94 31 Mining
938 2803 158 32 Implements
1103 2801 72 25 made

717 2836 49 25 and
777 2836 118 31 repaired.

650 2877 80 32 Tiring
746 2878 70 27 Plate
825 2880 49 29 (lor
884 2880 73 31 tiring
969 2879 98 30 wheels)

650 2921 59 34 Pipe
723 2921 60 28 Dies
795 2922 74 34 (from
887 2921 40 36 Jin
939 2929 25 20 to
976 2923 79 33 l£in).

651 2955 77 31 Every
748 2956 147 33 description
917 2958 26 24 of
961 2957 173 30 Ironmongery
1151 2957 24 24 in

710 2989 78 26 stock.

653 3021 19 24 A
686 3021 88 33 Bering
788 3022 113 27 Machine
915 3023 44 25 has
976 3022 62 26 been
1054 3021 82 27 added
1151 3026 25 22 to

711 3056 41 24 the
769 3056 73 30 plant.

681 3120 187 31 Shobiicg—6s,
879 3123 28 25 7s
917 3121 50 26 and
978 3121 28 26 8s
1019 3128 43 25 per
1075 3125 44 21 set.

712 3193 89 24 Rabbit
823 3193 75 31 Traps
919 3194 43 25 Ac.
981 3201 32 17 on
1032 3193 63 25 Sale.

867 3446 20 25 J
923 3445 20 23 E
969 3444 12 24 I
1008 3444 22 24 G
1057 3444 20 24 E
1105 3442 38 25 L'
1159 3445 15 21 S

620 3656 171 29 CostipaTiox,
823 3657 130 22 Sluggish
999 3655 88 31 Liver,
1126 3657 45 24 &c.

653 3737 85 25 Unlike
749 3744 72 24 many
838 3737 72 25 kinds
924 3737 26 24 of
965 3737 117 26 cathartic
1098 3739 60 24 medi-

620 3778 74 20 cines,
706 3771 32 24 do
753 3776 41 19 not
806 3772 70 23 make
888 3778 46 22 you
946 3771 44 24 teel
1005 3779 74 16 worse
1091 3772 80 24 before

621 3812 44 24 you
697 3804 45 25 feel
773 3805 74 23 better
898 3803 71 25 Tneir
997 3805 124 30 operation
1152 3803 26 40 is]

620 3837 87 30 gentle,
734 3838 40 21 but
796 3836 125 30 thorough,
947 3836 48 23 and
1023 3838 145 24 unattended
1176 3829 2 38 j

622 3869 55 24 with
688 3868 163 31 disagreeable
863 3868 90 27 effects,
965 3869 58 23 such
1036 3876 27 17 as
1075 3876 98 23 nausea,

621 3902 93 30 griping
729 3908 77 23 pains,
821 3901 42 23 &c.

651 3934 96 29 .Nrigel's
764 3934 130 29 Operating
922 3934 55 22 Pills
999 3940 40 16 are
1058 3934 41 24 the
1121 3935 52 23 bast

623 3967 80 30 family
715 3966 84 31 physic
821 3967 51 23 that
896 3967 43 23 has
961 3968 62 22 iever
1046 3968 59 23 been
1125 3967 36 24 dis-

622 4003 111 21 covered.
771 4000 60 30 ihey
846 4000 95 23 cleanse
951 4001 40 22 the
1008 4001 88 23 bowels
1113 4001 60 22 frotn

623 4034 31 22 all
668 4031 116 31 irritating
799 4033 149 28 substances,
959 4032 49 24 and
1024 4033 67 24 leave
1108 4033 65 24 them

623 4075 13 14 n
651 4073 14 16 a
679 4066 95 28 healthy
787 4066 132 23 condition.

653 4099 50 22 The
717 4101 50 20 best
780 4098 95 28 remedy
887 4103 83 19 extant
982 4099 34 23 for
1028 4099 40 24 the
1077 4099 62 24 bane
1150 4100 24 22 of

623 4139 42 16 our
694 4131 58 24 lives
799 4131 160 30 constipation
988 4132 48 23 and
1067 4132 106 32 sluggish

623 4168 64 21 liver.

653 4200 76 21 These
745 4197 55 24 Pills
809 4204 97 23 prevent
916 4197 78 24 fevers
1003 4198 47 23 and
1060 4200 31 21 all
1103 4198 70 23 kinds

623 4230 24 22 of
665 4230 108 22 sickness
798 4235 29 24 by
847 4237 122 23 removing
994 4231 31 22 all
1045 4237 128 24 poisonous

625 4268 83 19 matter
729 4261 60 25 from
806 4266 40 21 the
864 4263 93 24 bowels.
991 4264 64 31 They
1076 4270 97 24 operate

625 4296 95 29 briskly,
733 4301 37 24 yet
785 4297 90 29 mildly,
887 4299 98 21 without
997 4305 46 21 any
1056 4305 62 22 pain.

655 4329 19 22 It
697 4336 45 22 you
766 4331 54 21 take
843 4343 15 9 «.
879 4336 82 17 severe
983 4331 63 27 cold,
1066 4331 48 22 and
1133 4337 41 16 are

625 4362 137 22 threatened
787 4362 54 22 with
863 4369 14 15 a
896 4365 72 25 lever,
988 4364 54 21 with
1065 4363 68 28 pains
1150 4363 23 22 in

625 4396 39 22 the
686 4393 70 29 head,
780 4393 67 30 back,
870 4395 47 22 and
937 4395 78 27 limbs,
1037 4402 23 16 oi
1086 4402 25 16 or
1128 4400 46 18 two

623 4427 71 24 doses
717 4428 24 22 of
765 4426 98 31 Seigel's
887 4428 131 30 Operating
1043 4428 58 23 PIII3
1129 4428 45 23 will

624 4460 72 23 break
721 4467 32 22 up
781 4459 40 23 the
849 4459 53 23 cold
932 4459 48 24 and
1008 4464 98 26 prevent
1135 4461 39 22 the

619 4484 1 33 !
623 4498 71 19 lever.

651 4528 21 21 A
684 4524 85 25 coated
782 4530 95 26 tongue,
890 4525 54 24 with
957 4532 14 16 a
985 4525 110 24 orackish
1107 4529 62 19 taste

621 4560 19 23 is
652 4560 87 23 caused
754 4560 28 29 by
797 4559 48 23 foul
860 4564 85 19 mattar
959 4559 23 24 in
998 4560 41 22 the
1053 4560 118 23 stomach.

623 4595 19 21 A
658 4593 43 21 few
717 4593 71 21 dozes
807 4592 25 22 of
850 4593 95 26 ?>e:gel's
965 4592 130 29 Operating
1114 4591 59 23 Pills

622 4625 45 20 will
678 4626 96 20 cleanse
787 4624 39 22 the
838 4624 116 28 stomach,
966 4630 96 17 remove
1076 4628 39 18 ttie
1127 4624 44 21 bad

619 4655 1 32 !
625 4662 66 24 taste,
703 4656 47 24 and
769 4662 90 18 restore
875 4655 39 25 the
926 4656 113 31 appetite,
1053 4657 48 23 and
1118 4656 53 23 with

633 4696 7 17 t
653 4692 67 27 bring
731 4691 63 28 good
806 4689 88 24 health.

651 4722 248 30 oftentunesdisease,
909 4729 26 16 or
945 4722 109 30 partially
1065 4721 105 29 decayed

623 4754 63 25 tood,
722 4760 85 16 causes
844 4758 113 25 sickness,
992 4760 97 20 nausea,
1124 4760 48 16 anu

623 4788 126 22 diarrhoea.
782 4786 22 23 If
827 4786 40 24 the
890 4788 86 23 bowels
997 4795 41 16 are
1060 4786 111 23 cleansed

642 4828 40 16 otn
694 4821 46 22 this
754 4820 110 30 impurity
876 4821 56 23 with
943 4829 14 16 a
969 4820 59 24 dose
1041 4820 24 24 of
1075 4818 97 31 Seigel's

625 4856 127 26 Operating
762 4852 66 27 Pills,
839 4856 66 20 these
917 4853 164 31 disagreeable
1091 4853 82 22 effects

627 4885 42 23 *ill
682 4885 91 30 vanish,
786 4884 48 24 and
846 4886 62 29 good
924 4887 80 23 health
1018 4885 45 25 will
1075 4885 80 24 result.

653 4919 96 29 Seigei's
771 4921 130 27 Operating
927 4920 57 23 Pills
1012 4926 98 24 prevent
1136 4919 27 22 ill-

624 4950 81 25 effects
717 4954 59 20 from
786 4959 81 16 excess
882 4959 23 15 tn
917 4958 80 24 eating
1009 4959 26 16 or
1051 4951 118 28 drinking.

626 4987 18 20 A
655 4983 64 32 good
731 4983 57 25 dose
802 4990 24 18 at
839 4984 102 25 bedtime
952 4985 96 24 rendera
1062 4992 15 15 a
1086 4991 85 24 psrson

627 5024 22 18 at
660 5021 36 21 tor
711 5019 109 22 Lwjiness
839 5025 15 17 n.
866 5020 39 22 the
918 5019 118 29 morning.

654 5051 75 24 These
754 5051 63 29 rills,
839 5051 68 31 being
933 5050 175 32 sugar-coaced.
1133 5057 39 15 are

625 5086 106 31 pleasant
743 5089 24 19 to
780 5084 63 26 take,
881 5086 47 23 l'ne
938 5085 164 30 disagreeable
1112 5088 59 19 taste

638 5126 96 17 ommon
745 5124 24 17 to
784 5124 63 17 most
859 5119 52 29 pills
922 5126 40 16 are
976 5118 119 24 obviated.

383 3432 225 30 MERCER,

126 3504 86 25 Bakes
245 3512 52 18 and
328 3505 206 25 Confectioner,

145 3575 200 26 Scotland»street
370 3574 143 33 Roxburgh.

87 3645 51 26 The
155 3648 83 30 above,
249 3648 70 25 while
341 3645 115 31 thanking
473 3645 41 24 the
525 3644 83 31 public

54 3692 28 24 of
109 3692 40 24 the
165 3692 87 24 Mount
275 3693 92 30 Benger
389 3691 95 25 district
501 3690 38 24 for
563 3688 44 25 the

53 3735 85 27 liberal
162 3742 99 26 support
279 3736 116 25 accord-*!
421 3735 49 25 him
491 3735 63 24 since
574 3733 31 25 he

53 3781 153 24 commenced
223 3780 108 26 business
341 3781 25 24 in
383 3779 136 31 Roxburgh,
533 3779 75 31 hopes

59 3829 25 21 to
98 3828 90 23 receive
199 3835 13 15 a
226 3828 157 23 continuance
397 3825 28 24 of
437 3833 77 16 same.

79 3890 99 29 Soiree*,
193 3892 72 26 Balls,
277 3892 47 23 and
336 3892 69 23 other
416 3889 81 32 public
509 3890 99 30 gathers

55 3930 56 30 logs
126 3931 99 23 Catered
237 3930 43 23 for.

285 4001 46 23 and
357 4000 110 30 Birthday
496 3998 78 25 Cakes
594 4006 14 15 a

54 4040 136 33 -speciality.
608 4035 1 38 {

110 4160 162 26 OXBURGH
300 4158 134 26 BAKEKi'
452 4158 20 25 &
489 4158 117 26 STORE.

92 4236 190 25 HUBERT
331 4236 249 32 KINGSTON,

152 4282 68 25 Bake
225 4290 24 21 a,
265 4282 198 29 Conf&ctioner,
479 4289 53 17 and

240 4325 189 30 Stohekejpee,

150 4369 205 24 Scotland-street.
369 4368 138 30 Roxburgh.

61 4436 63 24 R.K.
142 4436 88 24 desires
247 4441 23 18 to
282 4435 74 24 thank
372 4434 40 23 th*
427 4433 147 25 inhabitauts
585 4435 24 22 of

63 4469 130 29 KoxDurgh
213 4468 46 22 and
281 4466 159 30 surrounding
454 4467 107 22 districts
576 4468 33 22 for

57 4503 44 22 tbe
115 4504 96 27 support
233 4499 114 24 accorded
373 4499 49 24 him
441 4500 21 23 in
482 4499 40 23 the
548 4506 60 22 past,

56 4534 50 24 and
121 4538 25 20 to
174 4532 87 26 inform
282 4532 65 25 them
364 4533 52 23 thai
434 4532 102 29 nothing
560 4523 49 41 will]

58 4568 30 25 be
106 4567 101 30 wanting
220 4575 30 16 on
264 4568 35 21 his
319 4572 50 23 part
383 4566 23 23 in
430 4566 40 24 the
488 4564 80 25 future
583 4569 24 20 to

58 4602 71 22 merit
141 4608 12 15 a
167 4607 137 16 contrauan*
314 4607 11 14 e
334 4600 23 21 of
370 4599 60 22 their
441 4603 106 25 support.

221 4661 47 23 and
282 4660 113 30 Birthday
409 4659 75 24 Cakes
501 4659 67 25 made
581 4663 23 20 to

58 4695 80 24 order.
171 4695 97 25 Soirees,
283 4693 92 23 Picnics
388 4701 26 15 or
431 4693 61 23 Balls
507 4694 96 23 catered

58 4729 38 22 for
108 4733 30 17 on
151 4726 41 24 tbe
209 4727 105 22 shortest
326 4724 85 24 notice.

93 4796 104 30 Nothing
211 4796 41 23 but
268 4795 39 24 the
390 4793 107 24 material
514 4794 69 25 used.

90 4863 67 24 Good
179 4864 210 22 assortmentment
405 4860 26 23 of
445 4859 134 31 Groceries,

241 4932 50 27 &c.,
309 4939 29 16 on
361 4930 70 25 hand.

283 4997 115 24 Discount
411 4998 37 24 for
465 4997 71 25 Cash.

197 5121 21 22 N
251 5119 21 25 0
304 5118 22 25 T
360 5118 9 25 f
401 5119 19 24 C
451 5120 28 26 E,

166 5187 47 25 and
231 5186 61 24 after
319 5186 42 23 the
377 5186 34 23 Ist
430 5185 26 24 of
483 5185 56 31 July
566 5193 40 17 oui

62 5210 43 35 \J
142 5221 67 24 Price
221 5221 51 23 List
286 5219 45 23 will
351 5218 27 25 be
389 5226 25 16 as
427 5218 121 25 follow*—

73 5295 86 29 Sl.eep,
175 5292 31 24 2i
218 5299 42 23 per
273 5292 23 23 lb
309 5290 56 24 cash
480 5290 24 23 lb
516 5290 92 25 booked

89 5327 59 26 Hde,
271 5324 38 24 do.
511 5324 39 23 do.

120 5359 122 24 Alternate
254 5361 106 27 quarters
428 5363 42 23 per
485 5355 30 24 lb.

92 5423 56 24 Beef
158 5421 31 24 4d
204 5425 24 20 to
244 5420 31 24 6d
296 5427 41 24 per
348 5419 32 29 lb,
394 5418 126 30 according
532 5423 24 19 to
569 5425 39 18 cut

121 5456 47 23 and
183 5455 117 30 quantity,
311 5452 56 24 with
383 5451 27 25 Id
422 5452 24 24 in
460 5452 40 23 the
512 5451 96 31 shilling

121 5488 108 24 discount
246 5485 36 24 for
294 5486 63 24 cash.

92 5550 72 26 Small
174 5550 80 24 Goods
266 5548 88 31 always
365 5556 30 16 on
407 5548 73 26 hand.

89 5623 58 25 Five
163 5628 41 24 per
214 5624 61 21 cent,
289 5618 110 24 discount
412 5619 46 25 will
471 5619 29 25 be
512 5618 96 25 allowed

60 5665 34 17 *n
110 5655 107 29 monthly
236 5658 130 26 payments.

103 5723 125 28 GiDISON
248 5724 26 21 A.
294 5721 105 24 SMITH
413 5722 22 23 &
453 5720 64 24 SON.
607 5713 1 38 i

235 5755 124 28 Butchers,
378 5755 83 25 Temt
486 5753 91 26 Downs
607 5753 1 30 i

656 5263 44 24 For
712 5263 48 24 sale
776 5263 30 30 by
819 5263 31 23 <ul
865 5261 128 30 Chemists,
1006 5260 136 31 Druggists,

742 5301 49 19 and
805 5296 120 23 Medicine
940 5295 115 23 Vendors.

808 5378 166 21 Proprietors
986 5385 6 13 :

769 5439 23 24 J.
818 5436 110 26 WHIT!
965 5436 112 25 Limited

774 5510 103 24 London
906 5507 119 32 England.

623 5619 56 27 XT
682 5617 78 31 AVE
780 5626 54 30 you
847 5613 72 31 tried
933 5612 87 30 Kozie
1032 5612 56 29 Tea
1098 5611 10 30 ?
1148 5611 27 29 If

718 5662 58 33 not,
802 5656 36 30 do
870 5665 30 19 so
932 5658 29 24 at
985 5663 87 26 once;
1104 5653 23 28 it
1152 5653 23 28 is

621 5700 140 30 delicious.
820 5696 35 30 D.
889 5695 141 34 Cormack,
1068 5694 105 37 Agent,

620 5739 164 39 Roxburgh.

1215 815 232 62 JABEZ
1494 815 269 28 BURTON

1357 851 17 22 A
1392 849 48 26 DC
1459 849 204 28 riONEER

1462 903 52 17 AND

1211 936 157 28 general
1397 940 209 25 commission
1640 940 121 31 agent,

1300 989 154 19 KBGIhTBRED
1470 990 97 18 MINING
1581 990 89 19 AGENT.

1240 1051 77 28 Agent
1336 1049 181 27 tor—National
1536 1049 53 27 Fire
1604 1050 48 26 and
1667 1049 90 28 Marine

1277 1082 130 26 insurance
1419 1087 40 22 Co.

1237 1157 54 24 New
1310 1156 102 24 Zealand
1431 1156 131 25 Insurance
1578 1156 43 24 Co.'

1238 1227 92 24 Mutual
1350 1228 132 22 Assurance
1498 1225 94 31 Society
1609 1223 24 25 of
1649 1223 104 25 Victoris

1297 1257 76 26 Lmtd.
1394 1257 65 31 (Life
1472 1258 149 28 InauraMce),
1640 1257 49 23 and
1701 1256 17 23 S
1734 1256 17 23 B

1294 1291 114 25 Stedman
1424 1291 115 32 importer
1550 1290 25 25 of
1586 1289 118 31 Bicycles.

1235 1354 110 33 Bicycle'
1361 1354 99 31 bought,
1483 1353 60 25 sold,
1574 1361 27 17 or
1616 1352 137 32 exchanged

1294 1389 37 24 for
1343 1396 50 17 new
1411 1395 57 18 onea

1301 1922 11 25 I
1338 1921 21 26 L
1382 1921 20 25 L
1430 1922 9 25 I
1467 1922 21 25 A
1514 1920 24 26 M
1623 1919 126 27 BAU

1312 1968 127 26 Bctohkb,
1472 1966 103 22 Bbxqhb
1592 1965 65 23 Flat

1229 2112 109 26 Families
1350 2110 82 25 waited
1445 2119 30 16 on
1496 2118 28 16 or
1532 2110 83 25 ordcfa

1229 2185 59 24 beef
1387 2186 95 20 mutton
1508 2184 25 22 of
1559 2182 75 31 prime
1660 2182 89 31 quality

1200 2253 121 27 delivered
1336 2253 25 24 in
1373 2260 46 23 anj
1432 2256 51 26 part
1494 2257 25 19 ot
1530 2254 41 23 the
1582 2252 99 25 district

1227 2324 74 26 Smvll
1315 2323 75 31 good*
1401 2323 87 27 ftlway*
1498 2330 30 17 on
1540 2323 70 26 hand.

1315 2512 90 26 VERY
1439 2510 201 27 IMPORTANT

1260 2574 416 27 ANNOUNCEMENT.

1747 2617 2 22 I

1308 2644 183 28 VEGETABLE
1522 2644 94 27 SEEDS

1265 2680 27 24 In
1305 2679 172 30 Three-Penny
1498 2678 52 30 (3d)
1568 2677 107 28 Packets,

1320 2740 131 24 FLOWER
1482 2738 97 25 SEEDS

1272 2773 27 26 In
1314 2773 151 30 One-Penny
1482 2771 54 32 (id)
1552 2771 103 26 Paokets

1194 2848 143 56 MM
1345 2850 108 54 MO

1432 2923 76 26 AND

1484 2966 226 59 BLAIR

1192 3032 47 32 Beg
1255 3034 26 23 to
1293 3039 126 20 announce
1441 3034 62 30 that,
1516 3035 39 27 for
1573 3036 41 25 the
1630 3034 101 28 conveni-

1190 3074 57 16 ence
1267 3067 28 22 of
1304 3074 14 16 a
1340 3074 127 17 numerous
1478 3070 60 22 class
1560 3069 26 24 of
1608 3074 137 24 customers,

1191 3098 57 32 they
1259 3099 60 24 have
1334 3100 116 30 arranged
1460 3104 25 21 to
1501 3101 59 24 offer
1571 3102 63 24 their

1523 3145 135 54 gEKDS'

1221 3209 30 25 In
1267 3210 98 31 packets
1380 3218 26 16 as
1421 3210 105 27 above-

1250 3279 133 32 Vegetable
1398 3281 73 25 Seeds
1612 3283 79 27 Pence

1251 3313 94 26 Flower
1356 3314 73 24 Seeds
1446 3319 24 20 at
1483 3316 54 25 One
1548 3315 92 34 Penny.

1209 3384 82 27 aokcts
1305 3385 96 25 contain
1416 3385 71 27 about
1503 3387 40 25 the
1557 3395 66 19 same
1634 3389 108 34 quantity

1289 3428 27 17 as
1329 3420 122 32 formerly,
1466 3421 47 25 and
1529 3420 39 27 the
1586 3423 69 26 seeds

1220 3453 67 23 ARE
1306 3452 44 25 OF
1367 3452 70 24 TMF
1455 3455 91 24 SAME
1562 3455 152 31 QUALITY

1192 3485 75 25 which
1282 3485 61 24 bare
1360 3486 69 30 given
1448 3495 25 14 so
1488 3489 93 29 general
1598 3489 145 25 satisfaction

1336 3520 31 23 all
1378 3527 56 16 over
1448 3519 40 25 the
1506 3523 100 30 Colony.

1220 3589 144 26 FLoWEK
1377 3590 102 25 SEEDS
1489 3600 41 17 are
1541 3593 89 25 offered
1653 3601 89 18 nsome

1188 3624 29 24 70
1231 3626 118 27 varieties,
1360 3624 48 24 and
1427 3633 40 15 are
1483 3626 25 23 of
1526 3626 80 25 choice
1616 3627 95 28 strains,

1217 3689 50 24 Our
1298 3690 68 23 seed*
1394 3698 40 16 are
1462 3691 137 25 obtainable
1631 3698 24 20 at
1679 3700 61 18 most

1187 3727 103 26 country
1307 3726 82 23 stores,
1401 3731 27 16 or
1442 3725 75 24 direct
1534 3726 62 25 from

1275 3793 116 24 NIVJMO
1423 3794 70 25 AND
1524 3794 111 34 BLUR,

1225 3826 59 24 Seed
1299 3827 135 24 Merchants
1449 3829 45 23 and
1508 3830 59 23 Seed
1585 3831 110 25 Growers

1381 3859 164 31 dcnedin,

1192 3929 19 22 A
1228 3928 39 23 list
1279 3931 24 20 ot
1320 3930 109 23 varieties
1442 3932 88 24 offered
1548 3941 20 15 is
1584 3935 140 25 obtainable

1369 3971 30 16 on
1413 3966 157 30 Application.

1333 4035 126 26 Planting
1492 4038 109 26 Skasgw.

1220 4065 78 30 Trees,
1317 4068 68 24 Fruit
1401 4071 46 23 and
1478 4071 69 24 o'.her
1564 4073 119 30 vaiieti-s,
1698 4081 41 17 arc

1197 4107 42 15 iow
1248 4102 137 23 obtainable
1395 4110 21 17 at
1438 4104 90 24 Lowest
1546 4105 83 24 Prices,

1220 4133 71 32 Early
1303 4138 81 21 orders
1402 4137 115 24 nolicited.

1194 4310 57 23 IHE
1293 4311 170 25 GREATEST
1508 4311 147 25 WONDEB
1698 4312 38 25 G?

1321 4374 140 24 MODERN'
1495 4374 101 24 TIMES

1225 4475 245 56 HOLLO
1489 4473 167 54 vVAY
1671 4477 33 52 S

1256 4609 90 24 PILLS
1379 4609 70 23 AND
1483 4609 177 24 OINTMENT

1368 4750 68 24 THE
1466 4748 92 25 PILLS

1191 4806 79 30 Purify
1284 4807 40 23 the
1336 4805 49 23 Bio*
1395 4805 42 28 d,c
1447 4810 69 19 >rrect
1527 4805 32 25 all
1571 4806 131 24 unorders
1728 4816 13 15 o

1186 4838 40 30 [the
1238 4840 79 28 Liver,
1329 4844 58 17 .*Hjn
1399 4837 176 31 ach.HLidaeys.
1585 4839 48 24 and
1642 4839 84 24 Bowel

1186 4868 65 35 il'hey
1275 4872 109 30 mvigura
1397 4881 12 13 e
1438 4876 46 18 and
1507 4875 91 20 restore
1613 4875 26 20 to
1655 4873 84 23 health

1188 4906 142 24 Debilitate
1341 4905 183 29 Oo.uatutioaa,
1534 4905 47 24 and
1591 4913 41 16 are
1642 4906 95 24 invalu*

1187 4941 51 21 dble
1265 4946 22 15 ia
1317 4940 31 22 all
1553 4939 131 23 incidental
1714 4939 27 25 to!

1190 4972 101 24 f'etnalea
1303 4972 27 23 of
1340 4972 31 23 all
1383 4979 64 21 agea.

1740 5006 1 23 I

1320 5037 70 22 THIS
1421 5034 180 25 OINTMENT

1190 5101 8 16 l
1234 5102 28 14 an
1279 5092 116 23 iniauiole
1416 5098 98 24 reiu—y
1544 5099 27 16 or
1599 5091 50 25 Bad
1667 5077 74 47 LegaJ

1189 5126 49 23 Bad
1255 5127 103 27 Breasts,
1381 5124 44 22 01J
1458 5124 113 28 Wounda,
1597 5125 70 24 iSoreu
1691 5135 50 21 aut;

1190 5160 86 24 Ulcers.
1309 5161 33 20 *«.
1377 5159 58 22 Sore
1461 5157 106 29 A'liroata,
1593 5159 148 31 Bronchitis,!

1188 5194 103 29 Ooughs,
1329 5192 79 27 Colds,
1451 5190 73 29 Gout,
1564 5191 171 32 Rheumatism,
1740 5190 1 36 j

1190 5226 130 25 alaudular
1468 5226 47 21 aud
1524 5223 31 23 all
1563 5224 58 24 Stem
1630 5225 106 28 Disease.-

1210 5263 41 20 haa
1267 5266 29 16 no
1310 5259 70 30 eijUal

1221 5328 181 24 Manufactured
1446 5328 57 29 ouly
1552 5334 23 18 at
1618 5328 118 26 Profeasot

1194 5375 158 25 Holloway's
1369 5374 197 26 Estabiiilicuent,

1192 5448 31 27 78,
1238 5447 71 23 NEW
1319 5446 53 23 OXI
1383 5446 64 22 ORD
1464 5445 126 30 STREET,
1607 5446 128 26 LONDO^

1193 5522 51 25 And
1256 5529 50 24 may
1319 5522 28 23 be
1362 5520 44 24 had
1418 5521 24 23 of
1454 5520 31 24 all
1499 5521 117 26 Medicine
1628 5523 108 27 Yendow

1322 5562 145 31 throughv,nt
1478 5564 39 24 the
1532 5564 83 28 world,

1408 5635 84 25 should
1504 5635 55 25 look
1571 5639 26 22 to
1666 5637 64 26 Lab®
1740 5635 1 29 !

1190 5680 29 16 on
1230 5671 42 24 the
1288 5670 56 23 Pots
1361 5669 47 24 and
1420 5669 86 25 Boxeß.
1543 5669 21 26 If
1580 5671 41 24 the
1639 5671 97 25 addreaa

1190 5709 62 19 isnot
1262 5704 36 27 78,
1307 5703 59 25 New
1377 5703 89 23 Oxford
1480 5703 255 35 atr^t,London,thy

1188 5745 39 17 »NJ
1239 5736 109 32 spuiit'Uß

1853 2531 35 35 ,0
1922 2533 81 30 YOU
2037 2531 168 31 BELIEVE
2242 2530 42 31 IN
2319 2529 238 32 HOUSEHOLD
2591 2525 188 33 K3OSOMY
2796 2528 10 16 *

1884 2764 29 24 llf
2025 2764 47 26 IX),
2097 2763 79 22 THEN'
2203 2761 55 23 Giir
2284 2761 58 22 (WB
2368 2761 35 22 Of
2430 2761 29 23 H.
2486 2760 24 23 E.
2537 2757 195 25 SHACKLOCK'S

2361 2862 315 57 RANGES.

1759 3046 27 30 It
1800 3044 54 31 will
1868 3043 72 31 burn
1953 3054 53 27 any
2021 3041 68 30 kind
2103 3041 30 29 of
2146 3040 77 36 Fuel,
2237 3040 55 29 and
2306 3040 22 28 is
2351 3036 176 32 Guaranteed
2548 3040 29 27 to
2599 3034 77 32 Cook
2700 3033 159 39 PASTRY,

2021 3083 23 28 B
2049 3082 45 28 LIE
2100 3080 59 36 AD,
2188 3091 30 18 or
2246 3079 105 30 MEAT
2376 3084 30 23 to
2432 3078 167 28 Perfection.

1762 3163 132 40 Requires
1907 3171 36 19 no
1957 3160 116 30 Setting
2086 3172 7 22 ;
2113 3169 50 19 can
2178 3158 34 28 be
2225 3156 128 40 supplied
2367 3156 66 29 with
2454 3155 69 29 Iron
2536 3165 32 18 or
2581 3153 109 31 Copper
2703 3153 112 36 Boiler,
2829 3163 30 19 or

1786 3205 68 29 with
1866 3203 79 29 High
1959 3201 142 29 Pressure
2115 3200 111 34 Boiler,
2240 3201 54 26 and
2310 3198 65 28 with
2389 3195 140 39 Fireplace
2542 3194 44 29 for
2601 3193 90 30 Wood
2704 3204 32 20 or
2749 3193 81 31 Coal.

1760 3283 59 30 Can
1837 3282 36 30 bo
1892 3279 131 32 obtained
2046 3279 69 28 from
2138 3277 36 29 all
2197 3276 205 38 Ironmongers.
2444 3273 167 39 Catalogues
2632 3271 100 42 posted
2752 3275 30 26 to
2806 3281 53 30 any

1917 3320 113 29 rddress
2044 3329 36 18 on
2093 3317 167 40 application
2274 3322 29 23 to
2317 3317 47 27 the
2378 3314 99 30 Maker
2490 3313 55 29 and
2559 3313 143 30 Patentee.

2053 3473 42 35 H.
2144 3472 40 35 E.
2231 3470 330 41 Shacklock,

1868 3560 183 32 GENERAL
2079 3555 196 36 FOUNDRY,
2301 3555 275 33 Crawfokd-strbkt,
2606 3553 142 30 Duxedix.

2011 4095 34 42 A
2074 4099 156 45 Cheap,
2262 4098 215 44 Pleasant,

2205 4158 72 24 AND

2022 4196 224 42 Effectual
2262 4199 188 39 Remedy.

2097 4323 382 32 RSS^SSSSSSSBSSS/'
2479 4334 7 10 7
2487 4323 1 33 ;

2105 4352 383 20 IUUtSJUHIIMBHHMtI

2529 4203 32 45 %

2410 4363 196 64 WMi

2264 4373 33 27 33

2365 4394 28 18 LJ

2342 4428 54 41 S*

2112 4471 35 17 lrt«
2152 4475 185 14 ■■■■■■■■
2342 4476 19 13 ■
2366 4475 64 14 ■■■
2434 4476 14 14 ■

1963 4469 36 24 >1

2210 4494 116 41 raw

2090 4528 43 60 c

2519 4531 70 28 ■■M't

2548 4539 50 48 !§

2321 4565 61 60 m

2246 4671 21 19 «>

2497 4677 37 39 a

2533 4805 57 19 .////^>

2439 4820 26 27 o

2551 4831 52 29 •m

2533 4885 4 13 I
2540 4885 26 13 /.,///
2573 4889 12 9 '"A
2589 4885 14 13 ,-/i

2543 4899 51 32 m

2487 4909 79 28 \vm

2549 4967 28 17 ■WI

2469 5033 137 83 ikM

2469 5101 135 76 ml

2492 5167 112 71 Utt

2551 5277 39 22 m

2553 5297 47 39 U

2432 5441 44 8 mmm

3031 1187 164 32 [Katablisbed
3212 1188 81 31 18(5.]

2888 1218 87 77 |O
3004 1231 23 24 H
3054 1232 21 24 S
3148 1230 274 26 GILLIES

3147 1304 31 18 AT
3190 1304 28 18 —•

2888 1359 193 28 FURNITUKE
3107 1361 46 25 and

3055 1404 209 27 WAKEHOUSK

2977 1468 32 30 18,
3022 1468 93 33 George
3126 1469 88 27 Street,
3228 1468 122 25 Junedia.

2915 1532 50 24 Hai
2987 1540 31 16 on
3041 1533 65 24 baud
3121 1540 14 18 a
3154 1533 77 30 Large
3253 1532 48 25 and

2886 1566 148 24 Assortment
3056 1565 26 25 of
3106 1566 59 25 Now
3187 1567 46 23 aud
3255 1566 99 29 Elegant
3375 1565 46 25 Fur

2885 1605 59 19 tore.

2887 1696 52 24 Irou
2972 1695 140 29 Bedsteads,
3147 1696 97 31 Spring,
3284 1695 67 28 Hair,
3388 1705 34 15 am

2946 1729 106 24 Wiiullca
3064 1728 73 26 Ftoclc
3150 1730 146 27 Mattresses,
3309 1729 47 23 aud
3370 1728 48 25 Bed

2942 1761 58 31 ding
3011 1762 25 23 of
3051 1762 32 23 all
3099 1762 166 32 descriptions.

2887 1823 105 25 Brussels
3013 1823 123 31 Tapestry,
3157 1823 46 25 and
3237 1822 189 26 KidJerminstc

2943 1856 107 32 Carpets.
3154 1857 46 24 aud
3217 1856 122 32 Matting*,
3362 1860 52 21 Lino-

2943 1892 74 22 leums
3040 1891 46 23 and
3106 1888 158 31 Floorcloth*,
3282 1891 41 23 <»ll
3347 1891 70 23 wiutu

2942 1922 47 25 and
3003 1923 115 25 bordered
3130 1923 37 25 for
3179 1923 106 31 lobbies).

2885 1985 191 25 Perambulators
3106 1985 139 30 (reversible
3277 1985 75 24 hoods
3384 1989 44 20 and

2942 2018 86 26 rubber
3039 2018 44 26 tire
3095 2020 105 30 wheels).

2886 2082 94 25 Walnut
2995 2081 175 29 Overuuutlea,
3187 2082 46 23 aud
3250 2082 37 23 Gi.
3333 2081 94 27 i'rrors.

2944 2116 60 23 B'tt
3022 2114 44 24 Wo
3074 2115 24 24 >d
3112 2118 46 20 aui
3171 2114 65 24 Capi
3251 2116 90 23 Chairs

2881 2258 129 24 Furuitur:
3019 2257 115 32 Snoplied
3144 2265 30 16 oil
3186 2257 64 24 Tiaie
3263 2257 127 31 Payment.

2928 2328 142 29 Everybody
3080 2328 90 24 iavitei
3180 2331 25 21 U*
3219 2336 21 15 »a
3242 2328 13 15 M
3267 2329 45 23 *ud
3327 2327 97 31 luspto

2881 2361 77 24 Prices
2970 2366 52 19 tent
3034 2369 31 15 on
3079 2363 143 29 application
3235 2366 24 19 to
3270 2368 45 23 any
3334 2368 53 24 pan
3405 2370 15 14 o

3069 2392 40 25 the
3123 2396 118 29 Uuun'ry.

2880 2537 106 29 Country
3007 2535 83 23 orders
3106 2535 139 31 punctually
3267 2535 112 24 attended

3010 2570 46 21 and
3067 2568 115 29 carefully
3194 2568 98 29 p-tcnad.

2930 2864 182 26 BEATFORD
3142 2864 127 24 BOT4NI
3283 2864 51 24 HL
3366 2863 62 27 DU*.

2990 2897 147 25 i'BNSIKG
3154 2896 174 26 COMPANY.

2907 2963 23 25 Jf
2939 2971 47 25 you
3003 2971 39 16 are
3057 2963 52 26 tick
3122 2965 22 23 io
3162 2971 46 23 any
3234 2971 52 23 way
3309 2964 119 25 whatever

2878 2996 57 24 send
2951 3005 15 17 a
2980 2998 110 29 stamped
3102 2999 117 29 envelope
3230 3002 24 20 to
3274 3004 45 16 oar
3340 3004 88 24 agency

2880 3029 144 33 Wellington
3035 3038 8 22 ;
3057 3033 63 22 state
3136 3030 42 25 the
3202 3038 53 17 case
3276 3038 25 16 as
3315 3029 99 26 minutel-

2877 3071 39 17 are
2928 3064 103 29 possible
3055 3064 48 23 and
3119 3071 48 22 you
3191 3064 93 24 receive
3300 3062 82 24 advice
3400 3062 28 32 by

2878 3100 81 19 return
2976 3099 60 27 post.
3052 3098 144 28 Ouragenta
3213 3104 40 16 are
3262 3095 32 24 all
3304 3094 124 33 qualified.

2879 3127 21 24 If
2910 3135 46 24 you
2978 3128 97 25 enclose
3095 3128 27 24 2i
3137 3127 32 25 6d
3187 3136 35 16 we
3244 3128 46 24 will
3306 3128 59 24 tend
3382 3135 46 23 you

2877 3168 43 17 our
2929 3160 52 26 best
2996 3159 95 29 remedy
3108 3161 39 24 for
3157 3161 41 23 the
3211 3168 62 22 ease;
3285 3160 87 31 lasting
3383 3168 45 23 you

2879 3200 45 17 two
2941 3194 86 24 weeks.
3061 3192 53 26 You
3133 3201 54 16 save
3203 3200 87 25 money
3313 3194 48 23 and
3373 3194 55 23 doc~

2879 3226 55 24 tors'
2963 3226 53 25 bills
3055 3225 54 27 You
3130 3227 93 24 receive
3250 3225 82 25 advlee
3353 3233 31 17 on
3397 3224 31 25 all

2879 3262 86 26 points,
2985 3266 42 17 anc
3051 3260 40 24 'he
3103 3264 79 26 purest
3199 3259 118 25 remedies
3330 3264 52 19 sent
3403 3265 25 17 at

2879 3299 28 16 no
2922 3299 64 17 extra
3010 3299 49 17 cost
3074 3295 56 21 th*n
3145 3291 19 25 if
3179 3292 133 30 personally
3327 3291 91 30 bought

2880 3326 27 29 l»y
3081 3327 31 22 bu
3128 3325 62 25 ine<s
3207 3324 56 25 with
3277 3332 28 17 us
3320 3325 32 31 by
3368 3328 60 26 post.

2990 3365 25 15 »t
3029 3367 64 15 onr*.
3132 3359 116 24 Ailments
3265 3359 76 23 which
3353 3364 39 18 are
3404 3360 24 20 at

2879 3393 107 23 *h-«lnni
2999 3393 56 23 'h<»»i
3066 3392 32 24 •ht
3116 3396 22 19 to
3152 3392 28 24 be
3192 3391 58 28 huht
3267 3399 38 17 are
3314 3391 64 25 often
3389 3392 39 23 the

2875 3424 1 38 j
2888 3434 17 15 »»:
2924 3433 80 20 .juinj
3021 3427 24 23 of
3058 3434 90 18 «»ern.iu«
3163 3432 180 25 consequences,
3356 3425 72 25 which

2879 3460 16 20 if
2910 3460 72 22 t.»Keii
3011 3467 12 14 ii
3041 3460 54 22 rime
3107 3467 37 14 *re
3156 3458 107 25 checked
3274 3464 46 18 aud
3331 3459 80 24 cured.

2907 3521 206 26 UKKATFOKU
3138 3521 60 25 POT
3204 3522 37 24 AN
3248 3521 31 25 IO
3284 3521 39 26 A],
3344 3521 52 25 CO.

2883 3560 64 26 >Veiii
2959 3566 64 26 ijjt.on
3036 3569 6 22 ;
3057 3570 14 15 a
3083 3572 25 13 »o
3116 3566 24 20 a*.
3157 3561 104 30 Sydney,
3281 3560 146 31 Melbourne,

2936 3603 6 12 '
2957 3602 115 22 itpetuwn,
3084 3596 47 23 and
3145 3593 98 27 Lincoln
3255 3594 138 31 (England)

3598 796 58 19 THE
3669 795 185 20 CELEBRATED

3450 832 169 33 CORNISH
3639 832 204 32 AMERICAN
3860 829 145 33 PIANOS

3592 884 80 29 AND
3698 882 162 30 ORGANS.

3461 962 42 33 Vf
3514 961 116 30 ESSRS
3657 960 167 30 CORNLSH
3848 958 23 30 &
3886 958 56 30 CO.
3956 969 46 19 are

3463 1001 5 13 1
3550 1002 47 29 the
3610 1002 63 38 only
3686 1002 61 27 firm
3761 1000 29 29 of
3803 999 90 30 actual
3905 1009 80 19 manu-

3453 1043 134 30 facturers
3599 1042 30 30 of
3647 1042 68 39 high
3737 1041 85 39 grade
3836 1040 97 29 Pianos
3947 1040 55 29 and

3455 1083 108 39 Organs
3587 1083 29 28 in
3641 1083 47 28 the
3723 1081 104 30 United
3853 1081 92 28 States
3976 1080 32 28 of

3455 1123 111 30 Ameria
3596 1122 99 38 selling
3724 1121 167 39 exclusively
3916 1120 88 29 direct

3453 1164 72 28 from
3538 1164 47 27 the
3598 1163 106 35 factory
3715 1166 29 23 to
3754 1163 46 26 the
3809 1160 112 36 general
3934 1161 54 35 pub-

3453 1202 45 36 lic,
3505 1206 32 24 at
3544 1200 170 41 guaranteed
3724 1199 143 29 wholesale
3876 1198 75 38 price
3960 1197 45 29 for

3452 1253 17 17 a
3481 1242 89 38 single
3583 1242 175 28 instrument.
3797 1238 45 30 No
3857 1242 97 34 agents
3973 1248 33 18 or

3453 1282 104 29 dealers
3579 1291 46 19 are
3646 1280 114 30 allowed
3785 1283 28 25 to
3836 1278 100 30 handle
3959 1277 49 30 the

3454 1322 116 30 Cornish
3579 1322 145 28 American
3738 1320 99 30 Pianos
3846 1330 30 19 or
3884 1318 120 39 Organs.

3451 1363 28 29 It
3492 1363 23 30 is
3524 1362 61 40 just
3597 1373 30 18 as
3640 1372 64 29 easy
3717 1361 44 30 for
3775 1361 47 30 the
3845 1360 109 30 readers
3973 1359 32 29 of

3450 1405 54 28 this
3518 1414 85 29 paper
3615 1409 28 23 to
3656 1403 36 28 sit
3705 1402 79 29 down
3810 1402 55 28 and
3888 1400 81 30 order
3987 1410 21 18 a

3450 1445 85 28 Piano
3549 1454 31 19 or
3594 1443 94 39 Orgau
3699 1443 72 31 from
3785 1441 135 36 America,
3934 1452 30 18 as
3973 1444 33 26 to

3448 1485 80 30 order
3537 1496 53 19 one
3602 1485 70 29 from
3683 1484 71 29 their
3766 1482 84 30 music
3860 1486 82 32 store,
3952 1481 46 29 the

3447 1527 63 38 only
3524 1526 146 29 difference
3686 1525 83 38 being
3783 1525 65 37 they
3861 1523 54 28 will
3936 1532 65 19 save

3448 1567 69 29 from
3531 1567 36 29 50
3580 1571 29 25 to
3627 1567 49 28 100
3689 1576 49 29 per
3750 1569 74 25 cent.

3486 1607 51 29 We
3550 1607 68 28 have
3633 1605 107 39 Organs
3754 1605 71 28 from
3838 1605 38 28 £6
3889 1607 27 26 to
3930 1604 57 28 £25
3993 1625 14 12 r

3448 1647 98 30 Pianos
3558 1648 70 28 from
3642 1647 58 28 £34
3712 1650 29 25 to
3754 1645 67 34 £oo,
3832 1644 54 29 and
3895 1654 40 19 we
3949 1644 50 29 sell

3446 1689 43 29 for
3501 1689 65 29 cash
3579 1699 32 19 or
3637 1698 71 28 upon
3729 1686 160 29 instalment
3908 1684 92 40 plans,

3446 1736 28 22 to
3488 1730 55 28 suit
3564 1731 47 27 the
3634 1727 183 30 convenience
3830 1726 29 29 of
3872 1725 46 29 the
3931 1736 49 28 pur-

3445 1770 104 28 chaser.
3589 1768 57 29 Our
3677 1768 76 37 large
3781 1766 55 29 and
3864 1765 138 39 complete

3445 1809 144 37 catalogue
3611 1808 54 28 will
3691 1808 33 28 be
3749 1805 155 30 forwarded
3924 1815 75 29 upon

3446 1855 117 34 request.
3603 1848 28 30 It
3643 1849 24 28 is
3680 1848 47 29 the
3739 1847 81 29 finest
3829 1845 168 39 description

3444 1892 30 27 of
3487 1891 99 27 Pianos
3599 1889 54 29 and
3667 1888 109 39 Organs
3789 1887 90 29 issued
3895 1887 36 37 by
3942 1896 54 28 any

3446 1932 59 28 firm
3528 1931 28 29 in
3578 1931 49 29 the
3652 1936 125 31 country,
3790 1927 53 30 and
3858 1927 77 40 gives
3951 1927 48 29 the

3445 1971 90 28 actual
3547 1972 106 35 factory
3667 1970 78 27 value
3758 1969 29 28 of
3799 1978 82 26 every
3895 1968 88 27 instru-

3446 2015 77 26 ment
3534 2010 22 30 it
3569 2009 146 31 describes.
3738 2007 77 31 With
3827 2017 82 29 every
3923 2011 59 26 cata-

3446 2052 80 38 logue
3539 2052 24 28 is
3575 2050 147 39 presented
3735 2059 50 19 our
3798 2049 100 38 unique
3912 2047 72 30 refer-

3444 2102 67 18 ence
3524 2091 84 35 book,
3649 2089 58 30 The
3724 2088 85 30 Heart
3822 2088 28 29 of
3864 2088 47 29 the
3930 2086 52 30 Peo-

3543 2130 87 30 Write
3639 2131 44 29 for
3692 2129 152 38 catalogue.
3865 2127 135 37 Address,

3568 2181 172 31 CORNISH
3759 2181 26 29 &
3808 2181 68 35 CO.,

3443 2222 1 36 1
3457 2232 161 26 Washington,
3633 2231 53 21 NEW
3698 2230 91 26 JEIWET,
3801 2228 58 28 U.S.,
3871 2230 111 19 AMKRIOA.

3448 2300 195 57 COBB
3712 2300 51 56 &
3828 2298 168 59 CO.'ri

3479 2387 7 17 j
3497 2376 9 31 |
3555 2379 169 21 TELEGRAPH
3751 2379 68 21 LINE
3844 2378 37 21 OF

3491 2419 131 30 ROYAL
3643 2418 96 31 *AIL
3759 2416 187 31 COACHES.

3646 2470 147 29 Lawrence

3479 2515 155 28 Beaumont
3759 2508 65 32 Moa
3837 2510 61 28 Flat

3479 2554 98 27 Teviot
3756 2551 127 27 Alexaud
3887 2560 28 18 ra

3482 2592 88 40 Clyde
3763 2590 144 30 Cromwell

3481 2635 174 30 Arrowtowu
3763 2631 183 38 Queenstown

3697 2674 63 29 And

3518 2722 57 29 Alll
3595 2721 198 30 Intermediate
3818 2720 104 30 Places.

3481 2805 81 29 Cobb
3575 2804 54 28 and
3652 2803 77 29 Co.'s
3750 2803 155 37 Telegraph
3931 2803 69 28 Line

3446 2844 29 30 of
3487 2843 88 39 Royal
3587 2843 68 29 Mail
3678 2842 122 29 Coaches
3822 2843 77 28 leave
3921 2841 60 30 Law-

3446 2894 80 20 rence
3545 2883 44 30 for
3610 2882 49 30 the
3677 2881 154 30 Beaumont
3851 2881 56 29 and
3927 2881 57 30 Rox-

3445 2924 93 40 burgh
3554 2933 84 30 every
3659 2923 71 39 day;
3749 2922 55 30 and
3826 2922 76 31 leave
3925 2923 58 29 Rox-

3446 2966 91 39 burgh
3568 2966 46 28 for
3644 2964 168 36 Alexandra,
3847 2964 155 36 Cromwell,

3445 3009 182 32 Arr«wfcown,
3640 3004 55 30 and
3719 3004 183 38 Queenstown
3918 3014 84 29 every

3443 3047 137 37 Tuesday,
3606 3046 143 38 Thursday
3772 3046 56 30 and
3852 3045 148 38 Saturday,

3443 3086 132 40 reaching
3584 3086 184 37 Queenstown
3779 3086 47 28 the
3834 3096 74 19 same
3916 3096 67 18 even-

3443 3128 58 38 ing.
3542 3131 167 34 Passengers
3723 3126 77 30 leave
3817 3126 131 29 Dunedin
3963 3126 39 37 by

3443 3168 47 29 the
3504 3168 63 28 8.15
3580 3177 65 19 a.m.
3669 3167 92 36 train;
3781 3166 77 30 leave
3878 3165 106 38 Queens-

3442 3212 73 26 town
3530 3218 35 19 on
3579 3217 76 20 same
3668 3207 68 39 days
3749 3211 29 25 at
3792 3208 16 28 5
3817 3217 75 26 a.m.,
3906 3207 79 29 reach-

3441 3249 50 38 ing
3504 3248 158 39 Roxburgh
3680 3255 29 22 at
3723 3249 16 28 8
3754 3258 77 28 p.m.,
3845 3247 56 29 and
3914 3247 72 30 arriv-

3441 3289 52 38 ing
3511 3292 29 26 at
3562 3288 150 30 Lawrence
3733 3293 30 24 at
3791 3290 63 28 1.45
3875 3298 66 29 p.m.
3965 3295 45 22 on'

3442 3329 145 39 following
3600 3328 78 38 dayß.

3479 3370 131 30 Dunedin
3631 3370 130 40 Booking
3777 3369 86 30 Office
3876 3370 44 29 for
3935 3369 49 29 Pas-

3442 3423 114 29 sengers
3570 3411 55 30 and
3640 3411 109 31 Parcels
3761 3424 6 17 :
3795 3411 68 30 N.Z.
3879 3411 122 40 Express

3443 3453 75 31 Co.'s
3534 3453 93 33 Office,
3641 3455 204 32 fllanse-street,
3854 3453 146 27 ■Duuedin.

3480 3493 81 32 Head
3587 3493 102 30 Office:
3723 3493 174 36 Peel-street,
3925 3492 56 29 Law-

3443 3546 91 20 rence.

3577 3576 37 30 H.
3636 3575 119 31 CRAiG
3775 3584 23 21 a
3821 3574 67 47 co;,

3783 3617 179 37 Proprietors.

2878 3955 122 63 w
3033 3929 205 84 D.F.
3292 3927 558 89 PLOUGHS
3883 3922 115 94 's°

2877 4074 227 29 IMPORTANT
3124 4073 305 31 IMPROVEMENTS
3450 4075 42 28 IV
3515 4074 177 30 PLOUGHS
3725 4075 90 29 THIS
3838 4073 155 31 SEASON.

2876 4116 45 27 All
2940 4116 194 27 Moiildboards
3148 4125 46 18 mv
3208 4125 59 18 now
3284 4115 77 28 madu
3376 4121 28 22 to
3417 4115 146 37 duplicate.
3604 4115 57 28 The
3677 4116 76 28 beam
3766 4117 86 26 where
3862 4115 45 28 the
3919 4115 61 29 laud-

2937 4156 74 30 lever
3024 4156 64 29 stud
3103 4156 22 29 is
3139 4156 94 30 bolted
3246 4165 34 20 on
3296 4162 27 22 to
3341 4155 104 39 Plough
3461 4155 22 28 is
3499 4155 78 29 made
3593 4156 115 28 broader
3722 4162 27 23 to
3764 4163 173 31 compensate

3334 4198 43 26 for
3391 4196 56 27 bult
3461 4196 85 28 holes.

3060 4259 183 51 Diggers,
3270 4259 95 37 both
3392 4256 128 47 single
3546 4258 78 36 and
3650 4257 165 37 double.

2874 4307 93 29 Fitted
2978 4308 65 28 with
3053 4308 87 28 either
3150 4308 78 29 Hard
3245 4307 144 38 Tempered
3399 4306 71 27 Steel
3481 4317 32 16 or
3523 4305 135 28 Diamond
3669 4306 105 27 Chilled
3787 4305 202 28 MouMboards.

2875 4358 195 29 DALZIEL'S
3090 4358 151 30 PATEVT
3259 4356 237 32 DUST-I'ROOE
3518 4355 156 29 PLOUGH
3691 4355 161 28 WHEELS
3864 4356 125 37 supplied

2959 4399 77 29 when
3050 4399 125 38 required
3189 4403 29 25 at
3231 4410 33 18 an
3279 4405 77 23 extra
3368 4402 59 24 cost
3437 4398 29 28 of
3481 4398 44 28 15s
3535 4406 48 27 per
3593 4402 41 21 set
3644 4395 30 28 of
3682 4394 86 29 Three
3780 4393 118 30 Wheels.

2869 4541 24 20 In
2904 4541 49 20 size*
2964 4540 51 21 from
3027 4540 32 22 6ft
3069 4542 21 19 to
3100 4541 44 21 12ft
3155 4541 56 22 wide.
3239 4540 69 22 Fitted
3321 4538 48 22 with
3380 4541 71 23 patent
3459 4537 127 27 adjustment
3595 4536 31 21 for
3640 4536 111 26 equalising
3762 4536 34 21 the
3807 4536 80 26 weight,
3905 4543 22 14 so
3940 4537 45 21 that

2869 4569 35 20 the
2920 4569 52 20 discs
2981 4571 36 19 cut
3038 4569 111 26 uniformly
3158 4569 52 26 deep
3220 4569 27 21 all
3265 4575 48 14 over
3321 4569 22 19 at
3359 4573 38 18 any
3416 4565 65 27 angle.
3508 4565 42 21 The
3568 4564 48 26 only
3635 4564 62 26 really
3711 4564 51 26 good
3772 4564 42 22 disc
3829 4564 79 21 harrow
3918 4564 19 22 i.i
3948 4565 35 21 the

2973 4597 87 20 market.
3087 4597 43 20 The
3140 4598 92 25 bearings
3244 4596 40 20 will
3295 4589 118 27 uotcutthe
3422 4595 53 23 axle,
3486 4593 41 19 and
3537 4593 71 24 hardly
3621 4598 47 14 ever
3678 4598 78 19 require
3769 4598 46 14 renu
3821 4592 59 25 wing,
3889 4602 5 3 -

2903 4662 89 30 NEW
3028 4663 179 30 POSITIVE
3239 4661 100 31 FEED
3370 4652 238 38 BROADCAST'
3633 4657 96 31 SEED
3768 4657 173 30 SOWERS!

2942 4713 67 21 THIS
3024 4715 25 19 IS
3063 4715 215 20 UNDOUBTEDLY
3292 4713 57 21 THE
3362 4712 77 20 ONLY
3453 4711 77 21 GOOD
3546 4710 165 21 BROADCAST
3723 4710 71 21 SEED
3807 4710 106 21 SOWER.

3168 4781 79 30 OUR
3285 4779 149 32 PATENT

2942 4822 203 32 COMBINED
3175 4823 131 35 GRAIN,
3340 4820 174 36 MANURE,
3542 4820 25 29 &
3598 4814 145 35 T(JRN£P
3782 4818 127 30 DRILL;

2867 4862 85 25 Greatly
2965 4864 106 25 improved
3087 4864 31 20 for
3133 4864 40 20 this
3187 4870 79 14 season.
3295 4862 58 21 Mide
3368 4861 19 19 in
3403 4861 28 19 all
3446 4860 145 20 combinations
3606 4859 41 19 and
3662 4861 20 17 to
3698 4865 41 12 so.v
3756 4859 55 23 grain
3827 4865 22 13 or
3865 4862 23 16 tu
3891 4859 53 25 flips
3960 4863 20 15 at

2869 4889 47 26 will,
2930 4890 48 21 with
2989 4899 23 13 or
3022 4892 87 20 without
3120 4898 90 19 manure,
3221 4897 22 14 as
3253 4890 86 21 desired.
3367 4887 73 22 Thesis
3457 4888 35 20 the
3508 4887 47 21 drill
3570 4887 31 20 for
3616 4886 35 20 the
3666 4886 64 20 tinns.
3760 4885 20 21 AI
3787 4885 32 21 ide
3827 4892 41 19 any
3913 4894 5 12 t
3929 4885 52 23 from

2868 4918 46 19 tour
2925 4921 20 16 to
2954 4919 56 26 eight
3021 4920 96 22 coulters,
3133 4919 41 20 and
3191 4919 44 20 I4in
3246 4918 91 21 between
3348 4916 35 20 the
3398 4915 70 24 drills;
3487 4915 39 21 and
3535 4915 32 20 for
3575 4915 57 25 grain
3641 4913 40 22 7in.
3708 4913 69 21 .titled
3788 4913 49 21 With
3852 4920 43 14 uew
3906 4920 70 20 pit^ni

3321 4943 114 26 adjustable
3445 4943 94 20 coulters.

3130 5014 181 29 CHAFFCU
3321 5011 108 31 L'TJSRS
3467 5019 56 20 AND
3560 5008 172 30 BAGGERS

3076 5065 155 38 Chaff
3238 5067 203 36 cutters
3487 5061 80 46 (all
3618 5059 168 47 sizes),

2867 5150 206 32 AMERICAN
3099 5152 170 30 WOODEN
3295 5150 181 30 HILLSIDE
3505 5147 186 36 PLOUGHS,
3720 5150 38 28 £3
3789 5151 48 27 10.4
3866 5148 113 30 EACH.

2915 5191 106 21 TRIPOD
3039 5193 148 23 HARROWS.
3205 5192 78 22 GRUB
3288 5192 32 20 BE
3325 5192 36 25 US,
3377 5190 99 26 DRAYS,
3494 5188 167 22 CAMBRIDGE
3678 5188 132 28 ROLLERS,
3822 5189 108 22 TURNIP

2940 5219 124 27 SLICKRS,
3074 5221 132 21 PULPERS.
3222 5220 74 21 WIRE
3306 5218 161 22 STRAINERS.
3485 5216 127 26 BINDERS,
3626 5216 69 25 OILS,
3711 5216 92 23 HORSE
3814 5218 92 25 NAILS,

3113 5249 57 21 BAR
3186 5248 79 27 IRON,
3280 5247 39 22 and
3333 5247 27 21 all
3374 5243 205 25 BLACKSMITHS'
3595 5243 149 22 SUNDRIES.

3034 5310 150 56 {Plain
3200 5311 83 38 and
3299 5308 158 38 Barbed
3472 5307 187 46 Fencing

2893 5366 82 17 pbices.
3036 5348 16 40 1
3143 5359 20 40 j
3166 5369 75 30 ron
3262 5358 188 46 Fencing
3471 5355 240 40 Standards.

3682 5306 138 81 Wirej

3850 5306 134 22 Exception-

3864 5338 54 15 AhLY
3930 5340 45 15 LOW

3876 5365 80 20 PKICKS.

2927 5452 282 30 SPRING-TOOTH
3236 5449 242 34 CULTIVATOR
3497 5447 24 30 &
3542 5448 130 31 COUCH
3694 5447 235 33 DESTROYER.

2873 5491 78 29 With
2964 5503 31 18 or
3008 5494 117 28 without
3139 5493 158 29 Seedboxes
3311 5493 43 27 for
3367 5491 82 28 Grain
3458 5489 53 28 and
3526 5489 82 29 Grass
3617 5500 31 18 or
3663 5489 125 30 Canister
3800 5491 50 28 for
3856 5491 129 38 Turnips:
3998 5509 8 5 -

3224 5535 41 27 As
3279 5543 39 18 we
3332 5531 79 29 make
3422 5531 23 28 it
3457 5530 22 28 it
3490 5529 23 28 is
3527 5529 117 30 Perfect.

2876 5607 165 49 Deering
3060 5606 105 50 Pony
3193 5608 33 39 &
3251 5605 176 47 All-steel
3451 5602 228 44 Harvesters
3704 5607 83 38 and
3812 5606 194 43 Binders.;-

3027 5656 140 23 LIGHTEST
3180 5655 140 23 DBAUUHT
3334 5654 59 21 AND
3407 5651 67 23 BEST
3487 5654 108 20 BINDER
3609 5654 32 20 IN
3655 5653 60 22 THE
3727 5654 103 21 WOULD

2966 5729 27 29 II
3006 5727 228 32 LUSTRATED
3273 5724 229 33 CATALOGUE
3541 5725 49 30 ON
3607 5740 5 10 .
3631 5726 288 33 APPLICATION,-
