4240 5910
1865 1398 140 41 Mount
2033 1398 167 41 Benger
2228 1398 140 41 Mail.

1997 1505 62 20 JUST
2078 1504 55 21 AND
2152 1503 66 21 FEAR

1962 1584 117 26 FRIDAY,
2093 1584 194 26 MAY
2295 1584 24 26 14,
2327 1584 41 26 1897.

1869 1670 41 19 We
1925 1669 123 21 understand
2064 1668 45 21 that
2125 1668 35 20 the
2178 1668 39 20 fine
2232 1667 40 20 and
2290 1667 27 20 all
2332 1668 60 23 costs,

1843 1696 120 23 amounting
1973 1700 22 17 to
2010 1696 41 21 £3l
2064 1696 32 21 12s
2105 1695 33 26 6d,
2149 1696 19 20 in
2183 1694 36 21 the
2231 1701 46 14 case
2293 1694 68 21 Police
2373 1701 21 14 v.

1845 1724 54 21 Win.
1911 1724 116 26 M'Carthy,
2037 1724 36 20 has
2082 1724 50 20 been
2144 1722 53 27 paid.

1869 1766 47 20 Thk
1926 1765 112 25 Roxburgh
2044 1764 67 21 school
2117 1762 68 22 closed
2192 1769 26 14 on
2225 1761 93 26 Tuesday
2327 1768 53 15 morn-

1845 1792 33 26 ing
1884 1794 18 19 in
1910 1800 10 14 c
1928 1799 118 20 >nsequence
2055 1792 21 20 of
2083 1792 34 20 the
2125 1797 92 19 presence
2224 1790 21 21 of
2253 1789 74 21 scarlet
2337 1789 56 20 fever

1845 1820 19 22 iu
1874 1820 35 22 the
1918 1820 87 22 district.
2032 1820 21 21 It
2064 1819 39 22 will
2116 1825 20 15 re
2146 1825 51 21 open
2206 1825 26 14 on
2244 1816 94 28 Monday.

1869 1861 47 20 The
2078 1858 75 22 Herald
2178 1859 63 20 states
2259 1856 47 22 that
2320 1856 76 21 scarlet

1845 1889 15 19 f»
1866 1894 43 17 ver,
1920 1887 41 20 suit!
1972 1891 22 16 to
2002 1888 24 19 be
2035 1886 22 21 of
2066 1893 12 13 a
2088 1886 110 24 malignant
2215 1886 58 24 type,
2284 1884 36 20 has
2337 1883 59 21 made

1846 1915 25 21 it*
1888 1921 125 20 appearance
2030 1916 22 18 at
2063 1913 155 26 Bannockburn,
2232 1912 43 20 also
2285 1911 19 21 in
2314 1917 11 14 a
2340 1910 51 22 mild

1846 1944 51 19 form
1909 1946 21 16 at
1942 1942 79 22 Black?.

1874 1978 26 22 In
1910 1985 11 14 a
1931 1976 111 29 paragraph
2053 1975 66 23 which
2128 1975 99 27 appeared
2244 1974 21 22 in
2279 1974 41 23 hit
2334 1974 61 27 issue,

1847 2007 101 23 referring
1957 2006 65 19 tnthe
2031 2012 43 13 case
2084 2004 67 21 Police
2157 2003 111 22 v.William
2279 2002 117 26 M'Carthy,

1857 2034 24 20 he
1892 2032 65 22 initial
1992 2032 21 21 M
2043 2030 78 23 instead
2128 2030 21 21 of
2260 2036 39 14 was
2307 2030 89 26 through

1847 2070 11 13 a
1868 2061 95 28 printer's
1974 2067 64 21 error,
2049 2058 94 24 inserted.

1871 2112 44 20 The
1936 2110 104 26 following
2063 2110 51 20 have
2140 2108 50 21 been
2208 2108 110 26 appointed
2345 2108 51 20 New

1847 2138 88 22 Zealand
1957 2138 102 26 delegates
2079 2139 21 18 to
2121 2135 35 22 the
2175 2135 51 22 fruit,
2236 2135 118 21 conference
2372 2136 22 19 at

1850 2164 222 24 Brisbane:-Edward
2090 2163 104 26 Morrison,
2214 2162 107 23 Auckland
2330 2169 5 18 ;
2364 2162 31 23 M.

1848 2195 99 26 Murphy,
1978 2192 159 25 Christchurch;
2168 2192 27 21 M.
2221 2190 114 28 Campbell,
2342 2190 41 21 Rox-

1838 2217 1 31 -1
1847 2222 80 26 burgh;

1872 2262 47 21 THK
1935 2259 86 23 interior
2045 2258 22 23 of
2086 2258 37 23 the
2145 2256 49 24 local
2212 2257 123 22 courthouse
2359 2256 38 23 has

1838 2281 1 36 |
1848 2290 90 27 receutly
1952 2289 51 21 been
2017 2286 116 28 renovated,
2151 2287 35 21 the
2204 2286 63 26 walls,
2282 2286 60 21 desks
2356 2285 41 22 and

1848 2317 78 23 fittings
1947 2317 76 24 having
2114 2314 77 21 stained
2213 2314 39 20 and
2278 2314 117 21 varnished.

1849 2345 73 20 Messrs
1931 2345 79 24 Kooney
2018 2342 39 21 and
2064 2342 101 20 Kinaston
2172 2348 50 14 were
2229 2341 35 20 the
2271 2343 126 19 contractors

1847 2372 32 22 for
1888 2371 35 21 the
1935 2371 55 21 work

1872 2412 47 22 TH2
1945 2411 36 23 7'h
2002 2410 52 27 July
2067 2409 16 23 is
2101 2409 91 26 gnz*tt»d
2217 2416 21 14 as
2259 2408 67 22 Arbor
2351 2408 45 28 Day

1847 2439 127 26 through"'Ut
2005 2439 35 20 the
2068 2438 78 21 colony.
2175 2436 37 22 We
2238 2437 54 25 hope
2319 2439 22 19 to
2364 2442 33 16 see

1848 2467 138 26 preparations
2001 2465 59 22 made
2075 2465 31 21 for
2116 2464 14 10 *'
2139 2472 13 14 a
2161 2464 69 22 record
2269 2465 20 20 in
2306 2465 92 26 planting

1847 2495 46 21 that
1911 2495 48 26 day,
1978 2502 23 12 as
2019 2493 85 26 thereby
2123 2492 35 22 the
2177 2495 54 19 town
2250 2493 148 26 surroundings

1847 2523 65 24 might
1921 2523 24 19 be
1959 2521 60 21 much
2030 2521 114 20 beautified.

1872 2561 30 26 By
1913 2560 160 22 advertisement
2081 2558 112 22 elsewhere
2203 2558 16 22 it
2230 2558 39 22 will
2280 2558 25 20 be
2314 2558 83 22 noticed

1846 2589 46 21 that
1917 2588 35 21 the
1981 2589 51 20 Rev.
2051 2587 20 21 J.
2093 2587 29 21 H.
2144 2587 83 26 Hooper
2245 2586 40 21 will
2310 2587 88 21 conduct

1846 2615 103 22 memorial
1969 2615 86 21 services
2073 2614 32 21 for
2130 2613 35 22 the
2184 2614 40 21 late
2234 2614 32 21 Mr
2277 2613 82 22 Manual
2377 2614 20 21 in

1846 2644 35 21 the
1898 2643 96 27 Weslyan
2013 2641 106 22 Churches
2136 2643 22 20 at
2176 2641 48 21 Coal
2234 2641 66 22 Creek
2310 2643 22 19 at
2340 2641 13 21 3
2363 2648 35 21 pm

1845 2671 41 22 and
1895 2670 112 26 Roxburgh
2017 2670 12 21 7
2038 2676 33 20 pm
2082 2676 25 14 on
2119 2669 82 27 Sunday
2214 2671 57 20 next.

1871 2710 48 20 The
1926 2710 65 20 steam
2001 2708 66 27 riding
2076 2707 76 27 gallery
2168 2707 37 21 has
2219 2707 50 22 been
2285 2707 36 21 the
2337 2709 61 20 event

1846 2738 22 21 of
1875 2737 36 20 the
1921 2737 63 25 week,
1995 2736 39 21 and
2045 2735 36 21 has
2087 2735 100 21 attracted
2195 2743 12 13 a
2215 2735 54 25 large
2276 2736 122 21 attendance

1838 2758 1 32 !
1847 2765 62 25 daily.
1936 2764 41 21 Old
1985 2763 39 20 and
2035 2770 68 20 young
2117 2763 53 20 alike
2185 2770 34 13 are
2236 2763 80 20 victims
2330 2766 23 17 to
2367 2763 27 21 its

1847 2792 50 23 fatal
1907 2791 127 23 fascination.
2043 2790 38 23 and
2092 2790 58 22 there
2164 2789 16 23 is
2190 2790 58 28 quite
2257 2798 12 14 a
2278 2797 39 16 run
2328 2798 26 15 on
2370 2792 27 21 all

1848 2822 35 20 the
1904 2820 98 21 available
2051 2820 49 24 fiery
2123 2819 73 21 steeds.
2236 2819 43 21 The
2299 2826 101 19 company

1847 2855 34 12 are
1896 2851 22 17 to
1935 2847 26 18 be
1978 2845 154 26 congratulated
2143 2852 24 13 on
2179 2846 36 19 the
2223 2848 142 22 management
2378 2846 21 20 of

1848 2874 37 20 the
1894 2873 84 26 gallery,
1989 2873 35 20 the
2035 2872 128 27 pr<»cftedings
2180 2872 58 23 bein*
2248 2872 151 27 exceptionally

1848 2900 87 27 orderly.
1963 2899 58 27 They
2031 2900 76 21 remain
2118 2904 32 17 for
2158 2907 12 14 a
2179 2899 39 25 few
2227 2899 50 27 days
2286 2899 75 27 longer.

1874 2940 32 21 AT
1916 2939 35 21 the
1960 2938 90 26 meeting
2059 2938 21 21 of
2093 2938 36 21 the
2140 2939 72 20 Tevior.
2227 2938 38 21 and
2283 2938 116 22 Alexandra

1850 2966 149 26 Fruitgrowers'
2016 2966 105 27 Company
2142 2974 26 13 on
2184 2966 101 21 Saturdav
2304 2966 93 26 evening,

1848 2995 35 20 the
1891 2996 101 24 secretary
2001 2994 66 19 stated
2078 2994 46 19 that
2135 2994 57 20 there
2208 3001 39 12 was
2266 2993 54 22 £2't2
2330 2994 34 20 12s
2373 2994 27 21 7d

1849 3021 65 22 worth
1925 3021 20 21 of
1954 3021 73 21 Tcviot
2032 3020 51 21 fruit
2091 3020 42 21 sold
2142 3023 35 19 out
2184 3020 21 21 of
2214 3020 93 21 Dunedin
2315 3020 83 27 (mostly

1848 3051 21 19 at
1884 3048 146 23 Christchurch
2046 3048 40 22 and
2109 3048 134 26 Wellington)
2261 3048 41 22 this
2321 3056 74 15 season,

1838 3076 1 27 j
1847 3078 49 20 This
1905 3077 87 21 relieved
2000 3077 34 20 the
2045 3076 95 21 Dunedin
2154 3077 80 21 market
2248 3076 148 27 considerably,

1838 3104 1 22 i
1848 3105 38 20 and
1897 3104 54 21 their
1961 3111 94 15 manager
2114 3108 21 16 'o
2142 3104 24 19 be
2176 3104 130 20 commended
2319 3104 32 20 for
2360 3105 38 20 not

1838 3130 1 28 |
1848 3132 74 25 having
1932 3131 85 21 allowed
2027 3130 53 22 their
2087 3131 97 26 principal
2192 3131 80 21 market
2279 3133 21 19 to
2311 3131 84 21 become

1838 3158 1 35 |
1847 3166 48 15 over
1904 3158 101 28 supplied.

1874 3200 47 20 Our
1939 3199 46 26 lady
2005 3198 79 21 readers
2102 3198 108 26 e«peoiallv
2229 3198 41 21 will
2293 3198 25 20 be
2337 3199 59 21 much

1838 3225 1 22 :
1849 3227 109 20 interested
1977 3227 19 19 in
2017 3225 73 21 Messrs
2099 3225 93 21 Talboy's
2203 3227 164 19 announcement
2374 3226 20 20 in

1838 3251 1 31 j
1848 3260 37 14 our
1903 3253 124 22 advertising
2045 3252 92 21 columns
2148 3252 41 20 this
2200 3253 61 19 week.
2290 3251 43 22 The
2352 3258 44 16 new

1850 3283 71 19 winter
1936 3281 60 23 goods
2006 3281 43 25 just
2059 3281 19 19 in
2088 3287 34 13 are
2139 3287 44 13 now
2194 3281 58 23 being
2269 3279 78 26 shown,
2356 3280 40 21 and

1838 3307 1 26 !
1849 3309 34 20 «he
1893 3308 63 20 result
1965 3307 15 21 is
1991 3315 11 13 a
2012 3310 51 17 most
2074 3308 100 24 tempting
2182 3307 82 26 display
2274 3307 23 20 of
2305 3307 42 21 rich
2358 3307 39 22 and

1838 3334 1 29 |
1849 3335 124 22 fashionable
2002 3334 102 22 materials
2140 3335 32 21 Mr
2198 3335 73 26 Sands,
2292 3335 35 21 the
2346 3334 50 22 local

1850 3370 99 19 manager,
1957 3362 35 21 ha«
1999 3363 59 21 made
2064 3370 24 12 an
2096 3363 77 20 artistic
2182 3363 80 25 display
2273 3365 22 17 at
2305 3363 35 20 the
2346 3363 51 26 shop

1838 3389 1 26 i
1848 3391 40 20 :i»»d
1948 3390 34 20 'he
1994 3390 83 20 windo*
2088 3389 98 26 dressing,
2196 3397 22 11 «o
2228 3390 46 20 that
2287 3390 35 21 the
2335 3389 63 21 ladies

1849 3418 44 20 who
1911 3417 49 21 wish
1971 3419 21 19 to
2002 3425 33 13 see
2053 3417 35 20 the
2099 3416 60 21 latest
2170 3417 89 21 fashions
2279 3417 41 21 will
2336 3417 60 21 much

1848 3446 60 25 enjov
1915 3454 10 10 a
1936 3446 55 20 v'sit.

1897 3472 61 21 How'
1967 3472 29 21 To
2009 3471 29 21 Be
2057 3471 82 27 Harvey,
2154 3471 85 27 Though

1846 3501 54 22 That
1918 3501 16 20 is
1951 3507 12 15 a
1985 3502 65 19 stcet
2067 3499 65 21 which
2151 3506 61 20 many
2232 3500 66 22 wou'd
2316 3500 42 22 like
2375 3502 23 20 to

1848 3535 77 20 poss-ss
1960 3528 46 22 And
2020 3530 35 24 ytt
2064 3528 17 19 it.
2090 3528 16 19 is
2116 3534 21 13 so
2147 3527 30 20 far
2191 3529 37 19 out
2238 3528 21 21 of
2267 3535 38 14 our
2323 3528 57 22 reach
2390 3529 5 21 !

1848 3557 60 20 After
1917 3556 34 24 all,
1962 3555 70 22 health
2042 3555 17 21 is
2067 3554 36 21 the
2112 3554 44 21 best
2164 3558 110 23 guarantee
2280 3556 22 21 of
2309 3564 11 13 a
2328 3556 68 26 happy

1847 3583 86 22 married
1941 3584 43 24 lif»,
1995 3582 39 21 and
2046 3582 49 21 with
2105 3582 62 21 sound
2176 3582 70 21 health
2253 3590 26 13 on
2288 3583 49 21 both
2344 3584 53 20 sides

1846 3610 18 21 it
1873 3610 39 20 will
1923 3610 24 19 be
1958 3610 74 24 mainly
2043 3608 54 21 one's
2107 3608 51 21 fault,
2168 3609 16 20 if
2190 3608 110 27 happiness
2313 3611 41 20 'oes
2360 3613 37 18 not

1846 3646 5 9 •
1858 3644 57 15 nsn».
1941 3637 65 25 Then,
2017 3635 102 22 husbands
2128 3636 38 21 and
2178 3636 70 28 wives,
2258 3637 68 27 purify
2346 3645 49 18 your

1846 3666 66 22 bloijd,
1943 3665 111 25 invigorate
2072 3671 51 21 your
2145 3671 79 21 nerves,
2245 3670 93 23 promote
2360 3666 36 22 tha

1846 3694 84 25 healthy
1941 3701 23 13 ac
1975 3695 31 19 ion
2013 3693 22 20 of
2040 3700 52 19 your
2099 3692 57 26 liver,
2164 3700 47 13 cure
2217 3700 52 18 your
2276 3693 119 27 headaches,

1846 3725 75 16 restore
1932 3728 50 12 vour
1987 3720 91 26 appetite
2085 3719 78 26 banish,
2173 3720 120 27 flatulency,
2310 3721 74 24 indiges-

1846 3749 41 19 tion
1899 3748 40 21 and
1949 3747 108 24 lowfpirits
2068 3746 25 22 by
2115 3753 35 14 use
2159 3746 21 22 of
2199 3746 36 22 the
2255 3747 141 23 world-famed

1846 3777 123 25 H'lloway's
1977 3775 54 22 Pills.
2060 3773 19 23 If
2086 3775 21 19 at
2113 3781 39 20 any
2159 3775 49 20 time
2216 3781 39 20 you
2267 3775 64 21 suffer
2343 3776 52 21 from

1845 3807 57 22 g'«ut.
1921 3799 139 25 ihVumatism.
2081 3801 118 25 bronchitis,
2217 3803 89 26 asthma,
2316 3810 23 14 or
2352 3810 44 14 sore

1845 3832 76 23 thioat,
1932 3838 34 13 u«e
1976 3830 63 21 freely
2050 3829 122 26 Holloway's
2184 3829 119 23 Ointment.
2331 3831 22 21 It
2360 3831 36 21 has

1844 3859 61 21 cured
1917 3858 87 20 millions
2012 3864 5 17 ;
2028 3857 17 21 it
2053 3856 39 22 will
2102 3864 47 13 cure
2159 3864 47 18 you.

1872 3899 14 20 A
1897 3898 76 21 serious
1978 3896 91 22 nceid-nt,
2075 3895 105 26 happened
2191 3897 23 19 at
2223 3897 118 20 Stronach's
2351 3897 43 21 coal

1845 3926 33 21 mil
1886 3934 12 13 e
1906 3933 26 14 on
1941 3925 83 23 Sunday
2031 3924 83 26 evening
2122 3923 62 22 about
2191 3924 12 21 5
2210 3923 87 23 o'olock.
2302 3924 92 27 whereby

1846 3955 31 19 Mr
1886 3954 98 21 Stmnach
1995 3953 38 19 lost
2047 3953 31 21 his
2089 3952 31 23 leg
2134 3951 63 21 Mow
2213 3953 36 20 the
2266 3953 59 22 knee.
2351 3953 44 21 The

1845 3982 28 23 pit
1885 3981 39 20 hnd
1935 3981 49 19 been
1994 3980 79 20 flooded
2090 3979 26 26 by
2132 3980 62 18 water
2208 3979 31 20 for
2259 3986 55 14 some
2328 3980 66 20 weeks

1845 4010 52 23 past,
1907 4008 40 21 and
1958 4008 49 25 they
2018 4008 50 19 have
2078 4005 49 22 been
2140 4006 99 27 pumping
2249 4006 144 27 continuously

1845 4036 31 21 for
1886 4029 3 28 -
1898 4036 49 21 b'mt.
1954 4036 58 20 three
2023 4034 72 22 weeks.
2122 4033 20 22 If
2149 4033 26 20 all
2187 4029 40 26 had
2234 4041 52 16 gone
2294 4034 45 21 well
2349 4034 43 21 coal

1846 4063 65 20 would
1923 4063 50 20 have
1983 4062 49 20 been
2043 4063 35 20 not
2086 4062 37 19 out
2131 4061 20 20 in
2162 4060 36 20 the
2206 4067 71 13 course
2289 4061 22 19 of
2330 4068 12 13 a
2356 4061 38 20 few

1845 4090 55 27 days.
1928 4090 21 22 It,
1955 4096 84 18 appears
2046 4088 37 23 the
2089 4094 63 22 pump
2159 4087 47 22 rods
2212 4087 39 22 had
2258 4087 51 22 been
2317 4087 76 24 hauled

1844 4127 28 15 up
1881 4120 31 20 for
1926 4119 83 25 repairs,
2027 4116 41 23 and
2086 4116 68 22 whis't
2172 4116 96 26 lowering
2285 4116 57 22 them
2363 4116 31 21 Mr

1844 4146 99 21 Stronacli
1953 4148 34 22 got
1997 4146 31 19 his
2037 4145 30 23 leg
2082 4144 20 21 in
2112 4151 11 13 a
2132 4144 59 25 bight
2201 4144 22 19 of
2232 4143 36 20 the
2279 4144 48 20 wire
2334 4151 53 18 rope,

1846 4174 63 20 which
1917 4174 35 20 cut
1962 4173 31 21 his
2006 4172 32 24 leg
2052 4172 55 20 clean
2121 4172 36 25 off,
2185 4170 33 21 He
2238 4177 39 14 was
2297 4170 95 21 r®moved

1844 4209 21 13 as
1879 4200 83 27 quickly
1972 4207 21 13 as
2002 4198 87 28 possible
2099 4201 20 18 to
2129 4198 35 21 the
2179 4198 107 21 Cromwell
2298 4198 96 22 Ho«pital

1843 4229 40 21 and
1893 4227 98 22 attended
1999 4229 22 19 to
2031 4226 27 27 by
2067 4226 30 21 Dr
2108 4226 78 26 Morris,
2198 4225 45 21 who
2253 4225 16 21 is
2281 4226 21 20 of
2311 4225 82 26 opinion

1843 4257 47 20 that
1900 4255 35 21 the
1945 4255 32 25 leg
1987 4254 40 21 will
2038 4254 51 20 have
2099 4254 21 20 to
2130 4255 22 19 he
2159 4252 119 27 amputated
2285 4253 64 20 above
2356 4253 37 21 the

1843 4285 59 21 knee.
1931 4283 62 21 Much
2005 4281 108 26 sympathy
2123 4281 16 21 is
2149 4281 37 21 felt
2199 4281 33 21 for
2243 4280 31 21 Mr
2284 4280 108 24 Stronach,

1843 4319 21 13 ns
1873 4311 25 21 he
1909 4311 36 20 has
1951 4311 49 20 been
2008 4309 85 25 fighting
2099 4308 78 24 against
2182 4308 38 20 bad
2229 4307 47 21 luck
2283 4314 47 14 ever
2338 4308 55 20 since

1843 4340 25 20 he
1880 4339 76 20 started
1968 4337 50 22 with
2036 4337 36 21 the
2090 4335 170 28 pit.—Cromwell
2278 4342 104 20 correspon-

1841 4367 57 21 dent.

1869 4405 32 21 At
1915 4403 36 22 the
1968 4401 106 28 quarterly
2090 4401 89 27 meeting
2196 4400 22 22 of
2235 4400 36 22 the
2290 4401 61 23 Hope
2370 4401 23 22 of

1846 4431 110 27 Roxburgh
1974 4430 75 25 Lodge,
2062 4429 92 22 1.0.G.T
2165 4446 5 9 ,
2186 4428 47 22 held
2250 4429 38 19 last
2305 4428 88 22 Monday

1843 4459 94 24 evenine,
1947 4459 35 21 the
1992 4457 105 26 following
2105 4457 76 20 officers
2197 4462 51 15 were
2261 4456 94 22 installed
2366 4457 27 24 by

1844 4488 48 20 Bro.
1909 4487 107 23 Bloxham,
2034 4484 138 21 L.D.~r=Bro.
2191 4483 73 25 Moyle,
2274 4483 47 21 O.T.
2335 4491 5 16 ;
2353 4484 38 20 Sis.

1845 4513 117 26 M'Kenzie,
1986 4511 69 25 V.T.;
2078 4511 48 20 Bio.
2153 4510 85 25 Turner,
2265 4509 59 23 Sen.;
2345 4510 46 20 Bro.

1845 4542 90 26 Hociper,
1959 4540 39 24 C.;
2018 4539 47 22 Bro.
2095 4536 114 25 Matthews,
2241 4535 89 27 P.C.T.;
2353 4536 38 22 Sis.

1843 4568 131 23 Sutherland.
1996 4567 17 21 T
2027 4574 5 18 ;
2047 4567 46 21 Bro.
2125 4563 113 27 Campbell,
2267 4563 47 22 F.T.
2325 4571 6 18 ;
2353 4564 38 22 Sis.

1846 4597 99 20 Redman.
1956 4595 84 23 S.J.T.;
2055 4595 46 19 Bro.
2112 4591 27 21 M'
2144 4591 89 23 Walker,
2246 4591 42 23 M.;
2304 4592 36 20 Sis.
2360 4592 27 20 H.

1843 4622 106 25 Tamblyn,
1975 4621 73 21 D.M.:
2069 4621 47 20 Bro.
2146 4617 89 26 Michell,
2266 4617 46 22 I.G.
2323 4624 6 19 ;
2342 4619 47 20 Bro.

1843 4651 92 25 Ror.ney,
1954 4648 54 23 O.G.
2034 4647 44 22 The
2090 4645 116 26 secretary's
2223 4647 70 24 report
2309 4645 31 22 for
2355 4645 36 23 the

1843 4680 45 25 past
1897 4679 83 25 quarter
1990 4676 81 21 showed
2086 4675 34 22 the
2129 4673 59 26 lodge
2202 4675 22 19 to
2239 4674 23 20 he
2278 4673 20 22 in
2315 4681 12 14 a
2342 4682 50 18 very

1843 4705 50 26 good
1912 4706 60 23 state,
1989 4703 40 20 and
2043 4703 73 24 during
2130 4701 37 20 the
2184 4703 84 24 quarter
2288 4708 12 13 a
2317 4701 73 23 degree

1843 4729 59 27 lodge
1911 4730 21 21 of
1944 4737 59 14 seven
2015 4730 99 19 members
2123 4727 39 21 had
2169 4727 49 20 been
2226 4727 85 22 started.
2339 4728 39 20 Dur-

1843 4760 33 26 ing
1886 4759 35 22 the
1931 4758 84 26 evening
2024 4756 74 25 feeling
2115 4754 101 23 reference
2233 4762 39 13 was
2290 4755 59 22 made
2365 4755 27 27 by

1846 4789 52 20 Bros.
1909 4786 100 22 Bloxham
2019 4785 39 21 and
2069 4784 83 33 Hooper
2161 4784 23 19 to
2191 4783 35 20 the
2235 4782 40 21 loss
2287 4783 103 21 sustained

1843 4815 27 27 by
1879 4814 36 21 the
1923 4814 59 26 lodge
1991 4813 20 20 in
2020 4812 37 21 the
2067 4810 61 23 death
2138 4810 22 21 of
2174 4810 47 22 Bro.
2232 4810 89 21 Manuel,
2333 4811 39 20 and
2380 4817 12 14 a

1844 4842 75 21 motion
1930 4840 76 22 carried
2017 4839 46 21 that
2074 4846 12 13 a
2095 4838 61 21 letter
2165 4838 22 19 of
2196 4838 110 26 sympathy
2313 4838 24 20 be
2347 4840 45 18 sent

1844 4873 21 18 to
1875 4869 42 21 Mrs
1927 4867 81 22 Manuel
2016 4866 39 22 and
2061 4865 78 23 family.
2162 4864 68 21 Three
2238 4871 45 14 new
2290 4865 99 21 members

1845 4905 51 13 were
1911 4895 93 23 initiated
2019 4894 39 21 and
2076 4902 10 13 a
2103 4893 53 24 large
2171 4894 85 19 amount
2274 4892 21 21 of
2311 4893 81 21 routine

1845 4925 90 21 business
1950 4931 50 19 gone
2016 4922 96 26 through,
2126 4920 54 21 after
2194 4920 66 21 which
2278 4920 36 21 the
2334 4920 59 26 lodge

1844 4952 66 22 closed
1919 4953 21 19 in
1950 4951 35 21 the
1993 4950 57 21 usual
2060 4955 91 15 manner.

1869 4992 48 20 The
1943 4990 93 21 ordinary
2063 4986 93 28 monthly
2183 4985 102 25 meeeting
2311 4985 21 22 of
2357 4986 36 21 the

1845 5019 111 26 Roxburgh
2008 5016 94 26 Borough
2151 5012 83 23 Council
2269 5020 40 14 was
2345 5013 48 22 held

1846 5050 21 17 at
1899 5047 36 19 the
1966 5044 83 22 Council
2086 5042 110 22 Chambers
2231 5047 25 13 on
2286 5040 107 24 Thursday

1846 5074 48 24 (last
1922 5072 72 21 week).
2038 5071 83 20 Present
2170 5068 44 20 The
2251 5067 71 25 Mayor
2353 5066 40 21 and

1846 5103 37 21 Crs
1893 5099 113 26 M'Mullin,
2016 5098 101 25 Courtier,
2127 5096 39 21 and
2176 5095 86 26 Jeffery.
2291 5095 102 20 Accounts

1847 5129 121 24 amounting
1992 5129 22 19 to
2033 5127 40 21 £ls
2090 5125 33 22 12s
2147 5123 26 22 9d
2191 5129 52 15 were
2266 5122 70 27 passed
2362 5122 32 21 for

1846 5158 98 25 payment
1978 5156 18 19 A
2023 5154 61 20 letter
2110 5159 39 13 was
2173 5150 91 21 received
2288 5150 52 19 from
2361 5150 32 19 Mr

1848 5183 92 25 Dalziell,
1959 5181 96 26 solicitor,
2067 5179 49 21 with
2133 5177 102 21 reference
2245 5177 21 19 to
2276 5176 35 19 the
2332 5175 59 20 mode

1846 5210 22 22 of
1886 5209 110 27 procedure
2014 5208 31 21 for
2064 5207 34 22 the
2115 5211 94 19 recovery
2224 5203 22 21 of
2340 5202 52 21 from

1847 5240 125 24 mortgagees
1989 5237 20 20 in
2027 5243 53 14 cases
2092 5235 64 20 where
2166 5232 35 21 the
2210 5238 77 14 owners
2297 5230 61 21 failed
2372 5232 21 19 to

1847 5273 45 19 pay.
1921 5266 19 19 A
1958 5263 85 22 circular
2061 5263 51 20 from
2131 5261 35 20 the
2192 5257 199 26 Registar-General,

1846 5293 73 24 asking
1928 5292 31 20 for
1969 5291 36 20 the
2020 5289 74 22 annual
2104 5287 97 22 statistics
2210 5285 22 21 of
2246 5285 36 20 the
2295 5285 94 25 Borough

1847 5320 75 26 (which
1932 5318 39 21 had
1980 5318 82 26 already
2072 5317 49 21 been
2128 5313 61 26 sent),
2197 5320 40 14 was
2244 5312 42 20 also
2292 5311 98 22 received.

1847 5346 177 29 Correspondence
2040 5353 40 14 was
2094 5341 90 25 received
2194 5344 51 19 from
2256 5339 36 22 the
2301 5346 81 21 corpora-

1848 5376 60 21 tion's
1926 5375 89 21 so'leitor
2034 5374 48 20 with
2102 5371 102 22 reference
2213 5370 23 20 to
2249 5367 68 27 laying
2328 5370 64 19 water

1848 5404 57 25 pipes
1925 5402 85 24 through
2030 5401 34 20 Mr
2076 5400 21 21 C'
2106 5398 80 21 urtier's
2195 5396 79 27 private
2281 5397 96 24 property
2387 5402 5 18 ;

1846 5431 43 21 also
1898 5430 52 22 from
1961 5426 136 29 MrTyree.of
2105 5425 84 25 Nelson,
2197 5423 68 27 giving
2274 5422 119 27 particulars

1847 5466 21 13 as
1889 5460 23 19 to
1929 5457 36 20 the
1975 5456 86 26 lighting
2071 5455 21 20 of
2105 5453 35 21 the
2149 5455 54 18 town
2223 5450 48 21 with
2288 5450 104 26 acetelyne

1847 5493 39 18 gas.
1915 5485 33 21 Mr
1965 5483 81 21 Tvree's
2071 5479 178 25 communications
2267 5482 52 15 were
2343 5477 48 20 held

1846 5520 49 13 over
1905 5513 31 20 for
1945 5511 81 21 further
2035 5508 154 24 consideration.
2219 5505 19 20 It
2247 5511 40 14 was
2297 5504 92 21 resolved

1849 5541 44 20 that
1902 5547 9 13 »
1921 5541 48 19 vote
1978 5538 21 21 of
2009 5538 74 20 thanks
2093 5537 24 20 be
2126 5532 94 24 recorded
2231 5534 21 19 to
2261 5532 31 20 Mr
2298 5531 95 22 Courtier

1846 5567 32 21 for
1886 5567 31 21 his
1926 5565 71 23 liberal
2006 5565 53 21 offer
2067 5567 22 18 to
2099 5563 56 21 al'ow
2174 5561 36 22 the
2226 5559 77 22 council
2314 5560 21 20 to
2345 5558 48 21 take

1846 5595 35 20 the
1892 5595 45 26 pipe
1948 5595 40 19 line
2006 5592 88 23 through
2113 5590 31 21 his
2165 5587 92 23 freehold
2267 5586 53 21 land.
2348 5586 43 21 Tho

1846 5630 70 18 niiiyor
1933 5620 116 22 mentioned
2069 5619 34 21 the
2120 5619 75 19 matter
2210 5615 22 20 of
2248 5614 37 21 the
2304 5613 88 22 Hawkes

1848 5650 40 25 Bay
1898 5649 103 25 calamity,
2011 5648 38 20 and
2060 5646 60 22 asked
2132 5645 34 20 the
2175 5642 79 22 council
2267 5642 55 21 what
2333 5642 56 25 steps

1845 5677 71 20 should
1935 5676 23 20 he
1977 5676 59 20 taken
2057 5678 21 17 to
2093 5673 51 21 raise
2154 5670 156 22 contributions.
2337 5668 41 21 Ulti-

1844 5704 77 26 mately
1930 5704 16 20 it
1954 5710 38 13 was
2001 5701 84 23 decided
2107 5704 21 18 to
2137 5699 47 21 send
2203 5700 37 19 out
2257 5696 134 27 subscription

1843 5731 43 19 lists
1895 5731 48 24 and,
1954 5731 15 19 if
1987 5729 93 26 possible,,
2092 5731 21 17 to
2130 5727 130 26 supplement,
2271 5725 54 20 them
2338 5724 50 20 with

1842 5765 25 13 an
1886 5757 166 22 entertainment.
2079 5755 48 22 This
2144 5762 39 13 was
2200 5753 27 23 all
2243 5752 35 22 the
2296 5751 91 25 business
2402 5748 3 31 '

1839 5785 39 20 and
1889 5785 34 20 the
1934 5785 88 26 meeting
2030 5785 34 19 adi
2073 5783 76 27 .qrned.

2440 197 50 22 You
2499 196 52 21 have
2560 196 71 21 ruined
2640 202 52 20 your
2701 193 133 22 constitution
2845 191 124 27 sufficiently

2416 224 27 20 bv
2453 224 97 25 drinking
2563 222 84 21 inferier
2660 223 41 19 tea.
2728 220 86 22 Recruit
2828 220 26 23 by
2872 219 98 24 drinking

2415 250 49 28 only
2474 250 65 23 Koeie
2548 250 41 23 tea.
2615 249 21 23 It
2645 249 17 22 ia
2668 255 52 22 pur*
2725 247 40 23 and
2771 245 184 25 reliable.—Advt.

2440 297 48 20 The
2502 296 46 21 firm
2563 294 23 22 of
2599 294 52 22 Reid
2669 293 40 21 and
2726 293 57 27 Gray
2801 292 53 21 have
2859 299 12 13 a
2883 290 85 22 colonial

2415 323 119 27 reputation
2555 329 22 14 as
2594 320 162 22 manufacturers
2774 319 22 20 of
2821 318 27 22 all
2866 318 61 21 kinds
2948 318 22 19 of

2416 349 131 27 agricultural
2562 349 137 24 implements,
2718 347 38 20 ind
2774 353 29 14 we
2821 345 68 22 would
2913 344 57 22 draw

2417 377 36 21 the
2470 376 102 22 attention
2589 376 21 20 of
2634 374 150 27 agriculturists
2812 374 96 23 amongst
2933 379 38 14 our

2418 404 79 22 readers
2521 405 21 20 to
2563 403 55 21 their
2640 402 149 21 adrertismeut
2812 401 20 22 in
2852 400 43 21 this
2910 400 60 22 issue.

2419 431 104 26 Annually
2534 430 50 26 they
2594 430 58 22 bring
2661 431 37 18 out
2705 429 36 20 the
2750 428 170 26 most-improved
2929 427 40 21 and

2418 465 29 19 up
2456 461 22 18 to
2486 458 48 21 date
2542 456 117 28 machinery
2669 456 23 22 of
2700 456 28 22 all
2746 456 68 27 kinds,
2833 455 39 22 and
2887 454 85 22 farmers

2419 486 103 27 requiring
2540 485 27 21 D.
2588 484 24 23 F.
2630 483 95 28 ploughs,
2738 484 49 22 Disc
2798 484 103 25 Harrows,
2916 482 56 27 grain

2420 514 40 21 and
2478 513 71 26 turnip
2567 512 65 27 drills,
2650 512 141 27 chaffcutters,
2814 514 33 20 etc
2862 510 66 22 would
2946 510 26 22 do

2421 541 45 21 well
2482 543 22 19 to
2520 541 81 21 consult
2616 541 53 20 their
2674 541 117 25 catalogues
2796 539 70 22 before
2876 539 84 27 purchas-

2424 569 41 23 ing.

2445 614 48 21 Thi
2502 613 75 22 Mount
2586 612 79 27 Benger
2675 612 52 23 Rifle
2736 612 39 23 and
2795 612 49 23 Gun
2859 612 54 23 Club
2922 611 52 23 have

2420 642 52 21 been
2478 641 105 21 fortunate
2590 641 21 21 in
2617 640 92 27 securing
2714 649 11 12 a
2733 642 85 20 number
2826 641 22 20 of
2854 641 52 27 glass
2914 640 58 24 balls,

2420 669 63 20 about
2497 668 39 21 200
2552 668 21 21 in
2594 668 35 26 all,
2648 675 105 19 necessary
2772 669 33 20 for
2822 669 36 20 the
2876 668 96 26 shooting

2420 696 132 27 competition
2563 696 33 21 for
2605 696 35 21 the
2649 696 48 26 gold
2705 696 41 21 and
2756 696 61 21 silver
2833 696 77 21 medals
2925 696 47 21 that

2421 724 35 21 the
2465 723 48 22 club
2522 723 52 21 have
2591 723 42 21 still
2645 724 21 20 in
2685 722 62 23 hand.
2774 724 66 21 There
2861 731 40 13 was
2916 726 57 24 great

2420 751 101 28 difficulty
2534 751 133 27 experienced
2676 751 21 23 in
2713 752 108 27 procuring
2840 752 57 21 these
2916 752 58 26 balls,

2420 779 41 22 and
2471 780 17 21 it
2497 785 41 15 was
2547 779 90 27 thought
2647 786 55 14 some
2711 779 60 21 other
2787 779 110 28 expedient
2907 779 66 21 would

2420 807 53 21 have
2483 809 23 20 to
2515 807 24 21 be
2549 807 57 27 used,
2622 807 39 21 but
2671 807 36 21 the
2722 807 106 28 discovery
2845 807 23 21 of
2877 807 35 21 the
2924 807 51 25 glass

2422 835 51 20 balls
2483 835 40 21 will
2533 835 67 21 afford
2609 842 12 13 a
2629 835 74 23 capital
2718 833 56 28 day's
2788 835 94 26 shooting
2899 842 26 13 on
2941 835 34 20 the

2422 862 50 22 24th
2483 862 49 22 inst.
2540 862 96 27 (Queen's
2643 862 115 27 Birthday).
2785 862 44 22 The
2838 862 132 26 competition

2424 891 39 21 will
2474 891 25 21 be
2513 890 48 22 held
2578 890 20 22 in
2615 890 34 22 the
2663 889 112 29 Roxburgh
2792 898 79 14 reserve
2884 891 91 21 between

2422 919 35 20 the
2468 919 55 20 river
2532 918 40 21 and
2581 918 36 21 the
2627 919 112 20 recreation
2753 918 87 25 ground.

2447 964 17 22 A
2475 969 59 16 VERT
2551 964 91 28 pleasing
2659 971 108 20 ceremony
2777 964 48 22 took
2837 964 57 27 place
2903 966 21 19 at
2939 964 36 22 the

2422 992 89 26 practice
2525 998 55 15 room
2596 992 22 21 of
2635 992 36 21 the
2680 992 112 27 Roxburgh
2812 992 59 22 Brans
2882 992 55 22 Band
2949 1000 25 14 on

2422 1019 101 28 Saturday
2562 1019 92 28 evening,
2685 1019 59 22 wh<-n
2765 1020 31 21 Mr
2833 1020 78 28 Briggs,
2940 1020 35 22 the

2421 1049 111 21 conductor
2553 1049 45 26 paid
2612 1048 31 21 his
2653 1048 108 27 periodical
2772 1049 56 21 visit.
2857 1049 118 26 Advantage

2422 1082 40 14 was
2482 1075 62 21 taken
2562 1076 22 20 of
2598 1075 36 21 the
2653 1076 136 25 opportunity
2811 1077 25 25 by
2847 1076 35 20 the
2892 1076 52 20 band
2954 1080 21 15 to

2422 1104 82 25 present
2523 1103 33 21 Mr
2574 1102 71 27 Briggs
2656 1102 48 22 with
2714 1110 11 13 a
2742 1109 49 20 very
2801 1102 111 22 handsome
2928 1102 46 27 gold

2421 1130 67 22 albert
2499 1131 40 21 and
2549 1130 85 22 Maltese
2645 1138 61 17 cross,
2716 1131 89 26 suitably
2815 1131 99 21 inscribed
2935 1131 39 21 and

2421 1158 43 21 also
2480 1166 11 13 a
2507 1158 55 25 large
2584 1158 64 27 photo
2665 1158 22 21 of
2697 1158 35 21 the
2742 1158 59 24 hand,
2814 1158 97 21 mounted
2921 1158 21 21 in
2963 1166 12 13 a

2422 1186 111 21 handsome
2560 1186 38 25 gilt
2612 1185 73 26 frame,
2704 1186 19 20 in
2753 1186 124 23 recognition
2898 1186 22 20 of
2942 1186 31 20 hi*

2420 1214 75 21 efforts
2502 1220 26 13 on
2546 1213 34 20 the
2591 1212 63 21 bands
2671 1212 77 21 behalf'
2770 1213 32 20 Mr
2814 1213 78 26 Briggs,
2904 1214 44 19 who
2958 1214 16 19 i«

2426 1247 44 14 now
2500 1240 117 27 proprietor
2638 1240 22 21 of
2682 1241 35 20 the
2742 1240 102 21 Standard
2873 1240 101 26 Brewery,

2426 1268 132 25 Caversham,
2577 1267 17 22 is
2606 1275 26 14 an
2648 1267 33 22 old
2692 1267 113 26 Roxburgh
2821 1268 47 27 boy,
2879 1268 74 21 almost
2964 1275 12 14 a

2425 1296 75 23 native,
2512 1295 41 20 and
2564 1295 26 20 he
2600 1295 36 19 has
2645 1296 59 18 taken
2716 1296 48 19 such
2777 1302 61 13 warm
2856 1296 86 20 interest
2955 1296 20 20 in

2423 1321 36 20 the
2468 1320 55 21 band
2537 1327 22 13 a«
2570 1324 23 16 to
2602 1321 40 19 vist
2650 1320 57 20 them
2716 1327 22 12 as
2748 1322 57 18 often
2815 1328 22 12 as
2847 1322 86 24 pofsible
2944 1322 31 19 for

2423 1347 35 20 the
2478 1353 87 19 purpose
2586 1346 21 21 of
2625 1346 68 25 giving
2710 1346 57 21 them
2793 1347 128 26 ins'iuction,
2941 1348 35 20 the

2422 1374 89 26 position
2520 1374 60 26 being
2589 1374 72 26 purely
2670 1373 107 27 honoiary.
2806 1374 21 21 It
2834 1381 39 14 was
2880 1374 97 22 intended

2424 1402 24 26 hy
2465 1402 35 21 the
2517 1401 54 21 band
2584 1406 21 16 to
2622 1402 51 20 have
2691 1402 58 25 giveu
2761 1402 42 20 him
2813 1409 11 13 a
2839 1402 60 21 social
2918 1403 57 20 when

2423 1429 82 25 making
2533 1429 35 20 the
2600 1429 144 25 pree*utuiou,
2771 1432 37 17 but
2839 1429 32 20 Mr
2902 1430 71 25 Briggs

2423 1455 104 25 preferred
2546 1458 20 18 to
2584 1456 74 20 devote
2677 1456 35 20 the
2739 1456 87 23 evening
2844 1459 22 17 to
2885 1458 88 24 practice

2424 1483 68 22 rather
2510 1483 50 20 than
2575 1483 99 27 pleasure.
2705 1483 31 20 Mr
2758 1482 30 23 W.
2811 1483 109 27 Kinaston,
2941 1484 35 21 the

2424 1511 90 21 resident
2521 1511 119 25 conductor,
2652 1510 57 21 nude
2726 1510 34 21 the
2776 1512 140 24 presentation
2928 1512 20 21 in
2964 1520 11 11 a

2423 1545 47 19 very
2479 1541 48 18 neat
2536 1538 142 26 speech.after
2689 1537 65 21 which
2764 1538 31 20 Mr
2805 1538 70 26 Briggs
2888 1538 88 26 h>artily

2423 1566 91 20 tnanked
2525 1565 35 20 the
2571 1565 52 20 baud
2633 1565 40 20 and
2683 1571 49 19 g«v«
2748 1566 57 19 th*m
2824 1572 56 14 some
2899 1566 78 26 advice,

2424 1593 30 21 his
2464 1593 90 21 remarks
2565 1592 58 26 being
2633 1592 90 21 received
2734 1592 48 21 with
2796 1593 134 21 enthusiasm.

2565 1683 129 53 Mining
2728 1684 114 43 Notes.

2448 1778 44 22 The
2502 1778 105 27 following
2617 1778 97 23 dredzintr
2725 1781 82 20 returns
2817 1787 34 14 are
2861 1781 22 20 to
2897 1780 54 22 hand

2424 1807 74 26 Otago,
2518 1806 48 21 lOoz
2585 1806 32 21 for
2636 1806 46 21 four
2700 1806 62 27 days;
2776 1807 81 22 Golden
2875 1807 106 28 Treasure,

2425 1835 47 21 12or
2483 1835 56 26 12grs
2549 1841 5 18 ;
2568 1834 80 21 Golden
2667 1834 62 26 Gate,
2748 1835 37 21 soe
2801 1835 56 22 7dwt
2873 1836 32 22 for
2918 1837 63 20 about

2424 1863 59 20 three
2499 1862 63 26 days;
2578 1862 90 25 Ettrick,
2686 1863 48 19 16oz
2750 1863 66 21 11d«vt
2836 1863 36 26 3gr
2890 1864 32 20 for
2942 1865 39 19 five

2426 1889 48 26 jays
2483 1889 75 25 ending
2567 1895 24 13 on
2607 1888 34 20 the
2660 1888 18 28 7>
2683 1889 12 19 h
2706 1896 5 16 ;
2727 1889 113 26 Roxburgh
2859 1890 76 26 dredge
2949 1891 32 20 for

2424 1923 55 15 same
2488 1915 79 29 period,
2578 1915 47 22 15oz
2635 1915 79 23 15dwts
2727 1917 55 25 12gr.

2573 2000 58 20 OLD
2647 2000 60 21 MAN
2725 2001 107 22 RANGE.

2593 2033 217 28 (Correspondent.)

2449 2070 63 26 Quite
2521 2077 11 14 a
2551 2067 47 22 rush
2617 2068 19 20 in
2654 2075 12 13 a
2684 2068 49 22 mild
2754 2077 43 18 way
2816 2070 36 21 has
2871 2072 30 18 set
2916 2069 21 22 in
2957 2072 18 19 at

2426 2097 94 20 Waikaia
2533 2095 100 22 Junction
2765 2103 12 12 a
2795 2097 86 19 numlier
2898 2097 22 19 of
2937 2103 44 14 new

2424 2124 70 21 claims
2505 2123 75 25 having
2589 2121 51 21 been
2655 2122 77 26 pegged
2741 2124 45 21 out.
2813 2123 49 21 This
2878 2122 17 22 is
2908 2123 74 22 causal

2424 2152 73 26 chiefly
2516 2151 26 27 by
2561 2150 33 21 the
2610 2155 78 14 success
2701 2150 22 21 of
2738 2150 22 23 J.
2774 2150 116 23 Murchiaon
2904 2151 40 22 and
2958 2151 23 23 P,

2426 2180 83 26 Parker,
2527 2179 45 21 who
2590 2183 34 14 »re
2641 2178 92 26 workir.g
2749 2184 26 14 on
2796 2187 10 12 a
2821 2179 59 20 claim
2901 2187 25 12 on
2946 2180 35 20 the

2426 2209 76 19 terrace
2511 2208 22 20 at
2543 2207 36 19 the
2591 2204 45 21 foot
2644 2205 22 20 of
2681 2206 68 25 Gorge
2759 2206 74 24 Creek,
2859 2206 58 23 They
2928 2206 53 21 have

2425 2234 50 22 been
2486 2234 63 21 about
2559 2232 30 21 six
2600 2238 23 13 or
2633 2239 59 14 seven
2708 2234 66 19 weeks
2785 2236 22 18 at,
2826 2234 55 21 work
2901 2234 21 21 in
2942 2233 35 24 all,

2424 2262 40 22 and
2474 2262 51 22 have
2535 2263 35 25 got
2584 2259 19 23 21
2607 2259 22 21 bs
2648 2261 74 26 weight
2739 2261 22 21 of
2776 2261 54 27 gold,
2848 2262 36 21 the
2904 2263 78 25 greater

2425 2293 46 26 part
2481 2290 21 22 of
2513 2289 66 22 which
2589 2295 40 14 was
2645 2288 63 23 found
2727 2289 74 25 during
2810 2290 36 21 the
2863 2290 39 21 last
2918 2290 58 21 three

2426 2319 73 21 weeks.
2526 2317 61 21 Their
2595 2315 60 22 claim
2667 2317 16 19 is
2690 2325 10 10 a
2711 2324 49 13 verv
2771 2318 41 20 rich
2824 2324 45 15 one.

2450 2346 33 21 On
2492 2345 76 25 Friday
2584 2343 40 21 last
2640 2343 36 21 the
2695 2344 72 26 Upper
2781 2345 93 20 Waikaia
2891 2344 90 24 Sluicing

2426 2373 35 22 Co.
2472 2372 66 22 closed
2549 2371 59 22 down
2619 2371 54 22 their
2682 2378 44 15 race
2737 2372 87 27 cutting,
2838 2372 67 26 owing
2914 2375 22 18 to
2945 2371 36 23 the

2426 2402 41 22 fact
2477 2401 46 21 that
2533 2400 48 27 they
2592 2400 42 22 will
2646 2401 23 19 be
2680 2400 74 22 unthlo
2763 2402 22 18 to
2800 2402 34 23 get
2842 2400 54 22 their
2906 2400 75 22 timber

2424 2430 42 22 and
2474 2429 44 22 iion
2534 2436 48 15 over
2597 2430 35 20 the
2642 2428 38 21 hill
2692 2434 44 14 now
2744 2429 31 20 till
2786 2429 54 20 after
2848 2429 36 20 the
2899 2429 83 21 winter.

2425 2458 65 20 Three
2513 2456 65 21 weeks
2601 2455 66 21 would
2694 2456 50 19 have
2769 2455 86 21 finished
2871 2456 35 20 the
2929 2462 52 19 race,

2426 2484 102 27 including
2538 2484 35 21 the
2582 2483 62 22 boxes
2652 2483 40 21 and
2706 2482 92 27 flaming,
2808 2488 23 15 so
2855 2483 46 21 that
2915 2483 17 21 it
2943 2490 39 13 was

2426 2515 53 18 most
2500 2513 135 20 unfortunate
2652 2512 33 20 tor
2699 2511 36 20 the
2758 2518 99 20 company
2882 2511 46 20 that
2948 2511 34 20 the

2425 2542 124 19 contractors
2557 2539 32 22 for
2603 2538 36 21 t.he
2653 2538 79 23 carting
2745 2537 63 22 failed
2826 2538 66 22 them.

2450 2568 12 21 I
2476 2568 48 21 hear
2533 2567 46 22 that
2593 2566 27 22 K.
2635 2565 114 27 Chishnlm,
2760 2572 26 14 ou
2807 2573 12 13 a
2838 2566 60 21 claim
2916 2564 65 23 about

2426 2603 11 13 a
2450 2594 48 22 mile
2508 2602 29 20 up
2544 2595 67 25 Gorge
2619 2594 74 24 Creek,
2700 2593 16 20 is
2724 2600 26 13 ou
2757 2592 101 21 excellent
2864 2595 113 24 prospects.

2451 2622 26 22 R.
2493 2621 117 22 Alexander
2624 2620 82 21 washed
2720 2627 27 19 up
2762 2620 92 26 recently
2867 2620 32 21 for
2920 2627 61 14 seven

2427 2649 72 23 weeks'
2520 2650 63 26 work,
2598 2648 40 22 and
2657 2648 35 21 the
2707 2647 157 22 result—which
2883 2655 40 14 was
2945 2649 37 20 not

2426 2677 172 25 disclosed—was,
2622 2676 11 22 I
2648 2676 56 26 hear,
2718 2675 71 27 highly
2807 2675 132 27 satisfactory
2960 2677 22 20 to

2426 2705 43 21 him

2451 2732 43 22 The
2501 2731 54 21 wash
2565 2731 19 21 in
2592 2729 96 27 M'Kay's
2695 2729 60 21 claim
2765 2730 17 20 is
2790 2730 83 26 looking
2879 2730 44 21 first
2931 2731 51 25 rate,

2426 2760 40 22 and
2481 2759 35 21 the
2527 2761 104 25 prospects
2645 2757 31 21 for
2685 2757 36 21 the
2728 2757 59 21 claim
2797 2764 35 14 are
2838 2757 60 26 good.

2452 2787 78 28 Nearly
2550 2787 36 22 the
2605 2784 64 23 whole
2689 2785 22 22 of
2726 2785 91 23 Elliott's
2838 2784 144 29 men—Upper

2427 2816 95 21 Waikaia
2535 2814 91 26 Sluicing
2639 2813 115 22 Co.—hove
2769 2815 77 29 pegged
2861 2815 38 19 out
2914 2813 68 21 claims

2426 2850 27 13 on
2467 2843 54 19 their
2533 2848 47 14 own
2593 2843 93 21 accouut,
2700 2840 40 20 and
2751 2840 41 20 will
2799 2841 76 19 remain
2884 2842 37 18 out
2930 2840 48 20 here

2426 2869 73 25 during
2512 2868 35 21 the
2558 2868 78 20 winter.
2660 2866 107 27 Anything
2772 2866 21 22 in
2807 2867 36 21 the
2855 2867 74 21 nature
2938 2865 23 21 of
2970 2872 12 15 »

2427 2895 82 28 general
2519 2896 47 21 rush
2580 2895 24 24 is,
2615 2895 101 22 however,
2727 2898 22 17 to
2755 2889 25 26 he
2788 2893 125 28 deprecated
2922 2893 56 23 until

2427 2924 36 21 the
2476 2923 79 26 ground
2568 2923 17 21 is
2599 2929 55 13 more
2664 2921 52 26 fully
2724 2923 74 24 proved
2812 2930 21 12 as
2841 2922 35 20 the
2890 2924 89 23 country

2426 2950 17 23 is
2455 2950 87 22 difficult
2553 2951 22 20 to
2589 2952 35 25 get
2636 2951 29 24 at,
2675 2947 40 23 and
2729 2948 36 22 the
2773 2949 72 22 winter
2853 2949 49 22 here
2909 2950 73 26 pretty

2426 2985 78 15 ■ever*.

2576 3052 152 24 FOURTEEN
2751 3051 79 25 MILE.

2451 3090 44 21 Our
2513 3088 165 25 Correspondent
2701 3087 81 20 writes:
2809 3086 82 26 Quale'*
2914 3091 63 19 spoon

2426 3116 74 27 dredge
2514 3116 36 22 has
2562 3117 50 20 been
2626 3115 76 21 shifted
2717 3117 22 18 to
2749 3113 71 22 within
2834 3120 10 13 a
2854 3113 48 21 mil®
2914 3112 23 21 of
2944 3112 37 21 the

2426 3144 54 26 falls,
2493 3145 69 26 nearly
2575 3144 93 26 opposite
2688 3142 52 21 Bald
2753 3141 44 21 Hill
2815 3141 54 25 Flat,
2885 3140 41 21 and
2947 3140 35 21 has

2426 3171 78 24 started
2518 3175 22 19 to
2554 3171 61 21 work.

2533 3251 184 52 Roxburgh
2751 3248 123 45 School

2566 3308 277 44 Entertainment.

2451 3399 44 22 The
2504 3398 75 22 annual
2589 3398 160 20 entertainment
2758 3398 48 18 held
2820 3398 20 18 in
2857 3398 117 19 connection

2427 3427 50 22 wi'h
2484 3427 35 21 the
2526 3425 51 21 local
2584 3425 61 20 schoo
2662 3431 40 12 w-.s
2709 3424 58 24 given
2774 3429 26 14 on
2810 3422 75 26 Friday
2894 3424 80 24 evening

2426 3455 20 22 in
2463 3455 33 21 aid
2510 3454 22 20 of
2549 3453 37 21 the
2601 3452 67 21 school
2688 3451 61 20 funds
2768 3453 22 18 at
2805 3451 36 20 the
2855 3451 119 20 Athenwurn

2428 3482 55 25 Hall,
2502 3481 58 21 when
2579 3480 57 21 there
2654 3486 39 13 was
2712 3485 11 14 a
2743 3485 48 19 very
2810 3478 54 26 large
2878 3478 96 22 audience

2426 3512 90 26 present.
2542 3509 44 21 The
2604 3507 97 26 teachers,
2720 3505 59 22 aid-d
2801 3505 27 27 by
2848 3505 49 21 Miss
2921 3505 53 27 Coop

2425 3537 39 22 and
2475 3537 43 22 Mrs
2533 3536 81 26 Mullio,
2630 3535 40 21 had
2685 3542 12 19 g
2705 3541 31 13 >ne
2754 3535 21 19 to
2794 3540 12 14 a
2822 3535 58 24 great
2895 3533 46 22 d-al
2959 3535 15 20 of

2425 3566 81 21 trouble
2515 3565 20 20 in
2542 3563 115 27 organising
2664 3562 35 21 the
2706 3568 126 20 programme
2838 3561 41 21 and
2887 3563 87 26 training

2425 3594 35 19 the
2476 3592 101 25 children,
2592 3591 41 19 and
2649 3591 36 19 the
2704 3589 64 20 result
2784 3596 21 12 as
2829 3597 11 11 a
2858 3589 65 21 whole
2941 3597 33 13 was

2426 3619 70 26 highly
2503 3618 111 22 creditable
2624 3617 49 20 both
2692 3618 21 18 to
2730 3616 37 19 the
2781 3615 91 21 teachers
2888 3617 39 20 and
2944 3617 30 20 the

2424 3644 264 30 youngperformemalike.
2719 3645 14 19 A
2746 3642 135 28 Itinderspiel,
2888 3643 86 23 entitled

2434 3677 6 9 '
2448 3675 44 22 The
2505 3674 74 28 Happy
2715 3679 39 13 was
2766 3671 34 22 the
2816 3671 79 22 feature
2909 3672 21 22 of
2942 3673 32 21 the

2424 3703 168 24 entertainment,
2607 3702 40 20 and
2661 3707 12 14 a
2682 3707 48 19 very
2741 3700 68 26 liapoy
2819 3700 71 26 family
2901 3700 73 21 indeed

2424 3731 37 20 the
2480 3730 92 21 children
2591 3728 72 21 looked
2681 3735 21 12 as
2717 3727 36 20 the
2770 3727 78 20 curtain
2865 3730 54 19 went
2941 3734 33 16 up.

2424 3758 47 21 Tier
2480 3764 54 20 upon
2543 3756 39 21 tier
2590 3756 22 20 of
2622 3755 84 27 prettily
2716 3754 82 21 dressed
2811 3754 99 28 children,
2923 3755 49 20 with

2423 3786 69 25 bright
2507 3785 68 25 happy
2586 3784 53 21 faces
2654 3791 21 12 as
2685 3790 10 13 a
2713 3782 129 26 background
2859 3786 20 17 to
2899 3782 75 22 several

2423 3812 81 21 artistic
2517 3818 74 20 groups
2602 3811 21 20 in
2633 3810 62 24 front,
2706 3809 78 22 formed
2796 3817 11 12 a
2817 3812 54 19 most
2881 3810 93 21 effective

2423 3839 40 21 and
2474 3840 129 26 picturesque
2612 3838 88 25 tableau,
2710 3845 22 12 so
2746 3837 61 20 much
2817 3844 21 13 so
2848 3846 22 13 as
2880 3840 21 19 to
2913 3838 61 21 evoke

2423 3874 11 12 a
2448 3866 65 21 round
2523 3866 22 20 of
2554 3866 96 26 applause
2664 3872 21 12 as
2702 3865 35 19 the
2752 3865 79 20 curtain
2854 3873 50 13 rose.
2932 3866 42 20 The

2422 3894 113 20 characters
2542 3893 20 20 in
2570 3893 35 20 the
2615 3892 54 20 little
2676 3891 82 21 musical
2769 3892 84 26 comedy
2861 3893 100 25 comprise
2969 3893 5 20 1

2423 3921 36 21 the
2492 3920 39 22 Old
2542 3926 77 15 wom\n
2631 3919 45 21 who
2690 3919 52 21 lived
2757 3919 20 20 in
2788 3926 12 13 a
2891 3920 41 22 and
2942 3920 32 22 her

2423 3955 111 15 numerous
2548 3954 89 21 progeny
2664 3947 94 26 together
2772 3947 50 21 with
2837 3953 53 17 mo&t,
2904 3948 22 21 of
2941 3949 33 20 the

2424 3977 79 19 famous
2513 3975 112 20 characters
2637 3975 44 18 who
2691 3975 62 24 figure
2763 3975 19 19 in
2791 3981 85 15 nursery
2883 3975 91 25 legends,

2423 4002 40 21 and
2473 4002 27 20 all
2511 4008 50 14 were
2572 4000 118 22 introduced
2706 4007 19 13 in
2742 4008 12 12 a
2771 4000 97 26 perfectly
2890 4002 82 20 natural

2424 4037 83 14 manner
2516 4029 40 21 and
2567 4036 50 16 nave
2623 4036 58 16 songs
2690 4028 87 21 suitable
2787 4031 21 17 to
2828 4030 54 20 their
2900 4030 62 27 imper-

2422 4057 111 21 sonations.
2560 4057 43 19 The
2612 4056 69 20 charm
2691 4056 20 19 in
2718 4055 36 20 the
2761 4056 65 20 whole
2834 4057 140 24 performance

2424 4090 39 14 was
2486 4083 37 22 the
2539 4082 140 25 unconscious,
2709 4081 79 23 natural
2807 4083 67 25 ac'ing
2897 4083 21 21 of
2936 4083 36 22 the

2422 4112 91 21 children
2523 4112 61 25 (who,
2599 4111 16 21 it
2626 4111 15 19 is
2651 4110 83 22 certain,
2746 4118 10 13 e
2766 4111 12 26 ij
2788 4113 44 20 ivwl
2843 4113 35 20 the
2894 4111 47 28 play
2952 4120 22 12 as

2424 4140 59 20 much
2493 4146 22 13 as
2524 4145 84 19 anyone
2619 4138 95 25 listening
2724 4140 21 16 to
2758 4139 73 25 them),
2848 4139 59 21 while
2923 4140 51 20 their

2424 4166 54 21 fresh
2488 4172 68 19 young
2572 4165 72 24 voices,
2654 4165 48 19 both
2718 4165 108 26 principals
2838 4166 38 20 and
2892 4166 82 25 chorus,

2424 4200 51 14 were
2485 4192 113 26 eminently
2605 4192 66 20 suited
2680 4194 20 18 to
2709 4193 34 19 the
2750 4192 19 19 hi
2775 4192 42 25 ight
2824 4193 81 21 tuneful
2913 4193 61 21 music

2426 4220 48 21 with
2481 4220 66 21 which
2557 4220 35 20 the
2601 4219 123 21 kinderspiel
2731 4219 98 22 abounds.
2843 4220 43 20 The
2894 4221 80 20 various

2424 4248 121 25 characters,
2556 4246 129 27 represented
2698 4253 50 13 w-re
2758 4248 62 19 taken
2830 4254 21 13 as
2859 4248 78 20 follows
2945 4246 4 27 :
2968 4259 6 3 -

2629 4275 47 19 Miss
2692 4274 62 25 C>op,
2927 4275 47 20 Miss

2423 4303 23 22 J.
2459 4302 101 26 Whiting.
2594 4302 63 21 Little
2668 4302 48 20 Miss
2834 4302 47 21 Miss
2891 4303 27 20 H.
2928 4303 46 25 Orr,

2561 4330 49 21 Miss
2624 4329 50 21 R,osa
2693 4330 56 25 Bdn,
2766 4331 35 19 not
2819 4330 109 26 forgetting
2946 4330 28 21 his

2423 4358 73 25 sturdy
2506 4363 53 14 crew
2570 4357 86 20 Masters
2667 4356 23 21 F.
2700 4357 107 25 Cormack,
2822 4357 32 21 W.
2866 4357 107 25 Darwood,

2424 4385 22 20 B.
2473 4384 90 25 Waters,
2587 4384 26 21 G.
2634 4383 93 25 Whiting
2751 4383 39 20 and
2817 4384 26 21 H.
2863 4384 111 22 M'Mullin.

2423 4411 120 25 ''Knight"
2555 4412 76 20 Master
2642 4411 21 21 F.
2677 4410 84 21 Burton.
2794 4411 93 27 Margorv
2904 4412 49 19 Daw

2424 4440 49 20 Miss
2483 4438 21 22 L.
2517 4438 89 26 Howell,
2641 4438 113 21 Bluebeard
2784 4438 75 21 Master
2869 4438 22 22 J.
2904 4439 70 27 Broad,

2446 4466 94 26 Dorothy
2549 4466 124 26 Drag.detail
2701 4465 47 22 Miss
2758 4466 26 21 M.
2902 4466 60 21 Robin-

2422 4500 35 12 son
2476 4494 77 19 Crusoe
2594 4494 75 18 Master
2689 4492 23 20 T.
2740 4492 90 25 Waigth,
2873 4493 38 20 His
2930 4494 44 19 Man

2525 4518 48 21 Miss
2588 4518 24 22 E.
2623 4519 63 26 Coop.
2881 4519 49 19 Miss
2948 4519 26 22 N.

2426 4546 114 24 M'Kenzie,
2551 4546 37 21 her
2598 4546 68 21 sisters
2700 4546 16 21 P
2822 4546 49 20 Miss
2881 4546 22 20 F.
2911 4546 62 21 Clark

2422 4574 40 21 and
2592 4573 49 21 Miss
2657 4574 17 21 I.
2694 4574 114 24 M'Kenzie,
2900 4573 54 20 Bnha

2422 4601 51 20 Miss
2482 4600 29 21 M.
2527 4600 132 26 Weatherall,
2670 4600 141 26 accompanied
2826 4600 26 26 by
2869 4600 46 20 four
2925 4600 47 20 bold

2422 4628 94 24 brigands
2527 4628 86 20 Masters
2622 4627 28 21 G.
2659 4628 73 25 Peake,
2740 4627 23 21 J.
2777 4627 66 26 Kitto,
2852 4626 26 21 H.
2887 4626 85 21 Whelan

2420 4655 40 22 and
2476 4655 21 24 J,
2516 4654 89 28 Howell,
2887 4654 48 21 Miss
2950 4654 23 22 T.

2424 4683 113 21 M'Mullin.
2565 4683 54 21 Each
2634 4683 40 21 and
2685 4683 26 20 all
2725 4683 21 20 of
2763 4683 35 19 the
2812 4683 91 20 children
2920 4682 54 20 filled

2421 4710 54 20 their
2485 4710 52 20 roles
2547 4709 40 21 and
2597 4716 50 19 sang
2654 4709 34 21 the
2695 4709 63 20 music
2764 4709 86 20 allotted
2859 4713 22 15 to
2887 4708 56 20 them
2954 4716 20 12 so

2422 4737 44 21 well
2480 4737 47 21 that
2538 4737 16 21 it
2566 4736 66 21 would
2643 4737 24 19 be
2678 4736 101 21 invidious
2787 4739 22 17 to
2819 4735 62 21 select
2891 4742 39 20 any
2940 4735 31 21 for

2420 4765 74 27 special
2516 4765 101 25 mention,
2642 4764 38 21 hut
2699 4764 34 21 the
2750 4764 72 21 chorus
2841 4764 16 20 is
2876 4763 98 27 certainly

2421 4793 86 21 entitled
2518 4796 22 16 to
2551 4794 58 23 great
2624 4793 65 24 praise
2699 4792 31 20 for
2740 4792 35 20 the
2785 4799 84 13 manner
2878 4793 19 19 i'i
2909 4792 64 20 which

2421 4820 49 25 they
2480 4826 50 19 sang
2543 4815 55 25 their
2609 4819 80 20 various
2700 4819 101 21 numbers.
2827 4819 43 20 The
2880 4819 94 19 ehoiuses

2445 4848 19 20 A
2484 4846 75 27 Happy
2721 4847 17 19 A
2757 4846 81 21 Sailor's
2940 4845 34 21 the

2420 4875 73 21 chorus
2514 4877 21 17 to
2553 4873 101 21 Alladin's
2669 4880 56 19 song,
2747 4873 39 21 and
2802 4873 36 21 the
2855 4873 119 24 concluding

2420 4902 73 21 chorus
2503 4908 52 14 were
2565 4901 59 26 given
2640 4901 107 26 especially
2758 4901 52 26 well,
2826 4908 12 12 a
2861 4904 56 22 great
2930 4897 44 24 deal

2420 4929 23 21 of
2451 4929 60 26 spirit
2520 4929 59 24 being
2587 4929 80 19 infused
2683 4929 44 19 into
2742 4929 63 20 them.
2833 4929 31 19 On
2880 4936 11 12 a
2911 4928 63 20 whole

2422 4956 35 20 the
2469 4955 124 24 kinderspiel
2604 4962 39 12 was
2652 4963 11 11 a
2674 4962 49 18 very
2739 4955 69 24 taking
2826 4955 146 26 performance,

2422 4982 39 21 and
2469 4984 54 19 went
2529 4981 50 21 with
2591 4988 10 14 a
2615 4984 58 22 great
2680 4981 44 21 deal
2737 4982 21 20 of
2771 4982 40 20 vim
2827 4981 39 21 aud
2882 4981 79 21 enthusi-

2422 5017 50 18 asm,
2483 5009 46 24 and,
2540 5016 30 13 we
2582 5009 65 20 would
2659 5011 88 23 suggest,,
2758 5009 16 20 it
2793 5009 64 20 would
2867 5009 43 20 well
2928 5009 46 20 bear

2422 5037 110 26 repetition
2539 5036 28 24 (in
2574 5036 34 20 aid
2616 5036 21 19 of
2644 5036 34 19 the
2687 5036 88 20 Hawkes
2784 5036 41 24 Bay
2835 5036 66 19 Relief
2909 5036 65 23 Fund)

2422 5064 16 19 if
2448 5063 35 20 the
2494 5062 80 21 trouble
2584 5061 89 21 entailed
2688 5069 25 13 on
2724 5062 36 20 the
2775 5062 91 20 teachers
2884 5069 39 11 was
2939 5064 35 18 not

2422 5094 34 17 too
2475 5089 69 22 much.
2572 5089 80 25 During
2669 5089 35 20 the
2723 5089 85 26 evening
2826 5089 35 21 the
2883 5089 89 21 children

2421 5125 50 19 gave
2480 5117 36 22 the
2523 5117 94 27 Maypole
2628 5116 70 27 dance,
2710 5116 64 22 which
2784 5124 39 13 was
2831 5124 10 13 a
2848 5124 48 17 very
2905 5119 69 25 pretty

2420 5146 107 26 spectacle,
2542 5152 22 12 as
2582 5151 39 13 was
2641 5145 42 19 also
2701 5151 12 12 a
2729 5151 48 18 very
2793 5144 94 21 intricate
2904 5144 68 21 march

2422 5172 65 20 which
2506 5171 35 20 the
2558 5171 91 20 children
2669 5172 55 18 went
2744 5171 87 24 through
2848 5171 49 19 with
2913 5174 58 22 great

2421 5198 106 26 precisian.
2553 5197 80 27 Special
2655 5198 91 20 mention
2763 5202 56 16 must
2834 5197 23 22 be
2876 5198 58 21 made
2952 5198 21 20 of

2421 5226 50 22 Miss
2480 5226 43 22 Eva
2532 5225 100 26 Ormoud,
2642 5233 12 13 a
2669 5233 49 19 very
2734 5224 90 23 talented
2841 5225 54 21 little
2912 5225 53 27 ladv,

2421 5255 46 20 who
2485 5253 92 27 presided
2595 5256 22 17 at
2634 5253 35 20 the
2690 5259 61 20 piano
2768 5252 133 26 throughout.
2928 5253 43 20 The

2420 5282 99 26 precision
2537 5280 22 21 of
2578 5281 36 20 her
2629 5280 185 26 accompaniments
2833 5287 38 13 was
2895 5280 76 26 largely

2420 5308 132 21 accountable
2561 5307 33 21 for
2603 5307 36 21 the
2655 5306 100 22 excellent
2772 5307 50 20 time
2838 5307 50 24 kept
2904 5308 19 19 in
2938 5307 34 20 the

2421 5336 65 21 whole
2495 5335 146 28 performance.
2671 5333 23 22 In
2707 5334 35 21 the
2758 5334 87 22 interval
2859 5335 32 22 Mr
2901 5335 69 23 Reilly

2420 5364 90 22 thanked
2521 5364 59 22 those
2593 5365 82 25 present
2690 5362 31 22 for
2736 5363 54 20 their
2803 5366 117 24 patronage,
2930 5364 40 20 and

2420 5392 28 20 all
2457 5391 45 21 who
2512 5391 40 21 had
2562 5391 20 21 in
2589 5398 38 18 any
2636 5397 43 20 way
2685 5390 92 26 assisted,
2786 5391 107 24 especially
2902 5391 70 20 Misses

2420 5419 56 27 Coop
2493 5419 40 21 and
2551 5417 131 26 Sutherland,
2702 5418 42 20 Mrs
2763 5417 82 27 Mullin,
2862 5418 49 20 Miss
2929 5418 43 21 Eva

2420 5446 99 27 Ormond,
2540 5446 41 20 and
2607 5446 34 20 the
2663 5445 62 20 ladies
2750 5445 45 21 who
2818 5445 95 26 supplied
2937 5446 35 20 the

2420 5473 152 21 refreshments.
2600 5473 60 19 From
2671 5472 36 20 the
2719 5471 55 27 large
2787 5473 86 20 number
2887 5476 82 23 present

2420 5501 26 22 he
2464 5508 39 14 was
2522 5507 46 15 sure
2586 5499 36 21 the
2640 5499 64 21 result
2721 5499 22 21 of
2758 5499 35 21 the
2812 5501 158 21 entertainment

2420 5528 116 27 financially
2546 5527 68 21 would
2624 5527 24 20 be
2659 5534 48 19 very
2727 5527 135 27 satisfactory,
2878 5529 38 20 and
2936 5528 35 20 the

2420 5555 102 28 proceeds,
2539 5555 65 21 added
2622 5558 21 16 to
2658 5561 56 14 some
2735 5554 28 22 £5
2781 5555 52 21 from
2853 5555 39 21 last
2909 5555 63 27 year's

2420 5584 89 25 concert,
2519 5582 66 21 would
2595 5589 24 18 go
2629 5582 89 20 towards
2732 5582 73 26 paying
2815 5583 28 20 off
2853 5583 34 20 the
2897 5583 64 21 instru-

2420 5612 58 19 ment
2487 5610 20 21 in
2518 5609 36 22 the
2568 5609 75 26 school,
2661 5616 39 19 any
2718 5609 82 27 surplus
2816 5612 21 18 to
2855 5617 25 18 go
2897 5614 21 17 to
2937 5611 34 20 the

2420 5637 81 26 general
2513 5637 68 21 school
2596 5632 59 26 fund.
2683 5638 19 19 A
2718 5644 49 19 very
2784 5637 106 26 enjoyable
2908 5638 62 20 dance

2420 5664 94 22 followed
2537 5663 35 22 the
2596 5664 167 23 entertainment,
2790 5664 100 22 excellent
2908 5666 66 21 music

2420 5692 60 26 being
2502 5691 94 28 supplied
2618 5692 26 26 by
2668 5692 74 21 Messrs
2760 5692 99 21 Morrison
2883 5692 85 26 (violin).

2420 5720 79 21 Reeder
2509 5720 101 26 'piccolo),
2618 5722 25 19 A.
2652 5720 115 20 Robertson
2775 5720 83 22 (double
2867 5720 101 26 buss),and

2420 5748 43 21 Mrs
2471 5747 99 22 Morrison
2578 5747 89 25 (piano);
2679 5746 60 23 while
2747 5748 32 21 Mr
2786 5747 21 25 <J.
2817 5748 58 21 Drew
2884 5747 85 24 fulfilled

2420 5775 25 6 _ii
2491 5774 21 7 —:
2584 5776 8 5 i
2645 5775 16 6 v*
2674 5774 16 7 n

3150 186 70 43 The
3267 186 134 43 Courts.

3166 273 101 23 POLICE
3285 273 102 23 COURT.

3127 315 141 35 Thursday;
3283 315 62 26 13th
3360 315 74 28 Ma*.

3074 358 83 24 (Before
3166 358 20 21 S.
3197 358 25 21 E.
3230 357 115 25 M'Carthv,
3356 358 57 27 Esq.,
3422 357 62 26 S.M.)

3035 393 25 29 J.
3073 392 124 38 Drysdale
3210 402 21 18 v.
3245 392 27 28 J.
3282 393 105 35 Rooney
3399 402 6 19 :
3425 392 80 28 Claim
3517 392 40 31 £5

3002 432 37 27 for
3062 431 59 28 cash
3146 430 58 28 lent.
3241 430 143 28 Judgment
3408 430 33 36 by
3465 429 93 28 default

3003 468 60 30 with
3077 474 66 23 costs
3156 468 47 36 (£1
3221 468 27 27 Is
3260 468 54 37 6d).

3039 507 29 29 B.
3096 507 96 28 Brooks
3218 506 48 28 and
3292 508 42 26 Co.
3361 516 23 18 v.
3399 505 40 29 Ah
3465 505 93 34 Lung-:

3004 546 81 28 Claim
3099 546 36 26 £\
3152 545 45 27 18s
3221 545 47 27 lOd
3294 545 37 27 for
3350 544 87 35 poods.
3473 544 84 35 Judg.

3004 589 70 22 ment
3086 583 32 35 by
3131 588 104 21 consent
3248 582 58 27 with
3320 588 66 21 costs
3399 581 61 36 (ss).

3037 621 73 27 Same
3126 630 19 17 v.
3160 619 23 28 J.
3201 620 121 37 Rooney:
3342 619 80 28 Claim
3448 619 40 30 £9
3512 618 44 29 13«

3003 659 32 27 5d
3050 661 38 25 for
3100 661 85 32 goods.
3222 657 141 33 Judgment
3378 658 31 35 by
3423 656 94 28 default
3531 666 27 17 as

3004 707 13 18 a
3031 696 137 38 liquidated
3190 695 108 28 demand
3323 696 36 27 for
3381 701 104 22 amount
3509 694 47 28 and

3003 742 65 22 costs
3082 734 46 36 (£i
3145 734 28 28 5s
3185 734 43 35 6d)

3039 774 73 26 Same
3134 781 21 19 v.
3178 772 84 28 Alfred
3286 771 91 28 Larsen
3391 781 7 20 :
3416 771 81 28 Claim
3517 771 41 31 £8

3004 812 28 27 9s
3045 811 32 27 8d
3091 811 38 27 for
3142 810 85 35 goods.
3265 810 143 34 Judgment
3420 809 31 36 by
3461 809 96 28 default

3004 859 26 18 as
3055 859 13 18 a
3094 847 136 39 liquidated
3255 847 108 29 demand
3388 847 37 28 for
3455 853 103 22 amount

3005 887 58 28 with
3079 894 66 21 costs
3157 887 48 35 (£1
3222 887 29 26 5s
3265 886 50 34 6d).

3039 926 41 25 Mr
3094 924 105 28 Dalziell
3213 924 121 35 appeared
3348 924 35 27 for
3397 923 121 37 plaintiffs
3533 924 24 26 in

3005 962 31 29 all
3052 962 41 28 the
3107 961 132 37 foregoing
3250 971 74 18 cases.

3142 1040 147 23 WARDEN'S
3315 1040 101 23 COURT.

3124 1080 74 20 Before
3212 1079 89 22 Warden
3316 1080 115 27 M'Carthy.

3039 1114 139 29 Extension
3201 1115 29 27 of
3251 1116 58 26 time
3333 1115 35 27 for
3392 1124 90 26 survey
3508 1124 50 18 was

3005 1153 105 35 granted
3124 1154 24 26 in
3164 1153 40 27 the
3216 1152 127 35 following
3354 1162 68 19 cases
3433 1154 74 27 :—D.
3525 1152 32 29 H.

3006 1190 92 28 Parker
3111 1190 48 28 and
3181 1190 91 33 others,
3298 1190 88 37 special
3411 1190 71 28 claim
3509 1189 48 29 No.

3005 1228 69 35 8/96,
3090 1227 37 27 for
3139 1229 37 26 six
3188 1228 116 33 months;
3328 1227 25 28 P.
3369 1228 112 27 Riordan
3507 1227 47 28 and

3004 1267 92 31 others,
3110 1265 89 36 special
3213 1265 71 28 claim
3300 1265 45 29 No.
3359 1266 69 35 1/97,
3440 1265 36 28 for
3487 1265 69 29 three

3006 1303 99 26 months
3115 1313 7 20 ;
3141 1302 27 27 J.
3182 1304 99 31 Ewing,
3294 1304 89 34 epecia<
3395 1304 81 30 claim,
3490 1303 67 27 three

3006 1339 117 33 months;
3145 1338 26 26 B.
3188 1338 105 33 Brooks,
3305 1339 89 34 special
3403 1339 155 32 claim,three

3006 1375 118 33 months;
3145 1376 26 26 P.
3187 1375 83 29 Lsiflvv
3286 1377 47 27 and
3352 1377 90 32 others,
3465 1376 91 37 special

3005 1413 83 27 claim,
3102 1414 69 26 three
3185 1414 106 26 months.

3039 1450 68 28 John
3122 1450 127 34 M'lntyre
3267 1451 97 37 applied
3375 1450 37 28 for
3425 1451 133 28 Warden's

3006 1495 102 20 consent
3122 1494 26 20 to
3160 1489 83 34 assign
3258 1498 31 17 an
3312 1489 103 27 interest
3428 1489 25 27 in
3467 1488 89 36 special

3006 1527 73 26 claim
3126 1525 48 27 No.
3215 1526 92 36 157/94
3352 1533 25 19 to
3425 1527 133 27 Catherine

3009 1563 132 27 MMntrre.
3180 1562 120 28 Graut«d.

3042 1600 95 34 Special
3163 1600 163 29 Claims—R.
3339 1601 28 29 T.
3382 1601 106 28 Stewart
3507 1601 49 29 and

3008 1640 91 30 others,
3113 1649 46 17 sec.
3176 1640 22 30 1,
3213 1639 70 27 block
3307 1648 47 22 ix.,
3375 1639 72 33 Long
3460 1639 97 35 VftlUy.

3011 1677 31 26 50
3055 1686 73 17 acres.
3167 1676 121 33 Granted,
3302 1677 95 29 subject
3410 1682 26 21 to
3456 1682 102 22 consent

3009 1714 28 26 of
3046 1714 116 26 Minister
3173 1714 29 26 of
3213 1714 83 26 Mines
3307 1714 69 27 —H.
3390 1714 72 30 Park,
3476 1724 40 17 sec
3537 1715 24 30 4,

3012 1751 68 27 block
3102 1759 45 25 ix.,
3163 1751 107 34 Bender,
3284 1750 33 28 22
3331 1761 73 17 acres.
3441 1751 122 28 Granted.

3048 1788 115 27 Licensed
3189 1788 175 36 Holding—o.
3382 1788 115 37 Rattray,
3510 1798 47 17 sec.

3011 1828 24 32 5,
3049 1826 70 28 block
3135 1835 44 23 IX.,
3195 1827 103 35 Benger.
3331 1826 111 28 Granted

3049 1865 128 26 Extended
3191 1865 158 26 Claim—W.
3366 1864 140 32 Fairbairn,
3518 1874 46 16 one

3012 1910 55 19 acre
3077 1908 59 20 west
3150 1901 61 27 bank
3227 1901 114 27 Waikaia
3352 1902 71 26 river.
3443 1901 121 34 Granted,

3012 1940 95 35 subject
3122 1945 25 20 to
3157 1940 148 26 conditions.

3046 1976 200 28 Surrneder—T.
3272 1975 101 29 Louden
3399 1975 47 29 and
3470 1976 93 34 others,

3013 2015 108 26 licensed
3144 2015 106 35 holding
3276 2014 45 27 No.
3351 2015 98 34 124/93.
3498 2015 49 27 Can-

3012 2051 84 29 celled.

3131 2137 315 53 Correspondence.

3100 2241 22 28 A
3144 2237 118 31 REPLY
3279 2240 45 28 TO
3343 2238 133 36 QUERY.

3194 2290 27 16 TO
3235 2289 43 16 THE
3293 2289 83 17 EDITOK.

3044 2315 60 29 Sir,
3107 2314 66 27 —In
3186 2314 41 25 the
3241 2312 47 26 last
3303 2314 65 25 issue
3380 2312 29 27 of
3420 2322 63 27 your
3496 2316 56 27 valu-

3015 2352 50 28 able
3079 2361 75 27 paper
3166 2360 14 17 a
3193 2349 73 31 letter
3289 2350 120 34 appeared
3437 2352 61 28 from
3521 2362 44 18 one

3015 2391 52 27 who
3079 2388 126 37 evidently
3220 2397 49 18 was
3289 2388 117 28 ashamed
3423 2396 25 20 to
3461 2400 56 19 own
3529 2391 36 28 his

3015 2438 76 22 name,
3105 2428 44 27 but
3171 2427 88 34 tinned
3275 2426 101 28 himself
3397 2429 16 14 41

3015 2466 26 27 In
3067 2465 42 28 the
3133 2464 54 29 first
3209 2464 78 36 place,
3303 2463 127 38 Enquirer
3442 2465 58 28 does
3523 2473 42 22 not

3015 2509 59 22 state
3084 2502 22 29 if
3115 2503 30 27 he
3166 2503 21 27 is
3208 2512 48 18 one
3269 2502 29 26 of
3317 2502 42 27 the
3373 2502 84 36 public
3470 2505 56 27 who
3538 2515 27 17 so

3015 2540 145 37 generously
3171 2538 158 30 contributed
3336 2545 25 21 to
3373 2540 41 27 the
3427 2542 138 36 Roxburgh

3015 2578 139 28 Orchestral
3167 2577 121 35 Society's
3336 2580 134 27 successful
3508 2589 43 18 con-

3015 2623 69 21 certs.
3120 2616 48 26 We
3194 2615 61 27 have
3281 2620 42 21 too
3349 2623 76 30 many
3449 2616 28 28 of
3498 2617 67 28 these

3015 2653 99 28 Mother
3126 2652 129 37 Grundy's
3268 2653 26 27 in
3315 2653 42 26 the
3369 2652 182 32 district—indi-

3015 2691 94 28 viduals
3122 2691 65 30 who,
3201 2689 156 37 apparently,
3372 2690 62 29 have
3456 2702 32 18 no
3510 2702 42 27 par-

3015 2728 87 28 ticular
3114 2729 145 36 occupation
3273 2728 26 27 in
3319 2727 42 29 life
3383 2736 87 30 except
3491 2729 62 29 fault-

3015 2766 97 36 finding
3124 2766 49 28 and
3192 2766 94 37 prying
3309 2765 56 29 into
3390 2767 87 38 things
3499 2768 66 39 quite

3015 2805 95 36 beyond
3121 2804 65 28 their
3197 2803 93 28 mental
3302 2806 119 37 capaoity.
3455 2806 9 27 I
3477 2806 88 33 would,

3015 2842 60 26 with
3098 2850 63 26 your
3173 2841 157 35 permission,
3343 2841 50 33 Sir,
3406 2842 49 27 like
3480 2849 25 21 to
3523 2844 42 26 ask

3015 2878 124 38 Enquirer
3151 2877 22 30 if
3183 2877 30 29 be
3236 2877 46 30 has
3295 2878 118 30 attended
3425 2889 50 28 any
3488 2880 25 29 of
3525 2879 40 30 the

3015 2917 113 35 society's
3140 2923 122 24 concerts,
3276 2915 57 32 and,
3357 2917 22 25 if
3399 2926 35 23 so,
3457 2918 59 27 does
3537 2918 28 27 he

3015 2960 81 30 regret
3105 2953 95 37 having
3209 2952 143 37 speculated
3364 2952 39 29 his
3411 2954 39 36 (?)
3465 2954 100 35 shilling

3015 3001 25 17 so
3070 2990 126 35 foolishly.
3233 2992 37 24 As
3300 2999 15 17 a
3348 2992 109 26 member
3481 2992 28 26 of
3527 2992 38 26 the

3015 3028 100 36 society,
3128 3027 29 29 of
3166 3026 80 29 which
3261 3026 31 29 he
3304 3036 58 29 says
3375 3037 37 20 we
3425 3039 40 18 are
3490 3028 32 29 all
3542 3039 23 18 so

3015 3067 86 36 proud,
3129 3065 11 28 I
3166 3072 68 21 must
3257 3067 141 27 contradict
3424 3068 141 36 Enquirer's

3015 3109 132 23 statement
3160 3104 53 26 that
3227 3102 43 28 the
3282 3104 95 35 society
3391 3104 45 29 has
3448 3111 48 21 two
3510 3115 42 18 con-

3015 3148 61 20 cerns
3098 3140 97 28 booked
3217 3140 87 27 ahead.
3350 3141 14 27 I
3390 3142 73 28 know
3487 3143 29 27 of
3536 3151 29 19 no

3015 3180 69 27 other
3098 3180 58 27 than
3171 3179 42 27 the
3227 3187 46 18 one
3287 3185 25 21 to
3326 3178 30 28 be
3369 3181 75 34 given
3469 3191 31 17 on
3527 3182 38 27 the

3015 3217 104 33 Queen's
3154 3216 130 35 Birthday,
3315 3217 42 26 the
3390 3218 115 35 proceeds
3542 3220 23 24 of

3015 3254 80 29 which
3109 3253 48 29 will
3173 3254 28 27 be
3214 3251 113 34 devoted,
3342 3253 50 29 like
3416 3255 54 28 that
3496 3255 28 28 of
3535 3255 30 28 all

3015 3292 39 26 the
3067 3292 115 35 society's
3204 3291 72 26 other
3297 3299 121 26 concerts,
3432 3299 26 20 to
3472 3295 93 35 paying

3015 3328 33 29 off
3058 3329 42 28 the
3114 3330 100 28 balance
3228 3328 23 27 of
3265 3328 58 28 debt
3347 3329 48 29 due
3416 3340 32 18 on
3474 3331 41 28 the
3528 3331 24 27 in-

3015 3374 141 25 struments,
3201 3367 59 27 And
3286 3366 23 26 if
3331 3368 43 26 the
3398 3370 92 27 society
3518 3369 47 27 had

3015 3404 127 36 forty-two
3155 3410 112 22 concerts
3281 3402 94 30 booked
3387 3406 85 32 ahead,
3486 3406 10 26 I
3510 3415 41 27 pre-

3015 3451 67 18 sume
3095 3443 19 26 it
3128 3443 20 27 is
3161 3443 68 37 quite
3241 3441 108 35 optional
3364 3444 59 26 with
3441 3443 123 38 Enquirer

3015 3481 108 27 whether
3137 3483 29 24 he
3180 3479 98 29 attends
3291 3488 49 28 any
3353 3481 28 26 of
3391 3482 66 27 them
3472 3491 27 18 or
3513 3488 49 21 not.

3015 3518 7 26 I
3037 3528 44 17 can
3096 3519 77 37 safely
3187 3528 43 25 say
3244 3526 30 17 on
3286 3517 83 28 behalf
3385 3520 23 26 of
3420 3520 40 27 the
3470 3521 91 35 society

3015 3556 50 28 that
3078 3557 31 27 its
3124 3557 121 28 members
3258 3564 41 18 are
3313 3565 58 27 very
3396 3558 108 34 grateful
3528 3558 36 27 for

3015 3594 26 25 all
3057 3594 41 26 the
3112 3601 104 28 support
3240 3593 124 34 Enquirer
3376 3604 56 25 says
3446 3596 42 26 the
3502 3596 46 35 pub-

3015 3630 26 28 lic
3053 3631 62 27 liave
3126 3641 26 17 so
3164 3631 148 36 generously
3325 3631 83 33 given,
3419 3632 144 37 practically

3015 3678 22 19 or
3049 3671 143 30 otherwise,
3207 3671 48 27 and
3284 3669 9 28 I
3320 3669 72 29 think
3418 3671 42 27 the
3472 3671 91 36 society

3015 3707 38 26 has
3066 3708 88 26 shown
3168 3709 33 26 its
3222 3708 168 36 appreciation
3404 3710 28 25 of
3444 3709 40 26 the
3497 3718 67 17 same

3015 3744 18 27 in
3047 3756 14 16 a
3075 3745 117 37 practical
3204 3754 103 19 manner
3320 3754 30 17 on
3363 3754 67 19 more
3443 3746 60 27 than
3517 3755 47 17 one

3015 3784 107 26 occasion
3169 3783 80 27 There
3262 3792 41 18 are
3316 3792 74 27 many
3413 3784 69 26 older
3491 3785 59 26 insti-

3015 3820 87 28 tutions
3116 3822 24 25 in
3155 3821 49 27 this
3218 3822 68 35 place
3301 3820 79 27 which
3400 3821 32 27 do
3445 3827 43 21 not
3501 3820 46 37 pub-

3015 3857 38 26 lish
3069 3868 13 17 a
3098 3859 102 26 balance
3211 3859 69 26 shent
3326 3859 68 35 Why
3405 3859 41 26 did
3458 3865 42 20 not
3512 3857 34 28 En-

3015 3895 78 37 quirer
3106 3902 56 21 turn
3187 3896 38 27 his
3249 3896 126 27 attention
3401 3904 25 19 to
3447 3906 69 18 some
3540 3895 25 28 of

3015 3935 71 31 these,
3101 3934 95 28 instead
3221 3934 28 28 of
3267 3933 129 37 attacking
3409 3935 41 27 the
3463 3935 84 27 oiches-

3015 3972 41 26 tral
3070 3973 102 33 society,
3187 3972 82 26 which
3295 3972 20 25 is
3341 3972 195 34 oomparativelv
3549 3981 14 17 a

3015 4016 47 20 new
3088 4009 170 36 organisation
3290 4009 24 27 in
3343 4008 146 34 Roxburgh.
3527 4008 36 28 To

3015 4046 92 36 publish
3121 4056 47 17 our
3180 4047 103 26 balance
3305 4047 69 26 sheet
3396 4048 26 25 in
3446 4048 41 25 the
3501 4046 60 27 local

3015 4092 66 27 paper
3112 4083 80 29 would
3224 4082 119 29 cerfainlv
3371 4083 68 29 leave
3463 4094 14 18 a
3502 4093 58 28 very

3015 4121 59 27 jmall
3089 4121 100 28 balance
3199 4129 24 19 to
3236 4122 41 26 the
3294 4122 76 26 credit
3382 4122 26 27 of
3418 4123 41 26 the
3469 4123 92 35 society

3015 4165 15 21 it
3044 4159 63 26 their
3119 4159 91 27 annual
3226 4158 117 33 meeting,
3367 4160 79 27 which
3462 4160 43 26 has
3518 4166 43 21 not

3015 4200 32 29 pet
3056 4195 59 27 been
3128 4197 64 28 h«ld.
3221 4196 57 27 Had
3298 4195 123 38 Enquirer
3431 4196 130 28 addressed

3015 4234 28 25 lis
3057 4233 72 26 letter
3143 4241 24 19 to
3182 4236 40 25 the
3233 4241 126 25 secre'ary
3371 4234 28 26 of
3409 4235 41 26 the
3463 4235 84 26 orches-

3015 4270 36 27 :ral
3065 4272 92 34 society
3173 4271 29 27 he
3217 4271 89 32 would,
3323 4273 25 25 in
3361 4271 33 27 all
3403 4271 158 37 probability,

3015 4317 52 18 lave
3079 4309 108 26 received
3200 4309 30 27 nil
3244 4309 40 26 the
3295 4309 160 27 information
3469 4311 29 25 he
3510 4319 49 18 was

3015 4346 91 26 entitled
3122 4352 32 20 to.
3190 4346 138 35 Thanking
3341 4355 49 27 you
3401 4348 24 25 in
3440 4348 106 34 anticipa-

3015 4382 51 33 tion,
3071 4398 29 5 —
3107 4382 8 26 f
3131 4393 50 21 am,
3196 4383 36 27 &c
3244 4404 6 10 ,

3093 4422 21 26 A
3131 4421 132 27 Member
3276 4430 34 18 of
3324 4429 59 20 the
3397 4422 161 26 Roxburgh

3187 4460 183 27 Orchestral
3383 4459 107 26 Sociey.

3041 4494 149 33 Roxburgh,
3209 4495 56 25 I2rh
3282 4496 68 25 Mhv.
3367 4495 70 24 1897.

3005 4586 70 42 The
3099 4585 159 51 Borough
3284 4585 116 41 Water
3415 4585 141 48 Supply.

3031 4676 13 20 A
3058 4673 88 26 meeting
3155 4673 21 21 of
3186 4672 35 22 the
3230 4672 105 26 burgesses
3355 4672 21 20 of
3389 4672 111 24 Roxhurgh
3516 4680 39 14 was

3003 4702 46 20 held
3072 4705 22 16 at
3115 4701 36 19 the
3171 4699 85 21 Council
3280 4699 118 25 Chambers,
3428 4699 124 21 Athenreum

3004 4728 97 25 buildinar,
3120 4734 25 13 011
3166 4725 87 26 Monday
3270 4725 84 23 evening
3371 4727 22 19 to
3412 4726 92 20 consider
3521 4727 34 19 the

3004 4756 91 27 proposal
3108 4757 21 19 to
3139 4755 50 21 raise
3198 4761 11 13 a
3226 4753 45 20 loan
3285 4753 22 21 of
3326 4753 53 21 £350
3394 4753 32 21 for
3444 4753 111 28 improving

3004 4785 35 19 the
3047 4783 88 26 borough
3153 4786 61 17 water
3230 4781 82 25 supply.
3340 4782 65 20 There
3421 4789 39 13 was
3479 4782 47 26 only
3543 4790 12 12 a

3003 4811 57 21 small
3071 4810 128 25 attendance,
3217 4808 39 20 and
3274 4808 31 20 his
3322 4809 94 26 Worship
3434 4809 35 21 the
3487 4809 68 25 Mayor

3004 4838 97 27 presided.
3125 4837 43 20 The
3174 4835 160 21 advertisement
3340 4836 74 26 calling
3423 4836 35 20 the
3466 4837 87 21 meeting

3005 4873 38 13 was
3053 4865 53 26 read,
3117 4865 54 19 after
3182 4862 64 22 which
3261 4863 31 19 Mr
3303 4863 75 21 Haines
3393 4863 61 21 asked
3470 4863 16 21 if
3503 4863 52 22 £3oo

3004 4899 39 14 wns
3059 4893 34 20 the
3108 4893 85 20 amount
3211 4891 21 19 of
3248 4890 35 21 the
3300 4891 107 21 estimated
3423 4893 44 20 cost
3482 4893 21 19 of
3520 4891 34 21 the

3004 4921 64 20 who'e
3091 4920 69 21 work?
3185 4918 42 21 The
3254 4919 72 23 Mayor
3348 4919 41 20 said
3407 4920 46 20 thnt
3470 4922 84 18 amount

3002 4947 85 20 covered
3103 4947 34 20 the
3150 4948 50 24 cost,
3222 4945 38 21 hut
3275 4945 73 22 should
3364 4954 12 12 a
3391 4946 54 21 little
3463 4953 54 14 more
3530 4947 24 20 he

3003 4974 63 21 found
3077 4980 102 15 necessarv
3190 4974 15 19 it
3217 4972 68 21 would
3300 4980 25 13 no
3334 4973 64 21 doubt
3408 4980 55 15 come
3479 4976 36 19 out
3531 4974 21 19 of

3003 5002 36 21 the
3058 5002 88 24 borough
3165 5000 68 21 funds.
3263 5000 31 21 He
3315 5001 42 21 said
3374 5009 12 13 a
3407 5002 41 26 poll
3470 5001 22 21 of
3513 5001 37 22 the

3002 5031 116 23 ratepayers
3128 5029 67 19 would
3204 5028 24 19 be
3245 5029 60 18 taken
3323 5032 22 16 at
3357 5036 26 13 in
3400 5029 54 25 early
3472 5029 47 19 date
3532 5035 21 14 to

3002 5055 69 20 deciJe
3098 5055 35 20 the
3162 5054 92 26 question
3285 5055 75 25 finally.
3397 5057 17 19 A
3447 5055 104 26 desultory

3002 5082 109 21 discussion
3122 5081 92 21 followed
3230 5088 21 14 as
3262 5083 21 19 to
3294 5082 57 21 those
3366 5082 80 23 elieible
3462 5085 20 19 to
3493 5084 52 22 vote,

3002 5111 52 20 after
3064 5110 63 21 which
3139 5110 35 22 the
3184 5109 103 26 following
3296 5110 110 22 resolution
3415 5119 39 14 was
3465 5113 38 25 put
3508 5112 39 21 and

3001 5138 76 20 carried
3086 5145 26 12 on
3122 5138 35 20 the
3167 5138 77 19 motion
3253 5138 21 19 of
3287 5138 72 20 Messrs
3376 5139 75 20 Haines
3465 5139 40 20 and
3526 5139 23 20 E.

3000 5164 106 21 Tubman:
3260 5164 34 19 the
3319 5171 43 13 new
3387 5166 97 19 reservoir
3510 5166 38 19 and

3002 5191 104 21 extension
3126 5191 22 20 of
3163 5193 63 18 water
3246 5191 64 21 mains
3327 5198 21 14 ni
3362 5192 99 27 proposed
3477 5192 26 26 by
3516 5192 34 21 the

3004 5218 93 27 Borough
3107 5218 85 22 Council
3202 5218 24 22 be
3235 5218 102 24 approved
3357 5219 25 27 by
3402 5220 42 21 this
3460 5220 88 27 meeting

3000 5247 40 20 and
3047 5247 35 20 the
3091 5247 53 20 work
3153 5246 110 27 proceeded
3365 5249 16 18 A
3391 5251 47 17 vote
3448 5248 21 20 of
3475 5248 75 20 thanks

3002 5276 21 18 to
3033 5274 34 19 the
3077 5274 56 20 chair
3142 5274 122 20 terminated
3275 5274 35 19 the
3319 5274 135 26 proceedings.

3026 5301 40 20 For
3080 5301 36 20 the
3131 5301 129 20 information
3276 5301 22 20 of
3314 5303 116 24 ratepayers
3445 5309 30 13 wa
3488 5303 62 25 quote

3001 5327 36 22 the
3046 5327 102 23 followina
3160 5327 76 22 clauses
3248 5327 22 22 of
3285 5327 35 22 the
3336 5328 110 24 Municipal
3458 5336 79 19 corpora-

3001 5357 53 21 tions
3066 5357 46 26 Act,
3123 5357 33 24 188
3156 5357 22 24 H,
3190 5356 138 22 Amendment
3342 5358 46 25 Act,
3401 5357 22 21 18
3425 5356 1 29 (
3427 5358 29 27 J(5,
3468 5358 82 23 hearing

3003 5391 25 13 on
3053 5385 35 19 the
3105 5383 121 27 subject;'-'
3240 5385 188 25 Notwithstanding
3450 5385 100 26 anything

3000 5411 107 21 contained
3122 5413 21 19 in
3159 5411 35 20 the
3211 5410 110 28 Municipal
3340 5412 141 25 Corporations
3498 5414 44 24 Act,

3001 5439 55 26 188(5,
3074 5446 39 19 any
3127 5446 72 18 person
3215 5439 65 20 whose
3296 5446 58 14 name
3373 5446 85 19 appears
3475 5447 24 13 on
3511 5440 36 20 the

3000 5466 119 21 defaulter's
3129 5467 31 20 list
3172 5465 52 21 shall
3235 5466 25 20 be
3276 5466 86 21 entitled
3377 5470 21 17 to
3414 5469 47 18 vote
3475 5469 21 18 at
3509 5474 39 19 any

3001 5493 83 22 election
3095 5493 32 21 for
3136 5500 97 19 mayor..r
3242 5494 115 21 Councillor
3367 5501 23 14 or
3406 5501 39 18 any
3460 5494 41 27 poll
3517 5494 31 20 for

3000 5528 11 13 a
3021 5521 73 26 special
3103 5521 43 22 loan
3157 5528 21 12 as
3188 5521 95 25 provided
3294 5522 25 23 by
3329 5521 35 20 the
3373 5522 43 20 said
3425 5523 48 24 Act,
3491 5522 14 20 if
3522 5521 25 20 he

3000 5548 51 22 shall
3061 5548 51 21 have
3122 5548 115 26 previously
3250 5548 45 24 paid
3311 5548 25 21 all
3353 5552 61 22 rates,
3436 5552 58 22 costs,
3508 5548 40 22 and

3000 5576 99 26 penalties
3108 5576 40 21 due
3157 5575 27 26 by

3046 5603 43 21 The
3098 5603 118 24 production
3225 5603 21 21 of
3251 5603 35 21 the
3294 5603 159 23 ratecollpcfor's
3461 5604 82 26 recript,

3000 5631 91 25 showing
3098 5631 27 20 all
3134 5633 61 23 rates,
3206 5632 59 23 costs,
3275 5631 38 20 and
3328 5631 99 26 penalties
3442 5638 21 13 as
3474 5632 73 25 having

3001 5658 48 21 been
3068 5658 45 27 paid
3129 5658 51 21 shall
3200 5658 23 21 he
3239 5658 99 21 sufficient
3352 5658 108 24 authority,
3472 5662 21 17 to
3512 5655 35 24 the

3000 5686 106 26 returning
3115 5686 66 21 officer
3190 5688 21 18 at
3220 5693 41 18 any
3277 5686 49 21 such
3337 5686 84 22 election
3438 5694 21 12 or
3470 5687 76 25 polling

3000 5714 32 19 for
3044 5714 94 23 allowing
3153 5714 35 20 the
3199 5721 69 17 person
3287 5714 66 20 whose
3368 5719 53 15 rwtos
3430 5714 51 21 hav«
3496 5715 49 20 lwnn

3001 5740 48 28 paid
3058 5743 21 17 'o
3096 5741 87 21 exercise
3200 5740 32 22 his
3249 5741 54 26 right
3313 5743 21 19 to
3343 5743 46 21 vote
3407 5742 20 20 in
3445 5742 35 20 the
3492 5749 54 13 same

2999 5775 83 15 mariner
3088 5776 21 14 as
3116 5769 15 21 if
3140 5769 30 21 his
3177 5776 58 14 name
3241 5776 84 20 appears
3330 5776 26 19 oji
3364 5769 35 21 the
3411 5770 80 25 barges--
3501 5771 37 20 roll

3584 189 119 42 Teviot
3725 190 64 42 and
3815 190 192 43 Alexandra
4026 193 93 40 Fruit-

3735 260 156 43 growers
3927 247 63 46 Co.

3622 349 59 29 The
3715 349 124 30 monthly
3876 351 123 39 meeting,
4023 351 31 30 of
4086 352 41 30 the-

3586 390 86 28 above
3698 399 135 29 company
3858 400 55 19 was
3938 391 66 30 held
4026 395 29 26 at
4088 393 52 30 the-

3589 430 165 29 Athenaeum
3779 440 34 19 on
3840 429 138 41 Paturday
4007 433 127 39 evening.

3588 470 256 29 Present—Messrs
3870 470 134 31 Bioxham
4030 473 39 36 (in
4087 474 48 29 the

3587 512 99 35 chair),
3701 511 121 35 Penuell,
3842 511 22 30 T.
3879 512 254 38 Bennetts,.Broad,

3589 552 85 33 Uren,
3720 551 126 36 Watson,
3889 552 124 37 Moodie,.
4057 554 79 29 John-

3588 592 144 39 Tamblyn,
3790 592 39 29 M.
3887 590 151 42 Campbell,
4086 594 45 31 W.

3589 633 125 30 Courtier
3738 633 202 39 (representing
3966 635 44 28 Mr
4035 635 105 37 Snell),,

3587 673 54 29 and
3651 673 46 29 Mr
3704 673 104 39 Joseph
3817 673 134 37 Tamblyn
3964 676 167 37 (secretary).

3808 732 123 20 MINOTES.

3624 764 59 29 The
3719 764 120 29 minutes
3863 764 30 29 of
3926 764 47 29 the
4007 766 126 37 previous

3589 804 122 40 meeting
3725 815 69 18 were
3807 806 149 28 confirmed
3968 816 30 18 as
4011 806 74 29 read,

3751 862 239 22 CORRESPONDENCE

3625 893 58 31 The
3719 894 143 39 following
3900 896 235 39 correspondence

3588 945 55 17 was
3657 934 74 30 dealt
3744 935 65 28 with
3825 946 44 18 :

3625 975 81 29 From
3731 975 44 29 Mr
3796 975 89 36 Lorie,
3910 976 102 40 asking
4022 978 43 30 for
4088 980 49 29 the

3588 1016 166 37 settlement,
3784 1016 122 40 through
3921 1017 47 31 the
3990 1028 143 32 company,

3587 1058 30 28 of
3655 1068 74 18 some
3778 1058 180 38 outstanding
4005 1065 130 24 accounts

3587 1096 162 40 amounting
3773 1105 31 22 to
3821 1098 39 29 £5
3886 1098 31 29 Os
3942 1099 46 37 2d,
4013 1100 54 30 due
4100 1101 39 39 by

3589 1138 135 29 members
3749 1138 29 29 of
3790 1138 46 29 the
3850 1148 139 30 company.
4030 1141 42 30 On
4086 1143 47 28 the

3588 1180 102 28 motion
3716 1179 29 28 of
3761 1180 42 27 Mr
3829 1179 151 39 Campbell,
4000 1183 136 29 seconded

3587 1220 38 38 by
3657 1219 45 28 Mr
3729 1218 121 36 Pennell,
3874 1220 23 28 it
3916 1231 54 18 was
3996 1222 139 30 resolved:

3712 1259 47 30 the
3780 1263 137 36 secretary
3941 1261 77 30 write
4039 1266 28 27 to
4093 1263 44 30 Mr

3587 1300 80 29 Lorie
3683 1304 28 24 to
3720 1300 47 28 the
3776 1301 82 27 effect
3870 1301 60 28 that
3939 1302 46 28 the
3998 1313 136 28 company

3587 1339 64 29 does
3678 1343 49 24 not
3742 1339 125 28 consider
3891 1340 75 29 itself
3992 1341 81 30 liable
4107 1347 36 24 to.

3586 1379 99 29 collect
3742 1379 77 29 these
3877 1384 127 25 amounts
4064 1383 74 28 from

3588 1418 164 30 members/'
3803 1420 44 28 An
3892 1421 177 30 amendment
4102 1423 39 37 by

3589 1460 45 29 Mr
3646 1459 59 30 Jos.
3719 1459 144 36 Tamblyn,
3889 1461 135 30 seconded
4039 1462 37 39 by
4090 1462 45 30 Mr

3587 1500 73 29 John
3672 1500 133 38 Tamblyn
3818 1512 5 17 :
3865 1501 70 29 That
3943 1513 53 27 any
4006 1508 130 25 accounts

3589 1540 87 29 which
3690 1540 111 29 debtors
3828 1541 87 39 might
3929 1543 67 28 wish
4013 1548 28 23 to
4065 1544 70 29 have

3589 1580 62 41 paid
3675 1581 33 28 be
3723 1580 98 30 settled
3843 1581 36 40 by
3900 1582 47 30 the
4139 1580 4 45 1

3590 1633 54 18 was
3664 1621 55 30 lost
3738 1634 35 17 on
3787 1623 85 39 being
3887 1628 50 34 put
3949 1630 29 25 to
3990 1626 47 29 the
4061 1630 73 26 vote.

3627 1662 82 29 From
3747 1662 45 29 Mr
3827 1663 94 39 Pryor,
3959 1665 99 39 asking
4095 1667 36 28 for-

3590 1702 176 29 information
3781 1703 112 29 relative
3906 1708 29 25 to
3948 1716 74 19 some
4036 1708 99 35 special

3593 1742 133 36 business,
3740 1742 53 29 and
3806 1743 105 39 stating
3923 1745 60 29 that
3992 1746 35 29 he
4049 1747 92 29 would

3592 1782 94 29 advise
3710 1783 75 28 them
3811 1783 68 28 later
3900 1795 30 18 as
3954 1789 29 24 to
4008 1787 77 28 when
4103 1788 27 28 he-

3593 1822 80 30 could
3708 1822 35 30 be
3766 1827 110 35 present
3900 1829 29 25 at
3962 1826 48 30 the
4040 1829 103 32 annual!

3585 1863 1 38 :
3594 1864 130 37 meeting.
3764 1863 146 30 Received.

3632 1902 81 30 From
3727 1902 44 30 Mr
3781 1903 36 30 H.
3832 1902 176 40 Richsrdson,
4022 1907 28 29 of
4060 1907 85 37 Gore,,

3597 1943 65 28 with
3676 1944 137 28 reference
3825 1948 29 23 to
3867 1944 47 29 the
3926 1945 145 31 formation
4084 1949 29 28 of
4125 1960 19 17 a

3675 1982 119 31 Zealand
3815 1983 196 32 Horticultural
4024 1987 123 40 Society,,

3597 2028 28 25 to
3644 2024 37 29 be
3705 2024 145 39 composed
3864 2025 29 29 of
3913 2025 140 39 delegates
4073 2028 73 30 from,

3597 2066 35 28 all
3670 2065 174 30 assf>ciations
3879 2067 128 29 affiliated
4032 2074 28 24 to
4097 2070 47 28 the

3598 2105 132 38 principal
3754 2105 82 37 body,
3860 2115 36 19 on
3910 2107 47 28 the
3979 2117 74 19 snme
4077 2109 68 29 lines

3596 2156 30 19 as
3647 2146 47 29 the
3707 2145 85 35 Royal
3808 2145 196 32 Horticultural
4029 2147 109 41 Society

3597 2187 28 29 of
3650 2186 84 29 Great
3759 2186 195 30 Britain.—On
3969 2189 46 28 the
4041 2190 105 29 motion,

3596 2227 30 28 of
3639 2226 102 29 Messrs
3757 2225 141 40 Campbell
3910 2227 54 29 and
3989 2229 120 37 Pennell,
4123 2230 27 30 it:

3596 2268 22 29 it
3632 2278 55 19 was
3697 2267 113 30 decided
3820 2267 60 29 that
3891 2268 44 30 Mr
3948 2269 195 31 Richardson's

3597 2308 243 30 communications
3853 2309 34 28 be
3895 2310 124 30 received
4036 2312 55 28 and
4109 2313 35 27 bo

3596 2348 113 30 allowed
3721 2352 28 26 to
3762 2348 35 30 lie
3810 2358 34 18 on
3858 2349 46 29 the
3917 2350 74 30 table
4022 2350 42 30 till
4078 2357 66 27 next

3597 2389 129 40 meeting.

3707 2439 52 20 THE
3778 2440 108 20 ANNUAL
3908 2441 126 21 MEETINGK

3634 2470 57 31 The
3699 2470 137 30 chairman
3855 2472 134 39 proposed
4003 2473 142 40 (acording

3597 2517 28 25 to
3634 2512 42 29 his
3685 2512 89 28 notice
3782 2513 29 27 of
3822 2514 100 28 motion
3928 2517 29 25 at
3963 2514 46 28 the
4015 2515 126 37 previous

3596 2553 133 38 meeting)
3738 2552 54 29 and
3801 2552 46 30 Mr
3856 2553 133 30 Bennetts
3996 2554 143 30 seconded:

3629 2594 61 28 that
3723 2592 47 29 the
3794 2592 130 30 Dunedin
3950 2604 131 29 manager
4111 2596 39 28 be<

3596 2634 104 30 invited
3725 2636 29 26 to
3766 2632 35 30 be
3811 2636 111 36 present
3935 2636 28 26 at
3973 2633 47 31 the
4044 2636 101 29 annual

3789 2673 27 29 It
3838 2685 55 18 was
3907 2674 89 29 stated
4010 2675 61 29 that
4095 2676 47 28 the

3596 2724 132 37 manager
3742 2713 54 30 had
3818 2714 110 38 already
3942 2715 146 39 expressed
4102 2716 47 30 his;

3596 2754 135 30 intention
3749 2757 29 27 to
3800 2754 34 30 be
3865 2759 110 35 present
4011 2766 37 19 on
4085 2756 65 31 that,

3595 2796 135 33 occasion,
3743 2795 51 30 but
3815 2796 153 38 ultimately
3982 2797 47 31 the
4041 2797 107 34 mption,

3596 2846 55 19 was
3663 2839 51 35 put
3726 2836 54 28 and
3789 2836 113 29 carried.

3805 2884 129 28 CARTAGE,,

3632 2918 47 27 Mr
3690 2917 115 28 Pennell
3816 2917 85 28 asked
3915 2917 22 28 if
3949 2928 53 28 any
4015 2928 132 27 arrange-,

3596 2960 92 26 ments
3706 2966 71 19 were
3790 2956 87 39 going
3887 2961 29 24 to
3935 2958 38 29 be.
3984 2958 78 29 made
4073 2969 30 18 as
4116 2962 33 27 to*

3597 3001 110 34 cartage
3726 3006 35 19 on
3775 2997 94 28 behalf
3881 2997 29 28 of
3923 2998 80 30 small
4015 3008 129 28 growers.

3597 3036 28 31 It
3638 3037 54 30 had
3705 3038 68 30 been
3788 3037 103 40 spoken
3905 3038 30 29 of
3951 3038 53 30 last
4013 3048 65 29 year
4090 3040 57 30 and)

3597 3078 47 29 the
3656 3088 66 25 year
3731 3079 108 34 before,,
3848 3078 52 28 and
3916 3088 29 18 as
3957 3083 47 33 yet
4026 3080 107 39 nothing-

3598 3118 52 29 had
3677 3119 69 29 been
3772 3119 79 28 done.
3891 3118 44 29 He
3961 3119 55 28 had
4041 3119 51 30 had
4092 3118 3 33 1
4116 3125 33 26 to,

3598 3170 52 29 pay
3665 3160 30 30 2s
3707 3172 17 17 a
3749 3171 61 19 case
3830 3159 55 30 this
3907 3171 105 25 season,
4033 3160 53 30 and
4109 3161 40 30 he.

3597 3201 120 38 thought
3738 3212 75 17 some
3833 3207 192 32 arrangement
4047 3203 101 31 should)

3597 3241 34 28 be
3644 3241 79 29 made
3737 3241 36 38 by
3787 3241 45 28 the
3851 3250 142 30 company.

3634 3281 44 29 Mr
3693 3282 131 28 Bennetts
3838 3281 120 35 thought
3977 3282 45 29 the
4035 3282 111 39 subject

3596 3321 97 30 should
3716 3322 34 29 be
3773 3321 74 30 dealt
3869 3322 67 32 wijtll
3957 3326 29 28 at>
4008 3323 46 30 the
4078 3326 56 31 next-

3595 3363 111 38 general
3717 3363 130 37 meeting.

3633 3401 111 31 Several
3757 3402 136 29 members
3906 3403 119 39 thought
4044 3403 32 29 2s
4094 3415 53 27 per.

3594 3453 61 19 case
3669 3453 54 18 was
3736 3443 155 38 altogether
3910 3447 46 27 too
3977 3445 89 35 much,
4087 3445 57 29 and'

3594 3484 197 39 subsequently
3812 3483 45 30 Mr
3872 3485 112 29 PennelJ
3997 3495 70 28 grave
4081 3490 45 25 not-

3593 3524 41 29 ice
3647 3525 30 29 of
3697 3525 101 29 motion
3813 3529 28 25 to
3864 3526 83 39 bring
3968 3526 47 30 the
4043 3530 101 30 matter
4144 3524 3 41 1

3594 3575 36 29 up
3644 3569 30 25 at
3686 3566 47 28 the
3746 3566 99 28 annual
3862 3567 133 38 meetings

3667 3620 51 19 THE
3738 3621 130 19 BRISBANE
3886 3622 179 21 CONFERENCE.

3629 3652 58 31 The
3718 3652 138 31 chairman
3882 3654 90 30 stated
4003 3655 61 30 that
4096 3654 43 31 Mr

3594 3693 141 38 Campbell
3749 3694 53 29 had
3824 3695 70 28 been
3915 3696 147 37 appointed
4085 3707 51 18 one

3593 3733 29 30 of
3644 3733 48 30 the
3716 3733 139 39 delegates
3881 3738 28 25 to
3932 3735 46 29 the
4004 3735 135 30 Brisbane;

3594 3773 169 31 Conference
3774 3775 71 29 from
3855 3775 70 29 New
3942 3775 128 37 Zealand,
4083 3777 54 29 and

3592 3814 207 38 congratulated
3820 3815 55 30 him
3897 3815 112 30 thereon
4030 3827 35 18 on
4086 3817 31 29 be-

3593 3855 59 28 half
3663 3855 30 29 of
3706 3855 45 29 the
3765 3855 151 38 Company.

3630 3895 102 30 Messrs
3770 3895 134 30 Bennetts
3942 3896 54 29 and
4033 3897 104 40 Joseph

3593 3935 133 37 Tamblyn
3758 3937 57 29 also
3850 3938 206 36 congratulated
4093 3939 44 29 Mr

3593 3976 142 37 Campbell
3748 3987 34 18 on
3801 3977 41 29 his
3855 3977 199 38 appointment,
4068 3982 53 24 stat-

3591 4015 50 39 ing
3654 4016 61 29 that
3728 4027 35 19 no
3777 4028 73 18 more
3869 4017 32 29 fit
3923 4019 214 35 representative,

3591 4056 79 27 could
3686 4057 33 27 be
3732 4057 94 35 found,
3840 4058 53 27 and
3914 4059 65 36 they
3999 4057 50 28 felt
4072 4069 62 18 sure

3591 4097 34 30 he
3647 4097 87 30 would
3759 4097 33 30 be
3814 4109 34 18 an
3868 4099 61 28 able
3949 4103 138 34 exponent
4108 4099 31 30 of

3591 4138 45 28 the
3667 4139 184 28 conference's
3884 4139 191 29 deliberations
4100 4150 36 21 on,

3590 4177 42 30 his
3645 4180 92 26 return
3751 4181 29 25 to
3792 4178 66 29 New
3870 4178 126 29 Zealand.

3628 4218 45 29 Mr
3696 4217 140 40 Campbell
3857 4219 121 29 thanked
3998 4220 74 28 them
4093 4219 45 29 for.

3591 4257 70 30 their
3673 4257 174 30 felicitations
3868 4259 54 29 and
3936 4259 72 38 good
4029 4260 105 35 wishes,
4134 4257 3 42 (

3589 4299 53 28 and
3657 4298 90 39 hoped
3760 4299 42 28 his
3815 4299 64 29 visit
3892 4299 52 30 and
3959 4300 60 28 that
4038 4300 31 28 of
4088 4300 45 29 the

3589 4339 79 28 other
3680 4339 141 36 delegates
3833 4340 88 27 would
3935 4340 34 27 be
3991 4341 142 35 profitable

3590 4382 28 23 to
3631 4378 47 27 the
3690 4377 125 39 industry
3833 4379 29 28 ill
3880 4378 68 29 New
3962 4379 117 29 Zealand
4099 4389 37 24 on,

3589 4417 71 29 their
3673 4421 102 27 return.

3662 4467 16 18 A
3692 4466 118 20 MKSSAGE
3831 4468 33 20 OE
3881 4468 180 22 CONDOLENCE.

3625 4496 57 25 The
3695 4495 147 33 chairman,
3856 4497 26 25 in
3902 4497 149 37 proposing
4071 4498 61 27 that

3587 4533 46 28 the
3655 4532 141 40 following
3818 4535 145 28 resolution
3979 4536 28 28 of
4019 4536 113 31 condol-.

3585 4583 66 18 ence
3667 4574 32 26 be
3712 4573 152 28 forwarded
3887 4579 28 24 to
3939 4575 59 30 Mrs
4021 4576 111 32 Manuel
4132 4573 2 35 1

3585 4612 53 27 and
3652 4612 95 36 family
3760 4613 28 27 in
3810 4613 71 28 their
3902 4619 93 24 recent
4017 4615 96 30 bereav-

3586 4659 83 29 ment,
3702 4654 148 38 expressed
3878 4654 110 31 himself
4012 4656 28 29 in
4065 4668 66 28 very

3584 4693 104 36 feeling
3715 4693 137 37 language
3877 4705 36 17 on
3937 4697 47 26 the
4006 4696 54 29 loss
4085 4698 51 27 the.

3584 4741 135 29 company
3758 4732 52 30 had
3848 4734 141 30 sustained
4018 4736 36 39 by
4085 4736 50 31 the.

3583 4772 82 30 death
3680 4774 29 28 of
3720 4774 70 33 their
3802 4775 55 29 late
3870 4776 148 37 president.

3622 4812 110 29 Several
3739 4814 79 28 other
3828 4816 135 29 members
3977 4817 56 28 also
4044 4819 90 36 spoke,

3583 4853 29 29 of
3625 4853 46 29 the
3684 4854 54 29 late
3753 4854 43 29 Mr
3815 4855 134 30 Manuel's
3972 4861 77 33 great
4071 4868 42 20 ser-

3582 4895 73 29 vices
3680 4899 28 24 to
3731 4895 48 29 the
3801 4895 125 39 industry
3948 4898 54 30 and
4027 4903 28 25 to
4080 4899 47 30 the

3582 4935 118 28 district.

3620 4974 55 29 The
3726 4975 156 37 resolution,
3934 4978 88 30 which
4071 4990 54 20 wa=i

3581 5015 135 29 seconded
3726 5016 35 36 by
3774 5016 44 28 Mr
3828 5018 109 28 Moodie
3947 5020 52 27 and
4011 5021 114 34 carried,

3581 5065 53 17 was
3678 5055 110 29 worded
3828 5067 32 20 as.
3896 5058 105 29 follows
4013 5070 8 17 ;
4068 5060 57 29 The

3580 5095 97 30 Teriot
3689 5095 54 30 and
3757 5096 158 38 Alexandra
3928 5098 197 41 Fruitgrowers

3580 5136 141 37 Company
3752 5138 89 28 desire
3865 5144 28 23 to
3924 5140 66 27 offer
4016 5145 28 23 to
4067 5143 58 28 Mrs

3581 5175 112 34 Manual,
3722 5176 54 30 and
3802 5177 94 36 family
3921 5179 71 28 their
4016 5180 105 31 sincere

3579 5215 166 31 condolence
3775 5217 28 29 in
3835 5219 71 28 their
3937 5225 92 24 recent
4055 5232 67 28 very

3578 5257 85 36 heavy
3675 5256 183 31 bereavment.
3897 5263 39 24 As
3945 5261 139 37 president
4098 5263 27 28 of

3580 5297 44 28 the
3649 5307 142 28 company,
3816 5298 47 29 the
3885 5299 53 29 late
3955 5301 44 28 Mr
4014 5301 110 31 Manuel

3578 5348 54 19 was
3654 5347 65 20 ever
3743 5338 131 30 foremost
3889 5340 28 29 in
3929 5352 52 28 any
3996 5343 79 30 effort
4096 5350 28 24 to

3577 5378 116 34 forward
3707 5379 45 28 the
3766 5380 135 38 industry,
3915 5392 29 18 as
3955 5383 33 28 lie
3999 5394 54 18 w.ts
4067 5385 58 31 also,

3577 5420 28 28 in
3629 5419 35 28 all
3691 5424 169 25 movements
3883 5421 59 30 that
3967 5423 102 31 tended
4094 5431 28 24 to

3577 5460 120 27 advance
3712 5459 49 29 the
3776 5460 116 38 district,
3912 5463 55 30 and
3982 5465 45 28 the
4048 5477 55 19 com-

3578 5510 79 28 pany,
3672 5500 27 27 in
3714 5502 159 39 presenting
3886 5503 70 29 their
3975 5508 150 36 respectful

3576 5540 155 39 sympathy,
3743 5540 35 29 do
3792 5552 29 19 so
3835 5544 66 28 with
3912 5545 45 29 the
3968 5548 156 32 conviction,

3575 5581 60 28 tliat
3649 5581 46 28 the
3709 5581 53 30 late
3783 5583 45 29 Mr
3851 5584 134 32 Mauuel's
4005 5588 120 39 position,

3576 5621 25 28 in
3616 5621 71 29 their
3697 5621 84 30 midst
3794 5624 54 29 will
3870 5626 31 28 be
3914 5637 65 23 very
3999 5628 72 30 li*rd
4095 5634 27 25 to

3748 5715 203 23 CO-OP£KATIOX.

3614 5745 43 29 Mr
3686 5745 134 41 BJoxhatn
3853 5749 63 30 read
3954 5751 45 29 the
4037 5762 88 29 papp\.

1805 96 198 46 MOUNT
2090 97 223 46 BENGER
2400 96 152 42 MAIL.

3533 84 168 49 Friday,
3724 84 103 49 May
3848 84 57 43 14,
3931 84 115 40 1897.

124 197 158 38 FRIDAY,
305 200 17 30 2
329 202 44 28 IST
400 202 98 38 MAY,
523 203 83 36 1897,

241 248 38 28 At
290 247 17 29 2
320 249 93 29 o'clock
426 259 60 31 p.m.

87 332 59 52 JI
233 332 28 32 S.
325 334 321 31 VALENTINE

204 374 44 29 has
270 375 111 29 received
402 376 163 28 mstiuctiora
584 375 61 28 from

89 412 46 29 the
148 412 129 30 Directors
290 414 25 27 of
328 414 41 28 the

131 475 113 23 UNITED
270 475 148 23 HEDCULPS
444 474 170 23 HYDRAULIC

154 504 138 22 SLUICING
306 504 140 23 COMPANY
460 503 134 28 (LIMITED)

94 551 30 22 to
137 545 61 29 offer
210 546 37 27 for
259 546 51 27 sale
325 546 31 35 by
367 545 82 36 public
462 546 107 32 auction,

260 602 37 21 AT
322 601 170 26 ROXBURGH,

100 644 65 28 their
178 642 121 28 Valuable
312 643 120 35 Property
439 647 28 22 at
477 641 42 27 the
529 640 121 28 Hercules

100 682 67 33 Flat,
178 680 148 37 Roxburgh,
334 680 138 34 consisting
478 678 41 28 of;

135 737 150 30 SPECIAL
336 736 125 33 CLAIM,
502 734 149 35 containing

202 778 50 27 61a
263 776 50 35 l?p
323 777 79 34 (more
411 784 27 17 or
448 772 66 37 less),
521 771 127 36 including

204 825 14 17 a
231 814 72 28 block
317 814 28 25 of
350 811 97 36 ground
460 820 60 18 near
533 809 41 28 the
586 811 65 26 river

204 852 90 28 known
308 856 26 21 to
347 849 29 28 be
394 849 90 37 highly
506 847 143 31 auriferous,

204 889 49 29 and
263 888 82 29 which
356 887 71 28 could
441 886 29 27 be
483 884 98 29 worked
595 884 42 28 dur-

199 929 48 34 ing
261 927 41 27 the
315 927 87 25 winter
415 924 107 27 months.

131 980 136 29 WATER
290 979 112 28 RACES
423 977 61 27 from
500 975 40 28 the
561 974 88 28 Teviot

204 1018 88 34 Creek,
306 1017 59 27 with
390 1016 40 27 the
442 1014 68 37 right
533 1019 25 21 to
578 1021 71 29 carry

203 1056 32 28 23
247 1056 76 28 heads
336 1056 23 26 of
373 1061 83 20 water.

131 1111 55 27 The
229 1107 122 31 Valuable
393 1103 110 30 STEEL
539 1102 110 34 PIPES,

203 1140 446 39 BANDS,VALVES,NOZZLES,

204 1186 56 33 &c.,
273 1186 25 26 in
312 1183 144 29 connection
476 1179 139 29 therewith.

133 1239 147 35 3lanager'B
304 1236 145 31 Residence,
475 1232 176 29 Blacksmith's

204 1275 76 37 Shop,
318 1272 102 29 Outbuil
423 1272 84 36 dings,
546 1268 106 38 Rolling

203 1313 126 30 Machine,
362 1310 134 33 Punching
524 1308 125 30 Machine,

203 1349 98 35 Boring
325 1347 126 29 Machine,
475 1343 177 30 Blacksmiths'

200 1386 51 27 and
274 1383 156 37 Carpenters'
452 1382 83 34 Tools,
548 1381 103 32 Chains,

200 1424 94 34 Ropes,
319 1421 99 32 Blocks,
438 1420 88 27 Sheets
539 1419 27 27 of
576 1418 74 32 Steel,

201 1460 49 27 and
263 1458 127 28 Sundries.

130 1509 178 30 ELECTRIC
324 1508 113 28 LIfiHT
451 1506 127 28 PLANT,
592 1515 43 18 con-

200 1548 91 33 sisting
303 1545 186 36 of—Dynamo,
510 1544 31 36 by
561 1543 88 28 Elwell

200 1585 49 27 and
273 1583 102 30 Parker,
401 1589 48 20 two
477 1584 49 25 Arc
550 1580 100 37 Lamps,

200 1622 91 29 Pelton
406 1619 48 29 and
465 1619 108 37 Driving
585 1618 64 34 Belt,

199 1662 62 32 <fcc.;
280 1661 25 25 in
320 1659 65 35 good
399 1659 78 25 order.

133 1740 51 27 The
211 1738 149 27 Auctioneer
385 1734 80 27 would
488 1734 46 27 call
557 1734 91 36 special

120 1777 103 27 Mention
237 1781 25 21 to
273 1775 48 27 this
332 1773 159 36 opportunity
503 1773 24 26 of
536 1773 115 34 securing

108 1825 60 18 -.••me
178 1814 26 28 of
215 1813 41 28 the
268 1813 98 27 earliest
388 1811 47 26 and
459 1816 64 21 roost
537 1809 112 27 valuable

116 1855 68 26 i.rhts
197 1852 61 28 from
273 1851 41 27 the
336 1850 87 27 Teviot
447 1849 105 31 Stream,
574 1848 75 33 being

114 1893 29 24 he
167 1889 98 27 ONLY
284 1887 132 27 WATER
441 1884 208 28 AVAILABLE

112 1939 26 16 <«r
163 1927 114 34 working
300 1924 42 29 the
369 1922 54 30 fla's
448 1924 24 26 of
493 1922 41 27 the
557 1921 91 28 <-lutha

105 1966 82 35 Valley
197 1966 36 26 for
244 1972 73 27 many
329 1962 69 27 miles
409 1960 76 27 below
498 1959 139 35 Roxburgh

133 2020 51 25 The
196 2019 68 33 pipes
277 2027 40 15 are
335 2017 25 25 in
383 2015 64 33 good
467 2014 74 25 order
562 2014 48 25 and
623 2013 28 26 of

104 2055 141 30 ,;ibatantial
263 2053 176 31 nianufactuie.

134 2108 156 27 Note.—To
312 2107 48 25 suit
383 2105 40 26 the
446 2105 165 25 convenience
623 2103 29 26 of

104 2145 114 37 probable
231 2143 89 38 buyers
333 2143 17 26 it
364 2142 45 27 has
419 2141 58 27 been
490 2138 121 37 arranged
623 2146 25 21 to

160 2185 40 26 the
223 2185 77 25 entire
321 2187 114 31 property
461 2180 47 26 and
533 2178 70 38 plant
622 2185 23 21 at

102 2221 135 34 Roxburgh
251 2229 30 17 on
296 2219 41 26 the
350 2218 77 27 above
445 2217 62 26 date.

146 2295 220 36 THURSDAY,
399 2295 69 29 20th
503 2291 96 38 MAY,

227 2350 34 26 At
274 2357 45 18 one
333 2345 90 28 o'clock
438 2345 81 36 sharp.

147 2427 184 31 TUAPEKA
353 2424 124 32 STOCK
495 2422 104 31 FAIR.

100 2482 62 20 FlllST
177 2485 45 17 AND
230 2480 73 22 THTBD
312 2477 133 23 THCBSDATS
453 2481 25 16 IN
487 2480 56 17 EACH
558 2474 90 23 MONTH.

115 2549 157 43 JOHN
354 2542 294 34 THOMPSON

100 2587 9 12 *
171 2590 50 28 will
245 2587 58 30 hold
327 2587 39 28 his
394 2592 59 22 next
476 2584 57 28 Sale
557 2590 26 21 at
608 2582 41 28 the

100 2629 116 36 Tuapeka
228 2626 56 28 Sale
301 2624 91 32 Yards,
407 2623 140 32 Lawrence,
561 2630 32 18 on
608 2619 41 29 the

100 2667 74 26 •above
188 2665 55 28 date
288 2672 47 19 one
349 2660 90 30 o'clock
453 2660 82 37 sharp.

137 2742 93 26 Parties
255 2739 111 34 desiring
390 2743 25 21 to
439 2735 61 28 offer
525 2733 76 29 Stock
623 2742 28 18 or

106 2780 157 36 (mpifments
276 2782 25 23 at
314 2775 78 30 above
405 2773 55 28 Sale
477 2771 129 40 requested
625 2775 25 23 to

103 2818 58 26 ?end
183 2815 144 37 particulars
348 2820 26 20 to
392 2813 42 27 the
456 2811 151 28 Auctioneer
625 2818 27 18 as

103 2855 64 25 ?arlv
182 2862 26 16 ;«s
221 2852 113 35 possible.

108 2937 47 56 J)
237 2936 46 36 A.
355 2930 297 44 BUCHANAN,

183 3009 72 21 BOOT
282 3007 60 21 AND
367 3005 74 21 SHOE
467 3002 110 25 MAKER,

149 3055 140 31 Scotland
300 3071 10 6 -
322 3060 105 28 street,
446 3049 163 30 Roxburgh.

212 3152 90 39 Every
323 3148 165 40 description
512 3146 28 29 of

107 3208 83 27 Boots
203 3215 55 19 and
272 3205 89 28 Shoes
375 3203 132 29 Supplied
520 3209 34 19 or
566 3199 85 29 Made

277 3253 31 20 to
329 3243 143 29 Measure.

102 3300 43 28 Fit
155 3296 183 30 Guaranteed.
413 3294 46 28 Fit
467 3291 182 30 Guaranteed.

152 3378 122 22 REPAIRS
298 3376 115 22 NEATLY
443 3372 156 23 EXECUTED.

220 3446 24 25 A
268 3443 85 28 Trial
375 3441 152 30 Solicited.

104 3531 41 51 g
268 3529 57 38 W
392 3527 18 38 I
475 3525 37 38 H
580 3523 36 38 K
642 3553 7 12 ,

100 3610 134 21 PAINTER.
257 3607 131 24 GLAZIER,
411 3604 92 21 PAPER
522 3602 128 22 HANGER,

173 3642 67 22 SIGN
260 3640 116 21 WRITER
397 3638 62 22 AND
482 3636 94 21 HOUSE

285 3672 176 25 DECORATOR,

190 3728 70 27 Ross
281 3726 99 34 Place,
400 3725 161 26 Lawrence.

140 3886 40 27 On
197 3884 62 29 Sale
272 3895 15 17 a
297 3883 76 37 large
384 3880 54 29 and
446 3879 93 29 varied
549 3881 88 27 assort-

102 3929 76 26 ment
190 3925 28 28 of
232 3924 68 36 Oils,
314 3923 104 35 Paints,
441 3920 98 35 Scrim,
562 3918 89 35 Glass,

104 3967 224 36 Paperhangings
350 3963 55 28 and
425 3960 134 30 Painters'
580 3958 54 30 Sun-

101 4007 80 29 dries.

140 4047 66 27 New
215 4045 54 28 and
277 4043 171 30 fashionable
454 4040 74 29 Wall
539 4039 112 39 Papers,

103 4087 71 29 from
188 4086 35 29 5d
246 4094 48 30 per
314 4085 77 39 piece
413 4080 135 41 upwards.
590 4083 46 25 Pat-

103 4132 75 25 terns
192 4130 59 25 sent
266 4136 34 19 on
321 4124 175 39 application,
509 4125 62 35 post
583 4120 67 30 free.

141 4167 145 29 Estimates
298 4165 84 39 given
394 4164 43 29 for
460 4161 116 30 General
597 4161 36 29 Re-

101 4209 82 33 pairs,

141 4246 161 30 Celebrated
316 4246 130 28 Lustruss
464 4244 89 34 Paint,
567 4242 82 39 ready

100 4288 100 35 mixed,
213 4287 35 29 all
264 4286 121 30 Colours.

103 4399 256 41 Speargrass
392 4393 90 40 Flat
515 4383 82 48 Ho*
601 4389 21 26 6
626 4379 21 32 *'

198 4458 101 29 BALD
321 4458 93 29 HILL
439 4458 107 28 FLAT.

102 4538 90 22 JAMES
204 4536 149 22 FALCONER

104 4608 16 16 r
120 4606 84 28 FHE
217 4605 86 28 above
317 4604 84 28 Hotel
413 4604 54 26 will
480 4604 34 27 be
528 4603 85 27 found
634 4613 15 17 a

187 4647 73 28 most
286 4642 177 31 comfortable
492 4642 53 29 aud
576 4641 59 29 well-

103 4685 148 40 appointed
266 4685 94 28 House
374 4684 38 36 by
434 4683 149 28 Travellers
597 4683 53 27 and

104 4729 47 28 the
163 4725 93 40 public
270 4722 150 39 generally.
458 4722 117 27 Patrons
588 4732 62 26 may

105 4769 57 37 rely
176 4778 33 18 on
225 4774 81 28 every
324 4762 134 31 attention
471 4762 85 38 being
569 4761 81 39 given

101 4813 29 25 to
141 4809 72 27 their
225 4805 125 29 comfort.

104 4883 45 29 An
162 4881 159 29 Excellent
333 4877 88 30 Table
434 4877 118 28 Always
566 4873 85 30 Kept.

165 4955 70 37 Only
252 4954 46 28 the
312 4953 66 28 Best
391 4952 117 37 Liquors
522 4948 77 38 Kept

303 4993 29 30 in
346 4992 96 30 Stock.

103 5051 157 29 First-class
275 5049 138 36 Stabling,
427 5046 66 27 with
510 5044 99 29 Groom
625 5043 26 27 in

294 5087 174 31 attendance.

104 5180 118 55 QAPE
273 5175 158 56 jjroom
490 5171 163 55 jjotel,

205 5255 102 30 BALD
330 5252 94 30 HILL
448 5249 106 30 FLAT.

103 5336 27 29 J.
144 5334 132 31 R.Kemp
489 5325 164 41 Proprietor.

141 5414 59 28 The
243 5412 74 39 Cape
328 5411 99 29 Broom
468 5408 23 29 is
504 5416 51 19 one
566 5404 30 30 of
608 5404 45 29 the

107 5456 88 28 oldest
209 5454 52 28 and
276 5456 71 26 most
360 5449 136 31 favourite
510 5445 99 31 Hotels
619 5456 33 18 on

104 5496 47 28 the
165 5494 158 30 GoWfields.

127 5573 57 29 All
205 5581 52 19 the
284 5571 141 30 Comforts
451 5578 31 20 of
502 5577 15 20 a
539 5565 95 30 Home.

140 5646 156 29 First-class
316 5642 242 31 Accommodation
572 5639 44 28 for

299 5685 161 29 Travellers.

103 5742 66 29 Best
183 5741 96 30 Wine?
292 5740 53 31 and
360 5740 108 38 Spirits.

419 5787 77 30 Good
511 5784 139 32 Stablinr,

744 211 123 31 SMITH
893 209 259 33 &COLBRAN'S

674 276 141 47 STEAM
856 276 136 46 RIDING
1034 272 188 48 GALLERY

679 345 26 22 In
717 344 164 23 ROXBURGH
900 345 106 27 (Opposite
1021 343 107 23 Ormond'a
1145 342 80 27 Hotel).

679 418 83 28 Gallery
771 427 53 19 open
835 419 202 27 daily—Afternoon,
1044 418 40 22 3to
1089 418 25 27 5;
1128 417 99 27 Evening,

795 463 13 23 7
822 464 22 21 to
855 463 31 23 10.
914 462 109 28 Galloping
1031 462 83 22 Horaei.

701 536 136 21 Amusement
847 536 32 21 for
888 536 27 21 all
926 536 177 26 Clawei—Yonng
1112 535 40 21 and
1162 534 48 22 Old.

679 592 139 31 TEVIOT
828 594 217 29 WESLEYAN
1059 593 171 30 CHURCH.

778 675 113 38 Sunday
906 675 123 30 Services
1042 675 55 28 will
1120 675 34 29 be
1166 684 49 20 con-

767 715 101 30 ducted
881 726 29 19 as
924 715 91 30 follow
1028 728 45 17 :

679 764 112 27 Roxburgh
802 764 20 26 (7
832 764 84 28 p.m.)—
918 764 51 22 Rev.
978 764 23 23 J.
1013 764 26 22 H.
1052 764 82 26 Hooper

750 792 25 21 In
785 792 188 22 memoriam—The
982 792 41 21 late
1035 792 32 21 Mr
1077 791 90 22 Manuel.

679 820 49 21 Coal
738 820 65 21 Creek
813 820 20 25 (3
842 820 84 26 p.m.)—
928 820 50 20 Rev.
989 820 22 21 J.
1023 820 27 21 H.
1063 820 82 25 Hooper

751 847 25 21 In
787 847 186 21 memoriam—The
984 847 41 21 late
1035 848 32 20 Mr
1079 846 88 22 Manuel.

679 874 116 27 Ettrick(ll
808 875 81 25 a.m.)—
893 875 51 21 Rev.
951 874 22 22 J.
982 875 27 21 H.
1020 875 82 28 Hooper

775 903 21 25 (7
806 903 119 27 p.m.)—Mr
934 903 67 21 Smith

761 959 185 30 TUAPEKA
985 959 165 32 COUNTY.

679 1039 165 24 ELECTORAL
863 1040 88 23 ROLLS
966 1041 61 22 AND
1042 1041 190 23 DEFAULTERS*

852 1075 81 24 LISTS,
948 1075 119 21 1897-1898.

680 1140 100 56 THE
794 1140 123 29 Electoral
933 1142 73 27 Rolls
1018 1143 49 27 and
1082 1143 148 28 Defaulters'

762 1178 75 31 Lists,
858 1180 123 30 1897-98,
1007 1180 49 28 will
1081 1180 29 27 he
1135 1182 93 27 OPEN

681 1215 69 29 FOR
769 1216 216 28 INSPECTION
1008 1218 62 26 from
1084 1219 60 27 27th
1160 1219 70 36 April

680 1255 96 26 instant
795 1260 25 21 to
844 1255 58 26 15th
929 1254 61 37 May
1012 1262 60 20 next
1093 1265 26 17 as
1143 1257 85 27 under.

680 1291 144 36 Objections
835 1302 54 24 may
906 1292 27 27 be
945 1292 89 35 lodged
1045 1300 25 19 at
1081 1294 41 26 the
1133 1295 81 33 Magis-

681 1329 82 26 trate's
776 1329 78 26 Court
867 1338 31 17 on
912 1338 28 17 or
954 1322 81 34 beiore
1049 1333 42 23 the
1112 1330 47 27 last
1182 1331 48 36 day

680 1366 25 26 of
718 1366 60 36 May
792 1372 74 21 next:
869 1381 32 5 —

715 1415 23 28 1.
757 1413 114 28 Gabriels
900 1414 94 36 Riding
1053 1415 177 36 Schoolhouse,

784 1451 62 26 Blue
860 1451 64 35 Spur

713 1489 25 28 2.
759 1488 151 28 Waitahuna
943 1489 287 37 Riding—Post-office,

785 1526 150 27 Waitahuna

713 1564 23 27 3.
759 1563 109 37 Waipori
901 1564 94 35 Riding
1060 1564 61 27 Post
1131 1578 10 7 •
1153 1565 77 34 office,

783 1601 110 37 Waipori

714 1642 21 25 4.
750 1641 87 26 James
847 1640 123 34 Hiding—
977 1641 252 32 Post-office,Ettrick

712 1678 25 26 5.
755 1677 113 35 Tapanui
914 1679 94 33 Riding

783 1717 7 23 (
799 1715 66 29 'ffice.
879 1717 111 33 Tap&nui

713 1752 24 27 G.
756 1752 88 28 Tetiot
867 1752 282 35 Riding—Post-office,
1166 1753 48 27 Rox-

782 1790 80 32 burgh

712 1827 24 28 7.
758 1827 104 28 Drowns
905 1828 90 37 Riding
1053 1827 178 36 Schoolhouse,

783 1865 82 28 Evans
880 1866 56 27 Flat

712 1902 23 26 8.
755 1902 89 26 Clarks
884 1903 97 35 Riding
1051 1903 180 33 Schoolhouse,

781 1940 87 26 Clarke
882 1940 54 28 Flat

712 1977 22 27 9.
758 1976 140 29 Beaumont.
926 1978 97 36 Riding
1081 1978 149 34 Post-office,

781 2015 117 28 Dunkeld

712 2062 71 29 Rolls
797 2064 47 28 and
860 2064 66 29 Lists
947 2065 36 28 for
997 2065 31 27 all
1046 2065 105 37 Ridings
1174 2076 56 26 may

677 2101 30 26 be
719 2111 56 16 seen
790 2109 25 19 at
828 2104 42 24 the
885 2104 100 33 County
1007 2103 104 27 Council
1133 2104 97 32 Offices,

678 2137 142 29 Lawrence.

877 2176 96 29 JOHN
987 2177 24 28 J.
1028 2178 134 33 WOODS,

777 2222 102 37 County
893 2224 84 33 Clerk,
990 2224 118 35 Tuapeka
1122 2224 100 36 County

711 2264 140 36 Lawrence,
866 2266 60 29 24th
942 2267 78 38 April,
1036 2267 73 30 1897.

679 2391 45 55 R
728 2435 12 13 #
760 2394 34 40 J.
825 2394 44 40 B.
901 2394 161 44 YULE.
1088 2396 144 43 L.D.S.,

764 2476 193 48 Surgeon
993 2477 163 44 Dentist,

808 2559 301 31 INVERCARGILL.

783 2734 47 31 Mr
853 2735 79 30 Yule
954 2734 55 30 will
1028 2734 102 30 visit—

682 2838 141 29 RYAN'S
839 2837 136 35 HOTEL,
985 2836 250 36 ALEXANDRA,

817 2883 69 31 14th
898 2886 30 28 to
943 2883 66 32 17th
1022 2883 77 41 May.

696 2965 165 31 HERON'S
875 2965 137 38 HOTEL,
1022 2965 213 31 ROXBURGH

822 3015 67 30 17th
901 3018 30 27 to
947 3014 68 31 19th
1027 3013 76 41 May.

757 3151 26 30 R
842 3149 392 38 FINLAYSON,

764 3204 161 22 BARRISTER
938 3204 62 21 AND
1014 3202 155 25 SOLICITOK,

874 3248 166 36 Lawrence,

679 3317 69 29 Will
774 3316 96 30 attend
895 3316 47 29 the
962 3314 153 39 Roxburgh
1138 3313 94 30 Court.

678 3473 102 38 Money
790 3475 28 27 to
826 3470 78 32 Lend
913 3482 35 20 on
958 3470 136 31 Freehold
1105 3469 126 40 Security

680 3638 61 59 T.
821 3637 411 69 WHELAN,

717 3721 168 28 FARRIER
907 3721 81 28 AND
1014 3720 181 30 GENERAL

827 3767 260 36 BLACKSMITH,

894 3833 30 26 to
954 3830 99 30 inform
1095 3830 43 29 his
1169 3832 64 36 past

790 3871 156 28 Customers
969 3871 54 28 and
1045 3870 47 29 the
1115 3870 115 29 General

680 3910 96 31 Public
788 3911 61 30 that
861 3911 34 29 he
908 3911 49 30 has

680 3964 185 29 RESUMED
892 3964 188 29 BUSINESS
1100 3964 44 29 IN
1164 3963 66 28 HIS

808 4011 75 31 OLD
909 4010 190 32 PREMISES

702 4061 132 38 (recently
846 4061 131 37 occupied
995 4061 36 36 by
1054 4061 47 28 Mr
1121 4061 28 28 J.
1173 4060 38 29 H.

875 4101 158 40 Aldridge),

743 4143 103 28 Where
858 4143 35 28 he
906 4143 23 28 is
941 4143 134 39 prepared
1088 4146 29 26 to
1129 4143 36 28 do

679 4205 324 31 BLACKSMITHING
1027 4206 48 30 OF
1099 4205 131 31 EVERY

899 4255 108 30 KIND.

716 4323 81 30 T.W.
820 4326 85 27 trusts
930 4324 43 29 his
995 4324 102 29 former
1118 4327 113 35 patrons

677 4364 55 27 will
745 4363 69 39 rally
827 4364 87 28 round
927 4364 67 34 him,
1007 4364 53 28 and
1074 4375 50 18 cau
1138 4374 92 18 assure

677 4404 75 29 them
773 4403 48 30 the
835 4414 74 19 same
932 4403 63 29 skill
1021 4404 53 29 and
1093 4403 137 30 attention

678 4444 87 29 which
780 4444 114 29 marked
907 4444 42 28 his
960 4444 131 29 Business
1099 4444 130 38 formerly

678 4484 53 26 will
746 4484 34 28 be
793 4484 139 28 exercised
946 4484 28 28 in
988 4485 100 27 future.

729 4555 220 22 HORSESHOEING
976 4557 19 20 A
1020 4556 160 22 SPECIALTY.

700 4628 225 39 THOMAS
946 4628 263 44 WHELAN,

739 4688 262 34 ScOTLAND-STBEET,
1021 4688 162 29 ROXBURGH.

730 4806 32 20 To
779 4811 26 15 be
820 4807 126 20 Published
961 4811 24 15 in
995 4808 112 24 January,
1123 4807 55 21 1893.

684 4851 31 28 C
720 4850 2 32 I
722 4850 131 30 TONES'
885 4851 68 29 OTA
960 4851 49 29 GO
1039 4851 24 30 &
1090 4851 119 31 SOUTH-

683 4880 35 26 °
924 4892 105 29 LAND

731 4948 153 23 Commercial,
901 4947 132 27 Municipal,
1045 4948 16 21 &
1075 4948 108 21 General

840 5000 238 46 DIRECTORY,

932 5056 53 19 AND

720 5098 89 30 NEW
827 5098 180 30 ZEALAND
1023 5100 172 38 ANNUAL,

908 5152 110 34 1898.

706 5239 165 29 Fourteenth
891 5237 74 30 Year
984 5238 30 29 of
1031 5239 181 31 Publication.

702 5284 13 18 «

684 5317 90 38 Demy
800 5317 51 28 Bvo
877 5315 63 35 size,
966 5315 160 39 containing
1148 5317 84 30 about

703 5356 283 41 900pages,together
995 5357 63 30 with
1068 5368 146 20 numerous

740 5399 81 37 Maps
844 5397 139 29 corrected
1004 5401 28 25 to
1045 5398 72 34 date,
1131 5398 47 29 the

767 5437 87 30 whole
867 5437 178 38 handsomely
1058 5438 94 30 bound

793 5479 26 28 in
834 5477 84 37 cloth,
929 5477 193 39 gilt-lettered.

684 5562 77 29 Price
774 5564 28 26 to
817 5559 186 36 Subscribers,
1018 5560 48 28 12s
1080 5560 52 35 6d;
1153 5560 76 31 Non-

830 5600 185 35 Subscribers,
1026 5601 57 29 15s.

728 5681 130 35 STONE,
891 5679 82 37 SON,
1006 5680 81 30 AND
1117 5682 66 37 CO.,

868 5733 66 29 Pußl
942 5742 102 28 ISHERS,

736 5782 140 30 Crawford
904 5781 99 31 Street,
1026 5782 138 29 Dunedin.

1252 258 95 55 W.
1389 257 74 55 T.
1505 258 304 65 Tftlb©ya,

1421 366 225 36 ROXBURGH,

1287 442 60 30 Has
1360 449 61 20 now
1435 438 115 39 Opened
1566 438 43 28 his
1621 437 91 38 Large
1725 437 55 29 and

1367 492 104 31 Varied
1484 491 177 31 Assortment
1670 490 30 30 of

1261 593 298 60 WINTER

1531 714 278 59 GOODS!

1392 815 61 38 (per
1478 812 62 30 S.S.
1567 810 120 37 Gothic.)

1293 920 225 32 BLANKETS!
1558 918 204 30 BLANKETS
1776 919 5 28 !

1298 973 205 30 White—from
1517 973 32 27 9s
1566 972 10 28 1
1587 971 31 28 Id
1632 981 50 29 per
1694 969 60 40 pair

1296 1014 139 32 Coloured
1437 1013 108 29 —from
1559 1013 32 28 9s
1611 1012 52 29 lid
1677 1021 48 30 per
1738 1009 59 41 pair

1380 1102 121 31 RUGS!
1577 1100 102 31 RUGS
1696 1100 7 31 !

1336 1156 113 40 Striped
1511 1155 71 29 from
1617 1155 32 29 4s
1678 1154 60 29 lid.

1383 1250 114 31 WOOL
1529 1248 173 31 SHAWLS.

1352 1306 26 27 A
1414 1305 90 35 Large
1540 1303 184 28 Assortment.

1304 1395 239 42 WINTER
1595 1392 173 40 DRESS

1428 1463 214 42 STUFFS

1521 1535 28 19 IN

1324 1589 156 36 SERGES,
1508 1585 242 37 CORDUROYS,

1409 1642 170 34 TWEEDS,
1604 1641 61 34 &c.,

1315 1697 82 30 From
1413 1696 48 29 10s
1476 1694 34 30 6d
1524 1694 46 28 the
1584 1692 62 29 Full
1660 1691 93 30 Dress.

1348 1776 135 40 Splendid
1507 1777 167 27 assortment
1698 1773 30 29 of

1392 1829 90 32 NfelW
1508 1826 171 32 JACKETS

1428 1878 71 27 from
1531 1877 45 26 16s
1602 1876 46 27 (id.

1301 1979 84 43 New
1427 1976 175 50 Millinery,
1635 1974 138 51 Gloves,

1411 2046 161 52 Ribbons,
1609 2045 65 45 4c.

1359 2154 104 32 LONG
1500 2153 78 30 FUR
1619 2150 100 32 BOAS

1438 2208 70 28 from
1535 2208 31 28 4s
1593 2206 46 29 6d.

1352 2291 26 29 A
1400 2289 77 39 large
1501 2290 167 28 assortment
1688 2285 29 30 of

1297 2348 155 31 MEN'S
1505 2344 274 34 CLOTHING.

1403 2432 95 28 Latest
1526 2430 92 38 Styles
1644 2429 29 29 in

1336 2489 110 37 HATS,
1477 2487 184 37 SCARVES,
1688 2486 51 32 Ac.

1311 2583 117 31 MENS*
1456 2593 56 20 and
1536 2583 100 30 BOYS
1670 2582 98 31 CAPS

1311 2633 110 30 endless
1440 2632 216 40 variety—from
1681 2631 36 30 6d
1740 2632 66 29 each

1307 2714 27 30 A
1347 2714 78 40 large
1439 2714 55 30 and
1507 2712 125 32 assorted
1646 2712 80 31 stock
1738 2712 30 29 of

1361 2765 120 33 BOOTS
1505 2774 56 21 and
1587 2763 132 32 SHOES.

1302 2894 57 60 V.
1381 2896 61 56 T.
1463 2893 344 56 TALBOYS.

1404 2986 285 31 ROXBURGH.

1331 3201 419 42 BERNSTONE,

1311 3269 78 31 THE
1458 3269 113 30 FARIS

1404 3329 99 35 {From
1531 3329 152 37 Dunedin),

1340 3406 69 28 Vl'
1421 3406 63 29 ILL
1500 3406 66 28 visit
1580 3404 163 39 Roxburgh,

1458 3446 104 30 Millers
1594 3446 69 35 Flat,
1689 3444 54 29 and

1336 3488 189 38 surrounding
1559 3486 123 30 districts
1715 3491 28 23 it

1334 3529 110 39 regular
1456 3528 140 36 intervals,

1472 3577 77 28 when
1566 3576 33 28 he

1348 3630 103 29 WILL
1465 3630 104 30 TAKE
1584 3629 150 30 ORDERS

1336 3696 29 25 to
1388 3693 56 28 suit
1458 3693 47 28 the
1518 3692 183 28 convenience
1714 3691 30 28 of

1411 3739 48 28 the
1475 3738 69 29 local
1565 3737 103 39 public.

1382 3833 129 30 Charges
1535 3832 160 30 Moderate.

1338 3927 75 31 Suits
1423 3927 68 30 from
1502 3928 39 29 £3
1552 3928 43 34 3s;
1610 3926 132 30 Trousers

1465 3975 70 26 from
1552 3976 57 26 l<is.

1334 4067 46 28 Fit
1393 4066 175 29 Guaranteed
1587 4076 33 18 or
1639 4065 102 39 Money

1435 4119 49 26 not
1498 4115 140 39 accepted.

1285 4258 187 31 BOROUGH
1494 4258 49 30 OF
1562 4258 224 31 ROXBURGH.

1294 4381 120 37 Propns»l
1428 4385 27 22 fo
1478 4383 62 25 raise
1552 4391 14 16 a
1578 4380 96 34 Special
1699 4379 67 28 Loan
1789 4380 29 26 of

1362 4420 80 26 Three
1451 4419 120 27 Hundred
1579 4418 48 27 and
1637 4418 68 36 Fifty
1715 4417 98 28 Pounds

1363 4458 39 27 for
1413 4458 40 26 the
1465 4466 105 26 purpose
1582 4457 29 27 of
1616 4457 145 33 increasing
1773 4456 40 26 the

1363 4503 76 17 water
1451 4494 90 35 supply
1555 4494 31 33 hy
1601 4503 85 17 means
1708 4493 28 26 of
1754 4501 45 19 con-

1363 4532 125 35 structing:
1499 4541 13 18 a
1524 4531 82 35 larger
1619 4530 133 29 Reservoir
1765 4537 24 21 at
1799 4541 13 17 a

1364 4570 89 35 higher
1471 4570 121 27 elevation
1614 4569 60 27 than
1695 4570 41 25 the
1757 4578 41 26 pre-

1362 4614 64 23 sent,
1441 4607 46 26 and
1503 4607 153 34 conducting
1675 4607 42 26 the
1738 4612 75 20 wpter

1366 4644 133 28 therefrom
1512 4643 31 38 by
1555 4654 13 18 a
1582 4653 55 19 new
1651 4644 49 28 line
1710 4644 28 28 of
1745 4644 68 35 pipes

1364 4683 151 31 connecting'
1548 4683 58 26 with
1635 4683 42 27 the
1715 4688 97 28 present

1364 4726 77 19 water
1454 4720 79 25 mains
1545 4729 6 21 ;
1571 4719 49 27 and
1635 4726 25 20 to
1682 4719 91 36 pledge
1787 4727 26 17 as

1364 4757 108 36 security
1486 4755 37 28 for
1545 4757 158 37 Repayment
1726 4757 24 26 of
1773 4755 39 28 the

1364 4794 125 36 Proposed
1499 4794 77 34 Loan,
1580 4796 80 27 Rents
1671 4796 27 26 of
1708 4795 88 27 Endow-

1364 4839 80 19 ments
1463 4832 47 26 and
1534 4833 129 30 Reserves,
1688 4833 124 27 Licenses,

1363 4870 78 27 Ratps
1475 4872 60 31 (and
1571 4870 94 38 Special
1697 4870 75 28 Ra'es
1797 4868 21 28 if

1364 4908 137 37 required),
1524 4908 47 28 and
1594 4910 52 26 also
1665 4909 42 27 the
1726 4909 89 27 Water

1364 4947 94 26 Works
1470 4947 70 26 when
1550 4947 137 36 completed

1260 5013 52 55 IN
1336 5012 150 28 accordance
1511 5013 60 27 with
1595 5014 94 27 section
1716 5012 46 28 181
1791 5011 27 28 of

1349 5051 54 25 The
1416 5050 138 36 Municipal
1569 5050 176 35 Corporations
1759 5051 56 27 Act,

1387 5087 8 27 I
1423 5087 89 35 hereby
1538 5087 102 37 appoint
1665 5085 150 34 FRIDAY,

1261 5127 42 27 the
1315 5127 66 28 01st
1395 5126 47 35 day
1456 5126 25 26 of
1494 5126 88 33 MAY,
1598 5126 76 34 1897,
1687 5136 31 17 on
1734 5124 79 28 which

1262 5164 41 26 the
1320 5165 51 25 Poll
1385 5162 63 27 shall
1474 5162 29 26 be
1528 5164 73 25 t&ken
1622 5167 26 22 at
1674 5163 43 25 Mr
1738 5162 77 26 Jabez

1263 5201 118 28 Burton's
1394 5199 133 32 Saleroom,
1542 5199 111 29 between
1675 5200 42 27 the
1741 5199 74 27 hours

1261 5241 27 26 of
1298 5241 16 26 9
1327 5250 57 18 a.m.
1403 5238 49 27 and
1466 5239 15 26 6
1494 5248 58 26 p.m.

1296 5293 79 27 Dated
1390 5298 26 21 at
1435 5291 141 34 Roxburgh
1599 5291 42 27 the
1656 5290 59 27 13th
1729 5290 49 27 dav
1791 5289 28 27 of

1261 5331 69 38 May,
1342 5331 74 28 1897.

1380 5393 136 29 HENRY
1536 5391 166 35 BAILLIE,

1681 5443 98 31 Mayor.

1262 5593 109 56 LOST
1379 5593 110 26 between
1496 5590 139 35 Roxburgh
1647 5591 48 25 and
1707 5589 94 35 Spring

1341 5630 68 32 field,
1432 5628 140 31 Dunrnbin,
1592 5637 13 17 a
1628 5628 91 35 Lady's
1742 5627 58 25 Mac

1261 5669 99 27 kintosh
1376 5668 74 34 Cape.
1488 5664 92 28 Finder
1589 5675 15 14 u
1612 5664 25 27 ill
1650 5664 27 24 hn
1686 5663 115 27 rewards

1260 5716 31 17 on
1322 5706 132 31 returning
1482 5712 66 17 same
1588 5709 25 20 to
1652 5703 41 25 Mr
1731 5701 70 26 .Tour

1261 5743 161 33 Bennetts,
1436 5740 59 30 Coal
1510 5739 86 33 Cfegk,
1611 5748 26 17 or
1661 5746 23 19 to
1698 5738 75 27 Office
1786 5748 13 17 o

1260 5781 45 27 this
1319 5781 87 27 Paner,

1990 194 242 36 NOTICE.

1840 287 51 54 A
1903 288 170 30 MEETING
2086 290 29 27 of
2123 288 88 29 Ladies
2223 281 51 30 will
2286 281 31 28 be
2330 281 57 27 held

1926 333 24 21 at
1965 327 41 27 tbe
2020 327 60 28 Hall
2091 336 32 18 on
2136 319 164 34 MONDAY,
2314 319 71 26 17th

1841 361 90 35 MAY,
1945 369 25 22 at
1983 364 59 27 7.30
2054 373 68 29 p.m.,
2144 369 25 21 to
2191 366 106 26 arrange
2314 355 76 29 about

1842 401 40 27 the
1898 400 97 28 Winter
2008 402 93 28 Socials
2122 402 25 26 in
2166 395 146 33 connection
2327 394 60 26 with

1842 438 42 27 the
1907 439 159 28 Athenaeum.
2102 439 128 35 Everyone
2249 430 97 31 incited
2365 437 25 21 to

1840 475 93 29 attend.

2042 515 30 28 L.
2093 515 29 28 E.
2144 508 142 34 HAINES,

1900 564 128 37 Secretary
2046 564 134 32 Roxburgh
2195 560 158 27 Athenaeum.

1878 642 173 29 BOROUGH
2077 642 45 28 OF
2145 635 212 34 ROXBURGH.

1844 719 158 57 PUBLIC
2028 720 89 29 Notice
2142 719 25 29 Is
2190 714 99 36 Hereby
2309 714 81 29 Given

1924 761 56 25 that
2004 769 14 18 a
2042 759 95 35 Sitting
2161 756 27 29 of
2207 755 40 27 the
2271 752 119 35 Borough

1844 795 102 28 Council
1962 796 48 28 will
2025 796 29 28 be
2067 796 88 28 holden
2170 800 23 22 at
2213 792 41 27 the
2274 790 117 28 Council*

1844 835 232 27 room.Athenaeum
2087 832 125 31 Building,
2219 839 30 17 on
2261 827 108 29 SATUR-

1846 872 84 33 DAY,
1947 873 69 27 loth
2033 871 86 34 MAY,
2137 869 70 33 1897,
2221 874 25 21 at
2264 867 15 26 8
2298 865 93 28 o'clock

1844 919 49 26 p.m
1905 932 6 9 ,
1926 917 24 19 to
1964 911 59 26 henr
2035 910 47 27 and
2096 909 135 27 determine
2252 905 32 27 all
2298 904 94 27 Claims

1844 947 47 26 and
1912 947 142 37 Objections
2068 953 26 21 to
2107 947 41 26 the
2162 945 109 34 Burgess
2285 941 60 27 List.

1880 996 25 26 If
1915 1006 47 26 any
1978 997 91 26 Person
2084 996 81 26 whose
2186 1001 72 19 name
2270 992 21 26 is
2305 1001 30 17 on
2348 990 45 28 the

1846 1032 113 30 Default?
1974 1034 18 26 «'
2008 1034 50 28 List
2073 1043 60 27 pays
2151 1030 29 31 all
2204 1036 67 22 rates
2293 1030 48 28 due
2361 1029 31 37 by

1844 1073 50 25 him
1908 1082 27 16 or
1949 1073 42 25 her
2004 1072 81 26 before
2099 1072 40 26 the
2159 1070 109 33 Burgess
2293 1067 59 26 Roll
2371 1069 21 24 is

1842 1108 109 28 certified
1967 1109 47 27 and
2028 1108 96 36 signed,
2144 1107 36 28 his
2199 1115 28 18 or
2251 1105 43 28 her
2319 1114 71 17 name

1844 1147 47 27 will
1907 1147 28 26 be
1948 1147 84 35 placed
2046 1157 30 16 on
2091 1147 42 26 the
2148 1145 109 34 Burgess
2273 1142 53 28 Roll
2341 1142 49 28 and

1842 1185 84 27 erased
1941 1188 61 23 from
2017 1186 41 26 the
2072 1182 147 29 Defaulters'
2232 1182 63 26 List.

1962 1232 136 31 HENRY
2119 1230 163 43 j^ILLIE,

2260 1272 99 35 Mayor.

1875 1311 44 26 Bth
1936 1311 68 26 May,
2021 1310 71 27 1897.
