4240 5910
82 208 111 28 Written
215 208 38 39 by
278 209 58 30 him
362 211 43 28 for
431 210 47 29 the
507 211 131 28 Brisbane

85 247 181 38 Conference,
298 250 53 30 and
385 263 12 17 a
426 251 149 29 resolution
604 252 29 27 I>\

86 289 104 30 Messrs
203 291 136 30 Bennetts
351 293 55 28 and
426 293 128 35 Yvatson,
580 294 58 27 that

84 329 47 28 the
138 340 85 28 paper
235 333 156 38 headopted
402 335 36 27 bv
449 338 5 23 t
461 334 33 27 he
504 344 134 26 company

82 371 56 27 and
151 371 62 29 that
226 372 46 29 Mr
286 373 142 37 Campbell
445 375 33 28 be
493 375 144 38 requested

84 418 28 20 to
132 412 65 28 read
219 413 23 28 it
264 418 28 23 at
315 415 46 28 the
383 416 174 30 conference,
583 425 55 18 was

84 451 115 30 carried.
239 454 58 29 The
322 456 111 35 general
458 455 110 38 opinion
590 465 29 18 ex-

84 493 113 36 pressed
212 504 55 18 was
280 495 61 28 that
362 496 47 28 the
435 506 85 28 paper
546 506 55 17 was
622 507 14 16 a

84 543 67 27 very
165 534 61 29 able
240 545 60 25 one,
317 536 43 28 Mr
376 537 133 27 Bloxham
532 537 103 36 having

84 573 74 30 dealt
182 575 71 39 fully
276 577 64 27 with
365 577 35 28 all
424 578 98 36 points,
542 577 29 29 of
595 577 42 27 his

83 615 117 38 subject.
243 618 21 27 A
280 618 111 36 general
412 618 150 28 discussion
585 618 39 28 fol-

82 655 89 31 lowed
186 657 65 29 with
265 658 47 30 the
325 658 93 38 object
440 670 29 18 as
485 659 90 29 stated
599 659 36 36 by

82 707 52 17 one
148 699 122 27 member
282 700 31 26 of
325 700 148 37 fortifying
482 700 71 28 their
562 700 57 27 dele-

82 740 64 31 gate
155 737 233 39 withargtiments
398 750 35 18 on
446 739 90 38 points
547 738 86 28 which

82 777 35 27 he
131 789 61 26 may
202 784 48 22 not
261 779 68 28 have
339 780 64 27 time
415 790 30 16 cr
456 780 177 37 opportunity

82 818 29 28 to
125 818 81 28 think
220 824 57 24 out.

118 858 58 30 The
191 861 121 32 meeting
325 860 64 28 then
405 860 100 28 closed.

212 952 77 40 Bald
325 952 58 40 Hill
426 952 79 40 Flat.

242 1051 54 36 (By
310 1050 158 36 Itinerant)

118 1102 33 27 In
175 1112 46 25 my
246 1103 53 27 last
318 1102 82 28 letter
425 1102 14 27 I
466 1111 71 27 gave
558 1109 74 19 some

80 1141 63 29 idea
155 1142 30 28 of
198 1143 46 27 the
268 1149 95 21 nature
389 1142 29 26 of
442 1141 47 29 the
515 1144 115 33 country

79 1190 29 20 at
124 1182 53 28 and
193 1182 86 28 round
295 1181 69 29 Bald
391 1181 57 28 Hill
464 1180 61 29 Fiat
546 1192 30 17 as
591 1180 41 28 far

80 1232 29 17 as
153 1222 120 36 sluicing
317 1223 22 26 is
378 1222 161 33 concerned,
580 1222 50 26 but

79 1262 108 37 though
201 1263 48 28 the
263 1267 116 32 country
393 1262 22 27 is
429 1258 33 32 all

80 1303 53 27 and
149 1304 76 26 there
234 1313 45 17 are
291 1313 74 17 some
375 1302 56 28 rich
442 1302 94 28 claims
545 1302 85 34 there,

80 1344 47 27 the
141 1351 79 30 great
235 1343 145 27 drawback
395 1342 59 33 felt,
468 1352 29 18 as
512 1342 26 30 in
553 1342 79 28 other

79 1383 102 37 places,
195 1383 22 28 is
231 1388 73 23 want
325 1383 28 27 of
374 1387 91 23 water.
506 1381 89 28 There
609 1382 22 28 is

80 1435 16 17 a
117 1424 98 36 supply
241 1424 29 26 of
295 1427 83 24 water
403 1420 142 35 available,
561 1419 13 30 I
588 1432 42 18 aui

80 1464 146 34 informed,
241 1464 50 27 but
317 1464 20 26 it
362 1462 90 28 would
474 1459 69 31 need
565 1471 48 18 con-

81 1504 112 36 serving
217 1504 54 26 and
298 1502 133 37 bringing
457 1502 25 26 in
495 1514 6 21 ;
528 1502 53 26 and
604 1506 28 22 to

81 1543 116 37 develop
210 1553 49 17 our
273 1540 145 38 goldfields
441 1541 26 27 in
492 1541 55 27 this
567 1546 62 32 part

79 1583 31 29 of
124 1583 46 27 the
183 1587 117 32 country
320 1592 15 16 a
358 1581 127 38 plentiful
502 1580 51 28 ;i,nd
569 1591 45 27 per-

77 1626 116 26 manent.
205 1627 86 24 water
308 1622 99 37 supply
430 1623 23 27 is
468 1632 59 17 now
541 1631 33 18 an
589 1622 28 27 in-

82 1662 167 39 dispensible
258 1661 147 30 condition.
447 1664 23 25 A
480 1667 79 32 great
571 1661 60 29 deal

81 1704 30 28 of
124 1703 73 29 work
212 1703 48 28 has
280 1701 68 29 been
372 1701 71 29 done
458 1702 54 28 and
537 1714 16 16 a
567 1712 48 18 con-

82 1744 135 28 siderable
230 1746 113 25 amount
364 1742 28 29 of
405 1742 65 34 gold
486 1742 145 28 recovered

83 1784 74 35 here,
181 1784 54 28 and
263 1783 102 29 Messrs
395 1780 157 31 Simmonds
578 1782 54 29 and

84 1824 118 32 Hesson,
215 1823 65 28 with

182 1874 52 19 TITE
249 1873 60 19 LAST
323 1872 105 21 CHANCE
442 1872 90 26 CLAIM,

84 1916 76 18 come
188 1904 83 38 easily
293 1905 58 27 first
377 1905 26 27 in
432 1904 54 28 tliis
513 1908 116 34 respect.

82 1945 59 28 The
160 1945 167 38 proprietors
349 1955 46 17 are
421 1955 60 17 men
505 1945 29 27 of
553 1950 78 32 gieat.

81 1985 162 39 enterprise,
269 1996 30 17 as
325 1996 16 15 a
366 1984 73 30 brief
463 1991 116 21 account
603 1985 28 27 of

82 2027 73 28 their
166 2027 74 28 work
251 2026 52 28 will
312 2025 104 40 readily
427 2025 83 29 show.
551 2025 80 30 Some

81 2067 53 29 lire
148 2078 78 25 years
239 2078 53 27 ago
313 2067 66 36 they
403 2066 63 29 held
490 2067 85 28 about
598 2067 33 28 70

81 2118 86 24 acres,
189 2107 54 28 and
268 2107 68 28 have
360 2109 35 26 04
421 2116 76 19 acres
522 2107 54 28 still
603 2111 28 24 to

80 2146 87 32 work.
207 2147 109 38 During
329 2147 59 28 that
402 2147 66 29 time
482 2147 64 37 they
561 2147 69 29 have

80 2189 68 27 been
162 2188 118 34 sluicing
292 2187 110 35 ground
424 2187 119 37 varying
555 2188 72 26 from

75 2229 88 28 iabout
177 2227 71 30 22ft.
257 2231 28 23 to
311 2225 61 28 28ft
397 2227 26 27 in
450 2226 95 37 depth.
587 2226 44 29 On.

77 2280 33 18 an
125 2278 117 28 average
255 2267 77 28 when
345 2266 128 38 working
482 2267 64 38 they
560 2267 70 29 have

75 2314 52 37 put
149 2319 76 26 away
245 2308 85 28 about
362 2308 47 27 170
433 2307 83 37 yards
539 2308 27 27 in
595 2309 35 26 24

76 2353 92 31 hours,
182 2347 126 39 working
322 2347 76 28 three
411 2347 92 35 shifts,
513 2347 64 28 with
593 2358 33 17 an

75 2400 117 25 average
205 2388 73 38 yield
298 2388 29 27 of
342 2389 65 36 7grs
428 2392 28 23 to
480 2388 46 28 the
548 2388 77 37 yard.

75 2432 76 32 They
165 2429 69 27 have
248 2429 46 27 the
308 2428 61 27 best
392 2433 84 22 water
495 2427 89 37 rights
598 2429 26 26 in

75 2473 46 27 the
143 2469 118 35 district,
281 2469 102 37 having
397 2468 46 28 the
457 2468 77 38 right
547 2469 30 26 of
590 2471 33 26 42

73 2511 85 30 beads
182 2510 70 27 from
280 2508 92 39 Gorge
401 2508 98 31 Creek,
523 2509 100 28 Chasm

75 2551 97 33 Creek,
188 2549 114 38 Shingle
317 2549 97 33 Creek,
429 2549 53 27 and
503 2549 46 28 the
571 2549 52 28 Old

73 2593 65 29 Man
153 2591 106 35 Range.
301 2590 37 27 At
363 2594 112 33 present
500 2589 64 37 they
579 2600 45 19 are

72 2633 129 33 working
215 2631 65 26 with
293 2631 32 26 27
342 2629 83 28 heads
439 2630 29 26 of
478 2636 84 22 water
572 2641 51 18 one

217 2671 105 36 though
337 2670 77 28 there
438 2680 46 17 are
509 2676 61 22 two.
586 2681 33 16 on

73 2714 47 28 the
134 2713 88 28 claim.
262 2709 57 29 The
341 2709 79 28 mode
445 2709 28 28 of
496 2710 127 38 working

73 2754 22 28 is
122 2758 27 24 to
175 2751 84 29 sluice
290 2751 39 28 off
360 2750 57 29 10ft
443 2756 27 22 to
499 2751 57 28 12ft
586 2760 35 28 ny

72 2792 142 40 hydraulic
229 2801 98 28 power,
341 2801 50 18 run
407 2791 45 27 the
478 2791 68 28 stuff
565 2793 58 27 into

72 2835 94 32 boxes,
195 2833 76 38 place
294 2831 46 28 the
365 2831 133 29 elevators
520 2831 27 28 in
568 2832 53 28 and

71 2875 45 31 lift
129 2874 61 31 24ft
203 2873 58 29 into
274 2872 46 29 tlie
334 2871 95 30 boxes.
471 2872 58 30 The
539 2876 84 27 water

71 2918 54 26 nnd
139 2917 45 27 silt
198 2916 69 26 from
282 2914 46 27 the
351 2914 85 27 boxes
449 2914 65 28 then
529 2925 94 25 passes

68 2955 123 38 'through
215 2963 16 17 a
255 2953 99 37 sludge
380 2953 115 28 channel
522 2953 109 40 half-a-1

72 2996 63 29 mile
160 2995 26 28 in
216 2993 107 38 length.
362 2991 59 31 The
445 2993 78 38 plant
549 3004 56 20 com-

71 3036 87 38 prises
172 3035 84 28 about
270 3033 77 35 3,000
347 3033 31 35 ft
399 3033 29 29 of
448 3034 70 28 from
533 3034 45 28 9in
594 3039 29 25 to

77 3077 59 28 loin
151 3075 106 39 piping,
272 3073 46 29 the
332 3073 104 28 branch
462 3073 98 40 piping
580 3076 44 28 for

73 3116 137 34 breaking
241 3114 78 28 down
348 3114 85 37 being
457 3114 85 29 about
569 3116 53 28 7in.

75 3157 87 29 There
175 3167 46 18 are
233 3154 57 29 also
302 3154 78 38 large
406 3154 77 29 dams
497 3154 42 30 for
553 3161 56 25 stor-

74 3208 53 25 age
139 3199 26 27 in
181 3198 47 27 the
247 3201 82 23 event
355 3195 29 27 of
408 3207 16 15 a
449 3196 174 31 breakaway.

75 3237 57 29 The
146 3238 133 28 elevators
292 3235 43 27 lift
350 3235 70 35 32ft,
431 3235 65 29 with
506 3247 16 18 a
533 3238 71 28 work-

74 3279 50 37 ing
142 3288 126 28 pressure
292 3276 31 28 of
344 3276 43 30 320
387 3276 44 30 ft.
471 3276 58 32 The
542 3278 62 38 gold-

74 3319 98 37 saving
196 3318 155 37 appliances
382 3318 105 27 consist
515 3320 28 27 of
569 3323 55 24 two

74 3359 103 37 strings
199 3359 30 27 of
252 3358 83 28 boxes
337 3367 96 17 one.
446 3358 27 27 in
495 3359 47 29 the
556 3360 51 36 pad-

69 3399 76 28 'dock
159 3410 33 16 on
207 3409 15 17 a
235 3398 67 28 level
317 3397 63 27 with
396 3398 46 27 the
456 3398 66 30 inlet
535 3400 29 28 of
577 3401 46 27 the

74 3440 128 35 elevator,
213 3439 51 28 and
275 3449 51 17 one
337 3443 28 23 at
373 3438 46 29 the
428 3440 96 29 outlet.
565 3440 58 29 The

73 3480 86 27 boxes
172 3484 28 23 at
213 3480 46 26 the
272 3480 67 26 inlet
349 3489 44 16 ;ire
405 3480 61 27 24ft
476 3481 27 27 it:
514 3481 107 37 length,

74 3519 53 29 and
142 3519 45 29 the
199 3523 46 34 top
256 3518 90 35 string
357 3518 131 31 GOftall
503 3520 28 29 of
544 3520 76 30 steel.

75 3561 75 37 They
163 3572 45 17 are
222 3561 42 27 4ft
278 3560 78 33 wide,
369 3560 64 29 with
443 3562 57 29 iron
520 3563 103 37 ripples

75 3602 29 26 of
116 3601 103 28 Messrs
233 3600 158 29 Simmonds
412 3603 54 28 and
488 3603 133 28 Hesson's

76 3652 59 18 own
162 3642 106 38 design,
294 3642 50 27 but
375 3643 88 29 which
490 3654 46 19 are
562 3654 61 19 now

76 3683 152 35 commonly
255 3683 75 27 used.
369 3682 58 29 The
456 3684 167 38 proprietors

74 3722 70 28 have
158 3722 68 27 been
249 3722 42 27 for
312 3722 44 29 the
370 3729 62 31 past
445 3725 85 30 thirty
545 3735 78 27 years

76 3763 125 37 engaged
227 3763 24 27 it)
281 3763 104 35 mining
410 3766 131 36 pursuits,
567 3765 53 28 and

76 3804 72 27 their
160 3804 152 36 enterprise
325 3805 52 26 nnd
400 3807 161 38 experience
575 3807 49 26 has

76 3843 115 38 profited
208 3844 45 26 the
266 3843 127 39 industry
413 3851 28 23 to
456 3858 28 17 as
499 3850 78 28 ureat
590 3857 32 17 an

182 3895 29 16 as
220 3885 88 27 would
320 3885 32 26 be
458 3888 27 27 in
500 3887 48 28 the
562 3897 61 18 case

75 3924 30 27 of
117 3934 52 25 any
185 3930 53 21 two
252 3924 150 29 individual
417 3927 100 28 miners
530 3937 35 19 on
579 3927 47 28 the

73 3963 94 37 Otago
180 3963 64 37 gold
249 3965 86 28 fields.

261 4005 94 29 gray's
378 4016 72 20 reef.

111 4045 116 29 Besides
239 4046 128 39 sluicing,
381 4050 77 28 there
479 4050 23 28 is
525 4060 16 18 a
562 4060 48 18 con-

75 4086 136 28 siderable
224 4092 113 23 amount
358 4088 30 28 of
413 4091 104 34 reefing
539 4090 87 36 going

76 4137 34 17 on
130 4130 27 24 at
176 4127 62 27 Maid
257 4127 57 29 Hill
330 4128 70 37 Flat,
413 4130 51 28 and
480 4142 16 16 a
509 4130 75 28 work
598 4130 28 28 of

75 4166 48 29 the
144 4166 60 28 first
224 4167 167 38 importance
405 4170 26 27 in
446 4170 55 28 this
515 4172 106 34 respect

75 4208 22 28 is
119 4208 47 30 the
188 4208 58 29 reef
268 4210 96 28 owned
392 4211 36 30 by
455 4212 46 27 the
526 4210 100 29 Messrs

74 4249 74 37 Gray
163 4249 140 29 Brothers.
344 4250 75 31 Thev
440 4252 68 28 have
520 4262 16 17 a
550 4252 76 27 drive

76 4294 49 34 put
148 4291 26 27 in
200 4290 31 28 of
250 4290 44 35 350
294 4290 44 35 ft,
352 4291 69 29 from
446 4292 87 29 which
560 4292 65 36 they

75 4342 46 18 are
143 4331 100 34 taking
256 4335 48 24 out
326 4332 46 29 the
398 4337 79 24 stone
499 4333 54 28 and
579 4343 46 18 are

75 4372 135 37 crushing-
223 4372 25 27 in
264 4383 15 16 a
292 4372 110 38 battery
423 4375 29 27 of
465 4374 77 28 three
555 4373 69 28 head

76 4413 29 28 of
118 4418 143 32 stampers.
301 4414 40 27 At
353 4419 111 33 present
489 4415 48 28 the
560 4424 48 26 pro-

75 4457 80 34 perty
169 4454 21 27 is
205 4454 87 27 under
304 4455 68 27 offer
386 4459 28 23 to
436 4466 16 17 a
473 4455 152 36 syndicate,

75 4493 62 28 who
150 4494 69 27 have
233 4493 71 28 sunk
328 4499 53 22 two
407 4495 179 29 shaftsone
597 4495 29 26 of

76 4533 60 28 J-sft
150 4533 52 28 and
219 4533 46 28 the
282 4535 79 28 other
375 4535 127 28 59ftin
516 4535 65 28 both
598 4535 28 26 of

73 4573 87 30 which
186 4578 72 25 most
282 4575 174 30 satisfactorv
482 4579 142 34 prospects

73 4614 70 27 have
154 4615 66 27 been
233 4615 139 29 obtained.
406 4617 64 27 This
482 4617 59 27 firm
554 4616 68 26 have

72 4654 101 37 always
198 4654 72 29 done
296 4666 65 18 verv
387 4657 69 34 well,
476 4657 72 28 their
567 4657 58 28 reef

75 4695 82 37 being
157 4695 3 37 1
179 4695 192 29 undonbtedlv
393 4707 13 16 a
431 4697 56 27 rich
511 4707 61 23 one,
595 4707 30 16 so

73 4735 61 26 tliat
162 4735 22 26 if
205 4735 47 26 the
277 4736 167 36 syndicate's
468 4740 85 23 terms
579 4747 46 18 are

69 4774 178 38 satisfactory
262 4778 28 24 to
301 4775 45 28 the
360 4775 103 29 Messrs
473 4777 74 36 Gray
557 4777 66 37 they

75 4815 50 28 will
137 4815 131 36 certainly
276 4826 93 18 secure
378 4827 15 16 a
402 4817 71 34 good
484 4822 139 29 property.

99 4913 42 19 TV's
154 4920 50 12 were
219 4913 69 20 shown
307 4912 53 25 (says
378 4911 35 19 thp
456 4911 16 19 F
474 4917 20 8 ra
495 4918 11 10 o
618 4918 9 11 o

75 4940 75 20 double
166 4941 70 22 turnip
309 4940 36 20 the
361 4939 105 19 invent'on
478 4937 113 25 (patented)
609 4938 20 19 if

75 4968 33 21 Mr
121 4967 44 23 Jas.
185 4969 64 21 Atkin
260 4968 22 18 of
294 4966 91 22 Hi'lend.
413 4965 43 21 The
465 4965 77 21 blades.
563 4965 65 21 which

74 5003 48 13 niflv
141 4996 25 20 be
183 4997 66 20 either
267 4997 32 19 fiin
311 5004 22 12 or
351 4995 32 21 7in
404 4994 49 20 each
474 5001 34 13 are
529 4993 98 21 attached

76 5026 22 16 to
235 5024 22 20 of
266 5024 36 20 the
316 5023 39 20 hoe
364 5022 27 20 hv
406 5028 62 14 screw
478 5023 42 17 n'ta
528 5021 101 22 ehmcnts.

77 5050 39 21 rd
135 5057 46 13 mav
191 5052 25 19 he
225 5054 30 17 pet
275 5051 49 19 with
335 5058 9 12 a
357 5049 57 21 small
425 5056 23 11 or
464 5048 50 20 w>Ve
532 5055 58 14 spaee
608 5049 19 19 in

77 5078 35 21 the
130 5081 70 18 certre
218 5087 21 12 as
249 5079 86 20 desired.
347 5085 11 11 o
361 5086 8 6 r
379 5085 9 12 a
409 5077 63 22 single
483 5076 58 20 Wade
552 5084 45 12 nit>v
606 5076 23 18 he

75 5106 95 20 a'taehpd
181 5114 21 13 as
212 5115 9 9 a
233 5107 44 20 >in<r
286 5113 10 11 p
310 5106 45 21 hoe.
437 5104 115 20 advantage
561 5103 22 20 of
594 5104 35 20 thp

75 5133 75 21 double
209 5134 17 21 is
235 5134 46 20 that
292 5134 17 19 it
319 5133 47 20 does
375 5132 76 20 donhle
461 5131 35 20 tie
514 5133 85 18 amount.
608 5131 21 17 of

76 5162 55 20 work
152 5162 48 21 with
220 5162 36 19 thp
274 5168 55 13 same
349 5160 88 21 number
458 5159 21 20 of
488 5159 87 25 stroke,
590 5158 39 21 and

187 5190 109 21 facilitate*
303 5189 35 20 thp
346 5188 56 21 wrk
411 5188 21 20 of
443 5187 79 23 turnip-
534 5187 93 21 hinninsr.

75 5216 44 19 The
136 5218 38 18 Imp
184 5218 17 19 is
211 5218 48 18 ->]i
275 5216 53 22 li<;ht
337 5216 39 19 nd
385 5218 77 21 strong,
474 5215 38 18 ami
534 5215 16 18 is
559 5221 9 10 e
580 5221 49 17 vry

197 5244 113 20 ipvt'ti'T.
338 5243 73 20 M'-f*'*
424 5241 102 20 Cfaidiner
535 5241 38 20 and
591 5242 37 20 Co.

75 5277 21 12 or
107 5271 25 20 0<
140 5278 21 13 re

74 5298 41 20 line
124 5300 8 18 t
142 5306 33 13 me
228 5300 72 21 parent,
316 5298 75 21 double
404 5298 71 27 trrrip
485 5297 97 26 thinning
592 5297 37 21 hoe

75 5327 41 18 will
127 5327 6 18 1
141 5333 11 12 e
161 5334 24 11 on
194 5326 34 19 'he
237 5327 85 18 market.

218 5378 35 19 the
336 5378 94 21 effective
442 5377 100 20 mcl'c'nc
555 5378 20 18 in
589 5376 36 21 fh

73 5406 63 20 worhl
156 5406 16 19 is
191 5405 112 21 PAyVtWI
317 5406 39 20 and
375 5405 76 21 SON'S'
468 5404 159 22 FTJOAT.YfMT

74 5433 137 20 FXTRACT.
237 5433 49 19 Test
294 5433 6 18 i
302 5436 5 13 (
328 5433 96 19 eminent'
427 5440 12 6 l-
448 5433 98 25 powerful
555 5433 46 19 pffe<
608 5433 19 19 ts

75 5460 19 20 in
108 5459 81 25 conplis.
201 5460 60 22 co'ds.
272 5461 99 19 influenza
382 5476 5 9 ,
411 5460 35 20 the
456 5460 28 19 re!
489 5459 2 26 :
495 5460 20 20 ef
526 5461 15 19 is
552 5460 65 20 instan-

76 5491 85 17 fsippons
197 5488 23 19 In
236 5489 76 19 serious
322 5495 55 13 eases
392 5488 40 20 and
446 5487 81 21 acoiden
540 5487 45 20 sof
598 5487 27 20 :;11

75 5513 68 23 lords.
154 5515 24 19 he
188 5515 49 19 ih*v
249 5516 92 21 vroivds.
352 5515 69 21 'inns,
431 5522 13 10 s-
451 5515 86 23 aiding,
552 5514 76 21 hruies

76 5543 85 23 si'iairs.
171 5544 14 17 it
196 5543 5 15 ;
204 5550 9 12 s
221 5542 35 22 the
265 5543 63 21 safest
338 5541 136 26 remedyno
482 5542 146 21 swelim-.'no

75 5569 13 20 ii
98 5569 39 21 fiuii
146 5571 85 19 iratiou.
261 5570 49 20 Like
319 5570 113 25 furp*isina
442 5571 73 19 effects
525 5569 103 26 prodii'<d

76 5597 20 19 in
108 5603 72 18 cionf.
190 5597 108 25 -ij'theria.
314 5597 55 19 Wom
376 5597 6 19 l
392 5597 40 22 ifcis,
444 5596 148 20 inflammation
607 5600 18 15 >l

77 5623 36 19 :he
134 5623 65 24 lunps,
214 5624 109 25 swellingsj
333 5626 38 18 ete.
392 5623 108 23 diarrhea,
517 5624 110 24 dvsntrv,

76 5645 4 31 <
90 5650 8 21 i
110 5657 54 14 tafC
174 5651 20 18 of
204 5650 37 21 the
255 5651 86 25 kidmys
350 5650 38 20 and
405 5650 79 25 uiiuaiy
496 5657 77 16 organ*,
602 5645 25 26 in

77 5677 49 27 Ufp!
134 5677 191 27 tallhofpitalsand
335 5678 44 20 uied
389 5677 31 21 tal
425 5677 75 23 climca,
510 5677 117 25 patronised

76 5705 27 25 by
112 5705 39 20 His
160 5705 49 25 Jlaji
216 5707 32 17 stv
258 5705 37 21 the
305 5705 56 24 King
371 5705 21 19 of
402 5705 63 24 ItaJy,
475 5705 3 25 <
486 5705 80 20 rowiied
581 5705 46 19 *;th

75 5732 67 20 metal
152 5731 39 21 tnd
201 5732 91 27 diploma
301 5733 23 19 at
335 5732 55 20 Inter
395 5731 88 20 national
498 5731 126 25 Exhibition,

75 5761 93 18 Amxten
176 5766 41 15 am.
244 5759 63 21 Tr:at
316 5766 20 13 ju
347 5759 41 20 tbi'
399 5759 102 24 approved
509 5759 116 20 artfritnnd

75 5786 66 26 rt.jtit
149 5786 28 20 all
185 5788 77 19 othem

714 198 144 50 Railway
884 197 305 43 Communication.

674 294 325 29 HXjvxsioxinTO
1017 293 77 30 THI;
1109 293 113 28 GOLD-

747 335 133 28 FtLLDS
901 334 48 29 OF
971 333 177 28 CEXTRAL

882 374 135 30 OTAGO.

650 445 3 41 i
703 448 58 29 The
797 448 142 38 following
983 458 66 18 verv
1095 446 124 29 valuable

650 482 3 44 !
668 500 92 26 paper,
774 500 35 17 on
822 500 15 16 a
851 488 108 36 subject
972 488 28 28 of
1015 486 64 28 vital
1103 486 99 31 import-

650 527 2 43 j
666 541 67 17 ance
747 537 27 21 to
785 530 45 27 the
839 529 118 34 district,
967 528 48 28 ha*
1027 528 67 28 b-en
1108 527 107 28 written

650 561 3 44 j
666 571 44 28 for
748 571 47 27 the
847 570 100 27 Mount
992 568 113 28 Bkngku
1144 567 74 28 Mail

650 608 2 51 j
666 612 37 36 by
744 612 44 27 Mr
832 609 107 30 Donald
983 608 127 37 Mackay,
1151 608 65 28 CE.

650 647 2 51 |
668 652 44 29 Mr
752 651 116 37 Mackay
918 651 48 27 has
1005 649 52 28 had
1097 662 15 15 a
1156 648 48 29 life-

650 690 2 42 |
666 693 90 28 time's
776 691 162 39 experience
964 691 26 27 in
1013 690 110 37 railway
1147 695 51 22 mat-

650 729 2 40 |
666 737 65 29 ters,
757 732 102 37 having
886 732 68 27 been
974 730 150 29 connected
1148 729 66 28 with

650 771 2 35 i
666 772 53 28 and
748 771 149 29 interested
929 771 27 26 in
994 771 47 26 the
1074 773 126 24 eonstruc-

650 809 2 42 j
666 813 55 28 rion
749 811 55 30 and
830 810 127 39 working
981 810 29 27 of
1037 810 123 36 railways
1186 809 25 27 in

666 852 142 31 England,.
830 851 89 32 India,
951 851 112 31 Cevloiv,
1089 850 54 27 and
1167 849 47 28 the

668 895 90 35 Malay
788 893 102 28 States.
929 891 53 28 His
1007 900 126 28 opinions
1157 891 54 27 and

650 931 1 40 |
666 934 160 29 deductions
840 942 54 23 are,
916 931 147 30 therefore,
1087 932 77 27 those
1185 931 29 27 of

650 971 1 40 '
665 985 31 17 an
713 979 105 32 expert,
841 973 53 27 and
922 982 62 27 may
1011 972 33 27 be
1068 971 83 27 taken
1179 981 30 17 as

650 1013 1 30 t
664 1013 203 30 authoritative.

650 1050 1 41 j
700 1055 32 29 In
759 1053 177 38 considering
958 1064 32 17 an
1016 1050 144 31 extension
1184 1050 29 29 of

663 1098 46 25 the
720 1096 107 27 railwav
840 1095 53 26 line
903 1095 71 26 from
986 1093 98 28 Heriot
1096 1103 30 16 or
1136 1093 57 26 Law-

662 1145 80 18 rence
763 1139 28 23 to
816 1133 160 37 Roxburgh,
997 1133 21 27 it
1043 1142 62 28 may
1128 1132 34 28 1)3
1182 1142 31 17 as

661 1176 59 29 well
736 1176 26 28 in
778 1175 46 28 the
844 1175 17 28 fi
866 1185 12 11 r
880 1179 23 24 st
926 1175 123 27 instance
1067 1178 28 23 to
1118 1172 95 38 glance

650 1213 1 46 j
661 1220 28 24 at
697 1216 99 28 results
802 1215 29 27 of
839 1215 34 26 all
885 1215 66 29 New
961 1213 118 28 Zealand
1092 1213 107 28 Govern
1204 1231 9 3 -

650 1249 1 42 i
663 1264 75 21 ment
751 1256 68 28 lines
833 1255 42 28 for
889 1255 45 28 the
948 1264 65 27 year
1038 1253 89 28 ended
1151 1254 63 27 31st

650 1293 1 38 I
663 1296 105 35 March,
799 1296 76 28 1896.
915 1295 89 28 There
1030 1305 69 16 were
1133 1293 44 33 2,0
1198 1294 16 26 4

650 1333 1 40 j
663 1337 76 28 miles
752 1347 68 26 open
844 1336 43 27 for
909 1335 88 28 traffic
1009 1344 5 17 :
1037 1335 46 27 the
1106 1340 59 21 cost
1186 1333 29 27 of

661 1377 187 28 construction
888 1375 100 33 (which
1022 1374 123 27 includes
1180 1373 33 27 all

661 1417 159 38 equipment
830 1416 53 29 and
895 1415 99 38 rolling
1006 1414 78 30 stock
1096 1414 29 29 of
1133 1424 81 27 every

661 1457 184 37 description)
868 1467 54 17 was
946 1466 49 27 per
1014 1465 118 28 average
1155 1455 61 27 mile

661 1497 29 28 of
705 1498 53 27 line
771 1497 105 34 7659,
891 1507 79 26 gross
985 1495 116 34 receipts
1112 1495 43 27 for
1169 1495 47 27 the

663 1547 62 23 year
741 1547 47 27 per
802 1547 117 26 average
939 1535 62 28 mile
1016 1536 84 32 -t592,
1114 1544 85 28 expen-

661 1577 89 28 diture
764 1587 49 27 per
829 1576 62 28 mile
905 1576 85 33 376,
1006 1575 110 38 leaving
1134 1586 16 15 a
1169 1579 46 23 net

661 1627 118 19 revenue
806 1617 27 28 of
860 1617 74 28 216
959 1626 49 27 per
1030 1615 72 34 mile,
1129 1626 30 17 or
1181 1626 33 17 an

661 1657 157 38 equivalent
851 1658 28 27 of
1001 1666 48 27 per
1075 1660 72 24 cent,
1181 1666 33 17 on

660 1697 99 39 capital
773 1697 102 29 ouUav.
916 1697 57 28 The
987 1706 50 27 per
1056 1701 117 33 cent-age
1187 1695 28 29 of

661 1738 181 38 expenditure
848 1737 44 29 for
900 1737 34 28 all
943 1736 125 37 working
1079 1746 135 27 expenses

663 1789 54 18 was
727 1779 51 29 63i
788 1779 29 27 of
827 1777 47 28 the
881 1777 85 28 whole
977 1786 126 19 revenue.
1144 1776 54 28 Dur-

662 1819 48 36 ing
719 1828 81 18 seven
810 1828 79 27 years
903 1817 104 38 ending
1016 1816 65 27 with
1094 1816 44 27 the
1148 1826 65 27 year

663 1860 25 27 in
703 1859 125 38 question
844 1858 21 28 it
880 1859 46 27 has
950 1865 49 20 not
1018 1857 85 28 fallen
1127 1857 86 28 below

663 1900 34 28 62
720 1909 48 28 per
794 1904 72 29 cent,
894 1908 30 18 so
950 1897 76 29 there
1049 1897 22 28 is
1098 1897 118 38 nothing

661 1939 141 28 abnormal
828 1950 29 17 as
873 1939 112 34 regards
1004 1938 68 28 Xew
1094 1937 119 29 Zealand

661 1980 26 27 in
701 1979 46 28 the
759 1979 74 36 large
844 1978 158 38 proportion
1014 1977 87 28 which
1112 1987 85 27 expen-

661 2020 90 29 diture
765 2021 27 27 in
819 2020 67 28 1893
908 2018 54 30 and
992 2018 65 29 1896
1081 2018 77 29 bears
1182 2022 28 25 to

661 2061 46 29 the
722 2072 80 27 gross
816 2069 118 21 revenue
948 2059 112 29 derived
1074 2059 71 29 from
1168 2060 46 28 the

661 2102 125 32 working
800 2102 29 28 of
852 2102 47 27 the
917 2101 133 27 railways.
1094 2099 23 28 It
1140 2110 71 24 may,

661 2142 133 35 however,
827 2142 33 28 be
894 2140 157 30 mentioned
1081 2140 60 28 that
1167 2141 46 28 th

663 2182 343 36 Wellitigron-Manawatu
1047 2181 120 34 railway,
1197 2192 14 15 a

659 2221 107 38 private
780 2222 63 34 line,
852 2220 110 38 costing
973 2231 64 18 over
1047 2220 105 34 9,000
1164 2230 48 28 per

661 2262 61 28 mile
743 2263 48 28 has
813 2262 69 29 been
905 2261 110 30 worked
1042 2261 103 37 during
1165 2261 46 28 the

658 2313 74 18 same
745 2314 65 26 year
822 2308 28 22 at
872 2314 15 16 a
907 2308 59 22 cost
995 2303 28 27 of
1036 2315 13 15 a
1062 2302 71 28 little
1144 2312 65 18 over

657 2344 35 27 46
707 2353 48 27 per
777 2348 63 24 cent
863 2344 29 26 of
911 2343 46 27 the
979 2353 77 28 gross
1072 2342 116 37 receipts
1200 2353 7 23 ;

656 2384 54 28 and
725 2389 28 22 at
776 2384 47 28 the
847 2394 73 18 same
944 2384 65 28 time
1029 2393 71 26 gave
1122 2394 16 16 a
1162 2388 45 22 net

656 2429 92 22 return
774 2435 35 16 on
834 2424 98 38 capital
957 2424 92 35 outlay
1070 2423 28 27 of
1124 2424 84 26 about
1218 2423 1 39 i

654 2463 53 28 five
719 2474 48 27 per
780 2469 72 23 cent.
880 2464 124 28 Without
1018 2476 15 16 a
1044 2462 163 38 knowledge

652 2504 29 27 of
694 2505 46 27 the
757 2505 64 27 local
835 2505 52 28 and
904 2504 119 29 climatic
1037 2504 165 33 conditions,
1218 2499 1 40 j

652 2544 22 26 it
687 2554 50 18 can
750 2545 96 37 hardly
861 2546 33 27 be
916 2545 58 28 said
997 2546 59 26 that
1079 2544 47 27 the
1151 2553 51 18 one
1218 2540 1 42 !

652 2588 101 34 system
770 2586 22 27 is
807 2585 50 28 low
871 2596 30 17 or
924 2586 47 28 the
995 2586 78 28 other
1095 2584 66 38 high
1178 2584 28 28 in
1218 2584 1 38 !

652 2625 35 27 its
701 2626 183 36 expenditure
896 2638 7 21 ;
925 2626 49 27 but
988 2626 46 27 the
1056 2625 150 28 diffeience
1218 2623 1 45 j

652 2666 23 26 is
688 2667 65 26 such
769 2676 29 18 as
811 2666 88 36 might
914 2666 57 26 well
985 2665 85 28 educe
1083 2664 123 28 remarks
1218 2664 1 38 J

652 2705 25 27 in
693 2706 173 36 explanation
882 2707 69 26 from
963 2706 77 26 those
1053 2705 60 27 who
1122 2704 84 28 know

652 2746 46 28 the
712 2746 213 29 circumstances
939 2747 27 27 in
992 2744 66 30 each
1082 2755 71 26 case,
1174 2756 30 17 as

652 2793 28 21 to
712 2788 47 28 the
784 2796 80 19 cause
891 2787 29 27 of
946 2796 119 26 average
1091 2791 59 23 cost
1176 2786 30 27 of

652 2827 188 30 Government
853 2827 67 29 lines
937 2838 29 17 as
979 2837 16 18 a
1009 2826 88 30 whole
1110 2826 95 38 being,

651 2869 43 30 for
708 2869 125 38 working
847 2878 143 29 expenses,
1014 2868 33 29 17
1062 2877 49 30 per
1133 2871 71 25 cent,

651 2912 26 27 in
689 2922 96 18 excess
793 2912 30 27 of
827 2923 15 14 a
851 2911 107 37 private
969 2910 54 28 line
1032 2910 30 28 of
1067 2909 123 28 consider-

650 2951 61 28 able
725 2955 104 27 extent,
844 2950 109 34 costing
968 2959 74 18 more
1056 2958 49 28 per
1126 2958 64 18 aver-

653 3001 52 29 age
719 2990 63 31 mile
795 2991 29 30 of
837 2990 120 38 railway,
971 2989 54 29 and
1048 2987 129 41 realising
1190 2998 16 18 a

651 3032 43 28 far
731 3032 99 37 higher
861 3036 105 24 return.
1005 3031 58 27 The
1093 3033 59 25 cost
1177 3029 29 28 of

652 3072 124 38 working
804 3074 47 29 the
884 3071 125 29 Midland
1035 3070 53 29 line
1113 3070 91 38 again,

652 3113 73 29 since
738 3114 22 28 it
776 3125 52 18 was
842 3112 83 31 taken
938 3121 64 18 over
1016 3113 37 36 by
1066 3111 47 29 the
1131 3110 57 28 Kail-

652 3165 59 26 way
722 3154 181 39 Department
912 3157 30 24 to
948 3152 47 30 the
1000 3152 53 30 end
1059 3152 29 29 of
1098 3150 106 36 March,

656 3197 77 33 1896,
746 3207 16 17 a
783 3197 92 37 period
898 3194 29 29 of
953 3195 28 26 10
1002 3194 121 34 months,
1150 3203 54 18 was

652 3236 34 28 67
702 3245 48 28 per
769 3240 64 26 cent
852 3238 29 28 of
903 3235 46 29 the
970 3245 78 28 gross
1074 3242 129 26 revenue,

652 3277 51 28 but
715 3277 59 29 that
797 3289 61 28 may
877 3279 35 29 be
938 3275 174 39 explainable
1133 3273 70 30 from

651 3317 70 28 facts
744 3318 79 28 other
849 3320 65 27 than
940 3318 73 27 what
1036 3317 95 27 affects
1157 3314 47 28 the

652 3357 67 28 lines
739 3358 86 29 which
837 3360 69 28 have
919 3358 68 29 been
1011 3353 193 37 continuously

652 3398 110 28 worked
777 3399 36 37 by
822 3400 47 28 the
881 3400 189 29 Government
1081 3395 121 35 through
1217 3395 2 44 j

652 3438 225 32 Commissioners
891 3452 32 17 or
936 3440 88 28 direct
1039 3439 34 37 by
1094 3447 16 17 a
1131 3435 72 28 Rail-
1217 3435 2 41 |

652 3489 55 26 way
730 3479 182 36 Department
963 3481 27 27 It
1013 3489 61 25 may
1097 3477 108 27 further
1217 3477 2 38 j

651 3519 34 29 be
700 3520 154 30 mentioned
871 3521 60 29 that
955 3520 46 29 the
1029 3515 174 40 Queensland
1217 3511 2 54 j

651 3560 268 39 railwayshaving
943 3574 16 15 a
983 3561 103 29 similar
1112 3569 92 25 guage

653 3602 62 28 with
731 3612 15 18 a
770 3603 66 27 total
859 3604 119 33 mileage
1004 3599 149 32 somewhat
1176 3600 26 26 in
1217 3599 2 38 i

651 3652 94 19 excess
758 3644 29 27 of
802 3643 66 28 New
889 3644 131 34 Zealand,
1033 3642 53 28 and
1102 3640 102 37 having
1217 3640 2 38 j

652 3693 31 17 an
694 3684 77 36 equal
786 3684 109 33 (almost
906 3689 28 23 to
946 3696 15 15 a
971 3683 92 37 pound
1076 3681 127 34 sterling)
1217 3678 2 42 j

652 3732 77 26 gross
756 3724 87 28 triffie
871 3734 47 27 per
944 3732 119 25 average
1091 3722 62 27 mile
1175 3722 44 27 of!

652 3763 117 37 railway,
782 3764 108 29 worked
907 3765 72 29 thmr
988 3765 70 28 lilies
1068 3763 42 29 for
1119 3763 85 28 about
1216 3763 3 41 j

652 3805 35 26 43
702 3815 47 20 per
767 3811 72 23 cent,
860 3806 30 27 of
908 3807 47 27 the
978 3816 79 23 gross
1079 3804 125 33 receipts,
1218 3804 1 35 j

652 3852 32 19 or
697 3845 34 27 20
746 3855 47 26 per
813 3850 71 25 cent,
907 3847 53 27 less
981 3846 65 27 than
1068 3845 47 27 the
1137 3844 66 26 New
1218 3844 1 38 j

654 3885 116 28 Zealand
797 3885 188 30 Government
1011 3887 77 27 lines.
1131 3885 72 27 Here
1218 3885 1 32 ;

654 3925 80 35 again
760 3936 52 17 ono
837 3931 101 24 cannot
964 3937 85 20 argue
1072 3925 61 28 that
1160 3924 46 28 the
1218 3924 1 36 ;

654 3965 82 28 latter
749 3967 79 26 could
852 3968 34 25 be
907 3967 109 28 worked
1041 3976 29 18 as
1091 3965 115 35 cheaply
1218 3965 1 40 j

656 4016 27 16 as
698 4006 45 27 the
757 4006 87 33 other,
860 4007 50 28 but
924 4008 46 27 the
981 4007 70 28 wide
1061 4007 146 28 difference

655 4046 22 28 is
691 4057 65 27 very
769 4049 160 35 suggestive
942 4049 29 28 of
985 4048 116 39 enquiry
1124 4059 29 16 as
1177 4052 27 21 to
1218 4046 1 41 j

656 4087 46 27 the
713 4098 94 17 causes
818 4090 144 34 operating
973 4095 27 20 to
1011 4089 117 32 produce
1140 4087 66 29 such
1218 4087 1 37 i

656 4127 97 36 widely
767 4128 129 29 different
913 4129 108 28 results.

692 4166 27 29 It
734 4177 61 27 may
811 4168 32 28 be
858 4169 144 28 wondered
1016 4169 73 27 what
1103 4169 33 27 all
1152 4168 54 29 tin's
1218 4166 1 38 j

656 4208 193 34 preamblehas
863 4213 26 25 f:o
900 4210 34 27 do
945 4210 64 29 with
1021 4209 46 29 the
1077 4210 125 38 question
1218 4208 1 40 ;

655 4247 27 29 cf
696 4249 108 37 railway
817 4251 143 28 extension
983 4251 59 28 into
1056 4250 46 29 the
1126 4251 44 33 gol
1183 4251 21 26 l-
1218 4247 1 39 !

654 4289 78 28 fields
757 4290 27 25 of
812 4290 100 35 Otaoo,
938 4293 51 27 but
1002 4293 21 26 it
1049 4302 62 17 mav
1136 4292 70 27 have
1218 4284 1 41 |

654 4341 33 16 an
702 4330 150 38 important
866 4333 115 36 bearing
992 4343 33 18 on
1040 4332 22 28 it
1083 4332 22 28 if
1117 4332 21 27 it
1155 4342 48 18 can
1218 4330 1 39 ;

657 4371 34 28 be
713 4371 93 28 shown
833 4373 60 27 that
913 4373 46 28 the
973 4373 125 35 working
1111 4374 29 26 of
1160 4373 48 27 the
1218 4371 1 39 |

654 4411 68 28 New
732 4411 117 29 Zealand
860 4414 124 28 railwavs
994 4414 22 28 is
1024 4414 183 28 unecessarilv
1218 4411 1 36 j

654 4453 158 36 expensive.
864 4454 37 28 So
946 4454 42 28 far
1037 4465 29 15 as
1106 4454 101 27 official
1218 4453 1 36 !

654 4491 160 30 documents
826 4505 35 26 go
872 4505 39 17 we
925 4505 49 17 can
984 4494 64 36 only
1061 4505 92 17 reason
1168 4494 37 28 bv
1218 4491 1 40 j

653 4534 172 28 comparison
864 4544 29 17 as
931 4535 47 27 the
1015 4534 123 28 material
1185 4536 22 26 is
1218 4534 1 36 j

654 4573 123 33 wanting
787 4578 27 24 to
825 4575 96 29 enable
933 4587 31 17 us
974 4580 28 24 to
1014 4587 35 20 go
1060 4575 87 29 below
1160 4574 47 29 the
1218 4573 1 34 !

653 4613 107 28 surface
773 4615 31 26 of
817 4615 102 34 things.
940 4618 38 24 As
988 4616 47 26 the
1046 4615 71 27 faets
1129 4615 74 27 how-
1218 4613 1 36 ;

652 4663 64 18 ever
729 4665 101 27 appear
844 4654 85 35 there,
941 4666 38 17 we
990 4665 45 19 are
1044 4654 118 30 inclined
1179 4659 28 24 to
1218 4654 1 38 |

653 4704 48 24 say
727 4694 77 27 there
827 4695 21 26 is
872 4696 142 26 avoidable
1037 4700 92 28 waste,
1140 4695 67 31 and,
1218 4694 1 34 j

654 4733 105 27 instead
786 4734 30 27 of
839 4735 43 29 63,
918 4735 60 27 that
1004 4736 47 25 the
1088 4738 59 23 cost
1180 4733 39 31 of.

655 4773 127 36 working
806 4773 98 29 should
927 4778 49 24 not
1002 4773 101 29 exceed
1119 4774 45 34 53,
1178 4784 31 17 or

656 4818 45 22 ten
728 4824 48 25 per
802 4818 72 25 cent,
907 4818 29 24 at
962 4819 70 23 most
1058 4814 26 27 in
1113 4825 95 17 excess

656 4852 29 27 of
731 4853 48 27 the
826 4853 173 36 Queensland
1044 4855 76 26 lines.
1181 4853 27 27 If

656 4892 46 27 the
729 4903 118 23 average
870 4902 59 19 cost
953 4895 30 27 of
1009 4893 127 35 working
1157 4893 47 28 the

658 4931 67 28 New
761 4933 118 28 Zealand
919 4934 67 27 lines
1012 4933 23 27 is
1066 4933 144 28 excessive

659 4971 63 29 then
738 4972 22 28 it
783 4973 106 28 follows
903 4974 140 28 estimates
1071 4973 79 29 made
1164 4973 43 28 for

658 5013 47 27 the
730 5013 127 35 working
882 5015 30 26 of
938 5015 69 26 lines
1032 5018 29 23 to
1089 5015 33 25 be
1145 5024 48 17 con-

658 5053 120 28 structed
796 5057 72 25 must
880 5054 57 27 also
949 5055 34 27 be
993 5054 150 34 excessive,
1155 5053 52 28 and

658 5097 73 24 must
757 5098 113 31 operate
895 5095 109 36 against
1030 5105 16 16 a.
1068 5094 52 27 fair
1145 5104 48 17 con-

657 5133 147 28 sideration
856 5134 84 35 being
977 5135 80 34 given
1100 5139 27 23 to
1164 5135 45 26 the

657 5173 132 30 demands
813 5174 42 28 for
869 5186 60 18 new
944 5175 68 28 lines
1039 5175 25 27 in
1087 5185 16 17 a
1130 5175 79 28 much

657 5218 109 32 greater
792 5215 100 32 degree
915 5215 66 27 than
996 5225 53 16 nnv
1072 5215 139 27 inference

657 5254 60 28 that
738 5265 49 17 can
826 5255 34 28 be
897 5255 122 29 deduced
1060 5255 69 27 from
1164 5255 47 27 the

656 5295 156 33 engineer's
838 5296 140 28 estimates
1006 5296 60 37 (per
1090 5305 117 26 average

657 5335 72 34 mile)
746 5335 44 28 for
804 5335 47 29 the
873 5336 188 27 construction
1086 5335 88 28 which
1188 5335 21 28 it

656 5375 23 28 is
692 5375 126 29 assumed
833 5375 23 28 is
869 5376 27 27 in
910 5385 82 27 every
1008 5386 62 18 case
1081 5375 84 28 based
1176 5385 31 17 on

658 5416 40 28 his
710 5416 68 28 view
792 5416 27 27 of
830 5416 47 28 the
887 5416 73 28 work
973 5420 29 23 to
1015 5416 35 28 be
1065 5415 80 33 done,
1156 5415 53 28 and

658 5456 45 28 the
739 5456 156 28 difficulties
933 5460 27 23 to
988 5456 33 28 be
1059 5465 150 19 overcome.

657 5496 57 29 The
736 5507 118 28 average
880 5496 104 35 7,659
1012 5506 48 28 per
1091 5495 62 29 mile
1167 5495 44 28 for

657 5538 187 28 construction
858 5537 103 37 merely
976 5537 89 28 shows
1078 5537 60 27 that
1166 5536 47 28 the

658 5578 61 30 3Ht
731 5588 92 27 gauge
837 5577 125 36 railways
972 5577 28 28 in
1010 5576 69 29 New
1093 5576 118 28 Zealand

658 5618 70 28 have
741 5622 59 24 cost
811 5629 15 16 a
840 5621 79 34 great
931 5617 58 27 deal
1006 5626 73 18 more
1089 5626 48 27 per
1148 5615 63 29 mile

658 5658 65 27 than
739 5658 89 28 would
844 5658 34 28 be
892 5657 47 29 the
965 5667 61 18 case
1040 5656 21 28 if
1075 5656 47 28 the
1143 5655 70 29 lines

658 5698 54 27 had
728 5702 27 23 to
769 5698 35 28 be
818 5697 78 29 made
922 5707 66 18 over
1008 5696 92 39 again,
1120 5695 54 29 and
1188 5695 24 28 is

658 5747 35 18 no
739 5738 129 29 criterion
919 5737 140 29 whatever
1093 5735 30 29 of
1164 5735 48 29 the

660 5787 118 28 average
804 5782 59 26 cost
888 5777 29 29 of
941 5777 47 28 the
1002 5777 101 34 future,
1122 5775 89 29 which

1256 194 51 28 will
1322 205 34 17 no
1370 193 87 29 doubt
1471 194 34 27 bo
1519 192 68 38 kept
1601 190 50 28 low
1668 189 137 29 wherever

1254 236 76 28 there
1353 235 22 28 is
1388 234 64 38 only
1465 246 16 16 a.
1497 233 71 39 light
1579 231 86 29 traffic
1677 234 28 25 to
1719 230 84 39 begin

1253 277 75 35 with,
1343 287 35 18 no
1398 279 100 26 matter
1512 274 71 29 what
1603 273 46 29 the
1673 271 114 40 develop-

1253 325 74 20 ment
1340 325 143 29 prospects
1495 316 88 36 might
1598 316 42 26 be.

1289 356 152 38 Assuming
1455 356 45 28 the
1514 354 54 29 line
1581 354 71 28 from
1665 352 136 29 Heriotto

1234 392 2 42 j
1252 397 154 37 Roxburgh
1433 403 27 20 to
1485 401 60 23 cost
1570 406 35 16 an
1630 403 117 27 average
1773 392 29 30 of

1233 434 2 41 i
1248 437 104 35 3,500
1366 448 48 27 per
1429 436 71 33 mile,
1513 435 55 28 and
1588 434 60 28 that
1660 434 48 28 the
1721 443 79 28 gros?

1232 473 3 43 !
1249 479 178 37 receipt-per
1453 476 62 27 mile
1540 486 51 28 per
1614 484 103 18 annum
1744 473 54 28 will

1232 515 1 42 |
1249 519 78 28 reach
1341 523 46 22 trie
1402 516 57 29 halt'
1472 517 28 28 of
1510 516 35 28 all
1556 516 45 27 the
1611 515 186 28 Government

1247 558 67 29 lines
1328 557 100 35 (which
1450 557 22 28 is
1496 569 16 15 a
1534 566 66 27 very
1615 556 50 28 low
1679 565 118 28 average

1246 597 175 39 considering
1441 598 46 27 the
1514 602 87 30 route,
1616 597 45 28 the
1675 595 121 39 existing

1246 639 86 29 traffic
1346 639 27 28 in
1388 638 89 38 grain,
1492 638 77 34 wool,
1583 637 89 32 stock,
1687 637 108 35 timber,

1245 681 76 34 fruit,
1336 688 62 26 etc.,
1413 679 54 28 and
1483 680 45 27 the
1550 683 141 34 prospects
1705 678 30 29 of
1748 677 32 30 de-

1244 721 157 36 velopment
1413 719 2 38 .
1427 719 71 28 from
1525 719 46 27 the
1597 719 144 28 extension
1768 719 28 28 of

1244 761 167 33 settlement,
1427 759 106 37 mining
1545 759 54 28 and
1623 759 156 37 fruit-grow-

1243 801 71 36 ing),
1329 800 65 28 then
1409 799 20 28 if
1451 810 38 17 we
1515 799 82 37 apply
1611 808 35 18 an
1660 798 117 38 expendi-

1231 839 1 38 -1
1244 847 59 22 ture
1317 841 28 28 of
1353 840 35 29 53
1401 844 128 33 percent,
1541 839 28 28 of
1578 848 79 28 gross
1667 839 126 37 receipts,

1244 892 38 18 we
1296 884 47 33 get
1363 893 16 16 a
1404 885 46 24 net
1475 890 117 19 revenue
1618 879 80 39 equal
1725 883 28 24 to
1778 890 17 17 a

1243 929 92 22 return
1364 921 28 28 of
1419 921 60 28 four
1505 931 48 27 per
1577 924 71 24 cent,
1685 930 35 18 on
1747 919 47 29 the

1241 962 99 38 capital
1355 961 101 37 outlay,
1471 961 54 28 and
1553 960 61 27 that
1635 960 98 28 should
1761 960 33 27 be

1242 1002 72 35 good
1346 1002 110 36 enough
1503 1008 26 20 to
1573 999 134 29 convince
1739 1009 54 27 any

1243 1044 186 28 Government
1443 1042 29 29 of
1484 1053 16 16 a
1513 1040 128 39 growing
1654 1040 97 38 colony
1765 1039 29 29 of

1242 1085 47 27 the
1303 1083 175 35 advisability
1491 1083 29 27 of
1534 1081 123 36 making,
1679 1081 115 28 without

1242 1123 89 38 delay,
1345 1135 15 16 a
1374 1123 53 27 line
1446 1121 155 38 promising
1626 1120 67 27 such
1713 1131 16 16 a
1753 1130 40 17 re-
1804 1120 1 41 j

1231 1159 1 41 i
1244 1168 71 24 turn.
1356 1163 26 28 It
1396 1173 58 27 may
1472 1162 33 28 be
1518 1159 103 39 argued
1637 1160 60 27 that
1710 1170 16 17 a
1740 1159 54 28 line
1804 1159 1 41 :

1231 1200 1 39 1
1243 1215 34 17 on
1292 1205 48 27 the
1353 1204 42 28 oft
1409 1202 45 29 Gin
1480 1212 93 27 guage
1598 1201 70 28 from
1696 1200 99 29 Heriot

1231 1240 1 42 :
1245 1245 42 27 via
1302 1244 166 34 Crookston,
1485 1244 60 26 Moa
1557 1240 60 29 Flat
1627 1240 102 29 station
1740 1240 54 27 and

1246 1285 111 37 Beuger
1370 1284 76 28 Burn
1461 1288 27 23 to
1515 1281 155 37 Roxburgh
1695 1285 101 24 cannot

1246 1325 32 27 be
1293 1324 78 28 made
1392 1325 43 26 for
1458 1333 33 18 an
1518 1332 117 27 average
1648 1323 29 26 of
1691 1321 104 34 3,500

1245 1375 48 27 per
1307 1364 62 28 mile
1385 1363 24 36 (I
1426 1363 104 28 believe
1550 1363 21 26 it
1592 1372 60 24 can,
1665 1362 54 27 and
1736 1362 59 27 that

1231 1400 1 49 |
1245 1405 46 29 the
1305 1405 126 29 estimate
1445 1403 22 29 is
1493 1413 73 19 more
1592 1403 67 29 than
1686 1402 110 39 enough

1245 1447 43 27 for
1301 1457 15 15 a
1330 1445 135 28 sufficient
1480 1445 63 34 line,
1568 1455 29 17 as
1624 1445 46 27 the
1696 1445 101 36 special

1231 1482 1 43 |
1246 1485 155 29 difficulties
1416 1495 45 18 are
1475 1485 124 29 confined
1614 1488 29 24 to
1656 1496 16 16 a
1684 1484 63 28 fifth
1769 1484 30 28 of

1231 1523 1 41 |
1246 1526 47 28 the
1307 1525 95 34 whole,
1418 1525 54 28 and
1487 1525 200 28 three-fourths
1709 1523 29 29 of
1752 1524 47 28 the

1231 1563 1 40 !
1247 1570 56 24 rest
1334 1566 22 27 is
1389 1564 212 39 comparatively
1634 1565 84 36 easy),
1744 1563 54 29 and

1247 1606 138 29 therefore
1410 1605 130 38 allowing
1569 1606 61 28 that
1661 1605 47 28 the
1741 1608 58 25 cost

1231 1645 1 39 '
1249 1648 88 36 might
1351 1657 76 18 come
1442 1657 36 27 up
1494 1655 26 19 to
1536 1646 101 34 4,000
1663 1655 50 28 per
1736 1645 63 28 mile

1247 1697 126 26 average,
1385 1687 47 28 the
1446 1688 85 27 result
1541 1686 87 28 would
1640 1686 43 34 be,
1694 1695 90 19 assuui-

1247 1728 48 35 ing
1308 1739 16 17 a
1337 1728 87 28 traffic
1438 1728 30 28 of
1480 1728 65 36 only
1561 1728 76 28 3OO
1661 1737 50 28 per
1736 1726 63 28 mile

1247 1779 49 24 per
1308 1779 113 22 annum,
1432 1768 52 28 and
1498 1779 33 17 an
1543 1767 182 39 expenditure
1735 1777 48 17 con-

1231 1808 1 38 j
1247 1808 72 28 fined
1333 1816 28 20 to
1377 1809 34 27 53
1432 1819 50 27 per
1503 1813 72 23 cent,
1602 1808 29 28 of
1652 1817 79 26 gross
1757 1817 28 17 re-

1231 1848 1 40 |
1246 1848 96 39 ceipts,
1358 1860 13 16 a
1388 1853 93 24 return
1496 1860 34 16 on
1545 1848 100 39 capital
1659 1848 30 28 of
1750 1857 49 28 per

1231 1887 1 37 j
1246 1893 72 24 cent.
1359 1889 27 28 If
1399 1890 46 27 the
1460 1890 85 28 traffic
1556 1890 26 27 in
1595 1889 140 27 existence
1743 1887 54 28 and

1231 1928 1 40 ;
1246 1930 172 38 prospective
1439 1939 69 20 were
1522 1928 191 37 considerably
1735 1928 64 35 less,

1231 1970 1 36 :
1246 1970 13 27 I
1275 1970 88 27 would
1378 1980 48 26 say
1440 1971 60 27 that
1525 1981 16 18 a
1567 1970 42 28 2ft
1636 1970 45 27 Gin
1707 1979 91 27 gauge

1231 2008 1 37 !
1245 2010 55 28 line
1327 2009 97 29 should
1446 2010 35 28 be
1505 2008 171 37 considered,
1698 2008 52 30 but
1768 2018 31 19 as

1246 2055 113 25 matters
1374 2052 80 28 stand
1470 2052 13 28 I
1498 2051 92 29 dont't
1615 2050 81 29 think
1721 2050 76 28 there

1244 2092 23 27 is
1293 2102 54 28 any
1383 2103 94 17 reason
1512 2092 43 27 for
1586 2092 136 36 breaking
1751 2090 46 28 the

1231 2131 1 41 ,
1245 2143 100 29 gauge.
1385 2134 26 27 A
1425 2132 71 37 light
1510 2132 53 29 line
1577 2142 33 19 on
1627 2131 46 30 the
1686 2135 111 36 present

1244 2183 101 27 gauge,
1360 2174 64 26 with
1441 2173 102 35 lighter
1561 2173 125 35 engines,
1706 2172 55 28 and
1782 2182 15 18 a

1242 2212 83 37 speed
1341 2212 103 28 limited
1461 2216 28 24 to
1508 2212 28 28 12
1552 2212 77 28 miles
1655 2221 34 19 an
1717 2211 77 34 hour,

1242 2252 52 29 will
1309 2262 78 27 carry
1403 2252 44 29 the
1465 2252 123 39 existing
1602 2252 100 38 rolling
1716 2251 79 29 stock

1240 2294 54 27 and
1310 2294 33 27 be
1358 2294 77 38 equal
1452 2298 27 23 to
1494 2294 34 27 all
1545 2294 59 28 that
1618 2304 51 17 can
1693 2295 31 26 be
1747 2293 32 28 de-

1240 2334 116 28 manded
1369 2334 28 27 of
1407 2334 22 26 it
1441 2334 41 27 for
1493 2344 76 17 some
1579 2344 79 27 years
1669 2337 29 24 to
1708 2343 86 19 come.

1242 2374 75 28 With
1331 2374 122 28 increase
1468 2374 28 29 of
1510 2375 89 28 traffic
1614 2374 46 28 the
1674 2374 57 29 line
1743 2384 51 18 can

1239 2415 33 29 be
1286 2414 85 37 easily
1385 2415 125 37 changed
1525 2415 58 28 into
1609 2426 15 17 a
1648 2415 145 28 first-class

1238 2454 64 28 road
1317 2454 43 28 for
1374 2455 109 28 heavier
1496 2455 115 37 engines
1625 2455 53 28 and
1696 2454 98 39 higher

1236 2495 93 38 speed.

1273 2535 163 38 Regarding
1461 2546 15 17 a
1501 2535 111 37 railway
1638 2536 57 28 line
1719 2537 72 28 from

1240 2575 143 29 Lawrence
1409 2581 28 23 to
1463 2575 47 30 the
1533 2576 165 37 goldfields:
1719 2575 27 30 If
1770 2575 23 30 it

1237 2626 53 17 was
1312 2627 16 16 a
1341 2626 62 18 case
1425 2617 64 37 only
1513 2617 29 28 of
1566 2617 172 37 comparison
1762 2617 30 28 of

1237 2655 139 29 distances
1402 2657 124 28 between
1554 2657 156 37 Roxburgh
1736 2657 53 28 and

1240 2696 126 29 Dunedin
1381 2697 44 27 via
1440 2697 98 28 Heriot
1557 2698 54 27 and
1634 2697 156 36 Lawrenca,

1235 2737 47 28 the
1298 2736 80 29 latter
1391 2746 78 19 route
1491 2737 49 28 has
1562 2737 47 29 the
1632 2737 158 33 advantage

1236 2777 36 37 by
1287 2777 32 27 28
1336 2777 76 28 miles
1427 2789 8 23 ;
1456 2779 50 26 but
1521 2779 78 27 when
1620 2779 22 27 it
1655 2788 92 18 comes
1761 2782 29 24 to

1235 2817 47 28 the
1308 2818 127 38 question
1463 2818 30 29 of
1514 2818 125 29 distance
1665 2818 123 29 between

1235 2857 155 40 Roxburgh
1399 2858 55 29 and
1463 2859 191 38 Invercargill,
1665 2859 66 30 then
1743 2859 46 29 the

1235 2904 78 24 route
1325 2901 44 27 via
1383 2899 99 31 Heriot
1492 2901 49 29 has
1564 2901 48 29 the
1633 2901 156 38 advantage

1236 2939 36 37 by
1284 2941 35 26 67
1330 2940 86 30 miles.
1456 2941 29 26 It
1494 2941 67 28 does
1571 2946 58 28 not,
1641 2941 147 34 therefore,

1234 2978 71 30 need
1318 2979 83 30 mnch
1414 2984 164 35 arguement
1590 2990 31 19 so
1634 2980 44 29 far
1689 2990 30 19 as
1732 2979 56 30 dis-
1804 2978 1 41 '

1234 3026 94 23 tances
1341 3031 46 18 are
1401 3022 153 27 concerned
1568 3026 28 24 to
1610 3022 74 27 show
1699 3022 89 27 which

1233 3064 80 25 route
1338 3071 35 18 on
1394 3061 47 29 the
1463 3062 87 28 whole
1572 3062 90 28 would
1686 3062 35 28 be
1741 3062 47 28 the

1235 3106 72 24 most
1320 3101 161 29 favourable
1501 3103 44 27 for
1565 3103 48 27 the
1633 3101 155 40 goldfields.

1239 3144 25 27 It
1277 3142 23 29 is
1314 3145 59 34 not,
1385 3143 136 36 however,
1535 3143 27 29 in
1576 3143 124 29 distance
1710 3143 80 29 alone

1235 3183 61 28 that
1309 3183 47 28 the
1368 3183 128 38 junction
1510 3184 30 28 of
1552 3184 155 37 Roxburgh
1722 3183 67 29 with

1234 3224 99 28 Heriot
1347 3224 92 28 rather
1461 3224 68 28 than
1552 3224 66 28 with
1642 3224 147 29 Lawrence

1232 3264 160 30 commends
1406 3264 83 30 itself.
1532 3264 42 30 On
1585 3265 47 30 the
1644 3265 144 29 extension

1233 3306 71 28 from
1319 3305 99 29 Heriot
1431 3310 29 24 to
1474 3306 155 28 Crookston
1656 3307 54 28 and
1726 3306 63 28 Moa

1234 3345 62 28 Flat
1310 3345 102 29 station
1426 3345 77 29 there
1523 3345 24 28 is
1560 3346 111 35 already
1694 3346 81 28 settle-

1235 3390 74 24 ment
1323 3385 55 28 and
1392 3386 87 28 traffic
1494 3386 60 28 that
1574 3386 89 28 would
1685 3396 53 27 pay
1760 3391 29 23 at

1234 3436 66 18 once
1315 3427 43 28 for
1371 3437 15 16 a
1401 3426 53 29 line
1468 3426 101 39 lightly
1592 3426 54 29 and
1673 3427 115 37 cheaply

1234 3467 88 34 made,
1333 3468 54 26 and
1405 3467 45 28 the
1463 3468 109 27 further
1594 3468 144 27 extension
1761 3473 27 22 to

1237 3507 107 37 Benger
1359 3507 73 28 Burn
1458 3507 49 28 has
1526 3506 85 40 along
1632 3507 35 27 its
1689 3515 97 20 course

1233 3548 67 29 such
1320 3548 143 29 extensive
1486 3558 139 19 resources
1649 3548 43 29 for
1710 3558 62 28 pros-

1234 3599 98 27 perous
1346 3589 164 28 settlement;
1530 3589 60 27 that
1610 3600 15 16 a
1647 3599 66 26 very
1735 3589 53 28 few

1233 3640 77 27 years
1327 3629 88 29 would
1427 3640 45 18 see
1487 3630 65 28 such
1566 3640 15 18 a
1595 3629 193 37 development

1233 3681 34 17 on
1285 3670 59 28 that
1370 3671 102 27 section
1497 3682 29 16 as
1552 3670 89 28 would
1664 3671 79 27 make
1768 3670 21 28 it

1233 3710 119 38 equally,
1367 3710 21 27 if
1401 3715 46 22 not
1460 3721 73 17 more
1544 3711 113 37 paying,
1667 3712 64 26 than
1743 3710 47 28 the

1233 3753 80 25 other
1322 3750 118 28 sections
1449 3751 29 26 of
1486 3751 44 28 hhe
1541 3752 61 27 line.
1645 3750 143 38 Although

1234 3803 15 16 a
1258 3791 169 35 comparison
1439 3791 30 28 of
1482 3791 148 35 distances,
1642 3792 89 28 where
1742 3792 48 27 the

1235 3831 124 27 terminal
1375 3831 92 37 points
1476 3832 29 26 of
1517 3832 85 27 traffic
1614 3842 45 17 are
1667 3835 29 24 at
1714 3832 56 27 Dun-

1235 3871 61 28 edin
1324 3871 55 28 and
1413 3871 188 33 Inve-cinfill,
1629 3876 101 24 cannot
1755 3872 32 27 be

1543 3898 18 11 O

1235 3911 104 28 limited
1366 3917 26 20 to
1424 3910 95 29 Heriot
1550 3912 54 27 and
1634 3912 154 33 Lawrence,

1235 3957 47 31 yet
1290 3961 67 18 even
1375 3952 75 27 when
1468 3952 19 27 it
1502 3952 80 34 is,the
1596 3952 148 29 difference
1759 3952 27 28 in

1237 3993 93 26 favour
1345 3992 28 27 of
1388 3992 47 27 the
1449 3992 102 29 former
1564 3992 65 29 does
1641 3997 47 24 not
1702 3993 86 28 admit

1237 4033 27 28 of
1278 4044 15 16 a
1315 4032 87 29 doubt
1425 4033 59 28 that
1508 4034 47 28 the
1581 4033 105 29 natural
1713 4037 77 26 route

1237 4075 69 27 from
1324 4073 97 28 Heriot
1435 4074 21 27 is
1471 4080 28 21 at
1513 4075 46 27 the
1573 4086 74 17 same
1661 4075 67 27 time
1744 4075 46 27 the

1237 4114 129 37 cheapest
1380 4113 52 28 and
1448 4114 46 27 the
1509 4115 68 28 beit.
1618 4116 33 27 iu
1672 4115 45 28 the
1739 4125 52 17 one

1237 4165 61 18 case
1313 4154 86 26 traffic
1424 4155 88 26 would
1538 4155 31 26 be
1594 4155 105 27 carried
1726 4165 66 16 over

1237 4194 63 39 oniy
1316 4195 32 28 25
1366 4193 76 30 miles
1468 4206 34 17 or
1525 4205 42 25 so,
1588 4195 80 29 while
1689 4195 28 28 in
1745 4195 46 29 the

1237 4237 79 27 other
1330 4246 61 18 case
1406 4247 14 16 a
1444 4237 132 34 probable
1585 4237 109 27 smaller
1704 4236 88 28 traffic
1804 4236 1 35 |

1241 4277 86 28 would
1345 4277 31 27 be
1391 4276 106 29 carried
1509 4287 66 18 over
1588 4289 16 15 a
1627 4277 124 28 distance
1764 4277 28 28 of

1239 4317 35 28 40
1289 4317 77 28 miles
1380 4324 27 21 at
1421 4328 37 17 an,
1471 4317 140 29 enhanced
1623 4322 58 24 cost
1692 4317 43 28 for
1745 4317 47 28 the

1238 4359 149 27 additional
1401 4358 112 38 mileage
1524 4359 28 26 of
1564 4358 28 38 15
1600 4359 84 27 miles.
1715 4358 75 27 Then

1238 4410 29 17 as
1279 4407 28 21 to
1322 4400 45 27 the
1383 4399 130 37 probable
1527 4399 60 28 first
1606 4404 59 23 cost
1679 4399 27 28 in
1725 4399 66 28 each

1239 4448 61 20 case
1314 4451 5 17 :
1343 4440 91 27 While
1467 4440 46 27 the
1545 4440 143 28 extension
1721 4440 70 27 from

1241 4480 96 28 Heriot
1351 4479 89 29 would
1453 4489 76 19 come
1543 4483 37 31 to,
1593 4489 57 26 say,
1660 4479 132 35 90,000,

1240 4521 60 27 that
1317 4520 71 28 from
1411 4520 147 29 Jjftwrence
1583 4519 80 28 could
1684 4526 49 22 not
1759 4519 33 29 be

1240 4560 134 29 reckoned
1389 4566 28 22 at
1432 4560 52 28 less
1499 4560 64 28 than
1574 4560 150 35 120,000,
1738 4559 54 28 and

1240 4602 45 26 the
1314 4601 80 27 latter
1403 4602 22 26 is
1439 4601 122 36 wanting
1572 4601 27 26 in
1612 4601 46 26 the
1668 4601 124 34 existing

1237 4641 53 27 and
1303 4641 45 27 the
1354 4646 142 33 prospects
1502 4641 29 26 of
1538 4639 154 40 increasing
1703 4639 89 29 traffic

1240 4682 58 26 that
1325 4681 90 27 would
1441 4681 80 27 make
1536 4681 46 27 the
1602 4682 101 26 former
1724 4690 48 27 pro-

1240 4721 101 33 fitable,
1354 4729 67 18 even
1444 4721 19 28 if
1487 4720 47 27 the
1557 4720 60 27 first
1640 4724 60 23 cost
1722 4729 70 18 were

1239 4759 139 28 increased
1394 4759 35 36 by
1447 4761 31 26 10
1493 4769 30 17 or
1538 4762 6 23 1
1557 4764 5 21 1
1582 4769 48 26 per
1642 4762 72 24 cent,
1728 4768 66 19 over

1240 4799 44 28 the
1291 4800 85 31 figure
1388 4799 99 29 stated.
1528 4799 27 28 It
1566 4799 21 27 is
1599 4804 47 23 not
1658 4799 133 35 however,

1239 4851 29 15 so
1284 4840 78 26 much
1377 4841 27 25 iu
1420 4841 45 25 the
1479 4839 99 31 saving
1589 4847 26 19 to
1628 4840 33 26 be
1675 4839 115 28 effected

1239 4889 33 17 on
1293 4879 99 37 capital
1420 4878 102 36 outlav,
1548 4879 108 36 though
1682 4878 59 28 that
1767 4878 23 29 is

1241 4919 121 27 material
1388 4919 53 27 and
1475 4920 158 35 important,
1660 4919 61 28 that
1747 4919 45 28 the

1239 4959 155 35 advantage
1407 4959 30 28 of
1452 4959 45 28 the
1512 4957 97 30 Heriot
1628 4962 78 25 route
1728 4968 48 19 con-

1239 5000 72 33 sists,
1326 5011 28 16 as
1369 5000 26 27 iu
1411 5000 45 27 the
1475 5004 79 31 great
1569 5000 103 27 benefit
1692 4999 84 28 result-

1240 5039 47 37 ing
1303 5039 70 28 from
1385 5039 47 28 the
1446 5039 98 37 saving
1558 5039 26 27 in
1608 5039 115 36 mileage
1737 5039 55 28 and

1240 5081 46 26 the
1297 5085 169 33 consequent
1479 5089 132 27 economy
1630 5079 26 28 in
1672 5079 46 28 the
1732 5084 59 24 cost

1239 5120 29 28 of
1281 5121 181 36 maintaining
1470 5119 54 27 and
1538 5120 125 36 working
1672 5119 46 28 the
1728 5120 62 28 line.

1277 5159 148 40 Summing
1447 5170 37 28 up
1506 5160 46 29 the
1571 5159 171 39 advantages
1764 5164 28 25 to

1240 5201 46 28 the
1300 5201 146 37 goldfields
1460 5202 28 26 of
1500 5201 68 27 each
1583 5201 28 26 of
1630 5201 45 27 the
1699 5205 91 24 routes

1240 5240 166 34 mentioned,
1422 5240 59 28 that
1496 5240 44 27 via
1563 5239 94 29 Heriot
1672 5240 47 28 has
1745 5241 45 28 the

1241 5281 140 36 following
1395 5288 26 21 to
1435 5280 144 28 commend
1594 5280 20 27 it
1628 5286 28 22 to
1665 5280 46 29 the
1725 5291 49 28 sup-

1240 5328 62 30 port
1315 5322 30 27 of
1360 5322 77 26 those
1447 5321 162 34 concerned,
1625 5321 50 27 viz.
1690 5333 45 16 :

1279 5361 39 38 (1)
1340 5361 106 38 Saving
1459 5361 25 26 in
1498 5361 122 27 distance
1628 5361 30 26 of
1673 5361 30 27 15
1715 5361 77 28 miles

1242 5403 85 34 (more
1340 5412 31 17 or
1385 5401 73 35 less).

1279 5441 41 35 (2)
1343 5441 176 38 Consequent
1540 5441 98 38 saving
1651 5441 28 28 in
1693 5441 99 38 capital

1240 5482 92 37 outlay
1352 5481 38 35 of,
1404 5491 57 28 say,
1476 5481 130 35 30,000.

1280 5523 38 36 (3)
1340 5521 106 39 Saving
1460 5522 26 27 in
1509 5522 126 37 working
1649 5532 144 30 expenses,

1241 5563 120 38 through
1374 5562 119 28 reduced
1507 5563 132 34 distance,
1654 5564 29 28 of
1701 5574 16 17 a
1729 5572 48 29 pro-

1241 5602 80 28 bable
1334 5612 60 18 sum
1406 5602 59 28 that
1481 5602 53 28 will
1546 5604 29 26 of
1584 5603 75 29 itself
1673 5613 53 28 pay
1738 5608 55 24 two

1241 5646 28 24 to
1282 5642 78 28 three
1374 5651 49 29 per
1434 5646 73 24 cent,
1521 5652 34 18 on
1576 5643 100 38 capital
1689 5643 104 39 outlay.
1804 5642 1 40 !

1279 5683 40 35 (4)
1340 5682 114 28 Greater
1467 5682 121 38 existing
1611 5683 87 29 traffic
1710 5683 85 39 along

1231 5717 1 44 |
1242 5721 46 30 the
1309 5725 78 26 route
1407 5722 72 28 from
1505 5722 99 29 Heriot
1628 5726 29 26 to
1683 5723 122 38 Benger/

147 102 169 49 Friday,
341 104 101 48 May
461 103 56 38 14
541 102 102 39 1307

1684 86 197 45 MOUNT
1970 85 225 45 BENGER
2282 88 153 40 MAIL:

1349 5782 124 25 (Contioued
1487 5789 27 14 on
1527 5782 78 22 fourth
1622 5784 66 24 Page.)

1833 200 38 56 J
1950 200 48 38 H.
2021 195 2 61 .
2061 195 323 43 PEARSON,

1935 266 67 22 ROSS
2016 262 98 27 PLACE,
2127 259 166 29 LAWRENCE,

1876 308 263 33 CONTRACTOR,
2160 306 120 29 BUILD
2286 308 54 34 bill,

2082 356 53 21 AND

1969 386 275 36 UNDERTAKER.

1831 466 145 30 Contracts
1990 464 83 29 taken
2084 461 43 29 for
2140 460 137 29 Builders'
2298 461 82 29 vVork

1949 506 29 29 of
1991 513 81 28 every
2085 500 176 39 description.

1891 576 198 25 ESTIMATES
2120 574 65 20 PHE
2192 574 40 21 PA
2240 574 73 22 RED.

1863 640 26 29 A
1903 634 194 34 well-assorted
2124 633 85 28 Stock
2230 633 29 29 of
2280 633 82 30 Furni-

1825 685 61 25 ture
1899 681 101 37 always
2013 689 35 18 on
2063 673 80 31 hand:

1863 721 132 28 Funerals
2006 714 153 32 conducted
2172 715 27 27 in
2210 715 36 27 all
2260 720 74 32 parts
2349 716 29 27 of

1824 762 47 28 the
1899 761 122 28 District.
2062 756 104 29 Hearse
2192 755 134 38 provided
2355 757 21 26 if

1824 800 136 39 required.

1916 908 49 29 IL
1976 907 49 29 LI
2039 908 24 28 A
2074 904 29 30 M
2214 902 91 30 ALO
2315 902 59 30 NE
2376 926 7 13 >

1908 1059 173 40 General
2117 1056 174 46 Grocer,

1849 1205 508 35 SCOTLAND-STREET,

1996 1336 223 48 ROXBURGH.

1980 1466 37 28 A.
2115 1462 268 36 HART,

1885 1522 259 31 vScOTLAND-STItEET,
2165 1519 164 33 ROXBURGH,

1840 1572 159 21 MERCHANT
2018 1571 111 24 TAILOR,
2144 1569 89 22 CLOTH
2239 1569 7 20 I
2251 1569 43 26 Ell,
2310 1569 61 21 AND

1916 1600 56 21 GEN
1976 1600 16 21 T
1996 1600 55 21 LEU
2055 1598 62 22 EN'S;
2130 1597 37 21 0U
2170 1597 34 21 TF
2207 1597 87 24 iTTER.

1865 1656 26 28 A
1924 1656 93 28 choice
2049 1653 128 29 selection
2206 1652 29 28 of
2259 1652 123 34 Tweeds,

1829 1694 142 40 Coatings,
1986 1698 110 34 Series,
2116 1692 48 30 &e.
2190 1692 78 35 (both
2292 1692 91 29 Home

1818 1732 1 40 I
1827 1736 55 28 and
1897 1736 133 36 Colonial)
2045 1735 101 36 always
2160 1743 33 19 on
2209 1732 82 29 hand.

1866 1779 25 25 A
1903 1777 93 28 varied
2012 1774 129 30 selection
2152 1773 30 28 of
2193 1773 189 36 !teady-m:<de

1828 1816 91 29 Goods
1931 1816 54 29 and
1997 1814 81 40 Boys'
2087 1814 53 28 and
2153 1813 120 29 Youths'
2286 1813 80 29 Cloth-

1827 1857 49 38 ing
1901 1857 102 38 always
2036 1866 34 19 on
2099 1853 82 29 hand.
2233 1853 58 29 The
2317 1854 64 37 only

1826 1898 77 38 place
1918 1898 28 28 in
1960 1901 72 25 town
2049 1901 27 23 to
2091 1905 113 28 procure
2212 1895 97 36 stylish
2327 1895 51 26 and

1828 1938 158 37 up-to-date
2010 1938 80 33 Hats,
2105 1936 70 34 Ties,
2189 1935 53 28 and
2267 1934 97 29 Gentle-

1828 1977 87 29 men's
1931 1977 177 29 Underwear.

1835 2037 61 52 \y
1988 2037 22 29 T
2026 2060 6 7 .
2103 2034 167 31 BOWD
2292 2035 67 30 EN
2376 2059 5 11 ,

1903 2112 176 26 CARPENTE!*,
2105 2110 67 21 JOIN
2176 2110 44 25 Eli,
2249 2110 61 20 AND

2004 2149 207 26 UNDERTAKEN,

1828 2204 97 25 Dpsir>3
1952 2209 25 18 to
2003 2202 75 25 thank
2105 2201 42 26 thn
2179 2200 86 25 PuWlio
2290 2202 23 22 of
2339 2200 41 25 ill*

1829 2242 102 26 Diitrict
1946 2241 37 26 for
2002 2247 54 28 past
2075 2244 111 31 iupprt,
2204 2238 49 25 *rni
2275 2237 60 30 h-ir*
2355 2245 25 17 '>

1825 2280 89 27 inform
1946 2276 65 29 tli#m
2048 2275 54 30 thai'
2132 2279 29 24 lie
2192 2276 44 27 1*

1828 2317 119 27 Dullness
1960 2318 24 25 in
2000 2315 149 32 Rox^'irgli.

1826 2404 134 26 Etimitfs
1972 2404 74 33 pivfn
2058 2402 51 28 mid
2117 2402 117 34 BuiMing
2234 2401 3 36 1
2247 2401 133 26 Contract#

1928 2454 27 24 of
1972 2452 29 27 mll
2024 2451 72 26 kintls
2113 2451 154 26 tinrUrukm

1862 2537 76 27 Plan*
1952 2538 46 24 and
2019 2536 185 33 Sp<rific!iri*
2220 2536 115 28 ?>rv>ar*<|

1824 2605 215 53 HUGH
2113 2605 267 42 BRUCE,

1914 2671 201 34 BOAKDIXO
2144 2672 145 36 IiOiJSK,

1851 2724 316 35 WHITJtHIVgN'-STKBKT,

1887 2772 144 38 (Opposite
2045 2771 117 37 English
2177 2772 131 35 Church.)

1833 2862 81 22 FIRST
1932 2863 85 20 CLASI
2040 2861 247 23 ACCOMMODATION
2310 2862 55 20 FOR

1909 2891 57 21 THii
1981 2890 185 23 TRAVELLING
2182 2891 111 23 fUBLLC.

1869 2972 77 30 Good
1971 2972 131 31 Sfcablint*
2126 2971 57 31 ami
2199 2971 132 29 Paddock

1972 3014 260 29 Accommodation..

2058 3083 7 8 r
2066 3085 11 6 ,
2086 3077 15 11 U
2119 3077 3 14 i

1907 3095 172 29 Charged
2094 3093 200 31 MOD*KATH.

1821 3157 144 31 TZOZIfci
1985 3158 89 29 TEA.
2109 3157 65 30 This
2202 3157 87 29 brand
2317 3158 22 28 is
2362 3169 16 17 a

1901 3205 150 33 guarantee
2059 3200 29 29 of
2097 3199 90 38 purity
2197 3199 54 28 and
2260 3199 116 38 quality.

1819 3240 55 38 Try
1890 3241 47 27 the
1950 3241 31 28 2s
1993 3251 9 23 ;
2021 3239 51 28 'tis,
2082 3241 101 36 superb
2195 3239 10 30 L

1830 3404 197 55 jyjILLEIiS
2088 3405 107 28 FLAT/
2240 3404 136 35 HOTEL,

1988 3528 132 22 ttI&LERS-
2134 3528 71 22 FLAT

1861 3796 12 29 IJ.1
1874 3798 8 14 J
1886 3819 5 7 .
1916 3796 115 29 Laffktv
2083 3819 35 7 ....
2173 3796 167 39 Proprietor.

1822 3934 194 31 PREVIOUS
2029 3944 36 19 to
2079 3934 298 35 STOCfcC.TAKING,

1822 3995 189 72 JOHNS
2052 3995 42 38 &
2122 3995 254 43 M'COMBE,

1822 4080 130 22 GROCERS
1967 4081 61 20 AND
2046 4080 136 21 GENERAL
2198 4080 179 24 MERCHANTS,

1965 4129 156 28 MILLBUS
2142 4130 98 28 FLAT.

2009 4190 67 29 Will
2098 4191 63 39 give
2184 4202 16 17 a

1823 4243 195 32 DISCOUNT
2058 4243 61 29 OF
2145 4243 88 28 TWO
2272 4242 85 31 SHIL-

1905 4284 115 30 LINGS
2041 4285 54 34 (2a)
2116 4284 41 28 IN
2178 4284 77 29 THE

2087 4336 41 29 0!i

1924 4390 73 29 ALL
2031 4389 100 30 CASH
2166 4388 118 30 SALES

1954 4437 177 38 During-'tiiis
2146 4437 105 27 month.

1862 4517 52 29 We
1933 4518 69 28 have
2023 4528 16 17 a
2058 4517 75 27 l;ir*e
2156 4516 78 28 stock
2255 4515 30 27 of
2308 4514 51 28 Gro-

1822 4559 95 34 ceries,
1944 4558 146 37 Drapery,.
2162 4562 42 26 >ts,
2232 4554 126 27 Ironmon-

1823 4610 78 26 gery,
1917 4598 92 37 Fancy
2020 4596 101 33 Goods,
2140 4593 236 38 Paperhani*ing-<,

1823 4638 66 36 Oils,
1900 4638 59 35 &c.,
1969 4637 60 36 &c.,
2042 4635 86 29 which
2140 4640 73 23 intut
2225 4635 32 26 be
2268 4633 107 29 cleared

1823 4680 22 27 if
1858 4679 129 37 possible.

2022 4752 140 22 AGENCIES
2171 4752 4 22 :

1823 4793 176 30 Manchester
2012 4792 64 31 Fire
2088 4792 148 29 Insurance
2252 4791 48 30 Co.

1823 4835 158 27 Australian
1990 4833 109 29 Mutual
2105 4833 148 28 Provident
2263 4833 111 36 Society

1837 4915 18 35 r
1890 4914 28 23 O
1918 4914 29 23 0
1968 4912 21 24 K
2052 4914 18 22 A
2107 4918 5 15 1
2178 4911 172 24 THIS!

1892 4990 100 26 BOUTS
2011 4995 35 20 tor
2061 4994 39 20 the
2119 4990 45 24 (let
2167 4995 32 23 at,

1918 5035 72 24 Boots
2011 5037 35 21 for
2069 5035 40 23 the
2123 5035 73 23 Small
2208 5043 5 19 ;

1889 5078 71 23 Boot*
1976 5077 37 24 for
2033 5078 39 23 the
2090 5075 78 29 Short,

1919 5123 71 22 Boots
2008 5122 37 24 for
2062 5122 39 23 the
2120 5120 53 24 Tail
2190 5129 5 19 ;

1892 5168 70 24 Buota
1976 5166 37 25 for
2031 5167 41 24 the
2073 5175 7 9 r
2089 5164 97 33 Young,

1917 5208 73 22 Boots
2008 5208 36 22 for
2060 5207 38 22 (ho
2118 5206 46 22 Old
2176 5213 6 20 ;

1918 5270 54 23 .snd
1990 5268 102 24 BOOTS
2108 5267 45 24 and
2173 5267 103 25 SIJOiCS

2037 5324 35 23 for
2089 5322 29 23 all
2142 5331 13 15 a

1925 5388 43 35 Hi
2018 5385 119 37 Bail
2151 5386 125 45 lie's,

1838 5462 115 32 Opposite
1968 5459 157 27 Commercial
2145 5461 82 32 Hotel,
2246 5462 132 32 Roxburgh

1858 5579 56 26 tar
1914 5579 76 26 Come
2007 5577 46 25 and
2072 5578 90 26 inspect
2175 5577 40 25 the
2232 5578 79 25 Stock.

1826 5648 113 44 TpH'E'
1947 5651 122 36 greatest
2088 5651 111 33 experts
2219 5648 87 29 admit
2319 5648 61 29 that

1910 5688 89 31 Kozie
2010 5688 56 29 Tea
2084 5686 23 29 is
2131 5686 36 38 by
2189 5687 44 29 far
2251 5688 48 29 the
2318 5689 62 28 best

1826 5729 80 30 value
1915 5727 166 30 obtainable.
2101 5726 89 29 Johns
2201 5727 179 37 &3[COMBK,

1827 5771 123 37 Agents,
1962 5768 106 32 Millers
2082 5766 85 33 Fiat..

2420 191 124 56 yyi-IO
2563 193 47 30 TS
2632 191 103 32 TTE?
3361 186 50 58 p
3434 185 84 56 JJG

2518 266 24 21 E.
2557 266 115 22 DI>LVNT

2860 265 73 22 CASH
2948 265 123 22 DRAPER.

3273 261 170 24 LAWRENCE.

2537 335 75 27 EYE
2632 335 110 38 pleased
2777 332 3 41 :
2782 336 47 27 the
2852 334 101 28 MIND
2968 334 234 28 coutentedthe
3217 332 130 29 HEART
3361 332 178 37 happythe

2498 373 125 31 PURSE
2649 379 49 25 nob
2723 376 75 38 quite
2823 382 94 31 empty
2919 374 84 29 the
3038 371 193 32 PURSE-ON
3266 371 120 40 pleased.
3439 370 100 30 Gentle

2412 416 105 35 reader,
2542 416 55 28 this
2620 416 22 28 is
2668 426 70 26 you;
2771 426 32 18 or
2827 415 23 28 it
2875 415 99 28 should
3002 416 43 28 be.
3097 414 57 29 The
3179 413 124 29 author's
3328 413 112 34 chance,
3467 422 72 29 your

2411 456 188 39 opportunity.
2668 456 76 29 Kum
2757 456 54 28 and
2825 456 35 28 be

2484 498 26 27 A
2523 496 129 36 splendid
2664 500 167 27 assortment
2845 496 28 28 of
2888 495 107 29 Winter
3009 495 129 29 Realities
3151 505 62 17 now
3227 494 134 38 showing.

2486 536 66 29 Will
2566 548 53 26 you
2631 536 97 38 kindly
3003 536 35 28 all
3052 535 104 39 parcels
3179 534 139 29 delivered
3331 532 124 40 carriage
3469 533 66 29 free.

2484 577 117 29 Friends
2614 577 55 28 and
2683 583 112 32 patrons
2809 578 60 26 w'lo
2885 576 87 28 reside
2986 576 125 29 between
3126 576 145 27 Lawrence
3284 574 54 28 and
3352 574 106 28 Millers
3472 573 65 29 Flat

2411 619 51 28 I
2475 618 53 28 will
2542 618 52 29 call
2608 629 73 27 upon
2695 628 55 26 you
2760 618 86 28 about
2860 616 47 29 the
2921 617 102 29 second
3038 616 76 30 week
3127 616 29 28 in
3170 614 76 39 May.

2484 658 91 31 Yours
2589 659 153 42 hopefully',

2562 844 102 30 CASH
2684 842 164 37 DRAPER,
2870 842 203 35 CLOL'HIKR,
3093 840 82 30 aND
3194 840 209 30 IMPORTER.

2797 894 70 30 Rosa
2890 894 95 36 Place,
3006 893 164 29 Lawrence.

2589 1014 27 14 3*2

2545 1036 61 64 m

2533 1125 65 57 m

2518 1108 17 21 v
2536 1119 20 25 .h

2596 1695 50 79 i

2618 1135 102 168 ft

2929 1092 143 28 TAILOR
3100 1090 84 29 AND
3212 1090 163 29 HATfER.

2761 1173 25 53 J
2802 1173 41 21 All
2857 1171 158 26 acknowledged
3031 1174 22 18 to
3066 1170 26 20 be
3105 1169 74 21 second
3192 1171 21 19 to
3227 1176 52 14 none
3293 1169 33 21 for

2801 1232 139 29 STYLE!

2948 1269 191 39 QUALITY!

3118 1310 314 30 WORKMANSHIP!

2938 1434 61 22 KESI
3005 1434 90 22 DENTS
3120 1428 37 27 t)F
3182 1431 187 24 ROXBUROH-

2763 1463 79 26 Kiudly
2852 1470 69 12 remen
2930 1463 35 19 her
2980 1463 45 19 that
3034 1462 67 24 owing
3114 1463 21 18 to
3145 1467 35 21 my
3188 1461 98 21 immense
3295 1462 131 25 assortment,
3436 1461 36 20 the
3481 1460 61 21 Show

2842 1491 36 19 the
2890 1490 102 20 Windows
3003 1489 16 21 is
3030 1489 49 26 only
3088 1496 11 12 a
3109 1496 48 18 very
3166 1488 60 20 small
3236 1490 45 25 part
3287 1486 22 22 of
3318 1495 33 19 my
3362 1488 128 21 Exhibition.

2813 1557 110 25 Intending
2932 1557 118 21 Customers
3060 1555 41 21 will
3112 1555 41 21 find
3162 1555 46 21 that
3217 1555 10 21 I
3237 1555 52 21 hare
3301 1554 58 21 mad*
3367 1555 36 20 tbe
3409 1555 64 21 inside
3478 1555 22 21 of
3506 1562 35 19 my

2761 1585 160 20 Eitablishment
2939 1583 107 26 especially
3066 1583 117 26 attraoive,
3199 1583 40 20 aud
3257 1582 104 22 earnestly
3375 1583 64 19 invite
3457 1589 41 19 you
3519 1585 22 17 to

2761 1616 84 16 MHunter
2859 1611 88 26 through
2966 1611 34 21 the
3021 1611 80 21 various
3118 1610 146 27 Departments
3278 1609 41 22 and
3334 1609 83 27 Inspect
3426 1609 36 22 the
3471 1609 71 22 Latest

2761 1639 105 21 Fashions.

2798 1707 185 29 OPPOSITE
3005 1706 109 30 BANK
3137 1705 47 30 OF
3204 1705 91 30 NEW
3314 1703 192 39 ZEALAND,

3085 1746 162 28 Lawrence.

2415 1856 393 87 WOOL.

3145 1854 393 88 WOOL,

2566 2051 216 61 WOOL
2835 2051 282 58 SEASON
3170 2051 229 61 1896-7.

2637 2221 80 30 AND
2738 2220 197 36 COMPANY,
2956 2220 126 38 Limjtkd,
3102 2222 56 39 beg
3178 2225 30 26 to
3227 2221 89 39 notify
3336 2220 202 40 Woolgrowera

2409 2300 53 29 and
2478 2300 125 30 Fa-mers
2617 2301 60 28 tlmt
2691 2302 64 36 they
2769 2300 54 29 will
2838 2300 64 29 hold
2916 2300 72 28 thei*
3008 2300 104 29 Fourth
3128 2300 62 30 Sale
3203 2301 44 29 for
3260 2300 47 29 the
3321 2299 104 31 Season
3439 2312 35 18 on

2613 2378 104 30 Fourth
2738 2379 80 29 Sale:
2858 2377 223 38 THURSDAY,
3102 2380 71 28 25th
3196 2377 219 32 FEBRUARY.

2482 2509 46 29 All
2543 2508 85 39 Clips,
2641 2509 125 29 however
2778 2509 90 35 small,
2883 2509 52 28 will
2950 2509 33 27 be
2997 2508 95 28 shown
3107 2512 28 25 to
3159 2509 61 28 best
3239 2508 164 39 advantage.
3445 2509 92 38 Every

2409 2550 38 26 lot.
2467 2550 99 28 valued
2587 2550 74 36 prior
2679 2555 30 22 to
2730 2551 66 33 sale,
2817 2549 55 27 and
2892 2559 106 17 owners
3018 2549 129 28 interests
3167 2549 69 37 fully
3251 2549 152 38 protected.
3458 2549 79 29 Wool

2411 2589 85 29 i'acks
2510 2589 125 39 supplied
2648 2593 29 25 at
2689 2589 96 29 lowest
2798 2596 112 23 current
2925 2596 81 21 rates.

2482 2667 192 39 Specification
2688 2667 96 28 Forms
2797 2666 54 29 and
2867 2666 99 29 Labels
2980 2667 97 37 posted
3090 2677 36 18 on
3140 2667 176 38 application.

2721 2822 125 29 Address
2865 2832 70 29 your
2956 2822 215 39 Consignments
3190 2825 30 26 to

2682 2941 3 25 '
2695 2941 34 25 M

3319 2917 219 94 nnii

2759 3054 27 30 D
2823 3053 28 31 U
2888 3054 28 30 N
2954 3055 24 29 B
3018 3055 26 29 D
3082 3055 15 28 I
3134 3054 29 30 N
3182 3078 8 6 .

2602 3199 95 53 To
2759 3198 211 65 Sheep
3031 3199 273 51 Owners
3326 3213 17 39 s

2792 3466 236 83 gmm

2792 3511 236 91 MSroi

2674 3679 37 30 18
2736 3677 218 30 ANNUALLY
2981 3677 102 30 USED
3110 3672 106 33 UPON
3244 3672 24 30 A

2409 3757 349 66 QUARTER
2773 3771 37 24 0F
2896 3753 239 59 SHEEP
3241 3768 14 22 E
3279 3744 256 61 WORLD

2443 3874 59 30 ITS
2524 3873 235 30 BENEFICIAL
2781 3871 169 31 EFFECTS
2969 3869 82 30 AND
3068 3868 168 31 LASTING
3259 3860 236 35 PROPERTIES

2810 3923 128 30 ALONE
2965 3920 112 30 MAKE
3103 3922 38 27 IT

2406 3987 158 56 THE
2600 3983 397 60 CHEAPEST
3031 3980 95 58 OF
3166 3979 142 57 ALL
3350 3974 183 57 DIPS.

2551 4099 70 19 UItA
2625 4099 29 17 tB
2680 4098 49 18 FKO
2733 4098 19 18 K

2896 4125 103 30 JOHN
3271 4122 62 28 Law
3337 4128 88 25 rence,

2819 4177 63 29 And
2906 4177 70 29 from
2999 4177 35 28 all
3058 4176 87 29 Stock
3166 4175 55 29 and
3246 4174 107 29 Station
3376 4172 120 36 Agents.

2454 4258 188 44 Murray*,
2658 4257 176 36 Roberts
2864 4255 79 37 and
2976 4255 89 44 Co.,
3098 4261 83 31 Chief
3204 4262 111 35 Agents
3332 4257 44 29 for
3400 4255 100 36 Otago.

3077 4438 74 32 mc

2748 4508 47 16 s-W

3042 4623 27 50 fi

2996 4707 31 56 I

2703 4729 30 55 !

3277 4770 52 46 SI

2836 4825 32 24 K

2889 4826 36 21 if

2600 4862 84 49 /J
2726 4881 26 30 w

3047 5007 81 28 ft*&
3133 5000 59 26 >'>'*

2528 5113 157 57 NEW
2741 5112 248 56 RAPID
3036 5108 388 57 B[CYCLES.

2414 5216 59 56 ST.
2488 5215 114 21 GEOtIGE
2618 5212 205 23 ESGItfEEfUNG
2836 5212 50 25 CO.,
2902 5212 101 25 Limited,
3018 5219 33 13 are
3062 5211 34 20 the
3107 5211 80 20 Makers
3196 5209 21 21 of
3227 5209 35 21 the
3270 5209 49 25 only
3331 5208 79 25 Bicycle
3420 5209 112 24 possessing

2475 5243 20 20 in
2506 5243 69 25 happy
2583 5240 138 21 combination
2734 5243 35 17 the
2778 5240 113 25 perfection
2902 5239 21 19 of
2930 5240 58 18 those
2993 5238 96 27 qualifies
3096 5242 52 15 most
3154 5236 83 20 coveted
3245 5236 25 25 by
3279 5234 132 26 experienced
3420 5235 113 26 Cyclists

2581 5273 201 30 STABILITY
2799 5273 5 28 !
2884 5272 121 29 SPEED
3022 5267 4 36 !
3105 5267 242 32 DURABILITY
3363 5268 7 28 !

2457 5316 53 22 This,
2516 5315 41 22 fact
2566 5314 36 22 Ims
2613 5314 80 20 become
2702 5313 103 26 g-nerally
2815 5311 115 27 recognised
2942 5312 20 20 in
2972 5311 104 27 Tuapska,
3088 5311 38 20 and
3138 5312 19 19 in
3168 5315 137 21 consequence
3321 5308 11 21 I
3346 5315 33 14 am
3394 5308 54 27 daily
3458 5308 73 26 sailing

2409 5344 56 20 fchesi
2475 5343 104 21 Machines
2590 5346 21 16 to
2622 5341 86 26 Cyclists
2719 5341 44 19 who
2773 5341 50 19 have
2834 5340 49 19 been
2893 5339 144 25 disappointed
3048 5339 24 23 by
3083 5339 60 19 other
3154 5338 75 22 nukes,
3240 5336 41 21 and
3292 5336 45 19 who
3346 5342 34 13 are
3386 5336 53 24 glad,
3450 5335 83 27 indeed,

2408 5372 31 20 for
2449 5378 32 13 me
2492 5376 20 14 to
2522 5369 58 21 make
2590 5369 57 19 them
2655 5375 24 13 an
2689 5368 109 19 allowance
2808 5366 29 20 for
2851 5366 53 20 their
2914 5365 106 20 discarded
3032 5367 83 18 mounts

2408 5402 861 50 AsPartPaymentforaMachinetheycan
3283 5400 170 45 Depend
3465 5411 68 27 on.

2464 5496 65 21 Those
2540 5494 43 21 whe
2593 5501 34 14 are
2637 5496 36 17 not
2686 5492 20 21 in
2716 5499 12 13 a
2738 5491 86 28 pisitioa
2835 5492 21 18 to
2867 5489 99 28 purchase
2976 5496 38 14 one
3023 5489 21 21 of
3055 5489 56 21 these
3121 5488 52 22 ideal
3183 5487 68 22 steeds
3260 5494 37 14 can
3307 5487 71 21 obtain
3388 5487 53 22 from
3454 5495 32 15 rae

2531 5523 74 29 Nf:w.
2622 5531 55 19 and
2702 5522 198 28 Sejond-hand
2929 5518 130 29 Bicycles
3082 5517 29 29 of
3133 5526 84 26 every
3238 5515 179 39 description.

2629 5597 354 60 CHARLES
3023 5596 294 67 STOKES,

2570 5676 216 34 MERCHANT
2817 5674 152 37 TAILOR,
2994 5674 71 30 Ross
3097 5673 99 37 Place,
3220 5673 163 32 Lawrkncb.

2819 5728 95 38 Agent
2939 5726 44 29 for
3008 5726 141 38 Tuapeka.
3186 5726 3 40 '

2467 5771 162 27 OfcUlosaeefo
2641 5767 141 30 Application.
3063 5766 66 22 Vfcen
3140 5766 101 27 Ordering
3254 5766 93 24 Mention
3363 5768 41 22 bfei
3408 5766 3 32 l
3417 5767 73 29 Paje.

3582 183 341 35 Commercial
3969 179 166 39 hotel,

3772 235 169 24 ROXBURGH.

3646 332 37 29 H;
3705 332 36 29 H.
3763 332 110 34 Heron,
3893 329 168 38 Proprietor.

3610 435 58 30 One
3682 435 29 30 of
3724 435 46 30 the
3784 435 62 30 best
3859 434 101 29 known
3980 432 56 29 and
4055 434 74 26 moat

3571 476 181 29 comfortable
3773 475 153 30 Hostelries
3949 475 28 27 in
3998 474 48 28 the
4067 471 40 39 Up-

3571 521 116 34 country
3703 516 138 30 Districts.

3609 568 80 30 Cobb
3702 568 55 30 and
3772 568 74 29 Co.'s
3860 568 86 38 Royal
3968 565 66 30 Mail
4059 565 68 29 Line

3572 609 28 30 of
3623 608 121 31 Coaches
3758 609 122 39 running
3900 609 126 28 between
4048 606 60 29 Law-

3572 661 81 18 rence
3676 650 56 29 and
3755 649 185 38 Queenstown
3963 649 89 28 arrive
4071 646 55 30 and

3572 692 97 39 depart
3683 691 84 38 daily.

3573 783 117 39 Liquors
3702 783 30 30 of
3744 783 47 29 the
3805 784 63 28 best
3876 782 103 29 brands
3987 782 65 38 only
4062 781 70 38 kepfr

3786 823 28 28 in
3828 823 88 29 stock.

3573 927 124 34 Buggies
3709 928 56 28 and
3780 927 101 29 Saddle
3891 928 103 28 Horses
4003 936 35 19 on
4048 925 85 29 Hire/

3617 955 37 11 oo

3573 1002 281 54 gAILWAY
3932 1001 197 36 HOTEL,

3666 1070 66 22 ROSS
3752 1070 97 27 PLACE,
3871 1069 169 22 LAWRENCE.

3572 1137 111 36 John
3705 1135 121 46 a.Ta/,
3864 1136 267 45 Proprietor

3649 1194 79 38 (Late
3741 1195 29 29 of
3783 1195 145 28 Havelock
3943 1194 106 38 Hotel.)

3608 1274 19 29 J
3638 1274 32 29 L.
3685 1274 69 39 begs
3775 1277 28 26 to
3817 1274 125 28 intimate
3957 1274 60 28 that
4029 1274 35 28 he
4077 1273 55 29 has'

3572 1314 154 39 purchased
3756 1314 50 28 the
3836 1315 87 27 above
3949 1314 186 28 well-known'

3573 1354 143 38 Hostelry,
3722 1354 55 29 and
3792 1354 94 38 hopes,
3897 1355 36 35 by
3943 1355 79 27 strict
4035 1357 88 25 atten-

3572 1395 59 29 tion
3644 1399 28 25 to
3685 1394 47 30 the
3742 1394 118 31 comfort
3868 1395 29 29 of
3909 1392 154 31 Travellers
4071 1393 60 29 and'

3572 1436 48 29 the
3631 1436 95 39 public
3738 1436 150 38 generally,
3902 1440 28 25 to
3946 1439 73 26 meet
4031 1435 66 29 with

3570 1476 55 29 fair
3636 1476 82 29 share
3728 1476 31 29 of
3770 1480 161 34 patronage.

3608 1517 61 28 The
3690 1516 61 28 Kail
3754 1524 59 30 way
3835 1516 24 29 is
3881 1526 53 18 one
3946 1516 29 28 of
3988 1516 47 28 the
4048 1516 75 28 best-
4134 1526 6 3 *

3570 1556 149 38 appointed
3730 1556 102 29 Hotels
3838 1556 108 28 outside
3954 1555 30 29 of
3996 1555 129 29 Duinedin
4135 1561 5 12 4

3575 1596 93 29 under
3679 1595 88 30 J.L.'s
3781 1599 204 35 management,
3993 1595 50 29 the
4051 1604 90 20 com-'-

3570 1637 56 28 fort
3639 1637 29 28 of
3676 1641 113 33 patrons
3798 1636 53 29 will
3862 1637 35 28 be
3908 1635 79 30 made
3997 1646 16 18 a
4024 1635 101 38 special

3570 1677 115 34 feature,
3697 1676 55 29 and
3766 1686 35 19 no
3814 1676 81 29 effort
3906 1676 54 30 will
3976 1676 34 28 be
4025 1675 99 39 spared

3570 1721 29 26 to
3612 1717 64 39 give
3689 1726 84 29 every
3786 1717 180 32 satisfaction.

3571 1789 58 29 The
3641 1790 63 28 best
3717 1789 102 29 brands
3832 1790 30 28 of
3883 1789 106 36 Wines,
4013 1788 112 39 Spirits,

3607 1830 55 28 and
3677 1830 66 29 Ales
3755 1830 102 38 always
3876 1829 68 39 kept
3956 1829 28 28 in
3998 1828 90 30 stock.

3572 1903 128 39 Simpson
3713 1903 55 28 and
3782 1903 97 28 Hart's
3893 1902 66 29 Ales
3973 1902 101 39 always
4088 1912 41 18 on

3819 1943 69 39 Tap.

3571 2015 157 31 First-class
3740 2015 129 40 Stabling
3882 2013 247 32 Accommodation
4129 2022 5 7 1
4140 2013 1 42 '

3578 2081 279 55 MASONIC
3907 2080 33 39 .1
3989 2080 127 39 TEL

3665 2141 68 22 ROSS
3746 2140 98 26 PLACE,
3859 2137 168 24 LAWRENCE.

3569 2208 34 29 R.
3624 2208 113 28 WEBB
3944 2208 179 28 Propribtor.

3605 2289 59 30 The
3717 2290 122 29 Masonic
3897 2288 101 30 affords
4020 2288 37 30 all
4076 2288 47 29 the

3568 2330 131 29 comforts
3712 2331 29 28 of
3753 2342 17 16 a
3782 2331 89 34 home,
3883 2329 54 29 and
3951 2329 23 29 is
3988 2328 132 39 provided

3568 2370 66 29 with
3648 2370 47 29 the
3716 2380 66 30 very
3802 2370 62 29 best
3878 2368 245 31 Accommodation

3568 2411 44 28 for
3636 2411 161 30 Travellers.
3836 2410 158 30 First-class
4027 2410 95 28 Table.

3568 2451 68 28 Best
3655 2451 97 29 Wines
3774 2452 55 28 and
3850 2451 103 39 Spirits
3973 2450 102 38 always
4095 2450 29 27 iw

3568 2491 89 30 stock.

3689 2559 133 20 CHARGES
3841 2557 160 22 MODERATE.

3603 2612 59 30 The
3686 2613 159 39 Proprietor
3871 2613 100 28 wishes
3997 2615 29 26 to
4050 2612 76 29 draw

3568 2652 109 40 Special
3701 2653 136 29 attention
3862 2657 29 25 to
3920 2653 46 28 the

3568 2693 246 29 Accommodation
3833 2693 144 38 provided,
3992 2693 91 28 which
4100 2693 28 27 it*

3568 2733 154 34 unlimited,
3735 2733 56 29 and
3803 2733 29 28 of
3845 2734 47 27 the
3907 2733 62 28 best
3983 2732 79 30 kind.

3575 2796 44 58 y
3636 2796 233 31 ICTOKIA
3944 2795 185 32 HOTEL.

3657 2863 72 22 PEEL
3740 2863 113 27 STREET,
3867 2863 172 22 LAWRENCE.

3593 2956 172 37 Ronald
3792 2954 318 43 Montgomery;

3762 3012 183 31 Proprietor.

3569 3106 60 30 One
3651 3106 30 29 of
3700 3105 48 29 the
3768 3108 72 26 most
3864 3105 183 29 comfortable
4067 3106 57 28 and

3593 3144 232 32 best-conducted
3838 3144 155 31 Hostelries
4003 3155 35 20 on
4048 3146 48 29 the

3716 3186 92 38 Otago
3821 3185 161 30 Goldfields.

3667 3278 59 23 HOT
3746 3277 63 23 AND
3829 3277 75 22 COLD
3923 3277 99 22 BATHS.

3592 3346 113 29 Samplb
3723 3346 96 29 Rooms
3839 3354 51 20 for
3909 3345 183 31 Travellers.

3686 3404 7 9 4
3896 3401 3 12 '

3565 3427 170 39 Passengers
3741 3426 87 29 called
3838 3426 43 29 for
3889 3426 46 29 the
3944 3427 75 39 early
4027 3427 96 31 Train.

3573 3574 55 59 D
3683 3574 61 59 J^
3777 3572 324 26 ITcaKLL

3627 3717 70 24 THB
3742 3716 159 25 PvJPkJLAR
3939 3715 119 30 HOUSE,

3749 3779 120 26 LaW-RE
3877 3779 38 24 SO
3921 3779 24 24 E.

3581 3863 9 13 s
3605 3861 48 14 uo*v
3671 3852 104 31 opening
3794 3859 30 21 up
3845 3849 38 24 his
3907 3849 61 24 First
3991 3849 129 31 Shipment

3582 3899 24 21 of
3784 3893 167 29 DRAPERY,
3968 3894 136 24 consisting

3581 3942 23 22 of
3613 3942 28 23 ail
3655 3943 23 22 :h
3702 3944 68 20 latest
3784 3937 162 26 noTeiiie*for-
3955 3938 38 24 the
4003 3945 106 23 co.-nuig..

3649 3990 16 14 s-
3674 3988 65 17 aaon.
3758 3979 47 23 and
3820 3985 75 24 prices
3909 3983 23 17 to
3951 3977 101 23 matcbr

3687 4019 91 23 ftiillme
3793 4024 13 21 y
3822 4024 14 16 a
3859 4014 147 31 Speciality,-

3726 4157 111 23 Visits
3872 4156 96 23 Millera
3995 4155 43 25 Fla
4089 4149 45 31 nt'

3570 4197 127 31 ro&burgb
3710 4203 71 23 every
3797 4195 35 24 six
3850 4195 89 24 week*.

3601 4536 129 23 ROVAL
3760 4530 6 19 '
3995 4533 39 22 Hr
4035 4550 5 5 '
4057 4530 104 25 ,AJESTr

3587 4572 157 21 WARRANT
3979 4573 9 16 ?
4065 4563 85 30 Qu-EN

3588 4612 35 24 akd
3631 4610 23 26 BY
3666 4610 61 26 SPICI
3729 4609 24 27 ft
3760 4593 311 43 WAf;!?b:nSiiHl-r,7-'KCr.2;
4083 4604 81 31 -.'ALES.

3755 4710 40 40 /?*
3954 4703 97 47 frfX}

3983 4744 76 37 #*%
4070 4752 88 32 <\c&o

3614 4790 3 15 .
3646 4790 30 13 Vv
3692 4790 2 15 :
3727 4795 17 10 V.
3758 4790 9 10 1
3775 4792 6 9 '

3600 4824 7 7 .
3620 4809 14 22 \
3650 4803 35 29 fr.
3686 4793 1 41 !
3691 4793 95 41 L>t?v

3689 4836 3 27 !
3758 4836 20 27 vi
3779 4836 2 27 :
3783 4836 3 27 .

3603 4859 2 27 .
3623 4866 6 20 j
3632 4859 19 18 trf
3659 4861 12 21 V
3727 4869 6 9 >
3750 4864 6 13 .'

3634 4878 4 13 ,
3654 4878 19 11 ,l
3692 4880 30 11 .'*<
3763 4880 6 11 ;
3781 4878 4 13 -

3617 4889 61 23 Vv~
3704 4891 8 13 I'
3761 4892 13 18 V

3625 4907 6 13 \
3650 4903 8 11 v
3748 4908 8 10 \

3810 5247 16 18 K1
3847 5248 14 24 f
3965 5247 49 21 R*

3869 5266 27 44 i
3901 5270 24 39 t
3965 5257 92 54 ktL

3752 5348 52 38 %%
3841 5346 55 40 m

3629 5670 154 36 TOTtfILL,
3804 5675 140 28 WATSDS
3970 5681 18 22 *
3995 5699 10 13 4
4008 5679 60 31 CU.;

3669 5726 156 36 VskiCtnet;
3834 5730 165 33 Invercargill,
4006 5725 3 38 1

3589 5773 37 26 o'e
3639 5774 89 31 Ageati
3743 5774 41 26 for
3794 5775 47 25 Oca
3842 5785 33 21 go
3888 5778 48 24 tad
3949 5778 157 28 Boathla**
