4240 5910
105 210 91 36 f3urn,
209 218 66 21 near
299 204 89 30 where
413 201 47 30 the
484 202 54 26 two
562 199 93 27 routes

103 260 142 29 converge
258 248 53 28 and
324 247 68 27 ha>ve
406 243 99 36 -things
526 240 29 26 in
581 248 54 18 com-

103 302 65 18 mon
183 301 33 18 on
232 293 28 25 to
274 284 160 39 Roxburgh.

147 331 38 36 (5)
205 330 114 29 Greater
338 333 109 21 sources
472 320 30 30 of
524 320 112 39 develop-

102 383 30 19 on
136 375 45 25 ent
194 371 123 28 between
336 364 157 31 Crookston
512 361 54 29 and
581 362 54 28 Ben-

101 423 52 25 der
172 412 74 27 Burn
268 409 64 28 than
359 406 124 28 between
505 400 148 30 Lawrence

97 453 57 27 And
167 452 47 27 the
228 451 80 26 latter
320 448 85 36 place.

140 491 49 35 (6.)
229 488 104 36 Saving
355 486 28 27 of
397 485 33 27 67
453 483 78 29 miles
551 483 26 27 in
606 482 46 28 the

98 534 80 26 -route
192 529 69 28 from
278 527 45 29 the
336 524 147 40 goldfields
505 527 27 25 to
552 523 80 28 lnver-

98 570 107 37 cargill.

140 611 57 28 The
211 612 76 25 route
300 607 45 28 via
358 607 147 27 Lawrence
517 605 49 27 has
580 603 71 28 little

99 662 78 19 ■more
182 655 27 24 to
216 647 172 31 recommend
399 647 21 28 it
429 649 29 26 to
467 646 46 28 the
522 645 129 28 interests

97 694 33 28 .of
151 692 46 27 the
212 688 145 39 goldfields
371 687 121 28 districts
514 686 65 27 than
604 685 46 26 the

103 732 97 37 saving
213 730 29 29 of
254 731 33 27 28
302 728 76 29 miles
392 731 29 26 to
437 726 136 35 Dunedin,
596 724 53 29 and

97 785 39 17 .an
148 774 70 27 hour
230 782 31 18 or
274 781 28 18 so
311 771 27 27 in
352 770 47 28 the
412 769 67 28 time
491 768 70 28 from
575 767 56 28 Rox-

100 813 92 37 burgh
214 815 29 24 to
263 811 46 26 the
333 809 99 38 capital
453 820 28 16 as
505 806 144 35 compared

98 853 69 29 with
192 852 47 29 the
265 851 97 37 longer
387 853 77 25 route
486 847 45 30 via
553 846 98 29 Heriot

100 900 29 23 to
143 893 137 35 Dunedin,
295 891 86 29 which
392 901 30 18 as
432 889 114 39 regards
555 898 96 19 curves

98 934 148 40 .especially
260 933 88 29 would
362 933 69 28 have
442 932 47 27 the
497 930 155 38 advantage

96 974 193 38 .considerably
303 984 66 20 over
380 973 46 29 the
440 973 78 29 other
531 971 63 29 line.

140 1017 80 29 From
235 1016 46 28 the
294 1016 78 37 point
394 1015 29 27 of
433 1013 124 39 junction
581 1016 28 24 at
622 1021 31 18 or

97 1058 89 30 «\bout
223 1057 110 34 Benger
360 1056 75 26 Burn
472 1053 52 29 and
553 1064 35 18 on
624 1055 29 26 to

105 1099 166 33 Alexandra,
280 1096 86 30 which
377 1096 23 28 is
409 1106 124 18 common
545 1093 106 40 ground

104 1142 45 28 for
173 1141 46 27 the
245 1138 160 38 competing
426 1140 93 26 routes
532 1136 58 28 into
607 1135 46 28 the

100 1183 158 40 goldfields,
319 1181 48 28 the
428 1181 142 35 prospects
625 1176 30 28 of

102 1225 179 37 devlopment
302 1222 29 28 in
351 1220 107 36 mining
482 1218 52 28 and
573 1217 67 29 fruit-

103 1266 137 39 growing,
255 1263 88 29 which
362 1259 230 32 communication
616 1258 39 37 by

103 1307 53 29 -rail
176 1305 87 29 would
279 1314 106 24 ensure,
399 1312 45 18 are
465 1311 29 18 so
521 1303 133 35 apparent

108 1348 54 29 and
199 1346 102 30 certain
339 1344 61 29 that
437 1342 22 28 it
496 1340 99 29 strikes
639 1350 13 18 a

106 1392 129 32 stranger
256 1385 125 37 forcibly,
394 1387 49 25 not
456 1393 31 18 so
500 1382 80 29 much
591 1382 62 36 why

111 1430 48 28 the
172 1429 187 29 Government
370 1425 70 29 have
450 1427 49 25 not
517 1422 136 29 extended

105 1470 51 29 the
181 1470 109 35 railway
315 1467 68 28 from
399 1475 52 18 one
463 1463 77 37 point
553 1474 30 16 or
608 1462 47 27 the

109 1511 79 27 other
209 1510 58 26 into
281 1507 46 28 the
348 1505 79 28 heart
436 1503 29 29 of
477 1503 47 28 the
535 1503 117 30 district,

108 1559 30 17 as
162 1549 63 36 why
238 1548 46 26 the
308 1545 98 38 people
418 1542 162 33 concerned,
593 1542 59 26 who

106 1590 70 26 have
202 1587 64 29 such
282 1597 14 16 a
322 1584 71 38 good
419 1592 70 23 case,
512 1582 70 26 have
604 1586 47 22 not

106 1627 95 29 before
227 1636 60 17 now
301 1623 91 30 forced
407 1622 46 27 the
467 1620 71 28 hand
553 1620 29 27 of
605 1620 46 27 the

105 1669 93 33 ruling
222 1676 92 29 power
335 1663 53 29 and
402 1660 151 40 compelled
578 1670 73 18 more

101 1709 138 33 attention
253 1711 28 24 to
294 1706 48 27 the
352 1703 64 29 vital
431 1702 67 28 need
511 1702 29 27 of
561 1702 91 27 better

105 1747 227 32 communication
367 1743 66 29 with
468 1742 46 28 the
561 1741 22 27 la
588 1751 63 20 refer

106 1790 82 29 world
216 1787 105 30 outside
347 1785 64 28 than
427 1794 15 17 a
454 1782 66 29 road
552 1782 98 33 which,

106 1831 44 29 for
171 1829 59 30 half
254 1829 46 28 the
325 1837 65 29 year
414 1825 23 28 is
449 1823 77 28 ancle
540 1822 68 39 deep
621 1823 27 27 in

108 1872 73 34 dust,
206 1870 52 29 and
286 1870 25 27 in
339 1868 46 29 the
399 1866 78 29 other
501 1864 59 29 half
573 1875 35 27 up
623 1868 27 24 to

108 1913 44 29 the
166 1912 85 28 knees
264 1911 25 27 in
306 1908 73 29 mud.

145 1953 102 31 Seeing
283 1951 46 27 the
357 1947 190 39 hopelessness
585 1946 64 27 with

108 1993 87 29 which
209 2002 75 18 some
297 1990 53 28 and
360 1989 47 28 the
418 1987 155 28 selfishness
588 1987 61 26 with

108 2034 87 28 which
221 2033 92 28 others
338 2029 133 38 regarded
495 2028 46 26 the
568 2028 70 26 intro-

105 2075 113 29 duction
240 2074 28 28 of
289 2072 110 36 railway
424 2068 226 30 communication

108 2116 59 28 into
190 2114 51 28 and
270 2113 82 36 along
376 2111 47 27 the
438 2110 97 28 Clutha
546 2109 17 27 \
573 2109 79 34 alley,

106 2156 23 28 it
140 2154 128 31 occurred
281 2158 28 24 to
319 2163 43 19 me
376 2161 28 19 as
414 2161 15 18 a
440 2156 100 22 matter
547 2149 29 28 of
583 2149 68 36 duty

106 2196 105 37 arising
251 2199 48 24 out
342 2192 28 30 of
413 2202 45 27 my
496 2195 155 33 temporary

104 2238 142 27 residence
268 2236 26 28 in
315 2235 46 28 the
383 2232 117 33 district,
518 2231 53 28 and
606 2241 44 26 my

101 2276 173 39 lengthened
306 2273 159 40 experience
488 2271 27 29 in
541 2271 110 38 railway

106 2318 115 35 making
233 2317 54 28 and
301 2314 181 34 maintaining
494 2313 27 27 in
536 2313 113 27 Eastern

101 2357 151 34 countries,
274 2356 60 28 that
359 2354 14 28 I
411 2352 96 28 should
530 2356 49 34 put
606 2361 44 26 my

106 2398 82 29 views
211 2396 94 30 before
331 2394 45 31 the
401 2392 93 40 public
515 2393 45 30 for
580 2392 72 29 what

106 2439 67 37 they
186 2449 46 17 are
241 2438 97 33 worth,
351 2437 27 27 in
392 2436 47 28 the
460 2435 70 37 hope
543 2434 61 28 that
616 2433 34 27 all

107 2479 62 28 who
194 2488 45 18 are
263 2476 150 29 interested
439 2475 37 34 in,
501 2475 54 27 and
582 2474 69 27 have

108 2519 47 35 tjie
180 2519 59 29 well
266 2519 85 35 being
376 2517 29 28 of
429 2516 47 28 the
503 2515 108 29 district
624 2518 27 24 at

105 2560 87 34 heart,
216 2560 91 36 might
332 2559 34 28 be
388 2556 117 29 induced
521 2560 36 24 -to
588 2556 62 28 sink

104 2599 197 40 preconceived
327 2598 75 29 ideas
427 2597 54 28 and
507 2598 75 28 unite
609 2597 44 28 for

107 2652 15 18 a
147 2641 72 29 fresh
243 2639 200 30 consideration
457 2638 30 29 of
500 2638 54 29 this
580 2641 71 26 most

106 2683 151 37 important
279 2683 52 28 and
346 2680 204 38 indispensable
563 2679 88 28 factor

105 2723 28 28 in
167 2726 47 29 the
245 2723 93 29 future
374 2721 30 29 of
424 2720 48 29 the
505 2719 145 39 goldfields

104 2765 203 36 remembering
319 2765 61 28 that
392 2772 16 17 a
417 2761 111 34 railway
545 2771 61 18 now
620 2771 31 18 or

101 2808 30 28 in
167 2808 48 28 the
252 2817 66 18 near
348 2806 102 33 future,
484 2804 79 29 when
595 2806 55 26 two

101 2848 134 38 principal
272 2846 148 30 industries
451 2855 46 18 are
525 2843 125 38 hanging

100 2890 29 28 in
152 2890 47 28 the
220 2888 123 35 balance,
366 2887 23 28 is
414 2885 29 30 of
468 2885 42 29 far
543 2888 110 35 greater

101 2930 171 38 importance
284 2928 68 28 than
361 2938 15 17 a
390 2928 56 27 line
455 2936 51 18 can
517 2926 35 28 be
564 2926 28 30 in
604 2925 47 28 the

103 2970 104 28 distant
232 2970 93 27 fnture
340 2967 88 34 .when
453 2966 80 28 those
556 2965 80 28 indus-

103 3010 66 30 tries
193 3010 70 29 have
287 3019 72 29 gone
384 3006 72 31 back
479 3006 54 29 and
574 3005 79 30 other

103 3052 97 36 things
232 3050 83 37 along
351 3048 65 28 with
454 3048 94 27 them.'
576 3046 30 28 It
628 3046 24 27 is

105 3090 59 29 well
178 3093 29 25 to
220 3088 154 30 remember
383 3088 61 28 that
456 3087 22 29 it
489 3087 24 27 is
527 3086 85 28 easier
623 3088 29 25 to

101 3142 132 19 conserve
246 3131 65 29 than
321 3133 29 26 to
362 3133 112 25 restore.

142 3173 15 28 I
188 3169 181 36 understand.
383 3170 59 28 that
467 3179 17 19 a
507 3169 97 36 league
623 3177 31 19 or

105 3213 160 28 association
280 3215 28 25 to
320 3215 124 33 promote
453 3210 47 28 the
511 3208 140 29 extension

105 3254 30 28 of
153 3253 47 29 the
219 3252 110 37 railway
352 3250 59 30 into
435 3249 47 32 the
508 3247 144 41 goldfields

103 3306 56 19 was
173 3301 29 21 at
214 3304 51 17 one
286 3293 66 28 time
364 3292 27 32 in
405 3290 136 30 existence
555 3290 26 28 in
604 3290 49 28 the

100 3335 123 32 .district,
237 3334 53 27 and
305 3337 28 23 to
344 3342 51 18 one
409 3332 59 28 who
482 3332 49 28 has
543 3330 54 29 had
617 3341 34 16 no

104 3376 71 29 little
189 3374 161 38 experience
363 3373 29 30 of
405 3373 47 27 the
465 3372 68 28 need
548 3372 28 28 of
587 3381 48 18 con-

104 3416 86 29 tinual
204 3415 133 35 agitation
352 3418 28 24 to
394 3414 74 27 force
494 3424 15 16 a
533 3422 100 25 govern-

99 3460 82 25 -ment
202 3455 58 28 into
272 3454 130 36 seriously
416 3452 174 39 considering
602 3461 31 19 ex-

103 3497 122 28 tensions
239 3494 151 39 promising
400 3504 65 17 even
481 3493 89 28 better
583 3492 64 28 than

103 3537 47 29 the
164 3547 51 18 one
228 3546 26 17 m
282 3534 134 40 question,
443 3534 21 27 it
488 3534 126 27 becomes
632 3543 16 17 a

103 3581 99 25 matter
211 3577 30 27 of
251 3575 110 28 wonder
369 3575 61 28 how
438 3575 65 28 such
515 3585 14 16 a
541 3574 105 35 league,

102 3619 64 26 with
194 3617 46 28 the
265 3616 104 36 objects
395 3615 28 27 of
446 3615 35 27 its
511 3614 137 27 existence

101 3657 97 30 hardlv
237 3654 179 39 approached,
458 3653 77 30 could
578 3653 70 28 have

102 3697 122 38 dropped
249 3695 98 29 almost
372 3699 48 24 out
449 3695 28 28 of
500 3694 73 31 sight
594 3692 54 30 and

101 3739 84 34 mind,
199 3737 52 28 and
267 3736 59 29 that
339 3735 76 30 there
436 3734 97 31 should
555 3735 45 33 be,
620 3735 27 28 in

100 3780 47 27 the
160 3780 58 27 face
231 3778 29 27 of
273 3777 46 28 the
339 3778 158 35 stagnation
519 3776 87 28 which
627 3775 22 27 is

99 3819 147 33 becoming
278 3817 63 36 only
374 3821 46 23 too
450 3819 135 33 apparent
621 3815 27 26 in

98 3859 55 29 this
190 3856 145 40 township,
373 3866 36 19 no
447 3855 76 29 word
554 3855 30 28 of
615 3854 36 28 its

98 3899 198 29 resuscitation.
333 3898 70 28 This
429 3898 99 36 league
552 3895 97 28 should

99 3944 48 24 not.
175 3940 34 28 be
238 3937 105 30 limited
373 3941 28 24 to
428 3936 158 38 Roxburgh
621 3945 31 17 or

98 3981 36 28 its
174 3977 239 39 neighbourhood,
458 3977 52 28 but
554 3975 96 29 should

97 4021 127 28 embrace
252 4019 46 28 the
323 4019 88 26 whole
437 4017 110 28 district
567 4019 29 25 to
616 4017 35 27 be

97 4061 206 29 served—from
327 4059 100 28 Heriot
446 4061 29 26 to
494 4056 157 31 Alexandra

98 4102 53 28 and
167 4111 66 18 even
244 4104 28 25 to
286 4100 46 29 the
346 4099 91 29 Lakes
438 4098 91 29 —and
543 4097 108 30 besides

98 4141 182 35 formulating
315 4139 86 29 traffic
433 4139 132 28 statistics
597 4139 53 27 and

99 4181 128 38 pressing
252 4179 71 29 their
349 4190 61 17 case
432 4178 45 29 for
507 4189 15 17 a
548 4178 101 29 careful

100 4221 118 29 detailed
233 4231 100 27 survey
343 4220 53 28 and
408 4219 163 30 economical
585 4219 52 30 esti-

98 4267 88 23 mates
199 4263 29 27 of
240 4266 59 24 cost
308 4261 29 28 of
347 4261 196 34 construction,
552 4261 96 28 should

98 4303 35 28 be
145 4303 26 27 in
187 4306 128 24 constant
328 4301 230 28 communication
582 4302 66 28 with

97 4343 48 27 the
156 4343 123 27 member
291 4342 43 27 for
347 4342 47 27 the
407 4341 108 28 district
529 4341 25 28 in
569 4342 80 27 order

96 4382 61 29 that
169 4382 35 28 he
217 4381 90 39 might
320 4381 52 29 feel
385 4381 49 29 the
449 4381 102 36 weight
565 4381 29 29 of
606 4382 42 29 his

97 4423 183 29 constituents
306 4426 29 24 at
348 4423 42 27 his
404 4422 71 29 back
489 4422 78 28 when
582 4434 50 27 urg-

95 4464 49 39 ing
168 4463 72 28 their
253 4473 62 19 case
329 4463 38 34 (in
381 4473 94 18 season
490 4463 53 28 and
558 4468 48 24 out
619 4464 29 28 of

94 4506 107 32 season)
230 4515 35 17 on
301 4504 47 28 the
379 4504 135 28 attention
541 4504 29 28 of
601 4504 46 28 the

95 4543 196 29 Government.

133 4584 33 29 In
180 4584 167 39 concluding
360 4595 45 27 my
414 4584 133 34 remarks,
558 4584 88 30 which

94 4625 69 28 have
195 4625 158 38 trespassed
385 4625 110 35 already
529 4625 44 27 far
601 4628 45 25 too

93 4664 81 29 much
190 4676 35 16 on
239 4676 68 26 your
321 4673 90 30 space,
437 4664 14 28 I
478 4664 89 30 would
582 4664 64 35 only

96 4706 116 28 observe
224 4705 109 29 further
346 4705 60 28 that
419 4704 22 28 if
453 4705 47 28 the
510 4704 137 39 proposed

94 4746 145 28 extension
258 4746 24 27 is
300 4748 48 25 not
371 4744 128 37 working
512 4745 118 37 through-

96 4788 49 26 out
158 4786 37 37 by
208 4785 47 28 the
268 4795 65 28 year
347 4785 81 32 1900,
441 4785 22 27 it
476 4784 64 34 will,
554 4785 15 28 I
581 4794 51 19 ven-

96 4830 61 24 ture
171 4830 29 24 to
214 4837 58 26 say,
291 4826 36 28 be
346 4825 48 28 the
416 4825 70 28 fault
510 4825 30 28 of
564 4825 70 28 faint-

96 4865 178 28 heartedness
297 4865 53 27 and
365 4867 74 25 want
453 4865 30 27 of
495 4865 154 37 unanimity

97 4909 130 34 amongst
235 4905 79 29 those
327 4904 153 30 concerned
494 4915 75 18 more
581 4905 67 28 than

98 4957 53 24 any
164 4946 99 37 falling
272 4946 39 28 off
316 4945 71 29 from
399 4945 47 28 the
456 4945 193 33 anticipations

98 4986 14 28 I
132 4987 70 29 have
223 4986 105 29 formed
354 4986 30 28 of
410 4986 47 28 the
482 4985 88 30 traffic
595 4986 54 28 and

97 5027 156 38 prosperity
266 5027 29 28 of
307 5030 47 25 the
366 5027 64 28 line.

135 5066 165 36 Roxburgh,
312 5066 66 30 10th
391 5066 75 36 May,
482 5066 80 29 1896.

1641 88 202 43 MOUHT
1932 95 221 46 SEHGEB
2247 96 153 42 MAIL.

3519 101 164 49 Friday,
3707 105 102 48 May
3833 106 195 43 14,1897.

3568 5616 82 19 Printed
3664 5616 40 20 And
3721 5616 110 21 Published
3852 5621 25 22 by
3898 5618 104 21 William
4015 5619 108 22 Pah>SELL

3622 5649 127 21 Matthews
3758 5650 32 20 for
3800 5649 36 22 the
3845 5651 132 27 proprietors,
3988 5652 81 22 Dukms
4078 5659 54 23 jjuj;

3622 5685 134 27 Matthews,
3778 5688 22 19 at
3821 5686 55 22 their
3893 5688 119 24 .Registered
4030 5688 99 27 Printing

3624 5721 70 22 Offcp.
3714 5721 178 28 Scotland-street,
3911 5722 118 26 Poilurgh,

3680 5756 198 29 Zealand—Friday,
3896 5758 48 27 May
3958 5757 95 30 14,1897,.

100 5146 241 41 pHRISTMAS
369 5146 24 29 &
422 5146 91 28 NEW
544 5145 106 29 YEAR

265 5186 226 30 NOVELTIES.

137 5227 136 39 (Suitable
289 5228 44 29 for
349 5228 104 37 Young
466 5227 54 29 and
534 5226 77 39 Old).

208 5309 27 29 A
249 5309 134 37 complete
396 5308 107 37 display
515 5308 30 28 of

99 5349 129 29 FANCY
259 5348 134 36 GOODS,
429 5347 219 31 CHRISTMAS

148 5389 135 34 CARDS,
323 5389 106 34 TOYS,
468 5388 136 36 BOOKS,

220 5428 234 35 MAGAZINES,
475 5428 50 30 &c.

97 5507 147 24 BARGAINS
263 5506 40 21 ON
319 5507 57 20 THE
395 5506 137 21 SHILLING
550 5506 98 21 TABLE.

219 5573 162 29 Inspection
400 5573 123 29 Invited.

149 5660 57 57 F.
253 5654 346 61 JEFFERY.

95 5736 192 25 BOOKSELLER,
301 5734 131 26 CHEMIST,
447 5734 81 21 NEWS
545 5734 96 22 AGENT

93 5753 27 21 T
244 5768 6 19 i
261 5761 167 27 STATIONER,
442 5762 37 22 kc.

160 5798 142 33 TEYIOT
331 5797 251 33 DISPENSARY.

923 211 81 31 BUY

684 271 177 54 j\fILLS,
883 270 131 44 DIOK,
1041 270 36 36 &
1105 268 129 38 CO.'S

925 329 68 28 1897

700 381 190 33 ALMANAC
912 390 52 19 and
988 378 229 31 DIRECTORY.

863 427 85 35 Price,
964 428 30 27 Is
1009 426 45 28 6d.

681 510 90 36 Every
798 507 123 34 Farmer,
949 506 105 34 Miner,

926 553 54 29 and
1007 553 134 28 Business
1168 551 66 28 Man

754 607 105 30 Should
887 607 120 28 Procure
1030 618 16 16 a,
1073 606 85 38 Copy.

708 687 58 28 Can
792 686 35 27 be
853 686 54 28 had
933 686 71 28 from
1032 686 47 27 the
1104 684 85 28 under-

858 726 159 30 mentioned
1019 743 35 4 —

717 789 117 27 Mackay
849 788 94 33 Bros.,
958 787 155 38 Roxburgh

716 828 27 28 J.
757 826 129 35 Noonan,
901 827 109 28 Ettrick

716 869 93 29 Johns
822 877 56 20 and
893 868 101 30 M'Com
999 878 40 26 be,
1054 867 104 29 Millers
1173 866 61 29 Flat

717 911 28 27 J.
760 910 32 28 11.
809 909 92 35 Kemp,
916 909 68 28 Bald
999 910 57 27 llill
1072 908 61 28 Flat

719 950 31 30 L.
766 952 88 33 Ryan,
868 950 72 36 Jnr.,
956 949 158 31 Alexandra
1128 948 88 30 South

719 992 31 28 B.
766 992 122 34 Naylor,
904 991 88 38 Clyde

682 1079 41 54 JT
808 1078 45 35 A.
931 1077 303 42 MILLER,

682 1154 134 26 BUILDER,
830 1154 105 20 JOINER
951 1153 60 20 AND
1032 1151 202 25 UNDERTAKER,

776 1204 71 29 Ross
868 1204 98 34 Place,
986 1204 164 28 Lawrence.

684 1305 123 29 PLANS
821 1304 80 29 AND
915 1301 317 32 SPECIFICATIONS

823 1359 26 28 A
870 1356 222 30 SPECIALLY.

683 1451 152 36 Quantities
848 1449 138 38 Prepared
1009 1450 54 27 and
1086 1449 148 30 Estimates

708 1491 86 28 Given
809 1491 42 27 for
864 1489 34 28 all
912 1490 100 27 classes
1026 1489 28 28 of
1068 1488 136 29 Builders'

913 1529 98 27 Work.

682 1611 68 54 M.
838 1613 33 38 J.
960 1613 33 35 B
1039 1611 33 37 L
1119 1611 111 44 OY,

705 1679 198 22 WHITEHAVEN
917 1679 110 26 STREET,
1042 1679 167 21 LAWRENCE.

682 1768 125 27 liOAß'>
832 1766 81 29 AND
942 1766 219 28 RESIDKNCK
1185 1768 45 26 AT

722 1820 49 28 RE
783 1826 10 21 \
801 1818 73 30 SON
879 1819 98 29 ABLE
998 1818 187 29 CHAuGKS.

788 1909 94 28 Mkai.s
903 1919 31 18 at
953 1917 49 19 am.
1025 1912 102 24 Hours.

698 2002 57 28 The
769 2002 61 27 be,-t
846 2001 242 29 Accommodation
1112 2001 42 28 fur
1168 2000 46 27 the

818 2041 158 39 Travelling
991 2041 105 29 Public.

680 2130 102 29 GOOD
797 2128 201 30 STABLING.
1039 2127 96 30 OATS
1152 2126 82 30 AND

791 2170 127 29 CHAFF
939 2168 51 29 ON
1014 2168 106 29 SALE.

684 2246 52 57 ££
752 2247 61 27 Eli
828 2244 131 29 BERT
1007 2245 26 27 A
1044 2244 26 28 N
1078 2243 4 60 :
1083 2244 24 28 D
1157 2243 75 35 CO.,

870 2312 166 21 LAWRENCE.

835 2403 150 29 Importers
1005 2411 68 19 ok—

679 2457 200 38 Ironmongery

764 2503 189 40 Agricultural
978 2502 179 40 Implements

938 2551 189 36 Agricultural
1147 2551 85 27 f-eods

851 2607 214 30 GROCERIES

696 2666 96 30 TEAS
906 2667 96 28 TEAS
1116 2666 97 29 TEAS

680 2713 126 38 (Ceylon)
898 2713 121 38 (Indian)
1109 2712 120 38 (China.)

676 2802 94 50 W.
841 2802 60 64 J.
963 2801 268 59 Martin,

679 2881 285 30 WATCHMAKER
983 2881 23 29 &
1021 2881 210 30 JEWELLER

769 2934 71 28 Ross
860 2934 96 35 Place,
977 2934 162 29 Lawrence.

681 3026 141 37 Watches,
842 3027 99 29 Clocks
962 3027 54 29 and
1037 3027 145 37 Jewellery
1203 3027 28 29 of

725 3067 35 27 all
774 3067 181 37 descriptions
968 3066 68 38 kept
1049 3066 27 28 in
1092 3066 95 29 Stock.

698 3116 69 31 Nice
782 3116 135 31 Selection
932 3117 28 30 of
979 3118 77 36 Gem,
1071 3117 141 39 Wedding
1212 3116 2 40 1

810 3164 54 23 and
879 3159 109 39 Keeper
1002 3159 97 39 Rings.

682 3239 16 20 A
713 3238 104 21 CHOICE
838 3238 181 22 ASSORTMENT
1040 3239 36 20 OF
1096 3238 137 21 ARTICLES

701 3271 137 22 SUITABLE
848 3273 55 20 FOR
914 3272 44 22 WE
962 3272 252 25 DLLNG.PRESENTS.

735 3341 154 38 Spectacles
903 3346 28 24 to
946 3341 61 28 Suit
1020 3342 35 27 all
1071 3341 105 39 Sights.

697 3422 103 28 Watch
832 3431 55 19 and
920 3422 89 29 Clock
1046 3422 41 28 Re
1092 3432 39 21 pa*
1137 3432 27 18 us
1197 3432 15 18 a

878 3466 166 29 Specialty.,
1075 3462 8 7 j
1149 3462 2 34 ,

1045 3521 5 13 t

676 3555 115 38 Repairs
803 3566 32 16 or
847 3555 101 28 Orders
967 3556 74 30 from'
1052 3555 51 29 the'
1113 3560 117 34 country

726 3595 36 37 by
784 3598 63 35 post
869 3596 53 27 will
946 3596 105 28 receive
1073 3603 113 32 prompt

878 3636 146 28 attention.

681 3713 138 53 A/JANY
841 3713 98 30 Ladies
961 3715 136 39 complain
1111 3716 61 28 that
1186 3716 47 28 the

777 3755 55 28 Tea
845 3756 64 37 they
923 3756 70 28 have
1004 3757 68 27 been
1088 3756 82 39 using
1183 3757 49 27 has

679 3795 108 28 neither
797 3796 126 37 strength
936 3805 49 19 nor
994 3796 113 28 flavour.
1130 3796 26 28 If
1167 3796 65 37 they

680 3838 43 33 try
739 3833 86 30 Kozie
838 3834 56 29 Tea
906 3835 64 38 they
984 3835 54 28 will
1054 3836 32 27 be
1101 3836 131 28 satisfied.

679 3874 91 29 Johns
788 3875 23 28 &
831 3874 147 37 MiComjje,
994 3878 117 37 Agents,
1128 3876 105 30 Millers

680 3915 71 28 Flat.

740 4028 81 22 MESS
835 4029 26 22 <8
893 4028 82 25 KIDD
1007 4030 68 22 AND
1101 4032 65 25 »;<>.,

781 4086 106 31 Surgical
906 4089 46 21 and
974 4090 10 13 x
986 4087 137 25 lech?.nioal

900 4120 107 24 Dentists

871 4164 42 29 (Bj
944 4164 90 28 exam,)

685 4334 94 68 MK
808 4334 138 29 COO.VWiS,
974 4336 53 22 who
1051 4334 43 24 has
1118 4336 45 22 had
1191 4341 38 19 ten

786 4381 66 21 yean
1028 4374 54 23 with
1103 4373 36 24 Mr
1165 4376 21 21 S.

678 4407 78 30 Myers
783 4414 53 23 may
865 4409 27 21 he
920 4408 127 23 consulted
1077 4413 20 17 at
1130 4407 99 26 Herons

676 4439 157 25 tomTieroial
845 4439 82 27 Hotel,
936 4440 137 29 Koxburth,
1085 4441 65 29 Apri'
1162 4442 66 28 23rd,

675 4475 47 22 and
739 4473 24 24 in
778 4472 76 24 future
867 4480 69 23 every
949 4475 77 21 fourth
1038 4473 93 31 Friday.

709 4524 30 17 As
763 4527 32 13 we
824 4518 80 23 intend
930 4518 94 29 visiting
1058 4520 46 21 this
1137 4520 91 25 district

676 4551 107 30 monthly
796 4551 16 24 it
825 4551 43 23 will
887 4559 56 16 save
962 4551 101 31 patients
1075 4552 40 25 the
1127 4561 101 22 expense

676 4586 24 23 of
714 4593 72 23 going
799 4592 23 15 to
842 4585 4 31 t
855 4593 58 18 own,
942 4585 46 23 and
1005 4593 26 16 as
1049 4593 33 17 we
1101 4593 113 23 guaranty

676 4619 29 22 nil
718 4620 63 21 work
800 4618 101 29 patients
915 4625 51 22 may
988 4619 47 28 rely
1058 4626 31 16 on
1106 4620 90 29 getting

676 4649 126 24 first-class
816 4649 88 24 article.

706 4695 74 25 Teeth
805 4695 120 23 extracted
957 4695 47 23 and
1035 4697 109 28 replaced
1174 4699 52 21 witb

678 4732 134 25 temporary
824 4727 109 24 artificial
945 4736 57 14 ones
1017 4729 83 23 within
1111 4732 30 20 -48
1156 4730 72 23 hours

709 4775 106 24 Painless
827 4776 141 22 extarction*
983 4776 56 23 with
1050 4776 97 24 Nitrous
1156 4779 74 23 Oxide

678 4807 48 25 Gas
742 4808 118 24 Cocoaina
876 4807 72 25 Ether
965 4816 25 16 or
1005 4809 161 26 Chloroform.

693 4852 116 30 Stopping
817 4852 56 23 with
884 4852 62 23 Gold
957 4853 123 29 Amalgam
1094 4862 26 15 or
1129 4855 99 24 Cement

708 4896 81 31 Single
801 4896 77 25 Tooth
894 4898 45 22 10a.
958 4899 52 23 Set*
1023 4898 95 33 eouit'ly
1134 4902 78 23 moder-

678 4936 56 17 ate..
781 4932 186 27 Arrangements
985 4931 45 24 will
1045 4932 28 23 be
1090 4934 68 23 made
1176 4936 54 21 with

678 4962 66 24 those
764 4961 53 25 who
834 4968 88 18 cannot
949 4971 45 23 pay
1020 4964 42 24 full
1086 4972 98 19 amount
1207 4972 23 20 at

678 5002 65 17 once.
788 4995 73 24 Teeth
884 4997 69 23 made
979 4997 30 30 by
1037 4997 68 26 other
1129 5001 101 24 dentists

679 5029 98 29 proving
789 5029 184 29 unsatisfactory
981 5037 53 22 may
1044 5030 30 25 be
1083 5033 147 30 remodeljed

678 5065 23 18 at
713 5060 68 23 small
791 5063 61 21 coat.

728 5109 206 26 Extractions—2s
949 5111 39 27 6i.
1021 5112 106 26 G*s—7s
1143 5115 42 23 6J»

694 5287 111 25 FANCY
831 5288 111 25 GOODS
959 5290 71 24 AND
1049 5292 165 29 DRAPERY.

683 5396 105 54 FJ.
824 5396 136 25 YVATKRB
986 5398 89 26 desires
1102 5405 23 20 to
1151 5403 72 28 no;ify

725 5446 6 6 .
763 5430 53 24 that
831 5429 42 25 she
885 5429 52 31 keep
950 5429 39 31 3in
1000 5434 64 22 (tock
1082 5433 85 26 Ladies
1179 5442 44 18 and

677 5462 114 25 Children
802 5470 10 16 s
830 5461 196 35 Underclothing,
1042 5467 47 23 and
1101 5469 30 21 all
1152 5468 72 26 kinds

678 5497 23 23 ef
716 5496 115 30 Drapery.

708 5539 79 32 Fancy
801 5539 81 25 Good<
894 5549 13 16 a
922 5541 136 32 Specialty.

713 5583 134 26 Christina®
856 5585 47 25 and
916 5584 55 25 New
984 5584 63 27 Year
1058 5593 136 25 present!—

800 5637 12 13 a
830 5635 64 22 great
908 5630 87 27 variety
1006 5636 24 17 to
1042 5633 71 30 hand.

800 5661 134 25 Infection
945 5662 93 25 Invited

703 5692 113 31 ?*in-ing
829 5695 44 22 and
886 5701 34 17 art
948 5696 150 25 needlework
1111 5699 85 26 tai'ght

769 5730 111 21 hummer
894 5727 80 24 Goods
991 5736 51 15 now
1057 5737 29 16 pn
1104 5731 61 24 haud

680 5781 266 26 Addreea—Ormond'a
956 5783 115 34 Building
1081 5786 143 32 Roxburgh.

1296 782 488 84 AUTUMN

1797 1342 80 31 AND

1913 1837 475 86 WINTER

1619 2355 425 86 GOODS'

1482 2794 12 21 »

1718 4381 73 99 §

1711 4623 37 15 Vrfr

1575 5167 497 57 DUNEDIN.

2483 1501 65 32 MjfS.

2589 1576 34 26 all
2648 1576 45 26 the
2720 1575 111 34 leading
2861 1574 110 33 English

2404 1614 2 33 !
2497 1614 53 28 nnd
2564 1614 118 28 German
2699 1614 97 28 Makes
2810 1614 29 28 of
2857 1614 95 27 Eianos
2966 1624 5 16 :

2404 1675 3 31 j
2474 1678 172 26 RHINSMSAD,
2665 1678 139 24 COLLMtD,
2825 1677 98 23 SAMES,

2615 1705 167 24 EAVESTOFF,

2405 1734 1 35 I
2420 1744 51 21 SCH
2476 1744 148 25 WECHTEN,
2636 1745 69 24 LIIT,
2716 1744 73 20 OOR.S
2799 1744 15 20 &
2825 1743 148 22 KALI,MAX.

2547 1781 166 26 GERHARD!',
2730 1783 124 20 HANSEN'.

2406 1865 2 48 !
2459 1865 119 38 Ghas.
2604 1866 108 47 Begg
2737 1866 82 37 and
2843 1865 99 38 Co.'s

2422 1936 228 28 EXHIBITION
2651 1936 4 38 1
2684 1936 134 28 MODEL
2851 1936 122 38 PIANO,

2624 1988 57 28 £3B
2701 1997 18 19 N
2724 1988 53 28 KTT.

2403 2066 1 37 I
2421 2068 121 30 STORY
2567 2069 24 28 &
2620 2069 162 29 CLARK'S
2811 2068 162 35 ORGANS,

2517 2121 178 28 KIMBALL
2716 2120 162 35 ORGANS,

2403 2173 1 29 i
2419 2173 81 29 From
2510 2175 57 27 £2O
2577 2178 27 24 to
2615 2174 77 28 £50..
2702 2173 89 29 .From
2804 2174 55 28 £'2o
2870 2177 27 24 to
2907 2173 66 28 £SO.

2403 2206 1 27 I

2403 2248 1 48 j
2420 2254 146 30 BESSON
2594 2254 24 30 &
2651 2255 92 29 BOOS
2751 2262 10 20 c
2773 2254 56 30 Y'S
2851 2253 122 30 BRASS

2555 2295 285 29 INSTRUMENTS.

2403 2323 3 25 j

2403 2371 2 34 I
2420 2374 98 31 Violin
2534 2375 67 29 Bow
2618 2375 152 29 Repairing
2784 2385 15 19 a
2815 2375 155 30 Specialty.

2403 2425 1 38 I
2458 2427 101 34 Violin,
2578 2428 61 27 Bow
2655 2428 51 27 and
2725 2427 100 28 Caae...
2868 2425 49 38 31'/
2917 2443 18 3 —

2403 2465 1 35 I
2455 2468 105 28 Accord
2564 2477 75 23 eons,
2654 2467 70 28 from
2797 2493 28 2 ...
2888 2465 45 35 1/0

2904 2485 7 20 1

2486 2549 110 28 CHAS.
2619 2549 100 27 BEGG
2746 2549 77 27 AND
2845 2549 54 28 CO.

2403 2597 1 49 j
2417 2597 80 28 Have
2518 2597 46 28 the
2589 2597 103 39 largest
2716 2597 53 28 and
2791 2601 73 24 most
2877 2597 91 28 varied

2417 2638 78 29 stock
2509 2638 29 28 of
2552 2638 89 29 Music
2652 2638 25 27 in
2690 2638 48 28 the
2748 2639 112 37 Colony.
2901 2637 67 30 New

2514 2679 160 37 Shipments
2690 2678 185 38 Fortnightly.

2601 2729 71 29 New
2693 2730 96 29 Songs.

2403 2770 1 38 I
2455 2770 80 27 Morn
2568 2771 29 28 of
2637 2771 122 28 Sorrows
2761 2771 209 28 —Snowflakes

2403 2810 1 38 |
2419 2810 62 28 Fair
2483 2810 106 29 —Gate
2603 2811 29 27 of
2651 2810 60 28 Life
2713 2810 92 29 —For
2825 2810 47 29 the
2895 2810 60 29 Chil-

2403 2850 2 43 j
2418 2850 91 29 dren's
2524 2850 181 29 Sake—Wilt
2718 2850 76 29 Thou
2810 2851 33 28 be
2860 2851 109 28 Mine—

2403 2886 2 42 I
2420 2891 136 29 Sunshine
2589 2891 192 29 Above—She
2815 2892 100 36 Stoops
2940 2896 28 23 to

2403 2930 1 39 i
2420 2930 209 39 Conquer—No
2651 2931 43 28 for
2716 2942 34 16 an
2772 2931 197 29 Answer—No

2403 2971 1 47 j
2418 2971 90 28 Man's
2523 2971 83 29 Land.

2549 3024 99 27 Violin
2667 3033 55 18 and
2742 3024 96 27 Piano.

2453 3063 130 27 Andante
2606 3067 27 23 et
2657 3063 118 28 Scherzo
2798 3063 171 37 Capriccioso

2403 3095 1 45 I
2418 3102 113 38 (David)
2611 3103 100 29 Bach's
2754 3107 40 25 Ist
2835 3104 134 29 Concerto

2420 3144 108 37 (Alard)
2533 3144 125 28 —Three
2693 3145 94 28 Pieces
2815 3145 155 38 Classiques

2419 3185 283 36 (Ragghianti)—Les
2710 3185 104 28 Echoes
2820 3185 146 35 (Leonard)

2415 3224 174 29 —Mazurka
2627 3224 33 29 de
2707 3224 117 29 Conceit
2871 3224 100 35 (Ovide

2416 3264 103 37 Musin)
2524 3265 174 29 —Romance
2735 3265 125 38 (.Jansen)
2864 3267 106 27 —Sou-

2418 3306 77 28 venir
2509 3306 33 28 de
2557 3307 101 37 Haydn
2677 3307 7 34 (
2712 3307 125 36 eonard).

2461 3389 121 38 Chaa.
2606 3390 109 46 Begg
2742 3389 83 37 and
2850 3389 74 42 Co.,

2436 3448 28 27 21
2510 3448 118 29 Princes
2665 3448 112 35 Street,
2814 3448 138 35 Dunedin,

2416 3498 115 40 Having
2556 3511 15 17 a
2597 3500 75 29 Most
2700 3500 126 29 Efficient
2851 3499 72 31 Staff
2943 3500 28 28 of

2419 3539 159 36 Workmen,
2589 3552 49 17 can
2655 3542 97 37 h'epair
2761 3541 54 27 and
2839 3539 3 40 I
2854 3552 53 17 une
2918 3551 53 27 any

2540 3582 114 28 Musical
2676 3582 172 28 Instrument

2471 3631 49 27 AT
2548 3631 209 29 MODEKATE
2781 3631 132 28 RATES.

2403 3681 93 78 IJO
2516 3707 28 30 II
2566 3707 25 29 N
2666 3707 183 28 TIIOMP
2864 3707 55 29 S0
2934 3707 36 35 N,

2420 3757 2 31 '
2542 3759 166 26 AUCTION
2717 3759 97 29 KER,

2462 3807 79 20 land
2558 3807 59 20 and
2632 3806 119 25 estate
2757 3806 83 25 loan,
2858 3805 58 21 and

2413 3844 174 30 GENERAL
2601 3843 221 29 COMMISSION
2839 3843 129 29 AGENT'

2505 3896 72 27 Ross
2597 3895 98 33 Place,
2716 3895 163 28 Lawrence.

2591 3977 93 35 Agent
2700 3975 42 28 for
2756 3976 46 27 the

2411 4016 127 29 Norwich
2554 4016 91 29 Union
2662 4015 150 28 Insurance
2827 4016 49 29 Co.

2413 4057 138 29 Standard
2564 4056 62 30 Fire
2636 4056 53 28 and
2701 4055 106 30 Marine
2818 4056 150 29 Insurance

2487 4098 47 28 Co.

2413 4139 157 26 Australian
2595 4137 106 27 Mutual
2726 4137 147 27 Provident
2895 4137 72 36 (Life

2488 4179 163 33 Assurance)
2671 4177 109 37 Society

2413 4219 138 29 Standard
2580 4218 117 38 Fidelity
2731 4218 51 29 and
2811 4217 155 30 Guarantee

2486 4259 119 37 Society.

2449 4340 46 28 All
2509 4339 125 29 business
2648 4339 150 28 connected
2823 4339 65 28 with
2907 4339 39 37 Ap-

2413 4380 143 40 plications
2577 4379 43 29 for
2643 4378 195 38 Assignments
2860 4389 30 18 or
2910 4379 37 28 Ex-

2413 4422 106 36 change
2533 4421 28 28 of
2578 4420 188 38 Agricultural
2782 4419 109 36 Leases,
2906 4421 40 36 Ap-

2412 4462 144 38 plications
2566 4461 87 28 under
2663 4459 132 29 Deferred
2807 4460 158 37 Payments,

2413 4502 106 37 Mining
2537 4502 99 27 Leases
2647 4511 30 17 or
2690 4499 109 34 Claims,
2810 4499 155 36 Up-lifting

2411 4541 29 30 of
2463 4541 97 30 Crown
2582 4541 109 35 Grants,
2706 4539 58 36 &c.,
2779 4539 112 39 quickly
2911 4539 52 29 and

2413 4582 114 39 cheaply
2542 4582 165 28 transacted.

2411 4661 90 30 Loans
2511 4661 177 40 Negotiated.
2713 4661 101 36 Money
2824 4659 138 29 Invested.

2412 4752 55 56 Y.
2550 4753 35 40 J.
2665 4751 298 43 WILLIAMS,

2435 4826 202 22 HAIRDRESSER
2655 4826 62 20 AND
2737 4824 200 26 TOBACCONIST,

2608 4864 163 30 Lawrence.

2447 4938 151 30 LADIES'
2630 4936 297 31 HAIRCOMBINGS

2491 4991 111 28 MADE
2622 4990 92 28 INTO
2735 4989 144 30 PLAITS.

2411 5063 100 29 Orders
2521 5063 36 38 by
2566 5065 63 36 post
2638 5061 140 39 promptly
2784 5061 131 29 attended
2926 5065 36 25 to.

2411 5181 206 53 yiCTORIA
2635 5180 145 29 LIVERY
2794 5179 167 28 STABLES

2495 5247 70 22 PEEL
2578 5248 111 25 STREET,
2704 5246 168 22 LAWRENCE.

2407 5313 34 43 T.
2470 5315 121 50 Dwyer
2637 5323 6 32 :
2691 5323 7 32 :
2754 5312 204 51 Proprietor,

2443 5401 59 29 The
2514 5410 68 29 very
2594 5400 62 29 best
2670 5398 129 38 Stabling
2816 5397 142 39 provided,

2408 5442 65 29 with
2486 5453 16 17 a
2516 5440 101 30 Groom
2630 5440 101 38 always
2744 5440 28 28 in
2785 5438 172 29 attendance.
2970 5430 3 52 |

2406 5535 27 28 A
2455 5534 160 29 Handsome
2640 5532 55 29 and
2722 5530 237 39 Well-appointed

2504 5597 155 34 Hearse
2683 5605 52 24 on
2764 5593 102 35 Hire.

2972 5642 1 28 1

2448 5687 158 29 First-class
2638 5685 95 39 Single
2766 5685 54 28 and
2854 5684 108 29 Double
2972 5684 1 40 j

2413 5727 139 39 Buggies;
2572 5727 67 34 also,
2653 5724 109 31 Ladies*
2776 5725 55 29 and
2851 5724 119 31 Gentle-.
2972 5720 1 46 1

2411 5768 87 36 rain's
2509 5767 104 31 Saddle
2627 5766 120 38 Horses,.

2526 1005 118 29 first.
2853 1007 159 29 second.
3222 1009 129 30 third.
3553 1013 165 29 fourth.
3923 1015 120 29 fifth.

2425 1046 73 28 800
2511 1047 34 26 "'S
2578 1047 67 28 with
2684 1047 55 28 tills
2780 1047 40 29 On
2836 1048 54 29 this
2913 1048 92 28 Brand
3026 1048 64 38 only
3131 1049 72 38 Only
3225 1051 46 28 the
3293 1061 66 28 very
3383 1053 61 28 best
3485 1053 132 36 Farmers,
3674 1054 113 37 Miners,
3827 1055 57 29 The
3894 1056 135 28 standard
4038 1056 96 29 Brand'

2425 1087 90 29 Brand
2525 1098 36 17 on
2571 1088 47 29 the
2627 1088 59 29 heel
2695 1099 45 17 are
2780 1089 47 28 the
2859 1099 66 28 very
2963 1090 60 27 best
3064 1089 29 30 of.
3131 1091 28 28 of
3172 1091 139 29 Materials
3323 1103 44 19 are
3377 1093 64 29 used
3482 1094 52 28 find
3549 1094 35 28 all
3599 1095 60 29 who
3673 1099 72 25 want
3758 1101 30 23 to
3831 1098 79 26 Moots
3925 1097 51 28 and
3991 1098 85 28 Shoes
4085 1108 49 18 are

2424 1129 168 38 guaranteed
2600 1133 28 24 to
2636 1129 43 28 Fit
2686 1129 55 28 and
2782 1129 151 29 Workmen
2965 1140 45 17 are
3036 1141 56 17 em-
3131 1131 26 28 in
3196 1132 54 28 t'-is
3291 1133 91 28 Brand
3417 1134 28 28 of
3482 1134 69 38 keep
3573 1136 71 28 their
3657 1136 56 28 feet
3727 1136 59 38 dry,
3825 1138 99 27 known
3944 1138 70 28 from
4039 1140 16 24 A
4063 1138 71 28 nek-

2500 1169 84 29 Wear
2597 1169 69 30 well.
2882 1170 109 37 ployed.
3158 1171 83 29 Boots
3255 1173 54 27 and
3325 1173 95 29 Shoes.
3515 1179 45 34 try
3573 1176 54 28 this
3648 1177 91 27 Brand
3827 1178 61 27 land
3904 1184 27 22 to
3946 1178 45 28 the
4007 1178 76 28 Bluff
4091 1178 43 28 for

3861 1219 114 31 sterling
3987 1218 112 34 quality.

2464 1251 71 28 ALL
2557 1251 117 29 BOOTS
2697 1251 170 29 BEARING
2929 1251 206 28 STANDARD
3198 1253 50 29 OX
3278 1256 14 23 'i
3304 1254 52 28 HK
3377 1254 101 30 HEHL
3512 1256 73 29 ARK
3612 1257 322 30 MANUFACTURE!)
3956 1260 38 26 IN
4018 1260 76 29 THK

2740 1292 147 28 CLLEBR
2893 1292 99 28 ATED
3043 1291 208 31 STANDARD
3305 1294 130 29 BRAND
3457 1296 96 28 BOOT
3575 1296 176 30 FACTORY
3774 1298 46 28 BY

2704 1355 370 66 SAIIfJOOD,
3123 1358 129 55 SON
3293 1359 44 54 &
3379 1359 243 64 EWEV,
3678 1388 188 30 DUNEDIX.

2475 1426 173 19 WIfoLF.SALK
2676 1429 17 13 (>
2698 1427 14 15 V
2719 1426 43 19 T.Y.

3076 1484 377 55 IHOYCIE-.

3693 1486 380 54 BICYCLE.

3319 1585 77 26 THE
3434 1584 144 29 LATEST
3618 1585 80 27 AND
3738 1585 101 28 BE-T.

3024 1664 226 32 INTENDING
3272 1665 165 29 Purchasers
3458 1666 98 27 should
3578 1676 44 17 see
3646 1677 48 17 our
3717 1665 84 28 Stock
3826 1666 93 28 before
3934 1667 128 34 ordering
4076 1678 50 18 new-

3029 1698 7 18 *
3087 1709 110 23 mounts
3210 1706 43 27 tor
3266 1706 46 27 the
3326 1706 110 36 coming
3450 1716 105 18 season.
3597 1705 51 29 We
3662 1716 44 17 are
3723 1705 63 29 Sole
3803 1708 106 36 Agents
3933 1707 26 27 in
3984 1707 66 29 New
4073 1708 55 29 Zea-

3015 1743 64 29 land
3095 1745 42 27 for
3149 1745 47 28 the
3211 1745 150 39 following',
3377 1746 108 28 viz.:—

3128 1785 134 29 Sterling
3277 1786 87 29 Cycle
3379 1785 57 35 Co.,
3452 1785 120 36 Chicago
3591 1801 5 10 t

3127 1825 69 28 Nkw
3211 1827 100 28 Haven
3326 1826 58 35 Co.,
3400 1826 179 29 Connecticut
3637 1836 14 19 >
3699 1827 107 28 Twelve
3819 1827 125 30 Months'
3956 1827 171 35 Guarantee..

3128 1867 97 28 Ruoge
3238 1867 108 29 Wedge
3361 1868 57 35 Co.,
3433 1867 128 39 England
3631 1858 14 44 )

3091 1906 159 37 Roadsters,
3279 1908 103 35 weight
3413 1909 69 28 from
3512 1908 64 28 231b
3603 1912 29 25 to
3659 1908 83 34 261b;
3776 1908 110 36 Racers,
3916 1907 85 38 191b;.
4016 1911 53 28 and
4099 1911 47 29 for-

3017 1947 145 37 Strength,
3166 1948 77 33 Style
3257 1948 54 28 and
3327 1948 90 28 Finish
3433 1948 76 29 excel
3523 1948 137 39 anything
3674 1954 47 32 yet
3733 1948 162 29 introduced
3910 1953 28 25 to
3954 1951 54 27 this
4023 1954 122 26 country

3016 1998 30 17 or
3060 1998 54 26 ary
3135 1988 80 28 other
3264 1987 57 30 Call
3345 1992 28 24 at
3392 1998 51 17 our
3467 1988 164 29 Warehouse
3652 1989 52 28 and
3727 1988 106 38 inspect
3853 1989 73 29 them
3953 2000 30 18 or
4005 1991 67 28 send
4097 1991 49 30 foir

3015 2027 154 38 catalogue.
3210 2028 71 39 Only
3295 2029 47 28 the
3355 2028 112 39 highest
3482 2029 84 35 grade
3581 2029 137 29 machines
3733 2029 66 39 kept
3813 2029 24 29 in
3855 2030 86 29 stock.

3107 2083 304 58 Morrow,
3484 2084 258 48 JEfassett
3813 2081 49 52 &
3925 2086 123 58 Co.,

3266 2157 180 29 DUNftDIN
3485 2168 53 18 and
3578 2158 310 35 CHRISTCHURCH,

3063 2198 151 38 importers
3229 2198 28 29 of
3269 2198 33 28 all
3319 2198 81 29 kinds
3414 2199 29 28 of
3457 2198 186 38 Agricultural
3658 2199 178 37 Implements
3849 2200 53 28 and
3921 2201 172 32 Machinery..

3190 2279 62 28 Sole
3267 2284 107 34 Agents
3388 2281 43 28 for
3447 2284 50 23 M'l
3511 2281 104 28 ormick
3631 2281 117 37 Reapers
3761 2281 52 28 and
3829 2281 125 29 Binders.

3030 2319 59 27 The
3111 2319 153 27 Southland
3288 2320 132 27 Farmers'
3438 2320 165 37 Implement
3624 2320 149 36 Company,
3793 2321 182 33 mvercargill,
3991 2321 58 35 &c.,
4064 2321 57 31 &C;.

3130 2358 57 30 The
3203 2358 121 31 Colonial
3341 2359 150 30 Combined
3507 2359 82 30 Drills
3603 2370 45 19 are
3663 2359 44 30 the
3723 2360 59 29 best
3796 2360 26 29 in
3837 2360 46 29 the
3897 2361 114 30 market.

3316 2412 165 29 Guarantee
3501 2422 71 18 with
3597 2412 3 29 1
3616 2422 53 19 ach
3689 2413 139 28 Machine.

3528 2504 15 46 \
3580 2501 20 26 >
3638 2499 45 54 D
3758 2499 101 55 HL
3892 2506 24 45 A
3949 2500 131 64 ('K,

3134 2585 231 38 ENGINEERS,
3386 2586 283 34 BLACKSMITHS,
3691 2587 275 29 MILLWRIGHT*
3988 2587 24 30 &

3417 2626 309 38 IRONFOUNDKKS,

3285 2679 360 25 CRAWFORD-STREET,
3688 2680 169 20 DUNEDIN.

3323 2747 381 30 —MANUFACTUHKRS
3738 2748 85 27 OF

3010 2789 140 37 Pumping
3164 2788 52 28 and
3239 2787 136 39 Winding
3397 2788 158 38 Machinery
3592 2787 229 29 HYDRAULIC
4012 2789 133 29 PLANT*

3079 2829 155 38 (including
3250 2828 151 39 Hydraulic
3417 2828 118 36 Giants),
3551 2828 90 29 Sluice
3656 2828 109 36 Valves,
3781 2828 127 29 Elevator
3926 2829 139 40 Castings,

3314 2869 64 28 Iron
3393 2869 55 28 and
3463 2869 74 28 Steel
3555 2869 85 28 Flumi
3664 2880 28 26 g,
3706 2869 59 35 &c.,
3780 2869 47 28 &c.

3120 2920 155 29 DREDGE
3302 2920 216 35 TUMBLERS,
3540 2920 183 35 BUCKETS,
3745 2920 127 34 LINKS,
3893 2920 59 34 &c.,
3973 2920 48 30 &c.

3011 2961 206 36 Waterwheels,
3229 2960 144 34 Turbines,
3388 2960 83 29 Brick
3486 2960 53 29 and
3554 2961 84 28 Drain
3655 2960 66 39 Pipe
3738 2960 115 38 Making
3864 2961 52 28 and
3929 2960 88 29 Wood
4031 2961 109 30 Work-,

3092 3004 48 36 ing
3156 3002 169 37 Machinery.
3366 3001 89 29 Horse
3474 3003 115 33 Powers,
3605 3001 191 34 Chaffcutters,
3810 3001 103 38 Turnip
3933 3002 123 37 Pulpers,

3259 3041 54 27 and
3327 3041 36 27 all
3377 3041 81 27 kinds
3472 3042 28 27 of
3513 3041 159 36 Machinery
3686 3041 53 26 and
3754 3041 128 37 bearing.

3127 3124 19 20 A
3172 3122 78 21 VERY
3279 3122 95 21 LARGE
3400 3121 88 21 STOCK
3514 3121 35 21 OF
3576 3120 143 22 PATTERNS
3744 3121 35 20 TO
3805 3121 101 21 SELECT
3933 3120 84 22 FROM.

3011 3191 214 30 ESTIMATES
3248 3190 128 28 GIVEN.
3548 3188 353 29 CORRESPONDENCE
3923 3189 216 30 SOLICITED},

3029 3273 115 39 Repairs
3158 3272 53 29 and
3227 3283 82 27 every
3323 3271 165 38 description
3504 3271 29 28 of
3547 3270 188 38 Engineering
3747 3270 54 28 and
3820 3270 192 29 Blacksmith's
4027 3271 87 30 Work

3418 3311 139 37 Promptly
3580 3310 146 38 Executed.

3054 3951 32 42 K
3099 3939 2 54 !
3122 3948 62 36 THE
3201 3948 86 36 MOST
3300 3948 159 36 DELICIOUS
3473 3949 21 35 &
3511 3948 194 36 ECONOMICAL.
3719 3948 59 35 TEA
3795 3948 27 35 IN
3836 3948 63 35 THE
3914 3948 108 35 WORLD.

3007 4293 480 71 Mattbew®
3539 4308 50 51 &
3637 4291 485 96 Chalmerai

3205 4425 257 56 COACH
3525 4424 403 66 BUILDERS,

3239 4525 332 36 WHEELWRIGHTS,
3612 4525 150 30 BLACKS
3770 4525 126 37 MI.THS,

3540 4599 55 17 AND

3089 4651 300 30 AGRICULTURAL
3429 4649 227 30 IMPLEMENT
3694 4649 351 36 MANUFACTURERS,

3363 4725 72 28 Ross
3474 4724 97 35 Place,
3610 4723 162 32 Lawrence;.

3041 4821 74 28 ALL
3155 4819 121 30 KINDS
3316 4819 47 29 OF
3400 4816 145 31 MINING
3584 4816 234 30 MACHINERY
3856 4818 109 30 MADE
4005 4818 89 30 AND)

3466 4868 203 33 REPAIRED,

3457 4962 110 28 Agents
3586 4971 86 19 fort—

3006 5033 229 39 Massey-Harris
3255 5032 119 38 Reapers
3396 5028 54 30 and
3475 5028 125 35 Binders,
3622 5028 176 35 Cultivators,
3826 5029 136 36 Scufflers,
3989 5029 131 39 Plough^

3464 5068 89 30 Horse
3566 5068 100 37 Rq,kes,

3307 5122 122 31 Peerless
3449 5120 51 35 Oil,
3521 5119 103 29 Binder
3644 5119 101 36 Twine,
3767 5119 47 30 &c.

3058 5204 47 29 All
3135 5204 89 31 Work
3253 5202 150 32 Entrusted
3426 5204 28 28 to
3479 5199 41 30 Us
3546 5200 54 28 will
3626 5199 116 31 Receive
3767 5200 114 39 Prompt
3907 5200 154 32 Attention.

3326 5281 131 22 CHAKGES
3483 5279 133 22 STRICTLY
3642 5280 153 21 MODERATE

2991 5352 48 60 jg
3069 5353 113 24 OBK
3209 5354 23 23 R
3258 5354 20 22 T
3343 5353 25 23 M
3370 5352 12 13 v
3405 5351 23 24 K
3460 5348 77 27 AY.

3032 5418 124 24 Gbnhral
3184 5417 103 25 I>rapbb
3304 5425 50 16 ahd
3366 5417 127 25 Ci<othjb*

3108 5467 65 26 Rose.
3191 5467 69 27 Place
3283 5467 132 24 Lawrence.

3051 5580 57 22 New
3127 5578 47 26 and
3192 5578 158 26 Fashionable
3374 5577 105 30 Drapery

3020 5618 78 30 Large
3109 5618 64 22 stock
3191 5616 77 27 Men's
3281 5618 46 21 and
3342 5618 60 26 lioys
3412 5615 110 29 (Jlothi-g

3051 5657 85 24 Ladies
3151 5657 47 24 a*d
3211 5656 125 25 Lhildrens
3347 5656 131 31 requisites.

3021 5713 74 24 Vißits
3125 5714 132 29 Roxburgh
3300 5712 47 24 and

2991 5748 103 29 district*
3107 5747 105 30 monthly

3567 5366 141 52 JTOZIE
3723 5366 83 29 TEA.
3844 5368 26 27 A
3883 5368 174 40 stimulating
4066 5369 54 28 and

3616 5406 3 41 •
3656 5406 155 40 sustaining
3823 5416 52 31 cup
3888 5407 29 30 in
3929 5418 122 21 summer
4067 5411 58 35 and;

3566 5447 105 30 winter.
3710 5447 35 29 D.
3762 5446 141 38 Cokmack,
3917 5449 106 38 Ageut,
4046 5449 79 33 Rox-.

3566 5489 100 36 burgh.
