3438 6182
280 4488 54 34 TO
358 4488 427 38 CORRESPONDENTS.

199 4604 250 35 Paterfamilias.
491 4606 92 34 Your
595 4607 97 35 letter
706 4609 141 33 reached
862 4609 54 32 the

150 4658 98 35 'office
265 4664 53 31 too
334 4661 64 34 late
415 4662 48 33 for
485 4662 158 35 insertion
659 4663 35 34 he
716 4663 200 35 thisVeek's

156 4715 96 40 issue,
275 4717 58 35 but
353 4720 66 32 will
444 4730 121 34 appear
582 4722 34 32 in
640 4730 58 25 our
720 4725 87 30 next.
852 4722 63 32 Ed.

153 4772 92 36 L.T.

159 4881 145 77 The
352 4881 242 77 Lyell
642 4881 290 77 Times.

222 5042 251 39 SATURDAY,
494 5042 164 34 MARCH
683 5044 51 38 21,
766 5044 90 32 1885.

162 5164 74 36 The
261 5167 106 35 Police
392 5167 148 35 Offences
563 5169 72 40 Act,
656 5167 109 36 which
789 5168 131 35 became

162 5222 61 33 law
249 5223 62 33 last
336 5225 134 39 session,
500 5226 27 31 is
551 5223 171 45 gradually
751 5226 170 33 unfolding
928 5222 2 46 1

165 5290 89 23 some
271 5280 34 34 of
316 5285 42 28 its
370 5280 146 44 precious
528 5280 183 44 provisions
723 5282 47 33 for
783 5282 119 34 regulat-

164 5334 56 43 ing
250 5335 55 34 the
336 5336 139 34 conduct
497 5337 40 33 -of
565 5336 54 34 the
656 5337 113 42 people
797 5337 125 33 besides

164 5393 173 45 trenching
375 5404 42 22 on
448 5405 89 22 some
569 5394 35 34 of
630 5393 54 35 the
714 5398 143 30 customs
892 5396 34 35 otf

168 5449 132 45 society.
348 5450 69 33 Tbe
447 5448 85 46 rigid
556 5450 224 34 -enforcement
809 5454 34 30 of
868 5454 54 31 the

169 5508 91 41 spirit
276 5508 35 33 of
323 5508 65 33 this
404 5508 145 33 addition
566 5512 32 29 to
615 5508 55 33 ilie
687 5513 145 30 statutes,
847 5511 75 37 will,

168 5561 27 33 if
207 5562 107 38 made,
332 5562 99 34 strike
445 5568 101 28 terror
558 5562 42 33 all
613 5567 83 29 sorts
709 5563 34 33 of
750 5576 99 31 ways,
862 5565 61 34 anil

170 5617 110 36 whilst
302 5618 25 34 it
350 5619 66 33 will
432 5619 36 34 be
481 5630 82 33 -very
579 5619 164 47 generally
767 5622 157 34 admitted

172 5677 71 32 that
260 5689 17 20 a
294 5678 45 32 lot
354 5679 35 31 of
402 5685 24 25 it
441 5678 27 32 is
484 5678 116 37 useful,
617 5678 65 33 and
699 5685 58 36 put
779 5682 148 38 together

172 5730 32 35 ijfc
224 5732 78 35 such
320 5744 17 23 a
361 5733 265 45 comprehensive
650 5735 65 34 and
737 5734 189 45 intelligible

174 5789 81 32 form
281 5802 35 19 as
342 5796 32 27 U
402 5791 95 32 make
525 5790 54 33 the
604 5792 88 32 work
723 5793 35 31 of
779 5792 101 36 bring:
885 5806 43 22 ug

169 5848 239 42 transgressors,
424 5847 65 34 and
505 5847 158 35 offenders
680 5860 89 23 more
786 5850 97 43 ready
896 5856 31 28 to

163 5903 125 44 .justice
304 5904 80 34 than
400 5904 119 42 before,
536 5905 65 37 still
614 5906 63 35 and
689 5908 54 40 all,
755 5908 71 35 that
840 5910 87 34 there

174 5960 28 32 is
217 5972 17 20 a
252 5962 45 31 lot
313 5963 33 30 of
359 5962 239 34 old-fashioned
609 5964 148 42 humbug
767 5967 96 31 made
875 5977 54 22 use

167 6016 41 38 igf
229 6017 34 35 in
287 6017 54 37 the
358 6017 124 47 design,
497 6017 67 39 will
577 6024 59 32 not
655 6020 37 37 be
710 6021 118 37 denied
844 6024 46 35 tor
913 6037 17 22 a

947 241 157 30 moment.
1149 239 87 33 Take
1267 240 53 32 the
1351 240 123 33 clauses
1500 240 140 41 relating
1666 241 33 32 to

946 294 135 45 Sunday
1093 295 139 46 trading.
1262 296 69 36 Tke
1339 297 163 35 intention
1511 309 151 33 uppernn
1669 302 30 30 st

945 349 33 33 in
992 350 54 33 the
1055 352 93 32 mind
1160 353 35 32 of
1199 353 54 33 the
1260 353 127 33 builder
1400 355 34 31 of
1439 355 54 33 the
1502 358 195 32 enactment,
1713 349 2 48 j

945 407 96 34 when
1057 407 40 36 he
1113 410 158 35 reviewed
1288 410 53 36 the
1354 411 98 34 awful
1468 410 185 36 tendencies
1667 411 35 34 of

946 464 53 34 the
1030 466 114 44 people
1173 468 35 32 of
1227 468 55 35 the
1307 475 131 39 present
1467 469 64 44 daj
1561 469 136 35 towards

945 522 162 42 anything
1117 527 174 39 savouring
1301 527 34 31 of
1342 527 143 31 Sabbath
1499 527 197 33 deseoration

944 586 47 31 or,
1015 589 18 21 a
1055 578 140 36 rational
1211 580 196 35 observance
1433 582 34 33 of
1486 582 54 34 the
1565 582 132 34 seventh

942 634 66 43 day
1022 635 37 33 of
1071 636 55 33 the
1142 637 100 41 week,
1259 650 66 21 was
1341 639 174 39 doubtless,
1527 645 33 28 to
1574 640 123 33 enforce

944 703 19 22 a
994 691 197 46 thoroughly
1213 696 131 42 general
1364 696 195 35 observance
1582 698 35 34 of
1644 699 52 33 the

945 748 73 43 day,
1034 749 34 32 in
1084 749 79 34 such
1181 763 18 21 a
1214 762 72 34 way
1302 753 71 33 that
1389 754 25 33 it
1429 754 109 33 would
1556 754 141 41 beeome,

944 806 243 44 compulsorily,
1205 820 19 21 a
1239 821 78 31 very
1330 810 68 35 dull
1413 822 60 22 one
1485 810 137 41 indeed;
1639 822 60 23 one

944 866 33 31 to
992 862 39 35 be
1046 863 90 38 filled
1152 866 78 35 with
1246 878 20 23 a
1281 873 152 30 constant
1441 867 122 46 gloom,
1579 868 120 41 which,

943 919 25 31 it
984 920 27 30 is
1027 924 56 28 not
1095 921 83 32 hard
1190 926 34 28 to
1236 932 61 29 see,
1311 927 90 28 must
1409 925 196 41 necessarily
1619 925 81 33 lure

944 976 160 43 anything
1116 977 56 35 but
1182 991 17 20 a
1210 979 143 34 cheerful
1366 983 332 41 orcomposingeiftist

944 1042 87 34 upon
1048 1033 91 34 those
1156 1035 73 33 vvho
1247 1035 106 44 might
1368 1037 59 33 feel
1442 1037 150 43 disposed
1604 1044 33 27 to
1649 1045 52 28 act
1714 1027 2 55 j

943 1090 64 33 and
1024 1092 95 35 think
1135 1104 19 21 a
1176 1093 81 33 little
1274 1094 49 33 for
1340 1094 207 35 themselves,
1558 1096 69 43 just
1651 1098 47 31 far

941 1158 62 23 one
1028 1149 62 42 day
1113 1149 32 32 in
1168 1150 56 34 the
1241 1151 98 34 week.
1383 1153 45 35 As
1447 1158 135 28 matters
1607 1155 90 32 stand
1714 1148 2 52 j

943 1217 84 28 now,
1052 1206 55 33 the
1132 1206 73 44 day,
1231 1209 36 33 of
1290 1209 43 34 all
1362 1209 121 41 others,
1507 1209 27 33 k
1558 1210 141 43 teeming
1713 1204 3 55 j

944 1263 79 32 with
1039 1265 155 31 restraint
1209 1266 63 31 and
1289 1268 190 40 repression,
1493 1268 63 30 and
1568 1275 55 33 yet
1634 1270 62 30 this

944 1318 25 33 is
986 1318 53 34 the
1058 1332 59 21 one
1134 1320 34 33 of
1181 1321 43 32 all
1240 1321 109 34 others
1366 1333 86 32 upon
1467 1324 103 31 which
1585 1325 110 42 people
1714 1318 2 49 |

944 1388 52 21 itre
1013 1383 32 26 to
1060 1376 39 33 he
1115 1377 64 33 free
1197 1377 64 34 and
1278 1383 33 29 at
1326 1385 74 27 rest.
1446 1378 103 34 There
1569 1379 37 40 is,
1632 1392 49 32 per-

944 1434 92 43 haps,
1060 1446 61 22 one
1145 1436 82 40 good
1243 1437 124 33 feature
1385 1438 34 32 in
1435 1438 25 33 it
1476 1438 124 39 though
1614 1449 8 29 ;
1646 1440 51 35 the

944 1491 116 44 hardly
1088 1492 142 40 worked,
1259 1493 64 33 and
1347 1494 92 33 those
1467 1495 172 43 employed
1668 1501 32 28 at

943 1548 182 46 unhealthy
1156 1550 144 45 pursuits
1329 1562 54 23 are
1408 1550 66 35 safe
1502 1551 47 34 for
1579 1565 19 21 a
1620 1553 79 34 little

944 1607 99 39 rebel,
1060 1607 58 33 but
1133 1608 147 32 whether
1293 1609 53 32 the
1358 1621 89 21 same
1458 1610 136 34 benefits
1608 1612 91 32 eonld

942 1663 38 35 he
996 1663 163 41 obtained,
1177 1675 35 23 or
1226 1669 68 36 not,
1307 1665 138 33 without
1458 1666 79 34 such
1551 1678 17 21 a
1582 1678 96 34 sweep-

943 1723 55 41 ing
1027 1734 160 27 measure,
1218 1723 27 33 is
1272 1723 137 35 amvther
1436 1725 106 40 Ihiisg.
1589 1726 39 34 In
1659 1739 39 21 a

944 1778 162 43 exchange
1123 1779 108 33 which
1247 1791 48 21 we
1312 1779 82 34 havo
1418 1781 105 33 before
1538 1792 49 28 us,
1607 1782 92 34 there

941 1847 27 22 m
984 1835 54 34 the
1055 1842 138 27 account
1204 1837 34 33 of
1245 1848 20 21 a
1281 1837 89 33 li.M.
1385 1839 99 33 Court
1494 1850 84 27 case,
1591 1840 106 33 where

942 1904 17 20 ft
974 1892 121 32 carrier
1111 1892 169 44 returnisg
1293 1898 37 28 0
1345 1894 52 33 his
1420 1895 108 39 home,
1551 1908 42 19 on
1618 1896 59 33 Sun-

942 1949 74 46 day,
1041 1950 80 36 with
1144 1964 42 22 an
1203 1958 113 39 empty
1340 1964 146 33 waggon,
1509 1954 27 35 is
1560 1953 138 47 elurged

942 2010 78 32 with
1051 2019 18 20 a
1099 2009 118 31 breach
1243 2011 35 29 of
1300 2011 56 30 ths
1384 2012 72 30 Act.
1502 2012 68 30 The
1603 2013 96 31 Conrt

942 2064 90 34 ruled
1048 2063 73 35 that
1136 2069 33 29 to
1184 2063 94 45 bring
1293 2077 19 22 a
1327 2077 78 22 man
1421 2065 115 35 within
1556 2066 51 35 the
1626 2067 71 39 law,

942 2124 25 36 it
984 2122 116 37 should
1115 2122 38 33 be
1170 2123 120 44 proved
1306 2123 41 34 he
1360 2134 69 23 was
1445 2124 147 43 working
1605 2130 31 29 at
1652 2126 47 32 his

942 2181 129 42 calling.
1117 2181 67 33 The
1201 2184 51 30 act
1269 2181 35 33 of
1314 2182 171 41 returning
1507 2183 98 33 home
1622 2185 76 32 with

944 2249 41 23 an
1002 2245 112 39 empty
1130 2248 218 35 conveyance,
1369 2238 55 35 did
1445 2244 57 29 Bot
1525 2240 174 35 constitute

944 2308 40 22 an
1003 2298 134 38 offenee,
1154 2298 64 36 and
1241 2310 35 21 so
1292 2298 55 33 the
1372 2298 189 42 Magistrate
1580 2300 81 33 took
1682 2312 17 21 a

944 2353 149 39 rational,
1109 2353 189 33 reasonable
1315 2355 80 31 view
1408 2355 35 32 of
1451 2355 56 32 the
1521 2355 103 41 thing,
1636 2355 63 32 and

944 2410 171 33 dismissed
1137 2411 55 33 the
1216 2423 81 21 case.
1343 2411 77 33 This
1441 2416 127 38 portion
1591 2414 35 31 of
1645 2413 53 31 the

945 2468 59 32 Act
1019 2467 137 42 relating
1172 2473 32 28 to
1223 2467 134 45 Sun4ay
1371 2467 131 44 trading
1518 2479 135 33 appears
1668 2475 33 28 to

944 2536 39 30 go
1010 2531 53 27 too
1090 2526 59 33 far.
1194 2526 84 33 That
1298 2526 106 33 which
1427 2527 28 32 is
1476 2527 177 42 applicable
1666 2533 33 26 to

945 2582 123 34 certain
1102 2583 120 44 places,
1253 2595 70 32 say,
1325 2583 95 44 big
1450 2589 104 29 towns
1589 2596 35 22 as
1660 2597 38 23 an

945 2639 157 42 instanee,
1125 2639 28 35 is
1168 2651 78 35 very
1266 2641 92 34 often
1373 2641 181 45 altogether
1579 2642 105 35 urinsuit-

945 2700 70 31 afele
1045 2700 32 31 in
1106 2701 166 42 out-lying
1305 2701 167 38 localities,
1510 2702 107 32 whwee
1647 2702 52 32 the

942 2763 117 29 wature
1074 2755 37 40 of
1125 2755 54 38 the
1196 2757 88 35 chief
1295 2756 194 46 occupation
1506 2771 36 22 or
1555 2758 120 46 employ-

945 2818 101 33 ment,
1071 2815 104 34 added
1201 2820 33 28 to
1257 2816 55 32 the
1335 2817 123 31 feature
1486 2817 35 32 of
1541 2817 137 32 inaccess-

944 2872 116 42 ibility,
1085 2877 61 29 not
1170 2884 42 22 an
1237 2874 199 43 infrequent
1458 2886 64 21 one
1550 2875 34 32 in
1613 2875 86 33 these

942 2935 102 38 .parts,
1255 2931 128 42 people,
1429 2931 149 36 however
1625 2943 72 22 com-
1716 2931 2 42 1

946 2985 186 37 tfcieutious,
1156 2993 32 25 to
1208 2986 99 32 make
1324 2998 61 20 od
1403 2988 152 31 occasion
1572 2988 35 31 of
1621 2988 81 32 tkeir
1716 2983 2 39 I

943 3044 218 33 transactions
1181 3044 82 33 with
1287 3044 54 35 the
1354 3044 129 34 -outside
1503 3045 111 39 world,
1639 3046 63 33 and
1717 3044 1 40 I

942 3098 75 35 itkat
1026 3100 130 43 usually
1168 3100 160 40 reserved,
1340 3101 47 32 for
1399 3111 100 33 many
1512 3111 144 30 reasons,
1669 3105 33 29 to

944 3157 56 33 the
1017 3157 136 33 seventh
1169 3157 40 33 da
1236 3182 6 7 .

987 3266 68 32 The
1072 3265 80 33 Rev-
1170 3267 122 32 Father
1308 3267 151 35 Holland,
1481 3268 69 36 will
1560 3269 142 32 -conduct

947 3310 88 35 Mrs*
1052 3311 63 35 and
1132 3311 138 46 Topers
1287 3318 33 29 at
1337 3314 46 34 St.
1397 3313 154 45 Joseph's
1569 3314 86 39 here,
1671 3320 31 29 at

945 3359 54 32 the
1023 3359 94 33 usual
1140 3359 109 38 hours,
1273 3371 43 21 on
1342 3359 135 45 Sunday
1500 3361 102 41 week,
1626 3363 77 32 'iUih

945 3404 134 33 instant.

987 3451 67 33 The
1071 3457 109 27 return
1198 3450 36 35 of
1246 3452 164 43 amalgam
1426 3453 84 33 from
1525 3453 58 33 the
1601 3453 80 45 Keep-

945 3498 132 33 it-Dark
1093 3498 127 44 battery
1234 3500 65 33 last
1314 3500 101 38 week,
1432 3513 66 20 was
1514 3503 127 33 iisozs.

986 3544 68 32 The
1070 3544 132 43 Sunday
1209 3545 128 43 hockey
1347 3546 81 32 Turf
1439 3547 80 32 Club
1535 3557 167 23 <uinouwce

946 3601 18 21 a
987 3590 219 33 consultation
1228 3591 36 32 of
1277 3592 110 33 i-5000
1408 3603 41 22 on
1474 3592 54 33 the
1551 3593 152 32 Adelaide

946 3635 81 44 Cup,
1044 3636 108 33 which
1169 3637 27 32 is
1212 3643 32 27 t
1268 3636 37 33 be
1321 3648 61 21 run
1398 3638 59 38 for,
1481 3644 33 26 at
1538 3638 140 43 Fleming-

946 3688 67 35 ton,
1030 3694 42 22 on
1089 3683 54 34 the
1159 3683 57 34 7th
1232 3683 36 34 of
1280 3692 77 26 next
1369 3684 127 35 moath.

987 3740 85 35 Prof.
1085 3740 117 41 slack,
1220 3740 35 35 of
1268 3741 221 35 tbeDunedin
1504 3742 199 45 University,

946 3798 73 33 who
1051 3799 26 33 is
1108 3805 32 27 at
1162 3804 132 39 present
1320 3799 160 45 lecturing
1504 3813 41 21 on
1576 3804 128 31 various

947 3856 140 43 subjects
1103 3856 35 34 of
1149 3863 91 37 great
1255 3857 135 34 interest
1414 3864 32 28 to
1469 3859 129 41 mitring
1620 3871 62 22 com-

948 3913 155 34 munities
1119 3926 42 20 cm
1178 3914 54 33 the
1250 3914 90 33 West
1357 3914 106 41 Coast,
1479 3917 118 33 visited
1614 3917 91 43 Lyell

947 3970 34 33 in
991 3970 55 34 the
1058 3970 178 43 beginning
1247 3970 35 34 of
1291 3971 54 33 the
1359 3972 101 41 week,
1475 3974 64 34 and
1552 3973 66 35 had
1629 3986 76 32 very

948 4027 83 43 good
1061 4029 172 34 audiences
1263 4041 42 23 on
1338 4030 78 35 Loth
1455 4031 150 45 Tuesday
1641 4032 64 34 and

948 4085 207 44 Wednesday
1167 4086 75 33 last.
1288 4086 68 34 The
1379 4087 61 34 Rro
1453 4091 119 32 esser's
1583 4090 122 33 .elas*s

948 4144 49 33 for
1025 4144 195 33 instruction
1249 4156 35 21 in
1318 4146 55 32 the
1409 4159 102 29 many
1548 4149 156 31 scientific

950 4198 147 45 mineral,
1114 4199 134 38 a&dtore
1264 4204 89 41 tests,
1371 4213 82 25 were
1470 4203 67 36 also
1561 4203 73 38 well
1658 4208 30 33 at-

948 4258 129 40 tended,
1101 4263 63 28 and
1185 4271 50 21 we
1251 4266 106 36 regret
1372 4268 57 25 not
1453 4262 97 42 being
1566 4263 82 39 able.,
1672 4264 32 31 i

950 4312 63 35 this
1036 4313 96 39 issue,
1157 4318 33 29 to
1206 4326 90 23 more
1319 4316 80 33 than
1422 4316 106 35 notice
1545 4317 49 34 kis
1616 4318 93 36 visit.,,

950 4370 55 35 but
1017 4370 108 34 which
1141 4371 77 41 will,
1230 4384 47 22 we
1287 4378 92 36 trust,
1393 4374 72 34 lead
1482 4379 32 31 to
1526 4387 89 23 some
1629 4386 76 34 very

950 4426 167 33 beneficial
1129 4428 132 32 results.

991 4484 32 34 It
1044 4483 60 35 has
1126 4484 90 34 often
1239 4485 80 34 been
1347 4487 184 42 remarked,
1559 4490 71 33 that
1648 4488 59 35 -the

950 4540 226 43 appointment
1192 4542 35 31 f
1245 4553 18 20 a
1279 4542 82 33 local
1377 4550 199 34 committee,
1594 4556 36 23 or
1651 4546 56 33 the

949 4598 248 34 establishment
1230 4599 35 34 of
1291 4612 89 22 some
1411 4603 93 33 ether
1535 4617 111 20 meanas
1676 4604 36 32 of

950 4654 181 43 regulating
1154 4655 64 33 and
1234 4657 203 43 supervising
1456 4660 126 33 control
1597 4661 36 33 of
1653 4661 54 32 the

941 4711 190 44 Cemetery,
1159 4723 67 23 was
1255 4725 19 21 a
1300 4714 95 42 thing
1421 4716 106 33 which
1558 4718 149 42 required

951 4770 210 42 adjustment.
1206 4772 42 31 At
1263 4778 141 37 present,
1423 4783 47 24 we
1495 4775 213 35 understand,

950 4827 54 33 the
1029 4827 129 43 County
1175 4826 134 36 Council
1326 4841 125 32 possess
1474 4832 43 33 all
1540 4834 167 42 authority

951 4885 183 41 pertaining
1158 4890 32 27 to
1216 4885 54 32 the
1296 4886 185 41 enclosure;
1507 4888 57 34 but
1594 4891 65 32 this
1682 4892 26 31 it

951 4940 107 34 would
1090 4954 131 31 appear,
1244 4943 134 33 extends
1402 4956 42 21 no
1470 4945 127 35 further
1627 4949 82 32 than

948 4998 223 43 maintaining
1180 4998 54 35 the
1242 5000 141 45 fencing,
1395 5001 65 35 and
1468 5002 137 46 keeping
1615 5006 94 34 down

947 5055 60 34 ithe
1023 5056 255 43 under-growth,
1295 5058 50 32 for
1360 5059 117 40 which,
1502 5062 54 33 the
1578 5063 132 43 locality

952 5113 106 33 where
1075 5113 26 34 it
1117 5115 26 32 is
1159 5115 152 40 situated,
1329 5117 26 31 is
1371 5118 212 35 remarkable.
1629 5121 78 33 This

953 5171 25 32 is
1002 5170 42 34 all
1067 5182 77 32 very
1167 5171 93 44 geod,
1284 5172 57 34 but
1359 5173 89 35 there
1470 5175 28 35 is
1522 5179 188 43 something

954 5238 88 22 more
1060 5228 80 33 than
1154 5229 209 40 tkisaiceded,
1378 5232 63 32 and
1455 5243 34 23 so
1507 5244 34 22 as
1555 5240 30 28 to
1598 5248 112 22 ensure

955 5297 18 20 a
995 5283 114 44 degree
1133 5285 34 33 of
1180 5285 102 40 order,
1300 5287 64 32 and
1388 5289 188 45 regularity,
1599 5294 34 32 in
1657 5295 53 32 the

957 5348 115 27 matter
1087 5342 35 34 of
1134 5343 184 39 interment,
1331 5345 64 33 and
1406 5349 240 44 appropriating
1656 5351 54 34 the

956 5400 125 42 ground
1105 5413 33 21 as
1171 5401 89 34 these
1288 5402 209 44 melancholy
1526 5409 186 33 necessities

958 5457 63 33 will
1037 5468 104 29 occur,
1159 5459 25 32 it
1201 5457 116 34 should
1331 5459 37 33 be
1380 5459 125 36 laid-oft
1515 5462 33 34 in
1561 5466 150 41 sections,

958 5515 64 32 aud
1052 5527 89 21 some
1173 5516 130 33 reliable
1330 5528 116 32 person
1475 5522 173 40 appointed
1679 5535 35 21 as

952 5576 118 29 sexton
1086 5572 64 33 and
1174 5574 189 33 care-taker.
1409 5575 44 34 Of
1472 5588 121 29 course,
1617 5581 97 33 when

959 5629 88 32 there
1072 5640 52 22 are
1148 5640 42 22 no
1213 5629 197 44 regulations
1426 5631 34 34 in
1482 5633 84 35 force
1590 5642 31 29 to
1644 5649 51 33 pre-

960 5697 88 21 serve
1074 5698 157 21 evenness
1257 5699 36 20 er
1322 5695 149 26 neatness
1502 5692 33 30 in
1562 5694 53 32 the
1644 5707 70 29 way

961 5741 172 41 indicated,
1153 5743 120 43 parties
1291 5743 64 34 will
1372 5745 63 33 suit
1456 5746 195 40 themselves
1667 5751 49 36 for

962 5800 53 32 the
1034 5801 77 30 time
1127 5800 98 42 being
1241 5802 87 41 only,
1346 5803 63 30 and
1427 5803 32 31 in
1480 5805 77 32 time
1570 5812 30 27 to
1614 5819 100 26 come,

960 5857 25 32 it
1000 5857 27 32 is
1042 5862 57 28 not
1115 5857 137 33 difficult
1268 5862 32 28 to
1322 5858 131 41 foresee,
1470 5860 66 35 this
1559 5864 63 33 will
1644 5865 71 34 load

962 5919 32 29 to
1002 5918 89 40 great
1102 5915 179 40 confusion,
1291 5915 125 36 besides
1426 5919 152 44 perhaps,
1590 5924 127 43 serving

962 5974 32 28 to
1017 5975 130 38 present
1162 5970 140 33 features
1317 5972 108 33 which
1448 5976 95 32 could
1566 5978 76 43 only
1664 5979 34 34 be-

963 6026 98 36 token
1077 6031 89 32 want
1181 6027 35 36 of
1224 6028 164 45 foresight.

1771 238 197 38 Elsewhere,
1985 237 25 33 it
2025 235 26 35 is
2070 236 134 33 notified
2220 236 73 33 that
2306 235 138 39 tenders,

1729 294 124 42 closing
1870 299 32 29 at
1922 294 162 44 Westport
2100 305 42 23 on
2157 292 55 34 the
2229 291 55 35 4th
2310 303 100 34 prox.,
2434 303 52 23 are

1730 352 103 32 called
1856 352 48 31 for
1926 355 146 28 contract
2093 350 90 32 work
2199 361 40 21 on
2267 361 89 21 some
2380 350 35 31 of
2434 350 54 31 the

1729 407 128 44 bridges
1872 418 42 24 on
1931 406 54 35 the
2002 405 111 36 Bullor
2131 406 87 35 road.
2263 405 170 44 Anything
2455 413 32 26 to

1730 465 97 35 make
1850 465 66 33 this
1938 464 78 34 road
2039 475 90 22 more
2146 463 99 34 travel
2251 462 84 35 lable
2360 463 81 33 than
2464 463 26 34 it

1731 522 59 33 has
1814 522 80 33 been
1917 522 47 33 for
1987 534 19 20 a
2022 521 111 41 length
2151 521 35 34 of
2203 521 78 33 time
2304 525 83 39 past,
2410 521 78 37 will,

1731 589 47 24 we
1794 578 60 35 feel
1871 589 82 29 sure,
1978 578 37 34 be
2032 588 78 32 very
2129 576 190 44 welcomely
2342 576 148 34 received

1731 636 43 43 by
1797 647 158 32 everyone
1979 635 96 42 using
2090 635 46 32 it:
2161 645 17 22 a
2201 634 79 33 road
2303 645 88 32 may,
2415 646 75 20 now

1730 693 65 36 and
1818 693 89 39 then,
1932 693 76 33 drift
2027 693 69 33 into
2119 703 19 23 a
2161 696 82 30 state
2267 691 35 34 of
2321 690 167 44 disrepair,

1730 749 57 33 but
1799 749 96 33 when
1910 749 128 44 bridges
2054 748 65 35 and
2135 749 140 33 culverts
2295 758 189 25 commence

1729 809 34 30 to
1792 817 41 31 go
1862 806 149 40 crooked,
2041 806 27 34 it
2095 806 28 32 is
2152 806 80 36 time
2260 808 35 31 to
2326 804 158 34 look-out.

1730 862 121 36 Whilst
1867 875 17 22 a
1900 862 82 36 little
2000 862 35 35 in
2048 862 56 36 the
2120 861 91 42 dark,
2229 873 35 23 as
2279 865 33 31 to.
2328 860 55 36 the
2400 866 90 30 exact

1731 921 131 40 locality
1877 921 108 30 where
2001 920 90 31 these
2107 921 257 40 improvements
2384 929 53 21 are
2459 924 33 26 to

1731 975 37 34 bs
1786 975 105 41 made,
1908 976 54 34 the
1976 976 204 43 intelligence
2188 975 71 35 that
2272 987 18 22 a
2304 981 69 38 step
2389 973 34 36 of
2434 974 54 35 the

1731 1032 78 34 kind
1825 1033 26 32 is
1868 1040 32 27 to.
1924 1032 37 34 he
1985 1033 106 38 taften,
2117 1033 66 32 will
2199 1032 72 40 give
2288 1040 90 34 great
2395 1033 76 33 satis-

1731 1091 130 33 faction.
1909 1090 57 35 We
1983 1091 115 41 might,
2117 1092 157 38 however,
2293 1091 37 33 be
2351 1091 137 35 excused

1731 1149 49 33 for
1802 1148 54 33 the
1881 1147 138 41 remark,
2037 1149 72 33 that
2131 1149 55 34 the
2210 1149 201 43 importance
2444 1154 30 28 at-

1731 1205 115 34 tached
1863 1213 32 26 to
1912 1206 106 44 public
2035 1206 178 43 tendering,
2232 1207 64 34 and
2312 1207 176 44 especially

1731 1274 32 21 in
1795 1263 103 33 works
1921 1264 36 31 of
1976 1265 64 30 this
2058 1264 89 36 kind,
2171 1265 35 32 in
2229 1276 18 21 a
2270 1266 82 31 local
2383 1276 103 25 sense,

1731 1319 94 33 mike
1848 1318 25 34 it
1889 1319 169 44 expedient
2076 1320 70 33 that
2168 1320 55 33 the
2248 1319 239 46 specifications

1733 1375 117 35 should
1874 1375 36 33 bu
1935 1383 57 34 put
2015 1375 114 34 within
2150 1377 94 34 reach
2270 1377 33 33 of
2326 1377 89 34 thosa
2439 1389 31 21 re-

1733 1433 106 44 siding
1860 1436 33 32 in
1916 1434 100 43 lively
2039 1435 117 43 places,
2182 1436 151 41 anyhow.
2379 1436 31 31 It
2434 1436 53 32 the
2504 1433 1 51 j

1732 1490 217 44 specification
1975 1503 63 21 was
2062 1503 41 21 on
2120 1503 80 23 view
2222 1493 85 35 hare,
2332 1493 25 31 it
2380 1493 108 32 woald
2504 1490 1 44 !

1729 1549 160 43 certainly
1921 1547 38 36 be
1985 1560 19 22 a
2030 1556 89 35 great
2150 1549 228 36 convenience,
2411 1550 94 40 and,';

1733 1607 104 32 would
1861 1614 68 31 not,
1952 1619 47 20 we
2017 1606 151 43 imagine,
2193 1615 57 36 put
2275 1610 55 32 the
2354 1610 135 40 Depart-
2504 1606 1 45 !

1733 1667 91 30 ment
1840 1668 32 32 to
1888 1674 65 33 any
1968 1669 90 36 great
2073 1664 122 43 outlay.

1775 1749 130 38 Among
1921 1759 88 22 some
2033 1749 65 31 late
2114 1749 96 31 items
2225 1749 36 32 of
2281 1748 212 35 Continental

1732 1815 101 28 news,
1851 1804 88 32 there
1955 1803 27 34 is
1997 1815 61 24 one
2076 1805 106 33 which
2207 1811 146 34 suggests
2375 1817 42 21 an
2441 1804 52 39 old

1732 1860 84 40 i4ea,
1834 1872 59 21 one
1910 1871 78 31 very
2005 1861 88 32 often
2110 1862 181 41 expressed,
2306 1861 64 37 and
2378 1862 70 43 just
2459 1873 35 22 as

1735 1917 114 45 deeply
1865 1916 59 36 Celt
1940 1917 42 44 by
1995 1928 18 23 a
2029 1921 69 31 vast
2107 1917 154 48 majority
2273 1918 30 35 oi
2316 1918 90 33 those
2422 1919 71 32 who

1735 1979 102 34 travel
1861 1979 41 41 by
1924 1984 110 32 water,
2059 1978 75 37 and,
2156 1979 107 32 whose
2287 1979 207 41 experiences

1730 2032 39 35 of
1776 2032 87 32 what
1875 2032 59 32 has
1947 2031 82 36 been
2041 2032 113 39 called,
2442 2045 51 21 are

1734 2089 35 33 of
1788 2100 18 22 a
1828 2088 80 34 kind
1925 2088 104 34 which
2054 2088 82 35 need
2153 2100 43 23 no
2217 2089 109 34 detail.
2371 2090 68 34 One
2463 2090 35 35 of

1734 2146 55 34 the
1813 2156 178 34 passaiiger
2013 2146 82 34 lines
2112 2146 37 34 of
2166 2146 52 45 big
2242 2152 168 35 steamers,
2436 2147 59 34 has

1733 2204 95 32 made
1845 2215 40 20 an
1904 2203 172 33 alteration
2091 2205 85 31 from
2191 2204 55 32 the
2260 2205 53 32 old
2326 2212 123 34 system
2463 2206 35 31 of

1733 2260 141 44 treating
1901 2259 83 46 good
2009 2260 64 35 and
2100 2260 64 35 bad
2189 2260 114 36 sailors
2330 2261 95 41 alike,
2452 2262 43 45 by

1732 2321 124 40 issuing
1906 2320 117 35 tickets
2070 2321 126 40 merely
2244 2321 158 42 charging
2447 2323 49 31 for

1732 2373 156 45 ordinary
1904 2374 283 34 accommodation
2204 2375 65 33 and
2292 2386 203 35 conveyance

1733 2433 83 30 from
1834 2438 71 35 port
1922 2436 35 28 to
1970 2441 84 33 port.
2098 2433 53 41 By
2164 2433 64 31 this
2239 2445 125 27 means,
2376 2445 18 21 a
2406 2441 89 33 great

1733 2487 186 37 unfairness
1933 2488 28 33 is
1976 2489 155 34 removed
2147 2490 85 37 from
2242 2501 18 24 a
2271 2490 90 44 large
2373 2490 124 36 section

1734 2546 35 36 of
1780 2556 174 33 sea-goers,
1972 2546 73 34 who
2062 2547 158 40 certainly
2236 2547 83 34 hare
2335 2553 36 31 to
2378 2549 97 34 under-

1732 2615 39 30 go
1782 2604 157 42 penalties
1951 2605 64 31 and
2031 2606 154 41 suffering
2196 2607 129 41 enough
2339 2607 136 41 through-

1729 2667 60 31 out
1818 2660 54 37 the
1900 2662 165 45 wearying
2088 2662 141 40 durance
2251 2663 108 36 whieli
2392 2676 17 24 a
2433 2665 65 46 trip

1733 2721 142 43 imposes
1892 2731 88 31 upon
1991 2721 102 39 them,
2106 2722 139 32 without
2259 2722 121 41 baying
2392 2728 32 28 to
2432 2735 65 32 pay

1734 2779 129 42 equally
1890 2779 79 35 with
2001 2779 92 34 those
2130 2780 71 34 who
2233 2794 57 20 are
2321 2782 73 33 hale
2431 2781 66 34 and

1733 2834 127 43 hearty,
1886 2836 75 40 and,
1985 2836 35 33 ef
2044 2847 123 29 course,
2193 2836 155 45 enjoying
2372 2838 44 33 all
2437 2838 58 34 the

1734 2893 83 41 style
1850 2893 63 32 and
1938 2894 56 31 the
2024 2894 123 42 variety
2176 2895 35 32 f
2234 2895 168 33 delicacies
2431 2896 67 32 and

1734 2948 81 43 good
1842 2950 110 41 thing.-;
1980 2950 106 32 which
2112 2963 78 25 may
2213 2951 38 33 be
2280 2952 108 41 going.
2430 2953 66 33 .Sea

1735 3004 140 34 sickness
1902 3005 107 34 bailies
2029 3007 43 31 all
2095 3011 155 39 attempts
2267 3012 33 27 at
2326 3007 171 34 remedies.

1735 3064 45 31 To
1802 3064 126 41 impose
1952 3064 54 32 the
2038 3077 90 20 same
2152 3065 158 32 demand*
2337 3078 41 19 on
2402 3065 91 33 those

1735 3117 73 35 who
1832 3118 129 46 happen
1986 3125 30 28 to
2038 3119 84 34 have
2143 3132 18 23 a
2185 3120 129 35 natural
2336 3120 161 45 iiafirmity

1735 3176 70 33 that
1823 3188 82 31 way,
1923 3189 34 21 a*
1975 3189 40 20 on
2034 3177 55 33 the
2105 3186 109 24 otuers
2230 3179 72 35 who
2320 3180 95 31 make
2440 3179 55 33 the

1731 3233 157 36 toward*
1912 3234 64 35 and
2001 3235 53 35 the
2071 3236 127 35 waiter*
2211 3235 47 46 fly
2279 3236 106 39 round
2400 3236 97 39 whe

1735 3292 78 42 they
1823 3301 52 31 get
1886 3292 84 37 their
2015 3304 52 23 sea
2079 3293 67 44 legs
2253 3295 66 32 and
2329 3296 164 43 generally

1731 3349 80 44 give
1827 3363 211 32 gastronomy
2055 3364 18 22 a
2090 3361 107 35 pretty
2209 3354 139 32 forward
2358 3355 90 41 place
2462 3355 33 32 in

1736 3407 84 34 their
1831 3419 217 33 programme,
2060 3410 59 34 hat
2128 3410 79 34 been
2219 3423 18 20 a
2249 3411 248 44 long-standing

1736 3464 184 44 grievance.,,
1944 3464 39 47 by
2002 3477 119 24 reason
2138 3466 35 35 of
2189 3466 54 35 the
2266 3467 182 47 inequality
2470 3468 25 34 it

1736 3523 119 32 carries
1879 3525 78 31 with
1978 3525 39 38 it,
2041 3525 64 32 and
2122 3527 49 31 its'
2194 3527 149 31 removal
2368 3528 66 31 will
2457 3527 37 31 be

1736 3590 77 31 very
1830 3581 171 42 popularly
2016 3581 157 34 received.

1776 3659 42 33 At
1848 3659 54 33 the
1929 3667 132 38 request
2095 3662 148 44 (cabled),
2266 3663 36 35 of
2315 3663 59 34 -.the
2404 3663 101 37 Hon..;

1736 3717 97 34 Thos.
1865 3718 39 33 G.
1933 3719 135 41 Hewitt,
2093 3721 170 34 President
2288 3722 33 33 ef
2346 3723 55 34 tfoe
2429 3722 42 33 Ex-

1736 3775 137 33 hibition
1896 3782 33 27 to
1953 3776 36 34 be
2013 3777 75 33 held
2112 3785 33 27 at
2176 3779 147 39 Grafton,
2347 3779 145 41 N.S.W.,

1736 3834 225 41 commencing
1975 3834 99 35 ali>out
2088 3836 55 33 the
2161 3837 63 33 end
2239 3837 36 34 of
2287 3837 64 33 this
2363 3838 132 40 month,.

1737 3889 51 33 Mr
1819 3889 43 34 H.
1894 3890 35 34 P.
1961 3892 171 41 Hubbard,
2161 3894 185 44 Proprietor
2375 3895 35 34 of
2436 3895 55 34 the

1737 3947 238 34 International
2006 3950 198 45 Newspaper
2232 3952 144 43 Agency,
2415 3953 79 33 New

1737 4005 129 39 Havtn,
1883 4006 115 39 Conn.,
2018 4008 129 41 U.S.A.,
2166 4009 57 33 has
2246 4009 179 36 forwarded
2445 4011 53 34 for
2503 4005 2 44 1

1736 4063 128 41 display
1879 4075 43 21 en
1938 4064 71 33 that
2026 4068 159 36 occasion,
2203 4069 123 41 sample
2343 4069 107 42 copies
2463 4063 42 48 of'

1736 4131 78 24 over
1836 4131 97 24 seven
1955 4120 150 38 hundred
2123 4123 130 46 leading
2276 4136 217 34 newspapers,

1736 4177 173 42 published
1937 4179 33 31 in
2001 4179 54 32 the
2087 4190 128 23 various
2253 4181 90 33 cities
2376 4183 37 31 ef
2438 4183 55 31 the

1738 4235 122 34 United
1885 4237 117 40 States,
2034 4237 137 40 Mexico,
2204 4240 103 33 South
2333 4240 160 38 America,

1738 4291 54 32 the
1823 4291 91 33 West
1940 4292 122 39 Indies,
2093 4294 122 33 British
2251 4295 106 40 India,
2391 4296 102 33 South

1737 4348 119 38 Africa,
1888 4348 141 45 Europe,
2060 4352 52 32 &c.
2177 4351 159 45 Probably
2366 4353 80 33 such
2478 4364 19 22 a

1738 4404 169 36 collection
1932 4407 36 34 of
1990 4407 195 46 periodicals
2208 4411 35 34 in
2270 4411 128 34 various
2427 4411 51 34 lan-

1738 4473 120 31 guages
1887 4462 59 35 has
1978 4476 100 23 never
2106 4466 82 35 been
2215 4479 75 24 seen
2324 4468 107 35 before
2462 4470 33 33 in

1738 4520 183 39 Australia;
1947 4523 63 31 and
2040 4524 143 43 possibly
2213 4531 33 27 at
2276 4538 42 21 no
2348 4528 149 41 previous

1739 4574 179 37 exhibition
1934 4578 33 34 in
1979 4579 60 35 the
2057 4581 112 35 world.
2215 4581 52 35 Mr
2282 4583 156 35 Hubbard
2449 4595 45 23 re-
2504 4574 1 52 j

1739 4635 124 40 gretted
1887 4635 72 33 that
1981 4637 55 33 the
2053 4639 92 33 short
2166 4640 80 32 time
2269 4641 137 32 allowed
2429 4642 76 32 him,

1740 4691 48 32 for
1802 4691 136 43 making
1953 4692 64 34 this
2034 4694 181 40 collection,
2236 4698 89 41 (only
2349 4709 61 22 one
2434 4698 62 41 day

1740 4746 82 34 after
1842 4749 122 43 receipt
1981 4750 35 33 of
2033 4751 51 32 Mr
2109 4752 153 36 Hewitt's
2285 4754 210 44 cablegram),

1741 4802 54 33 did
1808 4810 56 26 not
1878 4804 103 35 admit
1994 4807 37 33 of
2042 4807 52 33 the
2107 4809 153 35 selection
2271 4811 65 33 and
2349 4822 130 33 arrange-

1741 4865 91 29 ment
1844 4861 36 33 of
1892 4873 18 21 a
1922 4874 79 30 very
2011 4865 99 32 much
2121 4866 104 41 larger
2241 4869 256 39 representation

1741 4917 34 33 of
1787 4917 55 34 the
1860 4917 94 35 Press
1968 4918 37 35 of
2013 4918 59 36 the
2088 4920 120 36 World.
2255 4924 68 35 The
2336 4924 143 35 contribu-

1741 4976 68 31 tion
1825 4982 82 33 sent,
1926 4976 159 38 however,
2104 4984 118 28 cannot
2233 4979 60 35 fail
2306 4985 32 30 to
2350 4992 100 34 prove
2467 4982 35 33 of

1741 5040 89 33 great
1854 5034 135 33 interest
2004 5040 32 27 to
2052 5036 43 33 all
2111 5036 180 44 intelligent
2315 5038 129 34 visitors
2467 5044 32 28 to

1743 5089 54 34 the
1823 5089 203 42 Exhibition,
2051 5091 65 33 and
2138 5094 174 44 especially
2336 5100 82 29 ten
2429 5108 52 21 -ws-

1743 5157 99 33 paper
1846 5159 83 21 anen
1940 5148 65 33 and
2017 5148 106 34 lovers
2133 5150 33 33 ef
2173 5151 120 43 unique
2303 5153 176 34 literature.

1787 5267 50 33 Mr
1867 5267 202 40 Yanderbilt,
2102 5263 44 48 orl,
2174 5270 130 43 coming
2331 5272 68 34 into
2430 5284 52 32 pos-

1744 5326 120 31 session
1896 5325 35 32 of
1958 5325 139 33 General
2128 5329 132 32 Grant's
2284 5336 153 37 property
2468 5342 33 20 as

1745 5383 140 42 security
1902 5381 47 35 for
1966 5381 47 35 his
2031 5383 74 33 loan
2122 5383 35 33 of
2171 5386 133 39 150,000
2328 5385 118 35 dollars
2470 5391 30 32 to

1743 5440 56 31 the
1818 5441 148 34 General,
1983 5441 119 31 offered
2118 5446 32 27 to
2168 5448 130 36 present
2319 5444 54 31 the
2396 5446 106 31 whole

1746 5496 34 33 of
1792 5497 25 33 it
1834 5506 32 24 to
1884 5496 68 35 Mrs
1962 5498 115 38 Grant,
2088 5498 83 40 who,
2185 5499 160 42 however,
2358 5501 144 35 declined

1745 5554 55 34 the
1814 5553 68 45 gilt.

1788 5623 89 37 ONE
1889 5622 93 35 IBOX
1994 5624 54 34 OF
2060 5625 211 33 CLAKKE'S
2286 5626 26 33 B
2326 5630 37 30 41
2374 5628 129 34 PILLS

1746 5672 26 31 is
1788 5671 185 34 warranted
1992 5677 37 28 to
2053 5684 72 21 cure
2142 5673 43 32 all
2209 5674 186 43 discharges
2418 5678 84 32 from

1747 5717 56 32 the
1821 5717 142 42 Urinary
1974 5718 136 41 Organs,
2119 5718 33 31 in
2162 5719 102 33 either
2275 5731 54 21 sex
2340 5723 163 41 (acquired

1748 5775 35 22 or
1806 5762 270 40 constitutional),
2102 5764 128 39 Gravel,
2262 5767 62 33 and
2349 5768 99 34 Pains
2472 5769 32 33 in

1730 5809 3 44 I
1748 5810 54 31 the
1816 5809 97 33 Back.
1942 5811 207 31 Guaranteed
2163 5812 63 32 free
2239 5813 84 31 from
2343 5815 160 38 Mercury.

1750 5855 75 34 Sold
1842 5855 33 33 in
1893 5856 116 38 Boxes,
2027 5857 35 31 4s
2074 5856 40 33 Gd
2125 5858 90 38 each,
2228 5858 41 42 by
2283 5858 43 35 all
2340 5860 163 36 Chemists

1749 5902 65 33 and
1830 5902 118 35 Patent
1966 5902 159 35 Medicine
2143 5904 166 41 Vendors;
2337 5907 73 36 Sole
2428 5908 56 35 Pro-

1748 5950 147 41 prietors,
1933 5950 73 32 The
2051 5950 152 34 Lincoln
2239 5963 66 22 and
2343 5954 162 34 Midland

1750 5994 169 34 Counties
1943 5994 101 35 Drug
2071 5996 68 40 Co.,
2166 5997 148 42 Lincoln,
2339 5999 166 44 England.

1750 6040 186 36 Wholesale
1954 6041 35 35 of
2001 6043 43 33 all
2062 6042 54 35 the
2134 6044 183 36 Wholesale
2335 6047 141 33 Houses.

2615 228 161 44 THE
2875 225 308 46 MINES.

2591 341 109 40 (Fkom
2732 351 67 23 our
2832 343 134 31 Mining
2994 341 211 40 Rbportkr.;

2902 435 139 39 Friday,
3060 433 114 34 March
3192 434 49 33 20.

2566 491 133 35 Un'itid
2715 491 280 36 Alpini.Sinee
3014 492 62 35 last
3094 498 117 39 report,
3229 491 55 35 the

2522 548 127 42 batttry
2672 550 59 31 has
2755 551 112 31 ceased
2885 551 155 41 crushing
3061 551 143 41 pending
3227 551 55 31 the

2523 604 210 36 substitution
2756 605 35 34 of
2809 617 20 22 a
2844 617 70 23 new
2931 606 128 43 driving
3081 618 76 31 gear
3179 606 103 44 plant,

2523 661 127 34 instead
2667 661 37 35 of
2716 661 55 34 the
2790 661 53 35 old
2865 662 167 34 over-shot
3053 663 114 33 wheel.
3213 663 70 33 The

2522 720 159 32 excellent
2696 726 111 26 return
2823 720 35 33 of
2870 722 118 31 2570zs
3001 721 35 32 of
3042 722 142 32 retorted
3196 721 87 43 gold,

2524 776 84 33 from
2644 776 61 33 442
2740 780 85 36 tons,
2863 776 153 34 obtained
3060 781 32 30 at
3128 777 55 34 the
3222 778 64 33 last

2524 833 221 44 cleaning-up,
2761 833 27 33 is
2804 833 138 34 another
2954 834 94 43 proof
3056 835 37 32 of
3098 834 55 34 the
3168 834 116 43 highly

2522 890 138 43 payable
2676 902 137 31 average
2833 891 104 33 which
2954 892 55 33 the
3024 893 95 33 block

2524 945 78 33 Nos.
2627 948 17 30 5
2669 945 64 33 and
2756 947 18 31 6
2795 946 98 32 levels
2916 954 191 36 represents.
3154 949 50 32 On
3229 948 54 32 the

2526 1005 86 34 17th,
2647 1004 55 32 the
2732 1016 77 29 very
2842 1005 203 39 satisfactory
3077 1006 206 43 intelligence

2524 1073 65 22 was
2616 1060 141 43 brought
2781 1061 34 38 in
2841 1061 42 44 by
2913 1061 50 40 l[r
2989 1061 197 40 Conradsen,
3212 1063 72 34 that

2524 1120 55 33 the
2609 1131 61 21 rise
2698 1121 83 34 from
2811 1121 59 32 No.
2909 1122 29 38 6,
2977 1121 65 33 had
3072 1122 81 32 been
3184 1120 97 39 hoW

2527 1176 137 42 j:U'ugh
2688 1187 33 23 to
2744 1178 60 33 No.
2830 1180 28 38 5,
2884 1178 63 33 and
2971 1178 70 34 that
3071 1192 41 19 on
3140 1180 54 32 the
3220 1178 64 42 day

2524 1234 160 44 previous,
2697 1248 18 20 a
2727 1235 86 42 large
2831 1235 84 44 body
2931 1237 33 32 of
2974 1242 103 33 stone,
3092 1235 191 45 apparently

2524 1302 78 31 veiy
2625 1292 174 37 extensive,
2828 1292 65 31 had
2916 1291 81 33 been
3024 1293 110 32 struck
3160 1304 39 20 on
3228 1293 55 32 the

2524 1347 235 43 hanging-wall
2783 1348 77 35 side.
2906 1349 68 32 The
2998 1349 62 32 last
3084 1354 122 35 retarn,
3232 1350 53 33 the

2523 1406 197 43 completion
2752 1407 35 34 of
2815 1407 60 34 No.
2907 1408 18 33 6
2956 1408 179 36 rise,one
3166 1408 35 33 of
3231 1408 53 33 the

2524 1463 146 34 heaviest
2693 1464 65 32 and
2782 1474 85 24 moat
2890 1465 165 33 extensive
3083 1465 104 35 works
3212 1477 72 21 ever

2524 1519 201 35 undertaken
2744 1521 32 32 in
2794 1521 54 33 the
2865 1522 99 39 mine,
2982 1528 77 27 next
3079 1528 30 26 to
3127 1522 53 32 the
3203 1522 66 33 driv-

2529 1578 57 39 ing
2599 1578 38 33 of
2656 1578 55 34 the
2732 1578 64 35 last
2812 1578 93 41 level,
2929 1578 65 35 and
3015 1580 55 33 the
3095 1579 139 44 striking
3256 1580 35 34 of

2525 1635 56 32 the
2610 1635 53 42 big
2687 1635 106 40 block,
2819 1637 42 32 all
2888 1637 148 32 combine
3068 1642 31 27 to
3130 1638 71 40 give
3232 1638 55 34 the

2527 1692 108 35 future
2659 1691 35 35 of
2713 1691 64 35 this
2794 1705 162 31 company
2972 1705 97 31 every
3093 1696 140 42 promise
3258 1697 33 31 of

2527 1760 79 22 Koon
2629 1749 175 42 besoming
2827 1761 19 21 a
2872 1751 99 41 really
2999 1762 192 31 prosperous
3216 1763 70 21 one.

2529 1805 68 32 The
2621 1805 128 46 battery
2773 1806 26 32 is
2822 1818 18 21 a
2863 1818 93 21 scene
2984 1807 35 34 f
3040 1815 90 34 great
3155 1808 136 43 activity

2521 1863 71 40 just
2608 1874 84 27 now,
2710 1863 65 33 and
2796 1863 50 33 Mr
2862 1864 127 32 Waters
3001 1865 26 34 is
3042 1865 112 42 taking
3170 1865 100 33 advan-

2529 1923 72 37 tage
2627 1917 35 35 of
2679 1917 54 35 the
2764 1924 131 38 present
2925 1924 166 40 stoppage,
3117 1922 34 32 in
3175 1922 110 44 giving

2528 1978 193 41 everything
2751 1990 18 21 a
2800 1978 162 40 thorough
2997 1981 166 32 overhaul.
3223 1983 68 32 The

2529 2032 105 31 wheel
2644 2032 26 31 is
2686 2032 43 31 all
2742 2032 107 36 down,
2864 2038 114 38 except
2991 2035 54 31 the
3057 2035 115 39 frame,
3184 2036 107 32 which

2530 2087 64 34 will
2610 2087 38 35 be
2665 2088 111 35 roofed
2793 2090 64 33 and
2873 2090 310 43 weather-boarded,
3206 2103 34 24 so
3258 2105 35 21 as

2529 2150 35 28 to
2580 2145 76 35 thus
2672 2157 89 23 serve
2778 2146 48 35 for
2842 2146 53 35 the
2911 2159 73 22 new
2997 2149 201 45 machinery.
3225 2150 67 37 The

2530 2203 116 36 tunnel
2677 2203 148 34 tail-race
2854 2204 28 33 is
2912 2207 195 43 completed,
3142 2209 65 31 and
3237 2210 55 31 the

2529 2260 105 34 hands
2664 2272 54 23 are
2740 2272 75 25 now
2838 2261 158 45 finishing
3025 2264 181 46 deepening
3237 2267 54 35 the

2530 2319 179 43 wheel-pit.
2764 2321 112 33 Inside
2908 2323 56 31 the
2994 2324 155 32 machine
3179 2326 94 33 house-

2531 2385 89 23 seme
2645 2375 35 34 of
2699 2375 55 35 the
2778 2374 139 36 leerdans
2940 2389 53 22 are
3016 2377 98 45 being
3136 2379 155 43 re-lined;

2531 2444 71 21 new
2625 2432 96 41 guide
2737 2430 75 37 bar's
2835 2446 53 21 are
2912 2434 97 44 being
3031 2441 60 40 put
3113 2449 43 31 up
3171 2449 7 28 ;
3203 2450 88 21 earns

2531 2489 64 34 and
2611 2488 85 36 disci
2711 2490 98 45 being
2825 2493 209 43 re-arranged
3049 2495 65 33 and
3128 2506 72 23 new
3213 2495 56 45 key-

2531 2558 88 30 ways
2635 2553 74 36 eut;
2726 2560 90 23 some
2832 2549 40 33 of
2881 2550 55 34 the
2950 2556 145 40 stamper
3105 2553 74 33 rods
3194 2554 96 44 being

2530 2606 148 42 replaced
2707 2606 43 43 by
2779 2619 72 23 new
2884 2619 89 29 ones,
3011 2610 66 33 and
3112 2613 179 41 generally,

2530 2674 98 35 every
2650 2669 72 42 part
2745 2664 97 47 being
2862 2665 117 37 looked
3009 2667 94 44 after,
3124 2669 65 35 and
3213 2682 76 23 seem

2530 2728 43 28 to.
2620 2723 82 33 New
2710 2724 165 42 stringers,
2890 2726 86 39 rails,
2990 2726 112 32 rollers
3111 2728 64 30 and
3189 2728 99 31 cleats

2530 2780 98 44 being
2646 2785 59 40 put
2719 2782 70 33 into
2806 2782 54 34 the
2872 2782 100 35 lower
2983 2784 129 41 incline,
3124 2785 119 41 whieh,
3258 2787 34 33 of

2530 2848 121 30 course,
2675 2838 67 36 will
2764 2838 38 34 be
2825 2838 55 34 the
2903 2839 78 45 oily
3004 2851 59 27 one
3094 2852 74 24 now
3197 2842 89 36 used.

2534 2895 73 33 Iron
2624 2894 77 34 rails
2716 2895 96 44 being
2828 2896 65 33 laid
2907 2897 104 40 down,
3023 2899 97 41 along
3131 2899 58 34 flat
3202 2906 85 27 tram

2529 2951 145 34 between
2691 2952 61 34 No.
2772 2954 19 32 6
2814 2952 93 35 shoot
2923 2954 64 35 and
3002 2954 100 34 lower
3117 2955 147 43 paddock
3277 2968 9 28 ;

2529 3006 108 35 whieh
2654 3006 27 33 is
2690 3006 102 35 fiilled
2802 3011 35 30 to
2848 3009 207 44 overflowing
3065 3011 78 32 with
3161 3018 124 36 quartz.

2530 3065 68 32 The
2615 3070 199 30 contractors
2835 3067 50 32 for
2898 3069 167 40 renewing
3087 3070 156 40 portions,
3256 3070 35 32 of

2529 3119 55 35 the
2601 3119 185 42 head-race,
2804 3132 53 24 are
2880 3121 135 46 making
3030 3123 84 44 good
3129 3135 158 34 progress.

2529 3179 68 31 The
2626 3183 109 42 stopes
2762 3191 54 21 are
2846 3186 57 26 not
2938 3182 97 42 being
3063 3184 131 31 worked
3220 3185 69 41 just

2529 3248 86 30 now,
2638 3236 55 36 the
2715 3235 107 37 haadi
2844 3237 96 47 beiaag
2962 3238 45 36 all
3031 3240 171 36 otherwise
3233 3254 36 23 en-

2528 3294 104 45 gaged
2669 3297 34 31 at
2739 3295 190 44 logging-up
2959 3307 121 33 passes,
3118 3301 66 38 &c,
3223 3300 65 33 and

2529 3365 129 22 various
2682 3353 94 34 other
2799 3354 124 33 outside
2952 3355 115 33 works.
3114 3357 95 34 Since
3233 3359 55 33 the

2525 3411 64 32 rise
2605 3421 67 22 was
2686 3409 99 34 holed
2802 3411 141 42 through
2960 3416 32 29 to
3010 3412 60 35 No-.
3088 3415 28 37 5,
3138 3414 54 33 the
3210 3427 55 21 eon-

2526 3469 87 32 taet
2627 3466 106 36 hands
2748 3467 84 35 have
2848 3467 81 35 been
2945 3469 146 45 engaged
3110 3471 138 45 making
3270 3483 18 25 a

2523 3525 159 33 chamber
2703 3530 33 28 to
2760 3533 138 27 connect
2919 3527 143 33 between
3084 3529 35 37 it,
3143 3532 65 31 and
3233 3531 57 35 the

2528 3579 95 35 level
2668 3581 108 34 When
2799 3581 64 34 this
2886 3581 27 34 is
2936 3587 56 29 out
3007 3583 35 34 of
3060 3584 97 42 hand,
3173 3587 27 32 it
3222 3588 67 33 will

2528 3642 59 27 not
2604 3636 74 34 take
2701 3637 77 43 long
2793 3645 33 26 to
2842 3638 76 33 trim
2935 3639 63 33 aud
3020 3640 112 43 log-un
3156 3642 55 34 the
3236 3650 54 38 top

2524 3694 66 34 end
2623 3694 33 34 of
2681 3695 58 34 ,the
2769 3697 72 33 rise.
2886 3697 118 35 Hands
3028 3699 165 45 repairing
3223 3702 66 33 and

2528 3752 139 44 making
2688 3752 62 36 rise
2774 3754 86 44 good
2884 3754 99 39 ajeove
3013 3756 61 33 No.
3098 3758 19 33 4
3147 3761 143 34 towards

2528 3811 137 34 surface.
2709 3810 165 36 Tributers
2891 3812 82 34 have
2989 3814 116 33 tunnel
3118 3815 115 35 driven
3251 3818 38 34 IS

2528 3875 64 26 sets
2614 3879 44 23 on
2685 3868 109 35 leader
2816 3869 101 34 above
2942 3871 62 33 No..
3028 3873 18 33 4
3072 3871 99 43 level;
3196 3881 92 28 stone

2527 3935 79 32 very
2621 3925 129 43 regular
2766 3926 64 34 and
2846 3927 75 41 gold
2937 3928 147 42 payable.

2571 3982 137 33 United-
2721 3982 205 35 Italy.No
2944 3984 124 44 change
3081 3985 86 36 here.
3215 3988 58 36 The-

2528 4040 153 35 tributers
2711 4052 53 23 are
2795 4041 65 35 still
2893 4043 102 42 rising
3031 4045 65 32 and
3135 4045 151 45 blooking

2528 4097 95 33 north
2641 4097 64 34 and
2721 4099 97 33 sonth
2834 4110 41 23 on
2891 4099 118 35 leader.
3056 4101 96 34 Some
3174 4104 36 33 of
3229 4104 55 35 the

2528 4156 126 39 ground
2669 4157 60 31 has
2744 4157 82 32 been
2842 4157 91 37 hard,
2952 4158 56 33 but
3023 4159 26 32 it
3070 4161 166 41 improve*
3253 4176 35 19 as

2528 4212 79 45 they
2635 4212 75 37 rise.
2755 4213 68 37 The
2846 4211 184 39 formation'
3050 4217 151 45 carrying
3233 4218 54 38 the

2529 4277 91 26 stone
2636 4273 27 31 is
2678 4283 78 32 very
2771 4273 94 42 good,
2889 4274 65 31 and
2969 4275 55 31 the
3048 4280 113 38 quartz
3178 4278 107 33 which

2529 4327 105 33 varies
2667 4327 37 33 in
2742 4329 63 33 size
2841 4340 74 22 now
2952 4329 63 34 and
3053 4330 90 42 then,
3180 4333 107 35 shows

2529 4384 137 44 payable
2684 4384 86 44 gold.

2573 4443 133 32 United
2723 4444 281 34 Victory.Five
3022 4447 99 35 heads
3135 4451 64 33 still
3211 4463 57 24 run-

2529 4499 79 44 ning
2624 4500 85 41 here,
2727 4502 65 33 and
2803 4502 52 34 the
2867 4513 207 36 cleaning-up
3091 4513 33 28 to
3142 4508 36 34 be
3193 4511 96 34 made

2532 4555 65 35 this
2627 4558 127 33 month.
2800 4559 67 34 The
2896 4567 130 38 out-put
3048 4563 35 34 of
3108 4571 93 29 stone
3232 4568 59 34 has

2531 4614 172 33 slackened
2726 4616 35 32 of
2780 4617 74 39 late,
2879 4619 108 43 owing
3009 4624 33 29 to
3067 4633 18 22 a
3108 4624 127 44 variety
3258 4628 35 32 of

2531 4682 110 22 causes
2678 4671 122 44 having
2835 4673 98 35 taken
2974 4676 54 34 the
3067 4678 105 35 hands
3210 4683 63 34 else-

2531 4727 120 33 where.

2573 4784 70 35 Tyr
2660 4785 312 39 Connbll.Work
2995 4791 105 35 inside
3123 4794 55 35 the
3202 4799 89 33 mine

2531 4841 97 43 going
2651 4854 42 22 on
2717 4855 33 22 as
2774 4845 105 40 usual,
2904 4847 55 33 the
2989 4848 106 36 hands
3237 4868 41 21 en
3283 4878 7 4 .

2532 4898 102 43 gaged
2660 4899 34 33 in
2717 4901 150 43 carrying
2893 4908 63 29 two
2978 4908 108 42 stopes
3113 4908 96 47 along
3239 4912 54 35 the

2531 4957 113 39 length
2672 4958 35 32 of
2728 4958 54 34 the
2810 4960 93 33 block
2922 4963 70 41 just
3014 4977 77 22 over
3119 4969 53 33 the
3198 4971 94 34 level.

2534 5013 98 34 Stone
2664 5014 139 46 keeping
2834 5020 92 33 usual
2951 5021 76 40 size,
3054 5025 65 34 and
3149 5028 35 33 of
3211 5031 83 39 goo<3

2529 5071 141 44 quality.
2715 5072 107 35 When
2840 5080 25 28 it
2882 5076 58 34 has
2957 5078 80 35 been
3055 5084 114 43 stoped
3185 5098 42 22 on
3241 5088 55 35 the

2533 5129 115 43 height
2677 5130 36 34 of
2739 5132 54 33 the
2823 5135 72 38 rise,
2927 5148 17 21 a
2973 5139 156 46 crushing
3159 5146 66 33 will
3256 5148 39 33 b

2534 5186 105 34 made.

805 95 136 49 THE
1011 98 218 51 LYELL
1294 102 220 52 TIMES,
1581 98 365 55 SATURDAY,
2017 95 231 50 MARCH
2320 111 66 40 21,
2464 94 129 60 1885.

175 383 183 40 BUJ.LER
379 383 119 36 ROAD
517 382 373 35 IMPROVEMENTS.

237 477 199 36 BRIDGES
452 476 241 41 CONTRACT,
712 475 61 35 No.
792 478 27 32 2.

154 569 276 73 WRITTEN
463 568 210 35 TENDERS
701 567 64 34 will
795 567 38 35 be
865 579 30 23 re-

305 616 108 33 ceived
431 621 32 28 at
480 617 52 32 th
558 617 77 31 Post
651 615 64 32 and
732 613 178 45 Telegraph

155 663 111 36 Office,
287 663 176 44 Westport,
479 661 82 35 until
578 662 114 32 NOON
711 661 30 33 of
753 661 131 33 SATUR-

157 711 99 32 DAY,
274 710 55 33 the
345 710 56 31 4th
424 710 116 38 April,
560 710 89 33 1885.
671 716 47 25 ior
733 708 53 31 the
811 707 100 33 above

157 756 66 32 Cod
230 763 90 26 tract.
365 753 91 45 They
471 765 53 23 are
541 761 31 26 to
589 753 37 33 be
647 752 134 34 marked
797 762 43 24 on
858 752 52 33 the

157 802 133 36 outside,
350 801 17 32 1
381 802 98 35 endev
503 800 48 34 for
580 800 112 33 Buller
722 799 91 33 Road
844 799 43 33 Im-

157 852 207 41 provements
417 847 135 42 Bridges
583 850 153 30 Contract
766 845 60 33 No.

157 896 64 30 and
244 895 172 31 addressed
439 898 32 28 to
496 894 53 31 the
566 894 88 31 Hon,
679 893 53 31 tht;
760 891 148 32 Minister

157 938 48 36 for
222 938 111 35 Public
357 937 126 41 Works,
508 936 172 45 Westport.
728 934 180 43 Drawings,

158 987 245 42 specifications,
421 987 62 31 and
501 986 126 37 jervernl
642 983 181 37 conditions
832 993 76 31 mny

158 1032 35 34 be
211 1044 73 22 seen
303 1036 32 30 at
351 1030 54 35 the
424 1032 75 31 Tost
515 1029 63 34 ;;nd
598 1028 178 44 TiUtfr.iph
797 1027 111 41 Office,

157 1080 172 44 Westport.
375 1079 67 33 The
460 1079 111 33 lowest
588 1089 34 21 ot
638 1089 63 30 any
724 1079 111 31 tender
852 1086 56 21 not

157 1126 194 43 necessarily
367 1125 160 44 accepted,

197 1185 50 44 By
264 1183 192 36 Command.

463 1242 35 33 F.
527 1241 46 32 W.
600 1239 186 37 MARTIN,

522 1286 155 32 lif-sidtfut
696 1287 172 40 Eugiweei*.

237 1345 111 34 Public
365 1341 115 38 Works
498 1346 24 31 0
536 1357 71 24 iicc

195 1391 173 42 Westnort,
388 1392 73 34 14th
484 1391 121 40 Mnivh,
626 1392 86 35 188*.

224 1630 183 33 BULLER
429 1630 181 34 COUNTY
634 1630 206 37 COUNCIL*

152 1769 13 26 I
176 1757 224 50 pENDERS
416 1757 65 34 will
498 1757 36 33 be
551 1759 145 33 received
711 1757 84 35 until
814 1759 94 31 Noon
925 1749 2 58 |

270 1832 41 21 on
329 1820 181 39 FRIDAY,
527 1819 54 35 the
601 1820 74 35 2?tli
694 1820 87 40 in**.,
802 1821 45 32 for
856 1821 53 32 the
925 1802 2 62 j

151 1882 342 33 CONSTRUCTION
526 1882 34 32 of
589 1882 117 33 ROAD
736 1893 33 22 <o
798 1883 114 31 Victor

153 1945 165 38 Emanuel
332 1945 109 43 claim,
461 1947 75 35 New
553 1946 113 36 Creek.

195 2060 98 34 Plans
310 2058 64 37 aid
390 2059 236 47 Specification,
643 2072 77 34 nray
737 2065 38 30 be
793 2074 74 22 seen
878 2069 31 27 at

153 2118 62 39 Jtfr.
233 2119 30 33 J.
282 2118 162 35 Fennell's
461 2126 94 26 store.
576 2119 99 43 Lyeil.

193 2234 69 34 The
285 2244 131 24 lowest
440 2246 35 24 or
499 2246 63 33 any
588 2234 111 39 tender
721 2239 57 31 not
802 2248 89 22 neces-

153 2299 100 44 sarily
271 2300 159 44 accepted.

371 2361 189 35 EUGENE
584 2356 201 47 (KIONOR,

675 2427 49 33 Ch
731 2430 137 30 airman.

193 2487 175 38 Westport,
384 2488 77 36 20th
480 2489 124 41 March,
625 2491 88 33 1885.

249 2589 221 35 FINAL
517 2590 28 32 N
572 2592 25 31 0
622 2592 24 31 T
670 2591 17 34 1
708 2591 26 33 C
759 2591 27 35 E
803 2617 12 8 ,

151 2704 220 38 'TsTOTICE
403 2707 27 31 is
465 2706 122 41 hereby
619 2707 108 41 given,
763 2708 74 32 that
868 2709 42 31 all

280 2764 165 35 Accounts
458 2763 61 36 due
537 2770 31 30 to
586 2766 39 33 E
645 2766 34 34 P..
699 2766 124 35 Smyhk,
847 2766 63 35 late

155 2819 35 34 of
532 2830 89 27 must
633 2822 40 35 fee
696 2824 76 33 mk\
797 2831 31 26 to
854 2824 72 41 the}

153 2876 219 45 undersigned
387 2890 42 21 on
446 2890 35 21 or
497 2879 37 32 be
539 2891 63 21 .ore
625 2881 74 32 '2Bth
720 2882 179 32 February
905 2908 10 13 >

157 2934 88 32 1885.

197 2989 51 31 All
266 2999 153 23 accounts
433 2996 59 27 not
506 2991 88 45 paid,
612 3003 39 22 or
665 2991 114 35 settled
798 2994 49 32 (or
870 2994 41 43 by

155 3046 55 33 the
227 3046 100 34 above
344 3047 83 39 date,
447 3049 66 34 will
532 3048 40 35 be
598 3051 79 34 sued
696 3055 50 30 io>r
769 3052 139 34 without

157 3102 126 35 further
298 3104 117 34 notice.

457 3151 31 34 J.
513 3152 30 34 J.
572 3153 256 39 MOYNIHAN,

708 3212 157 36 Solicitor.

196 3265 176 44 Westport,
390 3268 58 31 6:h
464 3269 166 42 February
657 3272 91 32 1885,

158 3365 176 36 UNITED
357 3367 167 34 ALPINE
543 3370 177 41 QUARTZ
745 3372 168 34 MINING

304 3429 222 41 COMPANY,
550 3432 207 35 LIMITED.

267 3619 210 35 MEETING
482 3622 41 33 -of
525 3621 397 43 SHAREHOLDERS,!

157 3679 66 36 will
240 3681 37 35 be
295 3681 75 36 held
386 3688 33 30 at
434 3683 55 36 the
503 3685 201 46 Company's
712 3688 115 40 Office,
840 3690 77 35 Cliff

158 3745 115 41 Street,
311 3747 104 44 Lyell,
454 3760 41 23 on
532 3751 257 41 THURSDAY,
835 3756 79 33 30th

155 3808 148 42 APRIL,
327 3811 90 39 1885,
442 3818 33 27 at
490 3812 55 35 the
569 3813 82 35 hour
673 3815 35 34 of
729 3817 38 32 10
790 3817 124 33 o'clock

437 4000 184 37 Business*:

229 4060 54 35 To
318 4064 124 33 receive
477 4065 176 35 Director's
682 4067 125 44 Report
848 4069 65 33 and

152 4123 6 30 f
318 4126 141 36 Balance
477 4128 108 42 Sheet,
602 4129 64 36 and

157 4185 8 46 [
238 4186 51 37 To
304 4187 80 37 elect
398 4188 166 38 Directors
581 4191 64 36 and
660 4192 166 37 Auditors.

445 4253 153 37 j.&vm
623 4257 167 39 INGLIS,

706 4316 167 47 Manager.

207 4376 104 45 Lyell,
329 4377 76 35 20tli
425 4379 125 42 Mar*h,
567 4381 91 35 1885.

2576 5289 216 43 Twenty-two
2823 5294 122 37 Italian
2974 5300 91 36 cities
3104 5317 72 23 now
3213 5310 83 34 have

2534 5341 183 38 crematory
2733 5338 158 36 furnaces.

2578 5392 49 33 An
2644 5392 178 47 aboriginal
2838 5398 33 34 i
2888 5400 144 38 Victoria
3049 5407 114 37 kicked
3175 5412 50 35 his
3243 5415 54 42 gin

2534 5454 32 26 to
2592 5449 107 34 death.
2747 5452 63 35 She
2827 5456 64 33 had
2909 5470 120 35 money
3052 5466 65 32 and
3140 5470 157 35 wouldn't

2536 5507 117 34 divide.
2700 5510 78 34 This
2795 5524 109 25 comes
2928 5520 34 31 of
2978 5520 174 49 educating
3176 5527 120 36 blacks.

2538 5564 50 33 He
2613 5564 65 36 had
2701 5567 157 49 probably
2884 5573 79 36 been
2994 5579 137 46 reading
3154 5596 18 23 a

2537 5632 107 34 paper.

2520 5670 2 66 |
2579 5682 197 37 TOWLE'S
2796 5687 304 44 PENNYROYAL
3114 5701 22 30 &
3152 5701 146 35 STEEL

2539 5726 231 38 HLLSFOK
2788 5732 213 42 FEMALES
3023 5744 133 44 quickly
3178 5706 120 78 eoS

2538 5776 42 30 ah
2596 5776 240 45 irregularities,
2855 5785 199 39 and-relieve
3079 5792 55 34 the
3150 5794 128 36 distress-

2537 5829 57 30 ing
2607 5826 185 39 symptoms
2810 5838 34 21 so
2860 5832 170 40 prevalent
3048 5837 78 34 with
3146 5840 61 34 -tbe
3232 5853 56 22 sex

2537 5866 107 33 Loxes
2661 5869 34 31 Is
2714 5870 59 34 lid
2790 5875 65 31 and
2871 5879 34 30 2s
2922 5878 64 42 9d,
3010 5882 35 33 of
3065 5884 42 34 aH
3126 5886 171 36 Chemist

2539 5911 161 47 Prepared
2717 5919 78 43 only
2812 5920 43 46 by
2879 5924 38 33 I.
2936 5926 36 34 T.
2994 5927 120 46 Towle,
3140 5934 155 37 Chemist

2540 5960 219 43 tnncham
2795 5968 165 40 England.
3007 5974 185 39 Wholesale
3208 5982 36 31 of
3253 5983 43 31 dl>

2538 6007 56 31 the
2621 6007 183 38 Wholesale
2828 6013 141 40 Houses.
3016 6020 134 40 Beware
3173 6026 37 35 of
3228 6026 53 36 Jir
3282 6050 11 13 r

2534 6054 150 34 ilatiens.
