3438 6182
143 1932 174 37 MINING
367 1933 322 38 REGULATIONS
738 1937 156 34 UNDER

402 1982 143 34 MINES
569 1984 94 34 ACT,

184 2056 74 43 Any
274 2067 115 32 person
407 2054 205 45 discovering
622 2067 70 25 new
709 2058 73 41 gold
795 2059 80 33 work-

142 2104 68 41 ing,
233 2102 64 33 and
320 2102 97 42 being
437 2102 147 34 desirous
608 2105 35 32 of
659 2105 173 44 obtaining
856 2118 39 21 an

142 2149 168 35 increased
333 2161 74 22 area
429 2149 134 35 thereon
595 2151 83 34 shall
702 2152 89 33 mark
815 2152 44 34 off
880 2166 17 20 a

142 2196 208 43 prospecting
366 2196 107 35 claim,
491 2209 34 18 ;ts
542 2198 153 41 provided
713 2199 32 31 in
762 2199 112 39 KefuL-

142 2242 70 32 tion
229 2241 48 40 11,
294 2241 64 34 and
371 2241 82 34 shall
464 2241 223 47 immediately
699 2252 106 36 report
819 2246 77 33 such

143 2289 168 41 discovery
348 2288 78 32 with
457 2290 58 31 full
545 2290 191 41 particulars
774 2299 31 25 to
843 2293 54 31 tli«

143 2333 155 42 Warden,
321 2333 65 35 and
413 2333 54 35 the
490 2335 125 41 ground
642 2349 33 21 so
699 2337 132 35 marked
856 2333 56 56 off|

143 2381 84 32 •hall
243 2380 37 32 be
297 2382 164 40 protected
478 2384 82 29 until
578 2384 55 30 the
662 2384 136 31 Warden
816 2386 82 31 shall

142 2424 83 36 kave
241 2424 115 46 finally
370 2425 127 35 refused
515 2438 35 22 or
565 2427 135 44 granted
713 2428 53 36 the
781 2429 95 35 cUim
890 2441 8 30 ;

144 2473 57 31 but
231 2473 55 32 the
316 2473 142 31 Warden
485 2485 86 30 may,
602 2476 26 30 if
655 2478 39 28 he
726 2476 94 32 think
852 2478 47 36 fit,

142 2517 119 34 refrain
290 2517 85 34 from
398 2518 154 44 granting
581 2531 36 22 or
645 2520 146 42 refusing
821 2522 78 34 sncli

142 2565 99 33 elaim
267 2565 86 33 until
375 2565 55 33 the
454 2566 125 41 ground
603 2567 85 33 shall
709 2568 83 32 have
820 2570 80 31 be«n

142 2609 119 35 visited
276 2610 42 45 by
334 2609 135 35 himself
480 2622 36 23 or
527 2611 40 46 by
579 2623 128 34 anyone
724 2615 175 44 appointed

139 2655 47 46 ky
201 2657 82 33 him.

187 2704 131 34 Notices
328 2703 35 34 of
370 2703 43 35 all
422 2704 207 45 prospecting
640 2706 115 35 claims
766 2708 135 42 granted

144 2749 79 33 with
248 2749 59 33 full
330 2751 193 41 particulars
539 2753 35 31 of
595 2754 140 41 'ocality,
760 2754 86 42 yield
870 2756 35 31 of

144 2794 87 45 gold,
248 2795 65 34 and
323 2795 195 46 description
531 2797 36 34 of
580 2798 173 45 workings,
767 2800 83 34 shall
864 2801 37 34 be

144 2841 115 44 posted
281 2842 44 41 by
348 2841 54 34 the
419 2843 141 33 Warden
575 2855 43 22 on
641 2846 54 32 the
719 2847 127 33 outside
870 2849 31 31 of

145 2888 51 32 his
213 2887 91 34 office
320 2887 50 34 for
384 2888 107 43 public
514 2891 221 33 information.
911 2887 1 44 \

190 2934 32 31 It
238 2933 83 32 shall
336 2939 58 27 not
409 2934 38 32 bo
464 2935 109 31 lawful
587 2937 46 30 for
645 2937 54 31 the
715 2937 141 33 Warden
869 2933 43 38 to!

146 2982 96 39 grant
268 2989 22 22 &
314 2979 204 43 prospecting
538 2979 99 35 claim
663 2981 49 34 for
736 2994 64 32 any
831 2996 67 21 now
911 2977 1 57 j

146 3024 168 42 discovery
342 3029 35 28 at
408 3037 18 21 a
455 3026 63 32 less
553 3027 144 33 distance
729 3029 78 33 than
840 3036 72 32 two!

145 3069 95 36 miles
256 3070 84 35 from
356 3082 65 34 any
437 3073 184 44 previously
645 3075 139 43 existing
800 3069 112 49 work-j

146 3118 73 40 irigs
247 3118 33 31 in
308 3118 133 33 alluvial
464 3120 136 40 ground,
618 3133 60 20 nor
700 3127 28 28 tr
756 3130 98 31 grant
885 3137 17 19 a

146 3162 207 45 prospecting
375 3164 96 34 claim
488 3165 48 33 for
559 3178 65 32 any
640 3179 71 22 new
738 3168 164 45 Jiscovery

146 3210 36 31 of
205 3222 17 20 a
247 3214 114 39 qwarti
383 3212 72 32 reef
468 3218 33 26 at
524 3224 18 20 a
563 3213 63 32 less
651 3214 145 34 distance
822 3212 90 49 thanj

145 3254 69 35 half
236 3267 19 22 a
274 3255 77 35 mile
367 3263 83 29 from
467 3270 64 32 any
555 3259 184 45 previously
763 3262 139 43 existing
911 3254 1 51 \

145 3308 113 38 quart*
274 3303 174 44 workings-.

189 3351 110 42 Every
328 3353 206 42 prospecting
563 3351 95 36 claim
689 3354 94 41 shr.ll,
821 3344 91 45 after'

146 3395 98 44 toeing
268 3396 147 40 marked,
440 3398 37 33 be
501 3398 75 33 held
600 3398 41 45 by
665 3412 60 21 ono
748 3412 78 23 man
854 3414 45 22 re-
911 3395 1 48 1

146 3442 151 43 maining
319 3456 42 21 on
383 3444 57 34 the
465 3447 125 40 ground
614 3447 118 41 during
756 3450 146 41 working

146 3488 99 33 hours
267 3490 85 32 until
365 3488 56 34 the
444 3489 196 45 application
657 3494 26 31 is
700 3494 86 33 dealt
810 3496 78 33 with

146 3530 76 46 and,
238 3534 28 35 if
277 3536 147 43 granted,
441 3537 54 34 the
512 3538 96 34 claim
624 3546 99 35 must,
736 3541 109 34 unless
858 3542 42 44 by

146 3583 118 42 special
279 3584 194 42 permission
490 3586 35 31 of
537 3586 54 31 the
607 3587 151 39 Warden,
770 3588 37 33 be
821 3590 78 38 fully

145 3629 154 43 occupied
315 3629 115 34 within
447 3642 94 22 seven
558 3631 80 45 days
654 3633 83 34 from
755 3634 54 34 the
825 3635 74 34 date
911 3629 1 47 |

145 3675 35 33 of
191 3679 106 37 grant.
911 3675 1 41 ;

185 3722 69 33 Tlio
269 3723 143 33 Warde.il
427 3735 88 32 may,
532 3725 28 33 if
571 3725 41 33 he
627 3725 95 35 think
739 3727 47 40 flt,
805 3735 107 35 grant;

144 3780 18 21 a
172 3767 207 47 prospecting
386 3769 97 36 claim
496 3776 32 29 to
539 3772 54 34 tl*e
600 3774 106 33 actual
718 3775 89 34 disco
812 3786 89 24 ver»r
910 3767 2 47 I

139 3814 39 33 •of
200 3826 72 21 new
302 3816 76 41 gold
408 3817 163 42 workings
601 3820 181 43 conjointly
821 3822 91 35 with;

142 3871 132 35 persons
301 3861 73 36 who
397 3861 83 37 have
497 3863 136 37 assisted
657 3866 91 36 them
771 3868 34 34 in
828 3880 69 32 pro-
911 3857 1 55 j

142 3910 146 39 specting
326 3910 103 32 either
466 3909 78 34 with
583 3913 238 32 contributions
864 3919 48 27 or'

137 3952 187 43 ■otherwise,
337 3966 41 23 <or
393 3955 78 35 with
484 3956 94 34 other
589 3968 136 34 persons
735 3959 75 34 who
824 3971 88 33 may.

139 3999 40 34 ¥e
203 4001 191 32 nominated
417 4002 44 42 by
476 4002 56 33 the
555 4005 109 31 actual
689 4004 209 41 discoverers,

140 4045 158 45 alt/hough
321 4045 56 36 the
393 4045 70 37 said
485 4058 134 34 persons
635 4061 78 32 may
736 4056 58 28 not
817 4051 82 34 have

139 4092 82 33 been
244 4105 42 21 on
303 4093 54 34 the
372 4098 129 39 ground
516 4096 88 43 prior
619 4101 33 29 to
669 4097 55 34 the
747 4100 165 45 granting}

139 4139 136 35 thereof.
911 4139 1 46 }

182 4186 69 31 The
271 4186 143 33 Warden
431 4198 89 31 may,
536 4198 89 33 upon
635 4188 55 33 the
702 4189 197 43 application
911 4186 1 46 I

141 4230 35 34 of
189 4243 63 33 any
268 4243 134 33 persons
417 4231 145 45 forming
581 4245 19 22 a
615 4240 95 38 party
726 4235 35 33 of
770 4240 57 29 not
838 4236 63 34 le.is

142 4278 79 33 than
243 4278 82 40 four,
349 4283 96 39 grant
461 4281 182 41 protection
659 4281 49 34 for
730 4287 58 28 not
809 4293 91 24 more

140 4325 84 33 than
242 4325 88 33 three
354 4325 134 34 months
504 4327 49 33 for
568 4339 19 21 a
602 4335 208 36 progjpeeUng
827 4340 85 23 area:

142 4376 34 28 at
199 4382 18 22 a
240 4369 143 36 distance
407 4378 31 27 of
452 4376 59 29 not
531 4373 62 33 less
617 4373 80 34 than
720 4379 63 30 two
806 4364 106 46 miles'

142 4418 85 32 from
254 4429 65 30 any
344 4419 138 40 existing
509 4419 163 43 workings
701 4420 35 32 in
767 4421 134 34 alluvial
911 4409 1 53 |

143 4462 137 44 ground,
297 4474 35 24 or
347 4463 36 33 in
398 4463 56 34 the
471 4475 71 23 case
559 4465 35 34 of
603 4471 117 39 quartz
737 4467 164 45 workings
911 4462 1 57 j

137 4511 40 31 -of
204 4516 58 26 not
294 4510 62 33 less
378 4510 82 33 than
485 4510 72 33 half
576 4523 19 21 a
619 4512 78 33 mile
721 4513 84 33 from
835 4499 77 57 any!

142 4553 141 44 existing
300 4558 112 39 quartz
430 4555 162 44 workings
606 4565 6 24 :
637 4557 161 34 Provided
813 4558 33 34 in
859 4571 41 21 no

144 4611 72 23 case
239 4600 85 34 shall
348 4612 65 32 any
429 4601 79 33 such
536 4604 205 43 prospecting
765 4616 75 23 area
863 4606 38 33 be

144 4646 136 42 granted
302 4647 116 33 within
442 4647 67 33 halt
525 4659 19 23 a
567 4649 76 33 mile
666 4649 36 34 of
721 4661 65 32 any
810 4652 92 33 other

139 4692 87 33 isuoh
243 4692 206 44 prospecting
471 4705 85 22 area.
602 4687 301 45 Provided*further

140 4739 77 31 tthat
240 4739 79 31 such
344 4740 181 41 protection
541 4741 84 31 shall
644 4743 82 41 only
749 4744 153 33 continue

142 4793 39 24 an
197 4783 84 35 force
298 4784 83 35 until
397 4785 74 44 gold
487 4786 26 34 is
529 4786 121 43 struck,
661 4788 34 34 in
710 4788 107 36 which
830 4802 72 23 case

144 4832 59 33 (the
227 4832 169 42 discovery
420 4832 83 34 shall
521 4832 38 34 be
584 4836 160 42 reported,
762 4849 34 20 or
822 4839 81 32 until

146 4877 55 33 the
218 4877 129 35 holders
363 4889 52 21 are
432 4880 149 42 required
598 4880 42 43 by
650 4880 56 35 the
717 4882 142 34 Warden
871 4889 31 29 to

147 4922 95 34 mark
273 4934 19 22 a
317 4925 206 44 prospecting
547 4926 108 41 claim,
678 4928 34 32 in
740 4929 103 34 either
873 4931 35 33 of

146 4969 107 35 which
269 4981 90 23 cases
376 4983 18 21 a
410 4983 88 32 pros|
510 4974 107 42 acting
640 4974 98 33 claim
760 4976 84 34 ahall
866 4978 38 33 be

140 5015 143 32 •marked
309 5016 65 32 and
398 5018 129 42 applied
550 5019 50 32 for
626 5031 34 22 as
687 5022 155 42 provided
871 5025 33 30 in

148 5061 196 43 Kemulation
374 5062 47 35 11.
454 5064 64 34 and
627 5066 65 35 and
725 5070 179 42 protection

147 5108 84 33 shall
244 5109 184 43 -thereupon
445 5123 90 21 cease
552 5123 34 22 as
599 5117 36 30 to
648 5114 58 33 the
720 5117 186 32 remainder

147 5153 36 34 of
195 5154 80 34 such
292 5157 206 43 prospecting
514 5169 85 23 area.

191 5201 32 35 It
248 5201 84 35 shall
358 5202 38 34 be
420 5204 110 35 lawful
552 5206 48 34 for
621 5206 56 34 the
702 5207 98 35 Ward
806 5222 39 20 en
873 5216 32 28 to

147 5258 108 22 renew
278 5249 85 31 from
388 5251 80 30 time
489 5255 33 27 to
546 5253 78 31 time
647 5253 55 33 the
723 5258 183 38 protoction

149 5293 49 32 for
227 5305 19 21 a
274 5295 211 43 prospecting
520 5307 83 23 area.
649 5298 156 35 Prrvided
836 5301 72 34 that

150 5339 80 34 such
267 5340 149 34 renewed
448 5345 182 40 protection
660 5345 84 35 shall
775 5354 58 27 not
869 5348 38 33 be

143 5386 144 42 •granted
313 5387 48 34 for
384 5399 91 22 more
489 5389 84 35 than
593 5391 94 35 three
714 5395 136 33 months
875 5402 32 27 to

142 5443 71 32 ;any
229 5433 89 33 time.

774 70 138 54 THE
980 81 218 51 LYELL
1263 86 219 59 TIMES,
1548 93 362 57 SATURDAY,
1979 95 230 50 MARCH
2279 117 70 39 21,
2418 105 121 58 1885.

2532 5925 136 32 Printed
2683 5927 65 31 and
2764 5928 177 40 published
2963 5933 51 32 for
3033 5936 56 32 the
3114 5939 188 42 Proprietor

2571 5968 43 43 by
2628 5969 32 33 J.
2679 5970 36 32 F.
2734 5971 110 42 Clark,
2862 5978 34 30 at
2912 5975 57 35 the
2989 5978 193 46 Registered
3200 5986 100 37 Offia*

2573 6016 93 34 olthe
3067 6031 116 42 Street,
3194 6034 106 41 LyeiL

2519 6063 1 56 .
2574 6063 132 46 County
2723 6066 35 34 of
2771 6067 122 44 Bulier,
2913 6071 129 48 Colony
3060 6077 35 34 ef
3106 6077 80 37 NX

124 209 41 45 A
185 210 366 46 LIIAMBRA
602 213 275 57 HOTEL,

400 294 211 47 Lyell.

153 438 9 12 I
275 449 5 7 ,
407 438 18 7 11
831 438 9 4 -
849 438 16 5 v

136 466 15 8 -
153 450 10 23 1
164 466 15 7 -
233 455 122 38 pnetor
370 451 35 33 of
416 452 65 33 this
496 452 211 34 well-known
724 455 64 32 and
806 457 76 40 long

125 494 197 36 established
339 497 111 39 Hotel,
467 499 107 33 would
595 500 60 40 beg
672 508 31 26 to
720 501 89 33 draw
827 503 54 33 the

125 543 162 35 attention
311 544 35 35 of
371 545 193 39 Travellers,
590 547 137 35 Persons
752 548 132 42 visiting

125 590 56 32 the
198 590 134 39 district,
350 592 64 31 and
438 593 55 31 the
517 593 108 42 public
647 595 179 40 generally,
851 603 31 24 to

127 634 54 34 the
198 635 107 43 ample
321 634 65 36 and
402 636 196 36 convenient
609 637 167 36 character
788 639 35 34 of
828 639 54 35 the

127 681 247 35 accomodation
404 684 108 33 which
550 685 54 33 the
635 686 249 34 establishment

438 729 129 36 affords.

127 819 138 37 Board
280 819 83 38 and
377 821 163 49 lodging
567 851 19 9 ..
610 823 53 38 £1
678 833 72 38 per
771 824 114 37 week

129 862 221 40 Meals—at
364 865 54 38 all
433 865 171 39 hours—
774 866 39 40 Is
830 867 56 39 6d

131 908 143 36 Beds..
297 936 19 8 ..
634 939 18 8 ..
847 911 39 35 Is

131 986 70 36 The
217 987 112 35 Table
346 989 65 34 will
427 990 38 35 be
482 991 104 34 under
597 991 54 34 the
664 991 102 35 direct
778 1003 89 34 super-

131 1035 106 33 vision
253 1037 35 33 of
301 1037 68 34 Mrs
385 1038 38 32 A.

134 1127 85 35 Next
226 1128 79 34 door
318 1134 32 28 to
365 1129 55 35 the
438 1130 11 33 7
456 1129 67 35 Into
530 1127 4 45 1
550 1131 87 33 theve
651 1131 26 33 is
691 1144 15 20 a
725 1131 86 41 large
825 1131 61 34 and

216 1176 226 33 commodious
471 1179 67 31 Koo
555 1192 17 17 u
598 1176 137 34 suitable
759 1179 48 32 for

280 1221 169 44 Meetings.
477 1224 111 32 Dance
614 1225 129 41 parties,

361 1269 295 40 Entertainments,

485 1321 52 29 Sic.

135 1404 119 37 Winks
270 1418 64 22 and
353 1408 126 35 Spirits
497 1420 38 22 ok
552 1421 65 22 tux
635 1419 78 24 brst
737 1421 152 28 quality.

178 1499 159 35 Marshall
360 1502 64 32 and
447 1503 196 42 Copeland's
662 1504 123 32 XXXX
809 1515 42 22 on

482 1555 65 39 tap.

378 1641 92 34 Good
496 1642 156 41 Stablings

317 1729 52 36 All
386 1732 134 44 charges
535 1733 177 36 moderate*

355 1789 200 35 ANTONIO
579 1791 233 37 ACCOLTXO,

663 1840 191 43 Proprietor.

191 5517 19 15 <k
226 5514 70 34 For
327 5525 66 23 the
424 5516 114 35 Blood
569 5530 30 23 is
629 5531 66 22 the

144 5560 222 35 'CLAKKE'-S
395 5563 339 37 WOKLD-FAMED
760 5570 149 33 BLOOU

152 5606 211 32 MIXTURE
388 5608 28 31 is
438 5611 186 32 warranted
649 5616 33 28 to
706 5613 125 34 cleanse
856 5616 53 32 the

145 5651 100 33 •bloed
261 5652 83 33 from
369 5653 44 34 all
437 5654 184 44 impurities
639 5658 84 33 from
747 5660 164 34 whatever

257 5699 134 41 arising.
439 5701 64 32 For
511 5703 157 41 Swcfula,
680 5705 136 43 Scurvy,
831 5708 77 31 JSkin

143 5745 69 33 •and
227 5744 103 35 Blood
343 5745 163 43 Diseases,
517 5748 66 34 and
596 5749 95 36 Sores
704 5751 35 34 of
748 5751 42 34 all
804 5752 106 42 kinds,

148 5792 43 32 it*
206 5791 109 34 effeets
332 5804 53 21 are
402 5795 212 33 marvellous.
633 5802 9 9 '
661 5797 194 35 Thousands
879 5805 33 27 of

146 5836 236 37 •iestimo*ials.
429 5840 77 35 Sold
529 5842 33 33 in
579 5841 129 41 bottles,
726 5846 34 32 2s
784 5845 44 34 (k*
847 5847 64 33 and

151 5886 56 31 lis
222 5885 80 32 eaeh
318 5886 41 44 bj
370 5887 166 35 Chemists
546 5889 66 33 and
621 5890 119 34 Patent
752 5892 159 35 Medicine

148 5931 150 36 Vendors
320 5935 220 43 everywhere.
596 5937 72 34 Sole
699 5939 212 42 Proprietors,

140 5978 81 31 'The
251 5979 153 32 Lincoln
435 5990 67 22 and
542 5982 162 32 Midland
743 5985 169 33 Counties

138 6021 110 40 Dru#
266 6025 70 43 Co.,
354 6026 140 37 Limioln
514 6028 165 44 England.

1066 546 225 51 SANDER
1317 557 32 43 &
1378 557 146 45 SONS'

914 598 404 51 EUCALYPTI
1366 609 305 48 EXTRACT.

960 697 178 41 (Deutsche
1171 703 86 33 Mid.
1287 705 263 38 Woohensehrift
1581 712 89 43 1879)

919 741 130 44 Moiler,
1068 745 103 42 M.D.,
1189 748 165 38 Professor
1369 761 32 26 at
1415 754 55 35 the
1482 757 191 45 Univereity

918 790 203 41 Greifswald,
1166 795 179 45 Germany,
1390 806 193 37 report!:--
1604 804 68 33 The

918 835 174 47 Eucalypti
1115 839 138 37 Extract
1282 845 122 44 proved
1427 847 245 49 magnificently

919 885 176 34 successful
1131 887 35 34 in
1203 901 78 33 yery
1327 905 110 22 severe
1474 896 198 35 contusions.

920 929 132 38 bruises,
1065 933 138 41 sprains,
1213 937 146 39 wounds,
1370 938 172 42 scaldings,
1551 941 121 35 broken

920 974 73 39 nbs,
1006 978 62 33 and
1083 978 107 36 limbs.
1230 981 32 35 It
1272 984 187 46 effectually
1472 992 89 40 stays
1572 988 43 35 all
1626 988 30 36 in-

919 1021 205 39 rlammation
1142 1028 64 33 unci
1222 1030 158 42 swelling.
1427 1034 87 36 Also,
1539 1036 54 32 the
1611 1049 46 20 ser-

922 1069 84 32 vices
1023 1070 130 35 derived
1169 1074 84 34 from
1264 1077 26 33 it
1300 1078 31 32 in
1350 1078 43 33 all
1401 1077 163 36 disorders
1575 1081 38 34 of
1620 1082 54 34 the

921 1115 193 48 respiratory
1128 1131 127 30 organs,
1270 1135 34 20 as
1315 1135 110 32 croup,
1439 1125 172 42 diptheria,
1627 1128 30 34 in-

921 1159 203 38 flammation
1158 1168 35 30 of
1215 1168 53 33 the
1296 1168 169 36 bronchial
1491 1171 91 33 tubes
1612 1176 62 30 aucl

921 1205 106 45 lungs,
1045 1209 132 36 ehronic
1204 1214 141 41 catarrh,
1362 1215 190 38 bronchitis,
1577 1220 97 34 colds.

922 1254 65 42 &c,
1006 1268 52 23 are
1076 1265 57 27 uot
1157 1264 31 30 to
1204 1260 38 34 be
1260 1262 149 44 equalled
1433 1264 40 44 by
1497 1277 64 33 any
1585 1268 92 33 other

924 1303 230 35 medieament.

956 1361 157 45 Sander
1147 1362 81 45 and
1265 1362 115 48 Son's
1422 1367 217 58 Eucalypti

1215 1417 182 48 Extract.

965 1469 115 39 Lister,
1106 1467 102 41 M.D.,
1233 1471 175 41 Professor,
1441 1475 64 39 &c,
1531 1475 146 40 London,

925 1515 53 34 the
997 1514 146 41 Leading
1167 1526 137 34 surgeon
1322 1520 33 31 of
1371 1520 53 33 the
1442 1528 129 36 present
1589 1524 88 37 time,

926 1560 103 37 •tated
1046 1569 33 27 at
1095 1562 55 35 the
1166 1561 62 36 last
1251 1566 144 42 meeting
1411 1568 35 33 of
1465 1568 53 34 the
1542 1568 136 36 Clinical

926 1608 137 44 Society.
1075 1610 148 38 London,
1232 1623 35 21 as
1283 1613 170 42 published
1464 1616 29 32 in
1507 1617 172 32 Gaillard's

928 1653 137 36 Medical
1088 1656 149 38 Journal,
1255 1656 71 35 th*t
1342 1659 54 32 the
1422 1661 171 43 Eucalypti
1617 1663 40 32 Ex-

927 1707 81 28 tract
1023 1702 27 32 is
1066 1701 55 32 the
1138 1701 68 34 best
1222 1702 118 35 known
1366 1705 170 36 autisentic
1556 1710 124 40 (weans

925 1748 36 32 of
974 1748 191 43 preventing
1181 1752 241 40 putrclaction).

952 1802 155 48 Sander
1147 1806 81 45 and
1275 1806 115 47 Son's
1439 1809 220 60 Eucalypti

1209 1860 182 47 Extract.

971 1914 182 36 (American
1174 1914 136 35 Menical
1324 1915 148 41 Journal,
1491 1919 190 34 November.

930 1961 90 42 1881)
1036 1960 81 34 —ln
1133 1959 141 37 diseases
1291 1964 35 32 of
1346 1963 55 35 the
1423 1964 133 46 kidney,
1580 1968 104 33 either

929 2008 103 33 active
1049 2008 185 41 congestion
1249 2020 37 22 or
1296 2013 207 40 suppression
1522 2013 158 43 (uraemia)

929 2054 42 35 all
988 2053 227 43 albuminuria,
1232 2055 130 45 dropsy,
1379 2056 151 38 lithiasis,
1547 2060 136 40 nothing

930 2102 64 33 will
1011 2102 93 43 equal
1122 2103 31 31 in
1171 2102 40 33 its
1225 2103 105 33 action
1351 2104 173 45 Eucalypti
1539 2107 144 34 Extract.

931 2148 113 35 Doses,
1075 2149 61 33 live
1167 2154 32 28 to
1228 2149 91 42 eight
1353 2150 96 44 drops
1477 2154 32 32 in
1549 2166 17 21 a
1601 2152 82 35 little

931 2195 181 33 sweetened
1141 2202 100 27 water
1270 2198 92 32 twice
1396 2209 36 22 or
1461 2199 91 34 three
1590 2199 94 35 times

931 2240 98 45 daily.

956 2298 155 45 Sander
1150 2298 83 47 and
1288 2300 115 48 Son's
1444 2301 219 60 EuGalypti

1220 2354 181 47 Extract.

976 2404 109 39 (From
1100 2406 170 35 American
1287 2406 136 36 Medical
1435 2408 149 41 Journal,
1597 2410 88 36 Jun..

935 2450 265 42 1882).—Piteer,
1235 2454 103 39 M.D.,
1364 2456 165 32 Professor
1557 2457 129 41 Theory
1698 2446 1 52 ]

934 2495 64 35 and
1015 2497 145 33 Practice
1174 2498 35 33 of
1226 2498 166 35 Medicine.
1408 2500 174 35 American
1596 2501 66 34 Med-

933 2542 63 35 ical
1012 2543 141 43 College,
1170 2546 173 43 says:—lt
1357 2546 28 34 is
1399 2548 54 34 the
1469 2548 71 33 best
1554 2549 132 43 remedy

935 2589 118 33 known
1075 2590 33 33 in
1135 2591 266 43 typhomalarial,
1425 2593 137 44 typhoid
1588 2594 99 38 fever,

934 2636 185 44 erysipelas,
1131 2637 195 45 diphtheria,
1339 2640 115 35 scarlet
1470 2642 94 34 fevar,
1580 2642 90 34 small-

936 2693 71 33 pox,
1024 2685 65 38 &e.;
1114 2684 25 33 it
1161 2684 184 35 effectually
1362 2687 124 33 retards
1511 2688 54 33 the
1591 2687 80 35 disin-

935 2728 160 41 tegration
1129 2731 37 32 of
1191 2731 55 32 the
1277 2733 123 31 animal
1437 2732 106 38 fluids,
1582 2734 107 32 which

936 2773 105 42 might
1055 2775 102 35 result
1171 2776 35 34 in
1225 2789 19 21 a
1267 2778 127 40 general
1419 2778 216 46 breaking-tip
1659 2781 34 33 of

934 2821 55 32 the
1006 2822 95 32 blood
1119 2824 63 31 and
1199 2824 31 32 in
1248 2824 110 34 death.

959 2878 155 45 Sander
1162 2880 82 45 and
1286 2880 115 45 Son's
1450 2882 219 55 EuG&lypti

1215 2932 181 45 Extract

914 2977 3 61 j
978 2983 112 36 (From
1132 2983 46 34 St
1225 2985 97 33 Louis
1367 2987 139 33 Electric
1552 2987 136 33 Medical

914 3029 2 43 i
935 3029 147 38 Journal,
1121 3030 90 39 Dec,
1251 3032 103 40 1881),
1366 3050 40 6 —
1416 3034 124 32 Cancer
1568 3036 35 30 of
1637 3034 53 33 the

914 3068 2 55 j
937 3076 317 43 Tongue—Patient,
1274 3078 76 34 Mrs.
1504 3098 25 21 -,
1545 3083 38 30 35
1597 3093 94 30 years

914 3123 3 38 ,
936 3123 63 31 old.
1059 3123 164 33 Evidence
1252 3125 36 32 «f
1314 3126 179 32 ser<vfulo*s
1525 3126 164 35 diathesis,

914 3166 2 48 '
937 3168 185 35 Prescribed
1145 3170 73 33 four
1244 3169 97 45 drops
1358 3179 32 26 to
1414 3172 37 33 be
1475 3172 98 34 taken
1601 3173 89 33 throe

936 3222 95 26 tunes
1059 3215 88 42 daily
1162 3225 10 31 ;
1197 3217 77 40 al*o,
1302 3224 120 33 tongue
1455 3219 115 33 wetted
1600 3220 91 33 thred

936 3262 96 33 times
1082 3262 80 34 with
1209 3264 58 33 the
1315 3266 176 43 Eucalypti
1544 3267 145 33 Extract.

914 3307 1 45 i
936 3308 136 34 Treated
1096 3320 35 22 as
1155 3309 100 35 above
1285 3311 50 34 for
1364 3311 73 34 foar
1464 3312 119 40 week*,
1610 3312 81 35 then

935 3354 191 41 discharged
1141 3356 107 33 cured,

978 3411 43 46 (J.
1063 3412 40 35 11.
1143 3413 145 46 Ruttley,
1335 3415 101 38 M.D.,
1482 3416 98 41 Prof.,
1622 3417 68 40 &*.,

935 3460 405 42 Philadelphia).—Since,
1357 3462 32 33 in
1414 3464 55 31 the
1486 3469 75 26 tiase
1585 3464 35 31 of
1642 3466 49 29 Mr

914 3504 1 54 |
938 3504 132 41 Mower,
1087 3506 35 33 of
1138 3506 141 42 Kentiig,
1296 3507 73 35 whe
1385 3507 66 37 had
1459 3507 83 37 been
1560 3509 131 35 advised

934 3553 42 41 by
1004 3553 54 33 the
1093 3553 139 34 Medical
1255 3556 124 32 officer*
1405 3556 36 33 of
1458 3557 55 32 the
1546 3557 145 42 Bendigo

934 3599 151 42 Hospital
1104 3605 32 27 to
1154 3599 82 34 have
1254 3601 51 32 his
1322 3609 118 32 tongue
1453 3603 163 36 removed,
1628 3603 63 32 like

914 3644 1 49 |
934 3644 149 45 splendid
1098 3647 119 34 results
1234 3647 83 35 have
1327 3648 144 35 attained
1480 3649 142 44 through
1636 3649 54 36 the

914 3684 1 56 I
933 3692 198 43 application
1148 3694 35 33 of
1195 3694 54 33 the
1267 3694 176 46 Eucalypti
1461 3697 147 33 Extract.

958 3748 156 47 Sander
1155 3751 82 45 and
1286 3751 115 47 Son's
1449 3752 220 58 Eucalvpti

1216 3804 181 45 Extract.

974 3855 100 35 Fivjiiu
1095 3855 57 35 the
1176 3855 138 37 Clinical
1338 3857 136 42 Record,
1495 3859 39 35 of
1553 3860 137 42 August,

935 3904 104 37 1881),
1114 3904 147 40 Surgical
1298 3906 103 30 Clinic
1447 3907 34 29 of
1524 3907 64 31 Pro
1603 3919 89 19 essor

936 3947 174 43 M'lntyre,
1148 3947 129 44 College
1314 3947 35 36 of
1389 3950 193 44 Physicians
1627 3953 62 33 and

935 3994 174 40 Surgeons,
1124 3994 47 32 St.
1186 3994 295 34 Louis—Seirrhus
1491 3999 35 30 of
1535 3999 156 32 Breast-

934 4037 155 34 Excision
1103 4048 7 24 :
1128 4038 177 47 Eucalypti
1320 4041 136 35 Extract
1472 4043 175 45 employed
1658 4055 33 23 as

914 4081 1 60 j
934 4094 108 34 spray,
1073 4086 65 32 and
1167 4085 157 45 dressing.
1369 4085 103 44 Eight
1499 4081 90 52 days'
1611 4093 82 31 after

914 4130 1 52 |
934 4130 167 45 operation
1121 4132 180 35 Professors
1317 4134 110 35 Bauer
1441 4137 66 33 and
1526 4136 165 46 NPlatyre

914 4178 1 46 j
934 4178 97 31 noted
1075 4179 55 31 the
1173 4179 167 40 following
1383 4181 166 35 condition
1564 4193 9 22 :
1579 4203 38 4 —
1642 4184 49 32 No

914 4221 1 45 I
934 4221 155 43 swelling,
1108 4224 75 33 heat
1199 4236 36 22 or
1251 4225 238 41 discoloration,
1507 4240 78 23 near
1606 4241 37 23 or
1658 4231 33 33 in

934 4269 55 33 the
1011 4271 132 40 wound,
1166 4271 106 34 which
1296 4272 59 34 has
1372 4274 112 34 united
1508 4276 81 44 tally
1604 4287 7 30 ;
1636 4276 55 35 the

914 4316 1 43 ,
934 4316 124 43 patient
1074 4317 135 34 allowed
1225 4324 33 27 to
1274 4320 155 35 attends
1443 4320 248 39 kerhousehold

914 4363 1 41 |
934 4363 106 32 duties
1057 4364 106 38 again,

914 4408 1 65 |
958 4408 155 46 Sander
1163 4411 81 43 and
1286 4412 115 45 Son's
1449 4414 220 59 Eucalypti

914 4463 1 58 I
1213 4463 182 48 Extract

978 4526 149 37 (Clinical
1157 4527 137 38 Record,
1327 4530 88 42 Sept.
1448 4534 244 38 1880).—The

934 4570 174 35 American
1144 4572 139 35 medical
1299 4577 8 5 *
1321 4577 179 41 profession
1538 4589 82 30 uses,
1659 4581 33 33 in

935 4617 205 43 gonorrhoea,
1164 4631 35 21 as
1215 4631 43 21 an
1465 4636 42 21 an
1529 4626 163 33 emulsion

935 4664 34 32 of
998 4675 61 22 one
1083 4676 102 22 ounce
1209 4676 77 34 gum
1314 4668 128 41 Arabic,
1468 4671 34 33 in
1529 4674 40 32 8Q
1596 4685 36 21 or
1653 4675 41 32 40

935 4721 120 22 ounces
1072 4711 35 32 of
1120 4718 109 31 water,
1247 4714 128 42 applied
1392 4716 72 33 four
1481 4718 96 31 times
1594 4719 98 42 daily.

936 4754 101 44 Eight
1061 4756 96 43 drops
1180 4756 97 43 given
1293 4759 171 43 inwardlv,
1489 4773 80 24 once
1594 4763 99 46 daily,

936 4809 153 37 prevents
1106 4804 185 44 effectually
1307 4810 261 34 contamination
1584 4812 36 33 of
1639 4812 54 35 the

936 4849 98 33 blood
1049 4859 37 24 m
1100 4850 70 33 foul
1187 4851 135 34 disease.

1144 4942 346 40 CAUTION,

962 4998 156 44 Sander
1166 5001 82 43 and
1290 5002 115 45 Son's
1453 5005 223 58 Eucalypti

1234 5054 182 48 Extract.

982 5106 59 40 (St.
1066 5106 88 32 Lous
1177 5108 137 33 Clinical
1331 5111 136 37 Ptec#rd,
1592 5116 104 39 1882),

938 5151 187 39 —Hazard,
1151 5152 89 34 M.D.
1264 5154 79 34 Prof
1373 5155 38 35 of
1429 5156 181 47 Pathology
1634 5162 64 33 and

939 5198 151 35 Diseases
1114 5200 34 33 of
1166 5200 56 35 Cke
1249 5201 103 42 Miaid,
1386 5212 117 26 suites:
1531 5205 59 35 We
1616 5207 82 35 have

934 5244 180 33 examined
1136 5247 71 31 half
1225 5258 18 20 a
1260 5248 100 31 doze*
1380 5251 181 41 specina*ns
1576 5254 36 30 of
1632 5254 43 32 Eu-

942 5289 119 44 calypti
1074 5291 145 33 Extract.
1249 5292 126 35 Sander
1389 5306 13 21 s
1413 5296 208 43 prepartfcion
1635 5310 64 24 was

939 5335 58 36 the
1042 5338 76 43 only
1161 5350 61 22 oaae
1256 5339 111 35 which
1411 5344 213 43 corresponds
1667 5352 32 30 to

941 5383 157 34 scientific
1116 5389 88 29 tests.

982 5439 186 37 IMreettions
1183 5449 48 27 tor
1246 5454 56 22 use
1318 5443 80 34 with
1415 5445 78 34 each
1509 5445 114 38 beetle.

964 5534 285 35 SANDER
1298 5539 138 32 AND
1484 5541 128 33 SON
1639 5544 40 33 S'

1137 5581 194 40 Sandhurst,
1349 5583 153 34 Victoria.

996 5672 290 34 DUNCAN
1354 5674 155 35 M'LE
1532 5677 80 34 AN
1627 5703 11 14 ,

1148 5731 117 44 Agent,
1281 5731 84 44 Grey
1369 5732 125 36 month.

2034 244 94 32 THE

1704 332 368 72 LYELL
2119 337 340 74 TIMES

1843 470 209 33 Newspaper
2073 483 66 22 and
2163 473 162 33 General

1727 564 98 43 JOB
1882 565 281 44 PRINTING
2224 567 213 54 OFFICE,

1845 662 117 38 Cliff
1999 663 156 49 Strket,
2183 665 137 39 Ltell.

1707 853 441 54 LETTER-PRESS
2172 858 292 50 PRINTING

1832 1061 153 33 EVERY
2038 1064 302 35 DESCRIPTION

1709 1243 250 41 NBAT3ST
1982 1246 168 40 STYLE
2179 1250 32 38 <fc
2236 1250 230 39 NEWEST

1964 1333 252 40 DESIGNS.

1713 1514 205 34 BALANCE
1945 1517 174 35 SHEETS

1794 1609 114 32 CALL
1932 1611 253 35 CIRCULARS

1878 1701 222 35 BUSINESS
2125 1704 254 36 CIRCULARS

1961 1794 174 35 MIKING
2159 1797 128 34 SCRIP

2046 1887 196 36 RECEIPT
2266 1892 144 32 ROOKS

2198 1985 277 33 BILL-HEADS

1800 2073 229 43 Prospectuses

1883 2167 177 34 Handbills

1966 2260 157 35 Brines*
2140 2263 100 33 Cards

2177 2358 97 31 Show
2290 2359 103 33 Cards

1822 2446 75 32 And
1913 2458 99 30 orery
2025 2447 95 33 other
2137 2448 198 43 description
2351 2454 34 30 of

1718 2534 170 75 JOB
1995 2538 484 71 PRINTING

2031 2664 43 22 ©tf
2102 2665 66 22 TKK

1886 2744 237 34 SHORTEST
2147 2747 165 35 NOTICE

2032 2848 65 23 AND
2131 2850 40 23 AT

1756 2926 366 50 WESTPORT
2202 2931 246 51 PRICES.

1939 3133 46 33 To
2015 3135 245 36 Advertisers.

1726 3212 42 33 As
1799 3223 40 21 an
1873 3212 208 47 Advertising
2107 3215 146 35 Medium
2282 3217 54 35 the
2368 3218 113 35 Lyell

1725 3275 64 33 Ti3f
1798 3286 33 21 ss
1848 3276 24 33 i*
1890 3286 59 25 one
1968 3278 35 32 of
2016 3278 54 33 the
2079 3278 70 35 best
2167 3281 29 31 in
2212 3281 53 33 the
2285 3291 196 35 tip-country

1726 3338 152 41 districts
1894 3340 42 33 its
1949 3340 190 36 circtilatiou
2159 3343 95 43 being
2274 3344 84 43 large
2375 3346 34 34 in
2427 3346 54 34 the

1726 3399 163 44 foltairiftK
1926 3403 348 49 places:—Township
2308 3408 36 35 of
2377 3410 104 43 Lyell,

1726 3464 176 37 Zalatown,
1917 3467 93 40 Lyell
2024 3468 113 38 Creek,
2153 3469 79 32 New
2245 3470 111 38 Creek,
2371 3472 112 43 Upper

1731 3526 117 42 Duller,
1867 3528 84 34 Fern
1969 3530 84 40 FUt,
2072 3530 129 37 Ceufral
2222 3534 123 41 Duller,
2374 3537 85 40 Long-

1724 3590 81 39 ford,
1825 3591 200 41 Murchison,
2059 3593 206 42 Matakitaki,
2283 3598 198 42 Inangalnu

1721 3653 170 36 Junction,
1922 3655 173 45 Wcstport,
2125 3659 149 40 Reefton,
2303 3661 65 34 and
2391 3662 94 36 other

1725 3725 123 28 centres
1882 3719 39 32 of
1958 3720 193 45 papulation
2199 3735 43 23 on
2286 3725 58 35 the
2393 3727 92 36 West

2046 3784 109 35 Coast.

1945 3939 47 33 Te
2018 3940 242 41 Scßscaiiifts,

1726 4016 67 33 The
1811 4017 111 33 Lkll
1939 4019 106 33 Times
2069 4022 150 36 contains
2235 4024 55 36 the
2308 4025 95 36 latest
2419 4027 66 35 and

1766 4085 85 28 most
1881 4081 132 35 reliable
2044 4096 89 23 news
2163 4089 31 32 of
2234 4089 44 33 all
2315 4092 128 33 minin*

1806 4149 138 30 matters
1966 4145 33 35 in
2016 4149 56 33 the
2098 4151 93 43 Lyell
2206 4154 65 32 and
2289 4154 113 42 Upper

1828 4205 113 36 tttiler
1958 4207 151 40 Districts
2126 4213 65 34 aad
2219 4214 54 35 the
2290 4215 92 35 West

1845 4269 102 35 Coast
1954 4273 168 47 generally
2128 4276 232 44 Jio<jetkerwith

1866 4334 46 32 All
1937 4337 130 40 general
2086 4351 88 26 new*
2189 4341 36 34 of
2252 4354 64 22 com-

1889 4400 135 33 mercial
2039 4402 199 43 iniporanee,
2255 4406 66 32 and

1914 4460 28 34 is
1952 4461 159 37 therefore
2121 4477 18 22 a
2148 4466 150 36 valuable

1933 4535 112 22 source
2071 4527 35 32 of
2129 4535 150 28 accurate

1705 4584 2 46 |
1945 4584 214 39 information
2168 4597 33 27 to
2210 4591 56 35 the

1974 4650 131 44 mining
2117 4654 23 31 k
2153 4665 62 23 mer-

1705 4715 4 34 :
1992 4715 122 32 eantile
2132 4727 63 22 com-

2021 4760 170 37 munities.

1706 4906 3 61 1
1730 4911 69 34 The
1811 4911 110 33 Times
1935 4913 29 33 is
1987 4912 173 45 published
2182 4928 101 34 every
2310 4918 176 49 Saturday,

2029 4992 33 28 at
2078 4989 19 32 7
2112 4998 77 24 a.m.

1733 5143 117 34 Orders
1863 5143 49 34 for
1923 5143 62 34 lob
1998 5144 149 46 Printing
2159 5158 37 23 or
2208 5148 282 39 Advertisements

1728 5207 45 44 ky
1789 5214 73 38 post
1877 5220 35 22 or
1925 5207 168 47 4aLe#ra|)h
2122 5211 66 33 will
2214 5214 123 34 receive
2356 5222 136 38 prompt

2028 5271 171 34 attention.

1737 5440 165 76 The
1943 5441 237 93 Lyell
2224 5444 268 78 Times

1771 5699 214 36 (CENTRAL
2022 5702 186 34 BULLED
2243 5705 205 36 GAZETTE

2031 5823 172 28 GEXKRAL

1734 5917 104 49 JOP
1898 5920 291 49 PRINTING
2262 5926 231 58 OFFICE,

1901 6040 133 34 CLIFE
2065 6041 60 34 ST.
2172 6043 158 36 LYELL.

2600 265 99 38 THE
2726 266 163 40 STAMP
2916 271 103 46 ACT,
3048 272 103 38 1375.

2502 379 316 70 QAUTIOK—
2822 383 228 40 Transferors
3065 388 69 37 and
3145 393 101 33 trans

2612 433 52 36 fer
2682 435 72 37 fees
2772 435 36 37 in
2824 438 78 46 £old
2925 437 134 49 milling
3072 441 67 36 and
3153 441 103 38 other

2498 485 201 50 companies
2730 487 70 37 and
2833 489 165 38 societies
3029 504 59 25 are
3118 494 139 38 warned

2498 548 136 37 against
2662 541 191 47 executing
2881 556 65 32 any
2988 545 216 38 instrument
3223 548 39 35 ef

2499 592 69 33 sale
2588 603 39 22 or
2647 592 154 35 transfer
2822 596 117 32 unless
2955 594 60 36 the
3029 607 102 25 name
3145 599 38 33 of
3199 597 60 36 the

2501 640 190 49 purchaser
2725 656 39 24 or
2800 646 199 37 transferee
3039 646 30 36 is
3100 649 160 37 iuserted

2501 694 136 37 therein
2672 699 38 33 at
2746 708 41 24 or
2817 696 120 38 before
2971 698 61 37 the
3069 706 190 32 execution

2502 748 142 45 thereof,
2669 762 19 23 a
2708 749 189 37 maximum
2929 752 146 43 penalty
3093 754 39 35 of
3156 753 104 37 £IOO

2502 802 107 34 under
2655 800 136 39 section
2834 802 78 45 103,
2956 802 104 51 being
3093 803 166 39 incurred

2500 854 159 48 thereby.
2708 854 83 51 Any
2806 855 85 38 such
2905 856 228 48 instrument,
3149 871 85 25 more-

2502 920 94 30 over,
2615 920 38 22 so
2669 907 122 45 signed
2811 908 28 35 is
2871 910 201 45 absolutely
3091 911 79 35 veid
3190 911 69 36 and

2504 959 226 49 inoperative,
2761 960 68 38 and
2858 960 83 39 does
2968 967 63 31 not
3050 962 118 38 divest
3199 963 61 36 the

2504 1016 193 33 transferor
2714 1015 38 34 of
2785 1014 51 36 his
2853 1016 148 35 interest
3022 1016 150 45 therein,
3191 1018 68 35 and

2503 1065 41 38 he
2563 1067 148 35 remains
2733 1067 103 36 liable
2856 1070 146 33 thereon
3023 1082 36 22 as
3079 1068 29 37 if
3134 1069 41 36 he
3194 1069 65 38 had

2504 1131 103 23 never
2627 1119 164 47 disposed
2811 1124 34 32 of
2879 1119 59 36 the
2959 1136 105 21 same.
3132 1121 33 38 If
3201 1122 59 36 the

2504 1173 194 33 transferor
2732 1173 39 34 be
2792 1185 18 22 a
2843 1173 155 35 licensed
3026 1173 235 36 sharebroker

2506 1225 48 33 his
2575 1223 129 37 license
2738 1223 28 38 is
2799 1225 165 38 forfeited
2997 1239 43 26 on
3060 1225 201 40 convictkn

2504 1281 63 31 and
2589 1277 188 37 thereafter
2810 1279 41 35 hj«
2869 1280 29 34 is
2926 1280 219 48 disqualified
3178 1281 90 34 from

2504 1329 118 44 actiug
2651 1341 39 23 as
2723 1343 19 23 a
2762 1331 129 35 broker
2909 1344 39 22 or
2979 1334 87 34 from
3104 1331 123 47 having
3251 1345 19 22 a

2507 1381 89 40 iresh
2619 1381 130 38 iicense
2761 1382 117 38 issued
2900 1391 35 28 to
2951 1384 81 37 him.

2599 1512 252 37 POSTAG
2878 1513 23 37 B
2952 1514 225 38 KATES.

2732 1658 107 25 TOWN
2869 1658 175 26 LBTTBRS.

2556 1696 130 39 Posted
2719 1703 37 33 at
2784 1712 66 35 any
2886 1698 85 37 Post
3005 1696 109 40 Office
3151 1698 123 39 within

2509 1761 57 36 the
2587 1761 124 49 colony
2730 1762 54 35 for
2803 1761 156 50 delivery
2977 1767 35 32 at
3030 1775 39 24 or
3083 1762 89 37 from
3187 1761 88 39 such

2513 1824 83 37 Post
2617 1824 110 39 Office
2747 1839 57 23 :

2514 1893 67 37 Not
2599 1895 192 45 exceeding
2810 1895 75 36 half
2901 1909 43 24 an
2963 1910 115 25 ounce

2517 1949 195 47 Kxceeding
2732 1949 74 38 half
2821 1962 43 25 an
2884 1963 124 33 ounce,
3039 1954 63 36 but
3120 1957 64 32 not

2557 2002 193 45 exceeding
2768 2015 68 24 one
2855 2016 115 25 ounce

2516 2054 22 36 F
2565 2069 15 22 r
2597 2068 108 35 every
2726 2055 74 36 half
2816 2069 113 24 ounce
2947 2070 83 25 over
3048 2071 67 26 one
3145 2088 36 10 .>.

2707 2136 176 28 COUXTRY
2902 2138 175 30 LETTERS.

2563 2177 125 38 Posted
2709 2188 36 27 at
2763 2192 68 35 any
2862 2184 80 41 post
2959 2180 98 38 office
3076 2182 123 37 withia
3220 2181 62 38 the

2512 2243 124 47 colony
2671 2243 55 36 for
2763 2241 158 50 delivery
2952 2250 38 31 at
3020 2258 40 24 or
3091 2246 89 37 from
3213 2259 70 35 any

2513 2305 102 38 other
2628 2312 79 44 post
2721 2304 98 40 office
2841 2305 122 42 within
2984 2306 59 41 the
3060 2310 126 51 coloay
3200 2328 59 23 :*—

2519 2375 69 35 Not
2606 2376 193 44 exceeding
2818 2375 74 36 half
2907 2389 44 24 an
2971 2390 115 25 ounce
3144 2410 33 12 ...
3233 2380 33 38 %

2520 2429 194 45 Exceeding
2733 2428 74 37 half
2822 2443 44 22 an
2886 2443 124 34 ounce,
3029 2432 63 37 but
3122 2438 64 32 net

2559 2480 192 48 exceeding
2765 2493 67 24 one
2850 2493 115 26 eunce
3143 2515 36 10 ...
3232 2487 34 36 4<

2519 2532 65 37 For
2617 2546 104 34 ©very
2749 2532 78 39 half
2857 2547 115 26 ouice
2999 2549 86 25 erer
3119 2551 67 25 ene

2561 2598 113 26 ounce
2766 2617 37 10 ...
2956 2619 36 10 ...
3143 2622 37 10 ...
3234 2594 5 36 !

2665 2679 237 29 AUSTRAL!AX
2927 2681 199 29 COLOXIBB.

2519 2740 71 37 Xot
2607 2742 193 46 exceeding
2818 2742 76 38 half
2915 2755 44 25 an
2978 2756 115 28 ounce
3144 2777 38 11 ...
3235 2748 46 39 2d

2520 2794 196 47 Exceeding
2733 2794 76 38 half
2835 2809 44 24 an
2897 2810 125 33 ounce,
3043 2799 64 37 but
3125 2806 63 32 lot

2561 2848 191 45 exceeding
2771 2860 67 25 one
2857 2861 112 27 ounce
3144 2883 37 9 ...
3234 2854 47 38 4d

2497 2898 2 49 .
2519 2898 66 34 For
2618 2912 103 35 er-*ry
2752 2899 75 36 half
2857 2914 114 23 ounce
3006 2914 84 25 ever
3119 2916 68 24 eie

2562 2962 114 27 ounce
2768 2980 38 11 ...
2956 2983 38 11 ...
3144 2987 37 9 ...
3233 2961 6 33 :

2497 3032 2 44 I
2542 3039 173 30 BXGLAXD
2740 3041 77 27 AST©
2843 3042 168 29 FORRI6X
3027 3043 226 33 COUXrBIES.

2728 3117 69 37 Per
2815 3118 92 37 Half
2935 3118 139 40 Ounce,

2519 3168 134 39 United
2677 3170 189 49 Kingdom,
2898 3173 54 36 via
2980 3176 70 34 San
3076 3173 89 38 Fran-

2563 3235 93 26 cisco
2674 3223 69 39 and
2769 3225 89 38 Suez
3145 3253 40 11 ...
3237 3223 2 41 <

2523 3276 130 38 United
2688 3278 119 37 States
2841 3278 39 37 of
2919 3279 176 47 America,
3136 3282 55 38 via

2564 3332 68 35 San
2653 3330 193 38 Francisco
3148 3365 38 8 ...
3239 3340 9 33 (

2519 3382 182 39 Sandwich
2719 3383 153 48 islands,
2900 3385 55 39 via
2988 3384 71 41 Saa
3077 3385 90 41 Fran-

2564 3449 93 24 cisco

2497 3484 1 55 I
2520 3486 178 41 Canadian
2742 3487 225 52 Dominions,
3009 3491 56 39 via
3120 3492 71 41 Saa

2566 3541 193 38 Francisco
2959 3576 36 8 ...
3147 3578 37 9 ...
3238 3551 10 35 $

2524 3594 128 37 British
2674 3594 188 40 Columbia
2959 3628 37 10 ...
3147 3630 38 10 ...
3250 3603 12 34 ]

2497 3640 1 48 I
2524 3647 100 39 West
2643 3647 121 40 Indies

2525 3701 148 45 Mexico,
2690 3701 55 37 ?ia
2760 3702 69 37 San
2850 3702 195 41 Frantisco

2521 3754 146 39 Central
2689 3754 166 40 America

2650 3807 176 47 America,
2841 3808 56 39 yia
2912 3809 68 38 San
2997 3809 191 42 Francises
3250 3817 38 37 Is

2777 3890 261 28 XBWSPAPBRS.

2526 3944 127 39 Posted
2686 3959 21 25 a
2754 3959 69 34 any
2855 3947 99 39 office
2986 3949 125 39 within
3137 3951 62 38 the

2566 3998 125 49 colony
2711 4005 55 31 for
2785 3999 155 51 delivery
2959 4007 38 31 at
3022 4002 61 38 the
3101 4015 96 27 same

2566 4050 101 38 office
2966 4087 35 7 ...
3152 4083 40 11 ...
3244 4061 46 37 i<l

2526 4104 127 38 Posted
2683 4113 38 29 at
2751 4118 69 38 any
2853 4105 99 42 office
2983 4107 125 41 within
3135 4109 62 41 the

2567 4158 126 48 colony
2712 4158 54 37 for
2785 4160 155 48 delivery
2959 4167 38 30 at
3011 4174 68 36 any
3095 4163 104 38 other

2568 4208 97 39 office
2684 4210 122 39 within
2825 4211 61 38 the
2904 4213 128 49 colony
3158 4248 35 8 ...
3247 4219 43 46 \d

2497 4261 2 51 j
2524 4262 206 39 Australian
2747 4264 170 40 Colonies
2966 4284 9 19 t
3159 4301 36 11 ...
3250 4272 37 39 Id

2497 4315 3 48 !
2524 4315 133 38 United
2678 4316 187 47 Kingdom
3157 4355 35 8 ...
3249 4326 38 37 1^

2710 4396 71 39 Vi%
2798 4399 69 36 San
2895 4400 210 40 Francisco.

2497 4457 3 52 ;
2523 4457 134 40 United
2679 4459 120 40 States
2818 4464 35 35 of
2871 4464 169 40 America
3158 4486 41 23 ...•
3250 4472 41 36 U

2497 4511 3 49 |
2523 4511 184 36 Sandwich
2724 4513 144 38 Islands
3250 4524 37 36 ]^

2523 4562 181 38 Canadian
2723 4564 215 42 Dominions
3248 4575 39 39 2d

2529 4614 130 37 British
2680 4616 189 41 Columbia
3158 4657 36 9 ...
3246 4630 41 37 2^

2529 4667 98 37 West
2646 4668 124 40 Indies
3154 4710 37 8 ...
3245 4683 42 35 2d

2524 4719 145 37 Mexico
3246 4734 44 36 2d

2524 4771 146 39 Central
2690 4774 164 41 America
3155 4816 37 8 ...
3246 4787 41 37 2d

2523 4824 113 37 South
2657 4827 187 40 Amerrica
3158 4868 6 7 .
3187 4868 7 8 .
3248 4838 45 39 2d

2759 4908 102 29 100Z
2887 4912 168 29 PACKETS

2530 4971 126 36 Posted
2686 4976 37 32 at
2751 4985 69 36 any
2851 4977 98 35 office
2982 4980 123 33 within
3139 4981 61 35 the

2571 5023 126 51 colony
2716 5023 55 38 for
2789 5026 155 49 delivery
2962 5037 37 30 at
3019 5029 59 39 the
3092 5044 108 36 same,

2573 5077 121 36 within
2731 5078 62 36 the
2828 5080 138 48 colony,
3002 5084 61 34 the
3106 5087 70 35 Aus-

2572 5127 128 39 tralian
2719 5129 167 49 colonies,
2903 5146 40 25 or
2973 5134 61 40 the
3064 5134 138 44 United

2577 5181 179 46 Kingdom
2856 5218 36 7 ...
2995 5190 62 36 loz
3159 5225 36 6 ...
3251 5198 42 35 y

2620 5235 57 36 £°
2856 5267 35 8 •••
2992 5242 65 36 2o«
3158 5275 36 7 ...
3250 5249 37 36 2d

2621 5285 55 38 Dq
2857 5320 36 9 ~.
2994 5293 61 44 ilb
3158 5329 36 8 ...
3248 5303 39 35 4c

2620 5339 58 37 V®
2858 5374 35 9 •..
2998 5346 57 38 Hb
3159 5383 35 7 ...
3217 5355 78 38 *Sd

2533 5392 111 49 Kvery
2678 5394 194 39 additional
2901 5400 132 45 pound,
3050 5414 41 24 or
3109 5403 77 39 frac-

2575 5444 112 40 tional
2698 5453 83 44 part
2799 5452 35 33 of
2850 5462 22 25 a
2893 5452 122 47 pound
3162 5489 37 10 ...
3255 5463 21 37 g
3279 5477 8 23 (

2728 5528 68 38 Via
2815 5531 68 36 San
2905 5531 205 43 Francisco.

2532 5598 132 39 United
2700 5600 131 43 States,
2862 5616 104 37 every
3006 5607 58 44 £lb
3166 5644 36 9 ...
3256 5617 40 39 44

2530 5653 182 37 Sandwich
2734 5654 137 38 Islands
3255 5671 41 26 xj

2532 5706 177 36 Canadian
2731 5706 211 42 Dominions
3257 5724 22 36 §

2512 5757 2 46 I
2537 5757 127 38 British
2687 5760 189 39 Columbia
3257 5778 30 25 &,

2538 5815 99 32 West
2655 5815 126 35 indies
3272 5831 15 19 a
