3258 4217
234 46 413 390 Hot
785 46 688 390 Lakes
1611 46 1377 390 Chronicle.

476 364 215 41 -A.2ST2D
744 368 471 46 TOURISTS
1220 371 14 17 7

2108 386 477 50 JOTJi^^r^xL.

486 477 116 69 Cir
605 482 326 92 eulating
952 483 451 86 throughout
1425 485 127 70 the
1575 488 188 71 Touf
1764 492 100 70 Ist
1909 493 302 76 Resorts
2260 504 80 69 of
2374 506 125 71 the
2543 509 265 77 World.

106 627 61 21 VOL.
183 630 17 17 5.
228 628 40 19 Xo.
285 631 44 17 220.

1265 636 138 24 ROTORUA,
1420 638 58 22 N.Z.,
1494 640 159 24 SATURDAY,
1670 642 155 21 FEBRUARY
1837 645 32 23 20,
1887 647 56 17 1897.

1217 673 20 4 M.i
1260 673 22 4 -i.
1291 673 52 4 im..-
1343 675 14 2 ■■
1360 675 86 2 .^x-.-jh-m..

2855 670 253 31 PJEtIOE—THREEPEK
3112 682 31 19 OE

173 767 48 26 Do
233 769 57 25 not
302 768 119 32 Forget

172 816 249 44 CRAIG'S

134 879 165 19 CURIOSITY
313 880 80 18 SHOP
405 880 47 19 and

221 907 142 23 MUSEUM,

153 947 111 23 Opposite
271 947 80 19 Grand
357 947 77 24 Hotel,

113 991 125 27 PRINCES
248 992 46 29 ST,
304 992 169 26 AUCKLAND.

264 1053 30 27 Jl

163 1113 139 17 INSURS
327 1114 93 15 WITH

75 1145 51 17 THE
132 1147 80 16 SOUTH
218 1147 98 15 BRITISH
323 1147 58 16 KTRE
386 1147 15 17 &
409 1147 93 17 MARINE

151 1168 42 16 Coy.
203 1168 28 16 OP
241 1168 57 17 NEW
306 1168 120 17 ZEALAND.

74 1196 76 17 Capital
403 1199 99 19 £1,900,000

118 1226 95 16 Unlimited
226 1227 75 20 liability
309 1227 19 15 of
334 1227 128 17 Shareholders.

74 1247 56 21 Being
139 1253 9 10 it
158 1248 75 15 Colonial
246 1248 103 17 Institution
362 1249 62 16 Profits
438 1255 28 10 are
478 1249 16 16 in-

223 1269 57 16 vested
287 1270 68 21 locally.

73 1289 52 17 Head
140 1290 52 16 Office
414 1291 88 16 Auckland

73 1310 52 17 Local
134 1313 54 20 agent
362 1312 12 16 J
392 1312 26 17 W.
428 1313 74 20 Wrigley

74 1380 161 40 ROTORUA
258 1380 93 42 BOOT
371 1381 25 41 &
414 1381 88 42 SHOE

224 1444 124 42 DEPOT.

67 1833 20 20 A
105 1834 68 25 Large
191 1835 60 20 Stock
271 1836 21 19 of
309 1836 94 22 German,
421 1835 77 19 French

135 1861 41 19 and
185 1862 91 19 Colonial
286 1862 63 19 Boots
358 1862 76 24 always

228 1888 21 19 in
266 1888 68 19 Stock.

69 1923 69 20 BEST
146 1924 153 20 MATERIAL.
335 1925 70 20 BEST
414 1925 84 20 WORK

143 1965 159 19 AUCKLAND
311 1965 107 20 PRICES.

64 2041 164 24 Hand-sewn
238 2043 79 23 Boots
327 2050 15 15 a
357 2043 137 30 Specialty.

64 2106 241 47 KUSABS
339 2107 154 47 BROS

170 2164 218 33 ~a.Ks.hxxs

61 2201 74 41 SAW
150 2203 25 40 k
201 2204 152 40 PLANING
375 2204 117 40 MILLS,

62 2272 270 24 7yrO\JTNT7*irS[
355 2275 138 25 RI7^U,

219 2309 40 13 THE
273 2310 54 13 OXLY

61 2333 134 19 GENUINE
209 2333 59 19 DRY
285 2334 79 19 LAND
381 2334 111 20 TIMBER

164 2364 29 16 IN
206 2364 51 17 THE
271 2364 115 17 MARKET.

60 2408 128 43 MESSES
207 2409 99 19 KUSABS
324 2410 70 17 EROS,
409 2410 37 22 beg
462 2416 20 12 re-

136 2432 100 23 spectfully
241 2434 20 15 to
270 2433 69 18 inform
348 2433 33 17 the
393 2434 67 17 Public
473 2434 19 17 of

59 2454 78 17 Rotorua
145 2456 34 14 and
189 2456 72 19 vicinity
270 2456 40 15 tlmt
318 2458 41 19 they
374 2456 44 16 hnvo
432 2459 49 13 estab-

59 2476 54 15 lished
122 2482 10 9 a
141 2477 43 19 yard
192 2477 18 16 in
223 2477 126 19 Hiuemoa-st.,
360 2479 32 14 and
408 2483 31 10 can
453 2483 38 10 now

58 2498 62 20 supply
130 2497 28 17 the
167 2498 51 15 finest
225 2498 43 16 class
282 2499 19 15 of
316 2498 83 21 Building
411 2499 80 16 Material

58 2518 17 16 in
85 2519 28 15 the
122 2519 75 16 Market.
212 2519 18 16 It
238 2519 14 16 is
259 2520 103 20 unequalled
371 2520 16 16 in
397 2520 94 21 durability

58 2540 34 15 and
101 2540 104 21 impervious
214 2543 17 12 to
240 2542 28 14 the
277 2543 68 14 attacks
361 2542 18 14 of
393 2542 49 15 borer
456 2542 33 15 and

57 2561 32 20 dry
101 2565 31 13 rot.
157 2562 52 15 Their
217 2562 82 16 sawmills
308 2568 28 10 are
345 2563 49 15 fitted
404 2563 41 15 with
461 2563 29 16 the

57 2585 44 12 most
110 2583 69 15 modern
188 2583 98 20 appliances
296 2584 34 15 and
339 2585 29 14 the
376 2585 38 14 firm
427 2585 15 14 is
452 2585 38 15 able

56 2606 18 13 to
90 2604 62 20 supply
169 2610 33 14 any
219 2606 80 19 quantity
317 2605 17 15 of
350 2605 37 21 Dry
405 2605 85 20 Building-

56 2624 81 17 Material
145 2631 22 10 on
177 2627 28 14 the
214 2627 74 15 shortest
296 2627 62 15 notice.

57 2675 140 30 Skirtings,
205 2676 179 29 Architraves,
390 2677 83 23 Mould-

91 2711 67 29 ings,
171 2712 52 23 and
232 2712 112 23 Dressed
354 2713 102 23 Timber

120 2750 28 23 of
157 2757 80 23 every
252 2751 167 30 description,

146 2794 110 28 Always
267 2801 32 15 on
310 2794 83 24 Hand.

81 2827 119 23 HENATJ
211 2828 106 23 HOUSE
329 2828 129 24 BLOCKS.

73 2874 50 16 Price
132 2875 47 16 Lists
188 2881 20 10 on
218 2876 103 19 application
332 2877 18 14 to

54 2910 223 32 KUSABS
315 2910 136 33 BEOS-

127 2959 117 19 MAMAKU
257 2965 25 13 ok
295 2961 114 17 OITAUPO.

180 2997 26 17 Or
215 2997 20 18 at
242 2997 32 18 the
287 2997 68 22 Yards,

74 3032 125 19 HINEMOA
212 3033 101 20 STREET,
333 3034 128 17 ROTORUA.

52 3159 166 32 CARP
237 3160 245 37 ENTER,

154 3208 104 19 FENTON
275 3210 102 20 STREET,

143 3260 98 17 OrrosiTE
291 3260 79 17 Grand.

72 3294 67 16 Rushes
147 3293 55 19 made
211 3295 19 15 to
239 3294 60 17 order.

71 3339 44 46 G
125 3339 49 19 !O
176 3339 190 45 'M:°A'
376 3338 76 20 ISY
453 3338 3 47 '

47 3418 122 23 Plumber
186 3419 21 21 &
219 3417 111 24 General
342 3417 135 25 Mechanic

137 3476 131 19 TUT.IXEKAI
287 3475 93 22 S'mEET,

93 3590 135 40 HORACE
249 3590 178 40 STEWART.

44 3657 107 20 SADDLE,
165 3655 124 22 HARNESS,
304 3656 53 17 AND
376 3657 100 17 COLLAR

212 3687 98 22 MAKES,

85 3726 180 24 FENTON-ST.,
280 3727 152 20 ROTORUA.

42 3791 103 21 Saddles,
162 3790 94 22 Bridles,
272 3790 93 22 Collars,
382 3790 90 24 Chains,

64 3822 55 23 Bits,
127 3823 80 22 Spurs,
216 3821 104 18 Harness
333 3822 67 23 Soap,
409 3822 40 19 &c.

63 3887 118 21 Coaehalino,
186 3892 16 16 ,a
218 3885 114 23 waterproof
348 3887 125 21 preservative

48 3917 22 10 -v
77 3910 26 17 all
111 3910 54 17 kinds
175 3910 20 17 of
207 3909 77 18 leather.

63 3942 84 20 /xxloino,
165 3947 11 13 a
190 3941 71 23 perfect
277 3940 96 17 lubricant
388 3940 29 18 for
431 3946 31 12 car-

40 3965 65 22 viages,
116 3968 97 20 waggons,
223 3964 31 17 &c.

62 3995 70 19 Collars
142 3996 55 17 made
210 3997 20 15 to
243 4000 84 12 measure
341 4000 24 11 on
382 3994 32 18 the
428 4000 33 17 pre-

40 4019 53 18 mises
101 4025 10 10 a
120 4017 104 24 speciality.
261 4017 125 25 Lengthened
397 4018 64 22 experi-

40 4047 41 12 sneo
90 4042 18 17 in
118 4042 25 17 all
152 4039 67 20 classes
229 4041 19 18 of
252 4039 96 22 Saddler's
356 4040 58 19 work.
439 4040 32 18 All

40 4064 61 20 ardors
110 4064 98 24 promptly
216 4064 89 17 attended
318 4066 27 15 to.

42 4115 74 23 6.gent
125 4114 35 18 for
170 4114 28 18 H.
209 4113 27 19 H.
247 4113 111 23 Howden,-

59 4138 80 19 maker
145 4138 46 17 and
197 4136 111 23 Jeweller,
316 4137 128 21 Hamilton,

821 863 271 50 ROTOROJI,
1138 864 126 47 .NEW
1301 865 273 48 ZEJJL7LND.

532 948 38 43 I)
577 949 177 20 OTOE.UA.—This
762 952 101 19 wonderful
870 955 71 18 district
950 955 14 16 is
973 953 126 23 unparalleled
1108 953 19 17 in
1136 954 31 17 the
1176 954 71 18 known
1255 955 59 18 world
1323 956 30 17 for
1360 957 33 16 tlio
1400 957 82 17 number
1489 957 38 17 and
1536 959 72 22 variety
1618 960 19 18 of
1646 960 24 18 its
1679 960 87 18 Thermal
1775 961 79 22 Springs

552 973 24 18 .\j
600 973 27 19 As
635 980 11 12 a
654 974 64 18 health
725 975 61 17 resort
792 974 25 18 its
823 978 108 22 popularity
937 978 16 17 is
960 976 73 23 rapidly
1040 976 112 24 increasing,
1161 977 40 18 and
1212 978 44 17 that
1270 980 79 21 entirely
1367 985 24 11 on
1404 980 24 17 its
1446 986 42 11 own
1505 982 70 20 merits,
1593 988 20 13 as
1630 983 83 17 hitherto
1730 984 81 18 nothine
1828 984 33 18 has

519 997 3 26 i
530 997 48 16 been
587 997 48 17 done
644 1004 19 10 m
672 997 31 18 the
711 1003 41 16 way
760 997 21 17 of
789 997 117 26 advertising.

554 1018 85 19 Patients
648 1020 88 23 suffering
744 1021 48 16 from
802 1020 82 26 Chronic,
893 1023 97 20 Articular,
1000 1022 38 17 and
1046 1023 97 17 Muscular
1150 1023 129 22 rheumatism,
1290 1025 56 20 Gout,
1357 1025 101 19 Rhumatic
1465 1027 56 20 Gout,
1536 1027 44 18 Skin
1590 1029 85 18 Diseases
1699 1027 79 21 Sciatica
1802 1031 44 18 Lum-

530 1042 56 23 bago,
730 1044 84 17 Nervous
830 1045 121 22 Exhaustion,
968 1046 76 17 Uterine
1061 1045 98 22 Ailments,
1177 1047 39 16 and
1232 1047 55 23 tardy
1304 1049 140 18 convalescense
1461 1050 49 17 from
1527 1053 54 15 acute
1597 1043 84 27 diseases'
1694 1059 44 14 may
1754 1054 40 18 rolv
1811 1060 49 12 unou

530 1067 100 22 obtaining
638 1072 87 12 immense
734 1067 58 20 relief,
802 1068 35 18 and
845 1070 19 17 in
870 1071 33 16 the
911 1069 86 24 majority
1007 1068 19 18 of
1035 1074 49 12 cases
1093 1075 12 11 a
1113 1070 92 21 complete
1214 1076 49 11 cure.

553 1126 52 17 THE
618 1126 109 18 PRIEST'S
736 1127 141 20 BATH.—This
885 1131 16 17 is
910 1129 83 23 strongly
1002 1129 47 17 acid,
1063 1129 111 21 aluminous,
1191 1131 80 23 sulphur
1287 1133 63 19 water,
1369 1133 65 22 acting
1451 1140 20 10 as
1487 1140 11 10 a
1515 1135 92 22 powerful
1625 1136 41 17 skin
1683 1136 97 19 stimulant
1820 1138 40 19 Hot

530 1149 37 16 and
576 1149 42 17 cold
627 1150 84 17 showers,
721 1150 38 17 and
767 1150 78 19 douches
853 1159 31 11 are
892 1152 88 24 provided
988 1152 37 17 and
1034 1152 125 24 comfortably
1167 1154 87 17 enclosed
1263 1154 86 19 dressing
1358 1162 61 11 rooms

552 1171 115 19 MADAME
686 1173 123 19 RACHEL'S
828 1174 139 20 BATH.-This
977 1175 104 18 celebrate,!
1090 1176 70 23 Spring
1168 1176 15 18 is
1192 1183 12 10 a
1219 1177 61 18 Saline
1296 1180 58 16 water
1367 1179 46 16 with
1430 1178 90 23 Silicates,
1536 1181 36 17 and
1586 1182 34 17 has
1636 1188 24 11 an
1674 1183 80 17 alkaline
1771 1185 82 17 reaction

531 1197 37 14 Hie
577 1197 58 16 water
643 1202 16 11 is
668 1197 37 16 also
713 1197 46 17 usjd
767 1198 98 23 internally
873 1201 30 16 for
910 1200 24 16 its
942 1198 93 18 beneficial
1045 1200 63 16 action
1117 1205 24 11 on
1150 1199 31 17 the
1190 1200 85 22 kidneys.

530 1218 4 31 _
552 1218 53 17 THE
625 1220 68 17 BLUE
712 1220 140 19 BATH.—This
868 1223 16 17 is
901 1223 31 17 the
946 1222 72 22 largest
1033 1222 76 17 natural
1125 1223 108 22 swimming
1249 1218 45 23 'bath
1309 1225 20 16 in
1344 1225 32 17 the
1393 1225 93 17 Southern
1496 1227 129 22 Hemisphere.
1652 1229 19 17 It
1680 1230 67 16 affords
1756 1230 104 19 rheumatic

529 1243 80 15 invalids
617 1248 11 10 a
637 1248 62 11 means
708 1244 16 14 oi
735 1244 68 19 taking
811 1244 76 21 painless
897 1245 83 19 exercise,
990 1244 61 17 which
1059 1245 46 22 they
1113 1245 68 23 highly
1190 1247 112 21 appreciate.

551 1264 53 18 THE
614 1265 120 17 SULPHUR
742 1266 101 18 VAPOUR
851 1268 142 18 BATH.—This
998 1267 17 18 is
1021 1273 11 12 a
1037 1268 77 18 natural
1119 1268 34 18 hot
1157 1274 79 18 vapour,
1242 1270 69 23 highly
1316 1270 83 23 charged
1403 1271 48 18 with
1456 1272 80 22 sulphur
1545 1280 59 14 gases,
1618 1274 103 19 conducted
1735 1276 40 17 into
1790 1283 10 10 a
1814 1283 33 13 pro-

528 1288 54 21 perly
590 1289 116 16 constructed
713 1288 57 21 chest,
779 1295 19 10 m
804 1290 57 18 which
866 1292 32 16 the
905 1293 30 15 the
940 1291 73 22 patient
1019 1291 38 20 sits,
1067 1291 54 18 while
1127 1291 80 23 sulphur
1211 1293 21 17 in
1237 1298 24 12 an
1266 1293 115 24 impalpable
1388 1294 49 18 form
1442 1294 16 18 is
1463 1294 58 19 bein°-
1526 1297 107 22 constantly
1639 1298 97 21 deposited
1741 1305 25 12 on
1771 1300 33 17 the
1811 1300 40 18 skin

551 1310 53 17 THE
624 1312 59 17 NEW
703 1312 120 18 SULPHUR
841 1314 142 18 BATH.—This
995 1314 16 17 is
1023 1320 11 11 a
1046 1320 45 16 very
1103 1315 67 22 strong
1182 1315 60 18 acidic
1254 1318 58 16 water
1324 1317 20 17 of
1356 1317 45 23 high
1415 1321 131 19 temperature,
1561 1321 37 16 and
1615 1321 85 20 strongly
1718 1323 141 18 recommended

527 1339 20 11 in
564 1339 50 12 cases
630 1334 21 18 of
666 1334 121 19 rheumatism
796 1336 34 18 and
838 1338 55 17 allied
902 1338 83 17 diseases.
1009 1337 40 17 The
1056 1338 48 17 bath
1118 1338 58 17 house
1192 1339 16 17 is
1225 1339 74 18 divided
1315 1340 41 17 into
1373 1341 67 16 Ladies
1456 1342 38 17 and
1511 1343 121 18 Gentlemens
1648 1344 127 20 departments
1790 1347 37 16 and
1844 1347 15 16 is

528 1357 77 22 capable
613 1357 21 18 of
641 1357 162 24 accommodating
809 1360 31 18 400
848 1360 76 18 bathers
931 1360 56 23 daily.
1740 1357 2 26 .

550 1380 101 18 LADIES'
664 1381 57 16 NEW
730 1381 135 20 SWIMMING
877 1384 97 17 BATH.—
976 1383 43 18 This
1028 1383 15 18 is
1052 1389 11 12 a
1077 1386 64 16 recent
1152 1391 74 12 annexe
1234 1387 21 16 to
1263 1387 33 17 the
1305 1387 70 17 Rachel
1385 1388 91 18 Pavilion.
1502 1389 20 17 It
1529 1390 16 16 is
1553 1390 23 17 50
1585 1390 38 18 feet
1632 1390 47 20 lone
1687 1392 25 18 bv
1753 1393 37 16 feet
1804 1394 47 16 wide

527 1403 24 17 its
560 1405 84 20 greatest
652 1404 56 22 depth
717 1409 15 12 is
739 1405 13 16 4
760 1404 38 18 feet
806 1406 34 17 and
848 1408 24 16 its
883 1407 82 22 capacity
974 1407 64 21 25,000
1047 1408 80 22 gallons.
1153 1409 19 16 It
1181 1408 16 19 is
1206 1409 52 18 filled
1270 1410 47 17 with
1326 1416 58 11 water
1393 1411 48 17 from
1451 1412 31 16 the
1491 1412 71 18 Rachel
1571 1414 70 21 Spring
1651 1415 59 17 which
1719 1415 15 18 is
1743 1416 115 18 maintained

527 1428 20 15 at
555 1431 12 11 a
575 1428 124 20 temperature
708 1428 19 16 of
736 1428 22 17 98
767 1428 78 19 decrees.

550 1449 52 18 THE
612 1449 159 19 ELECTRICAL
780 1451 245 19 DEPARTMENT.-This
1035 1453 118 22 department
1168 1454 15 18 is
1200 1456 72 21 replete
1287 1456 47 18 with
1347 1457 32 17 the
1396 1459 50 15 most
1459 1458 77 18 modern
1553 1460 108 22 appliances
1677 1461 30 17 for
1722 1462 89 20 carryin-
1825 1465 33 15 out

526 1477 74 13 various
610 1476 57 14 tonus
676 1476 17 14 ot
703 1474 78 17 medical
790 1474 88 19 electrical
887 1477 99 16 treatment
994 1476 20 17 in
1023 1476 49 17 their
1082 1477 87 23 entirety.
1825 1470 34 11 out

550 1496 52 16 THE
609 1496 187 19 HYDROPATHIC
803 1498 108 19 BACKING
918 1500 52 16 AND
978 1500 118 17 MASSAGE
1103 1500 224 20 DEPARTMENT.-A
1334 1503 55 18 series
1395 1504 19 17 of
1420 1510 62 11 rooms
1489 1510 31 12 are
1529 1506 98 17 furnished
1635 1507 37 17 and
1682 1508 28 16 set
1715 1509 55 20 apart
1776 1509 30 17 for
1813 1509 44 18 each

525 1523 40 16 sex,
571 1524 20 12 in
597 1521 54 15 order
656 1521 19 16 to
684 1526 52 16 carry
742 1522 34 15 out
784 1521 35 17 this
824 1524 101 21 important
931 1522 78 22 adjunct
1014 1524 19 16 to
1040 1524 107 17 treatment.
1155 1524 38 17 The
1199 1526 78 17 services
1284 1526 19 17 of
1308 1532 11 11 a
1324 1527 89 21 qualified
1419 1527 96 18 Masseuse
1520 1529 38 16 and
1564 1529 84 18 Masseur
1657 1536 31 11 are
1696 1531 113 18 obtainable.

525 1574 91 18 Resident
624 1574 104 20 Entrineer:

595 1598 113 18 CAMILLE
721 1599 128 22 MALFROY,
859 1601 46 19 Esq.

1406 1582 90 19 Resident
1505 1584 81 18 Medical
1595 1585 167 23 Superintendent:

1483 1608 103 17 ALFRED
1600 1608 119 23 GINDERS,
1733 1611 53 17 M.D.

960 1699 174 77 im

1249 1699 344 77 7MT7I:

726 1844 58 24 Two
797 1846 66 22 miles
877 1846 72 31 from
967 1846 122 29 Rotorua,
1112 1847 134 31 adjoining
1259 1849 149 30 interesting
1418 1851 83 23 native
1512 1853 144 23 settlement.

1032 2003 68 23 PA
1124 2004 24 23 T
1163 2005 25 22 R
1209 2004 21 23 O
1247 2005 33 22 N
1297 2005 21 23 S
1328 2014 10 16 ;

660 2040 53 18 Earl
738 2041 26 17 of
786 2041 101 22 Kintore,
914 2042 53 18 Earl
992 2042 26 18 of
1040 2042 100 24 Onslow,
1162 2044 105 23 Marquis
1288 2045 27 18 of
1333 2046 128 22 Drogheda,
1484 2046 61 19 Lord
1566 2048 146 24 Carrington.

520 2070 87 47 THIS
622 2070 92 20 HOTEL
723 2072 37 19 has
770 2072 85 24 reeeutly
867 2073 49 19 been
926 2074 140 24 considerably
1075 2075 103 23 enlarged,
1189 2077 116 23 renovated,
1317 2078 41 18 and
1368 2078 129 19 refurnished
1507 2079 114 25 regardless
1631 2081 20 18 of
1668 2087 91 18 expanse,
1779 2082 40 19 and
1835 2083 14 18 it

586 2097 71 25 widely
668 2097 73 20 known
751 2099 32 18 for
793 2099 25 18 its
827 2099 97 19 excellent
934 2101 176 22 accommodation,
1122 2101 87 23 Cuisine,
1223 2103 33 18 &c.

890 2135 72 22 Here
972 2143 46 16 are
1030 2136 40 23 the
1085 2136 80 31 Chief
1172 2136 89 31 Sights
1272 2138 32 31 of
1310 2139 41 22 the
1362 2139 118 23 District.

649 2178 49 21 UyTij
706 2179 20 15 \V
741 2182 34 8 :i-:i
780 2178 3 21 :
809 2178 1 21 I
816 2178 159 21 BWgf^BlfljKnß

518 2219 80 19 Known
609 2221 32 17 for
648 2220 33 19 the
688 2228 13 12 e;

633 2254 42 47 C.
700 2256 41 45 E.
764 2256 231 52 .NELSOJi

921 2315 101 26 Guide

1015 2179 23 16 ot
1047 2179 83 16 Water
1139 2179 129 23 Petrifying
1277 2179 99 23 Geysers
1390 2180 79 24 playing
1482 2181 66 23 nearly
1566 2183 32 16 100
1614 2183 39 16 feet
1668 2183 53 17 \\\<A\.

908 2208 20 10 ui
939 2206 89 17 ouixuig
1036 2201 57 18 Mud
1102 2201 46 18 and
1158 2201 41 19 Oil.
1226 2202 75 23 Spout
1310 2199 66 26 'Bath,
1387 2199 38 22 Oil'
1432 2203 65 23 Bath,
1508 2204 71 18 Alum
1588 2205 60 18 Bath
1657 2206 20 17 &
1692 2206 77 19 Jack's
1783 2208 66 19 Bath.

910 2224 19 18 of
939 2223 147 25 Rheumatism,
1096 2224 120 26 Keuralgia,
1226 2225 114 26 Lumbago,
1350 2227 90 24 Sciatica,
1449 2228 89 24 Kidney,
1550 2228 61 19 Liver
1619 2230 41 18 and
1667 2230 57 18 other
1731 2232 120 24 complaints

1455 2263 278 55 Proprietor.

929 2477 38 23 On
990 2478 40 23 the
1054 2479 90 24 Direct
1166 2480 82 23 Route
1268 2484 22 20 to
1310 2481 118 24 Rolortta-

747 2515 46 19 For
809 2516 104 22 Scenery,
928 2517 108 20 Curative
1047 2519 131 23 Properties
1188 2520 26 18 of
1220 2521 41 17 the
1270 2521 73 19 Baths
1351 2523 46 17 and
1405 2524 207 23 accommodation,

656 2545 121 27 EXCEL
808 2547 68 24 ALL
909 2548 137 27 PLACES
1077 2550 47 26 OF
1153 2551 75 26 THE
1263 2552 86 26 KIND
1382 2555 31 25 IN
1445 2554 74 26 THE
1552 2556 160 27 COLONY.

537 2610 66 18 These
614 2610 92 25 Springs,
718 2611 64 20 which
793 2611 31 20 for
834 2610 52 21 their
905 2612 93 20 Curative
1008 2614 116 26 Properties
1134 2616 40 18 and
1184 2615 138 20 Comfortable
1332 2617 95 26 Fittings,
1439 2618 52 20 have
1503 2618 48 20 been
1570 2622 130 22 pronounced
1715 2622 27 22 by
1757 2623 28 19 all
1801 2624 45 19 who

511 2636 52 18 have
582 2636 75 18 visited
676 2636 54 19 them
748 2643 74 14 second
838 2643 24 13 to
879 2644 54 13 none
949 2645 21 13 in
986 2639 52 21 New
1054 2641 106 19 Zealand.
1188 2641 43 19 The
1245 2648 109 14 numerous
1364 2644 134 19 testimonials
1508 2646 92 19 received
1611 2653 21 12 as
1644 2650 20 16 to
1675 2648 54 19 their
1737 2655 57 13 cures
1805 2650 40 18 and

510 2663 86 17 comfort
607 2663 75 17 should
701 2663 25 18 be
743 2664 97 19 sufficient
857 2665 20 17 to
894 2665 70 19 induce
979 2665 91 21 Tourists
1086 2667 41 19 and
1139 2667 68 19 others
1224 2670 21 16 to
1254 2669 48 18 visit
1313 2669 61 19 them.
1403 2670 32 19 No
1446 2673 57 17 extra
1513 2671 75 24 charge
1598 2673 18 18 is
1626 2673 59 19 made
1695 2674 32 19 for
1735 2675 34 18 the
1779 2681 36 13 use
1825 2676 21 19 of

510 2689 35 18 the
556 2689 60 17 baths
627 2690 20 16 to
657 2694 82 18 persons
749 2690 80 24 staying
839 2691 20 17 at
869 2690 34 18 the
913 2690 60 19 hotel.

826 2737 82 25 THE
933 2728 528 42 OKOR^mE^SANATORIUM

536 2776 21 18 Is
567 2776 109 18 connected
687 2777 47 18 with
746 2777 34 19 the
790 2778 132 25 Telegraphic
932 2782 73 22 system
1015 2781 21 19 of
1045 2782 35 18 the
1090 2781 82 25 Colony,
1183 2782 34 19 the
1225 2782 116 26 Telegraph
1351 2784 61 19 Office
1422 2784 109 24 adjoining
1541 2785 34 19 the
1586 2786 70 20 Hotel.
1684 2788 36 19 All
1727 2788 117 20 Telegrams

509 2803 101 24 promptly
621 2803 77 21 replied
708 2805 26 17 to.
1449 2803 80 8 jo
1775 2803 12 11 t>
1826 2803 7 5 i
1835 2803 9 6 °

535 2827 96 22 C.,aches,
643 2827 97 25 Buggies,
752 2829 39 19 and
803 2829 139 24 Conveyances
950 2831 22 19 of
981 2832 27 19 all
1017 2832 61 19 kinds
1096 2833 57 19 leave
1170 2834 41 18 this
1229 2834 63 19 Hotel
1308 2841 25 12 on
1353 2835 109 25 Tuesdays,
1484 2837 123 25 Thursdays,
1626 2839 40 19 and
1685 2839 112 23 Saturdays
1823 2848 21 12 or

508 2855 56 24 daily
569 2855 133 23 .rf.required.
744 2855 87 19 Persons
849 2861 25 13 en
892 2858 57 18 route
967 2857 32 19 for
1016 2858 91 20 Kotorua
1122 2866 33 12 are
1174 2860 103 18 therefore
1296 2860 86 20 enabled
1403 2865 18 16 to
1441 2863 48 18 visit
1499 2863 34 19 the
1549 2864 91 19 wonders
1650 2865 22 19 of
1685 2865 101 23 Okoroire,
1804 2868 40 18 and

508 2886 62 19 enjoy
580 2882 34 16 the
625 2882 89 16 .Natural
727 2882 40 18 Hot
776 2882 64 18 Baths
849 2882 40 18 and
897 2888 12 12 a
919 2883 55 24 day's
984 2888 40 16 rest
1034 2886 94 23 previous
1138 2888 20 16 to
1168 2886 139 25 undertaking
1317 2893 12 12 a
1338 2887 87 26 journey
1435 2890 21 17 to
1466 2889 35 18 the
1512 2889 73 20 Lakes.

1061 2933 83 16 THIS
1168 2933 121 18 HOTEL

680 2956 44 18 nas
732 2958 89 24 recently
831 2956 4 31 I
843 2963 36 12 een
890 2959 84 23 erected,
983 2961 40 18 and
1037 2961 17 19 is
1063 2961 77 26 replete
1150 2962 49 18 with
1216 2968 60 17 every
1286 2963 85 19 comfort
1381 2964 31 18 for
1421 2964 92 20 Tourists
1524 2966 39 18 and
1573 2966 93 20 Invalids

535 2982 187 20 Nora—Tourists
730 2985 21 16 to
761 2982 101 20 Botorua!
890 2983 30 20 Be
930 2991 45 13 sure
987 2989 21 16 to
1024 2987 47 19 take
1090 2994 51 18 your
1158 2989 85 24 railway
1262 2989 72 19 tickets
1352 2990 32 18 for
1400 2989 113 21 Okoroire.
1551 2991 143 26 Conveyances
1708 2996 52 17 meet
1779 2995 63 19 trains

508 3009 102 22 Okoroire,
622 3014 95 18 carrying
727 3015 119 19 passengers
856 3012 20 15 to
887 3009 62 20 Hotel
958 3012 42 19 fn>e
1015 3013 21 18 of
1045 3013 81 25 charge.

1468 3051 256 56 Manager.

627 3305 61 51 E.
758 3305 472 61 ROBERTSON
1298 3313 162 53 AND
1507 3314 206 57 CO.'S

762 3375 241 43 EXPRESS
1037 3382 135 40 LINE
1208 3382 71 42 OF
1314 3383 264 42 COACHES.

504 3426 229 56 Carrying
750 3426 96 47 .Her
871 3429 250 61 Majesty's
1158 3432 136 47 .Mails
1326 3445 51 36 a§
1415 3446 82 45 per
1526 3436 310 57 Time-tables,

500 3532 106 23 Tauranga,

500 3556 24 17 To
533 3556 59 19 Puke,

499 3579 25 17 Te
533 3578 59 20 Puke,

499 3602 91 20 Rotorua,

499 3625 90 19 Eotorua,

498 3648 25 17 Te
532 3648 59 20 Puke,

498 3671 24 17 Te
532 3671 59 19 Puke,

583 3699 21 14 ■a,

665 3499 271 21 TAUPANGA-ROTOE.UA
948 3504 69 18 LINE,

655 3531 67 22 depart
769 3531 85 23 Tuesday
863 3533 37 17 and
909 3533 94 24 Saturday

763 3623 85 23 Monday
864 3625 37 17 and
917 3627 70 23 Friday

1013 3651 51 16 12.30
1072 3657 45 16 p.m.

1012 3674 50 16 12.45
1071 3679 46 18 p.m.

1022 3697 41 16 3.15
1071 3703 45 16 p.m.

1168 3538 86 18 Eotorua

1168 3561 97 17 Atcatnuri

1168 3584 93 17 Wairakei

1167 3607 70 22 Taupo,

1166 3630 71 23 Taupo,

1166 3653 94 17 Wairakei

1165 3676 104 20 Atcamuri,

1165 3698 90 21 Itotorua,

1346 3507 217 19 EOTORUA-TAUPO
1579 3509 71 18 LINE,

1422 3540 118 22 Wednesday
1557 3540 37 17 and
1615 3540 96 23 Saturday

1422 3631 99 22 Thursday
1535 3631 38 17 and
1588 3631 85 23 Monday

1752 3589 30 15 4.5
1789 3594 45 16 p.m.

1770 3612 10 15 5
1788 3617 46 16 p.m.

1767 3634 10 17 7
1790 3639 44 12 a.m.

1752 3657 29 16 8.5
1790 3662 43 12 a.m.

1732 3679 50 17 11.30
1789 3685 44 12 a.m.

1738 3703 41 16 4.30
1787 3707 46 18 p.m.

665 3747 125 33 Special
803 3749 229 34 Conveyances
1044 3754 157 31 arranged
1213 3754 49 26 for
1276 3754 32 25 at
1320 3754 55 26 the
1389 3754 144 27 Shortest
1546 3754 121 27 Notice.

821 3785 199 29 STABLES:
1038 3788 168 29 Tutanekai
1236 3791 109 30 Street,
1370 3791 141 26 Rotorua.

660 3825 113 33 Buggies,
792 3827 116 33 ©oaefyes
925 3829 51 32 en?d.
994 3828 96 29 Saddle
1108 3831 92 33 %r§e§
1215 3840 32 24 or?
1265 3831 51 33 tyre
1333 3840 31 24 or?
1382 3833 44 31 tr?e
1444 3831 119 32 gfyortest
1581 3832 95 33 %>tise.

978 3871 131 17 TEF22VIS
1136 3873 216 17 MODERKT6.

844 3898 145 32 Telegrams
1000 3900 55 24 and
1062 3901 100 25 Letters
1169 3902 150 31 punctually
1332 3902 117 24 attended
1457 3905 29 20 to.

495 3965 76 26 NB.
608 3963 114 26 Please
735 3963 74 26 note
822 3963 131 27 address

615 4005 59 65 e.
725 4004 471 68 ROBeRTSON
1229 4009 47 63 &
1313 4005 126 75 m„
1478 4014 234 48 Rotorua.

594 4081 206 56 "p'Sole
823 4088 305 42 contractors
1150 4081 78 47 for
1241 4083 181 47 .Messrs
1443 4083 44 45 T.
1510 4081 126 49 Cook.
1657 4083 47 48 &
1726 4084 103 48 Son.

1888 750 437 65 GEYSER
2398 760 367 68 HOUSE

1915 864 340 59 Hydropathic
2277 872 157 57 Hotel,
2470 876 263 52 Wairakei.

2080 948 35 20 Six
2125 950 58 19 miles
2192 951 53 20 from
2255 952 56 20 Lake
2321 953 70 27 Taupo
2401 956 101 25 (Eotoma
2511 959 59 25 side.)

2060 1010 180 29 SUPERIOR
2260 1015 333 34 ACCOMMODATION.

2083 1068 50 17 ALL
2145 1070 53 17 THE
2211 1070 134 21 COMFORTS
2357 1074 33 17 OF
2401 1075 17 17 A
2431 1075 75 19 HOME
2520 1078 50 18 FOlt

2128 1104 147 21 TOURISTS
2292 1108 64 19 AND
2370 1110 153 22 INVALIDS.

1884 1172 64 25 Hot
1973 1173 188 34 Swimming
2182 1177 110 34 Baths,
2318 1180 184 29 Kiri-o-Kai
2523 1191 35 20 or
2584 1187 78 26 New
2686 1189 79 27 Skin

1959 1214 93 32 Bath,
2064 1216 65 26 Hot
2142 1217 129 28 Douche
2286 1221 109 31 Baths,
2417 1223 109 28 Grand
2548 1227 143 29 Climate.

2000 1256 170 28 Elevation
2191 1260 91 31 1,350
2302 1261 63 27 feet
2377 1264 101 27 above
2492 1272 54 20 sea
2558 1268 90 26 level.

1885 1303 195 25 COMPETENT
2095 1306 120 25 GUIDES
2232 1315 121 21 accompany
2368 1314 82 19 tourists
2467 1317 21 17 to
2504 1316 35 20 the
2559 1319 81 19 various
2661 1320 66 22 places
2745 1323 20 18 of

2013 1335 90 20 interest,
2112 1333 67 20 which
2189 1334 60 21 baffle
2259 1336 36 20 the
2304 1340 52 17 most
2365 1338 60 20 facile
2434 1346 46 19 pen,
2491 1342 41 20 and
2549 1350 37 12 can
2605 1345 47 24 only
2670 1346 25 19 be
2713 1348 42 19 real-

2013 1360 43 16 lzt'd
2067 1360 58 18 when
2134 1366 53 13 seen.
2639 1360 8 10 J

1883 1421 196 24 CeYSGR
2098 1425 198 26 ¥HLL6Y
2309 1430 91 19 contains
2415 1431 35 20 the
2469 1432 104 27 following
2591 1436 122 23 unequalled
2722 1438 29 20 Na-

1960 1449 54 17 tural
2034 1449 91 19 wonders
2145 1452 159 25 :-Tuhuatahi,
2325 1461 22 12 or
2370 1456 61 20 Great
2455 1457 133 28 Champagne
2605 1460 111 27 Cauldron;
2730 1464 35 20 the

1960 1473 62 19 Great
2032 1474 107 22 Wairakei
2147 1476 90 27 Geyser;
2250 1480 34 19 the
2295 1480 85 26 Donkey
2390 1482 91 26 Engine;
2496 1485 35 18 the
2541 1485 54 20 Bath
2606 1487 20 18 of
2636 1487 34 20 the
2680 1488 73 22 Fairies-

1959 1499 35 20 the
2012 1499 115 26 Lightning
2142 1499 63 40 Pool;
2220 1505 34 19 the
2271 1506 87 19 Cascade
2375 1508 80 24 Geyser,
2475 1517 22 12 or
2515 1511 102 25 Dragon's
2634 1513 83 26 Mouth;
2731 1517 34 18 the

1959 1525 65 20 Black
2032 1526 89 26 Geyser;
2136 1529 35 19 the
2184 1529 50 21 Mud
2247 1532 86 24 Geyser;
2349 1533 34 19 the
2402 1534 51 20 Blue
2471 1536 69 24 Lake;
2551 1538 35 18 the
2603 1539 31 19 Oil
2652 1539 65 20 Bath-
2730 1542 35 19 the

1958 1551 66 26 Eagle
2032 1559 8 12 a
2049 1553 62 25 Nest;
2125 1555 34 18 the
2166 1555 78 20 Devil's
2251 1557 71 20 Punch
2330 1551 69 35 Bowl;
2415 1561 34 18 the
2457 1561 73 21 Prince
2539 1564 21 18 of
2568 1564 77 20 Wales'
2653 1566 98 20 Feathers

1958 1578 34 18 the
2012 1578 85 26 Mirror;
2113 1580 35 20 the
2166 1581 58 20 Twin
2245 1583 87 25 Geyser;
2347 1585 34 19 the
2399 1586 58 20 Coral
2474 1588 89 25 Geyser;
2579 1590 34 19 the
2623 1591 65 20 Green
2704 1593 48 19 Pool

1960 1603 161 22 Terekereheor
2139 1607 48 19 Hell
2208 1609 87 24 Geyser;
2318 1611 34 19 the
2371 1612 68 20 Steam
2459 1613 105 22 Hammer.
2593 1617 83 20 Guide's
2694 1619 32 20 fee
2744 1623 19 16 to

1959 1632 77 22 Geyser
2044 1632 79 24 Valley,
2135 1634 22 18 5s
2165 1632 3 31 ;
2185 1633 89 21 distanco
2283 1636 53 19 from
2344 1637 35 19 the
2393 1638 59 25 hotel,
2467 1642 7 16 1
2486 1640 54 19 mile.

1880 1689 99 22 THO
1999 1690 336 28 HRSHT6HTeH
2347 1703 22 12 or
2386 1696 80 21 Ladder
2484 1698 84 27 Bapids.
2606 1701 42 20 The
2665 1703 99 21 Grandest

1958 1715 78 26 Kapids
2045 1722 22 14 in
2077 1717 35 19 the
2122 1717 102 22 Southern
2234 1720 146 27 Hemisphere;
2395 1724 74 26 falling
2485 1726 21 18 in
2523 1726 31 19 six
2573 1727 81 20 distinct
2673 1731 90 19 cascades

1958 1744 94 23 amongst
2062 1744 62 19 weird
2135 1745 39 19 and
2185 1746 79 25 rugged
2281 1754 82 19 scenery
2390 1748 96 21 Distanco
2504 1752 52 19 from
2576 1753 33 20 the
2626 1754 61 25 hotel,
2707 1757 56 19 three

1958 1771 63 15 miles,
2049 1771 74 17 baddle
2133 1771 69 19 horses
2213 1776 20 15 to
2242 1773 48 19 visit
2304 1774 34 19 the
2352 1774 79 26 Eapids
2445 1777 22 18 7s
2478 1777 25 19 6d
2513 1779 55 19 each.

1881 1827 231 25 KeRMPITI
2130 1835 22 13 or
2161 1830 34 19 the
2205 1830 78 21 Devil's
2293 1832 96 26 Trumpet
2408 1835 17 18 is
2444 1836 43 18 said
2506 1838 21 17 to
2546 1838 48 19 emit
2613 1846 12 12 a
2640 1846 93 18 pressure
2742 1842 21 19 of

1959 1856 70 17 lSOlos
2039 1856 20 17 oi
2070 1859 63 15 steam
2145 1858 21 17 to
2175 1857 35 18 the
2220 1858 52 23 inch,
2285 1859 52 18 from
2348 1866 25 12 an
2391 1863 93 23 aperture
2494 1863 21 18 of
2533 1863 63 19 about
2615 1866 69 19 twelve
2694 1866 68 20 inches

1956 1886 20 12 m
1988 1881 104 18 diameter.
2121 1882 96 19 Distance
2237 1884 19 18 fr
2271 1891 18 12 in
2310 1885 55 19 hotel
2383 1886 57 20 three
2458 1889 41 18 and
2520 1895 12 13 a
2549 1890 45 18 half
2612 1892 66 22 miles;
2693 1893 68 20 saddle

1955 1908 70 16 horses
2036 1910 19 15 to
2063 1909 47 17 viszt
2120 1908 34 19 the
2165 1908 70 23 above,
2246 1912 23 17 2s
2279 1911 25 18 Gd
2314 1912 56 19 each.

1878 1966 64 20 TH
1949 1965 29 37 f
1998 1967 141 22 HVKH
2158 1969 164 26 FHLLS,
2340 1971 33 18 the
2391 1971 101 21 Grandest
2509 1973 56 20 Falls
2575 1975 20 18 in
2614 1976 34 19 the
2666 1978 94 19 southern

1958 1993 135 24 hemisphere.
2123 1993 11 18 I
2139 1993 25 20 lie
2174 1993 57 20 Falls
2241 2002 44 18 may
2299 1997 23 18 be
2332 1997 72 19 visited
2414 2004 25 12 on
2449 1999 34 18 the
2495 2006 55 13 same
2569 2002 115 24 expedition
2694 2009 22 13 as
2727 2004 33 19 the

1957 2020 59 15 .Devil
2026 2025 10 10 s
2048 2020 102 24 Jrumpet.
2179 2020 97 20 Distanco
2285 2023 52 17 from
2348 2023 55 19 hotel
2413 2024 56 19 three
2480 2026 40 18 and
2530 2032 12 12 a
2558 2027 44 19 half
2611 2028 67 19 miles-
2692 2030 69 19 saddle

1954 2044 59 17 horse
2023 2050 22 11 or
2056 2044 69 23 buggy
2136 2046 22 18 2s
2168 2046 26 18 Gd
2209 2046 57 19 each.

2346 2107 49 53 j|.
2431 2110 325 55 Proprietress.

2830 790 122 25 PORT
2975 796 191 27 STREET.

2920 831 157 23 AUCKLAND.

2813 891 94 25 Splendid
2923 897 163 22 accommodation
3098 901 31 19 for
3141 903 50 19 Tour-

2788 919 35 16 ists
2832 918 39 18 and
2881 919 113 22 Travellers.

2804 955 178 32 High-class
3001 961 107 27 Wines
3128 967 61 25 and

2896 990 112 32 Spirits
3020 994 82 33 kept.

2831 1067 39 26 W.
2905 1070 30 24 H.
2964 1072 198 35 PEARCE,

2910 1107 173 34 Proprietor.

2914 1235 17 25 A
2940 1235 146 35 xkJiJLiOjQ.,

2789 1273 34 25 (In
2833 1275 34 19 the
2880 1278 95 23 premises
2990 1279 60 26 lately
3071 1284 92 23 occupied
3180 1286 24 21 bv

2891 1302 27 20 H.
2929 1303 33 19 W.
3117 1293 7 16 L
3194 1293 9 19 3

2806 1333 80 21 MAIN
2898 1336 87 25 ROAD,
3000 1340 187 24 OHINEMUTU.

2790 1383 238 45 RESPECTFULLY
3036 1390 46 19 calls
3091 1392 33 19 the
3141 1397 63 16 atteiw

2861 1413 41 17 tion
2912 1413 20 17 of
2942 1413 102 21 Residents
3052 1419 20 16 to
3079 1416 30 21 his
3117 1425 40 13 new
3166 1422 38 18 and

2787 1436 68 19 varied
2865 1437 53 19 stock
2933 1439 20 18 of

2789 1468 120 26 SPRING
2919 1472 22 23 &
2952 1473 134 26 SUMMER
3100 1478 103 25 GOODS.

2801 1536 66 21 Style
2880 1540 16 17 &
2903 1540 90 21 Perfect
3004 1542 37 20 Fit
3048 1543 142 24 Guaranteed.

2837 1585 157 50 Steele
3016 1590 133 50 Bros.

2800 1684 183 44 MARAEROA
3026 1689 165 46 SAWMILL,

2785 1768 132 42 DESIRE
2925 1771 24 18 to
2958 1771 72 19 thank
3038 1774 38 18 the
3085 1775 74 22 public
3169 1777 34 19 for

2853 1794 52 21 past
2919 1794 75 19 favors
3008 1796 44 19 and
3066 1797 43 24 beg
3127 1800 24 17 to
3166 1806 25 12 an-

2785 1820 89 13 nounce
2883 1816 51 18 that
2942 1817 83 24 having
3033 1825 13 12 a
3060 1820 61 24 large
3135 1823 67 18 stock

2785 1837 26 18 of
2820 1839 170 20 well-seasoned
2997 1842 117 20 first-class
3123 1845 80 19 timber

2785 1865 30 13 on
2823 1861 61 18 hand
2893 1863 54 23 they
2956 1869 36 12 are
3001 1867 108 21 prepared
3116 1869 23 17 to
3147 1869 56 19 fulfil

2785 1884 77 19 orders
2872 1886 24 17 at
2904 1886 96 19 reduced
3009 1889 67 18 rates.

2785 1951 50 43 T.
2874 1952 62 44 M.
2975 1954 46 43 H
3023 1956 26 17 A1
3050 1957 62 18 ™
3115 1958 51 20 X,B
3169 1951 4 46 -
3175 1959 11 17 A-

2818 2014 140 20 BARRISTER
2971 2017 52 17 AND
3032 2018 136 23 SOLICITOR,

2795 2053 38 21 118,
2855 2054 95 18 Victoria
2969 2056 86 21 Arcade,

2782 2132 89 17 Barrister
2883 2133 36 17 and
2934 2134 84 18 Solicitor
3032 2136 19 16 of
3065 2137 31 17 the
3112 2138 73 23 Supreir

2872 2156 61 21 Court,
2942 2157 80 20 Ontario,
3030 2159 78 18 Canada.

2074 2250 59 26 Hot
2160 2251 97 26 Lakes
2276 2253 33 24 of
2326 2253 70 26 New
2414 2254 144 26 Zealand.

2564 2411 154 54 TiTTTT

2010 2514 28 17 IS
2050 2514 22 18 A
2085 2514 192 22 FIRST-CLASS
2290 2518 205 20 TEMPERANCE
2508 2521 106 20 HOTEL.

1959 2582 236 24 HIN6MOH
2212 2585 197 25 STREET,
2429 2586 237 25 ROTORUR

1870 2644 83 32 rpHIS
1965 2645 60 18 NEW
2038 2646 53 17 AND
2104 2646 189 19 COMFORTABLE
2307 2649 215 18 ESTABLISHMENT
2530 2651 16 17 is
2554 2651 82 18 situated
2644 2652 20 17 in
2671 2651 33 18 the
2712 2656 38 13 new

1876 2667 21 20 JL
1931 2669 94 22 township
2035 2669 19 17 of
2063 2669 89 22 Eotorua,
2163 2671 47 17 close
2220 2672 19 16 to
2249 2672 32 17 the
2290 2672 125 18 Government
2430 2673 120 18 Sanatorium
2563 2675 38 16 and
2613 2675 65 20 Baths,
2692 2674 58 18 which

2188 2695 91 21 comprise
2287 2695 32 17 the
2328 2695 104 18 celebrated

1867 2719 94 19 Priest's
1970 2720 65 22 Bath,
2046 2721 107 18 Madame
2163 2722 86 18 Rachel
2258 2723 78 22 Baths,
2347 2723 138 19 Chameleon
2495 2725 94 19 Douche
2599 2726 64 21 Bath,
2680 2726 70 23 Large

1938 2743 56 18 Blue
2003 2744 137 24 Swimming
2149 2745 65 22 Beth,
2231 2745 103 24 Sulphur
2346 2747 94 23 Vapour
2448 2747 61 19 Bath
2518 2749 47 17 and
2573 2749 110 18 Galvanic

2222 2768 98 24 Battery
2328 2770 66 22 Bath,

1867 2789 69 17 OVER
1949 2790 90 17 WHICH
2055 2791 85 17 LARGE
2158 2792 118 18 BATHING
2293 2791 138 21 PAVILIONS
2452 2794 71 18 HAVE
2544 2795 71 18 BEEN
2634 2795 116 18 ERECTED

1971 2813 46 18 with
2026 2819 100 12 numerous
2135 2814 91 24 Dressing
2243 2816 74 20 Rooms,
2327 2817 36 17 etc.
2387 2817 75 17 Besides
2471 2818 52 17 these
2532 2818 52 18 there
2593 2819 15 16 is
2616 2818 32 18 the

1867 2834 133 20 Pain-killer
2011 2836 66 22 Bath,
2093 2837 132 23 Coffee-pot,
2242 2838 131 19 Cameron's
2386 2840 46 18 and
2446 2840 128 19 Hinemaru
2588 2841 72 18 Baths
2673 2841 23 18 in
2711 2841 38 18 the

2169 2861 150 18 Sanatorium
2335 2862 113 20 Grounds.

1866 2902 113 20 Batiigate
1998 2904 73 19 House
2087 2904 38 19 has
2141 2904 52 20 been
2212 2906 79 25 greatly
2309 2906 96 26 enlarged
2419 2908 33 18 for
2467 2908 92 19 Tourists
2575 2915 24 13 as
2617 2909 45 19 well
2679 2916 21 12 as
2719 2909 31 19 fur

2100 2931 72 25 people
2185 2932 73 24 taking
2268 2939 13 12 a
2289 2939 70 12 course
2369 2933 21 18 of
2399 2933 33 19 the
2443 2933 72 19 Baths.

2119 2965 133 20 TERMS
2272 2967 228 22 MODERATE.

2306 3005 9 10 0

2041 3025 52 36 S.
2141 3027 53 35 T.
2248 3029 42 33 B
2317 3030 179 36 ReN
2520 3032 52 38 T,

2185 3073 242 19 PROPRIETOR.

1864 3094 126 20 N.8.-Most
1998 3098 20 16 of
2026 3098 54 18 those
2088 3099 43 19 who
2139 3100 44 18 visit
2191 3102 75 18 Brent's
2276 3104 23 17 do
2308 3110 20 11 so
2337 3105 83 24 through
2428 3107 33 17 the
2474 3107 48 18 kind
2534 3110 179 18 recommendations
2730 3111 19 17 of

2201 3126 87 21 previous
2297 3129 108 17 customers.

1954 3231 229 48 ROBERT
2213 3236 254 50 FURMESS
2499 3241 47 46 &
2579 3241 80 51 Co.,

1898 3331 380 33 MANUFACTURERS
2315 3339 111 26 AND
2461 3341 251 34 IMPORTERS,

2052 3426 182 36 FORT
2268 3431 290 35 STR66T.

1994 3552 160 25 ROTORFA.

1877 3772 49 22 (One
1946 3772 75 19 linute's
2030 3775 49 16 walk
2088 3775 49 18 from
2143 3777 33 17 tho
2182 3777 72 19 Govern-

2005 3801 55 13 ment
2066 3798 76 24 Baths.)

1922 3942 58 24 3per
1998 3936 88 29 week;
2105 3937 28 23 6s
2148 3944 45 23 per
2201 3938 59 30 day.

1954 3983 89 24 weeks
2052 3990 28 17 or
2089 3983 98 30 longer,
2204 3984 56 25 30s.

1902 4082 16 31 !.
1950 4081 135 32 HAWKER
2112 4082 139 38 WILSON,

1980 4132 192 26 PEOPEIETOE.|

2778 2369 71 18 Losses
2858 2370 50 17 Paid
2913 2369 3 18 .

2778 2400 49 18 Fire
2840 2401 76 17 Pkemiti

3079 2404 114 21 .£1,100,000

3076 2434 2 22 i
3087 2434 107 22 £1.000,009

2844 2470 37 20 W.
2903 2472 92 19 WARD
3011 2473 106 23 BAKBR,

2808 2510 95 19 District
2911 2511 112 24 Manager,
3032 2513 126 20 Auckland.

2860 2550 36 19 W.
2910 2551 26 19 A.
2951 2551 158 24 WILLIAMS,

2832 2590 69 18 Local
2920 2591 81 22 Agent,
3029 2592 104 20 Rotorua.

2827 2639 104 39 DAVID
2961 2639 177 49 SHERRIFF,

2855 2713 110 19 FAMILY
2980 2713 133 26 BUTCHER,

2825 2763 78 18 Arawa
2925 2764 88 22 Street,
3035 2763 103 21 Kotorua.

2798 2811 21 18 Is
2837 2817 44 12 now
2898 2811 92 25 carrying
3007 2818 25 12 on
3049 2813 34 18 the
3099 2813 91 19 business

2773 2844 60 25 lately
2852 2845 107 19 conducted
2978 2846 26 24 by
3020 2846 73 19 Messrs
3110 2847 77 20 Jecklin

2773 2879 38 18 and
2821 2879 72 23 Cotter,
2905 2879 38 18 and
2953 2879 16 18 is
2979 2880 95 24 prepared
3085 2883 18 16 to
3117 2882 71 24 supply

2772 2913 33 18 the
2815 2913 66 24 public
2891 2914 45 17 with
2949 2913 60 26 prime
3017 2914 76 25 quality
3103 2916 20 17 of
3136 2919 51 15 meat

2772 2947 39 19 and
2820 2948 56 18 small
2886 2948 61 25 goods

2842 2991 35 19 AT
2891 2991 112 20 LOWEST
3017 2991 100 20 PRICES.

2797 3055 170 23 WYNYARD
2980 3055 181 29 &PTJHCHAS,

2831 3107 126 18 Barristers
2964 3112 40 13 and
3014 3107 117 21 Solicitors,

2769 3160 77 19 B.N.Z.
2855 3161 116 23 Chambers,
2980 3161 98 24 QueenSt,
3086 3162 104 19 Auckland

2777 3257 46 28 \\J
2831 3255 18 19 E
2862 3255 50 19 have
2922 3262 69 18 money
3001 3259 19 15 to
3031 3256 43 18 lend
3086 3262 24 12 on
3127 3256 51 19 Ifort-

2786 3287 6 9 »
2801 3277 12 11 *
2857 3288 13 17 g
2872 3288 10 11 a
2884 3288 24 18 ge
2919 3283 19 17 of
2954 3282 95 18 Freehold
3063 3282 39 19 and
3117 3282 59 18 Lease-

2769 3306 46 19 hold
2824 3311 93 20 property
2927 3310 21 16 at
2957 3312 78 14 current
3044 3311 56 15 rates.

2314 3560 33 19 TO
2363 3560 57 19 THE
2434 3561 105 20 PUBLIC
2554 3562 33 19 OF
2604 3562 135 20 ROTORUA.

2315 3685 23 20 -I-
2367 3695 39 12 raa
2423 3690 32 18 for
2469 3690 53 19 their
2528 3691 82 18 favours
2622 3691 73 24 during
2705 3690 34 19 the

2312 3716 46 22 past
2368 3714 69 20 fifteen
2445 3722 65 18 years,
2522 3716 41 19 and
2576 3720 20 15 to
2613 3717 63 24 notify
2696 3716 43 19 that

2312 3740 32 18 for
2354 3741 34 18 the
2399 3742 131 18 convenience
2541 3742 21 19 of
2570 3742 98 19 residents
2676 3742 22 18 in
2705 3741 33 19 the

2314 3765 50 19 New
2375 3766 112 26 Township,
2501 3767 40 19 and
2551 3774 32 18 my
2595 3767 56 19 trade
2669 3773 58 19 gener-

2312 3791 47 24 ally,
2370 3791 12 19 I
2391 3792 52 19 have
2453 3793 53 19 built

2337 3845 53 20 New
2398 3846 104 21 Premises
2508 3854 23 12 in
2538 3847 83 21 Fenjton
2627 3847 82 23 Street,

2310 3902 66 19 which
2387 3910 34 13 aie
2430 3911 45 12 now
2485 3911 52 19 opon
2545 3906 31 18 for
2585 3904 96 23 business,
2698 3902 39 20 and

2310 3928 54 20 lam
2382 3931 99 24 prepared
2503 3934 20 16 to
2535 3930 74 26 supply

2449 3976 70 19 Prime
2538 3977 63 18 Meat

2310 4012 21 20 in
2342 4013 51 20 both
2403 4015 50 21 New
2463 4015 41 20 and
2514 4015 38 20 Old
2561 4015 123 25 Townships.

2341 4092 43 23 An
2397 4092 152 31 Inspection
2563 4094 22 22 is
2599 4094 106 24 invited.

2518 4140 102 19 HENRY
2633 4140 80 19 KIRK.

2805 3420 68 25 SHIP
2884 3419 19 26 &
2914 3419 97 25 YACHT
3024 3419 122 25 BROKER.

2825 3450 187 19 COMMISSION
3022 3450 105 23 AGENT,

2800 3487 51 31 JAB
2873 3486 53 20 FOR
2949 3486 66 18 SALE
3034 3492 11 12 a
3062 3486 82 20 number
3161 3485 19 18 nf

2773 3512 11 19 I
2799 3507 8 23 i
2845 3514 61 16 steam
2928 3511 99 23 launches,
3048 3512 72 22 yachts,
3142 3507 28 27 .'«i:<
3174 3511 5 17 1

2764 3539 79 24 pulling
2853 3538 57 18 boats
2928 3537 85 19 suitable
3033 3537 31 19 fur
3081 3538 7 18 1
3101 3538 22 17 kc
3141 3537 38 17 ami

2763 3565 52 18 river
2824 3563 59 19 work.

2827 3593 180 20 Correspondence
3027 3592 88 20 Invited.

2787 3682 30 22 15,
2831 3680 150 22 QUEEN-ST.,
2996 3676 152 23 AUCKLAND.

2763 3728 413 69 Rotoruajiibrapy

2761 3812 100 47 OPEN
2872 3812 52 19 from
2936 3814 20 16 10
2966 3815 44 13 a.m.
3020 3810 20 16 to
3050 3808 10 17 5
3071 3814 46 17 p.m.
3137 3810 40 18 and

2820 3840 44 16 6.30
2874 3841 21 16 to
2905 3833 166 28 lOp.ui-Sundays
3076 3833 30 19 till
3110 3835 13 19 9
3128 3841 13 18 p
3151 3844 25 10 ..i.

2778 3876 155 23 Subscription
2942 3871 3 28 :
2957 3871 41 19 20s
3006 3871 42 17 Per
3056 3871 100 20 Annum.

2784 3910 87 20 Visitors
2886 3914 42 17 may
2944 3911 80 19 procure
3040 3904 67 21 Books
3126 3907 50 20 from

2760 3937 34 19 the
2803 3936 84 24 Library
2896 3939 23 12 on
2936 3930 82 25 making
3034 3937 12 12 a
3065 3931 76 25 deposit
3158 3934 20 18 of

2760 3965 34 16 not
2802 3963 41 18 less
2851 3962 44 18 than
2914 3959 26 20 ss,
2959 3956 38 18 and
3015 3956 122 28 purchasing
3160 3962 18 15 is

2760 3995 76 17 coupon
2845 3988 29 17 for
2883 3988 56 19 every
2951 3981 52 19 Four
3013 3982 68 20 hooks.

2785 4014 42 19 The
2842 4010 81 21 Library
2944 4007 18 19 is
2980 4014 51 19 open
3053 4009 74 26 during
3146 4011 33 18 the

2760 4040 88 21 evening-

2768 4087 55 30 JOB
2846 4083 138 21 PRINTING
3006 4086 21 17 of
3050 4092 59 19 every
3134 4088 45 19 doMi

2761 4104 20 28 t)
2814 4109 84 27 oription
2907 4110 98 20 executed
3021 4111 46 20 with
3088 4116 92 18 ueatiiMi

2759 4139 36 21 and
2804 4136 94 24 despatch
2907 4139 21 16 at
2940 4137 34 18 tho
2984 4136 117 22 Curonicle
3113 4144 5 12 (
3126 4141 55 19 Ulic.j.
