3300 4360
1098 3916 123 18 VISITORS'
1234 3917 63 17 LIST.

1004 3997 41 17 Mrs
1053 3997 79 21 Wilson,
1140 3997 104 18 Auckland.
1276 3998 47 18 Miss
1337 3997 73 20 'Wizard,

981 4020 86 17 Thames.
1092 4020 63 22 Judge
1256 4021 70 18 Messrs
1337 4020 76 20 Wilson,

981 4043 79 20 Martin,
1071 4043 59 21 Crow,
1148 4043 96 23 Halliday,
1255 4044 80 23 Grudge,
1352 4043 49 18 Auck-

981 4066 47 17 land
1035 4071 5 16 ;
1062 4066 58 18 Hills,
1129 4066 110 21 McMahon,
1256 4061 102 27 Shinrian,\
1365 4066 36 23 Syd-

981 4095 37 16 ney
1028 4084 3 27 ;
1047 4089 56 20 Steel,
1113 4089 111 17 Melbourne
1233 4084 4 27 ;
1252 4090 47 17 Tate
1309 4084 91 24 Tarahald
1409 4084 3 27 ;

982 4112 51 20 Tuft,
1043 4111 66 23 Taupo
1118 4106 4 30 ;
1137 4111 71 18 Artlrar
1226 4113 117 23 Wellington
1351 4106 9 24 i
1369 4112 33 17 Hil-

981 4136 40 19 ton,
1031 4135 96 16 Miranda.
1350 4130 10 21 I

1499 144 88 17 Brent's
1599 144 113 18 Bathgate
1723 145 70 17 House.

1456 179 106 18 Mesdames
1569 180 63 21 Shaw,
1642 179 102 25 Adelaide;
1765 181 101 23 Fountain,

1433 202 84 19 Jenkins,
1532 203 130 21 Queensland;
1684 204 83 20 Dobson,
1787 204 79 24 Clayton

1433 226 56 22 Luig,
1505 225 112 22 Tasmania;
1639 227 78 20 Barker,
1736 227 117 18 Queensland
1861 225 4 23 •

1433 249 78 20 Gibson,
1520 248 88 25 N.S.W.;
1623 249 47 21 Fox,
1679 250 100 23 England;
1790 251 76 19 Madam

1433 272 100 22 Wilckcps,
1550 271 76 23 Sydney
1633 278 5 15 ;
1652 273 106 21 Bickerton,
1770 273 83 19 Victoria
1860 282 5 15 ;

1433 295 97 20 Bichards,
1547 295 122 24 Manawatu:
1695 296 78 20 Wilson,
1792 297 61 22 Otago
1860 295 4 24 •

1433 318 76 20 Seherff,
1524 318 110 23 Auckland;
1653 318 94 23 Grdgory,
1766 320 87 18 Dunedin
1860 318 4 23 •

1433 341 101 21 Castendy;
1540 347 9 11 e
1557 341 39 17 and
1604 341 72 18 Master
1684 342 123 23 Castendyke,
1814 344 39 18 Wel-

1432 364 82 22 lington.
1558 364 68 17 Misses
1654 365 102 23 Courtney,
1782 367 70 23 Thomp-

1432 393 34 11 son
1475 386 33 24 (2),
1519 386 89 21 Graham,
1615 388 100 17 Auckland
1722 386 4 24 ;
1738 388 61 22 Clark,
1810 390 44 19 Glas-

1432 416 43 17 gow
1481 416 5 14 ;
1508 410 77 20 Gibson,
1593 411 47 17 New
1649 411 61 18 South
1719 412 61 17 Wales
1787 419 5 11 :
1802 413 61 22 Shaw,

1432 433 90 18 Adelaide
1532 433 4 26 ;
1562 433 77 21 Turner,
1665 434 111 18 Melbourne
1790 433 4 26 ;
1816 437 47 22 Fox,

1433 456 110 22 Kingsford,
1560 456 77 21 Bellatt,
1660 457 100 23 England;
1785 459 79 23 Clayton

1432 479 55 23 Luig,
1498 477 99 24 Langdon,
1607 480 106 18 Tasmania.
1738 481 28 17 Dr
1782 480 80 24 Bussel],

1432 502 76 18 Ireland
1515 508 5 16 ;
1534 503 55 17 Bevs.
1600 503 76 19 Gillam.
1694 504 96 22 Ellerslie;
1810 506 51 21 Ross,

1432 525 129 22 Invercargill;
1574 525 30 18 Dr
1609 526 85 20 Metcalf,
1703 527 80 18 Norfolk
1792 529 69 19 Island-

1432 548 69 18 Messrs
1510 548 57 21 Both,
1579 548 77 22 Seherff,
1664 550 67 17 Fallon
1745 550 32 24 (2),
1795 552 56 19 Brani-

1432 572 48 20 well,
1494 571 109 21 Auckland;
1618 572 55 18 Shaw
1689 572 33 23 (2),
1740 574 121 23 Coolgardie;

1432 595 100 19 Fountain,
1550 595 77 21 Barker,
1645 595 121 23 Macdonald,

1432 614 128 30 Queensland;
1580 618 78 21 Wilson,
1676 619 63 22 Otago
1747 614 3 30 ;
1773 614 88 30 Osborne!

1432 640 98 20 Faithfull,
1549 641 77 20 Gibson,
1646 642 47 17 New
1711 643 59 18 South
1790 645 61 18 Wales
1857 640 4 23 •

1431 664 81 21 Wright,
1522 661 119 29 Wanganui;
1655 665 69 21 White,
1739 661 122 29 Castendyke!

1431 687 125 21 Wellington;
1573 689 65 19 Ayers,
1653 688 107 22 Bickerton,
1777 691 73 19 Mother-

1431 710 48 20 well,
1491 710 85 22 Simpson
1586 710 33 23 (2),
1633 712 77 20 Adams,
1728 713 74 22 Corker,
1818 715 33 18 Vic-

1430 733 49 17 toria
1486 733 4 26 ;
1512 733 99 22 Connolly,
1624 733 85 26 Sydney;
1736 736 56 23 Levy,
1806 738 55 21 Evro,

1431 756 111 17 Melbourne
1557 756 4 27 ;
1592 757 38 17 Mac
1630 757 65 17 Lean.
1726 759 118 20 Queensland
1856 768 5 15 ;

1431 779 90 22 Gregory,
1531 779 95 21 Dunedin;
1639 781 102 23 Douglass,
1751 782 110 25 Onehuuga;

1431 802 113 21 McDonald,
1555 802 82 23 Sydney.

1559 849 83 17 Geyseh
1658 850 76 19 Hotel.

1454 877 108 21 Poinsteau,
1580 878 71 18 France
1660 884 5 15 ;
1686 879 65 22 Grant,
1769 882 92 21 Hincison,

1430 900 111 17 Melbourne
1550 900 4 26 ;
1569 900 77 22 Seherff,
1656 902 95 24 Germany
1760 900 4 26 ;
1778 905 32 17 Mc
1818 906 43 20 Geo,

1431 923 85 20 Fellows,
1532 924 24 17 N.
1567 924 18 17 S.
1603 924 62 17 Wales
1675 923 4 23 :
1705 926 66 19 Smith.
1785 927 65 19 McCul-

1430 946 42 18 loch
1494 946 18 18 S.
1528 946 106 28 Australia;
1648 948 85 24 Drewry,
1759 950 88 24 England
1857 946 3 28 ;

1431 969 115 23 Sbrimpton,
1568 970 81 18 Hawi-es
1745 973 64 19 Pascal
1825 976 37 16 and

1431 992 55 21 child,
1510 992 127 28 Wellington;
1664 994 75 24 Brown,
1765 992 95 28 Waikato;

1431 1015 75 18 Ireland
1515 1016 37 17 and
1562 1016 59 19 sister,
1632 1017 59 21 Brett,
1703 1018 45 22 Self,
1758 1013 103 26 Auckland!

1430 1039 67 17 Misses
1504 1039 93 21 Hindson,
1606 1040 71 21 Marks,
1684 1039 121 24 Melbourne;
1820 1044 31 17 Fel-

1430 1062 51 19 lows,
1492 1062 86 21 Clayton,
1588 1062 87 27 N.S.W.;
1690 1065 60 20 Izard,
1764 1066 97 23 Turnbull,

1430 1084 63 23 Kelly,
1513 1086 127 22 Wellington;
1667 1087 79 22 Burton,
1771 1090 90 21 Barstow,

1430 1108 55 17 Brett
1507 1107 33 24 (2),
1558 1109 118 22 Henderson,
1700 1112 40 17 Auc
1753 1112 50 18 land.
1835 1114 28 17 Dr

1430 1132 57 21 Agar,
1496 1131 69 17 Messrs
1571 1132 106 21 Valentine,
1681 1134 81 21 Massev,
1770 1136 30 17 Ha
1803 1138 58 16 worth

1430 1155 84 21 Drewry,
1532 1154 101 24 England;
1655 1157 107 21 Poinsteau,
1780 1159 81 20 France;

1431 1176 75 23 Seherff,
1515 1178 101 22 Germany;
1630 1180 66 20 Grant,
1703 1181 70 22 Marks,
1780 1183 80 22 Toohey,

1430 1200 77 21 Martin,
1517 1200 93 22 Victoria;
1624 1202 76 23 Dingle,
1707 1204 97 22 Tarana'i;
1813 1206 39 17 Beii-

1430 1230 56 10 susan
1495 1223 32 24 (2),
1537 1225 76 17 N.S.W.
1622 1223 3 26 ;
1640 1225 74 23 Smyth,
1725 1228 85 21 Ireland;
1824 1229 39 17 Self

1430 1247 59 20 Brett,
1499 1247 78 23 Philips,
1585 1248 109 22 Auc-land;
1709 1250 66 22 Smith,
1785 1252 64 17 McCul-

1430 1270 48 21 loch,
1488 1270 55 22 S.A.;
1557 1271 90 21 Macluro,
1659 1272 96 19 Scotland.

1532 1316 58 18 Lake
1602 1318 72 17 House
1687 1319 76 19 Hotel.

1453 1348 106 18 Mesdames
1567 1349 61 20 Horn,
1639 1350 90 17 Adelaide
1738 1348 3 25 ;
1757 1352 43 21 Gill,
1813 1352 36 18 Tau-

1431 1376 60 16 ranga
1503 1371 4 26 ;
1529 1371 70 23 Edger,
1625 1373 75 21 Brown,
1721 1374 137 23 Macphersion,

1430 1394 99 17 Auckland
1538 1394 4 26 ;
1564 1395 75 21 Elliott,
1657 1396 140 24 Nganiawahia
1806 1394 4 26 ;
1840 1399 21 17 O'

1430 1417 71 21 Meara,
1531 1418 69 22 Payne,
1639 1420 121 21 Wellington.
1797 1422 65 18 Misses

1430 1441 60 19 Horn,
1506 1441 81 20 Nesbitt,
1606 1442 90 18 Adelaide
1705 1441 3 27 ;
1731 1444 78 17 Browne
1828 1445 33 23 (2),

1430 1465 40 16 Auc
1483 1463 44 18 land
1538 1463 3 28 ;
1571 1465 77 19 Mcßae,
1667 1466 25 17 To
1790 1468 71 23 Judges

1431 1486 43 21 Gill,
1498 1487 101 23 Tauranga
1608 1486 4 26 ;
1633 1488 93 22 Johnson,
1744 1491 25 16 To
1785 1491 62 18 Aroha
1857 1486 3 26 ;

1430 1510 69 21 Edger,
1510 1510 68 18 Messrs
1587 1512 80 20 Froude,
1677 1512 61 22 Davy,
1748 1514 52 19 Lees,
1809 1514 40 18 Mac-

1430 1533 87 22 phersion
1527 1533 98 19 Auckland
1633 1530 14 30 ;.
1655 1530 104 29 Horn,'(2),
1778 1536 83 24 Stirling,

1430 1554 85 22 Walters,
1526 1557 101 21 Adelaide;
1653 1559 105 19 Patterson,
1768 1560 93 21 Nictorio;

1430 1579 91 22 Boncher,
1532 1580 73 21 Tercoe,
1613 1581 25 17 To
1646 1581 52 18 Puke
1707 1579 4 25 ;
1723 1582 57 22 King,
1791 1583 70 18 Nelson

1430 1602 86 22 Lopdell,
1540 1603 102 22 Eobinson,
1677 1602 90 26 Galatea;
1794 1606 67 22 Searle,

1430 1626 77 21 Naylor.
1528 1625 93 23 Crabtree,
1640 1627 91 22 Englang
1740 1625 3 24 ;
1762 1629 93 20 O'Meara,

1430 1646 116 26 Wellington
1555 1656 5 14 ;
1574 1650 66 22 Barry,
1654 1651 46 20 Eve,
1717 1651 80 22 Sehultz,
1814 1653 36 21 Syd-

1430 1677 36 17 ney
1475 1672 4 24 ;
1505 1672 76 21 Adams,
1592 1674 123 22 Canterbury.

1566 1719 87 18 Mokoia
1663 1721 64 17 View.

1454 1750 106 17 Mesdames
1569 1751 120 21 McDonald,
1700 1752 86 18 Waikato
1796 1750 4 23 ;
1821 1754 37 17 Mc-

1431 1773 98 21 Williams,
1540 1773 115 22 Wellington
1665 1773 3 26 ;
1689 1775 83 19 Stevens,
1782 1776 79 23 Napier;

1431 1796 75 21 Brown,
1529 1797 37 16 and
1593 1797 47 18 Miss
1661 1798 74 18 Brown,
1758 1800 103 17 Auckhii.d.

1431 1819 69 17 Messrs
1517 1820 53 19 Pari',
1588 1818 76 20 Tiiua'ru
1674 1818 3 28 ;
1700 1821 62 22 Elkin,
1781 1822 80 24 Puckey,

1431 1842 98 18 Auckland
1539 1842 3 26 ;
1569 1843 77 20 Wilson,
1676 1844 81 23 Tupkcr,
1786 1846 62 22 Otago
1858 1842 3 26 ;

1431 1865 65 22 Curry,
1515 1865 80 23 Napies;
1618 1867 32 17 Mc
1667 1867 80 20 Donald,
1762 1868 99 21 Waikato;

1432 1888 78 22 George,
1527 1889 47 17 New
1589 1889 102 23 Plymouth
1701 1888 4 27 ;
1727 1891 32 18 Mc
1776 1889 85 26 Elligbtt,

1431 1912 81 16 Pulm.-m
1521 1912 32 23 (;5),
1564 1913 24 16 N.
1599 1913 17 16 S.
1627 1914 60 17 Wales
1698 1907 3 28 ;
1724 1907 99 28 Edwards';
1832 1915 27 18 W.

1431 1935 69 20 Coast;
1515 1935 63 20 Jones,
1592 1936 80 21 Somers,
1682 1936 75 22 Napier,

1431 2016 59 25 THE
1509 2016 54 20 HOT
1580 2018 100 23 LAKES
1698 2016 162 25 CHRONICLE

1615 2076 13 11 AND

1533 2124 107 19 Tourists'
1657 2126 100 22 Journal.

1444 2199 142 20 SATURDAY,
1607 2200 141 19 FEBRUARY
1761 2203 27 19 20,
1800 2203 50 17 1897.

1432 2269 102 22 LOCAL
1547 2269 96 24 NEWS
1667 2269 71 25 AND
1752 2272 108 22 NOTES.

1454 2330 32 17 Mr
1502 2331 22 17 R.
1543 2331 84 18 Griffiths
1642 2332 56 17 alters
1715 2333 70 17 several
1799 2333 20 17 of
1835 2333 28 17 his

1432 2354 54 16 small
1493 2354 153 18 advertisements
1654 2356 20 16 in
1684 2356 37 17 this
1731 2361 53 17 page.

1455 2385 33 17 Wo
1497 2390 30 13 org
1537 2386 54 22 again
1601 2386 114 23 reluctantly
1729 2388 102 21 compelled
1844 2389 19 17 to

1430 2407 52 18 leave
1496 2414 44 11 over
1548 2409 32 17 the
1593 2410 42 16 first
1647 2410 75 22 portion
1732 2411 20 16 of
1760 2417 23 10 an
1799 2411 64 18 article

1430 2437 24 11 oh
1465 2431 92 18 Okoroire.

1455 2462 38 17 Tho
1518 2463 93 22 secretary
1632 2464 20 17 of
1675 2463 33 18 the
1733 2465 129 22 Presbyterian

1432 2486 69 17 church
1510 2486 68 17 invites
1586 2486 75 18 tenders
1676 2488 30 17 for
1722 2488 32 17 tho
1770 2488 60 18 duties
1844 2490 19 16 of

1431 2509 98 17 caretaker.

1456 2537 38 17 The
1503 2538 45 16 Rev.
1559 2538 27 19 S.-.
1596 2538 56 23 Ingle
1665 2545 106 12 announces
1782 2540 41 17 that
1839 2540 24 17 he

1430 2560 16 18 is
1455 2561 91 21 prepared
1554 2563 20 15 to
1589 2562 43 22 give
1646 2563 73 21 private
1737 2563 74 21 tuition,
1826 2564 36 22 day

1430 2589 22 12 or
1459 2584 87 23 evening.

1453 2615 39 17 The
1505 2615 87 18 Hauraki
1610 2616 80 18 Tribune
1707 2618 57 17 states
1776 2618 43 17 that
1832 2618 31 18 Mi-

1430 2637 49 23 Hay,
1490 2639 88 21 engineer
1587 2640 20 16 of
1616 2639 94 20 Dunedin,
1722 2641 38 17 will
1769 2641 22 17 bo
1807 2641 45 17 offer-

1430 2662 23 16 (ml
1462 2662 116 22 supervision
1586 2664 20 15 of
1615 2663 32 17 tho
1656 2663 90 22 drainage
1753 2664 73 17 scheme
1840 2667 21 15 at

1430 2683 89 19 Rotorua.

1454 2716 71 17 Brett's
1533 2716 99 19 Auckland
1648 2717 92 18 Almanac
1754 2718 37 17 and
1804 2719 59 21 Diary

1431 2738 29 18 for
1472 2739 43 18 1597
1526 2739 60 18 which
1596 2740 15 17 is
1620 2740 35 17 full
1665 2742 20 15 of
1691 2741 32 17 the
1738 2743 48 16 most
1800 2742 63 17 varied

1430 2762 38 17 and
1484 2763 87 17 valuable
1590 2763 122 17 information
1734 2770 44 16 may
1797 2764 23 18 be
1829 2764 23 19 ob-

1430 2785 64 17 tained
1503 2787 21 15 at
1531 2785 33 18 the
1573 2786 118 18 CHKoncLE
1700 2787 74 18 Office.*

1455 2817 38 17 The
1501 2820 73 14 concert
1581 2818 18 16 in
1609 2818 32 17 the
1649 2818 118 18 Sanatorium
1778 2819 85 18 Grounds

1431 2839 37 18 last
1476 2840 56 22 night
1541 2840 18 17 in
1569 2841 30 16 aid
1609 2841 19 17 of
1637 2842 32 16 the
1675 2842 80 22 Library
1764 2848 37 11 was
1807 2843 43 22 high-

1430 2862 21 22 ly
1459 2864 108 17 successful.
1592 2865 17 16 A
1618 2864 35 17 full
1662 2867 64 20 report
1740 2865 38 18 will
1794 2871 69 17 appear

1430 2888 47 15 next
1485 2886 54 18 issue.

1455 2918 39 16 The
1502 2917 51 17 Hon.
1568 2918 18 17 J.
1599 2918 78 20 Carroll,
1694 2920 131 22 accompanied
1839 2919 24 23 by

1431 2940 31 18 Mr
1472 2940 97 21 Sheridan,
1580 2941 38 17 will
1627 2942 92 23 pVobably
1726 2943 43 16 visit
1774 2944 32 16 the
1813 2943 38 17 Wai-

1432 2969 32 11 rott
1481 2963 73 18 district
1571 2964 57 17 about
1638 2965 31 17 the
1679 2966 35 16 end
1728 2967 20 16 of
1761 2966 101 22 February,

1431 2986 37 17 and
1477 2992 51 14 goon
1536 2991 20 12 to
1566 2987 154 19 Waikaremoana
1729 2989 37 17 and
1781 2989 81 22 through

1432 3010 31 16 the
1475 3010 87 17 Ureweva
1571 3012 79 17 country
1659 3013 20 15 to
1693 3011 88 18 Rotorua.

1456 3041 23 16 In
1488 3040 32 17 the
1529 3043 63 19 report
1601 3041 20 17 of
1630 3042 32 16 the
1671 3042 100 23 inaugural
1780 3043 57 17 soiree
1845 3043 19 17 in

1432 3065 109 16 connection
1551 3064 44 17 with
1606 3064 32 17 the
1647 3065 131 23 Presbyterian
1791 3066 72 18 Church

1432 3092 27 11 we
1477 3088 63 21 regret
1564 3087 43 17 that
1623 3088 31 17 tho
1671 3094 55 12 name
1743 3090 20 16 of
1778 3090 40 17 Mrs
1843 3090 20 17 C.

1432 3109 83 17 Hawker
1527 3109 77 21 Wilson,
1613 3116 35 12 one
1662 3112 20 16 of
1698 3112 31 17 the
1743 3113 121 22 solo-singers

1432 3138 22 13 3Mi
1465 3133 42 16 that
1515 3133 83 17 occasion
1610 3139 36 12 was
1656 3135 86 17 omitted.

1456 3164 120 23 Magistrates
1585 3171 31 11 are
1631 3166 76 23 dealing
1723 3173 44 16 very
1783 3167 82 23 severely

1431 3187 19 17 in
1461 3193 51 11 cases
1522 3187 59 18 where
1590 3188 99 22 publicans
1697 3196 32 11 are
1738 3191 95 16 convicted
1846 3192 19 16 of

1433 3210 68 22 selling
1510 3216 48 16 grog
1565 3213 18 14 to
1591 3212 61 17 Maori
1660 3218 77 12 women.
1751 3214 25 16 At,
1782 3213 70 23 Wanga-

1432 3233 33 17 nui
1475 3232 31 18 tho
1515 3234 99 23 other/lay
1623 3241 11 11 a
1644 3236 64 17 fiue'oi
1719 3236 36 17 £SO
1764 3236 38 17 and
1817 3238 48 16 costs

1433 3262 38 10 was
1480 3256 83 22 imposed
1573 3257 29 17 for
1610 3264 24 10 an
1640 3259 73 20 pffenoe
1730 3260 20 16 of
1766 3260 37 16 this
1823 3259 31 18 des-

1433 3279 86 21 cription.

1456 3310 31 17 Mr
1496 3311 70 17 Pervitt
1575 3311 37 18 and
1621 3312 70 23 Signor
1704 3313 53 18 Nesli
1773 3314 32 17 the
1821 3314 42 18 well

1432 3333 69 17 known
1511 3334 63 17 artists
1584 3335 41 17 who
1635 3335 47 17 have
1695 3336 47 17 been
1750 3337 20 17 in
1781 3337 32 17 the
1827 3337 29 17 dis-

1435 3356 42 17 trict
1492 3357 30 16 for
1534 3357 32 16 the
1579 3359 42 20 past
1635 3359 36 16 few
1687 3360 61 17 weeks
1762 3360 47 17 have
1823 3366 32 11 now-

1433 3379 56 17 taken
1500 3379 49 17 their
1557 3380 99 22 departure
1665 3382 30 17 for
1703 3383 54 16 other
1765 3383 97 22 sketching

1433 3402 90 22 grounds.
1557 3403 61 21 While
1633 3405 44 17 here
1691 3405 31 17 Mr
1734 3406 70 17 Perritt
1823 3412 31 11 suc-

1433 3425 68 17 ceeded
1510 3425 19 16 in
1538 3427 75 22 getting
1621 3433 51 12 some
1681 3428 50 23 good
1743 3428 37 18 bits
1785 3429 21 17 of
1813 3429 52 17 Lake

1433 3453 76 17 scenery
1528 3448 37 18 and
1585 3450 69 22 Signor
1667 3451 53 17 Nerli
1740 3452 53 17 made
1809 3458 56 16 many

1434 3471 70 17 studies
1513 3471 20 17 of
1540 3472 62 17 Maori
1610 3474 33 17 life
1652 3474 38 17 and
1699 3475 101 17 character.

1457 3502 18 17 A
1488 3502 114 23 cablegram.
1609 3505 49 17 from
1680 3506 112 17 Melbourne
1808 3507 57 16 states

1434 3530 24 12 on
1467 3525 50 17 what
1527 3526 32 17 the
1565 3526 55 18 Press
1623 3528 117 18 Association
1747 3529 62 17 claims
1818 3532 19 14 to
1843 3529 22 17 be

1435 3548 49 22 good
1493 3549 101 23 authority,
1604 3551 44 17 that
1656 3551 32 17 tho
1697 3551 55 17 Duko
1760 3551 39 18 and
1799 3551 50 18 Duc-

1435 3576 27 12 hess
1471 3571 20 17 of
1499 3571 54 18 York
1561 3573 38 17 will
1610 3574 93 22 probably
1711 3574 44 17 visit
1771 3575 94 17 Australia

1434 3594 70 23 during
1512 3594 31 18 the
1553 3598 75 19 present
1636 3603 50 16 year.
1712 3598 19 16 If
1740 3598 38 17 this
1785 3598 24 17 be
1822 3604 20 11 so
1854 3604 12 11 a

1434 3619 45 15 tour
1501 3617 84 23 through
1602 3620 32 16 the
1651 3620 42 18 Hot
1708 3620 61 18 Lakes
1783 3620 82 23 Country

1434 3640 39 17 will
1482 3640 103 24 inevitably
1592 3642 24 17 be
1625 3648 11 11 a
1644 3643 76 22 portion
1729 3644 20 17 of
1757 3644 48 17 their
1818 3650 33 16 pro-

1435 3669 90 16 gramme.

1458 3686 38 16 The
1505 3687 45 17 road
1559 3693 21 11 or
1587 3688 65 18 rather
1665 3690 54 16 track
1733 3690 20 17 to
1767 3690 33 17 the
1814 3696 38 11 sum-

1435 3709 35 17 mit
1479 3709 19 17 of
1514 3709 130 23 Ngongotaha
1660 3712 15 17 is
1689 3718 44 12 now
1748 3713 42 17 well
1806 3713 60 17 under

1435 3731 61 23 weigh
1513 3733 38 17 and
1559 3734 38 17 will
1606 3735 94 22 probably
1708 3735 23 18 be
1740 3735 79 18 finished
1833 3736 22 17 be-

1435 3754 40 18 fore
1484 3754 31 18 tho
1524 3756 36 17 end
1569 3758 20 15 of
1597 3758 33 16 the
1639 3764 71 12 season.
1744 3759 44 17 Two
1797 3760 68 21 parties

1436 3782 31 12 aro
1486 3780 112 21 apparently
1614 3781 20 17 at
1651 3782 57 20 work,
1727 3787 35 13 one
1786 3782 80 23 starting

1435 3800 49 17 from
1494 3801 32 18 the
1534 3801 44 19 base
1588 3803 19 17 of
1615 3803 33 18 the
1664 3805 100 17 mountain
1780 3804 36 18 and
1832 3810 22 12 an-

1436 3823 53 17 other
1507 3824 40 17 half
1564 3831 42 17 way
1614 3832 32 16 up.
1679 3827 61 18 When
1748 3828 37 17 this
1798 3827 46 18 road
1851 3827 15 18 is

1435 3845 79 19 finished
1522 3848 16 16 it
1546 3848 16 17 is
1571 3850 19 16 to
1599 3849 23 17 be
1638 3851 101 21 prosunied
1756 3851 32 17 tho
1806 3851 59 17 wharf

1435 3869 40 17 will
1483 3869 22 18 be
1514 3876 48 16 gone
1571 3877 24 11 on
1603 3872 58 18 with..

1458 3904 133 25 Commenting
1609 3913 25 12 on
1656 3909 32 17 the
1705 3909 57 18 latest
1779 3909 76 21 appoint-

1434 3929 60 15 ments
1503 3929 20 16 to
1543 3929 33 17 the
1585 3930 64 23 Upper
1661 3932 71 21 House,
1747 3932 33 17 the
1794 3932 61 17 Christ-

1435 3950 70 18 church
1511 3951 52 18 Press
1569 3953 82 19 remarks
1709 3956 20 16 It
1737 3955 16 17 is
1767 3954 67 23 deeply
1846 3956 20 16 to

1434 3974 24 17 be
1465 3975 94 21 regretted
1565 3976 42 17 that
1613 3977 33 17 the
1653 3978 102 20 Governor,
1760 3979 62 16 whoso
1828 3977 28 18 dis-

1435 3996 70 24 charge
1521 3998 20 17 of
1550 3998 61 19 duties
1627 4000 20 17 of
1663 4001 30 17 his
1706 4001 53 18 office
1772 4001 34 17 has
1819 4001 47 18 boon

1434 4021 111 22 reasonably
1553 4022 126 24 satisfactory,
1689 4024 68 17 should
1764 4024 48 17 have
1827 4024 29 23 sig-

1435 4043 71 18 nalised
1520 4044 30 18 his
1559 4045 99 23 departure
1667 4047 26 22 by
1701 4052 25 12 an
1734 4048 31 16 act
1772 4047 19 17 in
1806 4047 59 17 which

1435 4112 24 17 do
1468 4113 28 17 his
1506 4113 47 22 duty
1562 4114 61 18 which
1635 4115 63 22 might
1710 4116 48 17 have
1772 4116 46 17 been
1833 4121 22 12 ex-

1435 4135 66 21 pected
1511 4137 20 16 of

1912 149 18 16 A
1938 148 33 18 lad
1978 149 68 17 named
2054 149 78 22 Hyman
2140 148 43 18 who
2192 150 39 15 was'
2239 148 83 18 arrested

1889 177 45 11 near
1942 172 45 18 here
1995 178 24 12 on
2028 178 11 11 a
2047 172 70 22 charge
2125 172 20 17 of
2153 172 82 21 stealing
2243 177 12 11 a
2268 172 54 17 horse

1889 193 105 25 belonging
2003 197 19 15 to
2030 195 32 17 Mr
2070 194 22 18 0.
2102 195 22 16 F.
2130 195 78 22 Pilling,
2215 195 20 16 of
2241 195 80 21 Raglan,

1888 223 39 12 was
1947 218 58 18 taken
2025 219 20 16 to
2065 217 100 18 Hamilton
2178 217 27 23 by
2221 217 101 18 Constable

1888 240 71 18 Forbes
1967 242 38 17 last
2013 240 90 22 Monday.
2128 240 40 18 The
2174 240 70 23 charge
2252 240 39 18 will
2299 240 23 18 be

1887 263 59 19 heard
1954 266 22 16 at
1983 264 81 23 Baglan.

1910 294 21 18 It
1951 296 39 17 will
2009 296 25 17 be
2048 294 113 23 interesting
2176 294 31 17 for
2223 300 35 11 our
2273 294 49 18 local

1887 318 100 18 fishermen
1996 319 21 17 to
2029 318 57 16 know
2101 317 43 17 that
2160 318 34 16 the
2207 317 37 17 fish
2260 318 61 18 which

1887 346 38 12 was
1934 342 72 22 caught
2014 343 21 15 at
2044 341 82 17 Oamaru
2134 340 20 17 in
2162 341 77 22 August
2244 341 37 17 last
2288 341 33 17 has

1886 364 48 17 been
1950 363 120 23 pronounced
2086 364 26 21 by
2131 364 32 16 the
2183 363 49 18 head
2252 364 20 17 of
2288 364 33 17 the

1886 386 82 18 Natural
1976 388 80 20 History
2063 386 126 23 Department
2197 387 21 17 of
2232 387 33 17 the
2277 387 33 17 Bri-

1886 410 38 17 tish
1932 411 88 16 Museum
2028 411 20 16 to
2056 410 24 16 be
2125 411 41 15 true
2171 410 72 21 typical
2248 410 73 17 salmon

1886 433 71 23 fsahno
1965 432 66 22 solar)
2040 432 37 17 and
2085 433 34 17 not
2127 438 11 11 a

1908 463 40 16 The
1956 462 86 22 January
2050 462 79 16 number
2138 462 21 17 of
2174 462 32 17 the
2222 463 70 17 Review
2301 464 20 17 of

1886 485 78 18 Reviews
1973 485 15 18 is
1997 491 42 12 now
2046 486 19 16 to
2074 484 51 17 hand
2133 485 38 17 and
2180 491 21 11 as
2208 487 55 17 usual
2275 492 33 12 con-

1885 508 49 17 tains
1943 515 12 10 a
1963 508 53 21 large
2025 510 78 15 amount
2112 508 21 17 of
2140 508 64 17 varied
2213 510 38 16 and
2260 510 50 17 inter-

1886 532 62 21 esting
1956 531 81 22 reading
2044 532 75 16 matter.
2143 531 30 17 Sir
2181 532 72 18 Robe.it
2263 532 56 18 Stout

1886 555 115 16 contributes
2009 560 12 11 a
2029 560 59 16 paper
2094 560 25 11 on
2128 554 33 17 the
2167 555 76 17 Results
2252 555 20 17 of
2286 555 34 17 the

1885 578 72 17 Recent
1977 578 95 17 Elections
2093 577 37 17 and
2150 578 32 16 Mr
2190 578 22 17 F.
2228 578 29 17 W.
2275 578 44 18 Isitt

1884 600 54 18 looks
1949 601 21 17 at
1982 601 32 17 the
2031 605 51 13 same
2090 600 48 18 from
2147 606 12 11 a
2175 601 145 18 Prohibitionist

1884 624 111 21 standpoint
2018 623 20 17 in
2062 623 29 17 his
2115 623 54 18 usual
2195 625 124 22 intemperate

1884 670 54 17 trade
1965 670 46 17 with
2021 670 26 17 all
2054 670 49 17 sorts
2120 670 20 17 of
2154 670 163 19 misdemeanours.

1884 692 40 18 The
1951 692 124 18 illustrations
2102 698 32 12 are
2160 699 101 13 numerous
2281 694 38 18 and

1908 747 143 17 Weather-wise
2058 747 113 18 individuals
2180 750 48 16 state
2237 748 43 18 that
2286 748 33 18 the

1884 772 64 16 recent
1962 770 138 22 exceptionally
2118 771 103 18 boisterous
2237 772 82 17 weather

1886 794 14 17 is
1909 793 125 18 attributable
2048 795 20 16 to
2085 794 32 17 the
2130 796 38 15 late
2185 795 50 17 solar
2251 795 68 22 eclipse

1884 816 38 18 find
1931 817 42 16 that
1987 817 46 16 such
2046 817 117 21 phenomena
2169 824 32 10 are
2213 818 106 22 invariably

1886 839 89 18 attended
1983 840 20 16 in
2012 846 11 10 a
2039 840 70 17 similar
2124 841 80 17 fashion.
2225 841 94 17 However

1885 863 42 17 that
1937 868 43 16 may
1987 863 23 17 be
2019 863 32 17 the
2060 865 75 21 present
2148 864 67 17 month
2228 865 91 21 promises

1885 887 20 16 to
1914 886 23 17 be
1946 892 11 11 a
1965 886 65 17 record
2040 892 34 11 one
2083 892 19 11 so
2112 887 29 16 far
2157 893 19 11 as
2192 888 40 17 rain
2249 888 16 17 is
2274 893 33 12 con-

1885 909 73 17 cerned.
1983 908 31 23 Up
2024 910 20 16 to
2058 910 100 21 yesterday
2176 910 88 23 morning
2281 912 36 16 Tin.

1885 933 86 21 2-lpoints
1980 932 37 17 had
2027 932 46 17 been
2082 933 101 21 registered
2193 933 25 22 by
2233 934 32 17 the
2277 934 42 17 rain

1885 960 62 18 gauge
1957 957 20 15 at
1986 956 32 16 the
2028 954 124 19 Sanatorium.
2188 957 47 17 Rain
2251 956 33 18 fell
2295 963 23 11 on

1885 980 10 15 9
1905 978 46 22 days
1961 978 32 17 the
2002 979 82 21 greatest
2098 979 33 17 fall
2145 979 68 23 taking
2227 980 53 22 place
2295 986 23 11 on

1885 1001 32 17 the
1927 1002 43 16 12th
1980 1002 44 17 hist,
2034 1002 55 17 when
2098 1002 31 17 2in
2138 1002 86 23 28points
2233 1009 48 11 were
2288 1009 20 11 re-

1884 1025 75 17 corded.

1908 1056 51 17 Lord
1968 1056 38 17 and
2014 1056 55 22 Lady
2077 1056 158 23 Mngheramorne
2244 1058 37 17 and
2286 1058 33 17 the

1885 1079 51 17 Hon.
1947 1080 50 17 Cecil
2007 1079 57 22 Cupel
2073 1085 47 11 were
2128 1082 34 15 not
2179 1081 77 17 favored
2272 1081 46 17 with

1884 1108 45 16 very
1939 1103 49 21 good
1998 1102 83 18 weather
2092 1103 70 23 during
2176 1104 49 17 their
2241 1106 43 21 stay
2299 1105 19 17 in

1885 1126 90 21 Rotorua,
1987 1126 34 17 but
2030 1126 31 16 the
2070 1126 85 21 previous
2163 1127 74 21 portion
2244 1127 21 18 of
2270 1127 50 19 their

1885 1150 44 16 tour
1937 1155 39 11 was
1985 1148 167 23 unexceptionable
2162 1150 18 17 in
2189 1150 43 17 that
2240 1152 77 21 respect.

1884 1172 52 22 They
1946 1178 51 11 came
2006 1173 48 16 from
2063 1173 95 17 Australia,
2167 1174 18 16 in
2197 1173 52 18 Lord
2261 1174 46 18 Bras-

1885 1195 48 22 soy's
1941 1195 64 22 yacht,
2015 1195 33 17 the
2054 1195 98 19 Sunbeam,
2161 1196 32 17 did
2200 1197 32 17 the
2238 1197 79 21 Sounds,

1884 1218 37 17 and
1931 1225 52 10 came
1992 1224 23 11 on
2025 1225 20 10 as
2053 1219 30 16 far
2091 1225 20 11 as
2120 1219 115 23 Wellington
2244 1221 19 16 in
2276 1221 43 17 that

1884 1241 68 17 almost
1962 1242 77 16 historic
2053 1241 48 17 little
2115 1242 64 21 vessel,
2197 1244 54 17 when
2268 1244 51 17 Lord

1884 1265 80 21 Brassey
1973 1270 38 12 was
2022 1265 103 22 compelled
2135 1267 19 15 to
2167 1267 103 22 relinquish
2286 1268 33 16 the

1884 1288 106 22 remaining
1998 1288 75 22 portion
2082 1288 21 17 of
2118 1289 28 16 his
2163 1288 97 24 projected
2276 1291 44 16 tour

1884 1311 37 16 and
1930 1312 65 16 return
2004 1312 19 15 to
2030 1311 115 18 Melbourne.
2159 1312 50 17 Lord
2216 1313 92 20 Majrhcra-

1884 1340 65 11 morne
1959 1334 36 17 and
2004 1336 56 20 party
2070 1340 51 12 came
2129 1341 24 11 on
2162 1335 44 18 here
2211 1337 31 16 via
2249 1337 71 21 Napier

1884 1357 38 17 and
1942 1358 65 22 Taupo
2024 1357 37 17 and
2077 1363 48 11 wore
2141 1359 65 17 much-
2217 1360 102 21 impressed

1884 1380 46 17 with
1952 1380 52 17 what
2020 1380 45 22 they
2085 1387 37 10 saw
2139 1381 19 17 in
2179 1382 37 17 this
2237 1383 80 18 district.

1884 1404 61 16 While
1954 1404 44 16 here
2006 1403 33 17 the
2047 1405 55 20 party
2111 1404 65 22 stayed
2185 1406 20 17 at
2213 1406 33 17 the
2255 1406 64 17 Grand

1884 1427 59 17 Hotel
1952 1427 37 17 and
2002 1432 24 12 on
2040 1428 79 16 account
2133 1428 20 16 of
2169 1428 33 17 tho
2218 1429 101 17 continued

1884 1449 37 18 bad
1931 1451 82 16 weather
2021 1450 35 17 loft
2065 1456 24 11 on
2099 1451 69 22 Friday
2177 1452 30 16 for
2218 1452 101 18 Auckland

1884 1478 21 12 en
1914 1475 49 15 route
1971 1474 30 17 for
2010 1473 81 22 Sydney.

1908 1505 68 17 Before
1985 1505 31 16 tho
2025 1506 63 16 recent
2097 1505 78 17 election
2184 1507 30 16 for
2227 1507 38 17 this
2280 1507 29 17 dis-

1884 1528 44 17 trict
1937 1528 15 17 it
1962 1534 37 11 was
2009 1528 58 21 freely
2076 1528 60 17 stated
2146 1529 42 17 that
2197 1529 18 17 in
2225 1530 32 17 the
2264 1532 54 15 event

1885 1551 20 17 of
1919 1551 32 17 Mr
1964 1551 73 22 Kelly's
2054 1550 63 18 defeat
2130 1552 23 17 lie
2170 1553 63 17 would
2246 1553 23 17 bo
2284 1559 22 17 ap-

1884 1574 78 22 pointed
1971 1575 20 15 to
2004 1574 32 17 the
2053 1574 65 22 Upper
2134 1575 71 17 House.
2230 1576 23 18 In
2272 1576 45 20 fact,

1885 1603 56 16 many
1951 1597 20 17 of
1985 1597 29 17 his
2028 1599 113 20 supporters,
2155 1599 21 16 in
2189 1597 48 19 View
2250 1599 20 17 of
2286 1600 32 17 the

1884 1621 62 20 signal
1955 1626 72 11 success
2037 1621 59 16 which
2115 1627 37 11 was
2169 1622 101 22 attending
2286 1623 33 17 the

1885 1643 122 18 candidature
2014 1644 20 16 of
2042 1644 32 16 Mr
2082 1644 81 21 Herrios,
2171 1646 98 17 remarked
2276 1646 43 17 that

1885 1667 45 22 they
1938 1672 49 12 were
1995 1668 35 16 not
2038 1672 44 17 very
2091 1668 79 16 anxious
2179 1668 59 18 about
2248 1669 32 17 the
2288 1675 20 12 re-

1885 1690 38 17 sult
1932 1696 20 11 as
1961 1690 19 16 in
1989 1690 32 17 the
2037 1691 56 16 event
2109 1691 20 17 of
2145 1691 63 17 defeat
2223 1693 95 21 provision

1884 1713 37 16 had
1931 1713 45 16 been
1987 1712 54 17 7iiade
2050 1714 29 16 for
2088 1714 31 17 the
2128 1714 92 17 elevation
2235 1715 21 17 of
2270 1714 49 19 their

1885 1736 100 18 candidate
1993 1736 20 18 to
2021 1736 33 18 the
2187 1738 50 17 Both
2255 1741 64 15 events

1885 1759 47 17 have
1941 1765 52 11 come
2006 1759 123 18 about—first
2142 1761 32 16 the
2189 1761 68 21 defeat,
2273 1762 45 18 then

1885 1783 32 16 the
1925 1782 108 22 apotheosis
2041 1783 38 16 and
2094 1789 28 11 we
2139 1785 131 21 congratulate
2286 1786 33 16 the

1884 1806 110 17 Honorable
1999 1806 108 22 gentleman
2114 1813 23 10 on
2145 1807 28 17 his
2180 1808 49 22 good
2237 1808 80 18 fortune.

1884 1828 31 18 He
1936 1835 37 10 was
1994 1835 11 10 a
2025 1830 80 16 staunch
2122 1832 99 20 supporter
2242 1832 20 16 of
2286 1832 33 17 the

1884 1852 84 16 Premier
1976 1852 38 16 and
2022 1852 15 16 it
2046 1852 33 16 has
2089 1858 63 16 grown
2162 1854 41 17 into
2212 1860 11 10 a
2238 1855 81 21 proverb

1884 1875 43 17 that
2139 1882 56 12 never
2220 1878 71 21 forgets
2308 1884 11 11 a

1884 1898 68 17 friend.
1966 1898 83 23 Apropos
2056 1898 20 18 of
2083 1899 32 17 the
2124 1899 99 19 abovethe
2236 1900 83 19 Observer

1885 1921 33 17 lias
1927 1921 33 17 tho
2160 1923 32 17 old
2201 1924 61 17 friend
2268 1924 49 18 Wm.

1888 1943 60 23 Kelly,
1958 1945 33 16 the
1999 1950 42 11 new
2051 1945 46 19 lord,
2107 1945 15 17 is
2131 1945 17 17 in
2159 1948 50 15 town
2219 1947 62 23 airing
2289 1948 29 17 his

1884 1967 61 17 brand
1961 1973 41 11 new
2020 1968 41 17 title
2079 1969 21 16 of
2117 1969 146 21 'Honourable,'
2281 1971 38 17 and

1884 1990 79 23 looking
1971 1990 92 23 perfectly
2073 1990 3 27 '
2085 1991 92 25 fetching'
2187 1994 17 15 in
2213 1999 24 12 an
2242 1994 76 23 equally

1885 2013 60 18 brand
1962 2020 42 10 new
2020 2015 31 21 rig
2067 2016 38 16 out.
2139 2016 39 16 The
2194 2016 124 19 Honourable

1885 2037 82 17 William
1976 2037 16 16 is
1999 2044 10 10 a
2019 2037 36 17 fine
2063 2038 60 21 figure
2132 2039 20 16 of
2160 2045 11 11 a
2183 2046 50 14 man,
2249 2041 39 17 and
2302 2041 17 17 if

1885 2065 37 16 you
1931 2066 31 11 arc
1971 2060 59 22 doing
2039 2061 31 16 the
2082 2061 54 18 block
2151 2062 55 18 when
2223 2064 32 17 tho
2272 2064 46 22 girls

1885 2088 30 12 are
1925 2084 41 18 out.
1974 2089 37 16 you
2023 2084 38 17 had
2078 2084 62 18 better
2155 2085 44 18 take
2215 2087 33 16 the
2265 2087 54 18 other

1884 2106 39 17 side
1932 2107 20 16 of
1961 2106 32 18 the
2002 2109 57 15 street
2068 2108 47 16 until
2125 2108 81 18 William
2215 2116 64 15 passes
2285 2110 26 23 by

1884 2129 31 17 He
1924 2130 37 17 will
1972 2130 113 22 monopolise
2094 2131 49 17 their

1908 2161 38 17 The
1955 2161 82 22 Poverty
2046 2161 40 22 Bay
2095 2163 66 21 people
2170 2169 31 11 are
2209 2164 58 22 again
2275 2166 32 20 agi-

1885 2184 63 20 tating
1957 2185 29 16 for
1995 2190 10 10 a
2014 2185 53 16 stock
2075 2185 75 21 driving
2158 2187 46 16 road
2211 2187 49 17 from
2275 2188 32 17 Gis-

1884 2207 58 17 borne
1951 2208 20 15 to
1980 2206 90 19 Rotorua.
2103 2208 38 18 Tho
2152 2209 87 19 Gisborne
2248 2210 70 19 Herald

1885 2236 42 15 says
1935 2230 3 26 :
1973 2230 58 17 When
2041 2231 32 16 the
2087 2231 72 22 subject
2169 2238 37 12 was
2221 2234 96 22 projected

1884 2253 43 17 hero
1936 2253 38 17 last
1982 2253 67 17 winter
2058 2260 10 10 a
2077 2254 111 22 deputation
2204 2262 38 12 was
2256 2258 49 16 nomi-

1884 2277 56 16 nated
1950 2277 25 21 by
1983 2277 33 16 the
2025 2277 75 21 County
2108 2278 77 18 Council
2200 2281 20 15 to
2234 2281 46 16 wait
2294 2287 23 11 on

1884 2300 33 16 the
1926 2300 133 20 Government,
2074 2300 37 17 and
2119 2307 47 17 urge
2180 2303 31 16 the
2226 2304 92 22 necessity

1884 2323 30 17 for
1922 2329 11 11 a
1941 2323 58 17 stock
2007 2323 51 18 road,
2069 2330 20 10 as
2098 2324 42 17 well
2147 2331 19 11 as
2176 2325 29 18 for
2212 2332 92 12 commenc-

1885 2346 34 21 ing
1934 2346 33 17 the
1981 2352 51 11 sumo
2048 2347 78 23 directly
2140 2348 31 17 the
2185 2350 36 16 wet
2235 2350 84 18 weather

1884 2369 115 18 moderated.
2024 2370 39 17 Tho
2079 2370 110 22 deputation
2204 2373 68 17 waited
2281 2380 24 16 up-

1884 2398 25 12 on
1928 2393 33 17 the
1974 2392 84 18 Premier
2069 2394 38 17 and
2127 2394 190 24 Surveyor-General,

1885 2415 37 17 and
1931 2416 84 17 received
2029 2422 12 11 a
2049 2417 80 21 promise
2138 2418 48 19 that,
2197 2419 73 22 though
2286 2420 32 17 the

1885 2439 128 17 Government
2027 2439 89 18 intended
2134 2442 20 16 to
2172 2442 49 21 push
2241 2448 24 12 on
2286 2443 32 17 the

1884 2462 156 17 Waikaremoana
2053 2463 50 20 road,
2126 2463 46 23 they
2194 2465 64 18 would
2279 2466 39 18 also

1884 2485 45 17 send
1938 2486 35 16 out
1981 2491 23 11 an
2014 2486 100 23 exploring
2121 2488 56 22 party
2190 2490 19 15 to
2226 2490 92 17 ascertain

1884 2509 32 17 the
1924 2509 139 22 practicability
2074 2510 20 16 of
2107 2516 10 10 a
2126 2516 50 12 more
2185 2512 59 18 direct
2257 2514 60 16 route,

1884 2531 37 18 and
1935 2538 35 11 one
1983 2532 61 17 which
2057 2533 55 16 could
2128 2533 23 17 be
2167 2535 84 23 speedily
2263 2536 55 17 made

1884 2555 92 17 available
1985 2556 29 16 for
2023 2555 32 17 the
2070 2556 75 22 driving
2158 2557 20 17 of
2187 2559 59 17 stock.
2271 2559 45 18 Had

1884 2578 43 17 that
1943 2578 46 18 been
2005 2578 54 21 done,
2074 2585 19 11 as
2111 2581 99 20 promised,
2226 2582 16 17 it
2256 2582 16 17 is
2284 2583 22 16 be-

1884 2601 61 17 lieved
1968 2601 43 17 that
2025 2607 10 11 a
2054 2602 46 17 road
2113 2603 52 17 thrco
2185 2604 65 18 chains
2269 2606 52 18 wide

1885 2624 62 17 would
1956 2630 43 11 now
2007 2625 83 22 actually
2099 2625 41 18 lead
2149 2627 20 17 to
2185 2627 33 18 the
2232 2629 87 17 Rotorua

1884 2648 45 16 road
1936 2648 38 17 and
1989 2648 24 17 bo
2027 2648 90 17 available
2131 2650 30 17 for
2175 2651 59 17 stock.
2259 2652 59 18 There

1885 2671 54 17 could
1948 2672 34 16 not
1990 2671 47 17 have
2046 2670 47 18 been
2102 2678 10 11 a
2121 2678 65 12 season
2195 2680 51 12 more
2253 2675 54 17 favor-

1884 2693 42 18 able
1935 2695 30 16 for
1973 2694 32 17 the
2013 2700 81 16 purpose
2107 2695 47 18 than
2165 2702 28 12 we
2206 2704 44 11 now
2263 2698 53 21 have,

1884 2716 38 18 and
1940 2717 16 17 it
1969 2717 16 17 is
2000 2723 11 11 a
2023 2718 137 22 reprehensible
2180 2721 96 23 oversight
2298 2723 20 16 to

1885 2740 48 17 have
1941 2740 26 17 let
1980 2740 17 17 it
2005 2741 36 21 slip
2125 2742 39 17 Our
2173 2745 144 21 contemporary

1884 2769 43 10 now
1936 2763 45 17 calls
1990 2770 24 10 on
2023 2764 85 17 the-Hon
2117 2765 31 17 Mr
2157 2766 72 18 Carroll
2243 2769 20 15 to
2279 2768 29 17 ful-

1884 2786 21 17 fil
1914 2786 28 17 his
1950 2787 150 21 promise,—and
2108 2794 20 12 so
2138 2794 32 17 say
2179 2790 25 17 all
2213 2791 21 16 of
2241 2796 31 12 us.

1908 2811 39 20 Tie
1956 2813 118 18 Kakaramea
2082 2815 58 17 Creek
2147 2817 14 16 is
2169 2818 35 16 not
2213 2824 10 10 a
2232 2818 85 22 pleasant

1885 2839 52 14 creek
1947 2838 19 15 to
1975 2838 97 20 negotiate
2080 2838 54 17 when
2140 2839 33 18 tho
2178 2842 59 15 water
2243 2841 15 17 is
2265 2841 53 18 three

1885 2865 22 11 or
1915 2860 43 16 four
1967 2860 38 17 feet
2013 2860 59 18 above
2081 2861 31 18 tho
2125 2864 53 20 posts
2192 2864 62 17 which
2262 2865 56 17 mark

1885 2882 32 18 tho
1927 2883 82 17 fascined
2016 2884 91 21 crossing.
2138 2885 33 18 We
2188 2886 47 18 have
2252 2893 66 12 reason

1884 2908 21 14 to
1915 2905 6 13 l
1926 2912 43 11 now
1976 2906 38 18 this
2023 2907 30 17 for
2061 2913 27 12 we
2096 2908 49 17 tried
2153 2909 15 17 it
2176 2909 33 17 tho
2218 2911 55 17 other
2281 2911 38 22 day

1885 2929 19 16 in
1915 2933 92 18 company
2016 2930 46 17 with
2079 2937 65 17 young
2160 2932 102 22 Henshaw,
2281 2935 37 17 and

1885 2952 19 16 in
1914 2958 10 10 a
1933 2952 49 19 lie-lit
1990 2952 68 23 bncrgy
2067 2953 64 18 drawn
2139 2955 25 22 by
2173 2962 12 10 a
2196 2957 79 17 staunch
2284 2958 25 17 lit-

1885 2975 26 16 tle
1919 2975 55 17 horse
1982 2976 70 22 y'clopt
2061 2977 83 22 Tommy.
2175 2979 59 18 There
2247 2985 38 13 was
2293 2986 25 12 no

1886 2997 93 24 difficulty
1984 2998 20 18 in
2013 3000 76 20 getting
2096 3000 40 18 into
2147 3001 31 18 the
2188 3003 59 20 creek,
2255 3003 36 18 but
2298 3004 20 17 in

1885 3021 36 16 less
1929 3022 45 16 than
1985 3022 35 17 five
2027 3023 77 18 seconds
2112 3030 85 13 wecamo
2206 3027 20 16 to
2235 3027 32 16 the
2274 3032 33 12 con-

1886 3044 70 17 clusion
1965 3045 44 17 that
2018 3046 52 16 there
2078 3047 62 17 would
2149 3048 22 17 bo
2185 3054 50 12 some
2244 3050 74 17 tronblo

1885 3067 64 17 before
1958 3074 27 11 we
1994 3070 34 21 got
2037 3071 33 15 out
2079 3069 20 17 of
2107 3071 20 19 it,
2138 3071 29 17 for
2175 3072 19 16 in
2206 3072 43 18 that
2263 3078 55 17 space

1886 3090 19 17 of
1914 3090 45 18 time
1967 3097 28 11 we
2004 3092 59 17 found
2080 3094 92 17 ourselves
2189 3095 59 17 about
2255 3101 27 17 up
2298 3097 20 17 to

1886 3113 32 17 the
1927 3115 57 16 waste
1992 3114 19 17 in
2029 3117 63 19 water,
2110 3117 33 16 tho
2155 3118 55 17 ho.-se
2226 3119 93 21 prancing

1886 3142 23 10 nn
1919 3136 28 17 his
1956 3137 46 17 hind
2011 3138 40 21 legs
2065 3139 36 17 and
2115 3140 77 21 pawing
2209 3147 53 17 away
2272 3143 45 16 with

1886 3159 29 17 his
1923 3160 52 17 front
1983 3166 44 12 ones
2035 3168 21 10 as
2064 3162 24 17 he
2097 3163 53 17 made
2163 3164 29 16 his
2206 3170 43 15 way
2262 3165 55 17 down

1886 3184 68 15 stream
1964 3184 21 16 at
1992 3190 12 11 a
2012 3185 41 16 2.40
2061 3187 40 15 rate
2108 3186 20 17 of
2139 3187 63 21 speed.
2226 3188 34 17 We
2265 3189 54 17 don't

1886 3205 55 17 know
1951 3206 42 17 how
2002 3208 15 16 it
2025 3208 158 21 happened—ono
2199 3217 57 11 never
2272 3212 43 17 does

1886 3228 56 17 know
1947 3229 43 17 how
1999 3230 52 18 these
2060 3232 64 21 things
2138 3232 127 23 happen—we
2274 3235 45 22 only

1886 3252 78 17 realised
1973 3253 43 17 that,
2025 3253 31 18 the
2065 3254 89 18 situation
2169 3262 38 12 was
2218 3257 54 17 novel
2281 3258 37 17 and

1886 3274 97 23 distinctly
2000 3277 118 22 unpleasant.
2156 3279 33 18 We
2206 3280 61 18 closed
2284 3287 35 12 our

1886 3297 93 18 umbrella
1987 3305 20 11 as
2016 3300 16 16 if,
2040 3301 73 17 seemed
2121 3302 20 16 to
2150 3302 22 17 lie
2186 3304 55 21 quite-
2253 3309 54 17 super-

1886 3320 60 18 fluous
1955 3323 20 16 at
1984 3322 31 17 the
2025 3325 88 21 moment,
2124 3325 37 17 and
2170 3327 119 17 commenced
2298 3328 19 16 to

1886 3344 68 17 reckon
1963 3351 26 15 up
1999 3346 31 17 the
2048 3346 78 19 chances
2143 3349 20 16 of
2178 3349 90 23 reaching
2285 3351 32 17 tho

1887 3366 53 18 other
1948 3368 46 17 side.
2026 3369 131 19 Thitherward
2171 3372 33 17 the
2221 3373 97 22 sagacious

1886 3389 109 23 quadruped
2004 3392 18 16 in
2032 3392 59 21 front,
2100 3394 53 17 aided
2162 3394 25 23 by
2195 3396 26 16 all
2230 3396 32 17 the
2270 3402 33 16 per-

1886 3413 72 18 suasive
1966 3420 73 16 powers
2053 3417 19 16 of
2084 3417 33 17 tho
2131 3417 66 21 driver,
2216 3419 73 17 seemed
2298 3421 19 16 to

1886 3435 22 17 be
1917 3436 126 24 endeavoring
2052 3439 20 17 to
2088 3440 53 17 make
2157 3441 29 17 his
2202 3448 48 16 way.
2284 3443 33 17 Wo

1886 3459 67 17 neared
1967 3460 33 17 the
2013 3461 57 22 bank,
2084 3463 37 16 and
2134 3464 58 22 being
2208 3464 76 18 advised
2297 3467 20 15 to

1968 3483 29 17 for
2049 3490 26 12 wo
2083 3486 32 17 did
2124 3492 26 13 so,
2158 3487 49 17 after
2215 3489 92 17 ascertain-

1886 3510 35 16 ing
1928 3506 42 17 that
1979 3506 32 18 the
2028 3507 61 18 driver
2107 3515 36 11 was
2159 3510 76 22 already
2249 3512 20 16 in
2286 3512 31 16 the

1886 3528 64 21 wafer,
1960 3529 39 17 still
2007 3530 80 22 holding
2095 3537 24 12 on
2137 3533 18 16 to
2171 3533 33 17 tho
2300 3535 17 17 A

1886 3551 71 22 plunge
1966 3552 36 17 and
2011 3559 11 11 a
2031 3553 53 18 short
2092 3556 85 21 struggle
2185 3556 70 18 landed
2262 3563 22 12 us
2293 3564 24 11 on

1886 3574 50 17 terra
1944 3574 60 22 firma,
2014 3577 37 16 and
2153 3580 73 16 around
2242 3586 28 11 we
2283 3581 22 17 ob-

1887 3598 63 16 served
1959 3598 43 17 that
2010 3600 32 16 tho
2051 3600 54 17 horse
2117 3601 38 18 had
2170 3602 47 17 beer,
2234 3603 84 23 brought

1887 3625 25 16 up
1921 3621 75 22 against
2005 3628 11 11 a
2032 3624 108 22 projecting
2155 3626 75 20 portion
2247 3626 21 17 of
2284 3627 31 17 the

1886 3642 50 18 bank
1945 3644 37 17 and
1991 3645 43 17 that
2042 3646 33 18 the
2083 3646 62 18 driver
2160 3653 39 12 was
2216 3650 66 22 trying
2297 3651 20 16 to

1886 3665 66 18 induce
1961 3667 40 18 him
2010 3669 19 16 to
2038 3669 52 17 leave
2099 3670 27 17 off
2138 3670 82 23 choking
2235 3672 81 18 himself.

1887 3688 108 25 Rendering
2003 3692 51 17 what
2063 3693 100 18 assistance
2172 3700 27 11 we
2218 3695 61 21 could,
2294 3696 23 17 he

1886 3716 39 13 was
1933 3714 21 16 at
1967 3713 38 18 last
2020 3714 104 19 unhitched
2140 3716 36 17 and
2194 3718 33 21 got
2243 3723 26 17 up
2286 3719 31 16 the

1886 3733 55 23 bank,
1972 3737 31 17 He
2016 3739 21 15 at
2049 3743 46 12 once
2109 3739 103 22 proceeded
2225 3741 20 17 to
2262 3747 55 16 graze

1887 3759 72 17 around
1966 3760 20 16 in
1994 3760 33 17 tho
2035 3761 49 17 most
2092 3763 129 17 unconcerned
2233 3770 83 11 manner.

1887 3780 20 17 It
1915 3787 37 12 was
1961 3784 34 16 not
2003 3789 20 11 so
2032 3784 46 17 with
2093 3790 28 12 us.
2150 3786 39 17 Tho
2204 3786 68 24 buggy
2280 3787 37 18 had

1886 3803 46 17 been
1941 3807 60 20 swept
2014 3807 21 16 of
2046 3807 25 16 its
2088 3808 85 18 contents
2192 3810 61 17 which
2267 3815 38 12 com-

1887 3827 61 21 prised
1956 3829 105 21 provender
2069 3830 30 17 for
2107 3836 42 12 men
2158 3831 38 17 and
2208 3833 59 21 beast,
2276 3833 31 17 val-

1886 3849 32 20 ise,
1937 3851 38 17 and
1996 3852 75 17 various
2084 3853 64 21 trifles,
2165 3855 99 24 including
2275 3857 43 17 that

1887 3872 68 19 fateful
1962 3874 99 18 umbrella.
2086 3875 24 18 In
2119 3877 57 17 about
2190 3884 25 11 an
2228 3878 50 18 hour
2286 3880 31 17 the

1886 3894 68 24 buggy
1962 3903 38 11 was
2009 3897 59 19 fished
2077 3900 38 20 out,
2133 3900 38 17 and
2178 3907 29 11 wo
2215 3902 102 21 proceeded

1887 3923 24 12 on
1922 3925 33 11 our
1964 3926 42 16 way
2014 3922 21 17 to
2053 3921 88 21 Galatea,-
2154 3923 73 21 sadder,
2244 3927 72 19 wetter,

1887 3942 37 16 and
1934 3942 57 19 much
2000 3944 55 17 wiser
2064 3949 49 13 men.
2137 3944 34 19 We
2179 3945 49 19 sliall
2241 3949 31 21 try
2280 3949 37 17 this

1887 3966 84 21 crossing
1980 3967 57 22 again
2044 3967 33 17 the
2085 3968 47 17 next
2140 3968 45 18 time
2194 3970 32 17 the
2241 3972 54 16 creek
2302 3972 16 17 is

1886 3986 19 18 in
1915 3988 35 17 full
1958 3989 90 18 flood—if
2056 3989 52 19 there
2124 3991 15 17 is
2154 3998 11 11 a
2178 3993 67 23 bridge
2258 3994 59 18 there.

1886 4010 39 17 Tho
1933 4012 78 22 chapter
2024 4013 20 18 of
2060 4014 99 20 accidents,
2176 4015 97 22 however,-
2286 4017 32 18 did

1886 4034 33 16 not
1928 4035 36 17 end
1972 4035 50 18 here.
2047 4036 60 17 When
2115 4037 76 24 leaving
2202 4040 32 16 Mr
2242 4040 76 22 Wylio's

1886 4055 52 21 place
1945 4063 24 11 on
1977 4059 86 22 Monday
2070 4059 38 17 last
2115 4060 32 18 the
2154 4059 98 24 king-bolt
2258 4064 21 16 of
2286 4064 32 17 the

1886 4078 66 24 buggy
1961 4081 90 23 snapped,
2061 4082 37 17 and
2107 4083 20 16 in
2135 4083 33 18 the
2176 4084 34 18 fall
2218 4086 61 17 which
2286 4092 19 12 en-

1887 4102 44 17 sued
1940 4109 28 12 we
1976 4104 84 18 received
2068 4105 92 18 sufficient
2168 4107 64 23 injury
2241 4113 20 13 to
2276 4110 43 21 give

1887 4129 21 13 us
1922 4131 23 11 an
1959 4132 68 12 excuse
2042 4127 30 18 for
2079 4129 105 23 remaining
2192 4130 19 18 in
2277 4138 42 11 ever

1887 4147 49 18 sineo
1945 4154 35 13 our
1987 4151 76 16 return.-

2367 149 32 17 An
2414 149 104 20 inspection
2535 152 20 17 of
2575 152 34 17 the
2631 152 46 17 road
2693 152 84 17 between

2344 171 45 17 here
2397 171 38 17 and
2444 171 78 19 Galatea
2530 174 61 18 shows
2600 175 44 17 that
2653 174 14 18 it
2683 175 34 17 has
2730 175 47 17 been

2344 194 130 22 considerably
2483 198 31 15 cut
2523 203 26 17 up
2557 198 26 23 by
2591 198 34 17 the
2640 201 63 14 recent
2719 198 55 17 rains.

2344 218 26 17 As
2379 217 29 17 far
2416 222 21 12 as
2445 218 33 17 the
2486 218 100 25 Waiotapu
2593 221 60 17 Hotel
2660 221 33 17 the
2709 221 45 17 road
2761 221 16 17 is

2344 240 57 21 fairly
2420 240 56 21 good.
2500 239 34 22 We
2549 249 49 12 were
2614 244 76 22 pleased
2711 242 19 19 to
2747 250 29 11 see

2343 263 44 18 that
2394 262 40 18 this
2448 261 84 26 recently
2541 267 73 22 opened
2631 267 83 22 hostelry
2722 267 15 17 is
2746 274 20 11 re-

2344 286 74 22 ceiving
2434 286 42 17 that
2491 294 84 13 measure
2584 290 21 17 of
2620 293 80 19 support
2716 293 19 14 at
2744 291 31 16 the

2342 308 62 18 banc's
2412 308 21 18 of
2441 310 77 19 tourists
2525 313 62 17 which
2596 313 33 17 the
2644 313 103 18 excellence
2756 314 20 17 of

2342 332 25 17 its
2387 336 133 18 management
2542 336 92 18 deserves.
2671 336 56 17 From
2743 337 32 17 the

2342 354 108 23 Bungalow
2471 355 54 19 down
2541 361 21 15 to
2570 359 33 17 the
2620 357 119 19 Kakararaea
2754 366 21 11 or

2343 378 95 17 Kerosene
2446 378 58 19 Creek
2513 381 32 18 the
2553 381 45 18 road
2608 382 16 17 is
2631 378 2 26 •
2639 383 65 21 pretty
2719 383 55 17 much

2342 402 33 16 cut
2383 406 26 17 up
2411 401 4 26 :
2425 401 35 15 and
2475 402 32 18 the
2520 404 63 23 newly
2599 404 73 17 formed
2681 406 93 21 approach

2342 425 20 16 to
2371 424 32 17 the
2420 425 53 17 creek
2489 426 47 19 from
2546 427 32 18 the
2594 428 56 17 other
2665 428 39 17 side
2712 428 15 18 is
2735 428 19 17 in
2763 435 11 10 a

2342 447 52 21 truly
2411 446 106 22 deplorable
2533 451 103 17 condition.
2661 451 39 17 The
2717 453 58 15 water

2341 469 39 18 had
2396 469 94 24 evidently
2505 472 48 19 been
2574 474 81 21 rushing
2671 474 54 17 down
2742 474 32 18 the

2342 493 75 21 cutting
2426 493 24 22 by
2458 494 32 17 the
2498 496 39 18 ton.
2563 498 26 17 At
2597 498 33 16 the
2643 498 45 16 time
2705 498 20 16 of
2740 503 34 12 our

2342 516 44 17 visit
2393 516 33 17 the
2435 517 52 18 creek
2498 524 37 13 was
2548 520 85 21 running
2646 526 11 11 a
2673 520 76 20 banker,
2758 521 16 16 it

2342 544 38 12 was
2389 539 75 22 raining
2480 543 45 16 as-if
2533 544 25 17 all
2576 544 32 17 the
2626 542 49 19 flood
2693 545 53 20 gates
2754 543 20 18 of

2342 562 77 17 Heaven
2428 562 36 18 had
2480 564 45 19 been
2542 567 77 17 thrown
2637 571 54 17 open,
2709 566 37 17 and
2763 572 11 11 a

2342 585 49 17 little
2400 585 74 21 episode
2483 590 87 17 occurred
2584 589 61 18 which
2662 589 16 17 is
2692 589 81 17 referred

2341 609 20 16 to
2386 608 104 19 elsewhere.
2515 612 67 18 Across
2607 613 33 17 the
2664 612 109 21 Kaingaroa

2341 631 65 17 Plains
2429 632 16 17 it
2469 634 15 16 is
2507 641 44 17 easy
2575 635 75 23 enough
2673 635 101 21 travelling

2341 655 74 22 though
2424 656 55 17 much
2495 659 72 17 surface
2584 660 59 15 water
2657 658 33 17 has
2707 658 65 22 passed

2341 683 49 12 over.
2416 679 27 16 At
2451 679 32 17 the
2488 683 159 16 commencement
2656 682 20 16 of
2682 681 39 21 the
2721 681 52 21 Long

2342 701 63 21 Gully,
2424 702 31 16 the
2462 703 44 17 road
2514 705 34 17 has
2556 705 47 17 been
2613 705 55 17 much
2686 704 84 17 knocked

2342 724 57 18 about
2416 724 52 18 there
2484 726 67 24 becing
2567 729 91 16 immense
2669 733 47 17 gaps
2729 727 43 18 here

2341 747 37 17 and
2394 748 54 17 there
2456 749 28 17 Oft
2492 750 47 18 wide
2547 752 37 16 and
2594 752 29 16 2ft.
2631 751 52 22 deep.
2697 751 26 17 At
2740 751 32 17 the

2341 771 78 17 Galatea
2429 771 35 17 end
2473 772 89 20 however,
2573 775 32 16 the
2615 775 82 20 greatest
2711 774 59 17 havoc

2340 795 33 16 has
2382 794 47 17 boon
2445 797 92 21 wrought,
2562 798 57 17 nere.
2629 797 33 17 the
2677 797 46 17 road
2739 797 33 17 has

2341 818 69 17 almost
2426 818 78 23 entirely
2520 820 122 23 disappeared
2659 826 20 11 so
2695 820 43 17 that
2761 826 11 11 a

2341 841 50 17 fresh
2401 841 52 16 track
2462 841 32 17 has
2502 844 20 16 to
2530 844 23 17 bo
2570 846 20 15 ta
2602 849 24 12 en
2642 843 83 21 through
2740 843 32 17 the

2341 863 60 18 scrub.
2426 863 55 18 After
2488 865 75 23 leaving
2569 867 32 17 the
2611 867 53 21 gully
2673 866 32 17 the
2720 866 52 17 track

2342 888 19 15 to
2379 886 77 23 Wylie's
2464 888 36 17 and
2512 895 20 11 as
2540 890 30 17 far
2579 896 19 11 as
2607 890 33 17 the
2657 889 82 21 crossing
2753 889 19 17 of

2341 910 31 17 the
2381 909 108 24 Rangitaifci
2497 912 53 21 river,
2561 914 21 16 at
2591 913 81 19 Grant's,
2686 912 16 17 is
2716 912 56 23 fairly

2341 933 55 23 good.

2431 961 109 21 WOLFE'S
2549 964 133 18 SCHNAPPS

2341 1015 70 19 Blends
2431 1016 69 22 readily
2518 1018 43 18 with
2577 1019 31 16 the
2624 1018 69 21 gastric
2713 1017 59 22 juices

2342 1039 61 18 which
2411 1038 17 18 it
2435 1038 65 24 impels
2517 1041 32 18 the
2566 1042 77 16 cellular
2652 1041 57 17 tissue
2717 1043 19 15 to
2742 1046 19 11 se-

2341 1063 49 17 crete
2405 1062 19 17 in
2437 1062 91 19 healthful
2543 1065 95 22 quantity.
2664 1064 52 17 Shun
2729 1063 31 18 imi-

2341 1086 76 17 tations.

2375 1128 97 18 NATIVE
2485 1130 149 19 APPELLATE
2648 1130 89 18 COURT.

2365 1175 27 17 At
2400 1175 37 16 tin's
2447 1175 57 17 Court
2518 1183 22 11 on
2555 1178 85 21 Monday
2656 1177 37 17 last
2709 1176 63 18 before

2340 1198 73 22 Judges
2422 1197 64 22 Edger
2493 1200 35 16 and
2545 1200 87 18 Johnson
2649 1200 36 16 and
2704 1199 68 18 Native

2341 1222 91 17 Assessor,
2455 1221 55 18 Ilemi
2526 1223 72 21 Erueti,
2620 1223 31 18 the
2674 1223 98 21 following

2340 1244 103 23 judgment
2464 1250 36 12 was
2519 1247 56 20 given
2598 1252 19 13 re
2639 1247 32 16 the
2688 1246 83 17 Parawai

2340 1263 60 22 'Block
2408 1272 29 12 :

2364 1291 39 16 The
2412 1290 79 18 decision
2501 1293 88 21 appealed
2604 1293 47 17 from
2662 1298 38 11 was
2716 1292 54 21 given

2341 1319 23 12 on
2371 1314 32 17 the
2410 1314 36 16 2nd
2454 1313 111 23 September,
2576 1313 50 23 1890',
2635 1322 49 16 upon
2692 1312 81 26 original'

2340 1337 134 22 investigation
2491 1339 19 15 of
2526 1339 47 20 title,
2592 1343 54 13 when
2670 1340 32 16 the
2728 1338 44 18 land

2341 1361 55 17 south
2406 1360 19 17 of
2435 1359 126 24 Ngongotaba
2570 1363 73 17 Stream
2653 1368 37 11 was
2699 1362 60 17 award-

2341 1383 22 18 ed
2381 1385 20 15 to
2422 1383 120 25 Ng!Pukalci;
2564 1386 34 17 the
2613 1387 44 21 part
2674 1385 98 22 adjoining

2341 1406 39 18 said
2394 1408 68 15 sheam
2479 1408 19 15 to
2514 1408 31 18 tho
2562 1409 57 17 north
2636 1411 19 14 to
2672 1409 98 21 Ng'Tura;

2340 1429 37 18 and
2398 1430 33 16 tho
2448 1432 79 17 extreme
2544 1432 90 18 northern
2651 1432 35 17 end
2704 1432 20 16 of
2740 1432 32 16 the

2340 1453 56 17 block
2417 1453 20 17 to
2457 1453 142 25 NgTunohopu
2626 1455 38 17 and
2685 1455 85 21 Ng'Tiki.

2341 1476 69 17 Claims
2419 1477 28 16 set
2456 1482 24 16 up
2488 1476 97 24 for.Ng'To
2593 1478 137 22 Rorooterangi
2735 1478 37 17 and

2340 1498 157 25 Ng'Ngararnuui
2507 1506 46 11 wore
2562 1501 104 18 dismissed.

2363 1522 129 22 Applications
2501 1524 27 16 for
2537 1524 100 23 rehearing
2647 1530 48 11 were
2704 1524 68 20 lodged

2340 1546 26 22 by
2373 1545 120 23 Ng'Pukaki,
2502 1546 89 23 Ng'Tura
2601 1547 38 18 and
2654 1548 64 21 Ng'Te
2733 1547 26 17 Ro-

2340 1568 115 23 rooterangi.
2479 1569 56 18 These
2544 1571 47 17 have
2600 1571 46 17 been
2657 1571 76 17 ordered
2750 1572 20 16 to

2340 1592 23 17 be
2372 1591 72 17 treated
2460 1597 19 12 as
2495 1593 80 22 appeals.
2608 1591 41 20 The
2664 1594 67 22 appeal
2747 1594 25 21 by

2340 1615 114 22 Ng'Pukaki
2469 1616 15 16 is
2500 1620 31 13 not
2546 1618 101 16 concurred
2662 1618 18 16 in
2696 1617 25 22 by
2738 1623 34 11 one

2340 1639 71 16 section
2420 1639 20 16 of
2448 1638 31 18 the
2488 1638 48 24 hapu
2550 1640 59 17 under
2627 1640 56 17 Tfomi
2699 1641 19 16 to
2734 1641 25 16 Tu-

2340 1667 52 16 para,
2401 1661 43 17 who
2453 1662 42 17 asks
2504 1663 40 17 that
2556 1664 33 16 tho
2606 1664 71 17 former
2691 1664 81 17 decision

2340 1685 23 17 bo
2372 1684 90 18 affirmed.

2364 1706 39 19 The
2420 1707 74 19 N'Tura
2510 1709 53 18 claim
2580 1711 33 15 tho
2633 1710 61 17 whole
2710 1710 60 17 block.

2340 1731 59 17 There
2408 1731 16 16 is
2432 1737 25 11 no
2465 1731 57 18 doubt
2531 1733 42 16 that
2580 1733 31 17 the
2617 1733 92 22 principal
2717 1739 44 12 occu-

2340 1754 65 22 pation
2415 1754 20 17 of
2447 1755 31 16 the
2492 1755 53 18 hlock
2558 1756 20 16 in
2594 1758 63 15 recent
2671 1762 53 16 years
2738 1756 34 17 has

2340 1778 47 16 been
2396 1777 26 22 hy
2430 1777 37 17 this
2476 1778 54 22 hapu.
2556 1780 41 16 The'
2603 1784 78 17 persons
2688 1785 42 11 now
2736 1779 27 17 liv-

2340 1801 34 22 ing
2382 1806 24 12 on
2420 1801 32 16 the
2465 1801 43 17 land
2524 1808 32 11 are
2572 1802 69 18 almost
2658 1803 114 21 exclusively

2340 1824 92 17 members
2441 1825 20 16 of
2469 1824 78 19 N'Tura.
2566 1825 19 17 It
2594 1826 33 17 has
2636 1826 46 17 been
2690 1826 81 17 asserted

2341 1847 43 17 that
2394 1847 74 17 N'Tura
2476 1853 47 12 were
2527 1853 12 12 a
2544 1848 106 23 conquered
2654 1848 72 23 people,
2735 1849 37 17 and

2340 1871 42 16 that
2391 1870 50 17 their
2449 1871 91 17 residence
2549 1872 19 16 in
2577 1872 32 17 the
2626 1872 84 18 Rotorua
2728 1872 32 17 Dis-

2340 1893 45 18 trict
2394 1893 50 18 since
2453 1894 30 17 the
2497 1896 90 20 conquest
2599 1895 35 17 has
2650 1895 46 17 been
2713 1895 59 17 under

2340 1917 33 17 the
2380 1922 55 11 maim
2445 1918 20 15 of
2472 1918 47 16 their
2524 1924 119 16 conquerors,
2650 1919 31 16 the
2688 1919 72 16 N'AVha-

2340 1940 54 17 kaue.
2420 1940 19 16 It
2448 1940 14 17 is
2471 1942 32 15 not
2511 1941 48 17 clear
2568 1943 21 15 to
2604 1942 37 17 this
2655 1942 59 17 Court
2730 1942 42 17 that

2340 1963 38 17 this
2386 1963 34 17 has
2429 1963 45 17 been
2484 1970 24 12 so,
2518 1964 34 17 hut
2561 1965 33 16 the
2602 1965 101 22 judgment
2712 1965 19 17 in
2740 1965 32 17 tho

2340 1985 264 20 Rotorua-Patoterc-Paoroa
2617 1994 41 11 ease
2674 1988 98 22 expressed

2341 2010 32 17 the
2382 2009 76 22 opinion
2467 2010 40 17 that
2516 2010 45 22 they
2570 2017 48 11 -wore
2625 2017 11 11 a
2641 2011 50 22 hapu
2699 2011 73 23 subject

2340 2034 20 16 to
2370 2032 126 20 N'Whakaue,
2506 2033 37 17 and
2559 2034 16 16 it
2592 2034 44 17 does
2653 2036 33 15 not
2703 2040 69 17 appear

2340 2057 43 16 that
2392 2056 38 16 this
2439 2055 78 17 decision
2535 2062 37 12 was
2589 2057 91 22 appealed
2697 2058 75 21 against

2339 2079 26 22 by
2375 2079 80 18 N'Tura.
2479 2079 98 21 However,
2587 2081 53 16 there
2649 2081 15 16 is
2672 2086 25 12 no
2713 2081 58 17 doubt

2340 2103 42 16 that
2391 2102 45 21 they
2445 2102 46 17 have
2500 2103 51 17 acted
2561 2104 46 16 with
2613 2103 123 18 N'AVhakauo
2743 2104 29 17 for

2340 2132 52 11 some
2400 2126 116 21 generations
2524 2127 43 20 past
2575 2126 19 17 in
2602 2126 32 18 the
2645 2133 46 11 wars
2697 2128 75 21 against

2340 2149 72 17 outside
2422 2149 61 17 tribes,
2494 2149 34 17 and
2538 2149 43 17 that
2589 2150 45 22 they
2644 2150 37 16 and
2693 2156 50 11 some
2752 2151 20 16 of

2339 2172 33 17 the
2380 2172 61 21 hapus
2450 2172 20 16 of
2477 2172 121 17 N'AVhakauo
2607 2173 48 16 have
2664 2173 69 21 jointly
2740 2179 20 11 oc-

2340 2194 66 23 cupied
2415 2194 38 18 this
2462 2194 35 17 and
2507 2195 52 17 other
2568 2195 61 20 lands,
2645 2195 38 17 and
2698 2196 44 16 that,
2756 2196 16 16 it

2340 2224 38 11 was
2386 2219 35 15 not
2429 2217 87 17 until-the
2532 2218 75 17 N'Tura
2623 2218 64 22 joined
2704 2224 19 12 in
2740 2219 32 17 the

2339 2241 90 18 rebellion
2438 2241 19 16 in
2469 2241 70 21 1563-5,
2549 2241 55 18 while
2610 2241 33 18 the
2650 2241 122 18 N'Whakaue

2339 2263 95 18 remained
2443 2264 56 21 loyal,
2509 2264 42 17 that
2566 2265 33 16 tho
2612 2264 111 24 divergence
2739 2265 22 17 be-

2340 2289 61 15 tween
2415 2287 120 17 N'AVhakauo
2552 2288 37 16 and
2606 2288 75 17 N'Tura
2697 2288 78 18 became'

2340 2310 129 18 accentuated.
2493 2311 25 16 At
2538 2311 32 17 the
2591 2311 36 17 end
2645 2311 19 17 of
2680 2311 32 17 the
2726 2317 44 15 war,

2339 2334 76 17 N'Tura
2424 2339 47 12 were
2479 2333 78 18 induced
2573 2333 25 23 by
2615 2334 123 17 N'AVbakaue
2751 2336 20 16 to

2339 2358 65 16 return
2413 2358 19 15 to
2443 2358 30 15 the
2482 2357 83 17 Rotorua
2570 2357 86 21 District,
2664 2357 54 18 when
2727 2358 45 22 they

2340 2380 121 22 re-occupied
2469 2380 31 17 the
2516 2380 108 18 settlement
2641 2382 21 16 at
2679 2381 79 22 Ngongo-

2340 2403 51 17 taba.

2364 2426 20 18 It
2397 2427 16 17 is
2426 2426 48 18 clear
2490 2427 19 16 to
2526 2432 28 13 us,
2571 2427 93 19 however,
2682 2427 43 17 that
2739 2427 33 18 the

2340 2450 55 17 claim
2404 2450 20 17 of
2433 2448 72 19 NTwra
2514 2450 20 16 to
2544 2450 31 16 the
2585 2450 60 17 whole
2657 2445 55 22 t?ock
2727 2456 33 11 can-

2340 2474 34 16 not
2382 2473 23 17 bo
2413 2472 75 22 upheld.
2505 2473 22 16 In
2540 2473 42 17 1868
2592 2474 32 16 tho
2633 2473 56 17 south
2697 2473 62 18 bound-

2340 2502 33 16 ary
2382 2497 21 16 of
2410 2496 33 17 tho
2451 2495 53 18 block
2513 2502 38 11 was
2559 2496 69 18 settled
2645 2497 26 21 by
2685 2497 31 16 tho
2731 2497 26 17 Na-

2340 2520 38 17 tive
2387 2519 110 18 Committee
2509 2525 19 10 as
2545 2525 11 11 a
2571 2519 101 23 boundary
2688 2519 84 18 between

2340 2542 99 18 N'Pukaki
2456 2542 35 17 and
2507 2542 138 23 N'Tunohopu,
2664 2543 41 17 who
2723 2549 47 11 were

2340 2566 45 17 then
2395 2566 96 21 disputing
2500 2571 43 11 over
2556 2565 21 17 it.
2603 2566 24 17 In
2641 2566 44 17 that
2698 2566 77 22 dispute

2340 2589 75 17 N'Tura
2432 2594 67 16 appear
2512 2589 20 16 to
2547 2588 47 17 have
2611 2589 57 17 taken
2683 2595 24 11 no
2722 2591 48 21 part.

2340 2612 45 18 This
2392 2611 106 23 boundary,
2505 2617 20 11 as
2537 2612 67 17 settled
2613 2612 26 22 by
2655 2612 33 17 the
2704 2613 68 17 Native

2340 2636 112 17 Committee
2460 2640 37 12 was
2512 2634 112 18 afterwards
2633 2635 101 17 confirmed
2746 2635 26 23 by

2340 2659 33 17 the
2373 2657 3 24 -
2382 2659 62 19 Court,
2455 2658 35 16 and
2498 2658 32 16 tho
2547 2657 45 18 land
2606 2659 56 17 south
2672 2659 19 17 of
2703 2659 16 16 it
2732 2659 41 22 (the

2340 2681 88 19 Waikuta
2438 2681 70 22 Block),
2518 2681 34 16 has
2561 2681 50 18 since
2624 2681 48 18 boon
2686 2682 87 17 awarded

2340 2707 20 16 to
2368 2704 134 22 N'Tunohopu.
2528 2704 35 17 We
2568 2705 55 16 think
2629 2705 43 17 that
2678 2705 31 17 the
2718 2706 45 17 settl-

2339 2729 34 22 ing
2389 2728 21 18 of
2425 2728 37 16 this
2477 2727 98 22 boundary
2592 2728 15 17 is
2622 2728 50 22 good
2686 2728 80 18 evidence-

2340 2749 43 20 that
2391 2752 32 16 the
2431 2749 97 19 N'Pukaki
2537 2756 42 11 own
2588 2751 32 17 tho
2629 2751 45 17 land
2683 2752 90 22 abutting

2340 2781 24 11 on
2372 2775 16 17 it
2396 2776 21 16 to
2425 2773 32 18 the
2465 2773 60 20 north,
2535 2773 75 23 though
2622 2774 43 17 how
2674 2775 29 17 far
2716 2775 56 17 north

2340 2798 21 17 of
2368 2798 15 17 it
2391 2798 33 17 the
2431 2796 95 18 N'Pukaki
2531 2797 62 22 rights
2599 2797 89 18 extendis
2695 2798 77 17 anofher

2340 2821 92 23 question.

2363 2845 38 16 Tho
2410 2842 95 18 N'PukaM
2514 2842 84 18 likewise
2606 2843 56 18 claim
2671 2844 32 18 the
2711 2844 61 17 whole

2339 2867 65 18 block.-
2427 2864 32 20 We
2467 2866 53 17 think
2528 2866 42 17 that
2580 2867 45 21 they
2640 2867 48 17 have
2702 2867 64 23 proved-

2340 2896 50 12 some
2411 2889 108 22 occupation
2537 2890 19 16 at
2571 2890 136 23 Ngongotaba,
2726 2890 46 17 both

2339 2914 57 17 north
2405 2913 37 17 and
2451 2912 53 18 south
2519 2913 20 16 of
2554 2913 33 17 tho
2604 2914 68 16 stream
2674 2914 57 17 —but
2752 2919 20 11 so

2340 2936 134 18 have'N'Tura.
2498 2935 39 17 Tho
2555 2937 113 21 occupation
2685 2937 20 17 of
2721 2937 51 16 these

2340 2961 38 16 two
2386 2960 60 21 hapus
2455 2959 43 16 here
2505 2958 34 17 has
2547 2958 47 17 been
2603 2960 56 22 joint,
2669 2960 35 17 but
2712 2965 28 12 we
2749 2959 23 18 do

2339 2984 35 16 not
2383 2983 54 17 think
2446 2982 40 17 that
2496 2981 31 17 tho
2535 2982 53 22 right
2597 2984 20 16 to
2626 2988 21 12 so
2660 2989 70 16 occupy
2738 2982 34 18 has

2339 3006 47 17 been
2395 3007 64 16 shown
2467 3007 19 14 to
2495 3004 23 17 lie
2527 3005 115 22 exclusivelj'
2651 3006 46 16 with
2714 3006 59 16 cither

2340 3030 65 22 party.-
2428 3028 28 17 On
2465 3028 31 17 tho
2505 3027 61 18 whole
2575 3029 32 17 tho
2617 3029 81 17 decision
2712 3029 61 22 fixing

2340 3053 32 16 the
2382 3053 66 16 stream
2458 3057 19 11 as
2484 3051 33 17 tho
2523 3050 100 24 boundary
2629 3052 85 17 between
2721 3052 51 17 them

2340 3076 14 17 is
2364 3076 35 16 fair
2408 3074 36 18 and
2453 3074 43 22 just.

2364 3099 38 17 Tho
2411 3098 53 17 claim
2473 3098 27 15 set
2509 3102 25 16 up
2544 3097 26 22 by
2587 3098 99 17 N'Pukaki
2703 3099 20 16 to
2738 3098 34 18 tho

2340 3123 82 16 extreme
2431 3120 87 18 northern
2527 3121 43 21 part
2579 3121 20 17 of
2608 3121 32 17 tho
2648 3121 56 18 block
2714 3121 16 17 is
2738 3123 34 15 not

2340 3143 101 25 supported
2450 3144 24 21 by
2490 3143 120 22 satisfactory
2627 3144 92 18 evidence.
2752 3144 20 17 It

2339 3170 48 15 rests
2396 3167 65 21 chiefly
2470 3172 49 16 upon
2528 3167 33 16 the
2570 3168 91 16 assertion
2671 3168 41 17 that
2726 3167 46 22 they

2341 3190 88 18 obtained
2437 3196 10 11 a
2457 3195 55 12 canoe
2522 3190 49 17 from
2587 3190 33 17 tho
2636 3190 52 18 land.
2721 3190 49 22 This,

2341 3215 92 18 however,
2442 3213 15 16 is
2465 3212 66 17 denied
2539 3212 26 22 by
2574 3213 70 18 others.

2364 3237 25 17 As
2398 3235 76 23 regards
2483 3236 33 16 the
2523 3235 64 18 claims
2596 3238 29 16 set
2633 3242 26 16 up
2668 3236 26 22 by
2702 3236 69 24 Ngati-

2342 3260 110 21 Tunohopu,
2462 3258 80 22 Ng'Tiki
2552 3259 37 17 and
2603 3259 65 21 Ng'To
2681 3261 80 16 Eoroote-

2342 3283 54 23 rangi
2405 3284 20 16 to
2435 3282 31 17 the
2473 3281 45 18 land
2526 3281 58 18 north
2593 3283 20 16 of
2622 3283 25 17 To
2657 3283 113 21 Ana-oTari,

2340 3313 31 10 we-
2385 3304 84 19 consider
2481 3304 43 17 that
2540 3311 26 11 no
2580 3306 112 21 occupation
2706 3306 20 17 of
2739 3306 33 17 tho

2380 3393 49 22 hiish
2438 3402 49 12 some
2496 3396 53 18 miles
2558 3397 66 17 inland
2632 3398 21 17 of
2662 3398 37 17 this
2707 3398 61 21 block,

2340 3445 88 21 frontage
2441 3443 20 17 of
2469 3443 42 16 that
2519 3443 66 17 inland
2602 3445 86 21 country.
2712 3444 60 17 Those

2340 3467 119 18 cultivations
2475 3471 47 11 were
2531 3471 23 11 on
2564 3466 33 17 tho
2612 3466 102 18 Okoheriki
2722 3468 30 17 No
2761 3469 10 16 2

2340 3491 64 19 Block,
2415 3489 59 17 which
2483 3494 38 11 was
2535 3489 88 17 awarded
2632 3491 20 16 to
2661 3490 75 17 N'Tura
2752 3493 20 15 at

2339 3514 34 16 tho
2380 3513 79 21 hearing
2474 3511 18 18 of
2507 3511 265 20 Rotorua-Patetcre-Paeroa

2340 3536 40 23 (tho
2389 3535 55 18 tribal
2452 3534 54 18 claim
2515 3535 20 16 of
2543 3535 137 24 N'AVbakaue),
2690 3536 19 17 in
2719 3537 51 17 ISS2.

2339 3553 101 24 Reference
2447 3559 20 16 to
2476 3557 31 17 tho
2515 3558 113 23 procodings
2643 3559 21 17 in
2674 3560 43 16 that
2731 3565 41 12 ease

2340 3582 63 18 makes
2411 3582 15 16 it
2443 3581 48 17 clear
2508 3581 43 17 that
2567 3581 33 17 the
2617 3582 112 22 occupation
2745 3582 26 23 by

2340 3605 74 18 N'Tura
2422 3604 38 17 and
2467 3603 26 23 by
2501 3604 55 17 other
2571 3604 124 18 N'Whakaue
2711 3605 60 23 hapus

2340 3652 58 17 Block
2407 3657 20 11 as
2436 3656 10 12 a
2460 3650 66 20 whole,
2543 3650 38 17 and
2598 3650 32 18 the
2647 3650 79 18 division
2734 3652 37 17 lino

2340 3674 51 18 fixed
2406 3675 26 21 by
2448 3673 31 17 the
2494 3673 58 17 Court
2566 3673 85 17 between
2669 3674 101 18 Okoheriki

2340 3698 31 17 No
2381 3698 8 16 1
2399 3696 37 18 and
2444 3694 101 21 Okoheriki
2559 3696 30 17 No
2599 3697 10 16 2
2618 3703 39 10 was
2671 3703 24 11 an
2711 3697 50 18 arbit-

2340 3726 44 17 rary
2393 3726 40 13 one,
2443 3720 31 16 tho
2483 3719 58 17 result
2553 3719 58 22 being
2627 3720 44 17 that
2685 3725 51 12 some
2752 3722 20 17 of

2340 3744 33 17 the
2396 3743 75 17 N'Tura
2495 3742 126 21 cultivations,
2647 3743 79 22 kaingas
2751 3750 21 12 or

2339 3811 123 19 N'Whakaue
2470 3810 125 21 cultivations,
2605 3813 43 18 etc.,
2658 3817 23 13 on
2697 3812 61 19 Okohe-

2338 3881 53 22 bapu
2399 3882 20 16 of
2427 3880 42 17 N'AA
2469 3880 6 8 r
2476 3880 78 20 hakano,
2564 3881 25 22 by
2598 3881 53 22 right
2660 3881 19 16 of
2696 3881 75 18 descent

2340 3904 83 22 through
2429 3904 83 19 Hinetai,
2522 3910 11 10 a
2541 3904 94 22 daughter
2644 3904 20 17 of
2672 3904 25 17 To
2712 3905 44 17 Wha-

2339 3927 121 23 tUniairangi.
2484 3927 44 17 This
2537 3927 76 17 descent
2620 3927 16 17 is
2650 3927 71 21 denied,
2736 3928 35 17 but

2339 3956 29 11 we
2375 3950 23 18 do
2406 3951 35 16 not
2448 3949 55 18 think
2511 3950 43 17 that
2563 3950 15 17 it
2586 3950 34 17 has
2629 3950 47 17 been
2685 3950 74 22 disprov-

2340 3973 28 17 ed.
2394 3972 33 18 AVe
2435 3972 68 18 incline
2511 3974 20 16 to
2540 3973 55 17 think
2604 3974 42 16 that
2655 3973 15 17 it
2678 3973 33 17 has
2724 3974 46 17 been

2339 3995 144 18 substantiated.
2515 3996 125 21 Throughout
2659 3997 38 16 this
2712 3997 58 22 judg-

2363 4066 86 16 Another
2474 4065 74 23 ground
2564 4066 20 17 of
2592 4066 56 17 claim
2665 4066 28 17 set
2706 4071 27 17 up
2745 4066 26 23 by

2340 4088 137 22 N'Tunohopu:
2497 4088 67 18 N'Tiki
2580 4088 38 18 and
2632 4089 51 17 N'Te
2698 4089 60 17 Roroo-

2340 4111 75 23 terangi
2432 4111 16 17 is
2465 4111 32 17 tho
2513 4117 33 12 uso
2563 4112 19 17 of
2591 4118 11 11 a
2618 4111 54 18 track
2688 4113 84 22 crossing

2340 4134 38 17 this
2395 4134 50 19 land,
2463 4134 55 17 when
2534 4134 60 23 going
2607 4136 20 17 to
2641 4135 50 17 their
2706 4135 65 18 inland

2341 4157 126 17 cultivations.
2492 4156 34 19 We
2533 4157 57 17 think
2598 4158 43 18 that
2649 4158 32 18 the
2694 4158 77 18 balance

2800 154 20 15 of
2829 152 88 17 evidence
2926 152 15 17 is
2949 152 19 16 in
2979 152 66 18 favour
3060 153 20 16 of
3095 152 54 18 there
3165 152 70 21 having

2799 176 48 17 been
2855 175 47 20 only
2910 181 36 11 one
2954 176 45 16 such
3007 176 59 18 truck,
3076 175 37 18 and
3122 175 42 18 that
3173 175 15 17 it
3198 181 37 10 was

2800 204 25 16 up
2837 199 33 16 the
2887 198 61 17 banks
2968 199 20 15 of
3004 199 32 17 the
3053 199 77 17 Waited
3148 199 71 17 Stresftu
3229 198 4 22 ;

2798 221 38 18 and
2845 221 44 18 that
2897 220 54 18 there
2965 227 38 10 was
3012 227 24 11 no
3053 221 114 21 established,
3180 221 55 16 track

2798 244 78 21 leading
2892 244 65 17 inland
2967 244 49 17 from
3032 245 25 16 Te
3074 244 124 20 Arii-o-Tari,
3214 250 21 10 as

2798 267 82 18 asserted
2888 267 26 20 by
2923 267 52 17 N'Te
2983 267 50 17 Roro
3040 267 85 24 itejimgi.

2822 291 45 17 Had
2876 290 54 17 there
2938 291 46 16 been
2994 296 26 12 no
3028 291 109 22 occupation
3153 297 23 11 on
3193 291 38 17 tin*

2798 311 92 20 northern
2898 315 44 20 part
2951 314 21 16 of
2980 314 32 16 the
3021 314 84 17 Paruwai
3114 314 60 17 Block
3182 314 52 17 itself

2797 337 72 22 weight
2895 336 63 22 might
2975 336 64 18 attach
3055 338 21 16 to
3092 338 52 16 these
3168 337 65 18 claims

2798 360 85 21 through
2890 359 66 17 inland
2962 360 118 21 occupation,
3087 361 38 16 and
3134 366 32 11 use
3174 362 21 15 of
3201 361 33 17 the

2798 383 53 17 track
2860 382 79 22 leading
2947 383 80 17 thereto.

2820 406 39 17 But
2870 406 106 21 inspection
2985 411 19 11 or
3054 406 44 17 land
3108 406 60 17 shows
3184 413 46 15 very

2798 428 76 18 distinct
2884 429 52 21 signs
2946 428 19 17 of
2974 435 23 10 an
3007 428 74 19 ancient
3097 429 107 19 settlement
3212 431 18 18 at

2797 453 32 15 the
2838 452 54 22 place
2902 451 59 17 called
2968 452 25 22 by
3002 458 51 11 some
3062 452 87 19 TePuke.
3159 453 37 17 and
3205 453 26 17 bv

2796 475 64 17 others
2869 475 26 16 Te
2903 475 114 17 Tutu—and
3030 475 34 17 the
3071 475 59 18 Court
3146 475 33 18 has
3193 476 38 17 had

2796 503 51 12 some
2856 498 93 21 difficulty
2959 498 19 17 in
2988 498 83 21 forming
3079 504 24 11 an
3120 499 75 21 opinion
3210 506 21 10 as

2796 522 19 16 to
2826 521 50 17 what
2885 521 52 22 hapu
2954 521 49 17 lived
3019 523 19 15 at
3054 522 38 16 this
3105 521 58 19 nlace.
3198 522 33 18 We

2796 544 59 18 think,
2873 545 92 18 however',
2977 544 42 17 that
3028 545 31 16 the
3076 545 70 21 weight
3155 546 20 16 of
3191 552 26 10 ev-

2796 567 58 17 denee
2861 568 16 15 is
2887 568 19 16 in
2914 568 54 16 favor
2978 568 20 16 of
3007 567 80 18 N'Tura.
3121 568 38 17 The
3176 569 55 17 other

2796 589 60 23 hapus
2866 590 24 17 do
2907 592 35 15 not
2958 590 133 23 satisfactorily
3104 594 80 14 account
3201 592 30 17 for

2796 613 37 16 this
2842 614 118 21 occupation,
2970 613 37 17 and
3017 614 86 22 strongly
3120 615 49 21 deny
3184 615 45 18 each

2795 635 70 18 other's
2878 637 102 16 assertions
2993 637 105 22 respecting
3112 637 20 18 it.
3166 638 50 18 More-

2796 659 73 18 over.-it
2879 665 79 16 appears
2967 660 43 17 that
3015 660 32 17 the
3055 660 69 17 Native
3137 661 79 18 Commit-

2795 681 31 18 tee'
2840 682 89 18 awarded
2945 682 38 18 this
2998 689 46 14 very
3060 684 44 16 land
3121 685 20 16 to
3156 684 73 18 N'Tura

2796 705 53 16 when
2869 706 54 17 there
2945 712 39 10 was
3000 712 11 10 a
3028 706 73 22 dispute
3118 713 44 11 over
3178 707 15 17 it
3210 708 19 17 in

2796 728 73 17 IS7S-9.

2817 751 40 18 The
2866 752 106 21 ownership
2982 752 19 17 of
3017 752 37 17 this
3069 753 85 17 Parawai
3171 751 60 20 Block

2795 774 32 17 lias
2836 775 47 16 been
2898 781 46 16 very
2960 775 68 21 keenly
3042 776 102 18 contested,
3163 777 38 17 and
3217 783 11 11 a

2794 797 80 22 lengthy
2887 797 103 23 judgment
2998 799 61 21 might
3068 799 23 17 be
3099 799 76 18 written
3182 802 51 15 were'

2794 825 28 12 we
2831 822 19 15 to
2860 821 75 17 remark
2947 827 51 16 upon
3015 822 26 17 all
3057 822 35 17 the'
3105 822 65 22 points
3186 823 43 18 that

2794 843 48 17 have
2855 844 47 17 been
2921 844 61 18 raised
2998 844 19 17 in
3034 844 32 18 the
3083 851 64 12 course
3163 846 21 17 of
3196 847 26 16 tin-

2794 869 107 19 argument.
2927 867 34 17 Wo
2969 867 48 17 have
3026 868 79 17 selected
3114 869 30 17 for
3156 870 73 16 remark

2794 889 54 18 those
2856 891 64 21 points
2929 891 45 21 only
2984 891 59 17 which
3055 896 49 13 seem
3121 893 20 16 to
3157 892 24 17 bo
3196 893 35 17 the
3231 889 1 23 1

2794 914 49 16 most
2852 914 90 21 weighty,
2951 913 35 18 but
2993 919 27 11 wo
3026 914 47 17 have
3078 917 33 14 not
3118 910 113 23 overlooked!

2794 935 32 18 the
2836 942 101 12 numerous
2946 937 54 17 other
3017 939 77 16 matters
3110 938 82 18 referred
3208 940 21 16 to

2793 959 26 22 by
2828 959 32 17 the
2869 960 76 16 various
2954 960 117 18 conductors'.

2818 982 40 17 Our
2859 983 88 16 decision
2957 983 15 17 is
2982 983 42 17 that
3032 984 32 17 the
3081 985 70 16 former
3164 985 64 17 award

2794 1006 20 16 to
2822 1003 107 22 N'P'ukaki,
2939 1006 19 17 of
2967 1006 26 17 all
3001 1006 86 18 the'land
3095 1008 56 16 south
3161 1008 20 17 of
3196 1008 36 17 the'

2794 1029 131 21 Ngongotaha
2945 1030 75 18 stream,
3042 1030 22 17 bo
3085 1030 89 21 affirmed;
3192 1031 39 17 and

2794 1051 43 18 that
2845 1052 33 17 the
2887 1054 39 15 rest
2935 1053 19 16 of
2963 1053 32 16 the
3007 1053 60 20 blocV,
3082 1053 58 22 being
3156 1054 26 18 all
3197 1055 34 16 the

2794 1075 44 16 land
2847 1075 57 18 north
2914 1076 20 16 of
2942 1076 34 17 the'
2984 1076 128 22 Ngongotaha
3121 1079 75 19 stream,
3207 1077 22 18 he

2794 1098 88 17 awarded
2890 1099 21 16 to
2920 1099 80 16 N'Tura.

2817 1149 177 21 TEMPERANCE
3001 1150 77 19 WORK
3083 1150 122 20 AMONGST

2925 1174 52 16 THE
2991 1174 103 18 MAORIS.

2821 1219 25 20 In
2857 1226 37 12 out
2904 1221 54 18 issue
2968 1220 21 19 of
2998 1220 91 26 January
3099 1223 24 17 .30
3135 1229 29 11 n-n
3172 1229 42 12 men-

2794 1246 68 19 tioned
2874 1246 34 18 tho
2919 1246 60 19 social
2992 1246 60 26 given
3062 1244 26 28 by
3095 1247 44 20 Mrs
3145 1248 84 19 Hewetf.

2794 1276 21 15 to
2825 1272 37 18 her
2872 1272 67 19 Maori
2951 1276 91 15 converts
3060 1276 20 15 to
3095 1275 135 24 temperance.-

2794 1298 30 19 On
2836 1297 44 20 that
2891 1298 90 19 occasion
2993 1305 46 12 over
3054 1301 38 16 200
3111 1307 46 11 men
3177 1307 52 13 were

2794 1326 82 23 present
2886 1324 27 18 nil
2923 1324 85 19 devoted
3020 1328 19 15 to
3057 1326 34 17 tlie
3106 1332 64 13 cause.
3208 1326 21 19 It

2794 1350 18 18 is
2821 1350 122 25 interesting'
2952 1353 20 16 to
2983 1350 60 19 know
3059 1352 44 18 that
3124 1349 33 22 the
3174 1352 55 19 work

2794 1376 37 18 has
2853 1376 73 25 spread
2945 1379 21 15 to
2987 1376 88 23 Mokoia,
3096 1377 84 24 Rotoiti,
3200 1378 29 19 To

2794 1402 66 25 Ng\ie,
2873 1402 85 20 Mourea
2972 1403 40 19 and
3025 1403 113 19 elsewhere.
3166 1404 64 25 Many

2794 1428 21 18 of
2825 1428 35 18 the
2870 1429 101 18 members
2981 1429 52 19 have
3043 1429 50 19 been
3104 1432 52 16 most
3170 1430 47 19 inde-

2794 1453 101 26 fatigable
2918 1455 22 19 in
2959 1455 54 18 their
3038 1455 69 19 effort-t
3130 1456 39 20 and
3193 1457 34 18 tho

2794 1486 70 12 names
2875 1480 65 19 which
2951 1487 46 18 may
3007 1481 25 18 be
3050 1481 80 26 singled
3147 1484 35 17 out
3198 1483 21 18 in-

2794 1505 58 19 clude
2863 1506 115 19 Mesdamos
2992 1507 98 23 Mitchell,
3101 1507 129 26 Taupopoki,-

2794 1531 127 24 Pouramuti,
2947 1532 68 25 Foley,
3036 1533 87 23 Miriam,
3144 1534 83 25 Sophia,

2794 1557 92 25 Clayton,
2899 1557 87 20 Ratema
3003 1559 40 18 and
3059 1559 104 25 Temuera,
3185 1561 44 18 who

2795 1584 51 18 have
2857 1585 82 18 exerted
2950 1585 53 18 their
3019 1585 98 19 influence
3133 1589 21 16 to
3170 1592 58 19 carry

2794 1617 26 12 on
2830 1610 35 19 tho
2875 1610 53 25 good
2939 1611 61 19 work.
3029 1611 64 19 These
3102 1612 68 19 native
3189 1619 41 12 wo-
3229 1610 1 25 -

2794 1643 46 12 men
2852 1636 51 19 have
2914 1637 42 18 also
2975 1636 52 20 been
3046 1638 113 24 exercising
3176 1638 53 19 their

2794 1662 99 19 influence
2904 1665 21 16 to
2936 1663 98 19 establish
3044 1664 83 24 Sunday
3144 1664 84 19 Schools

2794 1689 31 18 for
2838 1688 34 19 the
2883 1688 65 19 Maori
2959 1689 97 20 children.
3091 1690 26 19 At
3134 1690 79 19 Whaka-

2794 1721 108 12 rewarewa
2912 1715 35 18 the
2957 1715 57 18 othor
3032 1716 59 22 night
3105 1719 21 16 at
3141 1723 12 12 a
3167 1715 63 20 social

2794 1740 43 19 Mrs
2860 1740 82 19 Howett
2963 1741 62 24 spoke
3046 1744 21 17 at
3090 1742 138 19 considerable

2794 1766 71 25 length
2877 1770 20 15 to
2908 1767 50 19 both
2968 1767 118 25 Europeans
3096 1768 39 19 and
3149 1769 80 20 natives

2794 1792 45 19 incu
2849 1793 70 24 eating
2926 1793 34 18 tho
2968 1793 107 26 principles
3085 1794 21 19 of
3112 1794 104 20 Christian-

2794 1818 29 25 ity
2833 1819 39 19 and
2883 1819 117 25 reminding
3009 1820 55 19 them
3082 1820 20 19 of
3122 1821 53 18 what
3192 1821 36 18 she

2794 1844 40 20 had
2846 1844 42 20 said
2900 1847 20 17 to
2930 1846 56 18 them
3001 1846 58 19 when
3079 1846 34 19 she
3130 1847 43 18 first
3192 1847 25 18 ad-

2794 1871 82 19 dressed
2886 1871 56 19 them
2955 1871 30 19 six
3005 1872 81 18 months
3104 1879 44 18 ago.
3187 1873 42 18 She

2794 1897 40 18 had
2845 1904 55 12 come
2911 1900 19 16 to
2941 1897 91 19 Rotorua
3041 1897 86 21 because
3137 1898 36 20 sho
3186 1899 42 19 had

2793 1923 64 19 heard
2868 1923 45 19 that
2923 1923 35 19 the
2969 1923 75 20 Moaris
3056 1925 56 18 there
3123 1929 51 15 Wero
3193 1925 35 19 the

2794 1953 59 15 worst
2865 1950 20 18 in
2900 1949 51 19 New
2965 1950 92 19 Zealand
3072 1951 31 18 for
3113 1951 73 25 taking
3195 1954 34 16 too

2793 1975 61 19 mush
2865 1975 93 25 waipero.
2988 1976 39 18 She
3039 1982 40 12 was
3087 1977 64 24 proud
3161 1980 20 16 to
3192 1984 36 17 say

2794 2001 45 19 that
2849 2008 44 12 now
2904 2002 48 24 they
2962 2002 67 24 might
3039 2002 25 19 be
3073 2003 118 19 considered
3207 2006 21 16 to

2794 2027 25 19 be
2829 2027 35 19 the
2874 2031 52 15 most,
2934 2031 117 21 temperate.

2820 2053 43 19 Tho
2886 2055 47 17 Kev.
2953 2053 82 20 Donald
3053 2055 51 18 Ross
3123 2055 45 19 who
3187 2056 42 18 had

2794 2078 61 20 taken
2879 2080 60 18 much
2963 2080 80 19 trouble
3062 2081 20 17 in
3101 2084 127 21 temperance

2794 2105 55 19 work
2860 2107 94 23 amongst
2968 2106 35 19 the
3020 2107 79 18 natives
3119 2114 41 12 was
3178 2109 50 17 then

2793 2131 119 19 introduced
2923 2132 40 19 and
2974 2132 102 19 delivered
3085 2139 12 12 a
3106 2134 73 24 speech
3188 2133 39 19 full

2793 2157 22 18 of
2824 2158 91 18 interest.
2945 2158 32 19 He
2989 2165 40 12 was
3041 2158 92 19 followed
3152 2159 25 25 hy
3193 2160 35 19 the

2793 2182 50 19 Rev.
2869 2183 94 22 Ratema,
2983 2185 69 17 native
3072 2185 117 23 clergyman
3207 2184 23 20 of

2794 2208 130 19 Ohinemutu.
2938 2210 44 17 who
2993 2210 62 24 spoke
3065 2210 21 18 in
3096 2210 34 19 the
3146 2211 82 25 highest

2792 2234 66 25 praise
2869 2234 23 19 of
2902 2234 43 19 Mrs
2956 2235 99 19 Hewett's
3067 2236 54 19 work
3134 2239 95 22 amongst

2793 2260 35 19 the
2838 2260 77 19 Maoris
2925 2261 21 18 in
2958 2262 41 18 this
3014 2262 83 18 district.
3133 2262 32 19 He
3185 2263 42 19 also

2793 2286 91 19 thanked
2896 2287 33 19 Mr
2939 2288 51 18 Ross
3001 2288 31 18 for
3049 2288 34 19 tho
3100 2288 84 19 interest
3201 2290 27 18 he

2793 2312 41 19 had
2857 2312 62 20 taken
2943 2314 20 18 in
2984 2313 138 20 amelioration
3147 2315 22 18 of
3194 2316 33 18 the

2794 2338 66 20 Maori
2866 2345 52 13 race.
2935 2340 114 25 Following
3057 2340 55 19 these
3123 2340 105 20 addresses

2793 2365 85 25 singing
2893 2372 41 12 was
2951 2366 97 25 indulged
3066 2366 27 21 in,
3113 2367 34 19 the
3167 2374 62 18 songs

2794 2391 61 23 given
2865 2391 27 24 by
2900 2391 34 19 the
2941 2391 73 19 Misses
3022 2392 98 23 Maxwell,
3130 2393 21 19 of
3159 2394 56 18 Auck-

2793 2416 55 22 land,
2860 2416 181 27 being'especially
3053 2418 97 20 admired.
3184 2419 46 19 The'

2794 2443 84 24 singing
2887 2443 22 19 of
2927 2444 35 18 the
2977 2450 70 19 young
3066 2445 66 18 Maori
3151 2452 78 12 women

2794 2469 52 18 from
2857 2469 34 19 the
2901 2469 77 25 college
2989 2472 21 16 at
3027 2471 77 24 Napier
3125 2478 40 12 was
3184 2472 44 18 also

2793 2495 92 19 received
2897 2496 48 18 with
2956 2496 59 19 much
3024 2499 123 22 acceptance.
3165 2497 64 19 Other

2794 2526 62 19 songs
2867 2521 40 19 and
2918 2522 95 25 speeches
3029 2523 93 19 followed
3139 2523 40 19 and
3194 2524 34 18 the

2794 2547 90 25 meeting
2893 2547 69 19 closed'
2971 2548 48 18 with
3029 2551 57 17 votes
3093 2549 21 18 of
3122 2549 76 19 thanks
3208 2553 22 16 to'

2794 2572 58 20 those
2864 2573 45 20 who
2909 2572 3 27 1
2919 2574 110 19 had'taken
3040 2576 50 23 part.

2794 2627 197 23 PROSPECTING
3015 2630 33 19 IN
3075 2628 61 22 THE
3159 2630 53 21 URE-

2793 2656 160 20 WERA
2993 2656 140 20 COUNTRY.

2834 2707 93 20 StOPPEJ)
2943 2714 27 13 BY
2984 2714 42 13 THE
3040 2709 149 19 GoVF.imtEXT.

2821 2741 34 20 Mr
2865 2741 98 20 Waddell
2973 2745 62 17 states
3045 2744 46 19 thati
3100 2744 26 19 ho
3142 2744 37 19 has
3197 2751 22 13 re-

2794 2768 69 19 ceived
2885 2768 91 26 through
2995 2769 98 25 Sergeant
3118 2770 77 23 Gillies,
3217 2777 12 12 a

2794 2794 169 20 communication
2982 2795 52 19 from
3053 2796 35 19 tho
3107 2797 66 18 Mines
3187 2796 28 20 De-

2795 2822 102 21 partment
2916 2822 21 17 to
2955 2820 35 20 the
3009 2821 106 26 following
3130 2820 99 21 effect:—

2816 2845 43 20 The
2869 2847 129 24 department
3008 2847 16 19 is
3034 2848 83 19 advised
3132 2849 21 18 of
3170 2855 12 12 a
3196 2855 22 12 re-

2794 2875 45 21 port
2850 2873 114 24 appearing
2973 2873 21 19 in
3006 2874 34 18 the
3050 2874 96 20 southern
3155 2881 74 18 papers

2794 2897 44 20 that
2848 2897 33 20 Mr
2897 2899 94 19 Waddell
3001 2900 17 18 is
3027 2900 63 19 about
3100 2904 19 15 to
3130 2904 50 16 start
3197 2901 32 19 for

2794 2923 35 19 the
2839 2922 102 21 Urewera
2949 2928 85 22 country
3046 2927 46 17 with
3103 2934 11 11 a
3125 2930 93 21 prospect-

2794 2949 37 25 ing
2836 2953 61 22 party
2904 2954 20 15 to
2932 2951 47 19 take
2986 2958 28 18 up
3022 2951 33 19 the
3063 2953 44 17 reef
3112 2952 117 20 discovered

2794 2975 28 25 by
2832 2976 43 18 him
2885 2978 21 17 at
2916 2977 97 21 Waihou,
3024 2984 26 12 on
3057 2978 33 19 the
3098 2979 131 19 Whakatane

2794 3008 70 19 range.
2892 3002 44 19 The
2947 3003 94 19 Minister
3051 3004 21 18 of
3081 3004 67 19 Mines
3161 3005 57 19 there-

2794 3027 43 20 fore
2848 3034 66 13 warns
2924 3029 34 19 Mr
2970 3029 93 19 Waddell
3078 3031 44 18 that
3138 3031 25 18 he
3182 3038 36 12 ren-

2794 3053 45 20 ders
2855 3054 84 19 himself
2956 3055 63 19 liable
3036 3058 20 16 to
3074 3055 26 19 be
3118 3057 100 24 proceeded-

2794 3081 82 23 against
2885 3080 65 19 under
2960 3081 34 19 the
3013 3081 98 20 Urewera
3128 3083 101 19 Reserves

2794 3105 46 25 Bill,
2862 3106 40 19 and
2919 3107 46 18 that
2984 3108 51 19 until
3055 3108 35 19 the
3109 3111 84 23 country
3211 3110 18 18 is

2794 3131 61 20 ceded
2865 3134 21 17 to
2897 3132 35 19 the
2944 3132 136 21 Government
3086 3141 26 12 no
3120 3134 109 26 European

2793 3158 132 25 prospecting
2947 3159 42 19 will
3012 3160 24 18 be
3196 3161 33 19 Mr

2799 3183 93 20 Waddell
2914 3185 88 18 informs
3022 3191 32 14 me
3078 3186 45 19 that
3144 3186 25 19 he
3188 3187 41 19 had

2794 3210 122 25 everything
2926 3211 63 24 ready
2997 3214 21 16 to
3027 3214 56 21 start,
3102 3212 36 19 but
3153 3219 26 12 on
3197 3220 22 12 re-

2794 3236 52 25 ceipt
2857 3236 22 19 of
2888 3233 45 22 that
2944 3238 173 22 communication,
3128 3245 26 12 as-
3166 3239 27 19 ho
3212 3240 17 18 is

2794 3262 111 25 supported
2916 3262 26 23 by
2951 3269 13 12 a
2973 3266 72 22 strong
3055 3264 86 24 English
3159 3265 59 24 syndi-

2794 3291 49 20 cate,
2853 3288 54 20 until
2917 3288 125 20 Parlinment
3056 3293 62 16 meets
3139 3290 24 19 he
3182 3297 36 18 pro-

2794 3319 59 18 poses
2863 3316 131 23 prospecting
3005 3315 33 19 the
3046 3320 82 20 country
3136 3316 93 19 botween

2794 3339 72 20 Ohiwa
2876 3340 99 20 Harbour
2984 3341 41 19 and
3044 3341 35 19 the
3098 3342 49 19 East
3166 3342 62 26 Cape,

2794 3365 106 26 including
2909 3367 35 18 the
2954 3367 73 19 Crown
3036 3367 59 19 lands
3102 3368 19 18 in
3130 3368 34 18 the
3170 3368 59 20 Motu

2794 3391 96 24 Country.
2933 3393 33 19 He
2991 3393 38 19 has
3052 3394 120 25 acquainted
3194 3395 35 19 the

2794 3417 95 20 Minister
2900 3419 21 18 of
2930 3419 66 19 Mines
3006 3421 20 17 to
3036 3419 44 19 th-it
3090 3420 64 18 effect.

3273 20 7 26 \

1106 78 59 20 THE
1192 78 58 21 EOT
1277 79 92 22 LAKES
1397 77 172 26 CHRONICLE,
1598 80 160 25 SATURDAY,
1786 82 155 22 FEBEUARY
1969 86 31 22 20,
2018 84 49 21 189?

99 156 24 24 BY
137 156 84 23 SPECIAL
247 156 73 42 ggg
332 155 149 24 APPOINTMENT

129 204 58 25 ASK
212 203 143 26 GROCERS
380 203 56 26 FOR

128 468 160 27 CEYLON

131 503 131 26 INDIAN
292 503 30 26 &

128 538 181 26 BLENDED

207 578 149 18 AWARDED

104 605 69 23 GOLD
184 604 54 24 AND
248 604 96 24 SILVER
355 605 109 23 MEDALS

120 645 56 25 Why
191 645 44 25 buy
250 645 96 20 Inferior
359 646 56 19 Teas
429 646 63 19 when

71 677 42 18 you
128 677 41 14 can
184 673 36 23 get
234 671 24 20 N.
274 672 27 19 M.
317 672 17 19 &
350 672 54 19 Co.'s
417 672 24 19 at
455 672 37 19 the

70 703 60 13 same
145 698 65 25 price.
243 698 35 19 All
292 698 76 19 others
387 703 39 14 are
440 698 52 24 only

69 724 73 24 copies
161 724 21 19 in
203 729 71 17 name,
288 724 45 19 and
355 729 38 14 are
407 723 85 25 pushed

71 750 33 19 lor
118 751 63 18 extra
195 750 72 24 profit.

119 784 11 12 A
141 784 43 15 proof
194 783 16 12 of
222 783 26 14 the
260 784 93 16 superiority
365 783 16 13 of
389 783 19 14 N.
420 783 21 14 M.
450 783 11 13 A

102 799 40 14 Co.'s
151 800 38 13 Teas
196 800 12 13 is
218 800 25 13 the
254 800 29 13 fact
294 800 33 13 that
336 800 74 14 although
418 800 43 13 there

102 820 25 8 are
136 816 77 12 hundreds
224 816 16 13 of
251 817 53 15 packet
314 818 32 11 te:is
358 820 18 8 on
389 816 26 13 the
424 820 28 8 mar-

103 833 30 14 ket,
153 832 16 13 S.
182 832 21 13 M.
215 833 12 12 A
241 832 40 14 Co.'s
296 832 38 13 Tens
349 836 26 9 are
391 832 15 14 in
424 832 37 13 such

102 848 64 13 demand
176 849 33 12 that
222 849 35 15 they
269 849 28 12 Bell
309 848 52 16 nearly
373 848 88 13 one-fourth

102 865 16 12 of
135 865 25 12 the
179 864 46 14 whole
242 865 16 13 of
275 865 26 13 the
318 868 26 9 tea
361 865 86 13 cour»umed.

71 884 101 23 SOLD
210 884 280 23 EVERYWrtEPc-

97 1027 401 23 TNIONSTEAMS&IPCOMPANYOF

164 1055 58 17 NEW
234 1055 120 17 ZEALAND
364 1054 88 18 Limited.

203 1125 45 13 i-Olt
261 1124 100 15 SY.DNJSY-:

138 1191 35 30 ESS

169 1190 218 22 nmimrooßßaß

100 1452 12 22 |.
120 1452 108 16 uujUAitx,
254 1445 110 20 PARKER,
386 1444 54 17 AND
461 1443 31 18 CO

70 1469 17 22 X
96 1463 18 26 A.
230 1468 106 25 (limited),

90 1515 95 23 Splendid,
362 1514 94 17 Stenmors
461 1512 37 17 will

66 1540 5 15 1
80 1547 9 8 .•
98 1538 113 23 despatched
220 1540 48 15 from
277 1539 118 18 Auckland,
406 1542 20 11 us
440 1535 58 17 under

63 1562 92 23 {weather
171 1561 38 18 and
227 1562 53 17 other
296 1560 144 19 circumstances
456 1564 42 17 pcr-

254 1606 104 18 NAPIER.
366 1604 116 19 WELLING-

87 1632 57 18 TON,
156 1630 155 20 LYTTELTON,
322 1630 14 17 &
346 1628 128 19 DUNEDIN,

68 1656 113 16 T.i.-Ji.i.MA.
190 1652 174 22 ...Tuesday,Feb.
374 1653 28 19 23,
412 1652 21 16 12
442 1656 55 12 noon.

68 1680 100 17 .Ixjuan,
175 1677 100 19 Tuesday,
287 1677 49 16 Mar.
346 1676 16 20 9,
379 1676 19 16 12
410 1680 56 11 noon.

193 1722 50 18 FOR
257 1722 112 20 SYDNEY,

111 1746 114 23 (Returning
237 1747 20 16 to
265 1744 99 19 Auckland
372 1743 80 23 Direct.)

65 1769 94 23 Carrying
179 1769 111 23 Passengers
311 1769 30 17 for
362 1768 134 19 Mei.houkne,

77 1793 54 18 other
136 1794 130 16 Australian
273 1792 71 19 Pouts,
351 1790 37 18 and
393 1790 91 20 Hobabt,

69 1822 51 16 Axgi
129 1825 49 15 IA-v,.
186 1820 104 19 .Monday,
300 1819 45 18 Feb.
355 1820 28 19 22,
398 1818 41 17 5.30
451 1823 45 16 p.m.

66 1844 10 16 '1
82 1848 89 13 asmania
178 1857 36 3 ....
220 1843 97 18 Monday',
324 1842 48 17 Mar.
381 1842 16 19 8,
405 1842 40 16 5.30
451 1846 45 16 p.m.

91 1871 29 17 All
130 1870 73 18 Tickets
210 1876 31 11 arc
250 1869 91 19 available
350 1869 38 17 also
403 1868 30 17 for
441 1867 44 22 Stop-

68 1900 43 11 ever
120 1899 21 12 or
148 1893 71 17 Return
233 1893 26 22 by
270 1893 54 17 ANY
341 1891 85 18 UNION
439 1891 58 17 CO.'S

69 1918 6 15 {■
97 1916 110 21 EAMERS,
217 1916 37 17 and
261 1916 73 17 holders
344 1915 20 17 of
372 1914 66 19 U.S.S.
456 1914 41 17 Co's

68 1940 73 17 Tickets
162 1945 43 17 may
221 1940 59 16 travel
296 1940 25 21 by
343 1937 117 18 ANGLIAN
477 1943 21 11 or

66 1962 138 18 TASMANIA.

163 1992 22 17 I).
198 1992 24 17 D.
232 1990 107 18 NATHAN
353 1990 14 17 &
381 1989 48 19 CO.,

393 2013 81 18 Atrents.

69 2164 97 20 n'EIPS
190 2164 139 18 ARRANGED
343 2165 20 16 to
384 2162 62 19 ALL
466 2162 32 17 the

75 2181 19 26 J.
131 2187 106 18 SIGHTS
247 2187 19 16 in
275 2186 31 18 the
315 2186 79 17 District
400 2186 25 21 by
435 2185 63 20 coach,

68 2210 31 18 s.i:
108 2210 97 18 ni-luuiich
215 2216 20 11 or
243 2210 59 16 horse.

90 2235 11 16 1
106 2233 73 21 Jti-cujS-li
189 2238 87 18 passages
283 2231 75 20 hooked
372 2233 19 16 to
405 2231 81 21 Wclling-

68 2259 12 14 1i
90 2263 10 10 ii
111 2258 26 15 via
148 2256 98 21 Wuivakei,
261 2256 63 22 Taupo
338 2255 38 17 and
390 2255 71 22 Napier
478 2259 20 12 or

67 2280 32 17 tie
108 2279 104 19 celehrated
222 2278 105 24 Wanganui
335 2278 57 18 Eiver
401 2278 70 18 Route.

137 2311 153 25 LOWEST
306 2310 125 26 RATES.

72 2367 95 19 GUIDE
191 2366 99 19 BOOKS
315 2371 31 13 on
370 2365 53 19 Sale
453 2364 45 19 and

163 2389 148 19 distribution
324 2388 80 24 gratis.

144 2436 73 17 THOS.
228 2435 67 19 COOK
306 2435 54 17 AND
374 2435 54 20 SON,

123 2475 99 17 llixKiioA
242 2473 82 21 Street,
349 2474 105 17 Rotorua..

190 2552 26 12 BY
228 2551 150 13 AITOIXTiIEXT.

204 2581 153 36 &&&&&&

75 2744 245 21 MANUFACTURING
341 2741 159 24 JEWELLER,

148 2770 60 20 AND
224 2768 197 24 SILVERSMITH,

75 2813 97 26 CUEEN
192 2813 124 28 STREET,
333 2810 171 28 AUCKLAND..

260 2853 41 13 AXD

105 2889 27 24 B.
155 2887 188 27 PETERSEN
359 2887 24 25 &
401 2886 65 32 CO.,

75 2929 63 23 High
158 2928 82 22 Street,
258 2926 242 21 CHRISTCHURCH.

96 2993 117 18 HIGHEST
225 2992 106 19 AWARDS
339 2992 139 18 OBTAINED.

73 3029 76 21 Sydney
157 3027 116 21 Exhibition,
282 3028 49 19 187.9,
341 3026 39 17 and
391 3026 112 17 Melbourne

198 3050 115 21 Exhibition,
325 3051 36 16 1890
361 3051 19 16 i.

216 3193 142 22 BREWERS,

155 3233 107 19 ALBERT
277 3232 148 23 BREWERY,

99 3274 96 22 QUEEN
199 3273 3 24 •
206 3274 46 20 STK
256 3274 57 23 EET,
328 3273 157 20 AUCKLAND

99 3326 67 18 WISE
178 3326 49 16 AND
240 3325 77 17 SPIRIT
327 3325 155 20 MERCHANTS,

117 3361 122 17 BOTTLERS
251 3361 50 16 AND
317 3360 145 20 IMPORTERS,

77 3466 24 15 At
110 3464 28 16 the
153 3464 89 20 following
258 3464 111 15 Exhibitions
383 3463 27 15 for
419 3467 32 11 our
458 3462 38 17 well-

172 3485 61 15 known
246 3485 45 15 Bulk
300 3485 32 15 mid
341 3484 69 16 Bottled

188 3506 47 15 ALE
247 3506 50 15 AND
308 3505 85 16 STOUT:

78 3533 69 21 Sydney
155 3532 124 17 International
287 3533 107 18 Exhibition,
404 3532 48 17 1879.

79 3549 100 22 Sielbourne
188 3553 124 17 International
317 3553 109 19 Exhibition,
436 3553 69 15 1880-81

80 3575 42 16 New
131 3574 72 17 Zealand
211 3574 285 20 IndustaialExhibition,Welling-

122 3599 35 15 ton,
167 3596 48 16 ISfro.

78 3617 44 17 New
142 3617 72 16 Zealand
229 3617 32 16 and
276 3617 53 16 South
341 3617 41 16 Seas
397 3616 108 17 Exhibition.

122 3638 85 17 Dunedin.
219 3639 77 15 18t>!>-90.

78 3659 21 15 In
110 3659 75 15 addition
194 3661 17 13 to
220 3659 53 15 above
281 3659 42 15 have,
341 3660 42 14 been
397 3658 80 17 awarded
489 3660 18 14 at

402 3682 103 17 ittuneeston,

122 3702 78 15 1891-92.

164 3731 57 17 FIVE
232 3732 69 16 EIRST
317 3732 105 17 AWARDS

275 3758 33 12 FOB

91 3775 7 15 3
106 3775 52 16 lIK
169 3774 108 16 LOTILLD
289 3775 59 16 ALES
365 3774 51 16 AND
433 3774 75 17 STOUT

270 3796 47 17 AISO,

166 3817 247 31 CHAMPIONSHIP

110 3858 64 23 Gold
187 3857 86 23 Medal
283 3859 25 21 of
317 3858 166 23 Australasia

185 3897 71 12 AGAINST
266 3897 97 12 AH.CUMEKS
374 3898 32 13 FOE

84 3920 88 24 BULK
186 3920 69 22 AND
273 3920 144 23 BOTTLED
431 3921 65 22 ALE

173 3976 73 20 Having
253 3982 10 11 a
274 3977 57 21 Large
339 3977 51 16 Stock
398 3977 20 17 of.

193 4014 48 15 ALE
253 4014 50 15 AND
315 4013 81 22 STOUT,

87 4048 69 16 Bottled
164 4048 17 16 in
190 4050 50 18 quart,
248 4049 34 15 and
296 4050 38 19 pint
346 4048 67 20 bottles,
428 4049 80 21 specially

85 4071 6 12 >
98 4070 54 16 rewed
160 4069 28 16 for
195 4069 29 16 the
232 4075 72 11 summer
312 4071 54 17 trade,
376 4069 54 17 which
437 4076 28 10 arc
471 4076 38 10 now

84 4090 104 21 thoroughly
197 4092 83 19 matured,
293 4097 30 10 can
336 4091 44 16 with
393 4096 50 15 every
457 4092 43 15 coufi-

84 4113 15 14 <'i
106 4117 30 10 nee
148 4111 105 16 recommend
268 4117 45 11 same
329 4115 17 14 to
360 4117 117 11 connojsieurs
492 4118 18 10 as

84 4134 61 15 .*'jond
154 4134 17 15 to
178 4137 45 12 none
231 4133 18 15 iu
258 4132 29 17 tho
294 4134 72 20 Colony.

524 394 429 46 HANCOCKS'

647 467 182 20 CELEBRATED

702 519 86 32 xxxx

632 576 210 44 ALES,

561 758 53 13 I'KEF.
626 758 55 13 PROM
694 758 39 13 ALL
746 757 127 14 ANTISEPTICS
886 758 26 13 OK

628 783 139 14 DELETERIOUS
786 783 63 13 ACIDS.

523 849 98 29 mm
623 849 316 29 immimmmm

628 891 191 20 NEWMARKET;

526 953 230 46 Blookers
804 952 148 54 Dutch

658 1010 160 46 Coeoa.

522 1123 138 32 Highest
669 1124 126 25 awards
808 1123 32 25 at
853 1129 100 26 every

644 1173 193 26 Exhibition.

555 1219 65 25 The
633 1219 97 25 latest
742 1219 28 25 is
783 1218 53 26 the
857 1218 95 26 Cross

524 1251 33 26 of
563 1252 110 25 Honor
687 1253 33 24 at
736 1252 54 25 the
811 1252 122 25 Amster-

524 1285 71 24 dam
604 1284 188 26 Exhibition
801 1284 89 29 1895,
899 1284 53 24 the

521 1317 128 31 highest
657 1317 138 32 possible
804 1317 115 25 award.

524 1387 59 46 Go
599 1393 50 40 to
668 1387 284 46 WILLIES'

521 1698 168 23 CHEAPEST
699 1698 100 23 STORE
804 1698 37 23 IN
848 1698 102 23 TOWN-

520 1834 110 26 Direct
654 1834 81 26 from
760 1835 54 25 tlie
842 1834 87 26 Manu-

661 1867 148 27 facturer.

520 1950 65 20 Suits
604 1951 24 18 to
649 1950 108 19 Measure
773 1951 25 18 at
815 1950 136 23 Up-to-date

597 1973 78 19 Prices
684 1975 36 17 for
731 1974 61 18 Cash
807 1974 65 23 Only.

520 2030 44 19 FIT
574 2030 16 19 &
597 2029 219 21 WOEKMANSHIP
824 2029 108 20 GUARAN-

695 2064 79 20 TEED.

651 2258 177 24 KGENT,

622 2292 233 26 OHINEMUTU.

555 2357 97 31 G.M.
663 2356 257 33 JOHNSTON.

652 2397 165 29 SOLICITOR,.

563 2440 69 18 HIGH
645 2440 102 22 STREET,
760 2440 149 18 AUCKLAND.

548 2488 75 26 Money
632 2491 21 17 to
671 2490 48 18 lend
737 2491 21 17 in
777 2489 56 25 large
853 2495 22 13 or
894 2489 59 19 pmnll

523 2520 54 13 sums
588 2522 25 11 on
621 2515 107 19 first-class
742 2516 87 23 security
847 2518 21 16 at
884 2515 69 19 lowest

522 2543 59 15 rates.

530 2596 82 28 JOHN
636 2596 16 18 I.
683 2597 106 17 PHILIPS
820 2597 53 17 AND
907 2596 44 22 CO.,

523 2614 22 24 %)
631 2623 75 14 MIXING
720 2624 119 17 ENGINEERS,

569 2646 130 14 AUTHORISED
713 2647 76 14 MINING
802 2647 41 13 AND
852 2647 54 13 LAND

616 2669 104 14 TRANSFER
732 2669 122 14 SURVEYORS.

537 2710 40 18 [cad
588 2710 67 25 Office:
678 2712 106 23 Halyday's
800 2712 108 23 Buildings,.
923 2713 28 20 2G,

592 2734 177 22 Shortland-street,
778 2735 104 18 Auckland.

522 2762 47 18 P.O.
578 2763 42 17 Box
629 2764 40 16 332.
798 2764 105 22 Telephone
912 2764 40 18 956.

523 2790 56 18 Cable
588 2790 81 18 Address
677 2790 4 22 :
694 2792 136 20 Theodolite,
847 2791 105 18 Auckland.

650 2837 75 18 Branch
742 2838 66 17 Offices
816 2837 4 18 :

522 2865 170 21 Wharf-street,
703 2865 163 19 Paeroa—MrF.
875 2866 22 17 A.
905 2867 36 18 Cut-

546 2890 38 17 ten,
595 2889 52 20 C.E.,
657 2890 77 22 Mining
747 2890 93 22 Surveyor
852 2890 19 16 in
884 2888 68 24 charge

546 2912 19 16 of
574 2912 79 18 district.

522 2934 168 22 Brown-street,
699 2935 140 18 Thames—Mr
850 2935 67 18 Albert
933 2935 18 19 S.

546 2957 70 21 Alloni,
624 2958 42 17 Miu
676 2964 27 18 ng
712 2958 93 24 Surveyor
812 2959 21 17 in
849 2959 68 23 charge
934 2960 19 16 of

546 2980 77 18 district.

523 3003 99 18 KAI'ANSA
643 3004 63 21 ROAD,
729 3005 137 17 COItratANDEt
906 3005 45 17 P.O.

546 3027 41 17 Box
605 3028 26 16 17.
657 3027 31 17 Mr
704 3028 23 17 E.
744 3028 26 17 H.
788 3028 72 22 Hardy,
878 3028 75 23 Mining

546 3050 93 22 Surveyor
647 3051 19 16 in
675 3051 69 21 charge
753 3053 20 15 of
781 3051 78 17 district.

979 140 49 45 M
1031 141 18 18 B
1083 140 77 45 W.
1201 143 46 43 J.
1278 140 45 46 N
1323 140 86 22 APOBR

977 203 172 20 BARRISTER
1160 204 66 19 AND
1244 204 166 21 SOLICITOR.

977 243 148 18 Commissioner
1138 244 21 17 of
1171 244 33 18 the
1217 244 91 24 Supreme
1321 246 60 17 Court
1391 244 20 18 of

1171 267 55 23 Fiji..

977 297 89 18 Solicitor
1074 299 21 16 to
1103 298 33 17 the
1147 298 48 18 N.Z.
1209 300 129 17 Government
1351 298 60 18 under

1044 321 39 17 The
1091 321 98 18 Advances
1197 323 20 17 to
1223 322 79 18 Settlers

977 360 99 18 Victokia
1083 361 89 21 Akcade,
1183 361 111 22 Queen-st,
1304 361 106 19 Auckland.

1000 400 71 23 Money
1080 401 20 17 to
1106 401 54 17 Lend
1169 407 23 11 on
1202 402 85 17 freehold
1301 401 82 22 security
1391 402 20 16 at

977 423 37 18 low
1030 425 50 16 rates
1096 424 20 17 cf
1129 423 83 19 interest.
1242 425 71 17 Monev
1325 423 86 19 invested

977 446 30 17 for
1016 447 66 17 clients
1090 447 39 17 free
1137 448 21 16 of
1165 447 75 20 charjje.

978 656 82 30 rpEE
1085 657 206 20 UNDEESIGNED
1320 657 50 25 begs
1389 660 20 15 to

985 688 24 14 JL
1045 683 51 19 offer
1106 684 101 18 JS'uitsEHY
1217 684 66 18 Stock
1292 684 21 18 of
1323 683 27 19 nil
1365 682 33 20 des-

1236 709 173 26 appliances—in-

1217 735 2 23 i
1235 735 67 23 Trees,
1322 735 85 22 Shrubs,

977 761 77 22 Plants,
1074 761 129 22 Tree-Ferns,
1219 761 71 23 Ferns,
1311 762 39 21 &c,
1367 762 40 21 Ac,

979 787 76 24 packed
1064 788 21 18 in
1096 787 55 19 wood
1165 787 39 18 and
1218 794 74 11 canvas
1306 793 56 13 cases
1377 787 32 18 for

977 813 34 19 the
1020 813 97 23 Colonies,
1130 813 39 18 and
1179 813 21 18 in

977 839 32 19 for
1032 839 76 19 distant
1130 839 106 19 countries.
1278 838 68 19 Medal
1369 838 39 18 and

981 865 92 24 Diploma
1083 864 89 19 received
1183 865 31 17 for
1225 864 72 25 plants,
1311 865 39 22 &c,
1361 866 48 16 thus

977 894 44 16 sent
1031 894 20 15 to
1063 890 34 20 the
1219 890 126 22 Exhibition,

977 917 46 23 don,
1274 916 21 19 in
1301 915 107 20 Auckland

977 945 23 16 35
1011 949 65 12 vears.

1056 976 36 33 C,
1111 976 42 32 T«
1170 975 159 38 WHEN,

977 1026 40 18 Mt.
1027 1025 105 18 hobson
1137 1025 128 21 nursery,
1274 1025 133 20 remuera,

1100 1066 119 20 Auckland,
1231 1065 52 18 N.Z.

686 3149 134 28 )w^vrr^.
828 3152 9 6 v
839 3149 23 23 l-

661 3246 138 25 TENDERS-

528 3303 149 44 TENDERS
701 3310 34 13 are
759 3302 76 20 invited
862 3303 32 18 for
921 3303 34 18 the

593 3329 180 20 undermentioned
798 3329 112 25 Privileges
936 3332 20 15 at

527 3356 33 18 the
584 3356 55 19 Pace
667 3356 99 24 Sleeting,
791 3354 96 24 Potorua,
909 3354 47 19 I'7th

527 3381 77 20 March.

621 3406 19 19 1.
654 3406 130 19 Publican's
793 3406 81 19 Booth.

620 3430 20 18 2.
654 3430 79 18 Gates.

620 3453 20 18 3.
656 3453 78 19 Cards.

553 3482 89 19 Tenders
652 3482 51 18 eloso
710 3489 26 11 on
743 3482 95 25 Monday,
849 3483 30 17 Ist
886 3481 70 19 March

528 3510 21 16 at
557 3509 11 17 8
579 3514 54 19 p.m.,
646 3508 33 18 the
689 3508 82 23 highest
788 3514 21 12 or
829 3514 39 18 any
887 3507 70 19 tender

528 3537 35 15 not
573 3533 128 25 necessarilly
716 3533 99 25 accepted.
834 3533 123 19 Particulars

529 3566 46 18 may
585 3560 25 18 be
620 3559 41 19 had
670 3560 52 18 from
733 3559 33 19 the
777 3559 142 24 undersigned.

640 3585 23 19 T.
678 3585 22 19 C.
714 3585 163 23 UEQUHAPT,

823 3611 54 18 Hon.
889 3610 42 19 Sec.

531 3721 198 19 HAIEDBESSEE
736 3722 16 18 &
763 3720 188 20 TOBACCONIST

588 3869 181 18 TUTANEKAI
782 3870 118 22 STREET,

654 3910 186 16 HOTGHUH,

1123 1121 146 19 ROTORUA

977 1159 126 27 WOOD
1113 1159 28 26 &
1152 1159 109 26 COAL
1270 1158 138 27 DEPOT

980 1244 121 42 MESSES
1122 1244 24 18 F.
1163 1244 143 19 GOOCSON
1321 1244 46 18 and
1383 1244 24 19 C.

1030 1267 161 19 GRIFFITHS
1200 1272 39 13 are
1256 1267 113 24 prepared
1382 1268 26 18 to

977 1291 88 18 deliver
1073 1292 25 16 to
1107 1296 46 17 any
1162 1291 52 22 part
1223 1291 26 17 of
1256 1291 40 17 the
1305 1291 71 18 Town

1002 1328 82 24 BEST
1092 1328 192 23 HOUSEHOLD
1293 1328 87 28 COAL,

978 1404 93 23 RATA
1082 1404 21 23 &
1113 1404 101 23 TAWA
1227 1404 180 23 EIKEWGOD.

999 1445 25 17 At
1034 1444 94 18 Lowest
1137 1443 98 19 Current
1244 1444 71 18 Rates
1325 1445 20 17 at
1353 1445 32 17 the

1117 1472 80 17 shortest
1206 1473 68 17 notice.

998 1536 62 17 Goods
1069 1535 93 18 delivered
1176 1536 44 16 with
1233 1537 119 21 promptness
1361 1536 24 18 afl

976 1564 66 18 irrival
1051 1565 19 17 of
1079 1564 64 17 trains.

1006 1604 73 19 Orders
1089 1610 47 18 may
1144 1603 25 19 he
1179 1604 37 18 left,
1225 1606 20 16 at
1258 1604 34 19 the
1302 1604 73 23 Yards,

1013 1639 273 23 PUKUHTUK
1308 1641 66 21 ST.

987 1718 83 19 Agents
1080 1724 38 14 for
1127 1724 41 13 the
1178 1718 51 20 N.Z.
1244 1719 95 20 Eximiess
1350 1719 33 19 Co.

1037 1795 175 21 OHINEMUTU
1223 1795 121 21 AGENCY.

976 1896 76 30 rpHE
1085 1897 52 17 HOT
1146 1897 84 17 LAKES
1239 1897 150 18 CHRONICLE
1397 1896 2 30 !

991 1924 7 15 I
1040 1926 34 11 can
1083 1920 23 17 lie
1115 1920 89 17 obtained
1212 1922 21 15 at

1052 1969 28 26 J.
1100 1970 38 25 H.
1158 1969 166 27 LAKIN'S

1022 2034 71 18 FEEN
1104 2034 54 17 AND
1172 2034 78 18 CURIO
1270 2034 90 18 DEPOT.

1072 2092 134 28 [Telegrami
1224 2093 91 27 Office.]

1047 2150 57 19 Near
1113 2149 57 20 Lnko
1180 2149 70 20 House
1266 2150 70 19 Hotel.

567 3961 123 25 Government
708 3963 101 24 Insurance
827 3964 129 24 Department.

680 3990 120 12 Established
808 3990 37 14 1870.

579 4012 47 14 LOW
635 4012 115 14 PREMIUMS.
767 4014 69 13 LARGE
845 4014 98 14 BONUSES.

695 4105 23 10 irs
725 4102 43 16 only)
784 4103 44 13 1893
845 4110 7 3 -
873 4103 84 16 £130,000

704 4124 14 13 J.
727 4124 20 14 H.
756 4124 131 10 Kirmimsns

1010 2222 34 17 ST.
1067 2222 90 17 JOHN'S
1176 2222 199 17 PRESBYTERIAN

1140 2244 116 18 CHURCH..

976 2290 143 43 TENDERS
1136 2290 71 17 invited
1225 2291 29 17 for
1274 2290 100 19 Caretaker
1390 2292 19 16 to

1040 2314 32 17 the
1081 2314 59 17 above
1149 2314 81 17 Church.

999 2336 82 18 Tenders
1098 2336 83 18 received
1197 2338 20 16 to
1239 2337 99 23 Thursday
1356 2338 52 19 neat,

976 2366 55 14 noon,
1049 2360 25 22 by
1092 2359 32 17 Mr
1137 2359 82 23 Pcnney,
1238 2359 103 24 Secretary,
1361 2361 48 16 from

976 2383 61 17 whom
1047 2383 121 18 information
1178 2389 20 11 as
1213 2385 23 16 to>
1249 2383 61 18 duties
1327 2389 43 17 may
1387 2383 23 18 be

976 2406 94 17 obtained.

1016 2462 150 24 PRIVATE
1189 2462 179 24 TEACHING.

1071 2512 34 17 OR
1116 2512 112 17 EVENING-

1152 2558 49 17 REV.
1215 2558 18 17 S.
1251 2559 87 19 INGLE,

1214 2581 95 18 Hinemoa
1317 2582 68 17 Street.

977 2629 168 24 17IREWOOD.
1170 2629 144 18 FIREWOOD.
1336 2629 74 18 FIRE-

985 2650 21 21 V
1041 2652 80 17 WOOD.
1148 2652 70 17 COAL.
1240 2653 73 17 COAL.
1335 2653 73 17 COAL.

977 2676 79 21 J'reparo
1066 2676 30 16 for
1104 2676 32 16 the
1145 2675 75 23 coming
1229 2676 67 17 winter
1309 2676 37 17 and
1363 2676 45 17 send

976 2704 47 16 your
1031 2698 64 18 orders
1104 2700 20 15 to
1133 2698 36 17 Rd.
1180 2698 116 19 GRIFFITHS.

976 2745 37 43 17
1018 2745 33 18 OR
1063 2745 164 18 SALE.—Totara
1234 2747 36 17 and
1277 2747 49 17 Mati
1333 2747 76 23 fencing

1040 2770 61 19 Posts,
1111 2769 83 23 Palings,
1210 2770 37 17 and
1262 2770 66 17 House
1342 2770 67 18 Blocks

976 2794 19 15 at
1012 2792 37 17 low
1065 2792 66 22 prices.
1161 2793 48 17 Cash
1225 2799 26 11 orj
1270 2793 138 23 delivery.—R.

976 2815 116 17 Griffiths.

978 2864 149 19 TT7ANTED
1144 2865 97 18 KNOWN
1263 2867 43 17 that
1326 2867 10 17 I
1361 2867 48 17 have

990 2883 15 24 V
1011 2893 10 14 T
1064 2889 72 22 opened
1143 2895 25 10 an
1184 2889 52 17 office
1252 2891 47 16 next
1308 2891 19 16 to
1340 2890 70 17 Messrs

976 2911 51 17 Cook
1034 2911 38 17 and
1081 2912 37 17 Son
1128 2912 29 16 for
1165 2912 93 22 receiving
1266 2913 26 17 all
1300 2913 63 17 orders
1380 2913 29 17 for

975 2933 52 22 Coal,
1037 2935 98 17 Firewood
1151 2935 37 17 and
1201 2936 123 19 cartinjr.—R
1347 2937 61 16 Grif-

976 3008 151 19 WANTED
1141 3010 190 18 KNOWN.—Views
1345 3011 19 17 of
1377 3010 33 17 the

993 3036 9 15 T
1012 3036 9 15 T
1064 3032 78 18 District
1152 3033 17 16 in
1180 3033 74 22 photos,
1265 3034 35 17 oils
1308 3034 37 17 and
1352 3034 58 17 water

976 3055 79 21 colours,
1065 3057 20 15 to
1094 3055 23 17 be
1125 3056 38 16 had
1170 3058 19 15 at
1197 3057 117 17 Chroxicle
1322 3057 63 17 Office.

1009 3120 26 20 17
1041 3121 184 22 ANTED.—Pupils
1244 3122 30 16 for
1289 3122 34 16 the
1340 3121 68 17 Piano-

994 3148 8 14 Y
1013 3147 9 14 7
1065 3144 54 17 forte.
1144 3144 64 18 Terms
1209 3144 63 17 —One
1287 3145 69 22 guinea
1376 3149 34 17 per

978 3167 80 21 quarter,
1082 3167 18 16 in
1124 3166 87 18 advance.
1248 3168 38 17 For
1303 3170 38 15 two
1362 3168 20 16 in
1399 3173 11 11 a

978 3189 65 22 family
1053 3191 36 15 :ios.
1092 3191 74 16 —Miss
1172 3190 62 18 Cuoss
1235 3189 3 22 ;
1239 3189 3 22 ,
1248 3191 91 17 Rotorua.

1042 3247 87 17 ANTED
1145 3247 176 18 KNOWN.—That
1338 3248 10 17 I
1363 3248 48 17 have

996 3276 8 12 1
1015 3274 8 14 V
1067 3271 92 22 arranged
1169 3272 18 16 to
1197 3272 47 16 start
1253 3271 19 17 ill
1282 3271 91 21 business,
1391 3276 20 12 as

979 3293 152 19 Coach-builder,
1156 3293 141 24 Wheelwright,
1321 3297 41 17 etc.,
1391 3293 19 17 in

979 3322 33 11 con
1015 3316 85 22 junction
1107 3317 45 17 with
1162 3318 23 15 A.
1194 3317 76 20 Munro,
1278 3318 38 17 and
1325 3318 55 19 trust,
1385 3317 26 21 by

979 3339 98 22 diligence,
1086 3340 37 16 and
1133 3340 91 17 attention
1240 3342 20 16 to
1274 3347 57 12 same,
1347 3342 20 15 to
1382 3345 19 12 se-

979 3368 43 11 cure
1030 3368 11 12 a
1051 3362 35 18 fair
1092 3363 53 16 share
1154 3363 20 16 of
1182 3363 153 23 patronage.—J.
1343 3363 67 21 CROSS,

979 3385 36 20 Jr.,
1025 3385 90 21 Rotorua,
1125 3385 101 23 February,
1237 3387 32 16 Gth
1279 3387 50 17 189"'.

1180 3451 78 21 Repairs
1274 3453 21 16 to
1317 3451 93 19 Watches,

998 3479 8 12 T
1016 3477 11 15 T
1069 3473 106 22 Jewellery,
1193 3474 38 21 &c.,
1249 3474 40 18 also
1306 3474 63 18 orders
1383 3474 30 16 for

980 3501 42 11 new
1030 3496 89 17 Watches
1126 3493 37 20 and
1180 3497 104 22 Jewellery,
1303 3499 20 15 to
1338 3497 24 17 be
1378 3496 35 17 left

980 3518 47 18 with
1035 3519 27 16 11.
1072 3519 85 20 Stewart,
1168 3519 83 21 Saddler,
1265 3521 60 22 agent
1340 3521 30 16 for
1385 3519 26 17 H.

980 3542 26 16 11.
1017 3542 100 20 Howden,
1127 3542 131 19 Watchmaker
1267 3544 38 17 and
1319 3543 92 18 Jeweller.

1153 3624 96 18 KNOWN
1270 3626 44 17 that
1335 3626 10 17 I
1366 3626 47 17 have

1151 3653 10 11 a
1170 3648 39 17 coal
1218 3648 37 18 and
1263 3648 90 18 firewood
1366 3648 47 23 yard

1151 3671 45 17 son's
1206 3671 68 18 stables
1283 3672 38 17 and
1329 3678 30 11 am
1370 3676 33 17 pre-

1151 3699 29 11 fer
1189 3693 31 18 the
1229 3700 51 12 same
1289 3696 21 16 at
1317 3700 46 16 very
1376 3695 37 16 low

1151 3721 53 12 ;igilt
1211 3721 42 13 xst>
1262 3721 151 14 measurement

1151 3740 92 18 Richard
1249 3741 117 17 Griffiths.

1016 3801 118 28 jTANTED
1152 3801 189 19 KNOWN.—Guide
1352 3801 62 18 Rooks

998 3824 12 18 T
1018 3827 9 16 Y
1070 3825 20 16 to
1108 3824 32 17 the
1156 3824 80 18 District
1255 3827 21 16 to
1297 3825 29 18 be-
1340 3824 38 18 had
1394 3825 20 15 at

982 3846 119 17 Chronicle
1110 3846 63 17 Office.

1015 4223 102 39 Ask
1148 4224 71 38 fcr
1245 4225 261 55 Eanfock's
1536 4227 280 42 Celebrated
1848 4231 185 44 XXXX
2066 4237 110 42 Ales
2203 4244 93 36 and
2321 4244 137 39 Stout

2945 3471 140 17 IMITATION

2982 3493 16 18 is
3011 3494 32 17 the

2861 3516 140 18 SINCEREST

2841 3539 38 17 The
2896 3540 76 16 articles
2989 3542 50 16 most
3052 3540 85 18 imitated
3151 3547 31 11 are

2876 3561 138 19 CLEMENTS
3022 3563 78 17 TONIC
3108 3563 38 18 and

2888 3585 157 18 FLETCHER'S
3055 3586 79 18 PILLS.

2793 3607 63 18 WHY
2866 3608 8 17 ?

2817 3631 119 19 BECAUSE
2949 3632 47 22 they
3010 3632 48 18 have
3071 3632 33 18 the
3116 3633 42 17 host
3172 3639 44 16 repu-

2793 3655 62 17 tation
2864 3655 38 17 and
2916 3660 31 12 are
2963 3657 49 15 most
3024 3655 20 17 in
3059 3655 80 18 demand
3153 3656 27 22 by
3196 3657 31 17 the

2792 3678 71 21 public,
2886 3678 141 22 consequently,
3057 3685 55 15 every
3133 3679 94 18 dishonest

2793 3700 64 18 trader
2870 3702 45 16 tides
2930 3703 19 15 to
2965 3701 53 18 fa-ado
3031 3707 26 12 on
3064 3702 50 17 their
3128 3702 49 17 fame
3191 3703 36 17 and

2792 3769 40 17 ban
2840 3770 67 22 people
2916 3775 31 12 are
2956 3776 20 11 so
2984 3770 47 17 slow
3038 3772 20 16 to
3067 3777 30 11 see
3105 3772 32 16 the
3146 3772 53 17 truth
3208 3778 19 11 as

2793 3793 78 22 regards
2890 3793 33 17 tin?
2949 3794 137 21 unscrupulous
3104 3794 70 22 quacks
3191 3796 36 16 and

2793 3816 107 17 charlatans
2909 3816 43 18 who
2960 3822 47 17 prey
3020 3822 25 12 on
3057 3817 33 17 the
3103 3817 92 23 credulity
3209 3819 18 16 of

2792 3838 33 18 the
2834 3839 109 18 Australian
2956 3839 70 23 public.
3052 3839 85 23 Scarcely
3151 3846 12 11 a
3176 3840 51 19 week

2793 3867 44 12 ever
2851 3868 63 17 passes
2923 3862 36 17 but
2975 3863 52 16 what
3032 3862 33 17 the
3081 3868 52 17 press
3150 3869 77 17 exposes

2792 3885 33 17 the
2834 3885 100 17 barefaced
2942 3885 38 17 and
2994 3885 93 18 shameful
3101 3887 90 21 practices
3208 3888 19 16 of

2792 3913 52 12 some
2853 3909 19 16 of
2881 3909 53 16 these
2948 3909 81 21 harpies,
3038 3909 38 21 yet,
3085 3909 20 17 in
3114 3910 41 16 face
3168 3910 20 16 of
3201 3910 26 17 all

2792 3931 47 22 they
2848 3937 48 11 seem
2906 3932 21 17 to
2940 3932 68 20 thrive,
3018 3932 39 17 and
3068 3932 33 17 the
3114 3938 59 17 paper
3183 3933 44 17 who

2792 3953 75 19 hounds
2883 3954 52 18 them
2945 3954 56 18 down
3018 3956 48 16 most
3081 3955 71 17 thrives
3159 3956 68 17 fattest

2793 3982 24 11 on
2825 3977 51 17 their
2884 3977 155 18 advertisements
3048 3978 37 17 and
3092 3978 63 17 cracks
3159 3978 61 18 ■cham-

2792 4005 63 17 pagne
2869 4006 44 11 over
2934 4001 45 16 each
2992 4001 152 17 balance-sheet.-
3165 4001 49 19 Clem-

2793 4024 42 16 ents
2843 4024 57 16 Tonic
2908 4024 38 16 and
2954 4024 103 17 Fletcher's
3065 4024 46 17 Pills
3116 4024 48 17 have
3172 4030 55 12 never

2792 4047 33 20 yet
2839 4046 80 23 stooped
2932 4048 21 15 to
2967 4046 98 23 deception
3078 4046 37 18 and
3127 4047 88 23 misrepre-

2793 4069 101 17 sentation.
2919 4070 53 22 They
2980 4076 31 10 are
3020 4069 89 17 scientific
3125 4069 88 24 therapeu-

2794 4092 45 17 tical
2857 4093 73 21 agents,
2945 4092 39 17 and
3003 4092 87 17 evidenoo
3104 4098 20 11 as
3137 4094 21 17 to
3177 4094 49 18 their

2793 4114 55 19 value
2856 4121 34 12 can
2898 4115 25 18 be
2928 4115 61 18 found
2996 4115 21 17 in
3025 4120 55 17 every
3094 4115 79 22 district,
3189 4116 37 18 and

2793 4139 46 16 such
2852 4138 58 23 being
2924 4139 32 16 the
2966 4144 40 11 case
3014 4138 16 16 it
3038 4138 15 16 is
3066 4143 125 20 unnpcessai'y
3207 4142 20 22 tcj

2793 4160 74 18 further
2875 4161 109 17 extol-their
2991 4160 82 18 virtues.-
