3300 4360
92 150 62 19 ONE
165 146 156 21 THOUSAND
331 145 110 20 LLAMAS
459 145 49 19 LAD-

198 181 40 20 EN
249 181 81 20 WITH
340 179 79 21 GOLD.

123 250 55 19 Wlio
198 250 80 19 doesn't
299 249 42 19 like
357 250 21 17 to
392 249 48 17 read
463 248 62 19 about

97 276 71 20 buried
178 278 89 18 treasure
278 275 8 19 ?
299 275 56 19 Who
365 274 67 18 hasn't
447 274 65 18 dream-

96 303 24 18 ed
130 303 21 17 of
160 302 78 25 finding
253 303 16 18 it
277 302 8 18 ?
299 301 65 19 What
379 300 79 24 delight
477 304 36 14 sud-

89 325 2 28 •
96 327 60 25 denly
165 331 21 16 to
201 334 79 19 possess
294 329 45 16 vast
358 325 66 19 riches
431 325 9 19 ?
463 325 49 19 Shin-

94 355 37 23 ing
150 355 54 24 gold,
225 353 106 26 sparkling
353 351 62 25 gems!
446 351 78 25 Things

95 380 32 18 for
136 380 66 19 which
211 386 29 13 we
251 380 51 18 have
317 381 35 15 not
367 377 51 19 been
441 377 82 25 obliged

96 407 20 17 to
143 406 104 24 scheming
267 412 23 12 or
307 403 74 25 toiling
397 402 124 19 thereafter!!

94 431 40 24 Ah,
145 431 29 20 let
189 438 23 12 us
222 433 36 17 not
273 430 84 24 indulge
372 428 49 19 such
439 428 83 19 fancies.

94 457 57 25 They
172 457 59 19 make
248 456 56 19 work
319 462 53 12 seem
386 454 42 19 like
444 454 78 24 slavery

95 483 40 20 and
153 489 67 18 wages
237 482 41 19 like
292 482 83 24 pinches
393 480 21 18 of
432 486 90 13 common

94 509 54 20 dust.
182 509 41 19 Yet
238 508 46 19 that
300 507 49 19 such
364 506 75 19 hidden
447 512 75 13 masses

87 536 28 18 •of
125 535 73 19 wealth
207 535 52 18 exist
268 534 56 18 there
334 533 50 18 is.no
391 532 69 19 doubt.
480 532 42 18 But

92 562 68 18 whore
170 567 33 12 are
214 561 48 23 they
270 559 8 18 ?

119 587 69 19 About
202 586 45 19 four
257 584 98 19 centuries
371 590 39 18 ago
420 583 34 19 the
473 583 36 19 Era-

88 619 64 19 ;peror
167 613 21 18 of
200 612 56 18 Peru
270 616 41 13 was
330 616 12 12 a
351 610 85 25 -captive
449 609 21 19 in
486 609 35 19 the

88 638 70 19 .hands
168 638 21 19 of
201 638 34 18 the
246 635 117 26 Spaniards.
391 635 40 19 Jiiis
449 635 71 24 people

87 667 51 17 •sent
148 671 12 12 a
174 663 52 19 train
242 663 21 18 of
268 663 61 21 11,000
339 661 72 19 llamas
424 661 21 24 (a
463 661 57 19 small

93 690 57 19 beast
159 690 21 19 of
195 689 78 19 burden
291 687 123 24 resembling
424 693 12 12 a
445 687 73 24 camel)

88 716 64 19 Jaden
176 715 50 19 with
241 714 50 25 gold
318 716 21 16 to
366 719 79 13 ransom
471 713 48 19 him.

185 747 26 12 on
233 741 54 18 their
310 746 50 18 way,
381 739 90 25 crossing
481 739 39 19 .the

86 768 73 20 .Andes
174 767 122 22 mountains,
306 766 35 18 the
355 772 45 12 men
411 767 20 17 in
446 767 74 24 charge

85 794 27 18 •of
122 793 34 19 the
163 793 114 25 expedition
288 791 62 20 heard
367 792 21 18 of
407 791 34 19 the
459 791 60 20 death

92 819 21 19 of
133 819 34 19 the
176 819 103 25 Emperor,
299 817 40 19 and
355 817 106 19 concealed
480 817 39 20 this

91 852 106 12 enormous
206 848 88 15 treasure
306 851 21 11 so
343 843 115 24 effectually
475 844 44 19 that

93 875 35 15 not
138 878 12 12 a
159 875 53 15 traoe
221 871 21 18 of
251 870 17 19 it
277 870 36 18 has
324 875 46 13 ever
380 869 51 19 been
449 870 69 19 found.

86 897 36 19 'Go
132 897 40 19 and
182 897 35 24 dig
226 897 16 18 it
252 902 33 18 up,
295 896 40 18 and
345 901 40 18 j-ou
404 895 38 18 will
458 901 61 14 never

85 924 66 23 .again
161 922 39 20 feel
209 922 34 19 the
253 922 55 24 sting
318 921 20 18 of
350 924 89 22 poverty.

116 949 42 18 But
167 948 43 25 clap
220 948 34 18 the
264 947 73 19 brakes
357 947 58 17 down
428 947 50 19 hard
491 954 21 12 on

40 980 7 8 «
86 974 40 19 'the
163 973 73 21 wheels
262 973 22 19 of
301 978 52 19 your
377 972 135 25 imagination.

165 1007 40 12 waa
217 1006 71 17 money
307 1001 20 15 to
344 998 104 19 Robinson
469 999 33 19 Cru-

90 1032 34 13 soe
134 1026 9 18 ?
165 1026 62 19 What
254 1024 66 20 would
345 1025 36 17 the
405 1025 73 18 wealth
496 1026 16 18 of

87 1052 57 20 Peru
154 1052 51 18 have
274 1054 21 15 to
304 1050 45 19 Mrs
358 1050 52 18 Jane
421 1051 15 18 6
440 1051 72 23 trunks,

85 1076 2 25 ■
91 1079 74 22 during
183 1084 11 12 a
212 1077 75 19 certain
301 1076 71 25 period
383 1077 22 17 of
422 1076 90 25 eighteen

90 1104 80 19 months
189 1103 43 19 that
249 1102 36 19 she
296 1102 45 18 tells
352 1101 63 20 about
425 1102 8 19 ?
457 1103 55 21 Dust,

87 1137 36 18 imy
133 1131 47 17 dear
194 1129 70 23 fellow,
275 1128 107 19 countless
397 1128 83 25 pinches
495 1129 17 19 of

84 1162 95 13 •common
203 1155 51 19 dust.
283 1154 56 18 Here
361 1155 18 17 is
394 1154 34 19 the
444 1161 68 12 reason

85 1182 113 26 *why—one
208 1187 53 12 more
273 1180 77 24 picturo
361 1180 21 18 of
398 1180 45 19 that
459 1180 43 19 fear-

83 1208 35 19 '.ful
137 1208 80 19 furnace
227 1207 20 18 in
266 1205 66 20 which
344 1206 28 18 all
382 1206 79 25 earthly
480 1206 22 19 de-

82 1234 56 19 -sires
156 1239 33 12 are
208 1232 73 19 melted
300 1231 42 19 into
361 1238 38 12 one
417 1238 95 18 prayer—

155 1258 49 23 God,
215 1258 75 19 deliver
299 1263 33 12 mo
340 1258 53 18 from
401 1258 50 24 pain

166 1285 57 22 June,
236 1285 47 18 18&1
296 1283 11 18 I
316 1283 42 18 had
368 1290 25 12 an
409 1284 67 19 attack
494 1284 18 19 of

87 1312 105 21 influenza,
223 1309 93 19 followed
343 1309 27 25 by
396 1310 116 23 bronchitis,

81 1337 70 20 ■■which
160 1336 37 19 left
207 1342 30 13 me
247 1342 48 18 very
304 1335 38 19 low
350 1336 40 18 and
402 1336 73 19 feoble.
502 1337 10 18 I

137 1369 24 12 no
178 1362 93 25 appetite,
290 1361 40 19 and
347 1362 34 18 the
396 1361 52 19 little
467 1362 45 20 food

81 1389 16 19 J
106 1388 67 20 forced
182 1387 72 25 myself
264 1390 21 16 to
293 1387 47 19 take
351 1394 50 18 gave
416 1395 31 12 me
466 1389 46 25 pain

86 1415 40 19 and
135 1413 117 27 palpitation
269 1414 21 18 of
299 1415 35 17 the
346 1414 63 18 heart.
445 1414 12 19 I
473 1415 39 19 had

81 1448 16 13 •a
104 1447 75 18 weary,
189 1439 82 25 sinking
276 1439 78 25 feeling
364 1442 20 16 at
393 1440 35 19 the
443 1441 32 24 pit
492 1442 20 18 of

86 1467 35 19 tho
130 1466 87 20 stomach
227 1466 40 18 aud
276 1471 42 13 -was
332 1465 82 26 obliged
424 1469 19 15 to
461 1467 51 24 fight

81 1493 37 19 .for
125 1499 33 19 my
167 1491 76 21 breath.
278 1491 12 19 I
307 1491 41 19 had
367 1498 12 12 a
394 1493 118 19 continuous

86 1519 88 24 hacking
183 1517 70 25 cough,
265 1517 40 19 and
316 1519 45 23 spat
368 1524 27 18 up
403 1519 109 23 quantities

87 1545 21 19 of
115 1545 54 19 thick
179 1544 86 25 phlegm.
285 1543 62 19 Later
357 1550 25 12 on
392 1544 11 18 I
414 1544 39 18 had
463 1548 49 21 gout

87 1571 27 19 all
123 1577 46 13 over
186 1576 36 16 me,
243 1576 23 12 as
283 1569 18 19 it
316 1576 59 17 were,
394 1576 35 18 my
447 1571 65 18 hands

80 1598 53 23 iface,
161 1596 37 20 and
220 1596 44 25 legs
286 1595 63 25 being
376 1596 69 25 puffed
477 1604 33 18 up,

85 1624 40 19 and
141 1629 39 13 was
196 1623 20 18 in
238 1628 66 19 agony
323 1622 41 24 day
382 1622 40 19 and
445 1623 66 25 night.

84 1650 12 19 I
115 1649 78 20 became
207 1655 20 12 so
238 1648 56 19 weak
308 1648 12 18 I
334 1648 59 19 could
409 1650 34 17 not
459 1649 52 19 raise

80 1682 38 19 •my
127 1674 73 23 mouth,
210 1674 38 19 and
257 1674 42 19 had
308 1677 21 16 to
340 1674 24 19 be
374 1674 40 19 fed.

268 1700 12 18 I
294 1700 32 24 lay
341 1700 97 24 perfectly
454 1701 57 25 help-

80 1728 48 19 Hess,
139 1727 37 19 and
185 1726 72 19 almost
269 1726 83 23 lifeless,
370 1726 76 25 having
455 1729 21 16 to
487 1728 24 18 be

84 1754 58 19 litted
153 1753 20 18 in
185 1752 38 19 and
231 1755 35 16 out
281 1753 21 18 of
319 1752 44 19 bed.
392 1752 54 19 Four
462 1753 35 18 doc-

84 1783 41 16 tors
147 1778 93 20 attended
261 1785 31 12 me
314 1778 32 19 for
365 1778 47 19 nine
431 1780 80 18 months

83 1806 84 18 •without
182 1804 63 19 effect.
282 1804 57 18 Then
356 1804 48 25 they
421 1804 41 19 told
480 1812 30 11 me

83 1832 48 24 they
142 1830 54 19 could
207 1830 24 18 do
240 1830 85 25 nothing
335 1830 31 18 for
384 1836 38 17 me,
438 1837 38 12 ono
490 1832 21 18 of

83 1858 55 18 them
151 1856 68 26 giving
229 1863 30 11 me
270 1863 12 12 a
289 1856 60 18 letter
360 1856 21 19 of
388 1863 108 13 recommen-

83 1883 68 19 dation
161 1886 19 15 to
191 1883 62 23 Guy's
261 1882 102 25 Hospital.
393 1883 27 17 At
431 1883 77 22 Easter,

85 1911 55 22 1892,
157 1915 32 18 my
208 1908 94 19 husband
313 1908 47 19 took
375 1915 33 12 me
415 1909 21 18 in
443 1916 12 11 a
473 1909 36 19 cab

78 1940 24 14 to
113 1935 43 19 that
165 1934 92 25 hospital,
269 1935 41 18 aud
320 1934 10 18 1
342 1941 43 12 was
400 1935 70 24 placed
487 1936 19 18 iu

78 1961 38 19 •the
127 1961 78 19 Miriam
226 1960 69 23 Ward,
308 1961 40 18 and
363 1961 106 19 examined
485 1961 24 25 by

81 1987 75 20 several
166 1987 83 19 doctors.

174 2013 40 17 this
230 2013 48 18 time
294 2018 16 12 >a
327 2012 52 19 hard
402 2012 106 20 substance

80 2039 77 20 seemed
167 2041 19 16 to
197 2039 51 18 have
256 2038 78 19 formed
342 2039 23 18 in
373 2046 33 17 my
421 2039 87 19 stomach

156 2065 33 18 the
203 2064 77 19 doctors
290 2065 44 18 said
344 2071 41 12 was
394 2072 12 11 a
421 2067 85 21 tumour,

74 2092 45 18 .and
129 2091 75 18 treated
215 2097 31 11 me
255 2091 33 18 for
301 2091 22 18 it.
351 2091 12 17 1
380 2093 35 21 got
429 2091 79 18 .weaker

108 2117 10 10 j
128 2124 12 3 -
147 2116 44 19 cok<
193 2116 3 19 :
198 2123 10 12 r
225 2116 52 18 until
284 2122 38 13 ons
371 2116 22 19 lit
401 2116 38 19 tire
448 2122 60 13 iiraise

79 2144 41 19 told
130 2150 31 12 me
178 2142 45 19 that
238 2142 33 19 the
287 2142 80 19 doctors
383 2142 43 19 had
443 2142 43 19 said
497 2142 10 19 I

78 2177 41 12 ■was
135 2176 22 12 as
166 2168 39 19 bad
216 2175 22 12 as
251 2168 9 18 1
270 2168 59 19 could
338 2168 31 23 be,
387 2168 39 19 and
442 2168 66 19 would

76 2199 37 16 ■not
123 2194 98 26 probably
231 2194 40 18 live
279 2194 89 25 through
377 2194 35 19 the
416 2194 64 25 night.

106 2224 12 8 •'
127 2221 42 19 The
179 2226 59 13 nurse
248 2220 70 25 placed
329 2226 11 13 a
351 2227 67 12 screen
430 2221 75 18 around

75 2254 35 18 my
120 2247 45 22 bed,
177 2246 107 25 expecting
294 2253 31 12 mo
334 2249 21 16 to
363 2246 38 19 die.

127 2273 80 22 Taking
216 2279 11 12 a
237 2272 63 25 slight
307 2275 46 16 turn
364 2274 32 17 for
412 2272 35 19 the
462 2272 34 19 bet-

76 2302 37 21 ter,
130 2299 12 19 I
165 2298 95 20 returned
283 2298 65 21 home,
367 2298 37 19 but
411 2305 40 12 was
459 2305 47 13 soon

72 2332 27 13 .as
106 2326 40 18 bad
155 2331 21 12 as
185 2331 52 12 ever.
266 2324 60 19 After
336 2325 40 18 this
386 2325 10 18 1
406 2327 35 22 got
449 2331 11 12 a
469 2324 28 20 let-

75 2354 31 18 ter
115 2352 22 19 of
142 2350 184 21 recommendation
338 2352 52 17 from
404 2357 36 12 our
449 2351 46 19 land-

74 2378 50 23 lord,
147 2377 39 19 and
209 2376 96 19 attended
329 2383 21 11 as
374 2384 26 11 an
423 2377 84 19 outdoor

72 2405 80 24 patient
175 2405 20 16 at
220 2402 90 19 Victoria
329 2403 55 18 Park
403 2403 101 24 Hospital.

71 2430 63 18 After
142 2429 61 24 being
214 2429 64 18 under
290 2431 108 17 treatment
409 2436 10 12 a
436 2429 70 19 month

75 2456 11 19 I
97 2455 37 19 lost
144 2455 27 19 all
181 2455 52 18 faith
243 2455 20 18 in
280 2455 101 18 medicine
397 2455 40 18 and
455 2462 51 17 gave

74 2488 29 19 up
113 2481 70 24 taking
193 2481 22 18 it.
245 2481 10 18 I
266 2488 42 11 whs
321 2487 46 13 now
381 2480 55 19 little
451 2487 54 13 more

70 2508 53 18 than
134 2514 11 12 a
155 2507 64 25 living
229 2507 79 25 misery.
337 2507 11 18 I
362 2513 41 13 was
418 2507 51 18 tired
485 2508 20 18 of

73 2534 44 22 life,
132 2533 38 19 and
187 2534 55 18 often
259 2533 76 25 prayed
355 2533 45 19 that
416 2533 35 18 tho
470 2533 24 19 Al-

72 2559 81 26 mighty
163 2559 66 19 would
240 2559 46 18 t:ike
297 2566 37 11 me.
371 2559 10 19 I
401 2566 44 12 now
465 2559 40 20 had

70 2586 37 20 iits
117 2587 20 17 of
144 2585 89 25 t-haking
249 2592 22 11 so
289 2585 39 19 bad
349 2585 44 19 that
412 2585 34 19 the
466 2585 39 20 bed

70 2612 102 18 trembled
182 2611 64 18 under
256 2617 38 13 me.
325 2612 35 23 My
371 2612 52 18 head
434 2618 39 12 was
484 2619 21 12 so

71 2638 41 19 full
123 2639 20 17 of
151 2638 47 24 pain
210 2637 45 19 that
264 2638 11 18 I
287 2638 88 23 thought
384 2637 12 19 I
413 2645 39 11 was
470 2645 24 17 go-

69 2664 40 24 ing
119 2664 51 22 mad,
182 2663 40 18 and
233 2664 77 18 several
328 2664 59 19 times
407 2671 12 11 a
440 2664 38 25 day
494 2664 11 19 I

72 2690 39 19 lost
122 2689 183 20 unconsciousness.

120 2716 25 18 In
157 2716 40 18 this
209 2716 93 18 dreadful
313 2716 100 19 condition
436 2716 11 19 I
465 2716 30 19 lin-

73 2742 62 24 gered
144 2749 25 12 on
181 2742 52 18 until
246 2742 112 19 November
368 2742 21 18 of
402 2742 40 19 last
450 2749 53 17 year,

76 2770 54 20 1892,
143 2768 57 19 when
211 2774 12 12 a
242 2766 54 21 book
315 2774 42 12 was
376 2768 36 19 left
431 2772 21 15 at
470 2775 36 12 our

72 2794 64 19 house
156 2793 72 25 telling
250 2794 23 19 of
293 2801 11 11 a
324 2794 97 19 medicine
441 2794 63 19 called

74 2820 32 19 Sei
110 2820 49 24 gel's
170 2819 72 26 Syrup.
269 2820 11 19 I
297 2820 40 19 had
355 2819 38 19 lost
409 2820 27 19 all
454 2821 51 24 hope

74 2846 22 19 of
106 2846 78 25 getting
192 2846 50 23 well,
251 2846 38 18 but
297 2853 33 17 my
338 2846 94 19 husband
441 2848 64 18 would

71 2873 55 18 have
136 2879 31 11 me
176 2875 32 21 try
218 2872 40 18 this
268 2873 104 18 medicine.
402 2873 28 18 To
440 2873 66 22 please

70 2898 46 20 him
126 2897 11 19 I
147 2898 34 18 did
192 2897 32 27 so;
240 2899 45 22 and,
298 2899 53 18 after
370 2898 72 26 taking
459 2899 16 19 it
494 2906 11 12 a

73 2925 40 18 few
123 2924 55 24 days,
188 2924 12 18 I
209 2924 38 18 felt
266 2931 12 11 a
296 2924 52 18 little
366 2925 64 19 relief.
470 2926 36 24 My

73 2949 111 26 breathing
194 2956 39 13 was
245 2950 64 18 easier
319 2950 39 18 and
369 2958 33 17 my
417 2952 89 23 appetite

72 2976 89 18 revived.
190 2975 125 24 Continuing
326 2977 48 18 with
391 2978 34 18 tho
443 2977 51 19 medi-

70 3002 47 18 •cine
128 3002 27 18 all
165 3002 47 24 pain
222 3002 107 25 gradually
339 3003 37 18 left
386 3010 37 16 me,
440 3004 39 18 and
494 3003 12 19 I

74 3034 42 13 was
126 3028 45 19 able
181 3031 20 15 to
212 3034 26 18 go
252 3028 64 19 about
332 3029 34 18 the
385 3029 63 19 house
466 3030 40 18 and

70 3054 29 19 do
110 3054 52 24 light
172 3054 61 23 work,
250 3055 35 18 the
303 3055 45 18 first
366 3055 48 19 time
437 3055 10 19 I
466 3056 40 18 had

70 3080 56 19 •done
137 3080 100 25 anything
247 3080 19 19 in
278 3081 95 23 eighteen
384 3081 86 19 months.
494 3081 12 19 I

74 3113 32 12 am
117 3113 43 12 now
171 3106 20 18 in
202 3109 52 21 good
264 3107 76 21 health,
361 3107 39 18 and
419 3107 46 19 able
486 3111 20 16 to

75 3132 25 19 do
111 3139 39 17 any
160 3132 49 18 kind
221 3133 20 17 of
248 3132 62 19 work.
348 3133 10 18 I
369 3140 42 11 owe
421 3140 33 17 my
470 3134 36 19 life

70 3162 24 15 to
106 3158 84 24 Seigel's
200 3158 73 24 Syrup,
285 3158 40 19 and
343 3159 50 18 wish
410 3166 34 17 my
461 3167 45 12 case

71 3188 23 15 to
104 3184 26 19 be
141 3183 56 19 made
340 3185 95 23 (Signed)
454 3186 52 19 Jane

73 3210 93 22 Strunks,
189 3211 33 20 22,
243 3209 42 25 Gay
289 3210 56 19 wood
371 3210 31 19 Ro
416 3211 18 22 d,
461 3212 45 18 Hoe

71 3237 75 21 Street,
165 3235 162 22 Walthamstow,
348 3243 49 12 near
416 3237 89 24 London,

73 3262 60 25 April
143 3264 31 20 20,

102 3288 33 19 No
144 3287 65 19 words
219 3288 21 18 of
256 3290 100 17 comment
374 3295 36 12 can
430 3289 25 19 be
473 3292 33 16 too

73 3317 72 21 strong
153 3314 33 20 for
195 3320 12 12 a
218 3320 44 12 case
272 3320 22 13 so
303 3315 136 19 remarkable.

73 3340 62 20 stand
145 3340 69 18 before
225 3339 15 19 it
250 3342 21 16 at
281 3346 12 12 a
303 3340 40 19 loss
357 3341 31 19 wh
395 3343 15 16 it
426 3344 21 16 to
463 3348 43 19 say.

75 3367 20 19 It
106 3367 17 18 is
133 3368 35 16 not
176 3372 12 11 a
195 3365 87 23 miracle,
292 3367 21 17 of
319 3373 76 13 course:
407 3367 98 23 although

74 3398 62 18 many
147 3398 12 12 a
168 3398 15 11 n
190 3391 62 26 puted
263 3392 80 19 miracle
354 3393 36 17 has
404 3393 52 19 been
467 3393 40 19 less

76 3417 119 19 wonderful.
225 3417 51 19 How
295 3418 16 18 is
327 3418 16 18 it
359 3419 88 24 possible
463 3420 44 18 that

75 3443 86 25 Seigel's
172 3443 65 25 Syrup
254 3443 65 23 could,
336 3445 49 17 with
404 3445 48 18 such
471 3452 24 19 ap-

76 3472 73 23 parent
159 3476 51 16 ease,
223 3469 50 18 have
282 3470 89 18 restored
383 3474 20 14 to
417 3471 67 19 health
496 3478 11 12 a

76 3502 73 19 person
160 3495 21 18 in
191 3501 21 12 so
223 3495 104 25 desperate
341 3502 12 12 a
371 3497 74 18 strait?
467 3497 41 19 Yet

76 3523 46 18 that
132 3521 15 18 it
157 3521 34 18 did
200 3525 75 14 restore
285 3521 37 19 her
332 3522 16 18 is
356 3523 82 18 certain.
465 3523 42 18 The

76 3549 53 18 facts
132 3548 52 19 have
188 3547 50 18 been
244 3547 123 24 thoroughly
374 3548 133 25 investigated

75 3574 43 19 and
129 3572 121 19 established
260 3573 80 24 beyond
350 3574 87 24 dispute.
466 3575 41 18 Mts

78 3598 84 21 Stranks
173 3605 39 12 was
223 3605 24 12 on
256 3599 34 18 the
299 3599 117 25 crumbling
425 3600 51 24 edge
486 3601 22 18 of

76 3626 35 21 the
129 3631 67 18 grave-
214 3624 39 19 and
271 3631 40 12 was
330 3625 70 19 thence
419 3626 89 25 brought

76 3651 53 20 back
140 3654 19 14 to
170 3650 34 19 tho
212 3650 69 25 region
293 3652 21 17 of
324 3651 76 22 health,
418 3652 88 24 activity,

74 3678 43 19 and
127 3676 122 25 enjoyment.
282 3676 54 19 How
353 3683 41 13 was
411 3678 15 18 it
441 3678 67 19 done?

75 3704 69 18 There
154 3703 16 17 is
184 3702 33 18 the
228 3702 71 25 simple
309 3706 69 16 secret.
417 3704 43 18 Tho
477 3704 21 18 in-

75 3730 79 18 fluenza
164 3728 37 19 left
211 3728 36 18 her
260 3728 65 18 whole
339 3733 75 19 system
431 3728 63 21 ctabili-

76 3755 53 22 ated,
142 3761 21 11 us
181 3755 14 17 it
214 3754 81 24 usually
314 3755 54 17 does.
408 3755 82 22 Indiges-

76 3782 43 18 tion
173 3780 65 18 which
271 3780 19 18 in
322 3781 35 17 the
381 3781 44 18 first
452 3781 56 24 place

71 3807 79 19 invited
189 3805 86 19 iuflueza
342 3807 93 18 attacked
471 3807 37 19 her

76 3833 49 19 with
157 3831 102 20 increased
292 3838 73 18 power.
415 3833 91 22 Asthma,

76 3860 60 18 heart
158 3857 136 23 disturbance,
331 3864 86 12 nervous
452 3865 45 18 pros-

76 3885 81 22 tration,
177 3884 35 18 tho
227 3883 94 18 inflamed
338 3884 39 18 and
397 3884 108 25 congested

76 3911 96 21 stomach,
182 3909 66 19 which
268 3916 40 11 was
325 3910 99 19 mistaken
445 3911 32 18 for
496 3916 12 13 a

78 3942 87 18 rumour,
191 3939 44 19 etc.,
264 3938 36 16 etc.
305 3936 52 18 —all
379 3936 74 19 results
466 3937 40 17 and

76 3964 112 24 symptoms
198 3962 21 17 of
234 3962 89 18 arrested
341 3961 156 25 digestion—fol-

76 3988 71 20 lowed.
175 3988 42 18 The
228 3987 78 24 private
322 3989 42 17 also
374 3988 35 18 the
419 3988 87 24 hospital

74 4017 110 17 treatment
198 4012 69 24 failed,
287 4014 86 19 because
389 4014 16 18 it
419 4019 41 13 was
477 4013 21 18 di-

75 4040 68 20 rected
162 4043 20 16 to
192 4040 35 18 the
244 4043 117 21 symptoms,
381 4042 36 16 not
435 4042 21 15 to
473 4039 34 18 the

73 4073 68 12 cause.
187 4065 86 25 Fiunlly,
304 4066 82 18 Mother
424 4064 66 25 Seige!
498 4075 10 7 o

74 4092 97 19 Ciirative
180 4094 65 22 Syrup
256 4098 40 12 was
307 4090 99 26 appealed
419 4093 26 18 to,
467 4090 39 18 and

73 4118 115 25 responded
207 4118 27 23 by
253 4118 77 24 settirg
348 4117 36 18 the
407 4115 99 25 dipestivo

65 4141 102 24 /function
178 4144 20 18 in
217 4144 112 24 operation,
350 4142 104 26 expelling
472 4141 36 19 the

539 946 73 23 poison
622 947 51 19 from
692 946 34 18 the
743 946 65 25 blood,
827 950 41 19 and
886 949 79 25 plaoing

539 971 44 20 Mrs
592 973 84 19 Strauks
687 974 20 16 at
713 971 35 19 the
759 972 51 21 head
820 976 21 18 of
853 976 37 18 her
904 975 61 19 house

539 1004 12 12 a
561 999 61 19 saved
642 1004 81 13 woman.
752 997 41 20 But
803 1000 16 19 it
828 1007 41 13 was
885 1007 12 13 a
912 1007 39 13 mar-

538 1024 34 18 vel
582 1025 27 19 all
620 1025 35 18 tho
666 1029 59 13 same.

565 1050 30 19 As
602 1053 20 16 to
632 1051 43 17 that
683 1049 39 25 pile
730 1049 21 19 of
762 1051 88 20 treasure
858 1052 75 19 hidden
944 1051 20 19 in

538 1075 35 19 the
582 1076 75 19 Andes.
694 1075 38 19 We
742 1075 72 21 should
824 1078 40 19 like
875 1081 21 16 to
912 1079 52 17 have

537 1101 23 18 it.
589 1101 39 20 Oh.
651 1107 41 19 yes.
720 1101 33 19 No
779 1108 37 14 .use
838 1104 72 24 saying
936 1110 28 12 we

538 1127 110 20 shouldn't.
677 1127 40 18 But
745 1133 22 12 as
789 1128 89 20 between
901 1129 62 19 riches

537 1154 41 18 and
603 1152 143 26 health—give
771 1159 24 14 ns
818 1155 76 19 health.
922 1155 39 18 For

537 1179 55 20 what
607 1180 65 19 would
689 1178 48 25 gold
752 1178 50 21 have
817 1181 51 20 been
886 1183 21 17 to
922 1181 41 18 Mrs

537 1204 127 20 Stranksthe
674 1205 58 25 night
746 1205 35 18 she
795 1206 32 25 lay
837 1208 75 19 behind
930 1207 33 18 the

537 1232 157 24 screen—given
704 1237 27 18 up
749 1234 20 15 to
779 1232 31 19 die
817 1234 9 17 ?
845 1234 43 19 Ask
903 1239 48 19 your-

537 1256 39 19 self
586 1258 45 19 that
641 1257 98 25 question.

560 1324 74 18 Stead's
643 1324 121 22 Masterpiece
769 1324 87 24 Library,
872 1326 91 17 Numbers

536 1347 17 19 1,
563 1347 10 17 2
582 1348 38 17 and
629 1348 10 16 3
648 1349 20 15 to
680 1347 56 21 hand,
755 1347 114 24 Threepence
885 1349 45 17 each
944 1349 20 16 at

535 1370 117 18 Chronicle
662 1370 72 17 Office*

559 1414 76 18 Several
643 1415 25 17 oil
676 1415 96 22 paintings
781 1416 19 16 of
803 1422 66 12 .scenes
878 1416 19 18 of
906 1416 47 17 inter-

534 1439 28 16 est
572 1444 45 11 near
623 1438 32 17 the
665 1439 50 16 town
724 1438 48 17 from
781 1439 31 17 the
826 1440 57 16 brush
900 1439 19 17 of
933 1439 30 16 Mr

534 1460 21 17 C.
577 1461 99 17 Blomfield
691 1466 31 11 are
735 1467 42 11 now
791 1467 24 12 on
831 1463 47 17 view
896 1464 20 15 at
931 1462 32 17 the

535 1484 118 18 Chronicle
662 1484 73 17 Office.*

557 1515 39 18 The
605 1515 75 23 Sydney
689 1515 83 17 Bulletin
781 1517 34 16 and
824 1517 32 18 the
865 1515 98 19 Auckland

534 1538 92 18 Observer
635 1545 34 11 can
677 1539 24 17 be
706 1538 87 18 obtained
800 1541 20 16 at
828 1540 31 17 the
874 1540 76 17 Chroni-

534 1566 36 12 cle
579 1562 56 18 News
644 1562 95 23 Agency.*

560 1593 43 20 The
614 1594 104 24 following
729 1599 41 12 ofcw
781 1594 62 19 books
850 1602 33 11 are
890 1601 24 12 on
922 1594 40 18 sale

534 1621 21 16 at
579 1619 118 20 Chronicle
716 1619 60 19 Office
786 1627 30 12 :
845 1620 43 19 The
906 1620 56 19 Xlth

745 1645 27 24 by
798 1646 28 20 H.
859 1646 101 23 SutclifXe;

765 1672 25 24 by
802 1673 38 18 Jbhe
854 1673 72 18 author
941 1672 21 18 of

532 1696 71 26 Trilby
611 1696 4 26 ;
661 1697 65 20 Seven
738 1697 60 20 Little

534 1723 40 19 and
657 1724 63 18 Little
860 1724 27 25 by
902 1724 60 19 Ethel

532 1749 92 24 Turner-;
661 1750 42 18 The
714 1750 55 18 Trail
786 1751 19 18 of
820 1751 34 19 the

533 1775 27 25 by
570 1775 78 19 Gilbert
657 1776 82 23 Parker,
753 1777 38 23 &c,
800 1778 35 18 -&c.

623 1852 81 26 THE
723 1853 134 26 MAILS.

563 1937 147 20 ROTORUA
722 1938 73 18 POST
814 1938 114 19 OFFICE.

598 1986 71 19 Mails
678 1986 61 19 close
749 1992 26 13 as
783 1987 73 19 under
865 1994 27 12 :

701 2022 97 18 Monday.

531 2059 45 18 For
592 2058 125 19 Auckland
739 2059 46 18 and
800 2058 160 20 intermediate

588 2082 84 22 offices,
684 2081 54 19 7.30
746 2087 51 14 a.m.

553 2119 11 4 ..
591 2105 30 18 Te
630 2105 71 23 Ngn.p..
718 2105 31 14 Tft
763 2105 63 18 Puke
842 2105 45 18 and
903 2106 57 18 East

593 2128 72 18 Coast
675 2128 82 22 offices,
768 2128 52 19 7.30
831 2133 53 18 p.m.

696 2160 101 17 Tuesday.

530 2190 45 19 For
591 2191 126 18 Auckland
732 2191 48 18 and
799 2191 160 19 intermediate

591 2213 84 23 offices,
684 2214 54 18 6.30
746 2220 16 12 a
768 2219 29 14 in.

551 2251 12 8 „
590 2237 122 23 Tauranga
725 2238 39 17 via
779 2238 30 18 Te
826 2238 65 18 Puke
906 2238 53 19 6.30

590 2265 52 14 a.m.

551 2298 11 7 „
589 2283 169 19 Rotomaßoad
765 2284 76 23 Camp,
848 2285 53 18 9.30
907 2290 50 13 a.m.

551 2321 11 8 „
590 2307 97 18 Galatea
695 2307 46 18 and
756 2307 133 23 Waiotapu,
906 2307 53 19 7.30

590 2335 53 17 p.m.

551 2368 11 7 „
589 2354 85 23 Taupo,
692 2352 122 23 Atiamuri,
833 2353 124 24 Wairakei,

590 2377 46 18 and
645 2376 92 23 Napier,
748 2376 53 19 7.30
812 2382 54 17 p.m.

673 2408 139 19 Wednesday.

527 2439 45 19 For
582 2440 127 18 Auckland
729 2440 47 18 and
798 2440 160 20 intermediate

590 2463 84 22 offices,
686 2463 53 19 7.30
748 2469 52 14 a.m.

684 2492 118 19 Thtosday.

528 2533 44 18 For
588 2532 127 19 Auckland
731 2532 46 18 and
799 2532 160 19 intermediate

590 2555 84 22 offices,
686 2556 54 17 6.30
748 2561 52 13 ajn.

551 2593 11 8 „
588 2579 124 22 Tauranga
718 2578 39 18 via
762 2579 75 22 Oropi,
847 2577 52 20 7.30
907 2585 50 13 a.m.

551 2617 11 8 „
589 2602 30 18 Te
628 2601 72 24 Ngae,
712 2602 30 18 Te
757 2602 70 22 Puke,
843 2602 46 18 and
903 2603 56 18 East

590 2626 71 17 Coast
670 2625 83 22 offices,
774 2624 54 20 7.30
836 2630 53 18 p.m.

701 2657 87 17 Friday.

528 2693 45 19 For
582 2693 128 23 Tauranga,
727 2692 38 19 via
778 2693 31 18 Te
825 2693 66 18 Puke
906 2693 54 19 6.30

590 2721 52 14 a.m.

550 2755 11 8 „
587 2739 126 19 Auckland
734 2739 45 18 and
800 2739 159 19 intermediate

589 2763 83 21 offices,
684 2761 54 19 7.30
746 2767 51 13 a.m.

551 2801 11 8 „
588 2786 86 22 Taupo,
695 2785 122 20 Atiamuri.
836 2784 45 19 and-

590 2808 71 23 rakei,
672 2808 55 19 7.30
734 2813 54 17 p.m.

527 2872 52 18 THE
593 2870 117 18 ENGLISH.
722 2869 66 17 MAIL
804 2873 35 13 via
854 2869 105 19 'FRISCO.

553 2925 80 18 Closes
647 2923 110 22 Rotorua,
774 2923 91 23 Friday,
879 2922 81 20 March

528 2949 35 21 20,
578 2949 26 17 at
620 2946 55 19 7.30
692 2951 58 17 a.m.,
766 2946 45 19 due
825 2946 24 18 in
864 2946 95 19 London

527 2971 66 24 April
602 2970 36 19 21.

558 3013 62 18 POST
634 3011 93 18 OFFICE
742 3011 185 18 REGULATIONS.

551 3063 46 18 The
607 3060 71 20 Office
688 3059 19 19 is
717 3064 59 18 open
786 3059 35 19 for
830 3060 40 18 the
880 3060 47 18 sale
936 3061 25 18 of

527 3088 96 20 stamps,
635 3083 103 23 delivery
752 3083 46 17 and
811 3083 148 23 registration

527 3110 27 18 of
559 3109 88 20 letters,
658 3106 88 22 receipt
761 3106 25 17 of
798 3106 95 22 parcels,
911 3107 46 23 &c,

529 3134 59 18 from
597 3132 15 18 9
621 3135 52 14 a.m.
684 3130 25 17 to
719 3130 14 17 5
743 3134 52 17 p.m.

552 3156 45 19 For
614 3158 87 17 money
718 3152 66 18 order
800 3152 47 18 and
865 3153 94 24 savings

527 3179 64 19 bank
603 3177 115 20 business,
733 3175 15 18 9
763 3180 52 13 a.m.
832 3176 26 17 to
875 3176 14 18 4
905 3182 54 17 p.m.

528 3201 136 26 Saturdays,
675 3199 16 18 9
699 3203 52 14 a.m.
761 3199 25 17 to
795 3199 15 17 5
819 3203 53 18 p.m.

551 3226 46 18 For
605 3221 122 24 telegraph
743 3221 114 21 business,
872 3222 59 19 from
945 3223 15 18 9

527 3254 52 13 a.m.
589 3248 25 18 to
624 3247 15 18 5
649 3250 54 19 p.m.

552 3271 99 21 Letters,
662 3267 76 20 books
754 3267 46 18 and
812 3273 148 19 newspapers

528 3301 44 13 can
575 3295 28 17 be
609 3291 128 25 registered
744 3291 25 17 to
777 3296 46 18 any
831 3292 53 22 part
889 3292 26 17 of
920 3292 40 18 the

528 3317 72 20 world
610 3321 31 13 on
649 3315 113 24 payment
771 3318 24 14 oi
811 3318 14 14 a
838 3314 35 18 fee
889 3315 26 18 of
929 3316 31 18 3d

527 3342 25 18 in
558 3339 105 21 addition
670 3339 26 17 to
701 3337 37 19 the
745 3337 108 23 ordinary
856 3339 103 22 postage.

552 3365 46 18 The
609 3362 70 19 Office
689 3360 47 19 will
746 3365 94 18 re-open
854 3366 30 13 on
892 3361 55 19 Tues-

529 3389 62 23 days,
611 3384 134 22 Thursdays
765 3383 46 18 and
832 3384 128 24 Saturdays

529 3409 55 26 only
588 3410 35 18 for
631 3409 29 18 15
664 3407 103 19 minutes
775 3407 34 17 for
816 3407 40 17 the
860 3407 101 24 delivery

529 3434 26 19 of
569 3433 82 19 letters
665 3431 60 17 after
738 3430 41 17 the
793 3429 55 18 mail
860 3431 101 23 arriving

529 3459 26 17 at
564 3456 54 19 4.40
626 3459 53 18 p.m.
690 3454 20 17 is
720 3453 84 18 sorted.

676 3477 27 18 R.
716 3475 27 19 D.
762 3475 128 24 DANSEY,

786 3499 151 19 Postmaster.

1113 85 145 34 THEJHOT
1285 88 92 21 L£KES
1405 90 171 27 CHROJTCCEE,
1605 91 158 26 SATURDAY,
1789 94 158 21 PEBEUAET
1975 97 31 22 20,
2023 96 48 19 1897

531 3565 43 44 IF
587 3563 60 20 YOU
668 3561 58 20 AEE
748 3561 64 19 SICK
828 3562 21 18 in
862 3567 40 20 any
917 3569 45 18 way

584 3590 102 19 ■whatever
701 3588 49 17 send
767 3595 12 11 a
794 3587 92 25 stamped
901 3594 49 13 enve-

530 3617 46 25 lope
586 3619 20 16 to
616 3621 37 12 our
663 3612 89 26 Agency,
764 3613 136 25 Wellington;
911 3616 51 17 state

530 3645 35 17 the
575 3648 44 13 case
629 3647 22 12 as
668 3639 98 25 minutely
774 3646 23 11 as
814 3639 89 25 possible
921 3640 41 19 and

530 3675 39 12 von
586 3666 77 20 receive
682 3665 69 18 advice
770 3666 27 24 by
820 3667 69 16 roturn
909 3670 51 20 post.

531 3696 42 18 Our
583 3697 71 21 agents
669 3697 34 13 are
714 3690 27 20 all
752 3690 101 26 qualified.
886 3691 21 19 If
920 3697 42 19 you

531 3720 77 19 enclose
619 3720 22 16 2s
658 3718 25 18 Gd
701 3723 28 12 we
746 3717 40 19 will
803 3717 49 19 send
867 3723 40 18 you
925 3724 37 12 our

531 3747 45 18 best
584 3743 83 24 remedy
677 3744 31 18 for
717 3743 35 18 the
767 3749 44 13 case
829 3743 78 25 lasting
920 3750 42 17 you

530 3777 39 14 two
592 3769 73 21 weeks.
703 3769 45 18 You
767 3775 47 13 save
832 3775 73 19 money
922 3770 40 18 and

530 3797 85 20 doctors'
626 3795 54 19 bills.
707 3795 48 19 You
764 3796 76 18 receive
858 3795 68 19 advice
936 3802 26 12 on

530 3824 29 18 all
567 3823 74 25 points,
654 3820 40 19 and
704 3821 34 18 tho
747 3824 69 21 purest
827 3821 21 18 of
864 3821 98 19 remedies

531 3854 50 17 sent,
591 3850 20 16 at
619 3854 26 12 no
652 3849 57 16 extra
716 3849 41 16 cost
767 3847 49 19 than
823 3846 17 19 if
847 3847 115 24 personally

531 3875 85 24 bought,
623 3873 28 23 by
660 3873 62 24 doing
729 3878 51 18 your
783 3872 92 19 business
882 3873 49 18 with
938 3878 24 13 us

530 3901 27 21 bv
567 3901 52 24 post.
647 3898 85 20 Consult
745 3901 19 16 at
775 3905 53 12 once.
862 3898 100 19 Ailments

531 3927 64 19 which
606 3932 40 16 are,
658 3928 21 15 at
686 3925 34 18 the
731 3924 47 19 time
794 3924 89 24 thought
898 3927 21 16 to
936 3924 26 19 be

529 3953 60 24 light,
600 3958 33 13 are
644 3951 55 18 often
709 3950 34 19 the
754 3950 113 25 beginning
876 3950 20 18 of
913 3950 40 19 seri-

530 3985 36 12 ous
576 3983 154 18 consequences,
741 3976 65 19 which
825 3976 16 18 if
860 3975 61 19 taken
941 3976 21 18 in

530 4005 48 18 time
589 4009 34 14 are
632 4002 87 19 checked
731 4002 39 18 and
780 4001 67 19 cured.

530 4042 169 21 GEEATFOED
714 4040 159 21 BOTANICAL
892 4040 68 24 COY.,

633 4081 150 22 Wellington,
794 4078 41 20 and
844 4080 22 18 at

551 4116 83 23 Sydney,
644 4115 117 19 Melbourne,
771 4113 50 23 Cape
827 4112 64 18 Town,
901 4113 38 18 and

651 4138 86 19 Lincoln,
748 4136 96 21 England.

1296 167 44 9 XilX

1312 236 11 10 r--

989 246 34 23 42

1203 307 29 21 m

755 336 32 17 6&H

1215 381 45 25 «Ra

1293 407 20 14 :v

862 436 27 12 »rtW

1168 472 33 14 fcii

1209 483 5 11 :
1226 476 14 12 ;jr
1240 480 11 14 v.

1343 476 30 18 &?

665 546 28 17 K&

914 555 3 12 ••
923 558 7 9 i.

742 635 4 21 r
747 635 29 21 ?35

892 701 27 25 M

917 721 36 23 m

1100 735 27 30 m

1189 727 1 12 ■
1195 727 4 12 -.
1204 733 9 6 *.•

802 748 51 27 '.4'f'f

1145 775 106 44 IHtl

836 781 13 10 '-a
853 779 22 13 is<

1026 954 142 46 NEW
1190 955 196 47 BOOKS

984 1019 70 41 FOR
1075 1019 155 42 HOLIDAY
1248 1020 166 42 BEADING.

1307 1106 55 21 Paper
1367 1107 49 15 Cloth

985 1135 45 15 Kate
1039 1134 85 20 Carnegie
1132 1134 34 16 and
1178 1134 57 17 Those
1243 1135 89 17 Ministers

1197 1155 35 17 'lan
1244 1157 87 16 Maclareii
1408 1159 8 14 0

985 1176 36 16 The
1029 1176 46 20 Grey
1084 1176 48 19 Man,
1159 1190 17 4 ...
1190 1176 16 19 S.
1219 1177 23 17 R.
1251 1178 81 16 Crockett
1343 1180 9 14 2
1365 1180 30 14 G3
1407 1180 10 14 G

985 1197 111 16 Sentimental
1104 1197 72 21 Tommy
1216 1199 17 16 J.
1244 1199 26 16 M.
1279 1199 59 16 Bnrrie
1350 1201 27 14 20
1390 1201 9 14 3
1408 1202 9 13 U

986 1219 70 20 Rodney
1065 1219 52 15 Scone
1127 1232 17 3 ...
1183 1220 22 15 A.
1216 1220 58 15 Couiiti
1284 1220 54 21 Doyle
1351 1222 27 14 2G
1390 1223 9 14 3
1408 1223 9 14 G

985 1240 36 15 Tne
1027 1241 54 15 Green
1091 1239 41 17 Man
1193 1241 23 15 .S.
1228 1242 21 15 K.
1254 1241 84 17 'Crockett
1348 1244 12 13 2
1369 1244 9 12 li
1390 1244 9 14 3
1408 1245 8 13 G

985 1261 121 16 Tlie«Sealskiu
1115 1261 59 19 Cloak,
1218 1262 113 17 Boldrewool
1344 1265 9 14 2
1365 1265 9 14 6
1387 1265 8 14 3
1407 1265 10 15 9

985 1282 36 16 The
1029 1282 63 20 Lights
1101 1283 18 15 of
1127 1282 69 21 Sydney
1233 1284 15 15 L
1264 1284 67 16 Turner
1342 1286 31 14 20
1386 1287 9 14 3
1408 1288 9 13 G

986 1303 52 16 What
1047 1303 53 18 Cheer
1199 1305 52 16 Clark
1259 1305 68 16 Russell
1340 1308 9 13 2
1357 1308 14 13 -G
1386 1308 9 14 3
1407 1308 10 14 6

985 1324 27 16 Sir
1021 1324 66 21 George
1098 1324 90 21 Tressady,
1198 1326 36 16 Mrs
1244 1326 24 16 11.
1277 1327 52 15 Ward
1342 1329 9 14 2
1364 1329 9 14 G
1386 1329 9 15 3
1408 1330 8 13 G

985 1345 36 16 The
1037 1345 81 21 Martian,
1134 1352 9 9 a
1159 1352 38 10 new
1212 1347 50 16 novel
1277 1348 21 20 by
1314 1348 28 16 Du

1028 1367 81 20 Maurier,
1129 1369 63 14 author
1207 1369 19 14 of
1242 1369 94 21 "THlliy"'
1350 1372 9 13 2
1369 1371 9 14 6
1390 1371 9 15 3
1407 1372 9 13 6

985 1387 69 16 Cameos
1082 1401 18 4 ...
1147 1401 18 5 ...
1211 1390 55 16 Marie
1276 1391 62 16 Coielli
1350 1393 27 14 2G
1390 1394 8 14 3
1407 1394 9 14 G

985 1409 36 16 The
1036 1409 71 21 Mighty
1122 1409 52 16 Atom
1270 1424 12 8 ~
1351 1415 9 14 2
1369 1415 9 14 6
1390 1415 9 14 3
1407 1415 9 14 6

984 1430 36 16 The
1028 1430 75 17 Sorrows
1112 1431 19 15 of
1138 1430 53 18 Satan
1272 1446 11 7 ~
1350 1435 9 15 2
1369 1437 9 13 6
1390 1437 9 13 3
1407 1437 9 14 6

984 1451 112 19 Barabbas...
1142 1465 18 5 ...
1267 1467 16 7 ~,
1350 1457 10 14 2
1369 1456 9 15 6
1390 1458 9 14 3
1407 1458 9 14 6

985 1473 85 16 Vendetta
1214 1475 56 16 Marie
1277 1476 62 17 Corelli
1350 1478 9 14 2
1369 1479 9 14 6
1390 1479 8 14 3
1407 1479 9 14 6

985 1495 70 15 Theiina
1351 1500 9 14 2
1369 1500 47 14 0-36

983 1516 68 15 Ardath
1181 1530 19 5 ...
1349 1521 10 14 2
1369 1521 9 14 6
1390 1521 9 15 3
1408 1522 8 14 6

983 1536 36 17 The
1027 1536 41 17 Soul
1076 1537 18 16 of
1104 1537 55 17 Lilith
1176 1551 19 5 ...
1270 1552 12 8 ~
1348 1542 10 15 2
1367 1543 9 13 G
1389 1543 8 14 3
1407 1543 9 14 6

985 1558 107 16 Wormwood
1111 1572 18 5 ...
1176 1573 17 4 ...
1349 1564 9 14 2
1367 1564 9 13 6
1389 1564 8 14 3
1407 1564 9 14 6

983 1580 67 16 Behind
1059 1580 28 16 the
1096 1580 58 21 Magic.
1162 1581 63 16 Mirror
1277 1583 61 16 Birrell
1350 1585 9 14 2
1367 1585 10 14 6
1390 1585 8 15 3
1407 1587 9 14 6

983 1601 269 18 TheEleventh'Commandmont
1253 1613 10 9 v
1263 1604 79 16 Sutcliffe
1350 1608 6 12 I
1366 1607 10 13 6
1390 1607 7 15 3
1407 1608 8 14 G

983 1623 15 15 A
1004 1622 63 17 Victim
1073 1623 17 16 of
1097 1623 48 16 Good
1150 1623 55 20 Luck,
1213 1624 21 16 W
1248 1625 21 17 E,
1276 1625 60 16 Norris
1348 1628 28 14 2iG

982 1644 37 16 The
1026 1644 55 16 Wood
1085 1645 72 20 Beyond
1164 1646 28 16 the
1198 1645 67 20 World,
1274 1647 64 16 Mornis
1349 1649 9 14 2
1367 1649 9 14 G

982 1666 70 20 Among
1059 1665 28 16 the
1095 1665 65 17 Freaks
1211 1667 28 16 W.
1248 1667 22 16 L.
1280 1669 56 15 Alden
1349 1670 8 14 2
1367 1671 9 14 6
1389 1671 8 15 3
1407 1671 8 15 6

983 1687 35 16 Oat
1025 1688 19 14 of
1049 1687 38 16 Duo
1093 1687 62 16 Season
1172 1688 73 17 Adeline
1252 1689 83 21 Sergeaut
1345 1692 13 15 S.
1367 1692 9 15 6

981 1708 98 16 Transition
1208 1709 22 17 G.
1240 1710 20 16 F.
1270 1711 66 16 Brooke
1349 1714 9 14 2
1367 1714 9 10 «

982 1729 36 16 The
1021 1729 54 16 Years
1082 1729 38 16 that
1125 1730 28 16 the
1161 1731 64 16 Locust
1233 1732 44 16 hath
1286 1733 54 16 Eaten

1127 1753 56 15 Annie
1191 1752 21 16 E.
1222 1752 114 18 Holdsworth
1348 1756 9 15 2
1367 1756 9 14 6
1388 1756 9 15 3
1406 1757 8 14 G

983 1771 52 17 Isban
1042 1772 55 16 Israel
1113 1773 16 21 (a
1138 1773 54 16 South
1201 1775 72 15 African
1283 1775 11 16 S
1303 1777 36 19 ory)

1192 1795 67 21 George
1268 1797 68 15 Cos-ins
1388 1799 26 14 3'6

983 1815 28 15 Mr
1019 1815 58 19 Bailey
1086 1815 65 17 Martin
1171 1829 18 5 ...
1213 1817 54 21 Percy
1277 1818 59 16 White
1348 1820 9 14 2
1367 1820 8 14 6
1388 1820 9 14 8
1406 1821 8 13 6

983 1838 14 13 A
1008 1836 56 16 Home
1072 1837 16 15 in
1098 1837 81 16 Inveresk
1219 1838 20 17 T.
1250 1839 20 16 L.
1281 1839 55 16 l'atou
1348 1842 26 14 2't>
1388 1842 9 14 3
1406 1842 8 14 G

981 1857 37 16 The
1026 1858 55 16 Green
1089 1858 66 16 Proves
1170 1859 18 15 of
1201 1859 99 21 Balgowrie

1185 1881 17 16 J.
1212 1881 25 16 H.
1246 1881 90 17 Findlater
1347 1884 28 14 2.6
1387 1884 9 14 3
1406 1884 8 14 6

981 1901 26 15 Dr
1016 1900 111 21 Congalton's
1137 1901 69 22 Legacy
1215 1902 25 17 H.
1249 1903 86 16 Johnston
1348 1905 9 14 2
1366 1905 8 14 6
1388 1905 26 14 3'6

981 1922 37 16 The
1026 1922 49 20 King
1082 1923 18 15 of
1110 1923 91 16 Andaman
1265 1925 69 16 Cobban
1347 1926 9 14 2
1366 1927 8 14 6
1388 1927 8 14 3
1405 1927 9 14 6

981 1946 16 13 A
1006 1943 42 16 Man
1057 1943 18 16 of
1082 1944 29 15 the
1120 1945 61 20 Fjords
1296 1946 42 16 Deir
1388 1948 8 14 3
1406 1948 8 14 6

981 1964 42 20 Cleg
1032 1964 52 21 Kelly
1174 1979 17 4 ...
1203 1966 46 16 SR.
1256 1966 80 17 Crockett
1347 1968 27 15 2'6
1387 1969 9 14 3
1405 1970 9 13 6

981 1986 48 21 Lady
1038 1986 154 22 Val'sElopemeiit
1198 1988 19 15 J.
1230 1988 106 21 Bickeidyke
1347 1990 8 14 2
1365 1990 9 14 6
1387 1990 9 14 3
1404 1990 9 14 6

980 2008 37 16 The
1025 2008 93 21 Expiation
1127 2008 83 21 ofWynn
1219 2009 74 16 P<lisser

1232 2030 21 17 B.
1264 2031 72 16 Mitfoid
1348 2032 9 15 2
1366 2032 8 15 6

981 2052 15 14 A
1005 2051 78 16 Humble
1091 2051 104 20 Enterprise.
1205 2052 20 16 A.
1232 2052 103 19 Cambridge
1348 2055 8 13 2
1366 2055 8 14 G
1387 2054 8 14 3
1404 2055 9 14 6

980 2072 36 16 The
1025 2073 87 15 Beautiful
1122 2073 59 16 White
1189 2073 56 20 Devil,
1256 2074 79 21 Boothby
1347 2076 9 14 2
1365 2076 9 14 6
1387 2076 8 14 3
1404 2076 9 14 6

981 2095 15 14 A
1004 2093 33 16 Bid
1045 2094 27 16 for
1080 2094 77 16 Fortuuo
1289 2107 10 5 ..
1345 2097 10 14 2
1364 2097 8 14 6
1386 2098 8 12 •<
1404 2097 9 14 6

981 2114 19 16 In
1010 2119 74 14 otrange
1092 2117 89 19 (Joinpany
1289 2128 10 9 ~
1346 2118 9 15 2
1365 2118 9 14 6
1386 2117 9 15 3
1404 2118 13 14 6'

979 2136 37 16 The
1026 2136 87 20 Marriage
1121 2138 17 14 ot
1147 2137 64 15 Esther
1290 2150 11 7 ~
1347 2139 8 15 2
1366 2140 8 14 6
1387 2139 8 15 3
1404 2140 13 19 6,

980 2157 36 16 The
1025 2157 82 16 Tremlett
1115 2157 97 16 Dimnonds
1235 2158 26 16 St.
1272 2159 62 21 Anbyu
1386 2161 9 14 3
1404 2161 9 14 6

981 2178 19 16 In
1008 2178 57 16 Haste
1072 2179 33 15 and
1110 2183 17 12 at
1132 2178 70 17 Leisure
1211 2180 21 16 E.
1241 2180 20 16 L.
1270 2180 64 16 Linton
1347 2182 26 14 2'fi

979 2200 37 15 The
1025 2200 65 16 Master
1223 2202 17 15 1.
1246 2201 89 19 JZangTvill
1386 2203 9 14 3
1404 2200 13 20 6'

981 2222 15 14 A
1004 2221 108 16 JKomanceof
1115 2222 42 15 Two
1163 2222 67 15 Worlds
1242 2222 23 17 M,
1272 2224 61 15 Corelli
1346 2224 9 15 2
1364 2224 9 15 6
1386 2225 9 13 3
1404 2225 9 13 6

979 2242 46 15 Jude
1033 2243 29 15 the
1072 2243 75 15 Obscure
1188 2244 75 16 Thomas
1272 2244 60 21 Hardy
1346 2246 27 14 2G
1386 2246 9 14 3
1403 2246 10 14 G

980 2264 20 15 In
1010 2264 29 20 tjie
1048 2264 48 20 Days
1105 2265 17 14 of
1131 2264 93 21 Adversity
1263 2265 66 16 Burton
1386 2267 9 14 3
1404 2267 9 14 6

979 2284 37 16 The
1024 2284 56 16 Jfeart
1088 2286 19 14 of
1116 2286 29 15 the
1157 2285 59 17 World
1247 2286 87 21 Haggard
1346 2288 27 15 26
1386 2288 9 15 3
1404 2288 9 14 6

979 2306 37 15 The
1025 2307 91 19 Courtship
1124 2307 18 15 of
1151 2307 64 16 Morice
1223 2307 75 16 Bickler

1241 2330 21 14 A.
1273 2329 59 16 Mason
1346 2330 8 15 2
1364 2331 9 14 6
1386 2331 8 14 3
1404 2331 8 14 6

979 2349 37 16 The
1023 2349 57 21 Light
1088 2349 39 15 that
1134 2349 59 17 Failed
1245 2351 89 20 Kippling
1346 2352 9 14 2
1364 2352 8 14 6
1385 2352 9 14 3
1404 2352 8 14 6

1037 2376 39 16 Add
1084 2376 81 21 Postage,
1174 2377 21 15 2d
1205 2377 18 15 in
1232 2378 29 15 the
1269 2377 83 21 Shilling,

1014 2425 82 18 OiIDESS
1109 2429 39 13 FOR
1160 2430 66 13 ABOVE
1242 2429 101 14 RECEIVED
1358 2428 20 15 at

1070 2448 149 18 CHRONICLE
1233 2449 80 18 Office.

983 2515 50 46 R.
1073 2515 337 51 SPRECJtLEY,

1080 2572 52 17 Next
1141 2572 32 17 the
1188 2572 46 18 Post
1247 2573 63 19 Office,

979 2603 237 22 SHORTLAND-ST,
1230 2603 181 19 AUCKLAND.

1025 2635 80 22 Agent
1111 2634 35 19 for
1152 2635 94 18 Gordon
1253 2635 20 18 &
1283 2636 82 19 Gotch.

1003 2697 52 46 G.
1094 2697 298 46 BURTON'S

983 2778 220 23 PIONEER
1244 2779 168 24 STORE.

1058 2822 102 24 Opposite
1176 2822 73 19 Palace
1266 2822 67 20 Hotel.

980 2872 137 25 GROCERY,

1020 2912 137 21 OILMEN'S
1174 2912 110 25 sTORFS,

1060 2951 220 24 IRONMONGERY,

1111 2991 252 23 CROCKERYWARE,

1163 3031 145 25 DRAPERY,
1326 3033 42 23 &c,
1378 3033 35 19 &c-

1026 3071 75 20 NEW
1114 3071 143 20 SEASON'S
1267 3071 100 20 GOODS

1124 3111 47 21 Just
1181 3115 20 17 to
1211 3112 61 20 hands

1008 3159 17 16 A.
1041 3156 148 19 well-assorted
1207 3156 57 19 stock
1282 3156 21 19 in
1320 3156 25 20 all
1362 3156 52 20 lines

980 3183 21 19 of
1012 3183 34 19 the
1054 3183 63 18 ahove
1127 3186 21 15 at
1157 3182 73 19 lowest
1241 3184 71 22 prices*

981 3227 49 19 New
1042 3226 86 19 Zealand
1136 3226 65 24 Dairy
1211 3225 147 20 Aspoeiahon'n
1366 3226 36 19 Fac-

1016 3255 46 21 tory
1074 3251 74 20 Butler
1159 3252 54 19 fresh
1223 3251 59 20 tivico
1293 3252 82 25 weekly.

1056 3287 49 19 New
1116 3286 51 19 Laid
1178 3286 61 22 Eses,
1249 3287 44 22 &c,
1305 3287 34 18 Ac.

1086 3339 224 20 MASSAGE.

1023 3420 53 21 TISS
1095 3420 115 19 ERASER,
1222 3420 97 25 qualified
1336 3421 79 19 Ameri-

985 3442 49 20 UJL
1061 3453 38 11 c'.n
1116 3446 112 23 Masseuse,
1249 3445 18 19 is
1275 3447 140 24 permanently

982 3472 78 19 located
1076 3473 21 17 in
1113 3472 98 18 Rotorua.
1249 3472 40 19 She
1315 3473 37 19 has
1374 3473 41 19 had

982 3497 138 19 considerable
1134 3497 117 25 experience
1261 3498 21 18 in
1299 3499 35 18 the
1352 3500 54 18 treat-

982 3526 56 16 ment
1057 3524 22 18 of
1094 3523 64 19 ladies
1167 3523 40 19 nnd
1218 3524 115 22 gentlemen
1343 3524 62 20 suffer-

982 3550 36 23 ing
1027 3550 52 18 from
1098 3549 90 23 Sciatica,
1206 3549 149 23 Rheumatism,
1368 3550 48 20 Stiff

981 3575 74 23 Joints,
1077 3575 114 25 Dyspepsia
1209 3575 41 19 and
1268 3575 29 20 all
1314 3576 62 19 forms
1394 3577 22 19 of

981 3601 94 19 Nervous
1091 3601 113 19 Disorders.

1030 3643 102 19 Address:
1147 3642 99 20 GRAND
1260 3643 100 20 HOTEL.

1007 3697 12 7 ~
1082 3685 40 15 3.15
1131 3689 46 16 p.m.
1200 3684 3 22 |
1225 3685 91 19 Eotorua,
1370 3687 52 15 arrivi

998 3744 95 20 ances
1105 3739 158 31 arranged
1275 3739 49 25 for
1337 3740 34 25 at
1382 3739 40 28 th

998 3775 83 26 LES:
1100 3775 167 26 Tutanekai
1297 3775 111 31 Street,

998 3815 41 33 irpd
1056 3815 95 28 <§addle
1169 3816 93 32 gorges
1277 3824 32 24 or?
1327 3816 51 24 f-iipe
1395 3824 27 24 orj

1041 3857 129 16 TERMS
1198 3857 216 17 WODERHTe,

999 3894 53 16 urns
1063 3886 53 23 arid
1124 3886 100 23 Letters
1231 3887 150 29 punctually
1395 3889 27 21 at

1014 3989 408 64 mmiwm

1021 4071 171 41 •aetors
1215 4065 77 46 for
1305 4066 111 48 Me&

1437 157 2 47 1
1503 159 29 39 J.
1561 157 259 47 McSRTHUR,

1447 209 205 26 ACCOUNTANT
1664 211 60 24 AND
1739 211 138 25 GENERAL

1604 237 109 24 AGENT.

1468 284 129 17 Tradesmen's
1606 285 62 17 Books
1681 285 51 22 kept,
1749 284 92 18 balanced
1856 291 21 11 or

1446 306 83 18 audited.

1468 338 94 18 Accounts
1576 339 56 17 made
1648 340 34 17 out
1698 339 37 17 and
1750 339 90 17 collected
1853 344 24 12 on

1445 361 124 17 commission.

1456 387 115 24 Temporary
1577 387 84 24 address:
1675 389 117 17 CnnoxiCLE
1801 388 62 18 Office.

1441 899 206 42 SOHETHM
1674 900 50 41 'TO
1753 899 119 42 MAD!

1441 1041 243 57 Supplied
1707 1042 129 56 Regu-

1517 1146 130 56 larly
1667 1146 129 45 from

1517 1425 275 37 OFFice.

1488 1500 195 33 Canterbury
1714 1500 108 31 Times,

1484 1541 221 27 Christchurch
1735 1542 92 31 Press,

1494 1583 75 26 New
1582 1583 136 27 Zealand

1530 1625 111 32 Family
1657 1625 126 30 Reader,

1452 1665 110 33 Young
1580 1665 120 27 Ladies'
1714 1665 141 32 Journal,
1876 1662 1 36 I

1503 1707 94 26 Blac'k
1623 1708 60 25 and
1695 1705 109 33 White,

1440 1748 172 26 Illustrated
1635 1748 124 26 London
1776 1748 94 32 News,

1437 1788 63 27 The
1520 1790 116 30 Album,
1667 1789 67 26 The
1748 1790 122 31 Sketch,

1516 1832 121 31 Sydney
1658 1831 134 31 Bulletin,

1688 1872 74 30 Mail,

1491 1913 91 26 Town
1596 1914 60 26 and
1668 1914 147 32 Country,

1545 1955 219 31 Australasian.,

1593 1995 133 32 Referee,

1437 2038 230 32 Cosmopolitan
1702 2037 168 33 Magazine,

1534 2079 116 26 Strand

1511 2119 145 27 Windsor
1757 2140 12 10 „

1512 2162 144 32 Ludga'te
1758 2182 11 10 „

1490 2203 118 26 Review
1628 2204 33 25 of
1677 2201 143 32 Reviews,

1502 2244 127 26 Woman
1649 2246 33 24 at
1699 2244 104 31 Home,

1435 2285 292 27 Weldon'sFashion
1743 2284 124 28 Journal

1470 2326 128 27 Schild's
1615 2327 127 26 Fashion
1790 2347 12 10 „

1481 2368 181 33 Something
1683 2370 34 24 to
1733 2368 91 31 Read,

1435 2409 184 33 Snapshots,
1641 2410 148 29 Answers,
1809 2408 45 27 Tit-

1515 2451 68 30 bits,
1597 2451 124 32 Scraps,
1742 2451 51 25 &c.

1435 2502 65 26 And
1515 2502 37 26 all
1568 2502 99 26 Home
1684 2500 61 28 and
1761 2500 89 27 Colon-

1453 2552 35 25 ial
1505 2552 114 31 Papers
1632 2552 24 25 &
1668 2551 183 32 Magazines.

1601 2723 102 22 ths

1435 2781 251 43 MASTERPIECE
1702 2782 164 41 LIBRARY,

1434 2885 144 33 Popular
1589 2884 132 32 Novels,

1470 2947 64 25 The
1548 2947 117 31 Penny
1678 2946 105 31 Poets,

1503 3008 110 26 Books
1625 3008 50 26 for
1681 3008 54 26 the
1745 3007 125 29 Bairns,

1437 3179 197 46 Jewries
1676 3179 194 45 Famous

1578 3265 162 46 Books.

1439 3459 220 41 BROADER
1677 3453 218 46 BRITAIN''

1437 3542 31 26 A
1496 3540 178 28 Collection
1698 3538 34 27 of
1755 3534 140 34 Photo-!,':

1503 3600 134 33 graphic
1653 3599 109 27 Views
1775 3599 34 26 of
1879 3602 16 38 f

1554 3659 55 26 the
1879 3661 16 22 L

2056 3537 160 24 ROTOSI/A.

1941 3759 49 23 (One
1997 3760 88 17 minute's
2093 3761 50 16 walk
2151 3761 49 17 from
2207 3762 32 17 the
2246 3763 72 17 Govern-

2069 3785 53 16 ment
2130 3784 75 23 Baths.)

1944 3921 45 23 35s
1998 3928 45 22 per
2062 3923 87 28 week;
2169 3923 29 23 6s
2212 3931 47 21 per
2267 3925 58 29 day.

1945 3967 61 23 Two
2017 3968 89 23 weeks
2116 3975 28 16 or
2154 3969 99 29 longer,
2270 3970 55 23 30s.

1954 4065 28 32 C.
2015 4066 135 33 HAWKER
2177 4068 141 38 WILSON,

2045 4118 193 21 PEOrEIETOP.I

1025 4220 102 38 Ask
1158 4220 72 38 for
1255 4219 267 38 Bancock's
1553 4219 193 38 Celebra

2007 159 154 55 THE
2213 164 459 73 HOT_LAKES
2678 233 10 11 o
2695 163 452 81 JBJSfRTctT

2133 243 90 21 Tourists
2233 245 42 19 and
2286 245 91 20 Invalids
2386 247 84 26 visiting
2479 248 35 19 the
2524 249 138 21 Wonderland
2672 252 21 18 of
2702 253 49 19 New
2761 254 89 20 Zealand
2860 256 40 19 will
2906 258 41 19 find
2955 259 34 20 the

2082 282 436 80 GRAND
2609 291 409 80 HOTEL

2374 376 390 70 ROTORUA,

1900 436 80 39 rpHE
1993 439 53 16 most
2055 436 86 25 elegant,
2152 439 132 19 comfortable
2292 439 39 19 and
2340 439 45 19 best
2395 442 108 23 appointed
2514 444 152 19 establishment
2675 446 21 18 in
2715 446 49 21 New
2781 447 95 26 Zealand,
2893 451 16 19 it
2927 452 60 25 being
3002 456 73 21 replete
3091 459 119 18 through,,,'

1925 487 57 10 w-rr-o
1995 487 87 10 -crrvivcvr
2468 470 53 16 most
2534 469 82 19 modern
2629 472 146 20 conveniences.
3003 465 72 16 «p»ws
3091 465 120 19 tnrougUbii.

1925 488 58 17 THE
1995 488 92 18 HOTEL
2105 495 17 12 is
2140 489 21 20 in
2180 490 34 20 the
2232 490 116 18 immediate
2362 491 169 24 neighbourhood
2548 494 21 19 of
2587 494 35 19 the
2639 494 71 25 Priest,
2730 496 81 23 Rachel.
2831 500 120 19 Postmaster
3030 497 27 22 'm>
3096 508 6 11 i
3123 510 20 9 n.

1898 515 90 16 curative
1997 513 111 25 properties
2117 515 22 18 of
2148 515 66 19 which
2229 522 34 12 are
2279 516 147 19 workMamed.
2454 517 54 19 Bath
2519 519 65 19 chairs
2595 520 40 19 and
2645 522 114 20 attendants
2769 531 32 12 are
2811 531 50 16 prov
2870 526 63 21 dedtc
2948 506 73 41 eonvl
3026 510 27 37 t

1898 538 53 19 from
1960 538 35 19 the
2005 545 80 12 var.ous
2096 539 141 21 bath-houses.
2265 540 42 20 The
2319 541 104 19 bedrooms
2433 543 40 19 and
2491 545 86 25 retiring
2599 552 66 12 rooms
2684 553 33 13 are
2736 549 57 19 fitted
2810 531 51 38 S
3053 561 20 12 t„

1898 567 66 15 ments
1973 564 22 18 of
2004 567 69 21 guests
2082 571 21 12 m
2113 566 69 19 search
2192 567 122 18 of-renewed
2324 567 97 25 strength.
2885 559 72 18 special
2969 559 71 22 regard
3053 561 20 16 to
3086 560 33 19 the
3135 567 77 20 require

1925 590 42 18 The
1980 590 62 18 Baths
2052 592 21 16 at
2082 590 35 19 the
2125 591 129 20 Sanatorium
2265 592 52 19 have
2328 594 97 18 attracted
2434 600 60 18 many
2503 595 81 20 visitors
2604 597 21 18 of
2644 597 40 19 late
2703 605 68 17 years;
2798 604 93 18 amoneat
2904 603 57 19 those
2971 606 102 16 wWT,««
3083 610 9 12 *
3134 611 10 11 a
3178 612 13 10 i-
3204 611 8 11 i

1898 615 33 19 bei
1940 615 34 19 the
1984 615 143 24 convalescent,
2139 623 91 17 nervous,
2241 617 118 23 rheumatic,
2370 618 41 19 and
2420 619 99 25 sleepless.
2768 609 3 35 '
2798 609 58 11 amon
2858 610 13 17 S
2872 609 17 12 ot
2905 609 56 15 tno!ie
2972 613 42 12 wno
3022 613 50 15 nave
3084 611 62 19 found
3156 613 54 18 rebel

1925 641 161 19 Rotoruaisthe
2104 645 66 16 centre
2188 644 53 18 from
2259 643 65 18 which
2341 643 29 18 all
2389 644 68 24 points
2467 646 21 17 of
2496 646 84 21 interest
2590 647 21 20 in
2627 648 34 19 the
2670 648 93 21 Thermal
2773 651 85 23 Springs
2873 654 80 20 District
2969 663 45 11 nmv
3029 658 13 14 K
3043 665 45 9 aM
3089 667 9 7 „
3112 662 6 10 i
3138 663 11 9 j

1898 667 74 24 special
1981 667 94 18 facilities
2086 674 33 12 are
2127 668 98 24 provided
2234 669 32 18 for
2274 668 56 19 those
2338 668 21 19 in
2368 670 69 18 search
2446 672 21 17 of
2475 671 34 19 the
2519 672 101 20 beautiful
2630 674 40 19 and
2684 676 118 20 marvellous
3001 665 13 17 7
3067 662 82 19 reache(J
3152 662 4 34 >
3174 670 24 12 au
3201 664 11 18 *

1990 698 181 18 MAGNIFICENT
2183 700 176 17 APARTMENTS.
2486 703 84 18 LOFTY
2582 705 144 19 BEDROOMS.
2840 710 112 19 PERFECT
2968 714 148 17 SANIT^TTOV

2041 722 26 18 In
2077 721 56 20 short
2141 729 14 12 a
2164 728 125 13 first-olass
2302 722 169 21 Establishment
2481 726 87 26 offering
2576 727 59 25 equal
2644 729 93 19 comforts
2746 732 20 17 to
2776 731 34 19 the
2820 733 43 19 best
2877 734 62 20 hotels
2949 736 20 18 in
2978 736 77 26 Europe

2136 773 86 24 Suites
2239 774 28 23 of
2279 774 166 28 Apartments
2455 776 66 23 with
2531 779 97 27 special
2641 781 153 23 attendance
2808 783 38 23 for
2861 783 124 26 Families-

1898 807 97 25 Spacious
2004 806 128 20 Promenade
2141 807 113 24 Balconies,
2264 808 58 25 Snug
2333 808 89 24 Alcoves,
2433 810 40 18 and
2488 810 127 26 luxuriously
2631 814 107 23 appointed
2748 815 101 27 Drawing,
2869 819 68 24 Music,
2954 821 137 21 Conversation
3113 825 93 20 Beadiiwr

2347 834 98 26 Smoking
2455 836 38 18 and
2504 837 86 19 Billiard
2599 839 81 19 Ilooms.
2707 840 69 20 Baths.
3115 830 98 23 iteacnng,

2186 867 117 20 SPECIAL
2316 867 158 21 ATTENTION
2488 870 114 21 PAID'TO
2616 872 115 21 CUISINE
2744 874 60 20 AN©
2818 876 121 22 SERVICE.
2949 882 39 22 .4$

1923 898 36 20 All
1969 900 177 18 communications
2157 900 28 24 by
2194 900 60 18 letter
2265 905 22 13 i*r
2298 899 97 23 telegram
2404 900 40 19 will
2454 902 77 19 receive
2540 906 80 22 prompt
2629 905 104 19 attention.

1955 949 75 46 W.
2058 952 57 42 A.
2143 949 310 53 BOULTON,

2367 1009 59 24 (Late
2435 1011 21 17 of
2465 1009 113 21 Grosvenor
2587 1011 68 24 Hotel,
2667 1012 79 26 Sydney
2749 1014 12 24 J)

2912 962 244 59 Manager.

2171 1090 146 20 TOURISTS
2334 1093 64 18 AND
2411 1094 153 22 INVALIDS.

1927 1159 64 25 Hot
2016 1159 188 34 Swimming
2225 1163 110 31 Baths,
2361 1164 183 29 Kiri-o-Kai
2566 1175 35 19 or
2627 1170 76 26 New
2727 1172 58 26 Ski

2002 1200 92 32 Bath,
2107 1201 65 26 Hot
2185 1203 130 26 Douche
2329 1204 109 32 Baths,
2460 1207 109 27 Grand
2590 1210 143 29 Climate.

2043 1242 171 27 Elevation
2235 1244 91 30 2,850
2345 1245 62 26 feet
2421 1248 100 26 above
2535 1256 53 20 sea
2601 1251 90 26 level.

1928 1290 195 24 COMPETENT
2138 1291 122 25 GUIDES

2058 1317 89 23 interest,
2157 1318 65 20 which
2235 1319 32 19 baf

2276 1300 121 20 accompany
2411 1297 83 19 tourists
2511 1299 20 18 to
2548 1299 33 19 the
2603 1300 80 20 various
2704 1302 66 24 places

2276 1319 17 20 Le
2304 1320 34 19 the
2348 1324 51 16 most
2409 1322 59 19 facile
2478 1330 46 18 pen,
2536 1326 40 18 and
2592 1332 38 12 can
2648 1327 47 24 only
2715 1329 23 18 bo
2756 1335 20 14 re

2006 1434 53 18 tural
2079 1435 91 19 wonders
2192 1436 156 24 :—Tuhuatahi,
2369 1444 22 13 or
2414 1438 62 20 Great
2500 1440 132 27 Champagne
2649 1443 99 20 Cauldron
2755 1432 4 35 •
2766 1432 38 33 TiU

2006 1460 61 18 Great
2079 1460 104 21 Wairakei
2193 1462 77 24 Geyser
2279 1460 3 32 ;
2296 1464 33 17 the
2340 1464 85 24 Donkey
2435 1465 92 25 Engine;
2541 1467 35 19 tho
2587 1467 53 20 Bath
2651 1469 19 18 of
2681 1470 33 18 the

2004 1486 35 18 the
2058 1486 114 25 Lightning;
2188 1486 63 32 Tool;
2265 1489 35 18 the
2317 1489 87 20 Cascade
2420 1490 81 25 Geyser,
2521 1499 22 12 or
2561 1493 101 25 Dragon's
2679 1495 70 20 Mouth
2757 1486 3 32 •
2774 1498 30 20 the

2006 1512 62 18 Mark
2079 1512 87 24 Geyser;
2183 1514 35 18 the
2230 1514 50 19 Mud
2293 1512 86 32 Geyser;
2395 1516 33 19 the
2447 1517 52 20 Blue
2517 1512 68 32 Lake;
2597 1520 34 18 the
2648 1521 32 18 Oil
2698 1521 63 19 Bath-
2775 1524 29 20 the

2004 1537 82 24 Eagle's
2095 1538 62 24 Nest;
2170 1539 35 19 tho
2213 1539 78 21 Devil's
2298 1541 70 19 Punch
2376 1537 69 31 Bowl;
2460 1544 35 18 tho
2503 1544 73 20 Prince
2584 1545 22 19 of
2614 1545 76 20 Wales'
2698 1547 96 21 Feathers
2803 1537 1 31 •

2005 1564 34 18 the
2059 1563 84 24 Mirror;
2159 1565 35 19 tho
2213 1566 57 18 Twin
2291 1566 87 25 Geyser:
2393 1568 34 19 tho
2444 1568 59 21 Coral
2521 1570 88 25 Geyser;
2624 1571 34 20 tho
2668 1573 65 19 Green
2748 1565 56 30 Pool'

2008 1590 125 19 lerekerehe
2144 1597 22 13 or
2185 1591 49 19 Hell
2254 1592 87 25 Geyser;
2363 1594 35 18 tho
2417 1594 68 20 Steam
2505 1596 106 21 Hammer.
2639 1598 82 20 Guide's
2739 1601 31 19 fee
2789 1605 15 15 to

2006 1615 76 24 Geyser
2094 1618 9 17 V
2110 1616 59 25 alloy,
2181 1618 23 18 5s
2212 1615 4 31 ;
2231 1618 90 20 distance
2331 1620 52 18 from
2391 1620 34 19 tho
2439 1620 61 26 hotel,
2514 1624 7 16 1
2533 1623 53 19 mile.

2084 1676 298 26 R6HT6HTeH
2394 1685 22 12 or
2434 1679 80 20 Ladder
2531 1681 30 19 Ea

2094 1702 19 17 in
2124 1702 35 19 the
2169 1702 101 21 Southern
2282 1704 145 26 Hemisphere;
2442 1706 75 26 falling
2533 1707 19 19 in

2653 1683 42 19 Tho
2712 1685 87 20 Grnndcs

2620 1709 81 19 distinct
2718 1712 80 19 cascade

2046 1693 10 4 -
2070 1693 90 5 -------
2173 1693 10 5 ..
2197 1693 8 6 »
2219 1693 41 7 >_,..
2274 1693 8 7 *
2296 1693 9 7 *
2318 1693 40 8 >_~.
2373 1693 8 7 v

2006 1704 77 22 Capias
2093 1707 21 13 in
2124 1704 35 17 the
2169 1704 102 19 bouthern
2281 1704 146 26 Hemisphere;
2442 1706 75 26 falling
2533 1707 19 19 in
2571 1709 30 17 six
2620 1709 81 19 distinct
2719 1712 85 20 cascades

2006 1729 94 23 amongst
2109 1728 63 19 weird
2182 1729 41 19 and
2232 1730 80 25 rugged
2329 1737 81 18 scenery
2437 1732 96 20 Distance
2551 1733 53 19 from
2623 1735 33 19 the
2673 1735 60 25 hotel,
2753 1738 51 19 three

2006 1753 63 19 miles.
2096 1753 75 20 Paddle
2181 1754 70 20 horses
2261 1759 20 15 to
2291 1756 47 19 visit
2351 1757 34 18 tho
2400 1757 78 25 Eapids
2493 1759 22 19 7s
2525 1759 26 19 Cd
2561 1761 55 19 each.

1929 1812 231 24 K6RHPITI
2178 1819 22 14 or
2208 1813 36 20 the
2254 1814 78 20 Devil's
2341 1815 96 26 Trumpet
2456 1817 17 19 is
2492 1818 43 19 said
2554 1820 21 17 to
2594 1820 48 18 emit
2661 1826 11 12 a
2688 1827 92 18 pressure
2789 1823 15 18 of

2009 1839 40 18 1801
2054 1839 23 18 lis
2087 1840 21 17 of
2119 1843 62 16 steam
2194 1843 20 16 to
2225 1840 34 19 the
2269 1841 52 23 inch,
2334 1842 51 18 from
2396 1848 26 12 an
2439 1845 94 22 aperture
2543 1845 21 18 of
2582 1845 62 19 about,
2663 1847 69 18 twelve
2742 1847 62 20 inches

2006 1865 19 17 in
2037 1865 103 19 diameter.
2169 1866 98 19 Distance
2286 1867 19 18 i'r
2319 1874 19 11 m
2359 1867 54 19 hotel
2432 1869 56 19 three
2507 1871 41 18 and
2568 1876 12 14 a
2598 1871 45 19 half
2660 1865 67 31 miles;
2741 1874 63 19 saddle

2004 1890 70 19 horses
2084 1894 19 15 to
2112 1892 47 19 visit
2169 1892 34 19 the
2214 1893 70 20 above,
2296 1900 22 11 ...s
2328 1893 24 19 6d
2363 1893 55 20 each.

2007 1979 135 22 hemisphere.
2171 1979 43 18 The

2007 2001 78 19 Devil's
2095 2003 105 26 Trumpet.

2004 2027 59 19 horse
2073 2035 21 11 or
2105 2029 70 25 buggy
2187 2031 22 17 2s

2281 1953 91 25 L-3LS,
2388 1952 35 20 the
2441 1953 100 20 Grandest
2559 1955 56 19 Falls
2624 1956 20 18 in
2663 1956 34 19 the
2715 1958 89 19 southern

2291 1986 44 17 may
2348 1979 24 18 bo
2381 1979 72 19 visited
2463 1986 26 13 on
2498 1980 35 19 the
2546 1987 54 13 same
2619 1982 114 24 expedition
2743 1990 21 13 as
2775 1985 29 19 the

2282 2011 44 12 nice
2336 2006 51 17 from
2398 2005 54 19 hotel
2461 2006 58 20 throe
2530 2007 40 19 and
2580 2014 12 13 a
2608 2008 44 19 half
2661 2009 66 24 miles;
2741 2010 63 19 saddle

1985 2086 31 20 ??%
2026 2088 29 18 fF>
2083 2088 32 17 FP>
2156 2089 32 14 &&
2202 2088 32 14 C?Ts
2254 2090 18 11 «
2289 2090 13 11 H
2315 2090 12 10 E
2347 2090 16 10 m
2381 2090 20 10 m
2407 2090 20 10 era
2482 2092 27 8 »-»
2631 2092 7 7 .

1993 2108 63 31 ri9
2083 2106 45 33 n.
2155 2102 272 39 &nAtiAiH
2434 2132 12 17 9
2482 2102 322 45 proprietress.

2127 2233 59 26 Hot
2213 2234 96 26 Lakes
2329 2234 32 25 of
2378 2234 70 26 New
2467 2235 144 25 Zealand.

2064 2497 28 18 IS
2104 2498 23 17 A
2139 2497 193 20 FIRST-CLASS
2345 2499 205 21 TEMPERANCE
2563 2501 106 19 HOTEL.

2013 2564 237 24 HIN6MOK
2267 2567 197 24 STREET,
2485 2567 236 23 ROTGRUH.

1925 2628 83 17 rnilTS
2021 2628 59 19 NEW
2093 2630 53 16 AND
2159 2629 190 19 COMFORTABLE
2363 2629 215 20 ESTABLISHMENT
2585 2632 17 17 is
2610 2630 82 19 situated
2698 2630 21 19 in
2726 2630 32 19 the
2765 2635 39 13 new

1931 2651 22 20 .1.
1987 2652 94 23 township
2091 2653 18 16 of
2118 2653 90 21 Botorua,
2218 2653 49 17 close
2276 2655 19 15 to
2305 2653 32 17 the
2346 2653 125 18 Government
2486 2654 120 18 Sanatorium
2619 2655 38 17 and
2669 2655 63 19 Uaths,
2747 2653 57 17 which

2244 2675 91 24 conrpiise
2344 2676 31 17 tin:
2384 2676 104 19 celebrated

1924 2703 92 18 Pi-iest's
2025 2703 66 23 Bath,
2102 2704 107 18 Madame
2219 2704 86 18 Rachel
2314 2704 78 22 Baths,
2403 2705 139 19 Chameleon
2551 2706 95 18 Douche
2655 2705 63 22 Bath,
2734 2705 70 23 Large

1994 2726 56 19 Blue
2059 2727 137 23 Swimming
2205 2728 66 22 Bath,
2288 2727 102 24 Sulphur
2403 2728 94 23 Vapour
2506 2729 60 18 Bath
2575 2729 46 18 and
2630 2728 107 20 Galvanic

2279 2750 97 20 Battery
2385 2751 65 22 Bath,

1924 2773 68 17 OVER
2004 2773 92 18 WELCH
2111 2774 86 17 LARGE
2215 2774 118 18 BATHING
2351 2774 137 19 PAVILIONS
2509 2776 71 16 HAVE
2601 2775 70 17 BEEN
2690 2773 114 19 ERECTED

2029 2796 44 18 with
2083 2802 99 13 numerous
2192 2797 91 22 Dressing
2300 2797 73 21 Rooms,
2384 2799 34 16 etc.
2444 2797 75 19 Besides
2528 2799 52 17 these
2589 2799 52 17 there
2650 2799 14 16 is
2673 2798 31 17 the

1924 2819 133 18 Pain-killer
2068 2820 66 22 Bath,
2149 2820 134 22 Coffee-pot,
2300 2820 129 18 Cameron's
2443 2821 46 18 and
2504 2821 128 19 Hinemaru
2645 2821 71 18 Baths
2729 2820 23 18 in
2766 2820 38 18 the

2227 2843 149 19 Sanatorium
2392 2844 113 19 Grounds.

1924 2886 113 20 Bathgate
2055 2887 73 19 llousu
2144 2887 38 19 has
2199 2887 51 19 been
2270 2888 79 24 greatly
2366 2888 96 25 enlarged
2477 2889 32 18 for
2525 2889 92 19 Tourists
2634 2896 22 12 as
2675 2888 44 19 well
2735 2894 22 13 as
2775 2888 29 19 fur

2157 2914 73 24 people
2244 2914 72 24 taking
2326 2921 12 11 a
2348 2920 69 13 course
2426 2915 21 17 of
2456 2915 34 18 the
2501 2914 72 20 Baths.

2177 2948 133 20 TERMS
2330 2949 229 20 MODERATE.

2099 3010 52 34 S.
2199 3010 53 35 T.
2307 3011 178 35 BRe
2509 3013 122 36 NT,

2244 3056 242 17 PROPRIETOR.

1924 3079 124 19 N.B.—Most
2056 3081 21 17 of
2084 3082 54 18 those
2146 3083 43 17 who
2197 3084 45 17 visit
2250 3084 75 18 Brent's
2334 3086 24 16 dr.
2366 3092 20 11 so
2395 3086 83 24 through
2487 3088 32 17 the
2534 3089 47 17 kind
2593 3090 178 18 recommendations
2787 3091 17 16 of

2260 3108 87 23 previous
2356 3110 107 18 customers.

2014 3215 229 48 ROBERT
2274 3219 254 49 FUR<MESS
2559 3222 47 46 &
2638 3222 81 50 Co.,

1959 3316 379 30 MANUFACTURERS
2375 3321 111 26 AND
2523 3323 250 31 IMPORTERS,

2113 3410 182 35 FORT
2331 3412 289 36 STRB6T.

2907 1082 37 18 TO
2957 1082 147 23 TOURISTS.

2817 1129 8 16 i
2838 1129 128 19 SOUVENIR
2978 1132 31 18 OF
3021 1133 50 18 TIIE
3084 1135 119 19 DISTRICT.

2817 1178 116 44 BEFORE
2944 1187 40 17 you
2999 1181 54 20 leave
3072 1181 93 27 Rotorua,
3183 1186 22 18 in-

2871 1209 53 19 spect
2931 1206 33 18 the
2971 1207 103 20 miniature
3083 1209 25 18 oil
3115 1211 102 24 painting-!

2817 1230 1 28 £
2825 1230 34 18 the
2868 1230 43 19 Mot
2919 1231 65 19 Lakes
2998 1239 84 19 scenery,
3093 1235 31 18 for
3142 1236 40 19 sale
3197 1241 21 15 at

2817 1262 15 12 le
2843 1256 47 18 Hot
2904 1253 68 22 Lakes
2980 1257 118 21 'Chronicle
3114 1261 65 25 Office,
3198 1267 20 14 at

2817 1287 33 13 ■om
2862 1283 19 17 Is
2891 1282 25 18 3d
2923 1282 53 19 each..

2857 1324 22 24 J.
2895 1324 24 25 P.
2935 1325 227 36 BACKHOUSE.,

2945 1373 131 19 KRTIST,

2817 1406 110 26 lEWTON
2952 1407 80 30 ROAD,
3055 1409 162 29 AUCKLAND,

2843 1517 66 21 Sttlf,
2922 1520 16 18 &
2945 1519 90 21 Perfect
3045 1522 37 20 Fit
3090 1523 142 23 Guaranteed.

2879 1566 157 49 Steele
3057 1571 134 49 Bros.

2844 1644 388 70 MARAEROA~SAWMILL

2832 1748 128 41 I~\ESIRE
2968 1750 24 18 to
3001 1750 71 20 thank
3081 1752 38 19 the
3128 1754 73 22 public
3211 1755 32 19 for

2855 1773 17 17 ./
2897 1773 52 21 past
2962 1773 75 19 favors
3050 1775 45 18 and
3109 1776 43 23 beg
3170 1778 24 18 to
3208 1784 24 12 an-

2831 1799 86 14 nounce
2927 1796 50 18 that
2985 1796 83 24 having
3076 1804 13 12 a
3103 1799 61 24 large
3178 1801 65 18 stock

2831 1817 26 18 of
2866 1818 166 19 well-seasoned
3041 1821 116 20 first-class
3165 1823 78 19 timber

2831 1845 29 13 on
2869 1841 60 18 hand
2937 1842 53 22 they
2999 1848 37 13 are
3044 1846 108 21 prepared
3159 1847 23 17 to
3189 1847 54 18 fulfil

2831 1863 76 19 orders
2916 1865 24 17 at
2949 1865 95 19 reduced
3051 1868 67 18 rates.

3066 1934 114 22 ARRISON,
3194 1937 44 17 B.A.

2865 1993 137 19 BARRISTER
3016 1995 51 18 AND
3076 1996 134 22 SOLICITOR,

2843 2032 38 22 118,
2902 2033 94 18 Victoria
3015 2034 85 23 Arcade,
3121 2036 90 19 Auckxas

2830 2112 90 17 Barrister
2933 2112 34 17 ;m<.l
2983 2112 82 24 Roller
3078 2114 19 18 oi
3113 2116 24 16 !!;•

2921 2135 62 21 Court,
2991 2135 80 21 Ontario,
3078 2137 71 19 Canada

2376 3541 33 19 TO
2425 3541 57 20 THE
2496 3542 106 20 PUBLIC
2616 3543 35 20 OF
2668 3542 134 20 BOTORUA.

2378 3644 24 43 I
2416 3644 55 20 BEG
2481 3647 21 17 to
2512 3646 65 19 thank
2585 3646 35 19 the
2634 3646 71 19 Public
2716 3646 20 18 of
2743 3645 48 19 Eoto-

2430 3677 40 13 rua
2486 3672 33 18 for
2533 3672 53 19 their
2592 3673 82 18 favours
2686 3672 73 24 during
2770 3671 32 18 tlio

2376 3699 46 21 past
2431 3697 70 19 fifteen
2510 3704 65 18 years,
2587 3698 40 18 and
2641 3702 20 14 to
2677 3698 65 24 notify
2760 3697 42 18 that

2376 3723 32 18 for
2418 3722 34 19 the
2463 3724 132 18 convenience
2606 3725 21 17 of
2636 3723 97 19 residents
2742 3723 21 18 in
2771 3723 31 18 the

2378 3748 50 19 Now
2438 3748 116 24 Township,
2566 3749 41 19 and
2616 3756 32 18 my
2661 3749 56 19 trade
2734 3755 57 19 gener-

2377 3773 46 25 ally,
2434 3773 11 18 I
2456 3774 52 19 havo
2518 3774 53 19 built

2376 3885 65 19 which
2451 3892 34 12 aie
2495 3892 45 13 now
2551 3894 52 17 open
2611 3887 32 19 for
2653 3888 96 22 business,
2765 3885 37 19 and

2376 3911 10 18 I
2396 3916 33 13 am
2446 3913 101 23 prepared
2568 3916 21 16 to
2602 3913 74 26 supply

2514 3958 72 20 Pkime
2606 3960 63 19 Meat

2376 3996 21 18 in
2408 3996 50 20 both
2469 3996 50 21 New
2529 3998 40 19 and
2580 3999 39 19 Old
2628 3998 124 25 Townships.

2408 4075 42 24 Aii
2464 4076 152 31 Inspection
2630 4078 23 22 is
2667 4076 105 24 invited,

2585 4123 102 19 HEXEY
2701 4121 71 20 KIEK

2829 2348 70 18 Losses
2907 2349 51 17 Paid
3129 2352 113 23 £20,000,000

2829 2379 49 18 Fire
2889 2380 96 17 Pbemiuii
3001 2380 89 19 Exceeds
3138 2382 86 23 £1,100,0)
3238 2379 3 26 i

2828 2411 215 19 AccmroLATEDFuxDs
3047 2413 79 17 Exceed
3139 2413 66 23 £I,OOO,
3222 2418 7 13 ii
3238 2411 3 25 I

2895 2450 36 18 W.
2953 2450 91 18 WARD
3060 2451 106 24 BAKER,

2860 2489 94 20 District
2962 2489 110 25 Manager,
3081 2491 125 21 Auckland.

2911 2529 36 18 W.
2961 2529 26 19 A.
3001 2529 157 25 WILLIAMS,

2884 2568 68 19 Local
2971 2569 80 22 Agent,
3078 2570 104 20 Rotorua.

2880 2618 103 39 DAVID
3012 2616 175 50 SHERRIFF,

2909 2691 30 19 FA
2945 2692 70 18 JULY
3031 2691 132 26 BtTTOfIEB,

2877 2741 77 18 Arawa
2977 2741 86 23 Street,
3086 2741 103 22 Rotortja.

2850 2789 22 19 Is
2890 2796 42 12 now
2951 2789 90 25 carrying
3058 2796 24 12 on
3102 2790 32 18 the
3151 2792 89 18 business

2827 2823 59 25 lately
2905 2823 106 20 conducted
3029 2823 26 25 by
3071 2823 74 20 Messrs
3163 2825 28 19 Je<
3201 2825 8 19 l<

2827 2858 38 18 and
2875 2857 71 23 Cotter,
2958 2856 38 19 and
3005 2857 17 18 is
3031 2858 96 24 prepared
3137 2861 19 16 to
3170 2865 50 19 supp
3234 2867 6 10 .'

2827 2892 32 18 the
2869 2891 66 25 public
2945 2891 44 19 with
3001 2891 145 26 prime-qualify
3157 2893 20 19 of
3191 2899 48 13 uieur

2827 2926 37 19 and
2873 2926 55 19 small
2938 2926 61 24 goods

2896 2970 33 18 AT
2943 2969 112 19 LOWEST
3069 2969 101 20 PRICES.

2852 3032 166 25 WYNYARD
3031 3033 182 28 &PUJRCHAS,

2886 3084 122 20 Barristers
3015 3090 40 12 and
3065 3084 117 21 Solicitors,

2919 3234 49 17 liavo
2978 3239 68 19 money
3055 3236 18 15 to
3084 3232 43 19 lend
3139 3240 25 11 on
3181 3233 61 19 STort-

2843 3260 26 16 TT
2914 3265 50 19 gage
2975 3260 19 17 of
3008 3259 93 18 Freehold
3117 3259 39 18 and
3171 3259 60 19 Lease-

2827 3285 45 20 hold
2883 3288 90 22 property
2984 3287 19 16 at
3013 3289 75 14 current
3097 3289 58 14 rates.

2865 3398 66 26 SHIP
2942 3397 19 25 5
2972 3396 95 26 YACHT
3081 3396 122 26 BROKER.

2884 3427 184 21 COMMISSION
3080 3427 105 23 AGENT,

2835 3466 77 44 HAS
2933 3464 52 19 FOE
3008 3463 65 18 SAFE
3091 3470 11 11 a
3121 3464 82 18 number
3220 3462 20 19 of

2905 3493 61 16 steam
2989 3490 96 21 launches,
3105 3490 73 24 yachts,
3201 3488 37 18 nr.d

2827 3518 77 24 nulling
2915 3517 55 18 boats
2989 3514 82 20 suitable
3091 3515 32 18 for
3141 3516 5 17 1
3159 3515 23 17 ko
3201 3516 38 15 and

2827 3545 49 18 river
2885 3542 59 19 work.

2890 3573 177 19 CoRREsroXDEXCE
3087 3571 88 18 Lvvm:i>.

2851 3664 30 21 15,
2895 3657 147 24 QUEEN-ST:,
3057 3655 151 22 AUCKLAND.

2829 3714 202 44 Rotorua
3055 3707 181 52 Library

2827 3792 99 47 OPE.V
2937 3792 51 18 from
3000 3791 19 17 10
3031 3794 42 12 a.m.
3085 3790 18 15 to
3113 3794 10 9 ■>
3135 3792 45 18 p.m.
3200 3784 36 20 and

2885 3819 21 17 G.
2906 3819 22 17 30
2939 3820 21 16 to
2969 3817 22 18 10
2995 3820 46 19 p.m.
3045 3812 90 24 Sundays
3139 3811 30 19 till
3173 3812 12 19 9
3191 3817 45 19 p....

2845 3848 166 30 Subscription:
3022 3851 40 18 20s
3070 3850 41 17 Per
3123 3848 95 19 Annum.

2850 3891 87 20 Visitors
2951 3893 43 18 may
3010 3890 80 19 procure
3105 3883 66 19 Books
3191 3883 46 18 from

2827 3918 35 22 Uie
2869 3916 85 23 Library
2961 3918 25 14 on
3003 3909 80 25 making
3100 3916 8 12 a
3129 3909 71 24 deposit
3220 3909 15 16 u\

2826 3946 34 17 not
2868 3942 41 19 less
2917 3940 45 19 than
2982 3939 26 20 ss,
3026 3937 36 17 and
3081 3934 118 26 pureliasmg
3222 3935 15 16 In

2826 3975 76 18 coupon
2911 3967 29 18 for
2949 3969 58 17 every
3018 3961 51 18 Four
3080 3960 66 19 books.

2852 3994 41 19 The
2909 3991 82 21 Library
3012 3994 17 11 is
3048 3993 49 19 open
3119 3986 71 24 duriug
3208 3986 29 17 tho

2827 4020 89 23 evening.

2827 4069 64 44 JOB
2915 4063 135 23 FEINTING
3073 4063 20 18 of
3116 4068 57 18 every
3198 4062 16 18 d.
3233 4062 3 51 •

2883 4092 85 26 cription
2976 4088 95 21 executed
3087 4088 45 19 with
3153 4090 84 16 ucattit**<

2827 4117 140 26 and.despatch
2977 4119 19 16 ut
3008 4116 33 18 tho
3052 4116 113 18 Cuku.mcle
3178 4113 3 30 (
3197 4113 20 19 fn
3231 4118 6 9 <■
