3300 4360
1100 2428 123 18 VISITORS'
1237 2429 62 17 LIST.

1049 2477 88 19 Brent's
1148 2479 113 18 Bathgate
1272 2478 78 19 House.

1006 2513 106 18 Mesdames
1127 2514 51 17 Hood
1201 2514 33 24 (2),
1253 2514 76 21 Adams,
1347 2515 68 22 Prime,

993 2537 90 17 Auckland
1091 2537 3 24 ;
1110 2537 73 21 Lcckie,
1193 2538 90 22 Pynsent,

993 2560 74 19 renl<ins,
1081 2560 133 22 Queensland;'
1233 2561 83 20 Dobson,
1335 2561 80 23 Clayton

993 2583 48 22 Luig,
1054 2584 100 16 Tasmania
1162 2583 4 23 ;
1188 2584 77 20 Barker,
1284 2585 118 19 Queensland
1411 2583 3 23 ;

993 2606 67 21 Wilson,
1082 2606 98 23 Fielding;
1203 2607 85 21 Hol-nes,
1310 2606 105 23 Hokitika;

993 2629 77 21 jrlasson,
1091 2629 64 22 Drury
1168 2636 5 14 ;
1198 2631 91 22 Gregory,
1311 2631 88 17 Dunedin
1411 2629 3 24 ;

993 2653 96 21 Elerapath,
1111 2653 109 21 Auckland;
1242 2654 120 22 Castendy'«e-
1379 2655 38 17 and

993 2676 63 17 Master
1064 2676 123 22 Casfendyke,
1194 2675 117 24 Wellington
1318 2675 4 24 ;
1339 2676 77 19 Madam

993 2698 91 21 sVilekens,
1101 2698 86 23 Sydney.-
1216 2700 146 21 Mississ'postin,
1369 2699 47 19 i'ew

993 2721 55 21 STork;
1061 2722 78 20 Martin,
1152 2721 96 23 Lambert,
1262 2721 104 20 Buchanan
1382 2723 33 24 (2),

993 2744 81 22 Graham,
1080 2744 109 24 Auckland;
1203 2745 77 22 Turner,
1293 2744 121 24 Melbourne;

993 2768 75 20 Flolmes,
1090 2768 93 17 Hokitika
1195 2773 7 17 ;'
1221 2770 87 22 Clayton,
1329 2770 86 21 Browne,

993 2791 47 22 Luig,
1050 2791 99 22 Langdon,
1159 2792 104 18 Tasmania.
1288 2792 28 18 Dr
1333 2793 79 19 Russell,

993 2814 68 17 [reland
1069 2814 4 22 ;
1088 2815 55 16 Revs.
1154 2815 74 19 Gillam,
1246 2814 96 22 Ellerslie;
1362 2817 53 19 Ross,

993 2837 120 21 [nvercargill;
1127 2838 28 17 Br
1161 2838 40 17 Met
1202 2839 43 19 calf,
1253 2838 80 18 Norfolk
1343 2839 70 20 Island;

993 2860 71 23 Daptain
1075 2861 103 22 Chapman,
1188 2862 72 20 Tahiti;
1274 2862 40 17 Col.
1328 2862 85 21 Roberts,

993 2883 102 22 rauranga;
1121 2884 69 18 Messrs
1209 2885 106 20 Bramwel],
1336 2886 79 19 Martin,

993 2907 43 18 Reed
1044 2907 38 16 and
1090 2907 72 17 Master
1171 2907 56 21 Reed,
1242 2908 71 18 Adams
1321 2908 33 24 (2),
1365 2909 38 17 Con-

993 2930 50 22 nolly,
1053 2930 83 20 Bignan,
1151 2930 66 21 Oxlev,
1234 2931 57 20 Roth,
1305 2932 109 19 Auckland;

993 2950 68 23 Barker,
1072 2950 129 28 Queensland;
1221 2954 76 19 Wilson,
1314 2954 87 20 Fielding
1410 2950 4 28 ;
1425 2950 2 28 j

993 2975 73 24 Wright,
1084 2975 117 25 Wanganui;
1222 2975 123 25 Castondyke,
1363 2978 39 16 Wid-

993 2999 35 23 lop,
1039 2999 125 23 Wellington;
1175 3000 104 20 Biernacki,
1289 3000 65 20 India;
1369 3001 35 17 Pin-

993 3029 41 14 ions,
1044 3022 96 17 Kaikoura
1149 3022 3 22 ;
1167 3023 37 21 Mac
1204 3023 64 21 Lean,
1283 3022 118 20 Queensland
1411 3022 4 22 ;

993 3046 83 21 3-regory,
1086 3045 94 21 Dunedin;
1190 3046 113 20 McDonald,
1313 3046 102 19 Dorinollv,

993 3069 88 21 Pridham,
1107 3069 92 22 Sydney*;
1224 3069 85 22 Glasson,
1335 3070 63 22 Drury
1411 3069 4 23 ;

993 3091 86 19 Rensliaw
1086 3091 33 23 (2),

1113 3138 84 18 GEY3EK
1211 3137 77 19 HoTEt.

1008 3166 105 18 Mesdames
1134 3167 84 22 Drewry,
1235 3167 100 24 England;
1356 3167 45 18 Gum-

993 3196 47 14 mow,
1051 3190 75 20 McGee,
1136 3190 124 21 Whiteombc,
1274 3191 61 21 Selby,
1351 3189 64 22 Elliot,

993 3214 18 17 \\
1020 3213 19 17 S.
1048 3213 62 17 Wales
1119 3219 5 13 ;
1136 3213 117 21 McCivllock,
1268 3213 20 18 S.
1305 3214 96 17 Australia
1409 3220 5 14 ;

993 3236 86 19 Hindson,
1110 3236 66 18 Smith,
1204 3236 86 20 Fellows,
1322 3237 94 18 Victoria;

993 3260 109 21 Shrimpton,
1119 3259 83 17 Hawkes
1223 3259 41 22 Bay
1274 3266 5 14 ;
1299 3260 67 17 Pascal
1381 3260 37 16 and

993 3282 45 18 child
1057 3282 122 22 Wellington,
1194 3282 90 22 Seegncr,.
1294 3283 60 19 Brett,
1372 3283 44 19 Self,

993 3306 63 19 Isaacs,
1070 3305 99 17 Auckland
1179 3305 3 20 ;
1205 3306 122 17 Williamson.
1352 3306 67 17 Misses

993 3328 88 20 Hindson,
1112 3328 71 20 Marks,
1209 3328 86 21 Fellows,
1320 3328 83 18 Victoria
1413 3334 7 4 -

993 3351 86 23 Selby(2),
1094 3351 86 22 Clayton,
1198 3351 25 17 X.
1234 3352 17 16 S.
1261 3351 61 17 Wales
1332 3356 7 15 r
1355 3351 63 22 Kelly,

993 3374 121 23 Wellington;
1128 3374 82 20 Xuttall,
1227 3375 90 19 Barstow,
1326 3375 59 19 Brett,
1394 3374 26 23 (2)

993 3398 108 20 Ilinderson,
1112 3397 105 17 Auckland.
1242 3398 28 17 Dr
1279 3398 73 19 Elliott,
1362 3398 24 16 X.
1401 3398 18 16 S.

993 3421 56 17 Wales
1057 3420 4 23 ;
1075 3421 84 21 Drewry,
1166 3420 82 23 Massey,
1257 3420 100 21 Hawortli,
1366 3420 41 22 Eng-

993 3444 40 17 land
1042 3443 4 21 ;
1069 3443 85 18 Stratton
1171 3444 105 20 Gummow,
1295 3443 123 21 Whitcombe,

993 3467 58 21 Selby,
1061 3467 76 20 Collins,
1150 3467 24 16 X.
1184 3467 18 17 S.
1211 3466 73 22 Wales;
1305 3466 115 21 McCullock,

993 3490 15 17 S.
1034 3490 95 17 Australia
1138 3490 3 20 ;
1163 3490 71 20 Marks,
1259 3490 67 19 Smith,
1348 3490 72 20 Tuohy,

993 3513 74 20 Martin,
1075 3513 83 17 Victoria
1168 3512 3 23 ;
1185 3513 97 22 Anthony,
1289 3513 73 20 Harris,
1373 3512 45 18 U.S.

993 3537 16 16 S.
1023 3536 42 17 Go's
1081 3536 99 17 Tarawera
1188 3535 4 21 ;
1206 3537 80 19 Melton,
1303 3535 117 21 McLelland,

993 3560 64 19 Green,
1064 3558 147 22 Carter,Millon,
1218 3560 122 21 Wellington;
1348 3558 73 22 Smyth,

993 3582 73 17 Ireland
1074 3582 4 22 ;
1098 3582 84 17 Maclure
1199 3582 90 18 Scotland
1297 3588 5 15 ;
1329 3582 92 22 Rainger,

993 3605 103 17 Auckland.

1094 3651 58 17 Lake
1164 3652 71 16 House
1248 3652 76 16 Hotel.

1015 3682 106 17 Mesdames
1129 3683 61 20 Horn,
1200 3682 90 18 Adelaide
1300 3682 3 21 ;
1318 3682 43 20 Gill,
1375 3682 36 17 Tau-

993 3711 60 17 ranga
1066 3705 4 23 ;
1101 3705 70 22 Edger,
1197 3706 74 17 Brown,
1300 3705 123 20 McPherson,

993 3729 70 21 Payne,
1078 3728 93 21 O'Meare,
1188 3728 124 23 Wellington;
1327 3728 96 21 Seymour,

993 3751 38 17 and
1039 3751 56 21 maid,
1110 3751 90 24 England
1209 3751 3 24 ;
1226 3751 93 21 Johnson,
1335 3751 88 19 O'Keefe,

993 3774 84 17 Victoria
1086 3774 4 22 ;
1104 3774 71 22 Bailey,
1185 3775 87 17 Penrose.
1298 3775 66 16 Misses
1378 3774 44 20 Gill,

993 3798 113 22 Tauranga;
1128 3798 60 19 Horn,
1206 3798 100 19 Adelaide;
1328 3797 96 22 Seymour,

994 3820 90 22 England
1093 3819 4 23 ;
1128 3821 81 17 O'Keefe
1234 3819 94 23 Victoria;
1357 3819 66 21 Elliot,

994 3843 65 18 Busliv
1068 3843 49 17 Park
1124 3842 4 24 ;
1141 3843 99 21 Williams,
1258 3844 63 22 Kopu.
1347 3842 80 22 Captain

994 3866 79 20 Lomax,
1094 3866 64 22 Major
1188 3867 77 20 Collins,
1296 3866 115 21 Wellington
1421 3866 4 22 ;

994 3888 73 23 Judges
1075 3889 70 21 Edger,
1152 3890 104 20 Auckland;
1267 3890 43 19 Gill,
1321 3889 104 21 Tauvanga;

994 3912 92 18 Johnson,
1094 3913 69 16 Messrs
1171 3913 75 21 Lipsey,
1254 3913 70 21 Pavitt,
1331 3913 25 15 Te
1367 3912 12 17 A
1382 3912 33 16 roll
1417 3918 10 10 a

995 3935 47 19 Eve,
1053 3935 82 20 Schultz,
1145 3935 66 22 Barry,
1223 3935 76 23 Sydney
1307 3934 3 24 ;
1324 3935 56 18 Horu
1394 3934 32 23 (2),

997 3958 85 21 Stirling,
1085 3958 90 17 Adelaide
1181 3958 4 22 ;
1201 3958 93 21 O'Meare,
1303 3958 124 22 Wellington;

996 3981 123 20 McPherson,
1140 3981 62 22 Davy,
1221 3981 53 21 Lees,
1292 3982 44 19 Rae,
1359 3981 68 20 Smith,

1010 4003 88 18 .uckland
1107 4003 4 21 ;
1125 4004 106 20 Patterson,
1241 4005 92 19 Johnson,
1340 4004 88 20 O'Keefe,

999 4026 122 23 (2)Victoria;
1151 4028 96 20 Maxwell,
1272 4028 91 17 Brisbane
1372 4026 4 23 ;
1397 4027 32 17 Mc

999 4049 80 22 Garvey,
1112 4050 75 19 Brown,
1208 4050 120 18 Whnkatane
1336 4049 4 22 ;
1375 4050 53 19 Gotz,

999 4072 101 22 Tauranga
1110 4072 3 22 :
1127 4073 104 21 Wliitham,
1244 4074 121 16 Manchester
1381 4074 36 16 Bbc-

999 4097 34 16 ett,
1044 4095 77 21 Opotiki
1129 4095 4 24 ;
1147 4095 65 21 Elliot,
1222 4095 121 24 Coolgardie;
1357 4096 72 21 Baikly,

998 4118 25 16 Te
1030 4118 58 16 Puke.

1595 130 44 16 The
1650 129 112 17 Laxghait.

1484 160 47 19 Miss
1539 160 73 20 Tizard,
1622 161 86 16 Thames.
1734 161 70 17 Messrs
1818 161 76 22 Burley,

1462 183 143 23 Christchurch;
1620 184 60 19 Crow,
1698 184 85 21 Martyn,
1796 184 98 22 Halliduy,

1461 206 81 23 Crudge,
1564 206 109 23 Auckland;
1696 207 55 19 Steel,
1772 206 121 23 Melbourne;

1461 230 47 17 Hill,
1519 230 110 20 McMuhou,
1639 229 76 22 Sydney
1724 235 5 10 :
1748 230 78 20 Arthur,
1843 230 39 17 Wel-

1461 252 74 22 lington
1543 258 5 15 ;
1562 253 50 19 Tuft,
1631 252 75 22 Taupo;
1727 252 97 21 Sherman,
1840 254 41 16 Dun-

1460 275 49 17 ediu.

1596 322 84 16 Mokoia
1692 322 64 16 VIEW.

1482 353 106 17 Mesdames
1598 353 32 17 ire
1638 352 80 20 Donald,
1826 359 5 13 ;
1850 353 42 17 Mc-

1459 376 99 19 Wiiiiams,
1568 375 116 23 Wellington
1693 375 4 23 ;
1718 376 84 20 Stevens,
1811 376 80 22 Napier;

1459 398 76 21 Brown,
1557 398 38 17 and
1621 399 48 17 Miss
1689 398 75 19 Brown,
1786 399 105 17 Auckland.

1459 421 70 17 Messrs
1546 421 53 21 Parr,
1616 422 77 16 Tiiuaru
1702 421 4 23 ;
1727 421 64 21 Elkin,
1810 422 81 22 Puckey,

1459 444 99 17 Auckland
1567 444 4 24 ;
1597 444 78 20 Wilson,
1704 445 81 21 Tupker,
1815 445 62 23 Otago
1887 444 3 24 ;

1460 467 66 22 Corry,
1543 467 82 22 Napier:
1647 468 33 17 Mc
1695 467 82 20 Donald,
1792 467 98 22 Waikato;

1458 490 79 23 George,
1555 491 47 16 New
1617 491 102 21 tlymouth
1729 490 4 24 ;
1754 491 33 17 Mc
1802 491 88 23 Elligott,

1458 513 81 18 Puluian
1551 513 32 23 (3),
1593 513 24 17 N.
1628 513 18 18 S.
1656 513 61 17 Wales
1726 513 4 23 ;
1752 513 98 21 Edwards,
1861 515 28 16 W.

1458 536 68 22 Coast;
1540 536 63 21 Jones,
1614 536 79 21 Somers,
1704 536 77 22 Napier,
1791 538 98 20 Murdoch,

1458 558 118 23 Wellington
1587 558 4 23 ;
1617 560 70 19 Bevan,
1713 559 57 17 Otaki
1782 558 4 23 ;
1812 558 77 23 Mcßae,

1457 582 105 17 Auckland.

1457 668 56 23 THE
1535 667 56 25 HOT
1610 667 92 25 LAKES
1721 667 167 25 CHRONICLE

1640 724 57 14 AND

1557 773 108 19 Tourists'
1682 775 100 23 Journal.

1466 850 143 19 SATURDAY,
1631 850 140 18 FEBRUARY
1784 853 28 19 27,
1824 851 51 20 1897.

1454 920 104 23 LOCAL
1572 919 96 24 NEWS
1690 920 70 23 AND
1774 921 111 23 NOTES.

1675 988 55 16 letter
1739 988 38 17 will
1787 995 70 16 appear
1866 989 19 17 in

1451 1012 45 15 next
1507 1011 54 17 issue.

1476 1044 71 17 Messrs
1565 1044 61 17 Steele
1643 1042 89 18 Brothers
1747 1044 48 17 have
1813 1051 12 11 a
1842 1045 43 18 four

1452 1067 78 17 roomed
1539 1068 78 21 cottage
1626 1068 20 15 to
1655 1066 26 18 let
1689 1067 19 17 in
1716 1067 100 18 Pukuatua
1826 1068 26 18 St.

1472 1098 39 17 The
1520 1099 38 21 Spa
1570 1098 96 21 Coaching
1681 1098 96 22 Company
1787 1105 97 13 announce

1449 1127 10 11 a
1469 1121 73 17 further
1551 1121 98 17 reduction
1658 1121 19 17 in
1692 1121 31 17 the
1737 1122 49 17 fares
1799 1123 84 16 between

1449 1145 84 17 Rotorua
1542 1145 37 16 and
1588 1145 71 21 Taupo.

1471 1181 31 17 Mr
1522 1182 22 17 L.
1566 1181 23 18 D.
1610 1181 78 17 Nathan
1708 1181 35 17 left
1762 1181 80 19 London
1859 1188 23 12 on

1447 1204 98 22 Thursday
1553 1204 38 17 last
1599 1204 25 22 by
1634 1204 32 17 the
1681 1206 80 16 steamer
1769 1206 113 22 Polynesian

1447 1228 30 16 for
1486 1228 82 22 Sydney.

1471 1258 39 18 The
1518 1259 130 21 Magistrate's
1657 1258 59 17 Court
1725 1260 30 16 sat
1761 1260 48 17 until
1819 1266 11 11 a
1844 1261 38 16 late

1447 1282 48 16 hour
1502 1283 37 17 last
1549 1282 63 22 night.
1638 1282 33 16 We
1680 1284 62 20 regret
1751 1283 43 17 that
1802 1284 33 17 the
1847 1289 23 12 ex-

1447 1305 82 22 igencies
1539 1305 20 17 of
1569 1311 53 16 space
1631 1305 73 22 compel
1716 1312 20 10 as
1746 1307 19 15 to
1779 1306 45 17 hold
1838 1313 44 11 over

1446 1334 11 11 a
1468 1330 62 20 report
1541 1329 20 16 of
1569 1329 33 16 the
1610 1328 122 24 proceedings
1739 1329 29 17 till
1774 1331 46 15 next
1825 1330 54 17 issue.

1490 1359 78 22 Liberty
1596 1359 32 18 the
1636 1359 75 22 journal
1721 1360 20 16 of
1749 1360 33 17 the
1790 1361 88 17 National

1446 1383 118 17 Association
1584 1383 34 17 has
1631 1383 105 21 suspended
1757 1384 121 21 publication.

1446 1406 19 16 It
1474 1411 43 17 may
1526 1406 23 17 be
1558 1406 45 21 only
1612 1406 29 17 for
1649 1412 11 11 a
1669 1406 65 17 month
1744 1413 21 10 or
1780 1408 38 16 two
1835 1413 21 12 or
1864 1407 16 17 it

1445 1434 44 16 may
1497 1429 25 17 be
1540 1430 30 16 for
1584 1434 48 12 ever.
1666 1428 19 18 It
1706 1429 38 17 will
1767 1430 73 22 depend
1855 1437 23 11 on

1445 1452 32 16 the
1486 1453 78 16 amount
1571 1453 19 16 of
1599 1453 78 20 support
1685 1453 99 21 promised.

1468 1484 38 16 The
1514 1483 102 18 offertories
1624 1484 19 16 at
1654 1483 31 17 the
1694 1484 87 22 morning
1789 1485 38 16 and
1836 1491 31 10 eve-

1444 1507 48 21 ning
1501 1507 78 17 services
1588 1508 19 15 at
1619 1506 32 17 the
1662 1506 75 18 Church
1755 1508 19 16 of
1788 1508 90 22 England

1445 1531 106 15 tomorrow
1567 1529 38 17 will
1622 1529 23 17 be
1662 1529 78 18 devoted
1747 1532 20 15 to
1783 1531 32 17 the
1832 1537 33 16 pur-

1444 1557 55 17 poses
1508 1554 20 15 of
1534 1554 32 16 the
1581 1553 91 16 Diocesan
1690 1554 60 17 Fund.
1776 1554 17 17 A
1810 1555 66 21 special

1445 1581 71 13 sermon
1528 1576 37 17 will
1574 1576 23 17 be
1605 1576 92 22 preached
1711 1576 19 17 in
1747 1577 32 17 the
1796 1578 82 22 evening

1443 1598 26 23 by
1478 1599 32 17 the
1519 1599 62 17 Vicar.

1468 1630 16 17 A
1493 1631 117 16 notification
1619 1630 25 21 by
1653 1630 32 17 the
1692 1630 85 23 Railway
1793 1631 71 23 Depart-

1445 1654 51 16 ment
1505 1654 19 16 in
1539 1654 79 16 another
1627 1653 74 17 column
1715 1656 37 14 sets
1766 1654 50 18 forth
1835 1656 41 16 that,

1444 1676 31 17 the
1485 1677 37 16 line
1530 1678 49 16 from
1588 1677 94 16 Pntararu
1690 1677 90 17 Junction
1790 1680 19 14 to
1819 1677 45 19 Lich-

1443 1698 44 19 field
1492 1699 38 18 will
1545 1700 22 16 be
1577 1699 61 18 closed
1649 1706 22 11 on
1682 1700 36 17 and
1733 1701 49 16 after
1798 1701 33 18 the
1849 1702 26 17 Ist

1443 1722 66 18 ..larch
1526 1725 52 17 next,
1588 1723 49 17 after
1650 1722 59 18 which
1720 1723 44 17 date
1781 1723 94 19 Putaruru

1443 1746 39 16 will
1490 1746 23 16 be
1522 1747 31 16 the
1562 1747 71 16 station
1641 1747 30 15 for
1680 1745 92 19 Lichfield
1776 1747 67 18 traffic.

1466 1778 24 16 At
1500 1784 11 10 a
1524 1778 83 21 meeting
1616 1777 20 17 of
1643 1778 33 16 the
1685 1778 67 17 School
1763 1778 112 18 Committee

1443 1805 24 12 on
1475 1801 85 22 Tuesday
1568 1801 58 22 night
1633 1800 16 18 it
1657 1806 37 12 was
1709 1801 77 17 decided
1800 1804 18 15 to
1833 1804 42 16 vote

1443 1822 29 19 for
1479 1823 70 19 Messrs
1558 1823 89 24 Bagnall,
1655 1823 68 19 Hobbs
1735 1824 37 18 and
1789 1824 50 18 Reed
1855 1831 19 12 as

1444 1846 91 19 members
1558 1847 21 18 of
1595 1847 32 18 the
1646 1847 61 16 Board
1725 1848 19 16 of
1762 1848 111 17 Education.

1442 1870 38 16 The
1493 1870 112 17 Committee
1622 1872 49 15 meet
1683 1872 46 15 next
1743 1870 86 23 Tuesday
1846 1872 29 16 for

1442 1893 32 16 the
1483 1893 115 17 transaction
1608 1893 20 17 of
1636 1893 75 21 general
1720 1893 91 19 business.

1465 1928 71 24 Bishop
1542 1929 93 21 Lenihan,
1642 1929 21 18 of
1671 1929 99 18 Auckland
1787 1930 38 17 and
1842 1931 32 17 the

1445 1952 37 16 !<<-v
1503 1952 70 18 Father
1581 1950 89 21 O'Moore
1679 1953 20 16 of
1719 1952 111 19 Melbourne
1843 1960 20 11 ar-

1445 1975 47 17 rived
1502 1976 19 17 in
1531 1976 85 16 Rotorua
1625 1981 23 12 on
1658 1975 83 22 Monday
1751 1976 36 16 last
1796 1977 78 23 putting

1445 2004 21 17 up
1475 1999 21 17 at
1503 1999 33 17 the
1550 1999 64 17 Grand
1624 1999 63 16 Hotel.
1713 1999 38 17 The
1766 1999 71 23 Bishop
1842 2006 20 12 re-

1445 2021 63 18 turned
1518 2024 20 15 to
1547 2022 96 17 Auckland
1653 2028 24 10 on
1686 2022 68 22 Friday
1761 2023 33 16 but
1804 2023 70 18 Father

1445 2043 86 20 O'Moore
1540 2044 80 18 remains
1630 2044 29 18 for
1667 2051 11 11 a
1687 2046 35 16 few
1732 2045 46 23 days
1784 2045 72 23 longer.

1463 2073 32 18 Mr
1513 2073 80 18 Grattan
1612 2074 65 17 Iticrirs.
1696 2074 31 17 th°
1745 2074 43 16 well
1804 2075 67 15 known

1445 2096 91 18 comedian
1546 2097 37 17 and
1600 2097 98 17 theatrical
1715 2102 96 19 manager,
1825 2098 16 16 is
1850 2100 19 15 at

1445 2122 71 19 present,
1526 2119 17 18 in
1553 2120 85 18 Rotorua
1647 2119 66 24 taking
1719 2126 12 11 a
1740 2127 63 10 course
1813 2121 19 17 of
1841 2122 31 16 the

1445 2142 56 18 baths.
1523 2142 39 19 The
1569 2144 81 17 veteran'
1654 2143 34 18 has
1705 2143 80 23 enjoyed
1801 2143 36 18 but
1842 2144 20 17 in-

1445 2165 82 18 different
1534 2166 65 17 health
1614 2166 20 17 of
1647 2166 37 17 late
1691 2166 38 17 and
1738 2172 28 11 we
1781 2173 32 10 are
1827 2167 45 23 glad

1445 2190 14 16 to
1468 2189 56 16 know
1533 2189 43 17 that
1585 2195 10 11 a
1604 2189 76 17 marked
1689 2190 135 21 improvement
1839 2190 32 18 has

1445 2213 49 16 ta'iten
1504 2212 53 22 place
1566 2212 17 17 in
1594 2212 41 17 that
1642 2213 77 21 respect.
1746 2212 30 18 Mr
1785 2213 61 23 Riggs
1854 2213 16 17 is

1445 2235 71 22 staying
1520 2237 18 15 at
1550 2235 31 18 the
1592 2236 66 15 Palace
1667 2235 63 18 Hotel.

1462 2264 34 17 Wo
1505 2269 31 12 are
1544 2265 19 16 in
1576 2264 69 22 receipt
1654 2264 20 17 of
1682 2270 11 11 a
1700 2270 47 16 copy
1761 2265 20 16 of
1795 2265 32 16 the
1837 2265 22 17 Of-

1445 2286 43 17 ficial
1503 2287 50 16 Year
1567 2287 53 16 Book
1633 2287 30 16 for
1678 2288 42 17 t896
1738 2288 92 22 compiled
1847 2288 25 22 by

1445 2310 25 16 Mr
1479 2310 22 17 E.
1510 2310 19 17 J.
1542 2316 35 11 von
1587 2309 109 19 Dadelszon.
1722 2311 23 16 In
1759 2317 12 11 a
1785 2316 50 13 wor<
1851 2312 19 17 of

1445 2333 30 17 this
1485 2335 38 15 sort
1532 2333 91 22 complete
1632 2339 88 16 accuracy
1727 2334 54 16 could
1790 2335 82 22 scarcely

1445 2356 16 17 be
1587 2357 34 16 hut
1632 2362 27 11 we
1668 2356 54 17 think
1736 2364 11 9 a
1760 2357 49 17 little
1821 2364 51 10 more

1445 2384 35 13 sare
1490 2379 60 23 might
1559 2380 47 17 have
1615 2380 46 16 been
1677 2380 93 17 exercised
1778 2380 19 17 in
1813 2380 48 19 revis-

1445 2402 27 23 ing
1481 2402 53 18 those
1543 2403 80 17 sections
1628 2402 83 24 relating
1721 2405 19 15 to
1750 2403 31 18 the
1787 2403 85 19 Rotorua

1445 2425 114 18 Sanatorium
1559 2425 2 23 l
1573 2425 38 18 and
1625 2425 32 18 the
1672 2432 117 16 newspapers
1804 2427 19 17 of
1839 2427 33 17 the

1445 2448 66 23 jolony.

1461 2477 39 17 The
1510 2479 74 16 concert
1592 2477 19 17 in
1623 2477 30 18 aid
1667 2477 20 18 of
1700 2478 32 17 the
1749 2478 68 17 Indian
1834 2478 40 18 Fa-»

1445 2500 43 17 uiinc
1498 2500 60 19 Relief
1564 2500 57 17 Fund'
1630 2500 58 18 which
1698 2502 43 16 took
1750 2501 52 22 place
1811 2502 19 17 in
1840 2502 32 17 the

1445 2523 114 19 Sanatorium
1568 2523 86 17 Grounds
1667 2523 35 19 last
1718 2524 56 23 night
1790 2531 44 14 was,
1852 2526 20 16 in

1445 2545 41 23 spite
1496 2547 20 17 of
1537 2547 31 17 (he
1586 2547 121 23 threatening
1722 2549 63 21 aspect
1803 2549 20 16 of
1839 2549 33 16 the

1445 2570 81 21 tveathor,
1545 2576 23 11 an
1586 2570 108 17 undoubted
1710 2576 77 12 success.
1821 2571 49 18 Both

1445 2592 56 18 Bands
1511 2599 51 11 were
1566 2594 20 16 hi
1593 2593 112 17 attendance
1719 2594 36 16 and
1765 2594 106 17 discoursed

1445 2621 44 12 iomc
1498 2617 93 16 excellent
1600 2617 63 17 music.
1689 2617 38 17 The
1741 2617 52 17 vocal
1802 2619 44 20 part
1852 2618 20 16 of

1445 2639 25 17 the
1477 2640 146 17 entertainment
1635 2645 38 12 was
1689 2641 56 16 much
1762 2641 59 17 above
1839 2641 32 17 the

1445 2667 79 18 iverage.

1461 2695 17 15 A
1488 2694 63 18 choice
1559 2695 88 17 selection
1660 2695 20 17 of
1694 2695 24 17 oil
1733 2695 97 23 paintings
1846 2696 26 22 by

1445 2717 26 16 Mr
1479 2717 22 18 C-
1509 2717 98 18 Blomfield
1618 2723 42 17 may
1670 2723 41 12 now
1720 2718 23 17 be
1752 2723 42 13 seen
1803 2721 20 15 at
1839 2719 36 17 the'

1445 2740 110 17 Dmtoxirr.K
1564 2740 63 19 Office.
1653 2740 51 23 They
1713 2742 94 21 comprise-
1814 2742 57 17 views

1445 2770 11 9 n
1466 2764 38 16 this
1513 2763 149 24 neighborhood,
1673 2764 98 21 Wairakei,
1788 2764 69 21 Whaka-

1445 2792 98 14 •owarewa,
1553 2787 39 21 &c,
1606 2787 38 17 and
1660 2788 48 16 from
1722 2788 49 16 their
1783 2788 78 18 faithful-

1445 2815 34 12 less
1500 2810 38 17 and
1555 2811 94 16 attention
1666 2811 20 17 to
1706 2810 57 18 detail
1784 2817 31 12 are
1828 2811 42 17 well

1445 2832 53 18 ivorth
1512 2830 32 21 Dhe
1553 2834 93 16 attention
1656 2834 20 16 of
1684 2834 61 17 lovers
1757 2834 21 17 of
1786 2836 35 15 art.
1847 2834 23 17 In

1445 2855 77 19 iddition
1532 2858 20 15 to
1560 2857 53 17 these
1623 2857 51 16 there
1687 2863 32 11 are
1734 2863 12 11 a
1758 2857 80 17 number
1852 2858 19 16 of

1445 2879 51 17 water
1503 2879 50 17 color
1562 2879 85 18 sketches
1656 2879 79 18 suitable
1745 2880 29 17 for
1781 2881 92 22 birthday

1445 2908 14 10 >r
1467 2902 68 17 Easter

1449 2930 31 17 Mr
1488 2930 18 17 J.
1517 2931 54 17 Shaw
1580 2931 38 17 and
1632 2931 75 22 family,-
1714 2932 48 17 after
1771 2938 11 10 a
1790 2931 80 23 lengthy

1445 2953 70 22 sojourn
1527 2956 88 21 amongst
1625 2960 21 11 us
1655 2954 60 18 which
1724 2955 132 18 wasunfortun-

1445 2977 42 21 itely
1504 2977 104 22 prolonged
1625 2978 83 21 through
1725 2978 32 17 the
1773 2978 63 18 illness
1851 2979 20 16 of

1447 2999 23 18 he
1478 2999 63 23 genial
1668 3001 45 17 took
1727 3001 50 17 their
1790 3001 65 23 depart-

1445 3027 25 12 lre
1479 3023 29 17 for
1517 3024 104 20 Auckland,
1632 3029 22 12 on
1668 3027 52 14 route!
1729 3024 30 17 for
1763 3024 105 21 Australia,

1445 3051 16 11 >n
1472 3046 116 22 Wednesday
1597 3047 42 17 hist.
1665 3047 31 16 Mr
1703 3047 55 17 Shaw
1766 3048 16 16 is
1798 3048 64 21 always-

1445 3069 4 24 i
1458 3069 87 17 welcome
1553 3069 66 18 visitor
1628 3070 43 16 here
1680 3070 45 16 both
1734 3070 26 23 by
1769 3076 65 12 reason
1851 3071 20 17 of

1445 3091 21 16 uis
1476 3091 90 19 bonhomie
1574 3093 37 16 and
1628 3093 27 16 his
1665 3098 91 16 generous
1767 3093 101 23 sympathy

1445 3115 48 16 ivhen
1501 3121 84 12 occasion
1595 3116 90 17 demands
1693 3116 20 17 it.
1733 3116 32 18 Wc
1776 3117 44 16 wish
1832 3117 36 17 him

1445 3143 49 16 vvcry
1502 3144 71 11 success
1591 3138 18 18 in
1628 3138 31 18 the
1671 3139 84 22 political
1770 3140 98 22 campaign

1445 3160 33 18 into
1487 3161 62 17 which
1557 3167 28 11 we
1590 3161 117 18 understand
1713 3162 25 18 he
1745 3163 16 17 is
1776 3163 58 17 about
1851 3165 19 15 to

1445 3184 46 17 inter
1500 3189 24 12 on
1532 3184 28 17 his
1569 3187 64 14 return
1642 3185 20 16 to
1671 3183 104 20 Westral'ia.

1462 3215 31 16 Mr
1501 3215 18 17 J.
1529 3215 16 17 I.
1556 3216 77 22 Philips,
1653 3216 40 18 well
1701 3217 69 17 known
1776 3218 83 21 through-

1445 3239 28 15 out
1481 3238 38 17 this
1526 3239 72 17 district
1607 3239 19 16 in
1635 3240 110 17 connection
1757 3241 47 16 with
1820 3241 40 16 vari-

1445 3267 28 10 ous
1482 3267 76 16 surveys
1567 3262 37 17 and
1612 3268 42 10 now
1660 3262 21 17 of
1689 3262 31 17 the
1726 3263 41 16 firm
1773 3264 22 16 of
1799 3264 73 22 mining

1445 3284 92 22 engineers
1546 3285 37 16 and
1593 3285 72 21 mining
1674 3286 37 16 and
1727 3286 45 16 land
1789 3286 81 18 transfer

1445 3312 94 16 surveyors
1548 3307 59 18 which
1617 3307 53 18 bears
1680 3309 28 16 his
1713 3314 54 12 name
1776 3309 16 17 is
1800 3311 21 15 at
1829 3316 32 16 pre-

1445 3331 37 15 sent
1506 3331 76 22 staying
1609 3333 20 14 at
1657 3332 32 16 the
1711 3332 70 21 Geyser
1806 3333 65 19 Hotel,

1445 3352 173 23 Whakarewarewa,
1628 3354 104 23 recruiting
1743 3355 28 17 his
1786 3356 86 21 strength

1445 3376 46 16 after
1512 3377 69 16 several
1599 3377 75 17 months
1698 3378 20 16 of
1734 3384 46 15 very
1792 3379 81 17 arduous

1445 3399 53 16 work.
1524 3399 33 16 We
1566 3400 47 16 have
1621 3406 25 10 no
1654 3399 59 18 doubt
1723 3401 41 16 that
1813 3401 49 18 bene-

1445 3421 53 17 ficent
1507 3423 66 16 waters
1582 3423 20 16 of
1616 3422 173 19 Whakarewarewa
1801 3424 73 17 backed

1445 3450 23 15 up
1476 3444 25 22 by
1511 3445 32 16 the
1556 3446 85 21 pleasant
1658 3446 136 21 surroundings
1808 3448 22 16 of
1842 3448 32 16 the

1445 3467 68 21 Geyser
1521 3468 65 17 House
1595 3468 38 17 will
1641 3474 45 11 soon
1703 3469 54 17 make
1773 3469 32 18 Mr
1821 3469 42 18 Phil-

1445 3490 33 22 lips
1486 3490 36 17 feel
1553 3491 28 17 his
1590 3497 42 11 own
1706 3492 61 22 again.

1467 3521 100 18 Constable
1583 3522 84 23 Murray,
1680 3528 20 11 as
1717 3523 53 17 Clerk
1776 3524 21 16 of
1809 3523 66 21 Court,

1445 3545 32 16 has
1503 3544 47 17 been
1566 3545 102 22 appointed
1691 3546 71 22 deputy
1771 3556 8 2 -
1787 3547 89 21 registrar

1445 3568 28 16 for
1496 3567 37 17 this
1557 3568 74 18 district
1653 3568 59 17 under
1734 3569 32 17 the
1805 3565 56 27 Regis-

1445 3591 70 16 tration
1531 3591 21 17 of
1564 3591 79 22 Peoples
1656 3591 70 17 Claims
1742 3592 36 17 Act
1809 3592 67 23 passed

1445 3613 36 17 last
1490 3614 76 17 session.
1599 3615 38 16 The
1651 3614 62 22 object
1728 3615 20 17 of
1762 3615 32 18 the
1807 3616 39 17 Act
1861 3615 15 18 is

1446 3636 67 21 simply
1520 3639 20 14 to
1550 3638 64 17 obtain
1627 3638 121 17 information
1762 3638 19 17 in
1794 3639 48 16 view
1858 3639 18 16 of

1446 3659 123 23 establishing
1583 3666 24 11 an
1626 3660 32 18 old
1670 3667 35 15 age
1719 3661 83 17 Pension-
1815 3662 61 17 Fund.

1446 3682 100 18 Constable
1565 3684 79 22 Murray
1661 3684 39 16 will
1722 3685 71 16 receive
1814 3685 62 17 claims

1446 3706 49 16 from
1503 3705 54 18 those
1566 3707 41 16 who
1616 3713 31 10 are
1656 3713 44 10 over
1708 3708 22 15 65
1744 3713 54 16 years
1806 3708 21 16 of
1835 3714 41 16 age,

1447 3728 62 17 whose
1529 3729 72 17 income
1615 3730 44 17 does
1675 3731 33 16 not
1723 3730 68 17 exceed
1800 3730 38 18 £OO
1846 3736 30 17 per

1447 3756 76 15 annum,
1533 3752 42 18 who
1584 3753 48 17 have
1644 3753 71 17 resided
1724 3754 19 16 in
1759 3754 33 16 the
1813 3754 63 21 colony

1447 3774 30 17 for
1485 3775 22 15 20
1516 3780 53 16 years
1577 3775 51 23 prior
1637 3777 19 16 to
1672 3775 87 21 October,
1776 3777 45 17 IS9G
1843 3777 33 17 and

1448 3797 29 16 for
1494 3797 53 18 three
1562 3805 54 15 years
1632 3800 132 21 continuously
1780 3800 96 22 preceding

1448 3820 41 16 that
1499 3820 49 20 date,
1556 3821 37 17 and
1602 3822 42 16 who
1652 3822 48 17 have
1708 3824 33 15 not
1754 3822 48 18 been
1814 3823 62 17 absent

1448 3843 48 16 from
1505 3843 32 17 the
1546 3845 68 21 colony
1622 3845 30 16 for
1660 3850 51 11 more
1719 3846 47 16 than
1776 3846 21 16 18
1806 3846 70 18 months

1449 3866 69 21 during
1527 3867 32 16 the
1574 3868 20 15 lb
1610 3873 53 16 years
1677 3867 51 22 prior
1740 3869 20 17 to
1774 3869 33 17 tho
1821 3869 55 18 above

1450 3889 107 17 mentioned
1575 3890 49 17 date.
1654 3890 103 18 Claimants
1774 3893 51 16 must
1837 3898 30 16 pro-

1450 3911 46 17 dace
1505 3913 87 17 evidence
1600 3920 20 10 as
1635 3914 20 16 to
1670 3913 50 17 their
1731 3914 101 23 eligibility
1846 3915 30 17 and

1449 3935 19 16 in
1478 3935 32 16 tho
1519 3935 77 18 absence
1606 3937 19 16 of
1634 3936 45 17 such
1688 3937 140 18 corroboration
1834 3939 42 16 then

1451 3958 63 17 claims
1524 3965 42 15 may
1575 3960 23 16 be
1607 3959 83 23 rejected
1698 3965 21 11 or
1734 3961 107 21 postponed
1855 3961 21 22 by

1451 3981 31 17 the
1491 3980 179 25 deputy-registrar.
1694 3982 61 18 When
1763 3984 32 17 the
1808 3986 68 15 returns

1451 4010 31 10 are
1491 4005 92 22 complete
1591 4005 37 17 and
1643 4005 37 17 laid
1691 4005 64 18 before
1769 4007 107 18 Parliament

1451 4027 15 16 it
1486 4027 40 17 will
1545 4028 23 17 bo
1588 4029 30 16 for
1638 4029 32 16 tho
1686 4028 65 18 House
1771 4031 21 16 to
1818 4030 58 18 decide

1452 4050 84 17 whether
1544 4052 15 15 it,
1567 4052 39 16 will
1614 4052 23 17 be
1646 4052 83 22 justified
1737 4052 19 17 in
1762 4053 114 23 establishing

1452 4079 23 11 an
1485 4073 35 17 Old
1531 4074 40 22 Age
1580 4075 81 17 Pension
1669 4074 62 18 Fund.
1755 4076 40 16 The
1803 4076 46 18 time
1856 4076 20 18 foi

1452 4097 95 23 receiving
1564 4098 63 17 claims
1644 4097 34 17 has
1694 4097 48 17 been
1756 4099 95 17 extended
1867 4100 9 16 t<

1445 4118 4 22 I
1453 4118 53 22 April
1515 4120 51 18 30th.

1941 127 40 17 The
1989 127 91 22 necessity
2089 128 29 16 for
2127 127 104 23 extending
2237 127 32 17 the
2278 127 61 21 coolin;

1918 150 47 17 tank
1988 150 19 17 in
2028 151 111 16 connection
2159 150 46 17 with
2226 151 33 16 the
2282 150 57 17 Ruche

1918 173 70 22 Spring
2002 179 37 11 was
2064 173 85 22 brought
2165 174 65 16 before
2247 174 32 16 the
2294 174 45 16 Towi

1917 196 63 17 Board
2000 197 21 15 at
2043 197 115 20 Thursday's
2187 197 89 21 meeting.
2313 196 26 16 Th

1917 219 47 17 tank
1972 219 33 16 has
2014 219 47 16 been
2070 219 96 22 inspected
2179 219 38 17 and
2226 219 15 16 it
2256 219 37 16 had
2304 219 35 16 beei

1916 242 133 21 unanimously
2062 242 77 17 decided
2156 242 43 17 that
2212 248 25 11 an
2253 242 86 17 extensioi

1916 266 21 16 of
1951 266 33 16 the
1997 262 46 19 tank
2060 270 38 12 was
2113 271 99 16 necessary
2225 265 20 16 in
2260 265 54 17 order
2330 266 9 15 t<

1917 288 43 20 pive
1976 293 11 12 a
2002 293 68 16 proper
2086 288 69 22 supply
2174 288 20 16 of
2209 289 59 15 water
2284 289 20 15 to
2318 288 21 16 tin

1916 311 94 17 Women's
2016 310 111 22 Swimming
2134 311 56 19 Bath,
2198 311 38 16 and
2245 312 19 15 to
2273 311 66 21 providi

1916 334 30 17 for
1958 334 25 16 its
1995 333 59 22 being
2063 334 85 16 cleansed
2157 335 20 15 at
2184 334 53 16 short
2252 333 87 18 intervals

1916 357 20 17 It
1943 362 38 11 was
1990 356 93 21 proposed
2097 358 20 15 to
2132 356 70 18 extend
2219 357 32 16 the
2267 357 72 21 existing

1915 379 92 17 tank-loft
2013 379 46 17 back
2066 380 19 16 in
2090 379 32 17 the
2127 379 90 18 direction
2221 380 21 16 of
2246 379 32 17 the
2284 379 55 22 spring

1915 402 37 17 and
1962 409 22 10 an
1994 402 86 17 estimate
2089 403 54 16 made
2158 402 75 17 showed
2249 402 32 17 the
2296 402 43 17 worl

1915 425 55 17 could
1984 425 23 17 be
2026 425 48 17 done
2084 427 21 15 at
2115 431 11 11 a
2139 427 40 16 cost
2195 426 19 16 of
2231 424 55 18 £llO.
2318 425 21 17 Mi

1915 449 76 21 Reanoy
2000 448 37 16 had
2050 448 47 17 been
2114 449 77 17 written
2204 450 20 16 to
2238 449 101 21 requesting

1914 471 39 17 him
1963 473 20 15 to
1996 471 139 18 communicate
2150 472 47 16 with
2211 472 33 16 the
2261 472 67 16 Govern-

1914 496 52 15 ment
1974 494 19 17 in
2002 494 32 17 the
2043 496 74 15 matter.
2143 495 19 16 It
2170 494 39 17 had
2217 496 20 16 at
2251 494 33 17 the
2297 499 42 12 samt

1913 518 46 16 time
1967 517 47 17 been
2022 517 77 17 decided
2107 519 20 15 to
2136 518 44 16 take
2189 519 49 20 steps
2244 519 20 15 to
2269 522 70 17 procure

1914 545 11 12 a
1939 540 68 22 supply
2020 541 19 16 of
2058 542 51 15 town
2125 543 60 14 water
2201 541 29 16 for
2246 541 32 16 the
2291 540 39 17 Post-

1913 565 70 15 master
1999 563 50 17 Bath
2070 564 21 16 of
2111 564 93 17 sufficient
2224 564 76 16 volume
2318 563 21 17 foi

1913 586 72 17 douche
1993 592 97 16 purposes.
2115 587 19 17 It
2143 593 38 11 was
2190 586 99 18 estimated
2302 586 37 17 that

1913 615 11 11 a
1933 609 36 17 2in.
1979 610 43 21 pipe
2032 610 48 16 from
2090 609 32 17 the
2130 610 52 16 main
2197 609 55 17 could
2266 609 23 17 be
2311 612 28 19 pul

1913 632 56 17 down
1977 634 20 15 at
2005 638 11 11 a
2025 633 40 16 cost
2073 633 21 16 of
2102 632 55 18 £l2O.

1936 663 45 17 Last
1999 663 77 22 Sunday
2087 665 21 15 at
2121 664 32 16 the
2171 664 104 21 Exchange
2292 663 47 20 Hall,

1911 685 117 24 Wellington
2037 687 32 16 the
2078 687 45 16 Rev.
2134 687 21 18 F.
2171 687 26 16 11.
2207 687 82 22 Spencer
2302 692 28 16 pre-

1911 709 52 17 sided
1972 711 19 15 at
2000 711 38 15 two
2052 709 78 18 services
2145 710 44 17 held
2202 710 19 16 in
2235 710 104 17 connection

1911 732 46 18 with
1980 732 32 18 the
2033 732 122 23 Evangelical
2176 733 70 17 section
2268 733 21 17 of
2311 733 28 16 the

1911 755 74 17 Church
1993 756 19 16 of
2029 755 95 22 England.
2150 757 22 16 In
2183 762 11 10 a
2205 756 36 16 few
2254 756 75 22 explana-

1911 780 42 20 tory
1962 779 82 16 remarks
2061 778 51 23 prior
2120 780 22 15 to
2155 779 33 16 the
2197 785 73 10 sermon
2282 781 21 14 at
2312 779 27 16 the

1911 802 80 21 evening
2007 802 75 19 service,
2106 802 62 17 which
2185 808 38 10 was
2240 802 99 17 conducted

1910 830 24 11 on
1944 825 73 17 Church
2025 825 20 16 of
2053 825 90 20 England
2152 825 53 20 lines,
2215 825 32 17 Mr
2263 825 76 22 Spencer

1910 847 37 18 laid
1954 848 55 17 down
2019 847 31 18 the
2065 847 61 24 policy
2136 849 21 16 of
2170 848 33 17 the
2219 848 120 21 Evangelical

1910 872 61 20 party,
1988 871 38 16 and
2039 871 114 21 proclaimed
2175 872 24 15 its
2216 872 35 15 five
2268 871 71 22 leading

1910 894 80 17 features
1999 896 20 14 to
2028 894 22 16 be
2059 900 19 10 as
2089 894 73 17 follows
2172 894 3 23 :
2177 894 51 23 —(1)
2239 894 39 17 The
2287 894 42 16 abso-

1908 917 40 17 lute
1973 922 110 17 supremacy
2106 917 16 17 it
2150 917 74 22 assigns
2248 919 20 15 to
2291 917 48 22 Holy

1910 941 103 21 Scripture:
2028 939 26 23 (2)
2063 941 32 16 the
2104 940 58 22 depth
2171 940 38 17 and
2219 946 120 16 permanence

1909 964 13 15 it
1941 963 72 23 assigns
2037 965 20 15 to
2073 964 33 15 the
2122 963 94 18 doctrines
2233 964 20 16 of
2271 964 68 16 human

1908 985 106 21 sinfulness,
2040 986 32 17 the
2096 988 118 21 corruptness
2230 986 20 17 of
2271 986 68 18 human

1908 1011 67 15 nature
1984 1009 4 23 ;
2003 1009 27 23 (.'>)
2039 1009 32 17 the
2080 1009 117 23 importance
2205 1010 14 16 it
2229 1009 84 18 attaches
2322 1014 17 12 to

1908 1032 33 17 the
1950 1032 51 17 work
2010 1032 37 17 and
2062 1032 51 17 office
2123 1033 20 16 of
2150 1032 56 17 Jesus
2218 1033 62 16 Christ
2291 1030 3 25 ;
2315 1030 24 25 (4)

1907 1055 32 17 the
1948 1055 46 23 high
2004 1055 53 22 place
2071 1056 16 16 it
2101 1056 73 21 assigns
2190 1058 20 14 to
2224 1056 32 17 the
2270 1056 69 17 inward

1907 1079 51 16 work
1968 1079 20 16 of
2002 1079 31 16 the
2045 1079 52 21 Holy
2113 1078 58 23 Spirit
2180 1079 18 16 in
2213 1079 32 17 the
2259 1078 53 18 heart
2321 1080 18 16 of

1906 1106 56 14 man;
1976 1100 26 24 (o)
2016 1102 32 16 the
2065 1101 116 23 importance
2193 1102 14 17 it
2222 1101 84 18 attaches
2320 1104 19 15 to

1906 1125 33 16 the
1954 1124 84 17 outward
2052 1125 37 16 and
2104 1125 66 17 visible
2184 1125 52 16 work
2250 1126 20 15 of
2285 1125 54 17 Jesus

1906 1148 63 17 Christ
1981 1148 18 16 in
2014 1147 32 18 the
2057 1148 54 16 heart
2128 1148 20 16 of
2169 1153 50 13 man.
2252 1148 39 17 Tiie
2308 1154 31 11 rev

1905 1171 108 21 gentleman
2027 1169 89 24 enlarged
2133 1176 51 17 upon
2198 1171 32 17 the
2247 1171 92 18 doctrines

1904 1194 21 17 of
1933 1194 33 17 the
1979 1193 122 22 Evangelical
2117 1194 74 17 Church
2209 1194 59 17 under
2285 1195 52 16 these

1904 1217 64 19 he-ads,
1986 1216 35 17 and
2036 1217 110 16 announced
2160 1218 29 16 his
2207 1217 92 18 intention
2319 1218 20 17 of

1904 1240 82 21 starting
1993 1246 12 10 a
2018 1240 71 17 branch
2098 1240 20 17 of
2126 1240 32 17 the
2167 1240 75 18 Church
2251 1241 19 16 in
2287 1240 39 18 Wel-

1904 1263 81 22 lington.

1927 1295 26 16 At
1970 1294 32 18 the
2019 1294 129 23 Magistrate's
2165 1295 58 17 Court
2238 1294 100 24 yesterday

1903 1317 88 23 morning
2000 1317 114 19 Lieut.-Col.
2125 1317 80 19 Roberts
2214 1322 47 18 gave
2270 1319 27 17 his
2304 1318 22 18 de-

1903 1340 57 19 cision
1970 1341 18 16 in
1998 1341 32 16 the
2043 1340 70 24 charge
2127 1342 20 16 of
2162 1341 85 23 illegally
2262 1342 76 21 netting

1903 1363 34 18 fish
1947 1362 93 25 preferred
2050 1367 20 14 at
2077 1364 31 17 the
2117 1364 85 17 instance
2211 1365 20 16 of
2236 1365 31 16 the
2273 1365 51 16 Auck-

1903 1387 43 17 land
1961 1386 159 19 Acclimatisation
2136 1387 75 23 Society
2224 1387 76 24 against
2317 1389 17 15 1-1

1903 1410 77 17 natives.
2011 1409 31 18 Mr
2056 1409 123 24 Humphreys
2196 1410 93 23 appeared
2308 1410 28 18 for

1903 1432 116 18 defendants.
2045 1433 39 17 Col.
2094 1433 80 18 Roberts
2180 1433 40 18 said
2229 1434 41 17 that
2278 1434 14 17 it
2299 1434 37 17 had

1903 1456 44 17 been
1961 1456 105 17 contended
2079 1457 29 16 for
2121 1457 33 16 the
2169 1457 111 16 defendants
2294 1458 40 15 that

1903 1479 30 17 the
1948 1480 68 20 Treaty
2029 1480 20 16 of
2064 1479 95 21 Waitangi
2175 1480 76 17 secured
2269 1482 21 15 to
2303 1480 33 18 the

1903 1503 70 16 natives
1983 1503 31 16 the
2023 1502 54 22 right,
2085 1503 19 17 of
2113 1502 70 24 fishing
2191 1503 37 16 and
2235 1503 42 17 that
2284 1503 51 17 these

1903 1526 58 21 rights
1970 1531 48 11 were
2026 1526 99 21 preserved
2134 1527 19 16 to
2163 1526 51 17 them
2223 1526 26 22 by
2263 1527 71 16 certain

1903 1548 44 18 Acts
1955 1549 20 17 of
1983 1548 121 18 Parliament.
2135 1550 53 21 They
2203 1549 39 17 also
2256 1549 78 18 claimed

1903 1572 102 21 ownership
2027 1572 20 16 of
2066 1572 33 17 the
2119 1572 45 17 land
2185 1578 25 11 on
2230 1572 45 18 each
2296 1573 38 17 side

1903 1595 17 17 of
1936 1595 33 17 the
1988 1595 130 23 Ngongotaha
2139 1597 69 16 stream
2224 1596 61 17 where
2301 1596 33 17 the

1903 1617 68 24 alleged
1993 1618 70 18 offence
2078 1619 93 20 occurred,
2190 1620 20 16 to
2230 1620 33 16 the
2283 1619 40 18 fore-

1903 1641 50 17 shore
1970 1642 20 16 of
2002 1641 32 17 the
2054 1641 42 18 lake
2110 1642 43 18 and,
2171 1641 126 24 presumably,
2313 1644 20 15 to

1903 1664 27 17 the
1946 1665 69 17 stream
2028 1665 59 16 itself.
2111 1665 35 17 His
2161 1665 88 23 Worship
2262 1671 38 11 was
2314 1666 20 16 of

1903 1687 71 22 opinion
1983 1687 41 17 that
2034 1687 31 17 the
2075 1688 67 22 Treaty
2151 1687 21 19 of
2177 1688 95 22 Waitangi
2277 1688 55 18 could

1903 1712 29 15 not
1941 1710 22 17 bo
1973 1712 27 15 set
2007 1717 31 16 up.
2066 1711 47 16 That
2122 1713 62 20 treaty
2193 1717 38 11 was
2245 1712 44 21 only
2302 1712 20 16 in-

1903 1733 64 17 tended
1975 1736 20 14 to
2003 1740 63 10 secure
2075 1735 19 15 to
2104 1734 32 17 the
2144 1734 73 17 natives
2226 1735 32 16 the
2270 1735 61 20 rights

1903 1756 15 18 of
1928 1757 70 21 fishing
2010 1757 60 17 which
2086 1757 46 21 they
2144 1757 96 23 possessed
2254 1758 21 17 at
2291 1758 41 16 that

1903 1780 108 17 time—that
2030 1780 16 17 is
2067 1782 20 15 to
2108 1781 31 16 the
2164 1780 112 23 indigenous
2297 1781 34 16 fish

1903 1803 35 17 The
1948 1803 44 17 Acts
2001 1803 19 17 of
2032 1803 43 17 hS?7
2090 1804 38 16 and
2144 1805 44 16 ISS4
2204 1804 31 16 did
2250 1805 34 16 not
2298 1809 22 12 ex-

1903 1826 40 16 tend
1959 1825 54 19 those
2030 1827 61 21 rights
2101 1827 34 16 but
2145 1827 71 22 merely
2231 1827 100 22 preserved

1903 1849 46 17 them
1960 1851 20 15 to
1986 1849 32 17 the
2026 1849 79 18 natives.
2131 1850 31 17 He
2175 1849 107 19 considered
2300 1850 31 18 the

1903 1872 81 23 question
1994 1873 20 16 of
2023 1879 8 10 a
2042 1873 54 16 claim
2106 1872 21 19 of
2132 1873 42 18 title
2183 1874 61 16 raised
2258 1874 63 16 insuffi-

1903 1896 43 16 cient
1963 1896 21 16 to
2005 1897 42 15 oust
2068 1896 35 17 the
2121 1896 119 22 jurisdiction
2262 1897 20 17 of
2299 1896 32 18 the

1903 1918 58 17 Court.
1990 1919 29 16 lie
2029 1919 95 17 dismissed
2135 1921 32 15 the
2176 1920 123 16 information
2311 1926 20 10 as

1903 1941 69 21 tgainst
2001 1947 55 12 seven
2084 1943 73 16 natives
2181 1943 38 16 and
2233 1942 98 18 convicted

1903 1965 25 16 Hie
1937 1966 54 15 other
2002 1971 55 10 seven
2066 1966 43 16 who
2118 1971 48 12 were
2175 1964 50 19 fined
2236 1967 32 16 40s
2285 1966 45 17 each

1903 1987 29 18 ind
1948 1988 54 18 costs.
2028 1987 39 19 Col.
2085 1988 80 18 Roberts
2181 1988 73 19 further
2269 1988 62 18 stated

1903 2010 34 18 that
1947 2011 23 17 he
1978 2010 38 18 had
2028 2011 43 22 only
2085 2012 83 17 inflicted
2183 2013 32 16 the
2231 2012 98 18 minimum

1903 2035 75 21 penalty,
2001 2034 32 18 the
2054 2035 103 17 maximum
2172 2041 38 11 was
2226 2034 43 19 £SO.
2299 2035 32 17 Mr

1903 2056 114 24 Sumphreys
2026 2058 61 16 staled
2096 2058 41 18 that
2147 2064 20 12 as
2176 2058 38 17 this
2221 2065 36 10 was
2264 2065 11 10 a
2281 2059 49 16 most

1903 2103 34 18 rive
1946 2103 66 18 formal
2022 2105 61 16 notice
2092 2105 19 17 of
2124 2105 73 22 appeal.
2223 2105 67 17 Anaha
2305 2105 25 16 Te

1903 2127 53 16 Rahul
1966 2127 44 16 then
2020 2133 40 10 rose
2069 2128 37 16 and
2117 2128 62 17 stated
2195 2134 24 11 on
2231 2128 65 17 behalf
2310 2128 21 16 of

1904 2150 22 16 he
1943 2150 71 16 natives
2031 2150 42 17 that
2090 2151 46 20 they
2150 2151 64 16 would
2231 2150 97 21 assuredly

1903 2172 57 23 rppeal
1970 2174 20 15 to
1999 2172 31 18 the
2040 2172 92 23 Supreme
2139 2173 65 17 Court.

1916 2209 84 18 THOSE
2010 2209 60 18 WHO
2079 2210 51 17 ARE
2147 2209 157 21 MISERABLE,

1903 2260 67 17 [listless
1986 2260 36 17 and
2032 2260 110 18 debilitated
2156 2267 32 11 are
2205 2261 69 17 offered
2291 2260 38 17 this

1903 2283 171 19 nedieine—Wolfe'
2085 2284 160 22 Schnapps—and
2254 2289 28 11 we
2297 2289 20 12 as-

1903 2308 28 15 icrt
1939 2307 16 16 it
1964 2306 38 17 will
2010 2307 80 22 entirely
2107 2307 121 17 re-establish
2245 2307 54 17 them'
2306 2307 21 17 in

1903 2329 61 18 tealth.

1916 2395 53 17 THE
1989 2395 133 18 OKOROIRE
2143 2396 88 17 HOTEL
2251 2396 53 17 AND

2022 2418 176 18 SANATORIUM.

1916 2465 21 16 Jt
1956 2464 15 18 is
1991 2464 100 22 becoming
2107 2471 51 11 more
2175 2465 38 17 and
2229 2471 51 11 more
2297 2466 32 16 tho

1893 2492 61 20 vogue
1963 2487 46 18 with
2019 2488 96 18 travellers
2129 2488 86 18 between
2229 2486 99 20 Auckland

1893 2511 37 17 and
1941 2510 84 18 Botorua
2034 2512 19 17 to
2062 2511 58 17 break
2129 2512 33 17 the
2178 2512 81 22 journey
2275 2512 26 22 by
2317 2518 11 11 a

1893 2536 42 19 stay
1944 2536 20 14 at
1973 2534 95 20 Okoroire,
2079 2534 37 18 and
2126 2535 31 17 the
2166 2541 67 11 reason
2246 2535 30 18 for
2290 2535 38 17 tliis

1893 2557 15 17 is
1916 2559 35 14 not
1960 2557 29 16 far
1997 2559 19 15 to
2026 2557 47 20 seek,
2100 2557 33 18 We
2142 2559 87 21 question
2238 2558 15 17 if
2261 2565 11 10 a
2278 2564 50 11 more

1893 2580 124 18 comfortable
2024 2580 78 22 abiding
2111 2581 59 21 place,
2180 2581 60 17 either
2249 2581 29 17 for
2295 2581 32 17 the

1893 2603 70 17 invalid
1973 2609 21 11 or
2008 2603 28 18 her
2048 2604 44 17 who
2107 2604 16 17 is
2140 2604 45 22 only
2201 2610 25 11 on
2243 2604 85 23 pleasure

1892 2627 52 19 bent,
1966 2632 51 11 more
2032 2626 101 19 luxurious
2147 2628 39 16 l«wt!
2201 2639 8 9 ~
2227 2634 21 10 or
2267 2628 61 16 better

1893 2649 71 18 cooked
1972 2649 66 17 viands
2047 2650 54 17 could
2111 2650 22 17 be
2142 2651 60 16 found
2210 2651 117 22 throughout

1893 2673 32 16 the
1933 2673 66 21 length
2009 2672 37 18 and
2055 2673 80 17 breadth
2144 2674 20 17 of
2180 2674 56 17 these'
2249 2674 76 17 islands.

1892 2695 39 17 Tho
1952 2696 60 16 whole
2032 2696 136 21 surroundings
2189 2697 20 17 of
2229 2697 32 17 the
2281 2697 47 17 twin

1893 2718 151 18 establishments
2085 2719 31 17 the
2137 2719 59 18 Hotel
2213 2719 37 17 and
2267 2720 48 18 Sana-

1893 2742 124 17 torium—are
2038 2743 20 16 of
2078 2743 32 17 tho
2135 2744 49 16 most
2208 2743 119 22 picturesque

1893 2765 141 17 character'and
2043 2766 19 16 of
2071 2766 52 17 these
2131 2766 37 17 and
2177 2766 55 18 other
2246 2766 81 18 feature!!

1893 2794 27 12 we
1940 2794 79 16 propose
2040 2789 20 17 to
2081 2788 45 24 give'
2140 2795 11 11 a
2168 2790 53 16 short
2243 2789 72 22 descrip-

1893 2812 46 16 tion.
1975 2811 39 18 The
2041 2812 59 17 Hotel
2125 2812 38 17 and
2186 2813 26 17 its
2232 2813 93 22 adjuncts,

1893 2834 60 17 which
1970 2840 31 11 are
2021 2835 61 17 under
2101 2835 32 17 tho
2154 2837 134 20 management
2307 2835 21 18 of

1892 2857 31 17 Mr
1941 2858 24 16 L.
1982 2858 104 22 Callaghan
2107 2864 32 11 aro
2159 2858 82 17 situated
2262 2865 24 10 on
2303 2865 24 10 an

1892 2881 85 16 elevated
1998 2881 76 22 plateau
2101 2881 58 17 about
2189 2882 33 16 150
2243 2882 38 17 feet
2306 2888 11 11 a-

1892 2904 47 17 bovo
1958 2904 33 17 the
2008 2904 79 17 Waihou
2109 2905 47 16 river
2174 2905 62 17 which
2253 2905 74 17 bounds

1892 2927 32 16 tho
1944 2929 96 20 properly.
2073 2928 39 16 The
2129 2928 108 22 impetuous
2258 2931 68 14 stream

1892 2949 81 18 referred
1980 2951 20 16 to
2007 2950 37 16 and
2053 2950 24 17 its
2086 2950 78 18 affluent
2173 2952 32 16 the
2218 2950 94 19 Waimaka-

1892 2973 31 16 riri
1934 2979 31 10 are
1974 2973 79 17 favorite
2066 2975 67 17 resorts
2149 2975 30 15 for
2195 2975 32 16 the
2241 2975 86 21 disciples

1892 2996 20 17 of
1921 2996 31 17 old
1961 2996 45 17 Izak
2013 2996 76 17 Walton
2104 2997 37 16 and
2158 2998 47 17 from
2222 2998 23 17 its
2260 2999 67 16 waters

1892 3020 32 16 tho
1933 3022 48 14 most
1991 3019 80 17 luscious
2080 3020 84 17 rainbow
2172 3022 52 15 trout
2231 3021 96 21 weighing

1892 3048 26 17 up
1938 3044 20 15 to
1979 3042 40 17 Gibs
2039 3048 32 12 aro
2091 3043 63 17 taken.
2191 3044 40 17 The
2246 3049 81 16 average

1893 3065 70 21 weight,
1973 3065 86 18 however
2067 3066 73 22 maybe
2150 3068 28 15 set
2187 3067 54 17 down
2252 3069 20 15 at
2278 3067 48 17 from

1892 3089 10 16 3
1912 3089 19 16 to
1940 3088 40 17 4lbs
1989 3088 35 17 but
2116 3090 21 17 of
2146 3091 9 15 2
2158 3090 40 17 jibs
2206 3096 32 11 are
2246 3096 25 11 no
2286 3096 41 11 rare

1892 3116 116 12 occurrence.

1916 3135 19 16 It
1945 3140 36 11 was
1991 3135 19 16 of
2019 3135 31 17 the
2059 3135 78 17 interior
2151 3137 142 21 arrangements
2307 3136 20 17 of

1899 3157 26 18 the
1938 3157 88 20 premises
2040 3158 43 17 that
2099 3164 27 12 we
2143 3159 41 17 first
2200 3159 90 17 intended
2306 3160 21 16 to

1899 3180 60 23 speak,,
1965 3181 92 17 however.
2082 3182 65 17 About
2155 3183 22 16 50
2191 3182 99 17 bedrooms
2296 3189 31 10 are

1899 3204 85 17 ivailable
1992 3204 30 17 for
2035 3206 64 19 guests
2112 3205 37 17 and
2162 3206 53 16 these
2232 3211 30 11 aro
2277 3207 50 15 most

1899 3227 110 21 luxuriously
2018 3227 55 17 fitted
2079 3234 32 16 up.
2135 3229 39 16 Tho
2179 3229 147 21 sitting-rooms,

1899 3250 14 17 of
1923 3250 59 17 which
1991 3251 52 16 there
2052 3256 31 13 are
2092 3251 75 18 several,
2178 3252 67 22 appeal
2262 3252 53 17 favor-

1899 3273 38 22 ably
1955 3275 20 15 to
1991 3274 32 16 the
2039 3274 48 16 tired
2104 3275 93 19 traveller,
2216 3275 64 16 whilst
2295 3275 32 16 the

1899 3296 146 21 drawing-room
2053 3296 26 22 by
2088 3297 31 17 the
2128 3299 133 19 arrangement
2268 3298 20 16 of
2295 3298 33 16 the

1899 3321 59 20 pretty
1966 3319 138 19 knick-knacks
2114 3320 62 18 shows
2185 3321 43 17 that
2236 3327 11 10 a
2255 3320 71 18 refined

1899 3343 44 16 taste
1952 3342 34 17 has
1994 3342 46 17 been
2050 3344 19 15 at
2083 3343 58 17 work.
2166 3344 41 17 Mrs
2222 3343 106 23 Callaghan

1899 3365 33 17 and
1941 3366 33 16 her
1989 3365 102 22 daughters
2108 3366 94 21 supervise
2219 3368 31 15 tho
2267 3366 61 19 whole

1899 3389 16 16 of
1930 3389 33 15 the
1979 3389 90 17 domestic
2085 3390 142 21 arrangements
2249 3390 38 16 and
2307 3391 20 15 to

1899 3411 48 17 these
1956 3411 58 17 ladies
2022 3411 31 17 the
2071 3412 58 17 credit
2145 3413 16 16 is
2177 3413 42 17 due.
2252 3413 18 17 A
2285 3415 43 20 post

1899 3434 49 17 office
1956 3434 16 17 is
1980 3434 19 16 in
2008 3435 110 17 connection
2126 3436 47 16 with
2184 3436 33 17 tho
2225 3436 52 17 hotel
2291 3436 37 17 and

1899 3457 50 17 there
1956 3457 16 17 is
1988 3457 107 21 telephonic
2108 3459 157 17 communication
2282 3459 45 17 with

1899 3480 29 16 the
1936 3482 74 14 nearest
2015 3480 104 23 Telegraph
2126 3481 58 17 office.
2210 3483 38 15 Tho
2254 3481 75 19 billiard

1899 3508 50 11 room
1968 3502 38 17 and
2022 3504 64 20 public
2100 3504 36 17 bar
2149 3510 32 12 art
2197 3505 30 17 far
2243 3505 89 17 removed

1899 3526 47 16 from
1955 3525 32 17 the
1996 3526 83 22 sleeping
2088 3528 87 21 quarters
2182 3528 20 17 of
2211 3528 33 17 the
2259 3530 70 20 guests.

1899 3549 37 16 The
1944 3549 71 15 former
2022 3549 15 16 is
2046 3555 11 10 a
2066 3550 90 21 spacious,
2165 3550 50 23 lofty
2224 3551 37 17 and
2277 3551 42 16 well-

1899 3571 73 22 lighted
1979 3573 106 20 apartment
2093 3573 110 23 containing
2211 3580 11 11 a
2234 3580 44 16 very
2293 3573 38 18 fine

1899 3592 50 19 table
1958 3594 25 22 by
1992 3600 34 11 one
2035 3595 20 16 of
2062 3595 33 16 tho
2109 3596 42 17 best
2161 3597 82 22 English
2251 3597 79 17 makers.

1899 3617 29 17 On
1934 3618 33 16 tho
1976 3618 84 21 opposite
2069 3618 39 18 side
2114 3619 21 17 of
2142 3619 33 17 tho
2180 3621 58 16 street
2247 3620 38 23 (for
2293 3620 15 16 it
2316 3620 16 16 is

1899 3646 11 12 a
1919 3640 93 18 minature
2021 3641 69 22 village
2104 3648 28 11 we
2145 3648 31 12 aro
2189 3642 114 26 describing)
2317 3644 15 16 is

1940 3664 77 21 general
2025 3665 55 16 store.
2106 3665 19 17 It
2133 3665 15 18 is
2157 3672 11 10 a
2175 3666 54 22 large
2243 3665 88 22 building

1900 3686 46 18 with
1955 3688 38 16 two
2001 3687 51 17 show
2060 3687 89 18 windows
2158 3689 38 16 and
2204 3689 16 18 is
2229 3688 76 18 stocked
2314 3688 19 17 in

1900 3710 33 16 the
1941 3710 131 17 conventional
2085 3716 78 13 manner
2177 3712 21 17 of
2212 3712 44 17 such
2271 3712 52 16 estab-

1900 3733 105 17 lishments.
2038 3733 99 23 Anything
2153 3740 34 12 can
2203 3735 24 17 be
2243 3734 91 24 procured

1900 3756 44 17 here
1952 3756 48 17 from
2016 3761 11 11 a
2040 3756 92 21 stay-lace
2148 3759 20 16 to
2186 3764 10 11 a
2213 3758 120 17 side-saddle.

1901 3778 117 23 Proceeding
2026 3785 26 16 up
2060 3779 32 17 the
2101 3780 57 17 street
2166 3786 28 12 we
2203 3787 52 11 come
2269 3782 21 16 to
2302 3780 33 18 the

1903 3801 130 18 blacksmith's
2053 3803 53 21 shop,
2128 3803 61 17 which
2206 3804 16 17 is
2239 3803 96 18 furnished

1902 3825 47 16 with
1958 3831 56 15 every
2022 3831 97 16 necessary
2127 3827 105 21 appliance.
2258 3827 17 17 A

1903 3848 20 17 of
1932 3848 73 17 Vulcan
2031 3848 52 17 visits
2091 3848 32 17 the
2132 3850 53 21 place
2197 3856 46 11 once
2260 3856 11 10 a
2285 3849 52 17 week

1902 3871 36 17 but
1944 3871 29 17 for
1982 3877 37 16 any
2027 3871 88 22 ordinary
2123 3872 52 17 work
2181 3879 35 11 one
2225 3874 20 16 of
2253 3871 32 19 Mr
2291 3872 33 18 Cal-

1903 3894 88 22 laghnn's
1999 3894 40 17 lads
2048 3895 15 16 is
2080 3895 48 21 fully
2143 3897 113 21 competent.
2290 3896 36 16 Pro-

1904 3917 79 22 ceeding
1989 3918 73 16 further
2069 3923 23 11 on
2098 3923 28 12 we
2132 3924 51 11 como
2192 3921 20 15 to
2220 3919 33 17 the
2262 3918 75 20 stables,

1904 3940 78 17 harness
1990 3940 37 17 and
2036 3940 41 18 feed
2093 3946 69 15 rooms,
2178 3942 96 17 butcher's
2291 3942 47 21 shop

1905 3963 38 17 and
1951 3963 55 17 other
2015 3963 65 17 offices.
2111 3964 94 22 Fronting
2221 3965 32 17 the
2271 3964 67 18 stables

1905 3985 37 18 and
1954 3987 82 16 between
2044 3987 32 16 the
2090 3987 60 17 Hotel
2166 3988 38 17 and
2217 3988 33 17 the
2264 3988 74 21 cottage

1907 4015 21 11 or
1936 4008 120 19 Sanatorium
2064 4015 30 11 are
2103 4010 32 17 tho
2142 4011 46 16 fruit
2196 4011 38 16 and
2243 4010 95 23 vegetable

1907 4032 86 22 gardens.
2019 4032 55 21 Hero,
2088 4038 54 17 every
2158 4034 73 22 variety
2247 4034 20 16 of
2283 4039 44 16 vege-

1907 4054 51 18 table
1966 4061 28 11 we
2010 4055 54 17 could
2078 4056 56 16 think
2151 4057 24 19 of,
2194 4057 83 21 ranging
2292 4057 46 15 from

1907 4078 105 17 Jerusalem
2026 4079 104 17 artichokes
2147 4079 39 17 and
2202 4085 104 17 asparagus
2322 4079 16 16 to

1907 4100 82 18 broccoli
1998 4100 37 18 and
2044 4102 79 19 seaknle,
2133 4108 38 11 was
2181 4102 65 17 shown
2256 4108 28 11 us.
2304 4101 34 17 The

1909 4129 54 16 crops
1975 4124 20 16 of
2010 4124 76 20 melons,
2096 4125 48 17 both
2159 4125 44 17 rock
2220 4125 39 17 and
2277 4126 61 19 water,

2373 132 101 22 pumpkins
2489 134 38 17 and
2543 132 98 23 vegetable
2665 138 79 11 marrow
2759 138 41 12 weie

2373 156 106 22 something
2488 157 118 17 marvellous.
2632 155 33 16 We
2674 155 47 17 have
2736 160 42 12 seen
2796 155 4 23 ii

2373 178 36 16 few
2418 179 100 21 pumpkins
2527 179 37 18 and
2573 180 55 15 eaten
2637 183 11 12 a
2657 178 35 17 few
2700 178 35 17 but
2745 179 15 16 it
2769 185 31 10 was

2373 200 29 18 for
2411 197 31 21 Sir
2450 202 104 23 Callaghan
2563 204 20 15 to
2592 202 52 16 show
2653 206 22 12 us
2688 201 33 17 the
2736 202 64 22 largest

2373 224 92 20 specimen
2480 231 27 12 we
2520 225 38 17 had
2570 226 33 21 yet
2620 225 27 16 set
2664 230 34 10 our
2714 230 43 15 eyes
2774 230 26 11 on,

2372 247 39 17 The
2420 248 80 21 gardens
2508 249 38 17 and
2555 247 87 18 orchards
2656 248 91 21 comprise
2757 247 43 22 fully

2372 270 11 15 2
2390 276 51 11 acres
2450 271 36 18 and
2501 272 79 17 another
2593 269 79 19 orchard
2686 271 20 16 of
2722 271 42 16 half
2781 275 19 12 an

2371 298 42 12 acie
2421 299 45 12 near
2474 295 32 17 the
2515 295 48 17 river
2570 294 16 17 is
2595 294 19 16 in
2623 299 73 16 process
2712 294 21 16 of
2747 294 53 21 being

2371 315 83 22 planted.
2479 318 38 17 The
2531 318 38 17 rest
2583 317 19 17 of
2615 317 33 16 the
2665 317 22 15 70
2700 322 51 12 acres
2762 323 29 11 sur-

2371 339 94 23 rounding
2471 341 32 17 the
2511 341 51 17 hotel
2571 341 15 16 is
2594 339 39 18 laid
2638 339 55 16 down
2698 340 19 16 in
2724 345 76 16 glass?as

2371 362 52 17 there
2431 363 15 16 is
2455 370 10 10 a
2474 363 127 18 considerable
2609 362 80 17 number
2704 364 20 15 of
2732 364 68 19 horses,

2371 385 56 17 cattle
2435 386 37 17 and
2481 387 56 22 sheep
2545 389 20 15 to
2573 386 24 17 be
2605 384 90 25 provided
2705 386 34 18 for.

2393 407 23 18 In
2426 409 47 17 front
2484 411 21 16 of
2521 411 32 16 the
2569 409 50 17 main
2634 409 87 16 entrance
2737 410 15 16 is
2769 409 31 18 the

2369 432 45 18 pate
2422 431 76 24 leading
2505 435 20 15 to
2534 433 32 17 the
2574 432 62 17 baths.
2666 430 38 18 The
2719 432 80 19 descent,

2369 453 38 17 like
2415 454 42 18 that
2465 458 19 15 to
2495 457 90 18 Avernus,
2595 455 16 17 is
2616 460 23 11 an
2647 459 44 16 easy
2696 461 40 12 one.
2745 456 33 16 but
2785 456 14 16 it

2369 477 15 15 is
2390 478 21 16 to
2420 484 10 10 a
2439 478 87 18 Paradise
2535 485 28 11 we
2576 482 32 14 are
2616 477 88 22 wending
2715 484 35 12 oar
2758 484 42 16 way

2369 499 58 21 along
2435 501 32 17 the
2475 503 60 21 nicely
2550 500 70 24 graded
2635 500 53 22 path.
2721 501 79 23 Passing

2368 522 26 22 by
2402 524 32 16 tiie
2442 525 83 22 recently
2537 523 119 19 constructed
2672 523 49 17 lawn
2738 525 61 16 tennis

2368 546 73 21 ground
2455 548 36 17 and
2505 549 33 17 the
2552 546 90 23 incipient
2658 546 105 21 plantation
2780 548 20 16 of

2368 569 50 19 oaks,
2429 570 119 22 plane-trees,
2557 572 38 16 &c
2615 569 59 17 which
2689 569 30 17 Mr
2736 571 52 17 Calla-

2368 592 50 19 ghan
2436 593 32 18 has
2484 594 78 23 planted
2578 592 37 18 and
2632 592 61 17 which
2709 594 90 20 promises

2368 616 53 19 great
2430 616 64 22 things
2503 618 18 17 in
2531 618 32 16 the
2572 618 69 16 future,
2653 621 26 10 we
2695 615 68 19 branch
2775 616 25 19 off

2366 639 21 15 to
2395 638 33 16 the
2436 639 33 17 left
2478 640 19 17 in
2507 640 54 18 order
2569 642 19 14 to
2597 639 44 20 gain
2651 644 11 10 a
2674 639 47 16 view
2729 640 21 16 of
2766 640 33 16 the

2367 661 73 22 rapidly
2449 662 76 24 flowing
2533 663 80 17 Waihou
2622 661 53 18 river.
2699 662 40 17 The
2747 663 50 17 hank

2366 684 15 16 is
2390 684 74 21 fringed
2474 687 45 16 with
2528 687 78 16 willows
2614 684 37 17 and
2664 685 53 16 other
2731 686 66 17 shrubs

2366 706 55 18 while
2430 708 42 18 here
2481 710 36 17 and
2527 710 53 17 there
2585 708 33 18 the
2623 707 82 24 graceful
2714 708 83 21 cabbage

2365 730 52 20 palm
2434 731 17 17 in
2470 733 73 22 clumps
2560 738 20 11 or
2597 731 62 21 singly
2675 731 36 17 add
2728 734 21 14 to
2765 733 32 15 the

2365 750 70 25 beauty
2444 755 19 16 of
2474 755 33 18 the
2521 756 77 22 picture.
2629 754 116 21 Proceeding
2761 760 24 18 up-

2366 776 67 18 stream
2443 783 27 12 we
2484 784 52 12 come
2549 780 20 15 to
2587 777 80 18 another
2682 777 78 18 orchard
2778 778 19 17 of

2365 799 41 17 half
2414 806 23 10 an
2446 807 47 12 acre,
2505 802 58 17 which
2574 802 14 16 is
2597 801 19 16 in
2626 805 73 18 process
2708 801 20 16 of
2740 802 58 20 being

2365 821 38 18 laid
2412 825 39 17 out,
2461 825 35 16 and
2505 825 45 17 then
2559 825 25 21 by
2594 830 10 10 a
2613 823 61 18 swin<r
2687 823 65 22 bridge
2770 830 27 10 we

2365 851 50 11 cross
2423 847 32 16 the
2463 847 54 18 river.
2547 848 45 17 This
2608 845 67 20 bridge
2675 845 2 20 l
2687 847 58 16 which
2762 847 34 17 has

2364 868 47 17 been
2420 871 116 17 constructed
2547 877 22 10 on
2579 877 11 10 a
2599 869 54 17 novel
2662 869 34 17 but
2705 870 91 23 perfectly

2364 891 40 17 safe
2413 892 88 23 principle
2512 900 52 11 saves
2572 893 98 19 fishermen
2685 892 82 19 desirous
2777 894 19 16 of

2364 913 99 25 whipping
2468 917 32 17 the
2512 919 65 15 waters
2585 916 21 18 of
2618 916 32 17 the
2665 914 130 20 Waikamariri

2364 943 10 10 a
2395 939 126 18 considerable
2537 941 72 16 detour.
2636 940 25 15 As
2678 943 34 12 one
2729 940 20 16 of
2763 940 32 16 the

2364 966 56 15 many
2430 963 109 17 attractions
2548 964 20 16 of
2577 961 90 20 Okoroire
2672 961 17 17 is
2693 962 33 18 the
2731 962 53 26 splen-

2364 983 30 18 did
2405 984 68 23 fishing
2486 987 59 16 which
2564 990 42 17 may
2620 985 22 16 be
2660 984 87 19 obtained
2764 985 31 18 Mr

2364 1006 104 22 Callaghan
2489 1010 33 16 has
2543 1015 49 15 gone
2619 1010 20 15 to
2668 1008 126 19 considerable

2363 1030 74 17 trouble
2453 1031 19 17 in
2488 1033 83 20 clearing
2588 1032 33 17 the
2635 1031 60 17 banks
2712 1032 19 16 of
2747 1032 46 17 both

2364 1054 285 25 streamssoastogiveanglerso
2656 1054 49 20 good
2712 1055 82 21 footway

2362 1076 39 17 The
2408 1076 158 20 Acclimatisation
2569 1077 76 23 Society
2648 1077 76 18 assisted
2731 1079 18 15 in
2756 1079 38 16 this

2362 1099 35 17 but
2405 1106 20 10 as
2434 1100 23 17 its
2466 1101 55 18 funds
2536 1108 31 10 are
2582 1107 24 11 no
2622 1101 66 19 longer
2702 1101 92 17 available

2362 1121 30 19 for
2401 1121 34 20 the
2442 1128 80 19 purpose
2530 1124 38 18 and
2576 1123 55 19 much
2650 1124 79 16 remains
2744 1126 19 15 to
2770 1125 23 16 be

2362 1145 54 21 done,
2434 1152 10 11 a
2461 1147 123 24 subscription
2594 1147 31 18 list
2634 1152 38 12 was
2680 1147 71 22 opened
2773 1150 20 14 to

2361 1173 54 17 carry
2423 1175 24 11 on
2456 1169 31 18 the
2496 1171 49 21 good
2555 1171 56 17 work,
2620 1170 36 17 and
2663 1170 38 16 this
2707 1170 32 17 has
2747 1171 45 17 been

2362 1192 85 22 liberally
2464 1194 102 25 responded
2585 1195 19 15 to
2626 1193 25 21 by
2673 1193 53 16 those
2750 1194 42 17 who

2361 1213 95 25 regularly
2465 1216 41 18 visit
2514 1216 89 19 Okoroire
2610 1216 44 17 with
2663 1216 33 17 rod
2702 1216 36 18 and
2746 1223 45 14 gun.

2384 1238 101 23 Retracing
2493 1246 35 11 our
2536 1242 49 19 steps
2596 1246 27 9 we
2632 1246 51 10 come
2695 1242 19 14 to
2731 1235 63 23 where'

2361 1261 31 17 the
2401 1261 156 20 broad-bosomed
2568 1264 67 17 stream
2645 1263 15 16 is
2670 1263 44 22 pent
2724 1269 25 16 up
2758 1263 22 18 be-

2361 1286 57 15 tween
2428 1286 51 22 steep
2491 1286 36 18 and
2542 1285 120 19 rock-bound
2679 1286 59 17 banks
2754 1287 37 17 nnd

2361 1307 31 18 the
2399 1308 81 23 velocity
2488 1310 22 17 of
2515 1310 33 18 the
2557 1310 76 17 current
2640 1308 15 18 is
2669 1309 77 22 thereby
2761 1310 20 17 in-

2361 1331 72 17 creased
2445 1338 10 10 a
2472 1331 131 19 hundredfold.
2635 1331 86 18 Between
2739 1333 51 18 these

2361 1359 71 12 narrow
2448 1355 51 18 walls
2514 1356 15 17 it
2547 1362 51 11 roars
2613 1355 38 16 and
2668 1355 69 18 rushes,
2748 1361 42 13 ever

2361 1376 92 23 plunging
2468 1377 115 19 downwards
2601 1378 45 17 with
2662 1378 53 21 giant
2732 1378 56 24 leaps,

2361 1400 26 17 till
2396 1401 31 16 the
2437 1401 60 17 Canoe
2507 1401 69 24 Rapids
2585 1407 31 12 are
2627 1401 83 18 reached.
2732 1401 57 22 Here,

2361 1423 45 17 until
2415 1423 32 18 the
2456 1425 52 16 other
2517 1425 42 21 day,
2570 1430 23 12 an
2608 1425 31 16 old
2654 1424 61 17 Maori
2732 1431 57 11 canoe

2361 1451 34 12 was
2404 1447 117 21 submerged.
2547 1449 17 16 It
2575 1448 36 17 had
2619 1448 46 15 been
2675 1448 52 17 there
2739 1449 29 16 for
2778 1455 11 10 a

2361 1468 59 23 period
2430 1470 71 23 beyond
2512 1472 31 16 the
2552 1477 83 15 memory
2648 1471 19 16 of
2682 1470 32 17 the
2729 1471 57 18 oldest

2361 1492 102 18 inhabitant
2473 1494 58 18 either
2540 1493 59 19 Maori
2609 1500 21 10 or
2642 1493 100 24 European

2361 1515 13 16 in
2385 1517 66 19 regard
2461 1518 19 15 to
2489 1517 14 17 it
2513 1524 56 16 many
2578 1524 10 9 a
2597 1517 75 18 curious
2681 1517 66 22 legend
2755 1517 34 19 has

2361 1538 40 17 been
2411 1545 71 12 woven.
2507 1540 39 18 One
2556 1541 20 16 of
2585 1540 50 17 these
2645 1540 15 16 is
2669 1541 19 16 to
2698 1540 91 18 theeffect

2361 1561 38 17 that
2418 1568 24 12 an
2460 1563 30 17 old
2507 1564 54 18 chief,
2580 1564 62 16 whose
2662 1565 73 20 temper
2750 1564 38 17 had

2361 1590 59 16 grown
2442 1587 95 17 uncertain
2552 1587 43 17 with
2615 1587 106 19 advancing
2735 1593 52 15 years

2361 1608 31 16 and
2399 1609 61 16 whose
2469 1610 107 22 popularity
2584 1608 38 19 had
2630 1610 146 21 corresponding-

2361 1630 13 22 ly
2383 1631 90 19 declined,
2484 1638 37 13 was
2530 1632 56 19 dared
2595 1632 25 19 bv
2630 1638 34 11 one
2674 1634 19 15 of
2702 1632 28 17 his
2739 1633 48 18 tribe

2361 1655 13 15 to
2392 1654 54 18 shoot
2461 1656 36 16 this
2515 1655 59 22 rapid.
2608 1653 39 19 Tin;
2663 1656 76 17 fearless
2755 1657 32 17 old

2361 1677 90 23 rangatira
2468 1680 74 21 essayed
2556 1681 20 15 to
2592 1679 24 17 do
2634 1685 19 10 so
2670 1679 45 17 with
2734 1680 53 20 eight

2361 1700 59 22 [licked
2430 1707 42 11 men
2487 1705 18 13 to
2521 1702 32 23 ply
2570 1703 31 16 the
2618 1702 84 22 paddles.
2735 1703 52 22 They

2361 1729 44 11 same
2414 1725 20 16 to
2444 1724 47 23 grief
2499 1726 86 17 however
2593 1727 20 15 at
2622 1726 32 16 the
2668 1725 54 22 point,
2736 1726 40 17 indi-

2361 1747 103 17 cated—the
2474 1748 47 18 chief
2535 1749 36 17 and
2585 1749 28 16 his
2628 1748 94 18 followers
2740 1755 46 11 were

2361 1769 18 17 ill
2388 1769 88 18 drowned
2486 1778 19 10 or
2514 1772 84 17 battered
2608 1773 20 16 to
2640 1771 55 17 death
2711 1772 71 23 against

2361 1792 24 18 the
2395 1794 53 16 rocks
2456 1794 35 17 and
2500 1795 32 16 (lie
2538 1794 83 24 capsized
2628 1800 57 12 canoe
2691 1795 94 18 remained

2361 1816 12 16 to
2382 1816 43 20 give
2434 1822 11 12 a
2455 1818 135 24 vraiserpllance
2599 1820 19 14 to
2627 1818 33 16 the
2669 1817 67 23 legend
2749 1824 24 12 un-

2361 1839 14 17 til
2385 1839 36 18 last
2430 1840 125 23 Anniversary
2564 1841 43 21 Day
2616 1841 53 17 when
2679 1841 33 16 the
2725 1841 60 23 heavy

2361 1861 50 19 Hoods
2421 1865 59 19 swept
2493 1864 14 17 it
2524 1865 48 16 from
2589 1865 24 16 its
2630 1863 88 23 position.,
2752 1865 33 17 We

2361 1891 40 16 :iope
2409 1886 32 17 Mr
2450 1886 102 23 Callaghan
2561 1888 35 16 will
2605 1888 23 15 be
2635 1887 42 16 able
2682 1888 20 16 to
2711 1893 74 12 recover

2361 1908 24 17 ho
2413 1909 31 17 old
2469 1910 43 17 relic
2537 1916 20 11 as
2582 1910 14 17 it.
2617 1910 62 17 would
2705 1910 47 18 form
2774 1918 10 10 a

2361 1932 45 18 Treat
2423 1933 99 17 attraction
2541 1935 19 15 to
2577 1933 32 17 the
2625 1933 52 17 hotel
2694 1935 89 19 grounds.

2361 1954 55 19 Below
2424 1955 33 18 the
2465 1956 62 18 Canoe
2535 1956 72 23 Rapids
2616 1956 33 18 the
2664 1959 58 14 water
2737 1957 47 18 boils

2361 1978 27 17 md
2399 1978 68 17 churns
2477 1980 89 21 furiously
2575 1980 19 16 in
2603 1985 11 12 a
2623 1985 77 11 manner
2717 1980 66 17 almost

2361 2001 125 19 ndescribable
2495 2003 28 16 till
2535 2003 43 17 with
2588 2009 10 11 a
2611 2003 75 22 mighty
2700 2003 55 17 shock
2769 2004 16 16 it,

2361 2025 1 24 !
2361 2030 50 11 orees
2420 2025 24 17 its
2454 2031 41 16 way
2500 2025 84 22 through
2590 2025 34 18 the
2628 2025 74 18 natural
2711 2026 72 23 bridge,

2361 2048 27 16 md
2397 2048 56 21 again
2462 2049 69 16 widens
2541 2051 31 14 out
2582 2049 40 16 into
2631 2049 76 16 abroad
2715 2051 68 16 stream

2361 2070 73 23 lancing
2448 2072 36 16 and
2500 2072 97 23 sparkling
2618 2078 20 8 m
2658 2072 16 14 if
2694 2072 91 23 rejoicing

2361 2099 34 11 )ver
2403 2094 25 17 its
2436 2100 70 17 escape.

2475 2125 41 24 (To
2526 2126 18 17 he
2551 2123 116 26 continued'^

2410 2180 76 18 TOWN
2498 2183 86 15 BOARD
2599 2180 118 18 MEETING.

2375 2227 38 18 The
2418 2228 54 18 usual
2479 2228 87 22 monthly
2570 2228 86 21 meeting
2660 2228 21 18 of
2686 2228 37 18 th#
2726 2228 57 18 Town

2352 2248 61 19 Board
2423 2251 45 17 took
2478 2251 52 21 place
2539 2257 23 12 on
2573 2251 97 23 Thursday
2684 2251 100 19 afternoon

2352 2274 18 17 at
2380 2274 31 17 tho
2420 2274 63 17 Board
2492 2274 51 18 office
2552 2274 54 18 when
2616 2274 51 18 there
2677 2281 47 10 wore
2742 2281 32 17 pre-

2352 2297 41 17 sent
2403 2296 68 19 Messrs
2488 2297 75 23 Dansey
2581 2296 73 25 (chair),
2672 2298 59 17 Brent
2747 2298 37 17 and

2352 2319 28 19 D'r
2388 2320 85 18 Cinders.

2477 2352 190 17 COItifcESPttN'DEXCE.

2375 2380 56 17 From
2441 2380 31 19 the
2481 2381 57 16 Town
2548 2378 61 24 Cleric,
2622 2381 104 20 Auckland,
2737 2382 38 17 stat-

2351 2402 34 24 ing
2401 2404 40 17 that
2457 2404 52 17 there
2524 2409 48 12 were
2585 2410 25 11 no
2623 2404 82 17 obsolete
2723 2404 49 23 lamp-

2351 2427 52 21 posts
2411 2427 97 21 available,
2517 2427 36 17 but
2562 2427 41 17 that
2620 2433 40 12 new
2672 2433 44 11 ones
2730 2428 54 17 could

2351 2449 22 17 be
2386 2451 91 21 procured
2492 2451 48 16 from
2557 2449 113 19 Masefield's
2688 2451 94 22 Foundry,

2351 2473 66 16 Albert
2427 2473 143 18 St.—Resolved
2583 2474 41 17 that
2637 2474 79 17 wooden
2732 2477 52 19 posts

2350 2496 23 17 be
2382 2496 73 18 erected
2464 2496 36 18 and
2509 2496 42 18 that
2560 2496 32 18 the
2601 2497 50 22 price
2660 2497 20 16 of
2688 2496 61 24 lamps
2756 2498 28 17 for

2350 2525 51 11 same
2409 2519 23 17 bo
2441 2520 115 16 ascertained
2563 2519 82 23 through
2653 2520 106 18 MrCurric

2374 2543 56 17 From
2439 2543 32 18 the
2481 2543 100 17 Chairman
2590 2543 86 22 drawing
2691 2545 92 16 attention

2350 2567 20 16 to
2379 2566 32 17 tho
2420 2567 48 16 state
2477 2566 19 16 of
2505 2566 32 17 the
2549 2566 46 17 l'oad
2609 2568 19 15 to
2637 2566 33 17 the
2683 2566 93 22 depot—lA-

2350 2595 38 11 was
2397 2589 62 17 stated
2467 2589 42 17 that
2525 2589 33 17 the
2571 2589 45 17 road
2629 2589 39 17 had
2681 2590 47 17 been
2745 2590 28 18 fas-

2350 2612 54 17 cined
2411 2612 37 17 and
2457 2613 33 21 put
2500 2613 18 15 in
2528 2612 55 18 order
2591 2613 37 16 and
2637 2613 39 17 also
2691 2613 33 17 the
2738 2614 45 16 road

2350 2637 20 16 to
2379 2635 33 17 the
2420 2637 98 20 cemetery.

2374 2658 55 17 From
2439 2659 41 16 Birt
2489 2658 36 17 and
2535 2658 39 19 Co.,
2587 2658 92 19 Dunedin,
2690 2660 19 16 iu
2725 2660 48 16 refer-

2350 2686 44 13 ence
2409 2682 20 17 to
2446 2688 12 11 a
2472 2681 103 23 complaint
2589 2682 25 22 by
2629 2682 33 17 the
2670 2682 62 18 Board
2741 2682 42 19 that

2350 2705 32 17 the
2390 2705 42 22 logs
2441 2705 20 17 of
2475 2705 42 17 four
2531 2705 71 22 garden
2616 2707 49 15 seats
2681 2705 38 17 had
2736 2706 46 17 been

2349 2728 78 20 broken,
2445 2728 86 22 advising
2552 2728 31 17 the
2604 2728 63 17 Board
2688 2730 19 16 to
2728 2729 54 18 claim

2350 2751 75 22 against
2434 2752 31 16 the
2474 2750 89 18 Huddart
2576 2752 70 16 Parker
2656 2752 32 17 Co.

2373 2773 56 19 From
2439 2775 31 17 Mr
2477 2774 18 17 J.
2505 2773 18 18 J.
2535 2775 62 21 Craig,
2607 2780 20 11 re
2640 2780 51 12 same
2707 2776 73 21 matter,

2350 2797 37 18 and
2396 2798 73 21 stating
2476 2797 42 17 that
2527 2797 23 17 he
2564 2797 37 18 had
2614 2797 70 23 lodged
2700 2804 11 11 a
2728 2799 54 17 claim

2350 2821 46 16 with
2405 2821 32 16 the
2446 2822 65 19 agents
2520 2820 18 17 in
2547 2820 123 23 anticipation
2677 2822 20 16 of
2703 2821 79 24 hearing

2350 2844 47 17 from
2408 2844 32 17 the
2449 2843 184 18 Board.—Resolved
2641 2844 42 17 that
2688 2845 31 17 Mr
2726 2845 56 22 Craig

2349 2867 24 17 bo
2382 2867 85 22 supplied
2477 2867 44 16 with
2531 2867 26 16 all
2569 2867 117 22 particulars.

2373 2888 56 19 From
2449 2889 68 18 Messrs
2536 2890 74 17 Russell
2627 2891 38 16 and
2677 2891 103 22 Campbell,

2349 2914 97 19 solicitors,
2465 2913 103 18 Auckland,
2591 2914 69 21 asking
2681 2914 51 17 what
2749 2915 32 16 the

2349 2936 62 18 Board
2420 2936 88 17 intended
2517 2940 19 12 to
2546 2936 23 17 do
2578 2936 19 17 in
2606 2936 32 18 the
2648 2938 71 17 matter
2724 2938 20 17 of
2748 2938 36 18 the

2349 2960 48 16 lease
2406 2961 19 15 to
2434 2960 22 16 L.
2470 2960 23 16 D.
2508 2959 77 17 Nathan
2602 2959 37 17 and
2656 2959 40 22 Co.,
2713 2961 21 17 of
2749 2961 34 17 the'

2349 2983 85 21 paddock
2443 2989 44 10 near
2495 2982 31 17 the
2535 2982 87 17 Utuhina
2630 2983 53 17 creek
2689 2983 37 18 and
2733 2985 38 16 stat-

2349 3006 33 21 ing
2391 3006 41 17 that
2442 3006 31 17 tho
2481 3006 49 16 lease
2546 3006 19 16 in
2580 3006 87 22 question
2682 3006 38 17 had
2734 3007 46 17 been

2349 3029 105 17 forwarded
2464 3029 28 17 for
2505 3029 221 22 signature.-—Resolved
2738 3030 42 17 that

2350 3052 32 17 the
2391 3053 69 16 matter
2468 3052 22 17 be
2498 3052 90 17 attended
2597 3053 19 16 to
2625 3053 21 16 at
2654 3058 51 12 once.

2373 3075 56 17 From
2450 3075 20 17 T.
2488 3074 97 22 Chapman
2606 3076 68 22 asking
2690 3076 43 17 that
2749 3076 31 17 the

2349 3098 62 18 Board
2420 3098 43 17 take
2472 3099 50 20 steps
2531 3100 19 14 to
2559 3098 48 17 have
2615 3098 33 18 the
2657 3099 69 17 section
2735 3100 46 16 next

2349 3123 20 15 to
2379 3121 29 17 his
2416 3121 19 17 in
2444 3121 94 22 TTaupapa
2547 3121 62 17 Street
2615 3122 73 16 cleared
2695 3123 19 16 of
2719 3123 60 16 scrub.

2349 3144 115 17 —Resolved
2472 3145 42 16 that
2523 3143 32 18 the
2564 3144 62 20 lessee,
2636 3145 32 16 Mr
2676 3145 22 18 P.
2714 3146 64 19 Thorn,

2349 3168 23 16 be
2385 3168 56 22 given
2454 3168 32 16 the
2500 3168 53 16 usual
2570 3168 62 17 notice
2648 3169 20 16 to
2684 3168 50 17 clear
2749 3169 31 16 the

2350 3197 49 11 same
2421 3190 65 18 within
2502 3196 11 11 a
2530 3190 57 21 week,
2606 3190 68 23 failing
2690 3192 59 17 which
2766 3192 16 16 it

2350 3214 61 16 would
2420 3214 23 16 be
2452 3213 47 17 done
2508 3215 19 15 at
2536 3213 29 17 his
2578 3219 86 16 expense.

2373 3237 56 17 From
2438 3236 69 19 certain
2516 3237 72 16 natives
2597 3237 20 16 of
2624 3237 101 18 Horohoro
2738 3237 32 17 ask-

2350 3260 33 21 ing
2392 3260 30 17 for
2430 3266 11 10 a
2449 3259 67 17 refund
2524 3260 21 16 of
2550 3266 11 10 a
2569 3260 75 21 portion
2650 3261 20 16 of
2676 3261 31 16 the
2716 3267 66 16 money

2350 3283 44 19 paid
2403 3283 29 17 for
2441 3283 79 20 damage
2530 3283 48 17 done
2587 3284 19 15 to
2613 3284 49 16 trees
2667 3284 25 21 by
2702 3284 55 18 them.
2759 3293 23 3 —

2350 3307 38 16 Tho
2397 3305 99 19 Chairman
2504 3305 62 17 stated
2574 3306 43 17 that
2627 3307 44 21 they
2683 3307 37 17 had
2736 3307 46 17 boon

2350 3329 93 22 promised
2457 3335 12 11 a
2483 3328 69 17 refund
2566 3329 19 16 of
2599 3334 11 12 a
2623 3330 76 21 portion
2715 3331 21 16 of
2749 3330 33 17 the

2350 3354 78 16 amount
2436 3352 44 20 paid
2484 3352 40 16 into
2533 3352 59 16 Court
2604 3352 14 17 it
2633 3352 32 17 the
2680 3354 48 16 trees
2741 3358 33 12 sur-

2350 3375 61 17 vived.
2435 3375 51 22 They
2495 3380 48 11 were
2552 3380 42 12 now
2603 3375 84 23 thriving
2694 3377 25 16 all
2725 3376 57 21 right.

2350 3398 115 17 —Resolved
2474 3398 41 17 that
2523 3397 33 18 the
2565 3399 39 16 cost
2613 3399 21 16 of
2641 3399 33 16 tho
2687 3400 47 17 trees
2749 3399 22 17 bc-

2350 3421 98 18 refunded.

2375 3445 55 17 From
2439 3444 32 17 the
2484 3444 84 17 children
2582 3444 20 17 of
2616 3444 32 17 the
2665 3445 120 17 Newmarket

2352 3468 63 16 school
2424 3467 114 20 forwarding
2549 3467 54 17 chain
2616 3467 57 17 letter
2686 3469 19 16 in
2719 3468 30 17 aid
2764 3469 20 16 of

2352 3491 70 16 Indian
2432 3490 77 17 Famine
2523 3490 62 17 Relief
2599 3490 55 17 Fund
2669 3491 37 17 and
2719 3491 66 21 asking

2353 3514 32 16 the
2395 3513 61 17 Board
2465 3514 19 16 to
2495 3513 52 17 write
2557 3514 33 16 out
2603 3514 53 16 three
2671 3514 60 22 copies
2747 3514 38 17 and

2353 3536 81 18 forward
2443 3537 33 16 the
2484 3542 49 11 same
2542 3537 21 15 to
2577 3537 53 16 three
2644 3537 86 17 different
2742 3543 33 16 per-

2354 3565 43 12 sons
2406 3565 20 11 so
2436 3565 19 10 -.s
2463 3561 20 15 to
2491 3559 47 22 keep
2547 3559 32 17 tho
2589 3560 53 17 chain
2651 3560 66 17 intact.
2742 3560 44 17 Also

2354 3582 109 23 requesting
2469 3582 33 17 the
2510 3582 63 17 Board
2580 3584 19 15 to
2606 3582 81 19 forward
2693 3582 83 23 subscrip-

2354 3606 47 16 tion.
2403 3605 114 17 —Resolved
2524 3605 43 17 that
2574 3606 32 16 the
2613 3606 65 17 letters
2683 3606 24 17 be
2714 3606 73 17 handed

2355 3630 20 15 to
2384 3629 31 16 Mr
2512 3629 19 16 to
2540 3628 44 17 take
2593 3629 46 17 such
2653 3629 63 17 action
2727 3635 20 11 as
2764 3629 24 17 he

2356 3651 61 19 might
2427 3651 54 17 think
2489 3651 28 17 fit.

2380 3675 55 16 From
2444 3674 32 17 Mr
2484 3674 28 17 W.
2523 3674 22 17 A.
2561 3674 83 18 Boulton
2660 3675 85 23 drawing
2758 3676 20 16 at-

2356 3698 73 16 tention
2437 3698 21 16 to
2467 3698 31 16 the
2507 3698 49 16 state
2565 3697 20 17 of
2593 3698 32 16 the
2639 3698 54 17 drain
2705 3698 84 22 opposite

2357 3721 32 16 the
2397 3721 48 16 farm
2455 3726 44 11 near
2509 3720 31 17 the
2549 3720 87 18 Utuhina
2643 3721 57 20 creek,
2709 3721 35 17 and
2750 3721 40 17 also

2358 3744 19 16 to
2385 3744 33 16 the
2428 3744 95 16 condition
2532 3744 20 16 of
2561 3744 32 16 the
2602 3744 116 17 road.—The
2724 3743 55 18 Chair-

2357 3772 44 11 man
2410 3766 99 22 explained
2519 3766 43 17 that
2570 3766 38 18 this
2616 3768 53 16 work
2681 3767 60 17 would
2756 3773 23 16 ap-

2357 3795 46 15 pear
2409 3795 24 11 on
2443 3796 11 10 a
2463 3789 87 17 schedule
2559 3790 20 17 of
2593 3790 93 23 proposed
2698 3791 65 17 works'
2771 3792 19 15 to

2357 3812 24 17 be
2389 3812 108 17 submitted.

2429 3843 73 17 Ct.erk'
2514 3848 24 12 op
2551 3844 75 17 Works
2636 3843 87 19 Report.

2383 3874 38 17 The
2432 3874 54 17 Clerk
2495 3875 21 16 of
2524 3874 62 18 works
2596 3876 81 16 detailed
2688 3876 20 17 in
2721 3876 28 16 Bis
2763 3881 18 11 re-

2360 3898 44 21 port
2409 3898 33 16 the
2448 3898 75 16 various
2531 3898 63 17 works
2603 3898 71 18 carried
2683 3901 33 14 out
2723 3898 67 21 during

2361 3921 32 16 the
2402 3921 41 21 pa.-il
2454 3921 66 17 month
2529 3921 38 17 and
2573 3921 120 17 enumerated
2702 3922 31 16 the
2742 3922 48 16 work

2361 3944 21 16 to
2394 3943 23 17 be
2432 3943 49 18 done
2496 3944 70 22 during
2581 3945 32 17 the
2629 3945 80 21 ensuing
2722 3945 68 16 month.

2363 3966 73 22 Special
2444 3967 94 17 attention
2554 3973 38 11 was
2604 3968 64 16 drawn
2682 3968 20 16 to
2713 3968 32 16 the
2761 3968 20 17 ab-

2362 3988 95 23 normally
2470 3990 47 22 high
2531 3992 127 21 temperature
2667 3991 19 16 of
2694 3991 32 17 tho
2740 3991 40 17 Post-

2364 4013 70 16 master
2442 4013 55 16 Bath.
2523 4013 40 18 The
2571 4013 58 18 men's
2637 4014 56 17 baths
2707 4014 49 17 since
2764 4014 26 17 the

2364 4035 106 23 beginning
2477 4036 19 17 of
2511 4036 32 17 the
2557 4037 66 16 month
2637 4036 39 17 had
2689 4037 47 16 boon
2750 4038 20 15 at
2787 4035 3 23 a

2364 4059 127 21 temperature
2502 4059 20 17 of
2532 4060 33 16 106
2575 4061 20 15 to
2606 4060 31 16 108
2647 4060 76 21 degrees
2736 4060 54 17 which

2366 4086 38 11 was
2413 4081 56 17 much
2479 4082 68 21 higher
2555 4083 46 17 than
2612 4084 48 15 most
2677 4082 75 18 bathers
2768 4089 15 10 re-

2366 4104 66 17 lished.
2465 4104 49 17 That
2523 4105 37 21 day
2569 4105 46 21 they
2623 4105 54 17 stood
2686 4107 20 15 at
2712 4106 38 17 110.
2763 4106 27 17 Dr

2367 4126 79 18 Ginders
2462 4127 61 17 stated
2531 4128 44 17 that
2590 4128 16 17 it
2622 4128 38 17 had
2676 4128 47 17 been
2735 4134 46 11 ueces-

2821 133 52 20 laary
2891 136 19 14 to
2933 138 47 16 open
2997 134 30 16 the
3044 134 87 17 women's
3151 134 51 21 baths

2821 155 1 26 !
2832 157 46 15 mile
2887 155 75 18 bathers
2972 156 28 16 for
3009 163 9 9 a
3028 157 49 17 hour
3080 162 22 12 or
3111 164 19 8 so
3145 161 52 20 *very
3206 159 19 19 \\;

2829 179 39 17 The
2877 180 61 20 report
2956 179 99 22 suggested
3073 180 39 16 that
3124 187 9 8 :i
3144 181 69 25 cooling
3225 179 4 27 •

2821 202 1 24 I
2830 202 66 17 should
2904 202 22 16 be
2936 202 103 19 constructe
3048 202 3 24 i
3071 202 81 23 [without
3164 209 65 15 concret

2821 219 66 27 [below
2910 225 30 16 the
2959 230 61 14 -J'mu-
3036 226 38 17 and
3081 226 34 18 the
3136 228 56 16 water
3208 235 20 12 co

2821 242 1 32 [
2828 248 68 17 ducted
2905 250 20 15 to
2934 247 32 16 the
2981 247 55 27 paths
3051 248 25 22 by
3083 249 59 22 pipes.
3168 250 26 16 Dr
3206 252 25 17 Gii

2821 269 1 25 |
2827 271 42 17 ders
2877 271 39 17 said
2925 271 14 16 it
2950 270 59 15 would
3020 269 22 18 Be
3051 276 96 18 necessary
3157 276 19 12 to
3190 275 39 18 redo

2829 294 30 16 the
2870 294 125 23 temperature
3010 294 19 16 to
3046 294 30 16 LO2
3091 301 20 9 or
3128 296 29 16 104
3175 295 54 24 degra

2826 317 38 16 The
2874 318 100 16 Chairman
2984 315 83 23 thought
3076 317 14 15 it
3100 323 36 10 was
3145 324 45 11 verv
3199 322 33 19 prol

2825 340 42 17 able
2876 340 41 18 that
2927 338 60 23 ifapit
2994 344 48 13 were
3046 338 139 24 dugbelovrthe
3192 343 41 21 sprit

2825 363 45 22 they
2880 364 61 16 would
2951 366 31 16 got
2989 369 10 10 a
3009 362 42 18 flow
3065 364 20 15 of
3099 367 58 13 water
3169 364 48 22 quite

2824 386 33 16 hot
2867 392 20 11 f>s
2893 386 42 17 that
2944 386 18 16 in
2976 386 32 16 the
3020 386 63 17 baths.
3113 387 30 17 Ho
3157 392 74 18 suggest

2823 409 44 16 that
2876 415 11 11 a
2895 409 54 17 small
2958 409 43 17 trial
3011 410 26 20 pit
3046 409 23 17 be
3083 412 47 14 sunk
3140 411 18 16 in
3168 411 31 16 the
3214 414 18 15 Mr

2823 432 206 17 instance.—Resolved
3038 433 126 21 accordingly.
3178 433 55 20 Varioi

2823 454 55 18 other
2886 454 60 18 works
2956 461 47 11 were
3016 455 76 17 decided
3112 458 20 15 to
3147 457 22 16 lie
3185 459 51 17 carrie

2822 482 34 12 out
2864 478 19 16 in
2893 478 31 17 the
2931 478 55 16 order
2994 478 20 16 of
3022 479 26 16 tin
3055 479 16 16 ir
3081 479 121 22 importance.

2994 510 97 17 Fixaxck.

2844 540 40 17 The
2903 540 87 17 financial
3005 543 100 15 statement
3123 541 74 17 showed
3211 543 26 19 tha

2821 564 32 15 the
2869 564 78 21 receipts
2962 564 48 16 from
3024 564 25 17 all
3067 571 74 10 sources
3156 564 48 17 since
3217 566 26 19 lag,

2821 587 101 17 statement
2930 586 104 18 amounted
3041 588 21 16 to
3071 586 49 20 £157
3133 588 30 17 17s
3171 588 30 17 3d,
3215 591 30 16 arid

2821 609 41 17 that
2872 609 31 17 tiie
2912 612 75 17 present,
2995 609 58 19 credit
3067 611 77 16 balance
3153 614 85 16 amount©

2821 634 20 14 to
2850 633 49 16 il]2~>
2911 633 29 16 bss
2950 633 29 17 sa.
3004 630 94 21 Accounts
3107 633 111 24 amounting
3230 639 5 13 t

2821 652 39 20 £so'
2870 656 29 16 10s
2909 655 22 17 8d
2942 656 121 22 were'passed
3073 656 29 18 for
3110 659 96 20 payment.

2925 687 71 16 BOAIU)
3013 691 24 13 OF
3049 687 94 18 HEAI.Tir.

2843 718 19 16 Tt
2872 724 37 10 was
2918 717 76 18 decided
3007 718 43 18 that
3064 725 11 10 a
3090 719 84 19 meeting
3189 719 19 17 of
3220 721 16 17 tli

2821 739 61 18 Board
2896 741 21 16 of
2931 738 70 20 Health
3016 741 67 18 should
3101 742 44 17 take
3164 742 51 22 place
3226 750 11 10 o:

2821 763 93 21 Saturday
2923 764 55 20 night
2987 768 18 13 at
3016 766 9 14 S
3034 765 77 17 o'clock.

2836 815 174 18 TEMPERANCE
3023 816 77 19 WORK
3114 817 117 20 AMONGST

2807 835 107 21 THE
2949 835 284 21 MAORIES.

2842 884 45 17 Lust
2897 885 50 16 week
2959 886 39 15 Mrs
3008 885 231 26 Hewettaccompaniedbj

2818 908 40 16 Mrs
2868 908 62 20 Foley.
2942 907 95 22 Secretary
3052 909 69 18 of»the
3136 906 101 23 Ohineninti

2818 930 72 18 Branch
2901 931 20 16 of
2930 931 31 16 the
2971 931 67 18 Native
3048 932 123 23 Temperance
3182 933 55 19 Union

2818 953 101 23 proceeded
2929 956 20 14 to
2964 950 77 22 Maketu
3057 955 20 17 in
3095 956 119 17 furtherance
3227 959 15 16 oi

2817 976 32 17 the
2870 976 72 23 objects
2963 978 19 15 of
3003 978 31 15 tin-
3055 978 122 18 Association.
3211 979 32 20 Mrs

2817 999 58 22 Foley
2884 1000 52 16 acted
2947 1006 20 10 as
2975 1000 111 22 interpreter
3096 1000 145 27 throughoutfhj

2816 1023 44 21 trip.
2887 1023 24 16 At
2922 1023 77 16 Maketu
3008 1023 45 23 they
3062 1028 47 12 weVe
3119 1029 37 12 met
3171 1024 36 18 and
3218 1023 2 23 I
3236 1023 4 23 -

2816 1045 92 18 tertained
2918 1046 24 22 by
2954 1046 32 17 the
3003 1047 45 17 Rev.
3067 1047 84 18 Ramaka
3168 1048 37 17 and
3222 1048 21 19 his

2816 1069 42 16 wife
2868 1069 36 16 and
2918 1075 24 10 on
2959 1069 32 17 the
3008 1070 99 21 following
3124 1070 37 22 day
3178 1077 11 10 a
3205 1077 37 17 very

2816 1092 100 16 successful
2931 1093 82 19 meeting
3030 1099 38 10 was
3085 1094 50 18 held,
3151 1095 92 20 composed

2815 1115 67 20 chiefly
2892 1115 19 16 of
2921 1115 52 16 those
2983 1116 40 16 who
3040 1115 37 19 bad
3091 1117 77 17 already
3185 1114 57 24 signed

2815 1138 33 17 the
2855 1137 87 25 pledge.,
2963 1138 39 17 Mrs
3020 1138 72 19 Hewett
3113 1140 99 22 explained
3227 1143 14 15 to

2815 1161 51 17 them
2876 1161 31 16 the
2924 1161 71 21 objects
3010 1161 20 18 of
3043 1162 32 16 the
3091 1163 61 16 I'nioii
3166 1163 38 17 .-ind

2815 1184 78 16 benefits
2903 1181 59 20 which
2973 1185 60 16 would
3043 1185 22 17 be
3083 1186 75 16 derived
3174 1186 26 21 by
3215 1187 18 17 ad-

2814 1206 67 24 hering
2891 1211 18 12 to
2924 1207 23 16 its
2962 1207 105 23 principles.
3098 1209 47 17 Miss
3162 1208 79 24 Spencer,

2814 1230 54 16 sister
2877 1231 19 15 of
2905 1230 31 17 the
2947 1230 45 17 Rev.
3004 1231 19 16 !•'.
3031 1231 24 16 11.
3065 1232 85 22 Spencer,
3160 1233 77 16 formcih

2813 1254 21 15 of
2842 1253 89 21 Rotorua,
2943 1260 37 9 was
2990 1253 68 19 elected
3069 1254 99 23 president,
3182 1254 35 18 and
3228 1267 12 4 .-

2814 1276 39 16 that
2865 1276 43 22 lady
2917 1277 15 16 is
2945 1276 115 23 thoroughly
3074 1280 110 14 conversant
3203 1278 37 19 with

2813 1299 32 16 the
2854 1300 60 15 Maori
2923 1300 95 20 language
3029 1300 34 17 and
3075 1303 82 14 customs
3171 1301 52 18 there
3230 1301 11 18 is

2813 1328 24 11 no
2854 1322 60 17 doubt
2931 1322 41 18 that
2989 1323 59 17 under
3064 1324 34 16 her
3115 1324 84 23 auspices
3216 1325 13 16 tl

2813 1345 71 17 branch
2894 1345 37 17 will
2940 1345 47 17 have
2997 1352 9 10 a
3016 1347 100 17 successful
3123 1353 67 11 career.
3217 1347 23 18 0a

2813 1368 32 17 the
2853 1368 100 23 following
2960 1368 39 23 day
3010 1368 85 24 (Friday)
3114 1371 40 16 Mrs
3171 1370 68 18 Hewett

2812 1391 37 17 and
2858 1392 40 16 Mis
2906 1392 58 20 Foley
2973 1395 47 13 went
3032 1399 22 10 on
3065 1394 19 15 to
3093 1394 25 15 To
3128 1394 52 16 Puke
3186 1394 55 17 whore

2812 1413 44 23 they
2866 1414 67 17 visited
2942 1415 31 16 the
2983 1416 72 16 natives
3066 1416 19 17 in
3102 1416 50 17 their
3169 1416 70 18 whares,

2811 1437 59 18 There
2880 1444 30 10 are
2919 1438 57 16 about
3019 1438 91 18 members
3119 1439 19 18 of
3153 1440 31 16 the
3199 1439 37 17 Bin

2812 1460 73 17 Ribbon
2896 1461 53 16 order
2958 1461 18 17 at
2987 1461 24 17 Te
3020 1461 52 17 Puke
3081 1462 37 17 and
3131 1463 14 16 it
3160 1463 15 16 is
3191 1462 40 18 satis-

2812 1482 72 23 factory
2895 1485 19 15 to
2924 1484 51 16 learn
2985 1483 40 18 that
3035 1485 45 22 they
3091 1491 32 11 are
3132 1486 25 16 all
3166 1486 74 17 staunch

2811 1506 106 17 adherents.
2931 1507 16 16 A
2957 1507 37 16 few
3003 1513 64 16 young
3076 1514 41 11 men
3128 1514 47 11 were
3184 1507 56 19 added

2810 1531 20 15 to
2848 1529 32 17 the
2895 1529 79 18 number
2992 1529 70 23 during
3079 1532 33 16 the
3125 1532 49 16 visit.
3206 1531 35 19 Mis

2811 1552 77 18 Hewett
2897 1559 95 16 expresses
3000 1554 69 17 herself
3081 1555 19 16 in
3109 1556 58 15 terms
3176 1555 20 16 of
3211 1554 19 18 ad-

2811 1575 88 18 miration
2906 1575 102 24 regarding
3025 1577 31 16 (lie
3070 1578 63 16 native
3147 1578 63 17 school
3225 1582 14 12 nt

2809 1599 25 16 Te
2844 1599 52 16 Puke
2905 1599 59 17 which
2975 1599 14 17 is
2998 1599 60 17 under
3066 1601 32 16 the
3105 1601 73 17 control
3187 1602 19 16 of
3213 1600 27 18 Mr

2809 1622 79 22 Capper.
2914 1623 45 16 Ovei
2972 1623 22 16 50
3000 1622 83 19 children
3090 1628 46 13 wore
3143 1624 19 17 in
3168 1623 63 19 attend-

2809 1650 45 12 ance
2863 1651 23 10 on
2897 1646 31 16 the
2937 1645 36 22 day
2989 1646 20 16 of
3022 1646 33 17 her
3069 1647 48 16 visit.
3149 1647 29 17 On
3195 1647 45 18 their

2809 1668 107 16 homeward
2933 1668 79 22 journey
3027 1675 23 11 on
3068 1668 94 25 Saturday
3179 1670 37 17 last
3232 1677 6 9 :i

2808 1691 53 17 short,
2870 1693 41 20 stay
2922 1697 37 11 was
2968 1692 55 17 made
3036 1694 19 15 nt
3070 1693 25 17 Te
3112 1693 54 22 Ngae
3181 1693 59 17 when?

2809 1714 89 23 wedding
2905 1714 98 19 festivities
3017 1721 23 10 on
3055 1717 76 17 a'most
3148 1715 91 19 elaborate

2808 1737 49 17 scale
2872 1743 47 11 were
2936 1738 60 22 going
3012 1744 30 11 on.
3076 1738 60 24 Eight
3152 1739 87 23 blushing

2808 1759 62 19 brides
2879 1766 49 12 were
2935 1760 31 18 led
2975 1761 20 17 to
3003 1762 33 17 the
3043 1761 50 18 altar
3109 1762 24 22 by
3150 1769 20 11 as
3185 1766 54 19 many

2808 1783 128 23 bridegrooms
2945 1784 37 17 and
2990 1784 15 17 it
3014 1785 15 16 is
3038 1785 112 22 interesting
3163 1787 20 15 to
3197 1787 41 15 note

2808 1807 41 16 that
2858 1813 24 10 no
2891 1807 125 22 intoxicating
3030 1808 61 22 liquor
3109 1809 20 16 of
3145 1814 37 16 any
3199 1808 29 18 des-

2808 1829 78 23 cription
2897 1836 37 10 was
2943 1832 20 14 to
2971 1830 23 16 be
3003 1837 48 10 seen.
3077 1832 16 16 A
3106 1832 84 21 meeting
3204 1837 33 12 was

2808 1853 42 16 held
2859 1853 19 17 in
2888 1853 31 17 the
2929 1853 80 23 evening
3018 1854 52 16 when
3086 1855 70 16 several
3169 1855 68 17 natives
3253 1860 6 15 \

2808 1876 64 20 signed
2882 1876 32 17 the
2923 1876 73 22 pledge.
3022 1877 38 18 The
3069 1878 95 20 president
3174 1878 19 16 of
3208 1877 29 18 the

2808 1899 59 17 Men's
2878 1899 116 18 Committee,
3011 1905 11 12 a
3036 1901 69 18 native,
3121 1900 61 17 stated
3199 1901 30 16 th.t

2808 1922 49 16 since
2865 1922 40 17 Mrs
2915 1922 92 18 Hewett's
3016 1924 86 21 previous
3111 1924 43 17 visit
3166 1924 19 17 17
3199 1930 28 10 me

2808 1945 36 17 had
2853 1945 63 22 joined
2926 1946 31 16 the
2967 1946 69 17 Union.
3062 1947 15 16 A
3091 1946 122 18 distribution
3222 1952 9 12 0

2808 1968 69 17 medals
2887 1968 37 17 and
2939 1969 46 16 New
2999 1969 117 18 Testaments
3127 1970 45 17 took
3189 1969 45 25 plaCi

2808 1993 19 15 at
2836 1992 25 16 Te
2869 1991 61 22 Ngae,
2945 1992 37 16 and
2997 1992 40 17 Mrs
3053 1993 77 16 Hewett
3147 1993 37 16 and
3202 1993 36 17 Mia

2808 2015 57 21 Foley
2880 2019 48 13 were
2944 2015 91 17 accorded
3050 2022 12 10 a
3078 2016 67 23 hearty
3156 2017 44 16 vote
3222 2016 16 17 of

2808 2038 68 16 thanks
2886 2038 28 17 for
2924 2038 48 17 their
2981 2038 48 17 visit.

2856 2719 58 19 THE
2923 2719 154 20 WAIOTAPU
3083 2721 93 18 HOTEL.

2830 2771 82 24 Always
2928 2778 12 12 a
2956 2771 86 19 favorite
3052 2772 39 25 trip
3104 2773 49 19 with
3170 2773 55 24 sight-

2804 2804 53 12 seers
2879 2798 35 18 the
2933 2797 87 19 erection
3043 2799 21 17 of
3083 2798 35 20 tho
3137 2799 63 19 Hotel
3216 2802 21 16 at

2804 2824 112 24 Waiotapu
2933 2823 37 20 has
2986 2823 89 25 brought
3085 2824 16 18 it
3121 2831 56 13 more
3195 2825 41 19 and

2804 2856 55 13 more
2887 2850 43 18 into
2947 2850 73 18 favour
3042 2850 49 19 witli
3108 2851 35 18 the
3165 2851 60 23 globe-

2803 2875 87 25 trotting
2900 2876 108 24 fraternity
3018 2876 52 18 ui.til
3081 2876 34 19 the
3122 2877 114 19 wonderful

2803 2902 67 24 valley
2879 2902 47 18 with
2938 2902 25 19 its
2973 2902 78 18 infinite
3060 2902 78 24 variety
3149 2903 21 19 of
3186 2903 40 19 bril-

2803 2928 51 19 liant
2875 2928 105 24 colouring
2999 2928 96 24 promises
3114 2931 21 16 to
3156 2929 24 19 bo
3199 2929 35 19 the

2803 2954 61 26 sight,
2876 2960 40 13 par
2925 2959 133 16 excellence,
3076 2954 21 19 of
3107 2955 42 18 this
3164 2955 59 25 neigh-

2803 2980 112 19 bourliood.
2944 2980 32 18 No
3000 2983 74 15 matter
3090 2981 54 18 what
3168 2988 12 12 a
3194 2982 40 18 few

2802 3006 97 24 purblind
2909 3005 122 19 individuals
3041 3012 96 19 ma}'say,
3149 3008 44 18 who
3203 3007 33 19 for

2802 3032 34 19 the
2844 3032 35 19 life
2890 3032 21 19 of
2921 3032 55 19 them
2985 3035 73 15 cannot
3069 3032 64 19 either

2869 3066 48 18 Find
2926 3068 80 21 tongues
3015 3066 18 17 in
3043 3067 53 19 trees,
3106 3067 59 18 books
3174 3068 19 17 in
3202 3069 36 17 the

2896 3090 83 21 running
2986 3089 74 20 brooks,

2850 3113 86 18 Sermons
2945 3113 19 16 in
2973 3114 68 19 stones,

2804 3152 20 12 or
2835 3145 51 25 good
2897 3145 20 18 in
2928 3151 40 17 any
2978 3144 20 19 of
3008 3145 87 18 Natures
3114 3145 120 21 handiwork

2804 3171 33 19 tho
2844 3171 40 24 trip
2893 3173 19 16 to
2923 3170 110 24 Waiotapu
3050 3170 15 19 is
3081 3171 39 19 full
3137 3173 21 17 of
3171 3172 55 19 inter-

2804 3200 29 15 est
2842 3197 53 18 from
2911 3197 34 18 tho
2958 3199 89 16 moment
3062 3204 38 11 one
3120 3198 60 24 gains
3199 3199 35 19 tho

2804 3223 82 24 highest
2902 3225 57 22 point
2977 3222 22 18 of
3023 3222 35 19 the
3081 3222 67 21 Hemo
3167 3224 69 26 Gorge

2804 3249 40 18 and
2859 3249 58 18 looks
2933 3248 52 19 back
2997 3255 25 12 on
3041 3248 98 24 Kotorua,
3151 3250 40 19 and
3210 3257 26 12 on

2804 3275 192 19 Whakarcwarewa
3011 3274 49 19 with
3083 3275 26 18 its
3134 3276 102 25 steaming

2804 3307 88 19 geysers,
2916 3300 52 19 until
2994 3298 241 27 Maunga-Kalcaramea,

2804 3327 35 18 tho
2977 3326 22 19 of
3015 3332 60 18 many
3090 3327 70 20 colors,
3170 3328 66 19 which

2805 3353 76 24 guards
2897 3352 34 18 tho
2947 3352 100 25 approach
3065 3355 20 16 to
3100 3354 35 17 the
3145 3353 51 20 Valo
3215 3354 21 19 of

2804 3376 35 21 the
2850 3378 115 19 Forbidden
2976 3378 78 23 Water,
3065 3378 16 19 is
3091 3379 93 19 reached.

2831 3404 43 19 The
2884 3404 48 19 roid
2942 3406 21 16 to
2977 3404 109 25 Waiotapu
3102 3404 98 20 branches
3210 3404 29 20 off

2805 3430 36 19 tho
2850 3432 82 23 present
2945 3430 70 24 Taupo
3031 3430 60 19 coach
3108 3431 50 19 road
3175 3434 19 16 nt
3205 3431 34 19 the

2806 3457 59 18 other
2873 3456 43 18 side
2926 3457 21 17 of
2955 3457 34 17 tho
2997 3455 65 19 Hemo
3069 3456 73 25 Gorge.
3171 3457 70 19 When

2807 3483 34 18 the
2851 3482 56 19 work
2921 3488 45 12 now
2976 3481 21 19 in
3015 3488 94 18 progress
3124 3483 65 18 under
3208 3483 33 19 Mr

2806 3508 79 18 Barron
2900 3508 17 18 is
2944 3507 119 24 completed,
3087 3508 99 23 however,
3206 3509 35 19 the

2806 3537 59 16 route
2874 3534 35 18 via
2917 3533 112 24 Waiotapu
3039 3533 39 19 will
3089 3534 25 18 bo
3124 3535 68 18 taken.
3222 3536 19 18 A

2808 3560 56 18 drivo
2874 3560 21 18 of
2905 3559 63 19 about
2982 3561 23 16 10
3024 3559 57 19 miles
3099 3566 28 19 up
3146 3567 12 12 a
3175 3560 68 25 valley

2809 3586 49 18 with
2868 3588 63 21 man}''
2939 3591 12 13 a
2962 3585 52 19 twist
3025 3585 39 18 and
3074 3588 47 16 turn
3131 3587 40 17 and
3184 3587 59 17 down

2810 3612 65 19 which
2886 3611 87 19 tumbles
2983 3616 55 13 more
3047 3611 49 19 than
3108 3618 37 12 one
3158 3611 84 26 purling

2809 3637 100 21 brooklet,
2925 3636 105 25 margined
3040 3637 47 18 with
3097 3638 90 23 graceful
3196 3638 36 19 cab-

2810 3664 54 24 bage
2877 3664 65 24 palms
2960 3662 40 19 and
3016 3662 34 19 the
3066 3662 102 20 beautiful
3187 3664 58 18 toitoi

2811 3696 64 18 grass,
2898 3690 71 21 brings
2987 3695 25 12 us
3030 3690 20 17 to
3069 3689 36 18 the
3121 3690 88 18 turn-off
3224 3692 21 16 to

2804 3715 1 29 j
2814 3716 107 18 Pareheru.
2944 3715 92 18 Tourists
3045 3720 33 13 are
3086 3716 81 21 usually
3174 3716 72 18 driven

2812 3748 48 12 over
2869 3742 46 17 that
2926 3747 49 18 way,
2992 3740 65 18 either
3067 3741 63 24 going
3146 3745 20 14 to
3179 3748 23 12 or
3215 3747 20 12 re-

2812 3767 86 24 turning
2913 3766 52 19 from
2980 3766 118 25 Waiotapu,
3107 3766 21 19 in
3147 3767 58 18 order
3224 3769 21 16 to

2814 3793 65 18 afford
2888 3793 54 18 them
2953 3799 12 12 a
2974 3792 51 19 view
3036 3792 21 18 of
3066 3792 34 18 the
3118 3792 128 19 devastation

2814 3818 95 25 wrought
2924 3821 21 17 at
2956 3818 34 18 the
3005 3818 48 18 time
3064 3818 22 18 of
3094 3818 34 19 the
3138 3818 108 21 Eruption.

2814 3845 62 19 From
2892 3845 35 17 the
2938 3844 82 19 summit
3031 3843 20 19 of
3059 3843 34 19 the
3103 3844 37 18 hill
3147 3851 37 12 one
3191 3845 57 18 looks

2815 3871 89 24 straight
2926 3871 43 17 into
2992 3870 35 18 the
3050 3869 35 19 rift
3107 3870 52 19 from
3184 3870 65 18 which

2815 3903 53 13 were
2876 3896 76 25 ejected
2963 3896 34 18 the
3007 3898 87 16 torrents
3104 3897 20 17 of
3135 3897 59 18 ashes
3209 3896 40 18 and

2816 3922 49 19 mud
2883 3922 64 18 which
2965 3921 41 19 f-till
3030 3927 58 13 cover
3110 3922 36 18 the
3165 3924 85 22 country

2818 3949 33 17 for
2864 3948 58 18 miles
2938 3947 84 19 around.
3059 3946 18 19 A
3095 3947 52 24 good
3165 3947 50 19 view
3233 3948 17 18 is

2818 3974 43 18 also
2878 3973 96 19 obtained
2991 3973 21 18 of
3034 3972 35 19 the
3086 3973 106 19 Turnwera
3208 3973 42 19 and

2817 3999 145 19 Hotcmahana
2983 3998 67 19 Lakes
3070 3999 34 18 the
3119 4000 75 18 former
3215 3999 24 18 be-

2818 4026 37 24 ing
2879 4025 21 19 of
2924 4032 12 12 a
2964 4024 82 26 greyish
3069 4025 40 18 and
3129 4025 34 19 the
3192 4024 58 19 latter

2820 4052 21 17 of
2850 4058 12 12 a
2878 4051 73 19 darker
2961 4051 59 19 color.
3050 4050 29 19 To
3090 4052 34 18 the
3134 4051 64 18 South
3215 4052 33 17 the

2820 4078 132 18 Kakaramea
2962 4076 111 23 mountain,
3088 4077 35 18 the
3142 4076 102 26 Waiotapi

2820 4103 74 24 Valley
2904 4103 40 18 and
2954 4102 35 19 the
3006 4102 88 24 Kaingai
3105 4109 17 12 >u
3139 4102 70 19 Plains
3224 4106 16 15 to-

2822 4129 66 19 wards
2897 4128 89 23 Galatea,
2997 4134 47 17 may
3060 4128 24 19 be
3095 4134 53 13 seem

1142 65 58 19 THE
1228 65 58 20 HOT
1313 66 92 19 LAKES
1435 66 173 23 CHRONICLE,
1636 66 160 23 SATURDAY,
1825 65 156 22 FEBRUARY
2008 68 33 22 27,
2058 65 49 22 1897'

135 223 4 19 '
144 223 66 19 NION
216 223 301 19 STEAMSHTPCOMPANYO]

190 247 58 17 NEW
261 247 121 17 ZEALAND
391 247 88 17 Limited.

153 282 287 15 rattnww».»ndj*:fiu.'«

229 317 45 13 i'UK
288 315 99 15 SIDNEY.

212 381 240 29 ~~3JJJU2225852S

92 633 161 43 nUDDART,
278 634 110 20 PARKER,
410 632 54 18 AND
485 633 31 18 CO

254 657 107 23 (limited),

114 703 95 22 Splendid,
219 703 161 23 Well-appointed
386 702 93 18 Steamers
484 701 33 18 wil

90 725 23 18 be
121 725 114 23 despatched
245 727 47 17 from
301 727 118 19 Atjcbxakb,
429 731 21 11 as
463 725 54 16 undei

88 748 91 23 (weather
194 749 38 18 and
251 750 54 17 other
321 750 142 16 circumstances
479 753 29 17 per-

90 772 95 22 mittiiifr):
187 782 23 2 —

90 794 181 22 FokGISBOENE,
278 795 103 19 NAPIER,
389 793 112 18 WELLING-

111 818 56 20 TON,
179 818 156 19 LYTTELTON,
345 818 15 17 &
369 817 128 20 DUNEDIN,

89 842 99 16 Anglian.
196 841 101 20 Tuesday,
309 841 47 17 Mar.
367 842 16 19 9,
400 841 20 15 12
432 845 55 12 noon.

88 864 106 17 Tasmania
233 865 100 20 Tuesday,
340 864 48 16 Mar.
396 863 58 20 23,12
464 868 53 12 noon,

215 910 51 17 FOE
281 909 110 20 SYDNEY,

134 932 114 24 (Returning
260 936 20 14 to
288 932 98 19 Auckland
394 931 80 23 Direct.)

88 955 93 24 Carrying
201 956 112 23 Passengers
334 956 29 18 for
384 955 133 21 Meiboubxe,

99 978 55 18 other
158 977 130 19 Avstkalian
297 979 69 20 Poets,
373 978 133 20 andHoBAUT,

87 1007 106 16 Tanzania
199 1020 25 3 ...
241 1007 96 18 Monday,
344 1006 49 17 Mar.
401 1006 16 17 8.
426 1006 40 15 3..'!0
472 1011 45 15 i>.m.

87 1030 57 15 Axm.
194 1029 2 22 .
205 1030 103 19 .Monday,
320 1030 47 16 Mar.
377 1030 28 18 22,
419 1029 40 16 5.30
473 1033 44 18 p.m.

112 1056 30 17 AL
152 1056 73 17 Tickets
232 1063 30 10 are
271 1056 91 17 available
371 1056 39 17 also
424 1056 30 16 for
462 1055 44 22 Stop-

90 1084 43 12 over
140 1084 22 12 or
168 1079 72 17 Return
255 1079 25 24 by
292 1079 54 17 ANY
361 1079 86 17 UNION
459 1079 58 17 CO.'S

91 1101 21 18 Wl
121 1101 107 23 EAMERS,
239 1098 36 21 and
283 1102 73 18 holders
365 1103 19 16 of
393 1101 66 19 U.S.S.
476 1101 41 18 Co's

90 1124 73 18 Tickets
183 1131 43 15 may
242 1125 60 17 travel
318 1125 25 22 by
363 1124 118 17 ANGLIAN
497 1129 20 13 or

88 1147 138 18 TASMANIA.

184 1176 22 17 L.
219 1177 24 16 D.
253 1176 107 18 NATHAN
373 1178 15 15 &
401 1176 46 19 CO.,

414 1199 79 19 Agents.

90 1270 151 45 Rotor
245 1283 63 32 ua
327 1270 185 56 Sights.

87 1349 96 25 rjtRIPS
207 1349 140 18 ARRANGED
361 1351 20 16 to
402 1349 61 18 ALL
484 1349 32 18 the

92 1367 24 25 J.
148 1372 107 19 SIGHTS
265 1373 18 17 in
293 1373 31 17 the
333 1373 79 17 District
418 1373 25 22 by
452 1373 63 20 coach,

83 1395 139 18 Meani-himieh
232 1402 21 11 or
261 1396 60 17 horse.

108 1418 88 22 Through
207 1424 87 18 passages
302 1419 73 17 booked
389 1420 21 16 to
423 1418 80 23 Welling-

86 1446 31 12 ton
127 1442 27 16 via
165 1440 98 23 Wairakei,
278 1442 64 23 Taupo
355 1442 37 16 and
408 1442 71 21 Napier
494 1447 22 12 or

85 1464 31 17 the
125 1465 104 16 celebrated
239 1465 105 22 Wanganui
353 1465 57 17 River
419 1465 66 16 Route.

154 1496 153 26 LOWEST
323 1496 124 25 RATES.

86 1552 94 18 GUIDE
206 1552 101 18 BOOKS
331 1557 30 13 on
386 1552 52 18 Sale
468 1552 46 17 and

176 1575 150 18 distribution
341 1574 80 23 gratis.

158 1621 73 18 TIIOS.
241 1621 68 18 COOK
320 1621 54 18 AND
388 1621 54 21 SON,

137 1660 99 17 UINK.MOA
257 1660 82 19 StEEET,
363 1660 103 17 EOTORCA.

80 1966 427 47 HANCOCKS'

203 2041 179 19 CELEBRATED

186 2152 33 42 A
244 2150 37 44 L
297 2150 36 44 E
353 2150 37 44 S.

81 2243 113 31 FINEST
221 2243 88 32 R:ALT
328 2242 63 32 AND
409 2242 97 37 HOPS,

116 2331 51 13 IT.EE
180 2331 53 13 FEOM
247 2331 38 13 ALL
298 2331 128 13 ANTISEPTICS
438 2330 26 13 OE

182 2357 33 13 DEI
224 2357 96 14 ETERIO¥S
337 2357 64 13 ACIDS.

80 2421 136 32 CAPTAIN
239 2422 82 31 COOK
338 2420 166 38 BREWERY,

180 2464 190 20 NEWMARKET.

196 2535 26 13 BY
235 2534 148 13 APPOINTMENT.

111 2660 67 52 H.
230 2657 244 62 KOHN,

80 2727 248 20 MANUFACTURING-
348 2726 158 24 JEWELLER,

155 2754 59 18 AND
231 2752 197 24 .SILVERSMITH,

81 2796 96 26 QUEEN
198 2796 125 29 STREET,
339 2795 168 27 AUCKLAND.

112 2871 27 24 B.
161 2870 189 25 PETERSEN
366 2870 23 25 &
408 2870 65 32 CO.,

81 2911 63 24 High
164 2911 83 22 Street,
266 2911 242 19 CHRISTCHURCH.

103 2975 116 19 HIGHEST
232 2976 107 18 AWARDS
347 2975 138 18 OBTAINED.

81 3010 73 24 Sydney
163 3010 117 20 Exhibition,
289 3011 50 19 1879,
349 3010 37 17 and
398 3010 111 17 Melbourne

204 3034 121 19 Exhibition,.
333 3034 49 16 1890.

83 3102 425 47 Ehfcnfriedßros

222 3175 142 25 BREWERS,

161 3215 107 21 ALBERT
283 3215 147 23 BREWERY,

104 3257 217 24 QUEEN-STREET,
454 3257 38 19 ND

106 3309 66 16 WINE
184 3309 50 16 AND
247 3309 78 16 SPIRIT
335 3307 154 22 MERCHANTS,

125 3344 122 17 BOTTLERS
257 3344 52 16 AND
325 3343 143 21 IMPORTERS,

168 3367 26 18 43,
209 3370 132 12 aUEBN-ETBEET
357 3370 67 11 WHAM'.

174 3417 51 11 I'ltlZK
236 3417 59 11 MEDAL
306 3417 35 11 AND
351 3417 71 12 AWAED3

83 3448 24 15 At
117 3446 29 17 the
160 3446 90 17 following
266 3446 110 16 Exhibitions
391 3446 27 16 for
425 3451 33 11 our
464 3445 39 17 well-

179 3467 61 16 known
254 3467 45 16 Bulk
308 3467 33 16 and
349 3467 68 16 Bottled

195 3488 48 16 AIE
254 3488 51 16 AND
316 3488 85 16 STOUT:

86 3516 68 21 Sydney
162 3515 125 17 International
295 3516 106 17 Exhibition,
412 3516 48 16 1879.

87 3537 99 16 Melbourne
196 3535 124 17 International
327 3537 107 17 Exhibition,
443 3537 70 14 1880-S1

87 3558 43 15 New
137 3557 73 16 Zealand
218 3557 4 20 J
229 3557 3 20 i
240 3558 182 19 Jubtiiallixhibition,
426 3557 77 20 Welling-

130 3583 34 13 ton,
175 3580 47 14 1835.

85 3600 45 16 New
149 3599 72 16 Zealand
237 3599 33 16 and
284 3601 53 14 South
350 3600 40 16 Seas
405 3599 108 16 Exhibition.

129 3620 85 18 Dunedin.
229 3622 76 16 ISS9-90.

85 3643 22 16 In
117 3641 76 16 idditioii
202 3646 16 11 to
229 3643 52 14 .-.bove
290 3643 42 15 have
350 3642 41 16 been
406 3641 79 16 awarded
498 3643 17 14 at

129 3662 102 17 Tasmanion
265 3663 107 20 Exhibition,
399 3662 116 20 Launceston,

130 3685 78 15 1891-1)2.

172 3714 49 16 I'lVl
241 3715 70 16 FIRST
327 3715 104 16 AWARDS

285 3741 33 11 toe

99 3756 65 18 BriE
177 3757 55 16 ICT,
242 3757 45 15 LTD
298 3758 60 15 ALES
375 3757 51 16 AND
443 3757 73 16 STOUT

280 3779 47 17 Also,

174 3799 248 33 CHAMPIONSHIP

118 3841 65 23 Geld
196 3840 21 23 !M
225 3848 7 14 c
241 3839 42 24 dal
292 3841 27 21 of
328 3840 165 24 Australasia

96 3902 85 23 BULK
196 3902 68 23 A3D
283 3902 144 24 BOTTLED
441 3903 65 23 ALE

181 3959 6 16 Z
193 3959 24 16 la\
224 3959 2 21 :
230 3959 4 21 i
242 3965 12 14 jj
261 3965 10 10 a
282 3959 58 21 Large
348 3959 50 16 Stock
406 3961 18 15 of

201 3996 48 16 ALE
260 3996 51 16 AND
324 3996 80 20 STOUT,

146 4037 18 9 en
174 4036 14 10 ;:,
200 4036 15 13 c;i
223 4031 3 21 i
235 4034 14 13 it
258 4031 34 16 and
306 4032 39 20 pint
357 4031 67 19 bottles,
439 4032 77 20 spccialij

170 4052 26 16 for
207 4052 10 15 .1
225 4052 3 19 i
242 4057 73 12 summer
323 4053 53 18 trade,
386 4052 54 17 which
448 4059 28 9 are
482 4059 34 10 new

158 4074 14 14 :'
183 4074 11 13 '.
208 4078 9 10 u
226 4074 64 18 :Uued,
303 4079 31 11 can
347 4074 42 15 -with
403 4078 51 15 every
467 4080 40 10 conn-

215 4095 47 14 ..nil
279 4100 45 10 m.iio
339 4097 17 13 to
371 4099 117 12 connoisseurs
502 4100 14 11 ui

146 4116 8 14 •!
163 4118 17 14 to
188 4120 45 12 none
241 4116 17 14 in
268 4115 28 17 the
304 4116 71 18 Colony.

554 134 230 46 Blookers
833 134 148 54 Dutel?

686 191 159 46 Coeoa.

549 303 138 32 Highest
696 303 125 26 awards
835 304 33 25 at
881 310 100 26 every

670 352 195 26 Exhibition.

582 397 63 26 The
658 398 97 25 latest
768 398 27 25 is
809 398 54 25 the
884 399 96 26 Cross

549 430 34 26 of
589 432 110 24 Honor
712 432 32 23 at
762 431 54 24 the
837 432 124 24 Amster-

548 464 72 24 dam
629 463 188 25 Exhibition
826 464 91 30 1895,
926 464 53 25 the

547 496 128 31 highest
682 496 138 31 possible
829 497 117 25 award.

548 565 61 47 fio
623 571 52 40 to

544 844 169 24 CHEAPEST
722 844 101 24 STORE
828 846 38 22 IN
873 846 102 22 TOWN-

602 910 315 47 TJIILORIJiS.

542 981 111 26 Direct
676 981 82 26 from
782 982 54 25 tlie
866 983 86 25 Manu-

683 1014 149 28 facturer.

541 1097 65 19 Suits
625 1099 24 16 to
671 1097 107 19 Measure
795 1099 24 18 at
836 1099 136 23 Up-to-date

541 1178 44 19 FIT
595 1180 15 17 &
619 1177 218 21 WOEKMANSHIP
845 1177 108 21 GUABAN-

715 1212 80 23 TEED.

574 1245 203 32 V/KOLESALE
795 1244 143 33 FACTORY

641 1285 163 32 GLGTfriIMG
820 1287 50 31 CO.

560 1344 123 46 JOE.
714 1345 233 55 MUNRO,

668 1408 178 24 HGENT,

640 1441 232 25 OHINEMUTU.

542 1678 25 23 _L
603 1683 49 18 oiler
663 1683 100 18 NritsKiiY
775 1683 64 19 Stock
849 1683 21 19 of
880 1683 27 18 nil
922 1683 31 19 des-

534 1708 101 26 criptions,
656 1709 57 18 seeds
734 1709 40 17 and
793 1709 158 25 appliances—in-

534 1735 82 24 cluding
627 1734 49 19 New
687 1734 89 20 Zealand
792 1735 66 22 Trees,
880 1735 83 23 Shrubs,

534 1761 76 21 l'limts,
630 1760 129 22 Tree-Ferns,
776 1760 70 23 Ferns,
867 1762 40 21 &c,
923 1763 40 20 <Sc,

535 1786 76 25 packed
621 1787 19 18 in
652 1786 56 19 wood
722 1786 39 19 mid
775 1792 73 13 canvas
863 1793 55 13 eases
934 1788 29 18 for

534 1812 34 18 the
577 1812 96 24 Colonies,
686 1812 39 18 and
737 1813 19 17 in

534 1839 31 18 for
589 1838 74 19 distant
686 1838 106 19 countries.
833 1839 70 18 Medal
925 1839 38 18 and

537 1863 92 26 Diploma
638 1864 90 19 received
739 1863 31 20 for
781 1864 73 24 plants,
867 1866 39 22 &c,
917 1867 46 16 thus

533 1893 44 16 sent
587 1893 20 15 to
618 1890 34 19 the
776 1890 126 23 Exhibition,
911 1891 39 18 Lon-

532 1916 46 23 don,
830 1916 21 19 in
856 1916 107 20 Auckland

532 1944 24 16 35
567 1949 64 17 years.

611 1977 36 31 C.
665 1977 43 31 T.
725 1975 161 38 WHEN,

530 2025 41 18 Mr.
581 2025 104 18 hobson
692 2025 128 21 nubseky,
828 2026 134 20 remueka,

654 2065 120 21 Auckland,
786 2065 52 19 N.Z.

678 2121 145 18 ROTORUA

533 2243 121 41 MESSRS
676 2243 24 19 F.
717 2243 142 19 GOODSON
874 2244 46 18 and
937 2244 23 18 C.

583 2266 162 18 GRIFFITHS
755 2272 38 12 are
810 2267 113 23 prepared
936 2268 26 18 to

530 2290 89 18 deliver
627 2291 24 17 to
661 2295 46 17 any
716 2291 53 21 part
777 2290 26 17 of
811 2290 38 18 the
858 2290 71 19 Town

556 2328 81 23 BEST
645 2326 192 24 HOUSEHOLD
846 2328 88 28 COAL,

531 2404 93 23 RATA
635 2403 21 23 &
666 2403 101 22 TAWA
781 2403 179 24 EIREWGOD.

552 2444 25 16 At
588 2443 93 19 Lowest
690 2443 98 18 Current
798 2443 71 19 Rates
878 2445 21 17 at
907 2445 31 16 the

669 2472 82 17 shortest
759 2472 67 17 notice.

560 2603 73 19 Orders
643 2610 46 17 may
697 2603 25 19 be
732 2603 38 19 left
779 2605 20 17 at
810 2603 35 19 the
854 2603 74 24 Yards,

567 2638 273 23 PUKUHTUH
861 2639 66 22 ST.

798 2718 96 19 ExrnEss
904 2718 33 19 Co.

548 2783 397 37 CHAS.L.KAYLOR,

531 2837 200 19 HAIRDRESSER
738 2838 16 17 &
765 2837 191 20 TOBACCONIST

531 2911 87 18 Razors
625 2911 90 23 ground
722 2911 46 18 and
776 2912 37 17 set
819 2916 13 13 a
837 2911 119 24 Specialty

590 2985 181 20 TUTANEXAI
785 2986 118 24 STREET,

657 3027 182 16 RGTORUH.

1046 129 150 24 PRIVATE
1220 130 177 23 TEACHING.

1036 178 51 17 \AY
1100 179 34 17 OR
1145 179 125 18 EVENING.

1180 226 51 16 Bey.
1244 225 19 17 S.
1281 225 86 19 INGLE,

1244 249 94 16 Hinuiuoa
1347 247 67 19 Street.

1066 319 177 22 OHINEMUTU
1253 320 121 21 AGEXCY.

1006 420 75 43 THE
1113 422 53 18 HOT
1175 423 84 17 LAKES
1268 422 150 18 CHRONICLE
1425 420 2 43 '

1068 450 35 11 can
1112 445 23 17 Lo
1144 446 89 17 obtained
1242 447 20 16 at

1080 493 28 26 J.
1127 494 39 25 H.
1187 494 165 26 LAKIN'S

1049 557 70 17 FERN
1132 559 54 17 AND
1199 559 80 17 CURIO
1297 558 90 17 DEPOT.

1098 618 135 24 [Telegraph
1251 618 79 19 Ojtice.

1073 673 56 19 Near
1140 674 56 19 Lake
1206 674 71 19 House
1291 674 69 19 Hotel.

533 3086 88 42 JOHN
646 3086 15 17 I.
693 3086 106 17 PHILIPS
830 3086 54 18 AND
917 3086 45 21 CO.,

640 3114 75 12 MIXING
729 3113 120 17 ENGINEERS,

579 3136 129 14 AUTHORISED
723 3136 76 14 MINING
811 3137 42 12 AXD
862 3136 55 15 EAND

625 3159 104 14 TRANSFER
741 3160 123 13 SURVEYORS.

533 3201 56 17 Head
599 3201 66 24 Office:
688 3201 106 23 Halyday's
811 3202 106 23 Buildings,
934 3203 29 20 26,

604 3223 174 22 Shortl'and-strect,
788 3225 105 17 Auckland.

533 3252 20 17 P.
553 3252 30 17 0..
590 3253 41 17 Box
640 3254 39 16 3:J2.
809 3253 106 23 Telephone
923 3255 41 16 986.

534 3279 57 18 Cable
599 3279 92 22 Address:
705 3281 135 20 Theodolite,
858 3280 106 19 Auckland.

534 3308 59 18 Codes
602 3309 45 17 used
654 3308 4 22 :
672 3309 82 17 Bedford
762 3309 105 21 McNeill's,
875 3310 49 16 ABC
932 3310 32 16 4th

600 3332 77 20 edition,
686 3332 88 22 Moreing
782 3332 38 17 and
828 3333 70 17 Neal's.

662 3378 76 17 Branch
754 3378 66 18 Offices
828 3378 4 18 :

535 3406 101 18 Katanga
656 3406 63 20 Road,
741 3406 138 18 Coromandel
919 3407 47 18 P.O.

559 3430 41 17 Box
669 3429 32 17 Mr
717 3429 23 17 E.
757 3430 25 16 H.
800 3430 72 22 Hardy,
890 3431 77 22 Mining

560 3452 93 23 Surveyor
661 3452 19 17 in
689 3452 68 22 charge
766 3453 19 16 of
794 3453 78 17 district.

715 3475 138 18 Paeroa—Mr
858 3476 22 17 F.
889 3477 25 16 A.
920 3478 36 17 Cut-

559 3500 39 18 ten,
603 3499 52 20 C.E.,
661 3499 125 18 A.M.1.C.E.,
792 3499 75 23 Mining
874 3499 94 23 Surveyor

559 3522 20 16 in
585 3521 68 23 charge
662 3522 20 16 of
690 3521 79 18 district.

537 3544 168 21 Brown-street,
714 3545 85 16 Thames
799 3545 55 16 —Mr
865 3546 68 17 Albert
948 3545 19 19 S.

560 3567 69 20 Allom,
639 3567 76 23 Mining
723 3567 93 22 Surveyor
824 3568 20 16 in
860 3568 69 24 charge
946 3569 20 17 of

561 3590 79 17 district-

538 3612 177 18 KtrAeTCNu.—Mr
724 3613 21 17 F.
754 3613 26 17 H.
796 3613 103 22 Shepherd,
915 3615 52 21 C.E.,

561 3636 106 20 M.1.M.E.,
677 3637 19 16 in
706 3637 68 22 charge
784 3636 20 17 of
812 3636 78 17 district.

649 3840 138 34 yEALAND

566 3912 109 18 CLOSING
688 3912 32 17 OF
733 3913 64 17 LINE
809 3913 141 18 PUTARURU

593 3935 129 18 JUNCTION
731 3935 31 18 TO
772 3935 150 19 LICHFIELD.

638 3984 51 19 Line
698 3985 52 18 from
760 3984 103 19 Putaruru
878 3985 95 20 Junction

550 4005 26 21 -i-
611 4012 21 16 to
642 4010 98 19 Lichfield
749 4010 40 19 will
796 4010 25 19 he
829 4010 65 19 closed
903 4018 25 11 on
936 4012 37 17 and

544 4036 52 19 from
615 4038 29 17 Ist
662 4036 78 21 March,
763 4036 56 25 1597,
839 4037 52 18 after
910 4037 63 18 which

545 4062 47 19 date
602 4061 102 20 Putaruru
718 4062 41 19 will
769 4062 26 19 be
809 4062 34 19 the
854 4062 75 19 station
945 4064 28 17 i'oi

544 4087 98 19 Lichfield
652 4087 69 20 trafic.

797 4113 39 19 BY
850 4113 100 19 OKDEB.

999 758 36 36 17
1040 758 44 16 IRE
1087 758 80 18 WOOD.
1193 758 144 18 FIREWOOD.
1359 758 57 18 FIRE-

1017 783 10 17 :
1063 781 81 17 WOOD.
1170 782 72 17 COAL.
1264 782 72 18 COAL.
1357 781 73 18 COAL.

1017 809 61 17 repare
1089 804 29 17 for
1127 804 32 18 the
1168 805 76 23 coming
1252 805 67 17 winter
1332 805 37 17 unci
1386 805 44 17 send

998 832 47 15 your
1054 827 63 17 orders
1126 829 20 15 to
1156 828 36 17 l'n.
1202 828 118 17 GIUITITHS.

997 878 36 43 17
1038 879 34 17 OR
1085 880 95 17 SALE.—
1181 882 69 17 Totara
1256 882 36 16 and
1299 882 47 17 Mati
1353 882 75 22 fencing

1061 903 60 20 Posts,
1132 904 83 21 Palings,
1231 904 37 18 and
1284 904 64 18 House
1362 905 66 17 Blocks

996 927 20 15 at
1033 925 37 17 low
1086 926 46 23 price

996 949 116 16 GIUITITIKS.

1182 927 48 17 Cash
1246 934 24 10 on
1291 927 136 21 delivery.—R.

1059 998 88 19 ANTED
1164 1000 98 19 KNOWN
1284 1001 42 18 that
1346 1002 11 16 I
1380 1002 47 17 have

1012 1024 27 15 TT
1083 1023 73 21 opened
1164 1028 24 12 an
1205 1024 52 16 office
1273 1026 47 16 next
1327 1025 20 17 to
1358 1024 69 19 Messrs

995 1044 51 17 Cook
1054 1045 36 16 mill
1100 1046 6 15 i

995 1066 51 20 Coal,
1057 1068 49 17 Firei

1012 1144 133 18 .ITANTED
1158 1146 190 19 KNOWN.—Views
1362 1148 19 17 of
1394 1148 32 17 the

1011 1173 9 13 T
1030 1173 8 13 T
1082 1169 78 17 District
1169 1170 19 16 in
1198 1170 73 23 photos,
1282 1171 35 15 oils
1325 1171 37 16 and
1368 1172 58 17 water

993 1190 79 20 colours,
1082 1193 20 15 to
1111 1192 23 17 be
1143 1192 37 17 had
1187 1195 19 16 at
1214 1193 117 18 CHBOXICLE
1338 1194 63 17 Office.

999 1256 243 24 VT7AXTED.—PupiIs
1261 1258 30 17 for
1306 1259 33 16 the
1355 1259 69 18 Piano-

1009 1282 9 15 T
1028 1282 9 15 T
1080 1280 55 17 forte.
1161 1281 128 17 Terms—One
1303 1281 68 24 guinea
1392 1287 32 18 per

993 1303 81 14 ouarter.
1097 1302 19 15 in
1140 1304 88 17 advance.
1264 1305 38 16 For
1319 1308 38 14 two
1377 1305 20 17 in
1413 1312 11 10 a

1131 1326 50 19 ■Misa
1189 1327 67 21 Ckoss,
1263 1327 90 19 Rotorua.

1158 1385 177 19 KNOWN.—That
1352 1386 10 17 I
1376 1386 47 17 have

1006 1404 10 8 *
1027 1412 8 12 t
1080 1408 92 20 arranged
1182 1410 20 15 to
1211 1410 47 15 start
1267 1408 18 18 in
1296 1409 90 21 business,
1403 1416 20 11 as

991 1429 153 20 Coach-builder,
1169 1431 142 24 Wheelwright,
1334 1434 41 18 etc.,
1404 1433 18 18 in

991 1452 122 21 conjunction
1120 1454 45 17 with
1175 1454 22 17 A.
1207 1454 77 22 Munro,
1291 1455 37 17 and
1338 1456 84 22 trust,by

990 1475 97 21 diligence,
1097 1477 37 16 and
1144 1478 93 16 attention
1253 1479 19 15 to
1287 1484 56 14 same,
1358 1480 21 16 to
1393 1485 19 11 se-

989 1504 42 11 cure
1040 1504 11 12 a
1060 1499 36 16 fair
1102 1499 55 17 share
1165 1501 19 16 of
1193 1501 153 23 patronage.—J.
1353 1502 68 20 Citoss,

989 1520 35 21 Jr.,
1035 1522 90 20 Rotorua,
1136 1523 101 19 Februarv.
1249 1524 32 17 6th
1290 1525 50 17 1.597.

997 1583 55 18 YWT
1054 1584 95 19 ANTED.
1191 1586 77 22 Repairs
1285 1587 19 17 to
1327 1587 92 20 Watches,

1007 1611 8 14 T
1025 1611 9 14 T
1078 1607 106 24 Jewellery,
1203 1609 38 21 &c.,
1259 1609 40 18 also
1315 1610 62 18 orders
1393 1611 28 17 for

989 1635 42 12 new
1038 1630 90 19 Watches
1134 1632 38 17 and
1188 1632 106 23 Jewellery,
1312 1634 20 17 to
1348 1633 23 18 bo
1387 1634 34 17 loft

989 1653 44 16 with
1044 1654 25 16 If.
1080 1654 86 19 Stewart,
1177 1654 83 23 Saddler,
1275 1657 58 22 agent
1350 1657 28 17 for
1394 1658 25 16 H.

988 1676 26 17 11.
1025 1675 100 23 Howdek,
1136 1677 132 19 Watchmaker
1275 1679 38 18 and
1327 1679 94 22 Jeweller,

1160 1760 97 20 KNOWN
1278 1762 43 18 that
1343 1763 8 16 I
1373 1763 36 17 hav

1003 1785 28 15 H
1048 1783 4 27 _
1075 1783 73 22 opened
1156 1790 13 11 a
1176 1785 41 17 coal
1225 1785 133 19 and'firewood
1374 1792 37 10 van

987 1806 85 22 opposite
1082 1806 121 19 Robertson's
1212 1809 69 16 stables
1291 1809 36 16 and
1336 1816 29 10 am
1377 1815 32 16 pre

988 1828 89 23 prepared
1088 1830 19 17 to
1117 1830 70 17 deliver
1195 1831 32 16 the
1236 1837 51 11 same
1296 1833 19 15 at
1324 1838 45 14 very
1383 1833 26 16 ]o\

988 1878 141 16 QT/ABANTEED.
1131 1876 55 18 —Rj<

1217 1859 42 12 AM'
1269 1859 150 13 mkasi.-i:!:mi;\i'

1051 1938 87 17 AXTED
1157 1938 189 20 KNOWN.—Guido
1357 1941 62 17 Books

1003 1964 9 14 T
1021 1964 10 15 T
1074 1962 20 16 to
1111 1962 32 16 the
1160 1961 79 19 District
1261 1964 21 16 to
1301 1963 23 17 be
1345 1964 37 17 had
1399 1966 20 15 at

986 1983 118 17 Chhoxici.k
1113 1985 63 17 Office.

988 2047 9 12 r
1000 2047 41 30 pO
1054 2048 119 18 LET.—The
1186 2049 137 18 Four-roomed
1337 2051 75 21 G'otfagi

993 2067 23 22 JL
1048 2071 70 17 known
1137 2078 20 11 as
1176 2073 237 21 "Mandeno's."—Apph

984 2268 91 43 lOST.
1078 2270 52 18 —On
1148 2270 94 24 Saturday
1255 2272 55 22 night
1332 2272 83 17 between

1009 2296 13 16 J
1047 2293 46 17 Post
1108 2293 57 18 Office
1183 2295 37 17 and
1234 2295 40 17 Mrs
1291 2294 98 23 Malfroy's
1405 2302 12 10 a

984 2316 53 17 small
1045 2316 37 22 key
1090 2317 89 18 attached
1188 2319 23 16 to-
1224 2324 11 11 a
1250 2324 56 16 green
1321 2319 44 16 cord
1379 2319 37 16 and

984 2339 51 16 brass
1043 2340 49 19 ring.
1123 2340 81 17 Reward'
1216 2347 24 11 on
1254 2341 100 23 returning
1366 2348 50 11 same

984 2366 18 13 to
1012 2362 37 17 this
1059 2362 64 17 Office.

1017 4206 102 39 Ask
1148 4208 72 38 for
1244 4203 261 46 Hancdck's
1536 4212 286 40 Celebrated
1848 4213 193 38 XXXX
2073 4212 112 40 Ales
2214 4215 93 37 and
2334 4214 151 40 Stout.

2808 2092 148 21 LASSITUDE,

2855 2118 151 17 HEADACHE.

2902 2140 145 20 BACKACHE,

2949 2162 54 18 AND
3013 2159 171 23 INDIGESTION

2947 2185 52 18 ABE
3022 2186 139 19 SYMPTOMS
3175 2188 33 17 OF
3226 2188 11 17 A

2808 2208 167 18 DISORDERED
2985 2209 87 18 LIVER,

2913 2254 136 19 CLEMENTS
3058 2256 66 18 TOXIC-

2937 2278 23 17 IS
2972 2278 51 17 THE
3041 2278 71 19 ONLY

2819 2301 131 17 RELIABLE
2962 2302 54 16 AND
3025 2302 115 18 RADICAL
3153 2304 75 17 CURE.

2912 2347 72 18 HAVE
2994 2347 35 18 NO
3041 2349 92 17 OTHER.

2807 2393 37 19 Mr
2862 2393 62 19 John
2946 2393 27 19 A.
2996 2394 110 24 Jackson,
3130 2393 101 21 P'rince-st.

2913 2417 70 18 cured
2992 2417 26 17 of
3129 2419 95 17 Duncdii

2890 2440 150 23 Indigestion.
3132 2443 48 16 New
3193 2443 36 17 Zea

2806 2463 51 22 land,
2867 2464 63 16 writes
2940 2470 24 10 on
2981 2463 109 23 September
3099 2465 50 21 29th,
3160 2466 44 17 1893
3212 2471 26 12 :

2807 2486 38 18 For
2853 2493 11 10 it
2872 2492 46 17 very
2923 2486 48 23 long
2975 2486 45 18 time
3029 2487 10 17 I
3051 2487 37 18 had
3097 2488 80 18 suffered
3191 2490 47 16 from

2806 2509 111 18 biliousness
2940 2510 38 17 and
2999 2510 124 22 indigestion.-
3151 2512 10 16 I
3191 2512 47 17 tried

2806 2539 101 11 numerous
2940 2532 105 19 advertised
3076 2533 96 23 remedies,
3205 2535 33 18 but

2806 2555 95 19 Clements
2910 2556 56 17 Tonic
2978 2561 35 12 was
3022 2555 31 18 tlin
3062 2557 45 23 only
3116 2563 35 12 one
3159 2560 21 15 to
3185 2558 53 17 effect

2806 2585 11 11 a
2825 2584 50 12 cure.
2900 2579 11 17 I
2919 2579 45 17 used
2974 2579 44 22 c/tily
3027 2580 35 16 five
3072 2580 70 18 bottles
3158 2582 21 16 of
3195 2582 30 17 Cle-

2806 2603 61 16 ments
2876 2603 62 17 Tonic,
2949 2602 37 17 and
2994 2603 16 16 it
3018 2603 34 16 has
3060 2604 113 22 completely
3182 2603 56 19 cured

2806 2631 35 12 me.
2867 2626 10 16 I
2886 2631 34 11 can
2929 2625 45 18 with
2985 2624 105 19 confidence
3097 2627 118 18 recommend
3224 2627 14 17 it

2805 2649 20 17 to
2841 2648 55 18 other
2912 2649 92 17 sufferers.
3029 2649 10 17 I
3057 2655 37 16 am,
3118 2656 58 16 yours
3195 2652 43 19 etc.,

2804 2671 52 17 John
2865 2673 22 15 A.
2895 2671 87 18 Jackson.
2991 2672 93 17 Dunedin,
3095 2674 47 15 Xew
3148 2674 88 15 Zealand.
