3300 4360
93 176 24 276 I
148 182 117 24 Regaining
274 183 19 18 F
303 176 53 18 main
366 176 49 17 roatl
423 176 21 17 t]l
446 182 12 12 °
468 176 51 20 F-ika-

190 209 91 24 kaingaf
291 200 76 26 passed,
377 206 12 12 a
399 200 75 26 village
483 202 46 20 built

120 230 30 25 by
159 233 75 18 certain
317 226 44 19 who
371 227 83 18 vacated
473 227 45 21 Roto-

117 256 79 20 kakaki
206 259 21 17 at
235 258 28 19 tie
281 254 46 18 time
336 252 22 18 of
376 251 35 19 the
428 252 101 26 Eruption

119 280 139 28 Approaching
267 281 29 19 the
310 277 100 20 Rainbow
421 281 108 23 mountain,

119 307 66 18 which
192 309 61 19 raises
260 309 20 18 its
288 303 135 24 cone-shaped
437 306 35 23 top
484 308 21 16 to
526 303 3 26 i

117 331 71 25 height
197 335 20 18 of
226 330 46 28 2,500
272 330 28 28 ft,
310 329 26 18 its
341 329 123 19 marvellous
473 331 47 20 color-

117 357 36 24 ing
165 357 87 23 becomes
260 363 25 14 mo
287 363 6 11 l
294 355 1 26 '
296 362 10 12 o
319 361 33 12 an(
353 355 7 18 l
378 361 55 12 more
453 357 64 24 empha-

117 382 51 20 sised
193 386 32 19 till
242 390 33 15 one
294 387 36 13 can
348 380 46 19 well
411 381 118 22 understand

117 407 42 21 that
167 417 61 19 many
237 417 22 13 au
267 407 55 20 artist
334 406 37 18 has
380 406 61 24 given
455 414 27 19 up
502 410 27 19 the

117 436 82 25 attempt
209 441 21 15 at
244 432 126 27 reproducing
379 431 16 19 it
418 438 24 13 on
463 440 66 14 canvas

93 461 11 29 [1
117 458 21 20 in
156 461 84 26 despair.
271 459 26 19 F°
298 464 10 13 r
326 458 44 19 kali
390 464 11 13 a
426 459 48 19 mile
501 461 28 19 tht

117 487 47 18 road
183 489 59 19 skirts
250 485 50 20 Lake
311 483 92 25 Ngaewa
421 485 67 19 which
498 487 18 19 is
525 483 4 25 a

100 509 3 27 I
118 510 96 24 favourite
224 513 55 20 haunt
288 510 21 19 of
318 509 48 19 wild
376 509 58 24 duck,
455 512 74 24 pukeke

99 534 4 26 i
119 537 36 20 and
167 539 58 21 black
237 543 54 15 s»an.
318 534 62 20 From
402 536 34 19 the
458 537 71 21 furthei

98 556 5 35 j
120 562 53 22 shore
183 567 38 17 rise
231 565 29 18 tlio
268 562 64 24 slopes
341 561 22 18 of
368 561 148 28 Maunga-onga-

99 583 2 32 |
119 593 48 21 °nga
186 593 42 21 (the
242 587 99 22 mountain
364 586 21 19 of
407 588 82 26 nettles)
511 597 18 12 or

96 612 4 28 i
120 614 60 22 winch
189 624 33 12 are
232 623 9 11 a
257 612 83 20 number
357 612 21 19 of
395 613 37 20 hot
448 616 81 24 springs

119 638 39 22 The
179 641 108 25 Bungalow,
307 645 45 12 now
374 638 21 19 in
412 645 12 12 a
442 647 49 19 very
506 642 16 19 di-

119 664 97 27 lapidated
223 664 93 23 condition
327 664 37 19 but
374 667 21 16 at
410 671 37 14 one
458 667 49 20 time
525 664 4 27 a

120 690 47 23 boon
186 694 37 19 and
242 699 11 12 a
270 690 90 25 blessing
379 693 20 16 to
417 691 35 20 the
470 699 59 19 weary

119 720 98 24 wayfarer,
228 716 61 22 marks
308 715 35 19 the
359 716 57 25 point
435 721 21 16 at
472 720 57 19 which

167 746 77 19 Galatea
260 741 58 19 Road
336 742 99 20 branches
456 744 33 20 off.
519 746 10 18 A

120 767 40 23 lake
171 779 21 12 as
202 776 54 20 green
265 774 22 12 as
297 768 88 19 emerdd
394 775 45 18 may
450 770 27 25 by
489 778 40 12 seen

120 795 47 21 from
190 798 31 19 the
237 794 46 19 road
299 800 22 12 as
338 795 34 18 the
390 794 112 27 Bungalow
521 798 8 18 if

120 819 33 23 left
170 821 76 23 behind.
280 819 19 19 A
315 819 52 20 little
383 821 78 19 further
479 830 27 12 on
525 819 4 25 a

120 849 51 19 track
190 851 15 17 is
219 845 76 28 pointed
313 849 36 15 out
362 846 65 19 which
442 847 57 20 loads
515 852 14 16 to

119 873 31 20 the
158 876 56 18 Groat
224 872 45 19 .Mud
279 871 109 20 Crater—a
401 875 128 24 cone-shaped

119 902 69 18 mound
198 900 55 19 abou<t
263 899 23 16 10
296 897 42 19 feet
348 898 49 24 high
405 899 39 19 and
461 902 24 16 20
496 902 33 18 feet

117 932 68 14 across.
210 924 99 23 Beaching
320 924 35 18 the
365 927 33 22 top
408 925 21 18 of
437 926 35 19 the
487 933 42 12 cone

120 952 44 20 with
174 958 49 14 some
232 949 101 24 difficulty,
345 950 31 18 for
388 951 33 18 the
432 951 53 20 sides
502 959 27 12 are

98 975 2 29 •
118 978 87 26 slippery,
216 985 11 10 a
235 982 49 13 mass
295 975 21 18 of
326 982 50 18 grey
387 977 48 18 mud
451 978 17 18 is
487 985 42 12 seen

100 1004 121 24 •.constantly
229 1000 100 26 bubbling
338 1007 28 20 up
385 1003 39 18 aud
439 1003 90 24 bursting

116 1030 39 19 into
165 1031 25 19 all
199 1033 45 15 sorts
254 1027 20 18 of
283 1026 117 21 flowerdike
411 1029 77 25 shapes,
501 1036 19 12 oc-

115 1056 101 23 casionally
243 1052 100 26 throwing
362 1060 12 12 a
390 1055 59 19 small
466 1055 29 25 jet
514 1058 15 15 to

113 1087 11 13 a
136 1083 66 23 height
213 1080 19 18 of
242 1080 18 18 fo
262 1085 20 11 Ul
282 1079 4 27 *
295 1085 22 12 or
336 1079 38 20 five
383 1080 47 19 feet.
459 1081 70 18 Before

112 1109 90 23 .catching
210 1106 51 24 sight
271 1104 21 19 of
302 1105 34 19 the
345 1105 56 20 hotel
411 1113 11 12 a
432 1106 55 19 short
498 1107 21 18 de-

114 1136 43 17 tour
164 1134 64 22 brings
236 1132 20 17 in
271 1131 51 18 view
339 1131 34 19 the
390 1132 89 25 Sulphur
487 1133 32 19 Ter-

112 1165 44 14 race
166 1159 58 20 which
234 1157 17 18 is
266 1156 74 25 simply
360 1165 11 11 a
388 1164 53 13 mass
461 1159 20 18 of
500 1159 29 18 the

112 1188 50 17 most
175 1188 93 22 gorgeous
277 1183 97 26 coloring.

136 1211 42 19 The
185 1208 55 20 Hotel
254 1208 17 18 is
281 1209 53 19 built
343 1216 26 12 on
381 1211 72 17 aslono
465 1211 20 17 of
496 1210 33 18 the

110 1237 38 20 hill
155 1234 125 25 overlooking
288 1233 36 21 the
333 1235 71 26 sights,
423 1236 21 18 of
458 1235 68 23 which,

105 1263 55 19 •from
180 1262 29 18 the
227 1261 104 18 verandah
343 1263 58 17 there
417 1262 17 18 is
450 1267 12 13 a
476 1267 40 19 mag-

107 1289 77 19 nificent
197 1287 55 18 view.
281 1287 94 24 Looking
391 1287 85 19 towards
495 1287 34 18 the

108 1319 43 15 east
159 1313 36 19 and
207 1315 21 16 to
244 1313 87 25 Aporo's
346 1313 67 19 whare
430 1313 34 18 tho
481 1313 39 18 deli-

105 1334 64 32 jpately
178 1339 63 18 tinted
251 1341 71 17 waters
333 1339 21 18 of
362 1339 166 24 thoChampague

107 1366 47 20 Pool
164 1371 43 18 may
216 1364 26 19 bo
257 1371 53 15 soon,
333 1365 40 18 and
391 1366 32 17 the
442 1364 87 19 columns

106 1393 22 18 of
134 1395 60 15 steam
209 1390 77 24 arising
305 1390 52 19 from
374 1391 33 18 the
425 1390 103 24 explosion

101 1411 66 25 irator
186 1416 40 19 and
246 1416 110 19 fumaroles
376 1417 19 18 iti
414 1416 25 17 its
458 1417 60 23 neigh-

103 1437 111 28 bourhood.
223 1442 86 19 Farther
319 1443 21 18 in
354 1443 33 18 the
400 1441 129 25 background

108 1471 24 18 is-
146 1470 32 17 the
195 1468 79 18 curious
292 1468 107 19 formation
416 1467 75 19 known
509 1475 20 12 as

98 1496 42 18 -the
150 1496 58 17 Alum
224 1494 58 19 Cliffs
300 1495 39 18 and
359 1501 11 11 a
387 1493 52 19 littlo
455 1495 20 17 to
496 1494 33 19 tho

106 1522 53 24 right
167 1521 32 19 the
210 1520 79 19 famous
307 1520 51 19 Blue
375 1519 62 19 Lake.
465 1520 64 19 These

227 1546 34 19 tho
277 1548 73 17 merest
366 1545 75 19 outline
459 1546 20 18 of
496 1546 33 18 tho

106 1574 75 19 curious
190 1572 64 25 sights
266 1573 96 23 awaiting
373 1572 33 18 the
421 1571 71 19 visitor
508 1575 21 15 to

106 1599 40 19 this
155 1597 122 21 remarkable
286 1600 45 19 spot
349 1597 39 19 and
400 1600 20 16 to
438 1598 91 19 examine

106 1624 61 21 which
177 1624 18 18 in
206 1624 62 18 detail
278 1623 41 20 will
327 1630 75 17 occupy
416 1630 55 12 more
481 1624 48 24 days

105 1651 48 19 than
168 1657 40 11 one.
243 1649 95 20 Towards
359 1650 34 18 tho
418 1650 59 18 north
496 1650 33 18 the

105 1676 91 22 Rainbow
219 1675 37 19 hill
274 1676 66 18 smiles
366 1675 52 19 from
446 1678 35 16 out
503 1676 26 18 its

105 1701 111 26 variegated
227 1702 54 18 tints.
310 1702 68 19 Steam
386 1708 46 16 may
442 1702 24 18 bo
482 1708 47 12 seen

105 1729 73 23 issuing
187 1729 51 17 from
250 1728 26 19 its
287 1728 53 19 sides
357 1727 21 19 in
392 1727 56 25 early
465 1733 63 13 morn'

104 1753 35 25 iii'_i-
148 1754 36 18 and
195 1760 110 13 numerous
325 1754 35 18 hot
380 1754 78 24 springs
475 1753 54 18 issue

104 1782 49 17 -t'rcjni
162 1781 24 17 its
195 1780 56 18 base.
279 1780 93 24 Turning
390 1779 86 18 towards
494 1780 34 17 the

105 1806 54 20 south
178 1806 73 18 stretch
269 1806 34 18 tho
323 1806 118 23 Kaingaroa
461 1805 68 18 Plains

105 1832 73 20 backed
193 1832 27 24 by
237 1832 96 19 Taukara
357 1830 104 20 Mountain
489 1831 40 18 and

103 1858 34 19 the
148 1858 201 24 Kaimanawnrange,
359 1857 37 18 and
403 1863 54 18 away
467 1856 20 19 in
496 1858 33 17 the

93 1882 1 26 i
98 1884 87 21 distance
196 1884 34 18 tho
241 1884 63 24 peaks
314 1884 20 18 of
344 1882 116 25 Tongariro,
472 1882 43 19 Rua-

93 1910 59 26 ipehu
163 1909 159 26 andNgaruhoe
332 1915 46 18 may
390 1909 24 18 bo
425 1908 103 23 decerned,

93 1940 34 15 >'on
137 1943 11 12 a
157 1936 52 19 clear
216 1936 45 25 day.
291 1935 20 19 It
322 1934 39 20 will
378 1934 46 19 thus
444 1934 24 19 be
482 1941 47 12 seen

100 1962 43 19 that
153 1962 33 19 the
200 1962 37 18 site
247 1962 73 18 chosen
332 1961 16 18 is
365 1960 20 19 in
406 1967 59 18 every
486 1967 43 18 way

100 1994 24 13 an
151 1988 110 19 admirable
293 1994 43 12 one.
370 1986 31 24 By
428 1993 11 12 a
467 1987 62 24 slight

99 2014 124 24 divergence,
234 2020 45 12 now
288 2013 21 19 in
329 2018 93 20 progress
430 2012 21 20 of
467 2013 62 24 being

99 2041 75 17 carried
180 2043 41 19 out,
232 2040 50 18 both
293 2039 34 19 tho
338 2039 69 24 Taupo
416 2038 38 18 and
466 2039 51 19 Gala-

99 2069 33 16 tea
140 2066 59 18 roads
209 2066 40 18 will
265 2072 45 18 pass
318 2065 35 19 the
362 2065 61 19 hotel.
453 2065 73 22 Ample

99 2092 85 25 bathing
202 2091 171 20 accommodation
392 2091 16 17 is
432 2090 97 25 provided

100 2118 26 20 by
146 2117 33 23 flip
200 2118 35 18 hot
246 2117 58 18 creel-'
329 2115 147 19 wJucb.-aKi-f*
496 2117 33 17 tho

96 2140 49 19 b:ck
160 2138 20 20 of
195 2138 33 18 tho
244 2136 80 19 section,
336 2135 40 19 and
394 2135 87 18 situated
500 2141 22 12 as

96 2166 33 19 the
138 2166 59 17 bouse
205 2164 18 18 is
233 2169 25 12 on
274 2162 51 25 high
335 2161 79 25 grounl
432 2161 58 19 there
505 2161 17 18 is

96 2199 25 12 no
131 2190 92 24 difficulty
230 2189 21 19 in
261 2188 73 25 regard
346 2191 19 15 to
376 2187 101 24 drainage.

122 2218 38 18 Tho
171 2215 54 20 hotel
242 2215 16 18 is
275 2213 127 26 approached
417 2213 53 18 from
488 2212 34 19 the

96 2243 46 20 road
152 2242 26 25 by
188 2249 11 12 a
209 2240 146 20 semi-circular
370 2239 55 18 drive
433 2238 21 19 of
474 2245 48 18 ea-y

96 2269 59 24 grade
168 2268 38 18 and
218 2267 33 19 the
261 2265 128 24 intervening
399 2264 78 25 ground
486 2265 36 18 has

95 2291 48 22 been
153 2293 82 24 planted
247 2293 50 19 with
315 2291 73 19 shrubs
404 2291 40 17 and
463 2296 48 13 orna-

94 2321 72 20 mental
195 2324 52 14 trees
274 2318 40 18 and
340 2317 40 19 will
402 2316 24 19 be
446 2316 77 19 further

95 2345 107 22 beautified
215 2352 22 12 as
253 2343 131 26 opportunity
402 2342 66 19 offers.
505 2342 19 19 A

94 2373 100 19 verandah
204 2377 49 13 runs
264 2371 32 18 tho
307 2369 36 20 full
359 2368 70 25 length
448 2368 20 19 of
489 2368 35 19 tho

93 2401 54 18 front
157 2399 40 18 and
213 2398 16 18 is
246 2397 5 18 1
262 2397 17 18 >d
298 2402 27 19 up
345 2399 19 14 to
384 2394 27 24 by
430 2401 12 12 a
461 2394 63 19 broad

94 2425 59 23 flight
159 2425 21 19 of
196 2427 60 21 stops.
291 2421 99 23 Entering
405 2420 34 19 the
461 2420 63 19 house

94 2451 34 19 the
138 2450 42 19 hall
189 2450 17 19 is
216 2449 64 19 found
294 2451 20 15 to
329 2448 26 18 be
373 2449 40 16 Hit
429 2446 50 24 long
498 2446 26 23 by

96 2478 28 18 Bft
132 2477 50 18 wide
193 2475 48 20 with
253 2475 31 18 4f;
298 2479 97 19 passages
412 2472 113 24 branching

94 2507 19 15 to
126 2503 55 24 right
191 2502 40 18 and
244 2501 43 21 left,
305 2507 38 11 one
359 2498 79 24 loading
455 2502 20 14 to
491 2498 33 19 the

96 2530 35 17 liar
141 2528 39 19 and
192 2528 34 18 tho
236 2527 58 18 other
303 2529 21 15 to
334 2525 34 18 the
377 2524 70 23 dining
463 2531 60 12 room.

94 2556 42 18 Tho
143 2554 49 19 floor
197 2554 17 18 is
222 2552 83 19 covered
315 2551 48 19 with
373 2550 68 25 bright
447 2550 78 19 colored

94 2581 86 21 oilcloth,
193 2580 48 17 with,
253 2585 25 12 an
289 2578 52 18 olive
358 2583 60 18 green
437 2576 88 23 matting

94 2606 89 24 running
193 2606 56 18 down
261 2604 34 19 tho
305 2606 73 16 centre.
413 2602 41 18 Tin;
474 2602 51 18 dado

94 2634 21 18 in
124 2633 34 18 the
169 2637 85 19 passage
265 2630 16 19 is
292 2630 20 18 of
327 2629 59 21 rimu,
402 2629 49 17 each
461 2628 51 18 alter-

95 2661 48 16 nate
165 2657 64 19 board
248 2656 64 24 being
330 2656 21 17 of
374 2655 48 17 dark'
447 2654 78 18 colored

96 2684 77 26 figured
184 2683 74 19 timber
268 2681 66 20 which
346 2681 55 24 gives
411 2680 34 18 tho
462 2680 64 18 whole

96 2718 12 11 a
117 2717 47 17 very
175 2709 88 23 striking
279 2708 64 18 effect.
378 2707 42 17 The
442 2706 84 23 ceilings

97 2743 33 12 are
147 2736 41 18 also
207 2736 21 18 of
244 2733 79 24 figured
341 2733 59 21 rimu,
421 2732 44 18 well
484 2739 28 11 va-

96 2761 78 20 nished.
201 2761 44 19 The
255 2760 72 22 dining
336 2765 55 12 room
401 2759 17 17 is
427 2756 43 20 31fi
477 2758 40 23 long-

98 2789 26 23 by
136 2790 5 16 1
150 2789 35 18 Bft.
214 2787 20 19 3t
244 2787 17 17 is
272 2785 80 24 lighted
367 2785 50 18 from
428 2784 35 19 the
473 2785 55 18 front

98 2815 26 23 by
134 2821 13 12 a
155 2814 57 25 largo
222 2812 85 20 mullion
320 2810 83 20 window
420 2810 39 19 and
475 2810 53 19 from

97 2841 34 18 the
141 2840 42 18 sido
197 2840 26 23 by
234 2842 38 15 two
282 2837 58 25 large
350 2843 53 12 ones.
429 2836 66 19 There
511 2836 17 18 is

97 2872 12 12 a
120 2865 51 19 dado
181 2866 21 18 of
213 2863 78 27 figured
300 2863 54 18 rimu
364 2862 38 18 and
412 2862 62 19 matai
482 2869 33 11 run-

98 2893 49 23 ning
156 2891 65 19 round
232 2891 34 18 the
284 2895 61 13 room.
381 2888 42 18 The
443 2887 73 20 mantel-

99 2918 54 25 piece
162 2919 17 17 is
189 2917 58 19 made
264 2916 21 19 of
301 2914 78 26 figured
396 2914 55 23 miro,
468 2914 59 23 rimu,

98 2943 61 20 matai
171 2943 38 19 and
230 2941 108 21 tanekaha.
367 2940 41 18 The
424 2939 56 19 walls
495 2946 34 11 are

100 2970 86 24 papered
192 2969 47 19 with
244 2975 12 12 a
261 2968 44 24 pale
310 2973 61 19 green
375 2966 76 18 colored
459 2971 68 19 paper,

101 2996 38 18 and
150 2995 77 19 around
237 2995 34 18 the
289 2999 56 13 room
358 2999 32 12 are
404 2992 57 23 hung
475 2998 54 12 some

100 3028 46 18 very
150 3018 279 28 strikingoilpaintingß.The
434 3018 95 18 windows

100 3048 39 17 and
148 3047 93 25 fireplace
252 3052 34 12 are
294 3045 58 24 hung
363 3044 48 18 with
421 3044 60 18 white
488 3043 41 19 lace

100 3074 87 18 curtains
197 3072 66 19 which
277 3071 47 25 givo
335 3071 34 17 the
379 3076 54 12 room
450 3076 12 12 a
482 3076 47 17 cozy

101 3099 39 18 and
150 3099 92 24 pleasant
251 3098 51 18 look.
331 3097 43 17 The
383 3096 58 23 largo
457 3095 72 24 ceiling

100 3126 17 18 is
132 3126 56 23 quite
207 3131 11 12 a
233 3124 84 25 picture,
336 3123 16 17 it
372 3122 16 18 is
407 3123 20 16 of
447 3121 82 19 mottled

99 3152 53 18 rimu
162 3151 38 19 and
211 3151 37 18 has
260 3151 50 17 been
322 3148 42 20 well
374 3147 98 26 polished.
487 3147 42 18 The

101 3184 54 12 room
178 3178 17 18 is
218 3175 84 26 capable
322 3175 21 18 of
362 3174 79 24 seating
470 3173 59 19 about

101 3203 63 24 thirty
175 3199 75 27 guest/,
263 3201 38 19 and
318 3201 57 18 when
392 3200 33 18 tho
443 3199 53 19 table
515 3199 14 18 is

101 3229 41 19 laid
152 3233 35 15 out
197 3230 31 17 for
239 3227 54 19 their
301 3226 101 24 reception
413 3225 14 18 it
442 3227 87 23 presents

102 3262 12 12 a
124 3260 50 14 most
185 3254 92 19 effective
287 3258 129 19 appearance.
444 3251 43 19 The
497 3251 24 19 sit-

101 3282 46 23 ting
153 3288 56 12 room
219 3280 17 18 is
248 3282 49 16 next
314 3282 20 15 to
349 3278 33 18 tho
401 3277 41 18 hall
459 3278 39 17 and
517 3278 12 17 is

105 3307 41 22 L6ft
153 3307 51 25 long
213 3305 27 26 by
249 3305 43 19 10ft
298 3304 57 19 wide.
383 3303 21 18 It
420 3303 17 18 is
454 3303 75 25 lighted

102 3333 27 25 by
146 3340 8 11 a
171 3333 57 24 large
244 3331 84 19 window
348 3330 81 23 looking
447 3329 82 18 toward*

101 3360 35 18 the
155 3359 66 25 sights
239 3358 40 19 and
294 3357 80 18 neither
392 3361 87 19 expense
498 3361 31 12 noi

102 3385 79 21 trouble
193 3385 36 18 has
239 3384 51 18 been
300 3381 73 25 spared
388 3385 20 14 to
425 3380 59 19 make
500 3381 29 18 the

103 3418 54 12 room
167 3410 91 19 cheerful
268 3408 40 19 and
317 3414 54 18 cozy.
399 3406 29 19 On
441 3407 33 18 tho
486 3406 43 19 floor

103 3438 19 17 is
145 3436 72 26 spread
244 3443 12 12 a
281 3434 40 18 soft
348 3435 66 23 carpet
440 3432 38 19 and
501 3432 28 19 the

103 3463 56 18 walls
170 3469 33 12 are
214 3460 82 20 covered
317 3460 48 18 with
376 3465 11 13 a
400 3458 69 25 bright
479 3458 50 18 lined

103 3495 73 19 paper;
197 3487 77 20 around
291 3486 34 19 tho
348 3491 54 13 room
426 3491 34 12 are
479 3485 50 23 hung

104 3521 54 13 6omo
178 3521 47 17 very
242 3513 67 19 choice
326 3511 128 25 engravings.
492 3511 37 17 The

105 3540 132 25 mantelpiece
247 3539 41 19 and
297 3536 133 20 mautel-oval
441 3542 33 12 aro
490 3535 39 19 well

105 3566 92 25 polished
220 3565 40 19 and
279 3565 59 17 made
360 3563 52 18 from
435 3562 35 18 tho
493 3562 36 18 bes:

106 3592 78 23 figured
208 3592 80 18 timber.
325 3590 10 18 '1
343 3589 25 18 he
385 3588 101 18 furniture
502 3587 27 19 hat

106 3618 51 18 been
178 3617 85 20 selected
280 3615 49 19 with
348 3617 51 15 taste
418 3613 39 19 and
477 3613 52 25 judg

106 3647 61 15 infant.
209 3644 42 18 The
263 3641 92 24 sleeping
373 3639 156 19 aeconimodatioi

106 3672 49 16 next
169 3669 98 19 demands
284 3666 104 20 attention.
422 3665 66 18 There
505 3671 24 12 an

106 3699 41 14 two
166 3695 74 19 double
259 3693 112 20 bedrooms,
392 3691 41 18 lift
453 3692 26 22 by
498 3691 31 18 lOf

107 3721 56 23 each,
173 3720 107 19 furnished
290 3718 49 19 with
354 3717 83 18 duchess
447 3717 63 17 suites
520 3717 9 17 ii

108 3747 91 25 polished
211 3746 66 19 kauri.
305 3744 65 19 There
388 3749 33 12 are
437 3742 42 18 also
494 3742 35 19 fou

109 3773 65 24 single
185 3772 113 19 bedrooms.
308 3770 44 18 10ft
366 3769 26 23 by
400 3768 4 30 _
413 3768 48 19 B*ft.
499 3768 30 18 Tin

108 3799 60 18 floors
178 3805 34 12 are
221 3796 85 21 covered
317 3795 49 20 with
387 3794 26 18 oil
430 3793 59 24 cloth,
508 3793 21 19 th

176 3824 65 24 nicely
251 3822 90 26 papered
351 3820 39 19 and
401 3820 34 18 the
447 3819 82 19 window

107 3857 36 13 are
153 3850 77 24 draped
240 3850 49 17 with
298 3848 44 18 lace
352 3846 93 19 curtains.
473 3846 28 18 At
508 3845 21 19 th

108 3876 40 19 end
159 3877 21 17 of
190 3876 33 18 the
240 3880 86 20 passage
343 3873 16 18 is
374 3872 34 18 the
426 3872 42 22 bar,
486 3871 43 19 fittei

109 3909 29 17 up
148 3902 49 18 with
216 3901 26 19 all
262 3901 34 18 the
316 3900 60 18 latest
395 3898 134 18 conveniences

111 3954 88 25 opening
209 3954 42 18 into
261 3953 34 18 the
303 3956 85 20 passage
395 3949 39 19 and
443 3949 34 18 the
486 3949 43 18 othe

112 3980 41 18 into
163 3980 34 18 the
208 3979 68 24 public
287 3979 44 17 bar.
366 3976 41 19 The
425 3975 82 19 kitchen
528 3975 1 28 i

113 4005 80 19 entered
205 4006 51 17 from
268 4004 35 18 the
314 4002 141 23 dining-room,
471 4000 40 19 and
528 4000 1 25 i

113 4031 56 19 fitted
188 4037 28 18 up
236 4030 49 19 witli
303 4027 118 25 everything
441 4033 88 12 necessar

113 4056 32 18 for
155 4057 112 24 appeasing
277 4055 35 19 the
322 4053 89 25 appetite
424 4052 22 20 of
464 4052 65 24 hungr

115 4082 126 23 f-ight-sec-rs.
269 4081 44 19 The
322 4085 63 17 r:mg9
395 4079 16 18 is
420 4085 12 12 a
446 4078 52 25 good
508 4085 21 11 on

115 4107 22 20 Of
147 4108 92 24 wrought
249 4107 44 19 iron
303 4106 41 19 and
354 4104 57 19 fitted
419 4104 43 19 into
472 4111 12 11 a
501 4109 28 13 cor

114 4135 53 18 trete
191 4133 100 25 fireplace.
330 4130 95 26 Opening
442 4130 53 18 from
512 4129 17 18 th

116 4159 80 20 kitchen
208 4165 33 12 aro
251 4159 35 18 the
296 4156 97 21 servants'
412 4162 61 17 room,
491 4155 38 20 line

556 993 65 21 closet,
633 992 32 18 &c.
693 992 18 17 A
722 993 53 16 store
785 992 36 18 has
835 991 42 20 ben-
893 986 75 22 erected

556 1018 67 24 handy
633 1020 20 15 to
661 1019 35 16 tho
706 1018 53 17 main
769 1017 89 25 building
863 1015 42 21 well
912 1012 56 20 fitted

556 1051 25 18 up
597 1044 40 19 and
654 1043 80 18 stocked
750 1043 48 18 with
815 1050 10 12 a
841 1042 43 23 jr'od
897 1041 61 18 assort-

555 1072 54 17 ment
619 1070 21 17 of
649 1068 81 19 needful
741 1069 111 25 provisions,
859 1073 6 15 ;i
881 1069 16 18 A
912 1069 45 14 nine-

555 1095 71 20 stalled
635 1094 65 19 stable
715 1094 49 20 with
782 1095 52 22 largo
846 1091 123 21 caaoh-bouse

555 1122 40 18 and
604 1121 111 19 feed-room
727 1120 90 19 attached
826 1124 77 14 art,now
917 1115 39 19 hav-

554 1148 36 24 ing
607 1147 35 19 the
658 1146 96 25 finishing
774 1145 77 19 touches
863 1146 33 24 put
915 1146 54 19 upon

554 1174 62 18 them.
648 1173 19 19 A
677 1172 99 25 gravelled
787 1165 83 30 pathwuf
880 1167 53 20 leads
949 1169 20 15 to

554 1200 35 18 tho
600 1199 65 23 baths,
676 1199 63 18 which
750 1204 31 12 are
799 1195 78 19 situa:ed
891 1200 26 11 on
935 1192 34 18 tho

555 1225 66 19 banks
629 1226 22 18 of
658 1233 9 11 n
675 1225 35 19 hot
717 1226 58 16 water
783 1220 112 22 creek,from
905 1218 64 19 which

554 1251 48 24 they
614 1258 34 12 aro
657 1249 95 26 supplied.
785 1246 61 19 There
857 1248 16 18 is
889 1252 25 11 an
932 1251 26 12 un-

554 1277 78 19 limited
642 1277 72 24 supply
723 1275 20 17 of
753 1273 39 18 soft
802 1273 35 18 hot
846 1269 64 34 filter,
931 1270 40 19 and

554 1303 34 19 the
606 1303 130 18 bath-houses
754 1298 40 19 and
810 1298 160 23 dressing-rooms

554 1329 40 19 will
604 1329 77 24 shortly
690 1327 23 18 bo
723 1324 81 19 erected.

580 1355 75 18 Messrs
665 1352 62 20 Steele
736 1350 96 19 Brothers
839 1351 17 18 jf
865 1349 33 18 tho
909 1348 60 18 Roto.

554 1387 36 13 rua
601 1387 50 12 were
661 1380 32 18 tho
703 1379 119 16 contractors
830 1369 23 30 f|r
867 1375 35 18 tho
906 1373 53 19 build-

553 1408 37 24 ing
599 1407 39 18 and
647 1406 33 18 tho
689 1403 63 20 whole
762 1403 21 18 of
794 1403 31 17 the
835 1400 67 25 ;jmber
921 1399 49 19 used

554 1439 54 13 came
619 1433 49 17 from
679 1429 51 18 their
748 1429 42 18 mill
804 1428 19 18 in
833 1426 34 19 tho
881 1425 85 20 Oxford-

554 1458 88 21 Rotorua
667 1455 59 18 bush.
753 1454 34 19 Mr
805 1454 70 23 George
901 1450 65 20 Steele

554 1480 157 30 supervised-tho
724 1481 54 19 work
792 1479 56 19 which
863 1479 36 17 has
919 1477 52 18 been

553 1510 74 20 carried
642 1510 35 16 out
689 1510 20 16 to
722 1508 33 18 tho
775 1506 54 18 entire
847 1502 124 21 satisfaction

553 1537 21 18 of
594 1536 33 18 the
642 1533 112 26 proprietor
763 1533 31 18 Mr
803 1531 47 19 Jahn
866 1529 104 19 Falloona.

553 1562 109 19 Thehouso
679 1560 17 18 is
713 1559 63 19 under
790 1558 28 18 the
830 1556 142 22 manngement

553 1588 20 19 of
585 1588 40 18 Mrs
647 1585 40 20 and
702 1585 50 19 Miss
765 1585 92 17 Thonsou
874 1581 45 19 who
938 1586 34 13 are

553 1611 143 26 indefatigable
719 1611 21 19 in.
755 1609 120 19 theirefforts
885 1607 32 18 for
938 1606 34 19 tho

552 1640 83 18 comfort
646 1638 38 18 and
695 1637 88 26 pleasure
793 1642 15 12 o:
822 1634 53 19 their
894 1634 75 23 guests.

552 1665 38 20 We
599 1667 52 17 trust
660 1664 45 18 tlu.it
722 1670 11 12 a
750 1664 47 22 long
807 1667 65 13 career
888 1659 21 18 of
918 1663 44 21 pros-

552 1691 64 24 perity
630 1691 17 18 is
661 1691 21 17 in
700 1693 50 15 store
767 1688 30 19 for
809 1687 33 20 tho
865 1685 107 22 Waiotapu

552 1717 68 18 Hotel.

552 1776 56 19 ONE
617 1768 140 27 THOUSAND
774 1768 105 27 ILAMAS
896 1768 53 27 LAD-

656 1809 39 19 EN
707 1807 78 21 WITH
793 1806 72 21 GOLD.

579 1879 55 18 Who
658 1877 74 20 doesn't
757 1877 35 18 like
808 1879 19 15 to
841 1873 48 20 veail
912 1873 62 18 anout

552 1905 73 19 buried
636 1906 88 16 treasure
734 1903 9 18 ?
757 1903 48 18 Who
816 1899 65 21 hasn't
896 1898 64 19 dream-

553 1931 25 19 ed
587 1931 21 19 of
617 1930 78 25 finding
710 1929 32 19 it?
756 1928 58 20 Wfiat
831 1924 85 26 delight;
926 1924 36 19 sud-

552 1956 60 25 denly
623 1959 20 16 to
658 1962 78 19 possess
750 1959 42 15 vast
811 1951 78 21 riches?
912 1950 48 19 Shin-

552 1983 37 25 ing
608 1982 52 25 gold,
682 1981 103 26 sparkling
807 1978 59 27 gems!
896 1976 77 24 Things

552 2008 32 20 for
594 2008 64 19 which
668 2014 30 12 we
708 2007 51 19 have
774 2005 31 21 n'nt
821 2006 50 17 been
893 2002 80 25 obliged

553 2037 20 16 to
602 2033 102 25 scheming
725 2040 21 13 or
766 2035 69 21 Uumßg
852 2029 105 20 thereafter
968 2029 3 29 .

552 2060 40 24 Ah,
602 2060 31 19 let
647 2066 23 12 us
680 2062 35 16 not
731 2056 81 22 rnd'uMe
828 2056 47 19 such
891 2054 80 19 fancies.

553 2086 56 24 They
632 2086 57 18 make
707 2085 53 18 work
775 2086 53 17 Miem
844 2082 39 19 like
899 2080 72 25 slavery

552 2112 40 19 and
612 2118 66 13 wasros
696 2111 40 20 like
750 2103 82 34 pi/iches
851 2108 18 18 of
887 2112 83 14 common

545 2136 53 13 UUBir.
638 2139 36 8 j-m,
692 2138 42 9 uiau
747 2133 52 14 «WU»
812 2135 75 11 ii'iAdoii
898 2136 73 10 aiaooM

545 2156 20 19 of
575 2155 73 19 wealth
659 2155 50 19 exist
720 2155 52 18 there
783 2155 16 18 is
807 2161 25 12 no
839 2153 70 20 doubt.
929 2153 41 18 But

546 2181 65 19 where
622 2188 33 11 are
667 2180 46 26 they
722 2181 8 18 ?

571 2207 69 19 About
654 2207 45 18 four
708 2206 95 20 centuries
820 2212 39 18 ago
869 2205 34 19 the
922 2204 32 19 Em-

545 2240 58 18 peror
618 2233 21 19 of
654 2233 53 19 Pe.ru
723 2239 40 12 was
779 2239 11 12 a
807 2233 78 23 captive
899 2231 20 19 in
935 2231 34 18 the

545 2260 65 18 hands
619 2260 21 18 of
653 2260 34 17 the
698 2257 111 27 Spaniard*'.
839 2258 38 19 His
896 2257 70 25 people

546 2289 43 15 sent
600 2292 11 12 a
626 2286 53 18 train
694 2286 21 17 of
724 2286 53 21 1,000
787 2284 72 19 llamas
872 2284 21 24 (a
912 2283 57 19 small

548 2309 2 26 1
559 2315 43 16 east
612 2312 21 18 of
649 2311 75 18 burden
743 2310 120 25 resembling
873 2316 11 12 a
894 2309 73 24 camel)

545 2338 60 19 laden
632 2338 46 19 with
697 2337 46 23 gold
769 2339 19 16 to
816 2342 80 13 ransom
920 2335 49 18 him.

548 2364 67 19 While
640 2370 24 13 on
687 2364 52 17 th<-ir
762 2369 47 17 way,
832 2362 88 24 crossing
936 2362 34 18 the

546 2390 68 19 Andes
630 2390 118 20 mountains,
760 2388 31 19 the
807 2394 45 13 men
861 2388 21 18 in
896 2388 74 24 charge

547 2417 20 18 of
578 2416 33 19 the
619 2415 112 25 expedition
742 2414 58 19 hoard
818 2414 20 19 of
858 2414 33 18 the
910 2413 59 19 death

547 2442 20 19 of
587 2442 34 19 the
631 2442 100 24 Emperor,
751 2440 37 19 and
807 2439 103 19 concealed
930 2439 39 19 this

547 2475 105 12 enormous
661 2472 86 14 treasure
758 2473 20 12 so
794 2465 114 24 effectually
927 2466 42 18 that

548 2496 35 17 not
593 2501 12 12 a
614 2496 53 16 trace
677 2494 19 18 of
706 2493 15 19 it
731 2493 35 18 has
776 2499 45 12 ever
832 2492 48 18 been
899 2491 68 19 found.

548 2520 29 19 Go
588 2520 40 19 and
639 2520 34 24 dig
680 2522 15 16 ft
709 2526 30 17 up,
749 2520 37 16 ami
797 2524 40 18 you
855 2517 38 19 will
909 2522 59 14 never

547 2547 60 24 again
618 2545 38 20 feel
668 2545 30 19 tie
708 2546 53 22 sting
771 2544 20 19 of
803 2547 87 22 poverty.

573 2573 42 18 But
625 2572 43 24 clap
678 2572 31 18 the
721 2571 69 18 brakes
811 2571 57 17 down
880 2570 51 19 hard
945 2576 22 12 an

548 2598 34 20 the
621 2597 71 20 wheels
720 2598 20 17 of
757 2602 49 18 your
832 2596 134 24 imagination.

549 2625 64 18 What
624 2630 40 12 was
675 2630 69 17 money
762 2626 19 14 to
799 2622 103 19 Bobinson
924 2622 28 19 Cm-

549 2657 32 12 poo
592 2651 8 17 ?
623 2650 61 18 What
712 2648 61 20 would
800 2649 35 18 the
859 2648 72 19 wealth
948 2648 20 18 of

550 2677 52 19 Bern
612 2677 51 17 have
673 2675 47 19 been
731 2679 19 14 to
762 2675 42 18 .Mrs
813 2674 51 19 Jane
877 2674 89 22 Strauks,

549 2703 74 22 during
643 2708 9 13 a
672 2702 71 19 certain
760 2700 66 25 period
839 2700 20 19 of
876 2700 90 26 eighteen

550 2729 80 19 months
648 2729 42 18 that
708 2728 34 18 she
752 2727 44 18 tells
808 2726 60 19 about
879 2726 8 19 ?
912 2726 54 20 Pust,

550 2762 33 17 my
592 2756 48 17 dear
654 2754 68 23 fellow,
740 2752 97 19 countless
853 2752 78 25 pinches
947 2752 20 18 of

549 2787 90 13 common
663 2776 50 23 dust.
742 2778 53 19 Hero
817 2780 17 16 is
850 2779 32 18 the
899 2783 68 14 reason

550 2807 45 25 why
608 2818 5 2 -
623 2813 35 12 one
668 2813 52 11 more
732 2805 74 25 picture
816 2804 21 19 of
855 2804 43 19 that
914 2804 42 18 fear-

550 2827 36 25 ful'
599 2833 78 18 furnace
688 2832 18 19 in
726 2831 62 18 which
801 2830 27 19 all
838 2831 75 23 earthly
932 2829 23 19 de-

550 2860 49 17 sires
618 2865 32 12 are
668 2857 71 20 melted
759 2856 41 19 into
819 2862 37 13 one
873 2861 69 21 prayer
943 2866 24 2 —

618 2884 47 23 God,
676 2884 72 18 deliver
759 2889 30 12 me
800 2882 51 18 from

578 2911 43 18 '•ln
630 2910 55 22 June,
698 2910 45 19 1801
756 2909 10 17 I
778 2908 39 19 had
827 2915 25 12 an
865 2907 64 20 attack
947 2907 20 18 of

551 2937 103 18 influenza,
686 2935 90 20 followed
804 2935 26 24 by
856 2933 110 22 bronchitis,

552 2963 64 19 which
626 2962 35 19 left
672 2969 27 12 me
710 2968 45 16 very
766 2961 36 19 low
811 2960 39 18 and
860 2959 68 19 feeble.
957 2959 10 19 I

551 2989 41 19 had
602 2995 26 12 no
644 2988 88 25 appetite,
750 2987 39 17 Mid
807 2986 33 18 the
855 2985 46 20 little
920 2985 47 18 food

552 3015 10 19 I
571 3015 69 19 forced
647 3014 70 23 myself
727 3017 18 14 to
753 3013 47 17 take
811 3018 48 17 gave
872 3017 28 14 me
919 3011 47 24 p-dn

552 3041 39 19 and
602 3040 113 25 palpitation
732 3039 19 17 of
762 3041 33 15 the
807 3038 59 18 heart.
899 3036 13 19 I
927 3037 40 18 had

552 3074 9 12 n
574 3071 71 19 weary,
654 3065 79 22 sinking
739 3065 77 23 feeling
826 3066 20 16 at
854 3064 30 18 the
899 3063 30 24 pit
948 3063 21 18 of

545 3088 1 30 |
553 3093 33 19 the
597 3092 85 18 stomach
692 3091 37 19 and
741 3096 39 12 was
794 3089 78 25 obliged
880 3092 19 16 to
917 3088 52 24 fight

545 3114 1 29 I
553 3119 31 18 for
592 3125 33 18 my
635 3117 73 19 Wreath.
742 3115 12 20 I
771 3115 40 19 had
830 3122 12 12 a
856 3114 113 21 continuous

545 3140 1 28 I
554 3145 86 23 hacking
640 3140 1 28 1
649 3144 70 22 coujrh,
729 3142 39 19 and
780 3144 44 22 -pat
832 3148 24 18 up
862 3140 107 26 quantities

545 3161 1 33 !
554 3171 20 18 of
583 3170 56 22 thicl<
645 3169 84 25 phlegm.
750 3168 62 20 Later
822 3174 24 11 on
854 3168 8 19 I
872 3166 38 19 had
920 3168 49 22 gout

555 3197 26 18 all
592 3195 46 20 over'
654 3202 37 13 me.
712 3201 19 12 as
748 3194 18 18 it
782 3199 57 17 were,
855 3199 30 18 my
904 3192 65 18 hands

554 3223 8 18 f
576 3229 27 16 ce,
632 3222 36 18 snd
690 3222 40 24 legs
753 3220 62 24 being
840 3218 64 26 puffed
919 3244 5 4 _
934 3224 35 18 up,

555 3249 40 18 and
611 3253 38 14 was
666 3249 20 17 in
708 3252 63 18 Agony
790 3246 40 23 day
846 3244 34 20 anil
903 3244 66 25 night.

555 3275 10 18 I
586 3274 77 20 beerine
677 3280 20 12 so
708 3271 54 20 weak
776 3271 10 18 I
802 3271 52 19 could
867 3272 36 17 not
919 3270 52 19 raise

557 3307 31 18 my
599 3300 73 21 mouth,
681 3299 36 18 and
726 3297 40 19 bad
776 3301 21 15 to
807 3297 24 19 be
839 3291 34 25 fetll

647 3326 75 18 months
738 3323 10 19 I
762 3323 33 24 lay
809 3322 89 25 perfectly
913 3321 46 26 help-

557 3352 43 19 less,
613 3351 36 25 npd
658 3351 68 18 almost
739 3349 81 18 lifeless,
835 3347 71 26 haying
915 3350 20 16 to
946 3348 24 18 be

557 3378 59 19 litted
626 3377 19 19 in
658 3377 38 21 and
704 3378 32 17 out
750 3375 22 18 of
787 3375 43 18 bed.
854 3373 51 20 Four
922 3374 36 18 doc-

557 3408 40 15 tors
621 3403 87 19 attended
731 3408 30 11 me
783 3401 32 17 for
830 3401 41 18 nine
890 3399 81 19 mouths

558 3430 82 18 without
656 3429 59 18 effect.
752 3427 57 17 Then
824 3427 40 24 thejf
880 3425 44 19 told
939 3430 31 13 me

558 3456 47 24 they
617 3455 54 19 could
681 3455 23 17 do
712 3452 84 24 nothing
805 3452 26 18 for
850 3456 32 18 ine,
898 3456 38 13 one
950 3450 21 19 of

558 3483 54 17 them
625 3481 68 26 giving
702 3486 29 11 mo
740 3484 12 12 a
762 3478 56 18 letter
826 3478 21 19 of
851 3483 107 12 recommen-

559 3508 68 18 dation
636 3511 19 13 to
666 3504 58 26 Guy's
734 3504 96 24 Hospital.
854 3502 26 19 At
893 3502 76 21 Easter,

561 3535 55 20 1802,
624 3526 2 30 i
633 3538 32 18 my
685 3530 89 20 husband
783 3530 45 19 took
843 3528 74 20 iaedua
934 3533 37 13 cao

561 3563 18 14 lo
591 3559 42 18 that
642 3552 89 30 hospijal,
742 3556 40 18 and
790 3555 13 19 I
814 3552 119 27 was§S»lacod
949 3554 20 17 in

560 3585 34 18 the
606 3583 76 20 Miriam
701 3582 67 22 Ward,
781 3582 37 19 and
832 3578 101 23 examined
947 3579 25 24 by

560 3610 75 19 several
644 3610 80 17 doctor-'.

652 3633 100 20 this'time
772 3639 11 12 a
800 3632 53 25 hard;
867 3630 105 20 substance

561 3660 76 20 seemed
645 3663 21 16 to
676 3660 48 19 have
732 3658 73 19 formed
814 3660 21 17 in
842 3663 30 18 Jny
887 3655 86 20 stomach

562 3688 64 18 which
637 3687 33 18 the
682 3686 74 18 doctors
765 3684 41 20 said
816 3690 35 14 was
861 3689 11 11 a
886 3684 85 20 tumour,

562 3714 38 18 and
612 3712 73 19 treated
696 3717 28 13 toe
734 3710 30 18 for
776 3710 20 18 it.
823 3710 12 20 I
849 3710 33 23 got
896 3707 78 19 weaker

563 3740 39 19 and
614 3738 79 23 weaker,
704 3736 49 19 until
760 3742 35 13 ono
805 3735 56 25 night
871 3733 34 19 the
913 3738 61 13 nurse

564 3765 40 19 told
615 3755 27 28 ii«
659 3763 43 19 that
716 3762 32 18 the
764 3761 75 20 doctors
853 3758 40 21 had
909 3758 44 19 said
962 3757 12 18 I

564 3797 40 13 was
621 3796 18 12 as
647 3789 39 19 bad
696 3793 21 14 as
729 3787 9 19 I
747 3787 56 19 could
810 3788 30 22 be,
855 3784 40 20 and
910 3782 64 21 would

545 3809 1 32 i
564 3820 36 16 uot
610 3810 93 31 pj-obably
712 3813 38 19 live
758 3813 83 25 through
848 3809 100 25 thenigbt.

545 3834 1 29 ,
592 3844 12 9 •'
613 3841 38 19 'Be
661 3845 57 14 nurse
726 3837 66 26 placed
802 3846 11 11 a
823 3841 63 16 screen
897 3834 76 20 around

565 3876 34 16 my
608 3857 41 32 bid,
661 3864 103 26 expecting
772 3870 28 13 mo
808 3868 20 15 to
835 3862 34 21 die.

615 3891 76 25 flaking
699 3898 11 12 a
720 3888 58 25 slight
782 3893 46 16 turn
837 3889 27 19 for
880 3884 36 20 the
931 3886 33 19 bet-

545 3909 1 33 ]
565 3924 36 18 ter,
618 3917 10 20 I
651 3914 92 23 returned
764 3914 61 23 home,
840 3909 135 21 butwa&eoon

545 3937 1 29 .
565 3954 13 12 a
579 3954 9 11 S
596 3939 36 27 bsjl
639 3950 22 12 as
671 3949 49 12 ever.
749 3939 54 21 After
812 3937 37 22 thS
855 3937 13 18 I
877 3939 36 22 got
920 3942 12 12 a
939 3937 27 18 let-

545 3961 1 33 i
566 3976 31 15 ter
607 3968 17 26 4
631 3963 175 26 recommendation
815 3966 46 19 irm
875 3968 37 12 our
921 3961 44 19 lanQ-

545 3985 1 33 i
566 3991 53 27 lord!
633 3994 54 24 and]
699 3989 84 24 n-'tendtd
807 3985 65 30 as|an
895 3987 80 19 outdoor

545 4011 1 35 .
567 4020 72 26 patijnt
663 4011 26 30 d
710 4018 78 20 Victona
807 4011 50 35 P»jk
875 4012 100 25 Hospital.

545 4038 1 33 j
567 4042 129 29 Aftfbeiiili;
706 4042 58 22 under
769 4038 103 24 treatment
882 4045 12 12 a
909 4039 66 18 month

545 4062 1 34 ,
570 4077 6 18 ]
589 4062 32 31 lit
632 4072 26 18 all
668 4069 84 21 fssithin
765 4062 90 30 mediae
871 4063 41 19 and
929 4069 46 18 gave

545 4088 1 35 .
569 4088 139 35 upjnkingiit.
734 4092 54 25 J>s
804 4095 38 27 nof
856 4088 54 19 little
926 4095 49 14 more

545 4112 1 36 3
568 4112 43 33 tU
621 4130 12 12 a
642 4112 72 35 living
724 4124 67 20 nuso-y.
807 4116 70 24 ,I;was
893 4115 52 18 toed
959 4116 16 18 of

545 4142 1 43 -,
570 4144 36 27 lif£
619 4150 40 21 and
670 4142 16 29 I
689 4151 50 17 often
751 4143 65 42 V*yf
832 4151 21 15 W
855 4142 20 17 at
893 4148 7 17 P
901 4142 25 17 ho
944 4142 21 18 Al-

991 983 78 26 mighty
1078 981 67 19 would
1156 981 47 19 take
1213 988 38 12 me.
1286 980 11 19 I
1316 986 45 12 now
1381 979 41 19 imd

990 1007 32 21 fits
1031 1009 21 18 of
1061 1007 88 24 shaking
1165 1014 23 12 so
1205 1007 40 18 bad
1264 1007 45 18 that
1327 1006 35 18 tho
1383 1005 38 18 bed

989 1034 99 20 trembled
1097 1033 65 19 under
1173 1040 38 12 mo.
1241 1033 36 24 My
1288 1032 50 19 head
1349 1038 40 12 was
1400 1038 21 11 so

989 1061 39 18 full
1039 1061 20 17 of
1067 1060 49 25 pain
1126 1059 45 19 that
1182 1059 10 19 I
1203 1059 88 25 thought
1301 1058 11 19 I
1328 1065 40 11 was
1386 1064 24 18 go-

990 1087 35 24 ing
1035 1086 53 23 mad,
1099 1085 40 20 and
1150 1085 77 20 several
1245 1085 58 18 times
1324 1091 12 12 a
1354 1084 39 24 day
1410 1083 12 18 I

990 1113 38 18 lost
1038 1112 184 19 unconsciousness.

1073 1138 41 19 this
1125 1138 94 18 dreadful
1230 1137 100 18 condition
1352 1136 12 17 I
1382 1135 30 18 lin-

991 1164 60 24 gered
1062 1171 25 12 on
1097 1164 53 18 until
1163 1165 11 18 f.«
1180 1164 95 18 ovember
1284 1163 21 17 of
1317 1162 40 19 last,
1366 1167 54 19 year,

994 1192 54 20 1892,
1060 1190 57 19 when
1128 1196 12 12 a
1159 1188 54 21 book
1232 1196 41 11 was
1292 1188 36 19 left
1347 1192 21 13 at,
1387 1193 36 11 our

992 1218 61 17 house
1072 1216 73 23 telling
1169 1216 21 18 of
1210 1222 12 11 a
1241 1214 97 19 medicine
1357 1212 63 22 called

993 1242 82 24 Seigel's
1087 1242 72 23 Syrup.
1187 1242 10 17 I
1215 1240 40 20 had
1272 1240 38 18 lost
1326 1238 26 19 all
1370 1238 52 23 hop*

992 1269 20 18 of
1022 1268 79 26 getting
1108 1266 51 25 well,
1168 1266 38 20 but
1214 1273 34 18 my
1255 1263 93 22 husband
1357 1264 65 18 would

992 1295 50 18 have
1052 1300 31 12 me
1094 1296 30 21 try
1135 1294 40 18 this
1185 1292 103 20 medicine.
1317 1289 28 20 To
1356 1290 67 22 please

992 1320 41 19 him
1043 1320 11 18 I
1064 1319 34 19 did
1109 1315 33 26 so;
1158 1319 45 22 and,
1215 1319 52 17 after
1286 1316 73 25 taking
1376 1315 16 19 it
1411 1322 12 12 a

992 1346 37 18 few
1040 1345 55 24 days,
1105 1345 11 19 I
1126 1345 38 19 felt
1183 1351 13 12 a
1213 1343 52 19 little
1283 1342 64 19 relief.
1389 1343 34 23 My

994 1371 107 25 breathing
1112 1378 39 12 was
1162 1370 64 18 easier
1236 1368 39 20 and
1286 1376 32 16 my
1335 1369 88 24 appetite

992 1397 86 19 revived.
1107 1395 125 23 Continuing
1243 1395 48 18 with
1309 1395 33 18 the
1360 1394 52 19 medi-

992 1423 43 19 cine
1046 1423 25 19 all
1082 1423 47 24 pain
1138 1421 108 25 gradually
1256 1421 37 18 left,
1304 1427 36 17 me,
1357 1420 39 19 and
1413 1419 10 19 I

994 1455 39 13 was
1043 1449 46 18 able
1098 1451 19 15 to
1129 1454 25 18 go
1169 1447 63 18 about
1249 1447 34 18 tho
1302 1447 63 18 house
1384 1446 40 18 and

993 1475 24 18 do
1028 1475 52 25 light
1090 1473 60 23 work,
1168 1473 35 18 the
1222 1473 43 18 first
1284 1472 47 19 timo
1354 1472 11 18 I
1385 1471 39 19 had

994 1501 50 18 done
1055 1499 99 25 anything
1164 1499 20 19 in
1196 1499 92 23 eighteen
1301 1498 86 19 months.
1412 1497 11 18 I

994 1534 30 12 am
1035 1533 42 12 now
1088 1524 21 21 in
1118 1529 53 19 good
1182 1520 75 29 health,
1279 1524 39 19 and
1337 1523 46 19 able
1404 1526 20 15 to

994 1553 24 18 do
1027 1558 40 17 any
1076 1551 50 18 kind
1137 1551 21 18 of
1166 1551 62 18 work.
1265 1550 12 19 I
1287 1556 41 12 owe
1338 1556 33 18 my
1389 1549 35 18 life

994 1582 19 15 to
1023 1576 84 25 Seigel's
1117 1576 73 25 Syrup,
1203 1576 40 19 and
1262 1576 49 18 wish
1328 1581 34 18 my
1380 1581 44 14 case

994 1607 19 16 to
1022 1604 26 18 bo
1058 1602 56 19 made
1258 1600 94 27 (Signed)
1372 1601 52 19 Jane

994 1629 90 22 Stranks,
1109 1630 30 19 22,
1160 1628 103 25 Gaywood
1288 1628 31 18 Ro
1333 1627 18 23 d,
1379 1627 45 19 Hoe

995 1656 69 21 Street,
1082 1654 163 22 Walthamstow,
1266 1661 49 11 near
1333 1653 90 23 Loudon,

995 1680 56 26 April
1062 1682 29 21 20,

1021 1707 33 19 No
1063 1706 65 20 worels
1138 1706 20 18 of
1175 1707 99 18 comment
1292 1712 36 12 can
1347 1705 26 19 be
1391 1707 33 16 too

995 1735 70 22 strong
1072 1733 32 18 for
1114 1738 12 12 a
1136 1739 44 11 case
1191 1738 21 13 so
1223 1731 134 19 remarkable.
1385 1731 39 19 We

996 1759 57 19 stand
1063 1758 69 19 before
1143 1759 16 17 it
1168 1759 22 18 at
1200 1764 11 12 a
1221 1758 40 18 lo>s
1275 1757 53 20 whit
1343 1759 22 16 to
1382 1763 41 17 say.

996 1785 19 19 It
1025 1785 17 19 is
1051 1787 35 16 not
1093 1790 12 12 a
1113 1784 87 22 miracle,
1210 1784 20 18 of
1238 1790 75 12 course:
1324 1782 99 26 although

996 1818 58 17 many
1065 1817 11 11 a
1086 1809 83 26 reputed
1180 1810 81 18 miracle
1272 1809 36 19 has
1321 1809 52 18 been
1385 1809 39 18 le*s

997 1836 115 19 wonderful.
1142 1836 52 18 How
1211 1836 18 18 is
1244 1836 16 18 it
1277 1835 87 25 possible
1380 1835 44 18 that

996 1862 81 25 Seigel's
1088 1861 66 26 Syrup
1171 1862 65 22 could,
1254 1861 48 19 with
1321 1861 49 18 such
1389 1867 24 19 ap-

996 1889 69 25 parent
1075 1894 51 16 ease,
1138 1888 51 18 have
1199 1887 88 20 restored
1300 1891 19 14 to
1335 1886 68 21 health
1413 1894 11 11 a

995 1921 70 19 person
1075 1914 20 19 in
1106 1921 22 10 so
1140 1914 104 24 desperate
1258 1919 12 12 a
1288 1912 75 20 strait?
1384 1912 40 19 Yet

996 1941 41 18 that
1047 1940 16 18 it
1072 1940 35 19 did
1116 1942 76 17 restore
1203 1940 36 18 her
1249 1940 16 17 is
1274 1940 80 17 certain.
1382 1938 41 19 The

995 1966 104 19 factshave
1103 1965 52 20 been
1159 1964 124 26 thoroughly
1290 1964 133 25 investigated

995 1992 38 19 and
1043 1991 123 20 established
1177 1991 79 24 beyond
1268 1990 84 25 dispute.
1382 1990 41 18 Mrs

994 2018 83 19 Stranks
1088 2024 40 12 was
1138 2024 25 11 on
1173 2017 33 18 the
1217 2016 114 25 crumbling
1341 2016 50 25 edge
1403 2017 20 17 of

994 2044 32 19 the
1044 2051 67 17 grave,
1130 2043 39 18 and
1188 2049 40 12 was
1246 2043 70 18 thence
1335 2042 89 23 brought

994 2070 50 19 back
1056 2073 19 15 to
1086 2070 33 18 the
1129 2069 70 24 region
1209 2069 22 18 of
1241 2069 74 21 health,
1334 2068 88 24 activity,

994 2096 38 19 and
1042 2094 122 26 enjoyment.
1199 2094 52 19 How
1270 2101 39 11 was
1325 2094 15 18 it,
1357 2094 51 18 done
1415 2094 8 18 ?

993 2122 65 15 Tlipro
1067 2121 65 18 is.flu-
1143 2121 70 22 simple
1224 2123 69 16 secret.
1332 2120 43 18 The
1392 2121 21 17 in-

992 2144 76 18 fluenza
1078 2144 38 19 left
1126 2144 37 19 her
1176 2145 65 18 whole
1256 2147 74 22 system
1348 2145 63 18 d-diili-

992 2170 52 22 ated,
1056 2176 22 12 as
1095 2171 15 18 it
1130 2171 81 23 usually
1230 2171 54 18 does.
1324 2171 83 21 Indiges-

992 2196 40 19 tion
1086 2196 66 19 which
1184 2197 21 18 in
1237 2197 35 18 the
1296 2196 43 19 first
1366 2196 57 25 place

992 2222 73 19 invited
1103 2222 87 19 influeza
1257 2222 93 19 attacked
1387 2222 35 19 her

992 2248 47 19 with
1069 2248 104 19 increased
1206 2255 73 19 power.
1328 2248 92 23 Asthma,

992 2274 56 19 heart
1071 2274 137 22 disturbance,
1244 2281 86 12 nervous
1366 2281 45 17 pros-

992 2300 77 22 tration,
1091 2300 34 18 the
1140 2300 96 19 inflamed
1253 2300 39 19 and
1312 2300 108 24 congested

991 2327 94 21 stomach,
1094 2326 67 19 which
1182 2333 40 12 was
1239 2326 99 19 mistaken
1360 2328 30 16 for
1410 2333 12 12 a

992 2355 85 20 tumour,
1104 2355 43 20 etc.,
1178 2355 37 16 etc.
1217 2352 55 18 —all
1293 2352 73 18 results
1380 2353 40 18 and

991 2380 109 22 symptoms
1110 2378 21 17 of
1147 2377 89 20 arrested
1255 2378 154 24 digestion—fol-

990 2403 69 19 lowed.
1087 2404 43 18 Tho
1140 2404 80 24 private
1236 2405 41 18 also
1288 2404 33 18 the
1333 2404 86 25 hospital

990 2432 106 16 treatment
1110 2427 70 26 failed,
1201 2429 85 20 because
1302 2430 15 18 it
1333 2436 40 12 was
1390 2430 20 18 di-

989 2455 66 19 rected
1074 2458 20 16 to
1105 2456 34 18 tho
1157 2459 117 22 symptoms,
1294 2458 35 16 not
1347 2458 21 16 to
1385 2456 35 18 the

989 2488 64 12 cause.
1099 2481 87 26 Finally,
1218 2482 80 18 Mother
1336 2481 84 25 Seigel's

990 2507 93 19 Curative
1093 2510 64 22 Syrup
1169 2515 40 11 was
1220 2507 99 26 appealed
1332 2510 25 19 to,
1380 2508 39 18 and

990 2533 110 24 responded
1119 2533 28 26 by
1166 2535 77 24 setting
1263 2534 34 18 the
1321 2534 98 24 digestive

990 2559 89 19 function
1089 2560 21 18 in
1129 2560 112 25 operation,
1263 2559 103 25 expelling
1385 2559 35 19 the

990 2585 69 24 poison
1069 2585 52 19 from
1140 2586 35 18 tho
1193 2586 66 22 blood,
1280 2585 40 19 and
1339 2585 81 24 placing

990 2611 42 18 Mrs
1041 2611 84 19 Stranks
1136 2614 20 16 at
1164 2612 34 18 the
1209 2612 52 18 head
1274 2612 20 18 of
1307 2611 36 19 her
1358 2611 62 19 house

990 2643 11 12 a
1011 2637 59 19 saved
1090 2644 85 12 woman.
1203 2638 42 18 But
1256 2638 16 18 it
1283 2644 40 12 was
1339 2643 12 13 a
1366 2644 40 12 mar-

991 2663 31 18 vel
1032 2663 27 19 all
1070 2663 34 19 the
1115 2670 61 13 same.

1015 2689 29 19 As
1051 2692 19 16 to
1081 2689 44 19 that
1133 2689 41 25 pile
1182 2690 21 18 of
1213 2693 91 16 treasure
1313 2689 75 18 hidden
1399 2689 20 18 in

990 2715 33 19 tho
1033 2716 74 18 Amies.
1145 2716 40 19 We
1196 2716 73 19 should
1280 2715 40 18 like
1331 2717 20 16 to
1368 2715 52 19 have

990 2742 21 17 it.
1039 2742 38 18 Oh.
1100 2748 42 18 yes.
1173 2742 32 19 No
1235 2748 35 12 use
1293 2740 73 25 saying
1392 2748 28 11 we

990 2767 108 20 shouldn't.
1128 2768 40 18 But
1197 2775 22 11 as
1243 2768 90 18 between
1356 2767 64 18 riches

989 2794 39 19 and
1055 2793 143 25 health—give
1223 2800 25 12 us
1274 2792 76 19 health.
1378 2792 40 19 For

990 2819 52 18 what
1058 2820 65 18 would
1140 2820 49 24 gold
1204 2820 51 18 have
1272 2819 51 19 been
1342 2821 21 16 to
1378 2818 43 19 Sirs

989 2845 84 18 Stranks
1079 2846 34 18 tho
1124 2846 60 25 night
1197 2846 36 18 she
1249 2846 32 23 lay
1293 2844 75 19 behind
1386 2845 35 18 tho

989 2872 154 25 screen—given
1155 2878 27 19 up
1201 2874 21 16 to
1233 2872 32 18 die
1274 2872 7 18 ?
1302 2870 43 20 Ask
1360 2877 50 19 your-

989 2897 38 19 self
1037 2897 44 19 that
1090 2897 101 23 question.

1523 170 84 26 THE
1624 169 136 26 MAILS.

1641 219 21 13 o

1466 248 147 24 ROTORUA
1625 252 74 18 POST
1718 252 116 19 OFFICE.

1505 301 69 19 Mails
1583 300 62 18 close
1653 304 27 14 as
1688 299 74 19 under
1770 306 28 12 :

1607 334 97 17 Monday.

1436 373 47 18 Fox*
1498 370 126 20 Auckland
1645 369 46 19 and
1708 370 161 19 intermediate

1495 395 84 19 offices,
1590 393 54 21 7.30
1653 398 52 12 a.m.

1460 433 12 8 „
1497 418 32 18 Te
1537 417 73 23 Ngae,
1625 416 31 18 Te
1670 415 65 18 Puke
1749 416 46 18 and
1812 416 58 19 East

1501 441 72 18 Coast
1581 438 84 22 offices,
1675 438 55 18 7.30
1739 443 54 18 p.m.

1605 471 101 16 Tuesday.

1439 504 46 18 For
1501 501 125 21 Auckland
1643 500 46 18 and
1709 499 162 20 intermediate

1501 526 83 20 offices,
1593 524 54 18 6.30
1656 528 52 13 a.m.

1462 565 12 7 „
1500 550 122 20 Tauranga
1635 546 38 19 via
1689 546 29 18 Te
1736 546 66 17 Puke
1818 547 54 18 6.30

1501 577 52 14 a.m.

1462 610 13 9 „
1501 593 168 21 Rotornaßoad
1675 591 78 23 Camp,
1759 592 55 18 9.30
1820 598 51 12 a.m.

1463 611 12 31 ,',
1502 619 97 18 Galatea
1607 616 46 19 and
1667 614 134 23 Waiotapu,
1820 614 53 19 7.30

1502 647 54 17 p.m.

1464 679 12 8 „
1502 665 85 22 Taupo,
1605 660 122 22 Atiamuri,

1504 687 46 18 and
1559 685 91 23 Napier,
1661 683 53 20 7.30
1726 688 53 18 p.m.

1441 749 47 18 For
1498 747 126 20 Auckland
1644 746 47 19 and
1712 746 161 19 intermediate

1506 771 84 20 offices,
1602 770 53 18 7.30
1663 775 51 13 a.m.

1598 798 118 17 Thursday.

1443 838 45 18 For
1504 836 126 20 Auckland
1646 836 46 18 and
1713 836 160 19 intermediate

1504 861 87 20 offices,
1602 859 54 18 6.30
1663 864 52 13 a.m.

1467 898 11 8 „
1505 883 123 22 Tauranga
1634 882 38 17 via
1678 882 75 22 Oropi,
1762 882 54 19 7.30
1824 888 49 13 a.m.

1467 921 12 8 „
1505 906 31 19 Te
1546 906 71 23 Ngae,
1628 905 31 18 Te
1673 904 71 22 Puke,
1759 905 46 18 and
1820 906 53 17 East

1507 930 71 18 Coast
1588 928 82 22 offices,
1690 927 54 19 7.30
1752 933 53 17 p.m.
1819 927 4 23 •

1617 960 88 17 Friday.

1444 997 46 19 For
1499 997 128 22 Tauranga,
1643 995 39 19 via
1695 995 30 18 Te
1742 995 65 19 Puke
1824 995 49 19 6.30

1507 1026 52 13 a.m.

1467 1059 11 7 ~
1504 1042 125 20 Auckland
1650 1042 46 17 and
1716 1041 157 18 intermediate

1506 1067 83 21 offices,
1601 1065 53 19 7.30
1663 1070 50 13 a.m.

1468 1105 12 8 ~
1506 1090 87 22 Taupo,
1612 1087 122 23 Atiamuri,
1753 1087 46 19 and
1816 1087 43 19 Wai-

1508 1112 71 22 rakei,
1591 1112 53 18 7.30
1653 1117 53 17 p.m.

1446 1170 53 16 THE
1511 1169 117 17 ENGLISH
1640 1167 66 17 MAIL
1722 1172 34 12 via
1775 1168 98 17 'FRISCO.

1471 1223 81 17 Closes
1567 1221 109 21 Rotorua,
1693 1220 90 24 Friday,
1799 1221 74 19 March

1446 1245 36 22 £O,
1497 1246 25 17 at
1539 1245 54 19 7.30
1610 1249 58 17 a.m.,
1685 1244 44 18 due
1744 1244 24 17 in
1783 1244 90 18 London

1446 1268 67 24 April
1522 1269 36 18 21.

1477 1319 62 17 POST
1552 1317 93 19 OFFICE
1661 1317 188 18 REGULATIONS.

1469 1368 47 18 The
1527 1367 71 19 Office
1607 1365 20 19 is
1636 1371 60 17 open
1705 1365 36 18 for
1749 1366 41 18 the
1800 1366 48 18 sale
1858 1367 15 17 oi

1445 1393 98 21 stamps,
1554 1390 103 22 delivery
1671 1388 46 19 a-nd
1730 1389 143 23 registration

1447 1415 26 17 of
1479 1414 88 21 letters,
1577 1412 88 22 receipt
1681 1412 25 18 of
1718 1412 96 23 parcels,
1833 1412 40 23 &c,

1447 1438 61 17 from
1517 1437 15 17 9
1541 1441 52 13 a.m.
1604 1436 25 17 to
1638 1435 14 18 6
1662 1440 53 18 p.m.

1471 1460 46 18 For
1534 1464 85 18 money
1637 1458 67 18 order
1720 1459 47 18 and
1785 1459 88 23 savings

1447 1483 63 18 bank
1523 1482 114 21 business,
1654 1482 14 17 9
1683 1487 51 12 a.m.
1752 1483 25 16 to
1795 1482 15 18 4
1826 1487 47 18 p.m.

1447 1506 137 23 Saturdays,
1595 1505 14 18 9
1618 1510 52 13 a.m.
1680 1505 25 17 to
1715 1505 14 18 5
1738 1510 53 17 p.m.

1471 1530 45 18 For
1525 1529 121 23 telegraph
1662 1527 114 21 business,
1791 1528 61 18 from
1866 1529 7 17 £

1447 1558 52 13 a.m.
1509 1553 25 18 to
1544 1553 14 18 5
1569 1557 54 17 p.m.

1471 1576 99 21 Letters,
1582 1575 75 17 books
1674 1574 46 18 and
1731 1579 142 18 newspapers

1448 1604 43 13 can
1496 1599 27 18 be
1529 1597 128 24 registered
1663 1598 26 17 to
1696 1602 47 17 any
1751 1599 52 21 part
1810 1600 27 16 of
1842 1598 31 18 the

1447 1622 74 18 v/orld
1530 1627 31 13 on
1569 1621 113 23 payment
1691 1624 23 14 or
1730 1626 14 12 a
1757 1621 36 17 fee
1810 1621 27 17 of
1850 1621 23 18 3d

1447 1645 24 18 in
1478 1645 105 18 addition
1590 1645 24 17 to
1618 1644 40 18 the
1664 1643 209 24 ordinarypostage,

1471 1669 47 18 The
1528 1668 72 18 Office
1608 1666 48 19 will
1666 1672 94 17 re-open
1773 1673 30 12 on
1813 1668 48 17 Tues-

1448 1692 63 23 days,
1530 1690 134 23 Thursdays
1685 1689 45 19 and
1751 1691 122 22 Saturdays

1449 1716 54 22 only
1508 1716 35 17 for
1551 1715 28 17 15
1584 1713 101 18 minutes
1694 1713 35 18 for
1735 1713 40 18 the
1779 1713 94 23 delivery

1448 1739 26 18 of
1488 1734 82 22 letters
1584 1737 59 18 after
1658 1736 40 18 the
1711 1736 56 18 mail
1779 1737 94 23 arriving

1448 1763 25 17 at
1483 1762 54 18 4.40
1546 1765 53 18 p.m..
1609 1760 20 18 is
1638 1759 85 19 sorted.

1595 1783 26 19 R.
1635 1783 26 18 D.
1680 1782 130 22 DANSEY,

1704 1806 152 18 Postmaster.

1108 113 59 19 THE
1193 111 59 20 HOT
1279 109 92 23 LAKES
1398 108 172 24 CHRONICLE,
1599 106 157 24 SATURDAY,
1784 101 150 27 FEBRUARY
1947 102 14 24 U
1977 102 48 18 *S97

687 680 27 15 No
734 679 63 16 better
817 678 55 19 proof
877 680 16 16 is
912 680 78 16 rteederil
1011 681 20 14 to
1050 679 96 15 convJnca
1163 678 36 15 the
1217 676 69 17 Public

686 726 21 15 of
726 725 34 15 the
784 723 85 16 cxccllen
887 726 95 20 qualities
1006 725 39 15 arid
1068 725 74 14 virtues
1163 723 23 15 of
1206 721 80 16 Wolfe's

686 772 106 17 Schnapps
811 770 49 15 than
869 772 30 16 the
917 772 41 15 fact
976 771 45 14 that
1040 770 13 15 H
1074 769 37 15 has
1132 768 50 16 been
1330 768 39 25 jg*

1331 794 39 28 m

827 834 35 38 50
872 827 87 46 years
984 824 95 45 Before
1104 822 48 36 is
1178 820 105 45 public.
1330 819 43 56 |§

989 2946 433 65 dfdafa

1001 3052 170 26 ROTOITT
1201 3051 182 26 REFRESH-

1065 3091 115 25 MENT
1199 3089 149 28 ROOMS.

1061 3138 286 25 TAPUAEHABUBTT.

993 3192 53 42 TO
1057 3192 136 19 TOURISTS
1204 3192 41 19 and
1255 3191 34 19 the
1305 3190 119 25 Travelling

1056 3218 78 18 Public.
1163 3218 65 19 Meals
1239 3220 20 17 at
1268 3217 28 19 all
1305 3217 67 22 hours,
1381 3217 42 18 also

993 3244 75 20 limited
1085 3244 93 25 sleeping
1203 3243 171 20 accommodation
1393 3243 31 18 for

993 3271 80 19 tourists
1082 3270 40 18 and
1133 3271 74 17 others.

993 3304 164 23 Camping-out
1167 3304 59 18 Gear
1237 3302 73 19 found
1323 3302 36 19 for
1372 3302 39 18 Par-

1072 3327 45 18 ties
1130 3327 72 22 doing
1210 3326 40 19 the
1260 3326 81 18 Lakes.

1104 3358 124 20 Competent
1242 3359 76 18 Guide.

1049 3425 35 40 J.
1112 3422 252 49 BOLTON,

1127 3478 161 18 MANAGER.

1488 1855 142 47 NEW
1653 1855 161 45 BOOK

1450 1921 67 41 FOR
1540 1919 153 42 HOLIDAY
1714 1919 164 43 READING!

1768 1996 56 21 Paper
1830 1997 48 16 Cloth

1446 2027 47 17 ICate
1501 2027 84 20 Carnegie
1594 2026 34 15 and
1640 2025 56 16 Those
1704 2025 88 17 Minister:*

1662 2047 31 15 lan
1704 2047 88 16 Maclaren
1848 2049 9 14 G
1870 2049 8 14 (J

1446 2070 36 16 The
1492 2070 45 20 Grey
1546 2069 48 19 Man,
1621 2081 16 4 ...
1652 2070 16 16 S.
1683 2070 19 14 K.
1712 2069 80 15 Crockett
1804 2070 9 14 2
1826 2070 31 14 03
1869 2070 9 14 G

1446 2091 112 16 Sentimental
1566 2090 71 20 Tommy
1677 2089 18 16 J.
1704 2089 26 16 M.
1739 2089 58 16 Barrio
1811 2091 50 14 2013
1870 2092 8 13 0

1447 2112 52 16 Jiudn<
1507 2118 10 14 y
1526 2112 52 16 Stono
1589 2124 16 4 ...
1644 2111 23 15 A.
1677 2110 57 16 Conan
1744 2111 54 20 Doyle
1811 2112 28 14 2G
1851 2113 9 14 3
1869 2114 9 13 G

1445 2133 36 15 The
1489 2133 54 15 Grren
1553 2132 41 15 M;m
1660 2132 17 15 S.
1689 2132 21 15 11.
1720 2131 78 16 Crockett
1812 2133 8 14 2
1831 2134 8 12 6
1852 2134 9 14 3
1869 2134 9 14 G

1445 2153 37 16 The
1490 2153 77 16 Sealskin
1576 2152 59 19 Cloak,
1678 2152 111 16 Boldrewool
1804 2155 9 13 2
1825 2155 9 14 6
1848 2155 9 14 3
1869 2156 9 13 9

1445 2175 36 15 Tiio
1489 2175 64 20 Lights
1561 2175 18 14 of
1587 2173 70 21 Sydney
1693 2173 20 16 L.
1723 2173 67 17 Turner
1802 2176 31 14 2G
1848 2176 9 14 3
1869 2176 9 14 G

1492 2201 6 10 r.
1507 2196 54 16 Cheer
1659 2195 50 16 Clark
1719 2196 68 15 liusseli
1800 2197 10 14 2
1822 2197 10 14 G
1847 2198 10 14 3
1869 2198 9 14 6

1445 2217 27 15 Sir
1481 2217 68 20 George
1557 2216 91 21 Tressady,
1658 2216 37 16 Mrs
1704 2216 23 15 IL.
1737 2216 52 16 Ward
1802 2219 9 13 2
1825 2219 9 13 G
1848 2220 9 14 3
1869 2220 9 13 G

1444 2239 37 15 The
1497 2238 82 18 Martian,
1620 2243 37 10 new
1672 2237 50 16 novel
1737 2239 20 19 by
1773 2239 30 14 Du

1488 2260 81 17 Maurit-r,
1590 2260 63 14 author
1702 2259 94 21 ••Trilby*'
1811 2261 7 14 2
1829 2261 9 14 G
1851 2261 9 15 3
1868 2262 9 14 6

1444 2280 70 16 Cameos
1544 2293 16 4 ...
1608 2293 17 3 ...
1670 2280 56 16 Marie
1735 2281 61 15 Corelli
1810 2283 27 13 2G
1850 2283 8 14 3
1867 2283 9 14 G

1444 2302 36 15 The
1497 2302 70 21 Mighty
1583 2301 51 15 Atom
1730 2314 12 7 ~
1811 2304 8 14 2
1829 2304 9 13 G
1851 2305 8 13 3
1868 2305 9 13 G

1443 2323 36 15 The
1488 2323 75 16 Sorrows
1572 2323 18 14 of
1598 2323 11 15 S
1616 2326 35 12 .tau
1731 2335 11 8 ~
1810 2325 9 14 2
1830 2326 8 13 G
1851 2326 8 14 3
1868 2326 9 14 G

1444 2344 87 15 Barabbas
1538 2357 16 4 ...
1603 2357 17 3 ...
1731 2356 11 7 ~
1810 2346 9 14 2
1829 2346 9 15 G
1850 2347 9 14 3
1867 2347 10 14 6

1444 2365 86 17 Vendetta
1576 2378 17 4 ...
1641 2378 17 4 ...
1675 2364 55 17 Marie
1737 2366 61 16 Corelli
1811 2368 26 24 2tj
1850 2368 8 14 3
1867 2369 9 13 6

1443 2409 67 14 Ardalh
1643 2422 10 3 ..
1731 2421 11 7 ~
1810 2410 8 14 2
1829 2410 8 14 6
1850 2411 8 13 3
1868 2411 8 14 6

1443 2429 35 16 T::o
1487 2429 41 16 Soul
1537 2429 17 15 of
1564 2429 54 15 Lilit.li
1637 2443 18 3 ...
1730 2441 10 8 ~
1808 2432 9 14 2
1827 2432 9 14 G
1849 2432 9 14 3
1867 2432 9 14 G

1446 2451 106 15 Wormwood
1571 2464 18 3 ...
1636 2463 17 4 ...
1729 2463 11 7 ~
1808 2452 9 15 2
1827 2453 9 13 6
1849 2453 9 14 3
1867 2453 9 15 G

1443 2472 66 16 Behind
1518 2472 29 16 the
1556 2472 58 20 Magic
1622 2472 62 16 Mirror
1737 2472 60 16 ttirrell
1810 2475 8 13 2
1827 2474 9 14 6
1850 2475 8 14 3
1867 2476 9 13 G

1442 2493 292 17 TheElevenihCommandment,S
1742 2495 59 14 itclifi'e
1810 2497 5 12 I
1827 2496 9 13 G
1850 2497 26 13 3G

1443 2516 15 14 A
1464 2514 63 16 Victim
1533 2515 17 15 of
1557 2514 48 16 Good
1611 2514 26 16 Lu
1649 2514 15 18 k,
1674 2514 16 16 \V
1690 2514 3 18 r
1707 2514 21 17 E,
1735 2514 60 17 Norris
1808 2517 8 14 2
1827 2517 9 14 G

1442 2535 36 16 The
1488 2536 53 16 Wood
1547 2537 71 19 Beyond
1624 2537 29 14 the
1658 2535 66 19 World,
1733 2537 63 15 Morris
1809 2538 8 14 2
1827 2539 9 13 G

1443 2559 69 18 Among:
1520 2557 28 16 'be
1557 2557 63 16 Freaits
1671 2556 27 16 W.
1708 2557 21 16 Jj.
1739 2558 55 15 Alden
1809 2559 8 14 2
1827 2561 9 12 G
1850 2560 8 14 3
1867 2561 9 13 G

1443 2578 34 16 Out
1486 2580 18 14 of
1509 2578 39 16 Due
1554 2578 63 16 Season
1632 2578 73 16 Adeline
1712 2578 82 18 Semeant
1809 2582 9 14 2
1828 2581 9 14 6

1442 2599 98 17 Transition
1565 2613 17 3 ...
1630 2613 18 4 ...
1669 2599 21 16 G.
1700 2599 21 17 F.
1731 2601 65 15 Brooke
1810 2603 8 14 2
1828 2603 8 14 G

1442 2621 35 16 The
1481 2620 54 17 Years
1543 2621 38 15 that
1587 2621 28 15 the
1623 2621 62 15 Locust
1694 2622 41 15 hulh
1747 2622 53 15 Katru

1588 2643 56 15 Annie
1652 2642 22 15 E.
1683 2643 111 15 Holdsworth
1810 2645 7 14 2
1828 2644 8 15 6
1850 2645 8 14 3
1867 2645 9 14 6

1444 2663 51 16 1.-ban
1504 2664 53 15 Israel
1573 2664 5 19 (
1585 2670 5 9 t
1599 2663 54 16 South
1662 2664 71 15 African
1743 2664 57 21 Story)

1653 2685 67 20 George
1729 2686 68 15 Cos>ins
1850 2688 8 14 3
1867 2688 9 14 6

1443 2706 28 15 Mr
1480 2706 58 18 Bailey
1547 2706 66 16 Martin
1633 2719 18 4 ...
1676 2707 52 19 Percy
1737 2707 59 16 White
1810 2709 8 14 2
1828 2714 9 8 o
1850 2709 8 14 3
1867 2709 9 14 6

1444 2730 13 12 A
1469 2727 55 16 Home
1533 2728 16 15 in
1561 2728 80 16 luveresk
1681 2728 19 15 T.
1711 2728 20 16 L.
1742 2728 54 16 Baton
1810 2732 7 12 2
1827 2730 9 14 6
1850 2730 8 14 3
1867 2730 9 14 6

1443 2748 35 16 The
1488 2750 54 14 Green
1552 2749 66 15 Groves
1632 2749 18 15 of
1663 2749 98 19 Balgowrie

1647 2770 17 16 J.
1674 2770 24 16 11.
1708 2770 88 17 Findlater
1809 2773 8 14 2
1828 2772 9 14 G
1850 2773 8 14 3
1867 2772 10 14 6

1443 2792 26 15 Dr
1477 2791 113 20 Congalton's
1599 2791 69 20 Legacy
1677 2792 24 16 11.
1710 2791 86 17 Johnston
1810 2794 8 14 2
1828 2794 9 14 G
1850 2794 8 14 3
1868 2794 8 14 6

1443 2813 36 16 The
1488 2813 49 19 King
1545 2813 18 14 of
1573 2813 91 15 Andaman
1726 2814 47 15 Cobb
1780 2819 15 10 m
1810 2815 8 14 2
1829 2815 8 14 G
1850 2815 8 14 3
1868 2815 8 14 G

1444 2836 16 14 A
1469 2834 41 16 Man
1519 2834 18 15 of
1545 2834 28 16 the
1582 2834 62 21 Fjords
1757 2835 42 16 Deir
1851 2836 7 14 3
1868 2836 8 14 6

1444 2856 42 18 Cleg
1495 2855 52 20 Kelly
1571 2869 18 3 ...
1637 2869 17 3 ...
1666 2855 16 16 S.
1688 2855 23 16 11.
1719 2855 79 17 Crockett
1811 2857 8 14 2
1829 2857 8 14 6
1851 2858 8 13 3
1868 2857 9 14 6

1444 2876 48 21 Lady
1501 2876 154 21 Val'sEloperneiit
1663 2876 17 16 J.
1694 2876 103 21 Bickerdyke
1810 2878 8 15 2
1828 2879 9 13 6
1850 2879 9 14 3
1868 2878 9 14 6

1444 2898 36 16 The
1488 2898 94 21 Expiation
1591 2899 17 15 of
1615 2898 58 20 Wynn
1682 2898 74 16 Palisser

1696 2919 20 16 B.
1726 2919 72 16 Mitford
1811 2921 9 14 2
1830 2921 8 14 6

1446 2942 14 14 A
1470 2941 77 16 Humble
1555 2940 103 21 Enterprise,
1669 2940 19 16 A..
1696 2940 101 21 Cambridge
1811 2943 8 13 2
1829 2943 9 13 6
1851 2942 8 14 3
1869 2942 9 14 6

1444 2963 36 15 The
1489 2963 88 15 Beautiful
1586 2962 59 16 White
1653 2961 56 21 Devil,
1719 2962 79 21 Boothby
1811 2964 8 13 2
1829 2964 8 13 6
1851 2964 8 14 3
1869 2963 8 14 6

1445 2985 16 14 A
1469 2984 33 15 Bid
1510 2984 27 15 for
1544 2984 78 15 Fortune
1751 2996 12 7 ~
1808 2985 10 14 2
1828 2985 9 13 6
1850 2987 8 12 3
1869 2984 8 15 6

1445 3005 21 15 In
1474 3006 75 18 S:range
1557 3005 89 19 Company
1752 3017 11 7 ~
1810 3006 9 14 2
1829 3006 8 14 6
1851 3006 8 14 3
1869 3005 8 15 6

1444 3026 37 16 Tiie
1490 3026 87 19 Marriage
1587 3027 16 14 ot
1612 3025 63 16 Esther
1752 3038 12 7 ~
1811 3027 9 15 2
1829 3027 9 14 6
1851 3027 8 14 3
1868 3027 9 14 6

1444 3047 37 15 The
1489 3047 83 16 Treinlett.
1580 3047 96 15 Diamonds
1698 3046 26 16 Sfc.
1735 3047 62 20 Aubyn
1851 3048 8 15 3
1869 3048 9 14 6

1445 3068 20 15 In
1473 3069 57 15 Ilaste
1537 3069 33 15 and
1575 3072 18 11 at
1597 3068 70 15 Leisure
1675 3068 22 16 E.
1705 3067 21 17 L.
1735 3068 63 16 Linton
1811 3069 9 15 2
1830 3070 8 14 6

1444 3090 37 15 The
1490 3090 66 15 Master
1580 3103 17 3 ...
1645 3102 17 4 ...
1690 3090 15 15 1.
1714 3089 85 21 Zangwill
1851 3091 9 14 3
1869 3090 9 14 6

1445 3111 16 15 A
1469 3111 87 15 Romance
1559 3111 19 15 of
1581 3111 42 15 Two
1628 3110 67 16 Worlds
1707 3110 22 16 M.
1737 3111 61 15 Corelli
1811 3112 9 14 2
1829 3112 9 14 6
1851 3112 9 14 3
1869 3111 9 15 6

1445 3132 45 15 Judo
1498 3132 30 15 the
1538 3132 75 15 Obscure
1653 3132 75 15 Thomas
1736 3132 60 20 Hardy
1811 3133 9 14 2
1829 3133 9 14 6
1851 3133 9 14 3
1869 3133 9 14 6

1445 3152 21 16 In
1476 3153 29 15 the
1514 3153 49 20 Days
1570 3153 19 15 of
1597 3153 93 20 Adversity
1728 3153 64 15 Burton
1851 3154 9 14 3
1869 3154 9 14 6

1445 3174 37 16 The
1492 3174 55 16 Heart
1556 3173 17 16 of
1583 3174 28 15 the
1624 3173 59 16 World
1712 3173 87 21 Haggard
1811 3175 28 14 26
1852 3175 8 15 3
1869 3175 9 14 6

1446 3195 36 16 The
1491 3195 92 20 Courtship
1592 3196 17 14 of
1618 3195 63 16 Morico
1689 3194 75 17 Buckler

1707 3217 21 15 A.
1738 3216 61 16 Mason
1811 3218 9 14 2
1831 3217 8 15 6
1853 3218 7 14 3
1870 3217 8 14 6

1446 3238 37 16 The
1491 3238 56 20 Light
1555 3238 39 15 that
1601 3237 59 16 Failed
1714 3237 86 21 Kippling
1812 3239 10 14 2
1831 3239 8 14 6
1852 3239 8 14 3
1870 3238 8 15 6

1504 3265 39 15 Add
1552 3264 80 21 Postage,
1642 3264 21 15 2d
1672 3264 18 15 in
1698 3265 29 15 the
1735 3264 83 21 Shilling.

1483 3313 82 17 Orders
1578 3317 39 12 tor
1628 3316 65 13 above
1709 3317 101 13 received
1825 3314 21 16 at

1538 3335 149 18 CHEONICLE
1700 3335 79 18 Office.

1453 3403 47 44 R.
1542 3401 337 49 SPRECKLEY,

1548 3457 53 17 Next
1608 3457 33 17 the
1655 3457 47 17 Post
1714 3457 64 21 Office,

1448 3488 235 21 SHORTLAND-ST,
1696 3488 183 18 AUCKLAND.

1493 3520 80 23 Agent
1580 3519 35 18 for
1621 3518 94 19 Gordon
1721 3519 20 18 &
1750 3519 82 18 Gotch.

1471 3568 52 46 G.
1562 3567 298 45 BURTON'S

1451 3638 221 24 PIONEER
1714 3638 166 23 STORE.

1528 3680 101 25 Opposite
1644 3680 73 19 Palace
1733 3680 69 19 Hotel.

1449 3731 138 23 GROCERY,

1489 3769 138 22 OILMEN'S
1642 3768 110 25 STORES,

1530 3807 219 24 IRONMONGERY,

1582 3845 250 24 CROCKERYWARE,

1634 3885 144 24 DRAPERY,
1794 3887 44 22 Ac,
1848 3887 34 18 &c-

1497 3925 77 20 NEW
1587 3924 141 19 SEASON'S
1736 3925 101 18 GOODS

1595 3965 48 18 Just
1651 3967 22 16 to
1682 3964 61 19 hand.

1480 4011 17 17 A
1512 4007 150 21 well-assorted
1678 4007 57 19 stock
1752 4007 21 19 in
1789 4007 28 18 all
1833 4007 50 19 lines

1453 4036 21 19 of
1484 4035 34 20 the
1526 4035 63 19 ahove
1599 4036 22 16 at
1629 4032 71 20 lowest
1710 4033 72 22 prices.

1453 4079 51 19 New
1514 4076 87 20 Zealand
1609 4075 65 26 Dairy
1681 4075 148 19 Association's
1836 4075 36 19 Fac-

1489 4106 47 21 tory
1546 4102 75 20 Butter
1630 4101 56 19 fresh
1695 4101 58 19 twice
1762 4100 84 24 weekly.

1529 4137 51 19 New
1590 4135 51 20 Laid
1650 4135 61 23 Eggs,
1722 4135 42 22 &c,
1776 4135 34 18 &c.

1098 3528 223 19 MASSAGE.

1105 3608 116 19 FRASER.
1233 3607 96 25 qualified
1346 3607 79 19 Ameri-

1009 3627 35 24 YJL
1072 3640 37 12 can
1127 3634 113 23 Masseuse,
1260 3633 17 19 is
1287 3633 139 24 permanently

994 3660 78 20 located
1086 3660 22 18 in
1124 3659 99 19 Rotorua.
1261 3659 40 18 She
1326 3658 36 19 has
1385 3658 40 18 Lad

994 3685 137 20 considerable
1145 3685 118 24 experience
1274 3684 21 18 in
1310 3684 35 18 the
1363 3686 53 16 treat-

994 3714 56 16 ment
1068 3711 21 18 of
1105 3711 65 19 ladies
1180 3710 40 19 and
1230 3709 115 25 gentlemen
1355 3709 61 19 suffer-

995 3738 35 23 ing
1039 3737 52 19 from
1109 3736 91 23 Sciatica,
1218 3735 148 23 Rheumatism,
1378 3735 49 18 Stiff

995 3763 72 22 Joints,
1088 3761 116 26 Dyspepsia
1222 3761 41 19 and
1281 3761 26 18 all
1325 3760 63 19 forms
1406 3760 21 19 of

995 3788 92 20 Nervous
1103 3787 114 20 Disorders.

1042 3830 102 18 Address:
1159 3828 101 20 GRAND
1273 3827 99 20 HOTEL.

997 3876 51 42 M
1049 3876 16 18 E
1100 3875 78 43 W.
1218 3875 45 43 J.
1295 3874 45 43 N
1341 3874 85 20 APIEK>

997 3929 171 19 BARRISTER
1179 3928 65 19 AND
1263 3927 164 20 SOLICITOR.

999 3961 144 18 Commissioner
1157 3960 21 17 of
1190 3960 33 17 the
1237 3960 89 18 Supreme
1340 3958 59 18 Court
1409 3958 20 17 of

1191 3982 45 23 Fiji.

1000 4014 86 19 Solicitor
1093 4015 21 16 to
1122 4014 33 17 the
1167 4014 48 17 N.Z.
1230 4012 127 19 Government
1370 4012 60 17 under

1064 4037 38 17 Thu
1110 4037 99 17 Advances
1216 4037 21 17 to
1243 4036 78 18 Settlers

1105 4068 88 19 Arcade,
1204 4068 110 19 Queex-st,
1324 4065 105 18 Auckland.

1024 4100 70 22 Money
1101 4100 20 16 to
1128 4099 55 17 Lend
1191 4104 24 11 on
1223 4097 85 18 freehold
1322 4096 80 19 security
1411 4097 20 16 at

1001 4123 37 17 low
1053 4123 50 17 rates
1119 4122 20 17 of
1150 4122 85 17 interest.
1265 4120 70 22 Money
1347 4119 83 17 invested

1001 4146 30 17 for
1039 4146 65 17 clients
1113 4144 37 18 free
1160 4145 20 17 of
1188 4144 75 20 charge.

1015 4215 205 62 Askkor
1244 4230 264 44 Hancock's
1538 4227 278 43 Celebrated
1849 4224 190 41 XXXX
2063 4223 113 40 Ales
2201 4223 99 39 and
2326 4216 152 64 S&put.

2083 244 91 19 Tourists
2185 242 40 20 and
2237 240 92 20 Invalids
2338 239 82 26 visiting
2428 241 35 19 the
2472 242 137 19 Wonderland
2619 242 21 18 of
2649 241 49 19 New
2708 242 89 18 Zealand
2806 240 41 20 will
2854 240 42 19 find
2904 240 34 20 the

2039 279 431 83 GRAND
2560 282 424 81 HOTEL,

1969 442 31 18 ost
2010 440 81 19 elegant
2108 437 133 22 comfortable
2248 435 40 20 and
2298 435 45 18 best
2351 436 107 24 appointed
2467 436 152 19 establishment
2628 436 21 18 in
2667 435 50 19 New
2734 435 95 23 Zealand,
2847 435 16 18 it
2881 435 61 23 being
2958 433 74 25 repine
3048 433 120 25 throughout

2323 460 48 19 with
2380 461 34 19 the
2423 464 52 16 most
2489 461 80 19 modern
2583 461 146 19 conveniences.

1961 491 84 20 TOTEL
2061 492 18 18 is
2097 491 22 18 in
2138 490 35 19 the
2191 487 116 20 immediate
2321 486 165 24 neighbourhood
2505 487 20 19 of
2543 487 34 18 the
2595 486 70 22 Priest,
2684 486 82 22 Rachel,
2785 486 122 18 Postmaster
2929 484 40 19 and
2983 484 56 19 other
3054 484 65 23 baths,
3136 484 33 19 the

1970 517 97 23 roperties
2076 517 21 19 of
2107 515 66 20 which
2189 520 34 13 are
2239 512 144 19 worldvfamed.
2411 512 54 19 Bath
2475 513 65 18 chairs
2552 512 40 19 and
2601 512 114 18 attendants
2725 518 34 12 are
2768 511 96 25 provided
2875 514 19 15 to
2906 517 74 17 convey
2994 510 83 19 invalids
3093 513 21 16 to
3131 510 39 19 and

1969 543 75 19 various
2054 542 143 18 bath-houses.
2225 539 43 18 The
2277 536 104 20 bedrooms
2392 538 40 19 and
2448 538 87 24 retiring
2557 543 65 13 rooms
2641 543 33 12 are
2693 538 57 18 fitted
2766 536 49 19 with
2842 536 74 25 special
2927 535 72 25 regard
3013 540 19 14 to
3045 536 33 18 the
3093 536 77 24 require

1963 571 69 23 guests
2042 568 21 19 in
2073 567 69 20 search
2152 567 21 18 of
2183 564 92 19 renewed
2284 563 96 24 strength.

1952 595 50 18 iaths
2012 597 20 15 at
2044 594 33 18 the
2086 592 129 20 Sanatorium
2227 590 52 18 have
2289 589 96 18 attracted
2394 595 60 18 many
2463 589 81 19 visitors
2564 588 21 19 of
2602 588 40 18 late
2663 594 68 18 years;
2757 592 92 19 amongs';
2864 587 57 19 those
2933 587 42 17 who
2983 587 50 18 huvo
3044 587 61 18 found
3116 587 55 18 relief

1894 622 33 20 bei
1945 620 144 22 convalescent,
2100 623 92 16 nervous,
2204 614 117 21 rheumatic,
2333 614 38 18 and
2381 614 99 25 sleepless.

1921 645 126 21 Iruaisthe
2065 647 67 16 centre
2151 644 53 17 from
2221 640 65 19 which
2305 639 28 18 all
2351 641 67 23 points
2428 641 21 17 of
2458 641 83 17 interest
2551 640 21 18 in
2588 639 34 19 tho
2630 638 94 18 TliGrmal
2734 639 84 24 Springs
2833 638 83 18 District
2931 644 45 17 may
2990 637 25 18 be
3029 637 88 22 reached,
3135 637 38 19 and

1895 679 41 16 specj
1943 671 95 20 facilities
2048 677 32 12 are
2091 668 97 26 provided
2197 668 33 18 for
2237 666 57 18 those
2301 665 21 17 in
2332 665 67 19 search
2409 667 20 17 of
2437 666 34 18 tho
2481 665 100 19 beautiful
2593 664 39 18 and
2645 664 125 18 marvellous.

1953 701 181 19 MAGNIFICENT
2147 696 176 21 APAIrTMENTS.
2449 696 84 18 LOFTY
2545 695 143 17 BEDKOOMS.
2803 694 112 18 PEFFECT
2931 694 153 17 SANITATION.

2004 726 26 18 In
2041 725 56 18 short
2111 731 8 12 v
2129 727 124 15 vikst-cxass
2267 719 168 19 Establishment
2444 720 87 23 offering
2540 719 59 24 equal
2608 719 92 17 comforts
2709 719 21 17 to
2740 718 34 18 tho
2782 718 45 18 best
2840 717 63 19 hotels
2912 717 21 18 in
2942 716 83 25 Europe.

2524 751 10 11 o

2103 774 87 24 Suites
2206 773 28 22 of
2246 771 166 29 Apartments
2421 771 66 23 with
2498 769 96 30 special
2607 769 152 23 attendance
2774 769 37 22 for
2826 768 126 22 Families-

1898 801 64 34 Spkis
1972 811 126 19 Promenade
2108 808 113 22 Balconies,
2232 806 57 24 Snug
2300 804 88 23 Alcoves,
2399 804 40 19 and
2455 804 125 23 luxuriously
2597 803 107 24 appointed
2714 802 102 25 Drawing,
2835 802 70 21 Music,
2921 801 144 23 Conversation,
3081 800 99 25 Reading.,

1913 827 8 12 *
2315 830 98 25 Smoking
2422 831 38 18 and
2472 830 85 19 Billiard
2566 829 80 19 Rooms.
2673 828 69 18 Baths.

2103 872 36 21 £f-
2155 865 117 21 SPECIAL
2285 864 157 19 ATTENTION
2456 864 67 18 PAID
2536 863 33 19 TO
2584 861 116 20 CUISINE
2712 861 60 20 AND
2785 860 123 21 SERYICE.
2922 862 34 21 j£}

1927 893 2 31 i
1936 902 179 22 communications
2125 901 29 23 by
2163 899 60 18 letter
2234 905 5 10 >
2246 903 10 12 r
2267 896 97 23 telegram
2373 896 41 18 will
2423 896 77 18 receive
2508 896 80 23 prompt
2597 893 103 19 attention.

2035 954 51 41 A.
2113 946 297 48 BOULTON

2886 942 242 46 Manager.

2338 1005 58 24 (Late
2406 1006 21 17 of
2436 1004 113 19 Grosvenor
2558 1001 68 23 Hotel,
2638 1001 94 24 Sydney.)

1952 1197 36 46 J\
2002 1197 35 42 1\
2047 1197 37 42 £\
2096 1197 97 39 Wl\
2233 1197 147 37 XjVU^

2012 1257 129 23 (Formerly
2150 1256 40 18 the
2199 1253 146 22 Parsonage.)

1929 1352 163 30 SITUATION
2110 1345 198 31 UNRIVALLED.

2061 1396 176 31 EXCELLENT
2260 1389 231 31 TESTIMONIALS.

2238 1456 4 12 .
2303 1456 28 12 -:o:

1914 1508 57 26 Mrs
1990 1506 29 26 D.
2039 1499 202 30 GRIFFITHS,
2292 1510 10 5 -
2451 1505 9 4 -
2515 1486 174 33 Proprietre

2096 1610 194 24 TARIFF—Two
2303 1606 101 20 Guineas
2416 1609 40 18 per
2469 1601 72 20 week.

2884 1063 35 17 TO
2932 1060 147 20 TOURISTS.

2866 1085 3 16 (

2783 1113 18 16 a
2813 1105 129 24 solVenie
2954 1110 31 17 ov
2998 1108 51 18 the
3061 1108 110 18 district.

2775 1159 137 47 BEFORE
2922 1166 39 17 you
2977 1159 55 18 leave
3050 1156 86 24 Rotorua,
3153 1157 22 18 in-

2848 1188 55 21 spect
2910 1185 33 18 the
2950 1184 102 18 miniature
3060 1183 23 18 oil
3091 1183 96 25 paintings

2775 1214 20 18 of
2802 1213 33 18 the
2846 1209 47 21 UoA
2901 1211 62 17 Lakes
2978 1215 81 19 scenery,
3069 1209 28 18 far
3114 1209 39 18 sale
3168 1211 20 14 at

2776 1239 32 18 the
2820 1238 48 18 Hot
2882 1235 70 19 Ijakes
2965 1234 109 20 Chrosicle
3088 1235 62 22 Oilice,
3169 1237 20 14 at

2776 1265 51 18 from
2840 1265 20 17 Is
2870 1255 88 27 3dSeach..

2835 1307 23 24 j.
2874 1286 261 45 pAbackhouse,

2781 1387 126 27 NEWTON
2920 1384 91 30 \ROAD,
3031 1384 161 27 AUCKLAND.

2891 1449 198 27 ROTORUA.

2782 1529 177 47 Tarawg

2837 1588 80 20 TUTA

2808 1622 81 19 Within

2784 1648 65 24 Office,
2858 1646 51 20 Bath

2785 1674 38 20 and
2834 1679 73 14 comma

2786 1702 20 17 of
2816 1700 33 19 the
2858 1699 30 18 La
2895 1699 1 20 '

2813 1729 85 20 Visitors

2787 1756 48 25 paid
2844 1757 21 17 to
2874 1755 20 18 th

2788 1784 64 17 ments
2863 1787 16 12 o:

2789 1808 71 24 uously
2871 1801 3 31 '

2801 1756 34 19 aid
2844 1758 21 16 to
2875 1755 19 18 th
2924 1755 2 23 .
2942 1764 15 9 •#
2968 1755 3 23 •
3049 1759 58 19 •'"''y
3121 1756 95 16 attention

2800 1784 52 17 louts
2862 1787 17 12 o;
2919 1795 5 6 ..
2968 1777 107 31 j.yofr«n;l
3089 1780 32 18 tho
3131 1779 86 25 require*

2798 1807 62 25 ;ously
2871 1798 3 34 •
2893 1798 59 26 /mva
3065 1804 38 19 will
3114 1805 23 18 bo
3154 1805 63 20 assicU

2861 1829 115 25 ..yfittended
2985 1832 24 16 to.

2916 1862 66 20 TERMS
2994 1863 115 21 MoDEtIATE.

2858 1902 34 31 C,
2909 1902 260 38 WILLMOTT,

2900 1952 229 18 PROPRI6TOR,

2832 1989 77 19 Letters
2926 1989 39 19 and
2989 1989 111 26 Telegrams
3121 1990 97 26 promptly

2808 2015 106 21 responded
2918 2016 25 17 to.

2321 1817 174 26 TKUPO.

2185 1988 22 26 gf
2215 1987 35 20 the
2259 1985 70 25 Taupo
2342 1984 50 18 Tost
2402 1983 67 18 Office.

2166 2045 33 31 T
2215 2028 292 38 CHOUSE
2568 2063 28 13 wi
2617 2062 6 14 1
2639 2059 19 17 #

1901 2085 60 18 which
2557 2064 128 41 ?»*
2699 2078 9 16 2
2709 2078 23 30 t°
2749 2077 38 17 fcct

1900 2109 59 18 above
1970 2108 51 17 Lake
2030 2108 65 22 Taupo
2104 2113 21 11 or
2135 2108 8 16 1
2152 2107 34 17 000
2196 2107 38 16 loot
2241 2105 59 18 above
2309 2095 71 39 sea?™j
2466 2113 53 19 jni]es
2528 2117 11 12 0
2540 2111 8 18 f
2556 2111 32 16 the
2740 2105 46 35 ™£

1900 2132 20 17 of
1928 2131 32 17 the
1969 2132 119 21 picturesque
2097 2132 80 19 country
2185 2129 127 21 surrounding
2321 2129 31 16 the
2418 2143 5 7 ,
2439 2129 4 24 .
2592 2129 2 24 •
2607 2129 32 24 jM
2641 2129 4 24 1
2645 2134 7 6 <-
2653 2129 5 11 t
2658 2129 4 24 -
2676 2129 62 16 uasin,
2749 2129 37 10 ana

1900 2155 33 20 the
1942 2155 59 19 acftve
2009 2153 98 18 volcanoes
2116 2152 104 23 Tongariro
2229 2151 37 17 and
2274 2150 108 24 Ngaruhoe.

2182 2180 40 23 AS
2237 2180 25 22 A
2276 2178 220 25 SANATORIUM

1900 2214 31 18 tho
1948 2214 52 23 place
2008 2214 15 17 is
2032 2212 131 24 unsurpassed.
2189 2211 76 18 Besides
2272 2211 33 17 the
2314 2211 47 17 clear
2370 2210 38 17 and
2416 2210 79 22 bracing
2503 2207 118 23 atmosphere
2635 2212 20 12 so
2669 2206 83 22 salutary
2765 2206 19 17 to

1900 2238 85 17 invalids,
1995 2237 32 17 the
2037 2237 58 17 Baths
2105 2235 101 18 connected
2215 2235 47 16 with
2270 2234 32 17 the
2311 2233 142 17 establishment
2462 2239 31 10 are
2502 2230 105 19 unrivalled
2614 2231 29 16 for
2650 2230 47 17 their
2703 2229 81 17 curative

1899 2260 109 23 properties.
2034 2260 57 17 These
2101 2259 90 22 comprise
2207 2257 77 18 covered
2298 2257 19 16 in
2331 2256 56 18 baths
2404 2256 19 18 of
2439 2261 38 17 any
2494 2255 66 22 degree
2578 2254 19 18 of
2615 2253 124 22 temperature
2755 2252 30 18 for

1900 2284 85 19 invalids,
1995 2289 11 12 a
2015 2284 56 19 spout
2079 2283 47 16 hath
2135 2282 31 17 the
2174 2280 102 23 properties
2286 2280 19 18 of
2313 2280 61 16 which
2383 2286 31 10 are
2423 2280 50 16 most
2481 2277 129 23 invigorating
2622 2276 36 16 and
2668 2276 31 17 tho

2070 2305 116 18 LARGEST
2198 2304 53 17 HOT
2263 2303 91 17 WATER
2366 2301 140 19 SWIMMING
2518 2299 103 18 LAGOON

1898 2331 20 16 in
1926 2330 47 16 New
1982 2329 88 17 Zealand.
2096 2329 39 16 Tho
2143 2329 57 16 latter
2209 2332 62 12 covers
2280 2332 23 11 an
2316 2332 43 11 area
2368 2326 19 17 of
2396 2331 43 12 over
2448 2326 38 15 two
2495 2329 50 12 acres
2553 2324 20 16 in
2582 2324 69 15 extent.

1922 2353 39 17 The
1969 2353 51 16 Lake
2030 2353 87 16 steamers
2127 2353 20 15 to
2157 2351 37 16 and
2203 2351 48 16 from
2268 2349 89 18 Tokaanu
2369 2348 46 18 land
2429 2354 21 12 or
2462 2347 44 18 take
2523 2347 27 17 off
2564 2351 66 18 passen

1899 2378 76 17 quarter
1982 2376 19 16 of
2010 2382 10 10 a
2030 2375 42 18 mile
2082 2375 19 17 of
2109 2374 33 18 the
2150 2374 64 17 house.

2085 2397 88 19 ROOMS
2182 2396 81 17 LOFTY
2277 2395 54 17 AND
2343 2395 75 17 WELL
2425 2392 171 19 VENTILATED.

1921 2422 38 17 The
1969 2421 47 18 Mail
2025 2421 82 18 Coaches
2115 2423 21 15 to
2145 2419 70 23 Napier
2224 2419 38 17 and
2269 2418 89 17 Tokaanu
2372 2417 40 23 (tho
2425 2416 108 24 Wanganui
2546 2416 55 17 River
2614 2414 62 23 route)
2691 2419 43 17 pass
2750 2414 32 16 tho

1898 2446 52 20 door,
1961 2445 36 17 and
2006 2444 32 19 the
2046 2445 85 16 Rotorua
2142 2443 62 18 Coach
2212 2443 16 16 is
2240 2443 38 16 mot
2288 2447 23 11 on
2319 2441 68 17 arrival
2396 2442 20 16 at
2424 2440 71 23 Taupo.
2791 2440 1 26 |

2161 2489 131 15 TERMS
2313 2487 215 17 MODeRKTG.

1902 2531 537 54 ROSS&McKINLEY,
2453 2531 324 54 Proprietors.

1922 2599 100 19 COOKS
2036 2598 141 19 COUPONS
2194 2595 162 20 ACCEPTED.

2170 2771 343 41 TAUPO.

2187 2858 323 35 TIME-TABLE*

1923 2956 85 17 Rotorua
2015 2954 21 17 to
2044 2954 71 21 Taupo,
2290 2949 19 18 7s
2321 2949 24 17 6d
2404 2947 87 23 Tuesday
2498 2946 39 19 and
2547 2945 75 22 Friday.

1926 2979 64 21 Taupo
1999 2978 20 17 to
2027 2977 91 20 Rotorua,
2292 2973 20 17 7s
2325 2971 23 18 6d
2407 2970 99 23 Thursday
2514 2970 38 17 and
2559 2968 78 23 Sunday
2644 2973 21 13 or
2670 2967 88 22 Monday.

1925 3002 84 17 Rotorua
2018 3002 21 15 to
2047 2999 81 18 Tikitere
2292 2997 20 15 4s
2326 2995 23 17 Od
2408 2994 63 21 Daily.

1924 3025 85 17 Rotorua
2018 3024 20 16 to
2051 3023 101 22 Waiotapu
2293 3019 19 17 8s
2326 3018 24 17 Od
2408 3017 63 22 Daily.

1949 3053 38 16 upo
1995 3048 21 16 to
2023 3046 97 21 Tokaanu,
2291 3044 19 15 5s
2323 3041 24 17 Od
2406 3039 99 23 Thursday
2513 3038 37 18 and
2558 3038 83 22 Sunday.

1940 3071 73 17 okaanu
2021 3071 20 15 to
2051 3070 70 20 Taupo,
2291 3071 20 12 os
2324 3064 24 17 Od
2407 3063 70 22 Friday
2486 3062 37 17 and
2531 3062 90 21 Monday.

1925 3100 63 16 _aupo
1996 3095 20 15 to
2025 3092 99 20 Wairakei,
2292 3090 19 15 2s
2324 3087 24 18 Cd
2406 3086 63 21 Daily.

1923 3116 92 18 Wairakei
2026 3117 20 15 to
2055 3116 70 22 Tanpo,
2291 3112 19 16 2s
2324 3111 23 17 Gd
2406 3109 62 22 Daily.

1923 3140 65 21 Taupo
1996 3140 20 16 to
2025 3138 77 23 Rapids,
2296 3140 15 11 ,s
2323 3133 24 18 Od
2406 3133 63 21 Daily.

1923 3164 65 21 Taupo
1997 3163 19 16 to
2025 3162 59 17 Huka
2092 3161 58 19 Falls,
2291 3158 46 17 Free
2408 3156 62 21 Daily.

2054 3201 47 18 SPA
2112 3200 83 18 Coaches
2203 3199 50 17 most
2262 3198 88 17 Tokaanu
2358 3196 80 18 steamer
2447 3194 76 22 coming
2531 3193 37 17 and
2577 3192 63 23 going:.

2018 3231 149 20 ROTORUA
2178 3231 26 17 to
2221 3227 153 21 TOKAANU
2387 3227 31 18 94
2426 3225 67 19 miles
2502 3225 36 18 for
2546 3224 35 19 £1
2591 3224 27 18 Os
2632 3223 37 19 Od.

1907 3266 135 26 Rotorua
2058 3260 269 36 Representative:
2352 3259 26 24 F.
2393 3257 104 30 TUFT,

1929 3332 43 19 The
1985 3330 61 24 SPA
2062 3329 108 23 HOTEL
2178 3329 18 18 is
2207 3328 34 18 the
2251 3326 66 20 Home
2328 3326 20 18 of
2357 3325 35 19 the
2404 3325 88 19 Famous
2503 3322 92 24 Crow's
2605 3321 66 23 Nest
2680 3320 103 29 Geyser.

1973 3372 72 19 Maori
2056 3371 90 20 Carved
2155 3370 86 22 Dining
2250 3368 59 19 Hall.
2481 3365 38 19 All
2527 3364 69 19 kinds
2606 3363 26 19 of
2637 3363 78 18 Baths.

1943 3413 74 19 Tennis
2029 3412 39 19 and
2077 3410 126 20 Promenade
2213 3409 80 22 Lawns,
2305 3407 96 23 Gardens,
2413 3405 139 22 Shrubheries,
2568 3403 75 24 Lovely
2651 3402 94 19 Flowers.

2190 3441 190 20 FIRST-CLASS
2394 3439 105 20 TABLE.

1973 3589 36 18 On
2016 3589 42 18 the
2066 3589 64 18 main
2136 3586 72 20 coach
2213 3586 57 19 road
2277 3586 104 19 between
2387 3582 152 22 ROTORUA,

2264 3617 46 19 and
2318 3615 108 19 TAUPO.

2007 3663 114 19 Junction
2130 3662 26 19 of
2162 3662 41 19 the
2211 3661 57 19 road
2276 3662 26 18 to
2309 3660 41 19 the
2358 3658 161 20 UREWERA
2532 3653 148 22 COUNTRY.

1962 3734 43 19 The
2015 3733 64 19 house
2089 3733 68 19 stands
2172 3737 25 14 on
2215 3738 24 11 an
2255 3731 101 18 eminence
2373 3728 132 25 overlooking
2523 3728 33 18 the
2573 3723 110 21 wonderful
2700 3722 84 19 Vallet

1904 3767 24 12 of
1939 3766 41 13 tiie
1989 3759 144 22 Wai-o-tapu,
2144 3757 40 19 and
2194 3757 61 18 offers
2264 3756 137 19 inducements
2417 3757 22 16 to
2454 3754 83 19 tourists
2553 3754 20 16 to
2589 3753 45 21 pfay
2651 3749 40 19 and
2709 3749 74 22 inspect

1905 3786 34 19 the
1950 3784 120 20 marvellous
2081 3784 66 24 sights
2156 3783 22 18 in
2188 3782 35 19 the
2232 3780 174 25 neighbourhood,
2418 3779 124 25 comprising
2554 3776 97 20 Rainbow
2671 3775 110 18 Mountain,

1905 3812 61 19 Alum
1975 3810 64 22 Cliffs,
2051 3809 58 21 Blue,
2121 3808 65 19 Green
2196 3808 39 19 and
2249 3808 55 19 Echo
2313 3807 74 23 Lakes,
2397 3805 113 26 Explosion
2524 3804 74 22 Crater,
2609 3800 50 20 Mud
2668 3800 113 19 Volcanoes,

1904 3837 101 19 Primrose
2014 3834 51 25 Fall,
2078 3834 91 25 Sulphur
2178 3833 90 24 Terrace,
2281 3834 41 22 &c,
2337 3834 33 18 &c.

2007 3935 125 26 Natural
2150 3935 59 26 Hot
2220 3935 93 25 Baths
2328 3934 25 25 in
2366 3934 56 26 the
2439 3932 85 26 Hotel
2541 3927 145 29 Grounds.

1934 3994 103 27 COOK'S
2053 3994 136 27 COUPONS
2204 3993 162 26 ACCEPTED.
2472 3988 103 28 TERMS
2591 3981 167 30 MODERATE.

2809 2067 205 45 Rotoftia
3055 2068 160 46 Tours,

2808 2148 16 30 1
2833 2148 154 23 )ASSENGERS
2995 2150 19 16 to
3022 2150 82 18 Rotorua
3111 2155 30 11 arc
3148 2149 72 18 advkod

2808 2167 23 23 JL
2869 2171 41 17 that
2917 2176 11 12 a
2939 2172 74 22 regular
3022 2172 48 22 daily
3085 2172 52 18 coacL
3154 2173 65 17 service

2806 2194 82 18 between
2896 2194 85 19 Okoroiro
2989 2194 36 18 and
3035 2195 79 19 Rotorua
3130 2195 34 17 and
3182 2195 37 18 vice

2806 2222 50 13 versa
2865 2217 14 18 is
2887 2223 40 11 now
2935 2218 84 23 running.

2827 2241 39 16 Tlio
2873 2239 110 24 advantages
2989 2246 9 12 o
3013 2241 36 17 this
3054 2241 52 17 route
3111 2246 30 12 are
3145 2246 60 12 numer-

2806 2268 37 16 ous,
2853 2268 11 13 a
2872 2263 97 18 somewhat
2981 2263 69 18 tedious
3059 2263 73 23 railway
3141 2263 76 23 journey

2805 2286 15 18 is
2826 2286 74 21 hroken,
2909 2285 36 18 and
2953 2286 31 17 the
3000 2289 50 14 route
3067 2287 86 16 traverses
3169 2292 48 11 somo

2805 2310 19 16 of
2841 2309 31 17 the
2888 2308 80 18 loveliest
2982 2309 49 17 Bush
3048 2310 77 21 Scenery
3141 2309 18 17 in
3172 2309 43 18 Now

2805 2331 84 19 Zealand.

2842 2362 98 23 FARES,
2956 2362 38 19 10s
3004 2362 79 19 BACH
3095 2361 78 20 WAT.

2804 2391 88 24 Special
2907 2391 155 22 Conveyances
3080 2396 41 13 can
3140 2390 27 19 be
3183 2395 22 13 ar-

2941 2414 82 23 ranged
3033 2414 38 18 for.

2803 2459 200 20 Leave—Okoroire
3012 2460 33 17 for
3059 2459 99 19 Rotorua
3171 2459 43 20 and

2870 2482 86 20 Whaka
2960 2488 67 12 re-war
3029 2488 47 12 ev/a
3105 2482 59 23 daily
3191 2488 12 12 a

2872 2507 27 18 10
2907 2511 48 13 a.m.

2803 2529 194 19 Leave—Rotorua
3005 2528 43 18 and.
3057 2528 142 19 Whakarewa-

2870 2557 57 14 rewa
2942 2552 33 17 lor
2989 2551 111 22 Okoroire,
3115 2551 59 23 daily
3190 2552 23 17 at

2871 2576 27 18 10
2906 2580 48 13 a.m.

2824 2599 31 17 All
2874 2603 103 18 passengers
2996 2603 30 11 are
3041 2597 73 18 advised
3134 2597 19 18 to
3167 2597 44 18 avni]

2803 2622 104 17 themselves
2916 2621 18 17 of
2942 2620 35 18 this
2994 2620 58 17 Route
3066 2625 19 12 as
3101 2620 85 17 Okoroire
3199 2620 15 17 is

2802 2651 34 12 one
2850 2645 19 18 of
2878 2644 31 18 the
2917 2644 50 18 show
2974 2643 59 22 places
3050 2643 18 17 of
3084 2643 31 17 tho
3131 2642 82 19 Thermal

2801 2669 81 19 District,
2902 2667 36 17 and
2951 2672 23 12 no
2991 2666 40 17 visit
3046 2667 18 16 to
3082 2666 30 16 (ho
3127 2665 58 17 Lukes
3200 2666 14 15 i.<

2802 2691 87 23 complete
2897 2689 75 18 without
2979 2689 22 16 its
3007 2688 94 18 inclusion.

2824 2714 70 22 Special
2901 2712 89 17 attention
3001 2712 15 17 is
3029 2711 56 18 called
3100 2713 18 15 (o
3132 2711 31 17 the
3179 2711 36 17 fact

2801 2737 42 18 that
2850 2742 11 12 a
2869 2736 53 17 coach
2930 2735 59 17 leaves
3001 2735 82 17 Rotorua
3092 2734 36 17 and
3137 2734 65 18 Whaka-

2801 2764 95 15 rowarewa
2904 2764 23 11 on
2935 2757 74 23 Sunday
3017 2758 19 17 at
3047 2757 19 18 10
3075 2763 42 11 a.m.

2928 2804 143 17 ACCENTS
3081 2804 4 17 :

2801 2832 70 17 THOS.
2884 2830 65 18 COOK
2965 2830 14 17 &
2998 2830 52 20 SOX,
3067 2829 98 18 Auckland
3182 2829 33 19 and

2964 2853 86 17 Rotorua.

2802 2900 17 17 A
2836 2897 107 20 MEMBER
2961 2897 31 17 OF
3012 2896 50 17 THE
3083 2895 85 19 HOUSE
3188 2895 31 17 OF

2825 2952 91 23 Speaking
2928 2957 24 11 on
2966 2951 30 17 the
3010 2950 102 22 Pharmacy
3125 2950 36 16 Dill
3174 2949 43 20 said,

2821 2982 24 12 no
2859 2975 100 23 profession
2971 2974 34 16 has
3017 2973 52 17 made
3085 2973 35 17 less
3135 2977 84 18 progress

2803 3000 66 20 during
2878 2999 31 16 the
2924 2997 36 17 last
2976 2997 31 16 100
3022 3002 52 16 years
3088 2996 46 16 than
3148 2992 41 20 that
3201 2992 17 20 oi

2918 3026 19 11 or
2946 3019 58 18 words
3013 3020 19 16 to
3040 3019 41 17 that
3094 3018 57 17 effect.
3184 3018 36 16 The

2802 3044 78 19 M.H.R.
2895 3043 55 22 spoke
2963 3042 77 17 without
3052 3041 94 22 thinking,
3163 3046 20 12 or
3198 3041 21 16 he

2803 3068 61 18 would
2877 3069 33 15 not
2925 3066 46 19 have
2987 3065 51 18 made
3055 3065 43 16 such
3114 3069 23 12 an
3154 3063 67 18 absurd

2803 3091 104 18 statement.
2930 3089 31 16 He
2969 3088 90 22 evidently
3074 3085 147 24 know'nothing

2804 3115 18 16 of
2831 3114 32 17 iho
2871 3118 40 12 new
2919 3111 74 18 remedy
3001 3110 68 18 termed

2940 3134 147 17 NEUROL

2805 3157 59 19 which
2872 3157 21 21 is,
2896 3156 20 17 in
2918 3155 114 23 comparison
3036 3154 44 17 with
3087 3153 86 17 remedies
3180 3152 42 18 used

2806 3187 44 12 even
2859 3182 21 15 2d
2888 3185 52 17 years
2948 3184 41 17 a§o,
3000 3183 18 12 as
3025 3178 48 21 light
3082 3179 19 15 to
3109 3176 91 18 darkness.

2941 3207 147 16 NEUROL

2806 3232 14 16 is
2829 3237 11 11 a
2853 3229 124 21 scientifically
2993 3226 88 24 prepared
3098 3225 91 18 medicine,
3207 3225 17 16 in

2806 3255 32 16 the
2847 3254 47 16 form
2902 3252 19 17 of
2928 3251 89 23 powders.
3041 3251 19 16 It
3066 3250 15 16 is
3089 3251 32 15 not
3134 3248 80 22 disagree-

2807 3277 51 20 able;
2871 3276 16 17 it
2894 3276 15 16 is
2916 3276 33 15 not
2957 3273 97 22 expensive
3061 3270 3 27 ;
3078 3272 16 17 it
3101 3272 33 16 lies
3141 3271 19 17 in
3174 3270 49 20 sjnal]

2807 3304 91 17 compass;
2912 3298 15 16 it
2935 3297 82 17 contains
3025 3302 23 10 no
3057 3295 68 21 opium,
3142 3293 81 22 morphia

2807 3329 19 11 or
2840 3321 113 22 aiitipyrine;
2970 3319 17 17 it
3001 3318 39 17 will
3055 3318 33 17 not
3105 3323 41 10 care
3162 3322 50 15 every-

2806 3345 54 21 thing
2867 3345 34 16 but
2915 3344 15 15 it
2944 3343 15 16 is
2971 3342 81 17 effective
3064 3341 19 16 in
3097 3340 26 17 all
3135 3344 48 12 cases
3196 3338 29 18 for

2807 3368 59 17 which
2873 3367 15 17 it
2895 3366 16 17 is
2922 3363 142 19 recommended.

2942 3392 146 18 NEUROL

2807 3417 36 17 will
2851 3417 65 17 relieve
2924 3420 53 16 every
2987 3414 46 16 form
3050 3413 18 16 of
3085 3410 91 19 headache
3191 3410 33 17 not

2807 3439 64 18 caused
2879 3439 25 21 by
2911 3437 52 18 brain
2972 3437 73 16 disease.

2940 3464 148 18 NEUROL

2806 3500 51 12 cures
2875 3492 94 22 neuralgia
2989 3491 19 17 of
3023 3490 31 17 the
3071 3490 38 15 face
3125 3487 36 17 and
3176 3486 45 19 Lead

2805 3523 49 12 more
2862 3515 92 22 promptly
2963 3514 45 17 than
3017 3512 78 23 quinine.

2827 3540 16 17 L
2848 3540 12 16 A.
2866 3537 97 19 GRIPPE,
2972 3542 21 12 or
2998 3533 144 20 INFLUENZA
3148 3533 45 16 loses
3198 3533 23 15 its

2805 3564 66 16 terrors
2880 3562 14 16 if
2902 3559 103 20 NEUROL
3012 3559 15 16 is
3035 3557 55 18 taken
3100 3555 19 18 at
3127 3556 30 15 the
3172 3560 36 11 com-

2805 3584 111 19 mencement
2925 3584 19 15 of
2952 3582 32 17 the
2991 3580 66 18 attack.
3119 3599 79 6 „,_,„,.,,.
3209 3580 3 25 ,

2827 3606 84 19 COLDS,
2950 3602 134 19 CATARRHS,
3119 3598 93 19 FEVERS

2805 3627 167 21 RHEUMATISM
2996 3631 30 12 are
3051 3624 25 17 all
3096 3622 76 18 relieved

2805 3651 107 20 NEUROL.

2827 3676 36 17 For
2882 3678 69 13 women
2969 3669 104 19 NEUROL
3088 3674 15 11 is

2804 3698 83 19 suitable,
2895 3697 15 15 it
2918 3700 50 12 cures
2976 3693 25 18 all
3015 3691 71 24 painful

2804 3721 53 17 other
2863 3719 57 23 pains,
3174 3713 55 30 TtiiV
3235 3713 3 30 1

2826 3744 60 19 Every
2904 3740 63 19 miner,
2987 3738 89 17 bushman
3102 3738 35 14 niut

2804 3765 64 19 should
2876 3768 69 17 possess
2953 3768 11 10 a
2971 3761 38 17 box
3017 3761 19 16 of
3044 3757 108 20 NEUROL.
3179 3756 17 17 It
3205 3761 14 12 is

2803 3795 10 11 a
2822 3787 87 18 medicine
2918 3785 50 17 chest
2976 3784 19 17 in
3004 3783 51 18 small
3065 3783 86 29 corojaps.

2826 3810 44 18 Sold
2878 3810 24 21 by
2910 3808 25 17 all
2943 3806 122 22 storekeepers
3078 3804 35 17 an.!
3118 3803 100 28 jh™nsis,

2805 3835 18 16 2s
2831 3839 33 17 ijer
2871 3832 42 20 box,
2923 3837 19 11 or
2951 3831 42 21 post
3007 3831 36 15 free
3059 3829 46 16 fre.ii
3118 3827 101 15 NbUJiOJj

2805 3857 39 19 Co.,
2854 3853 100 19 Auckland,
2965 3854 19 15 2s
2993 3852 28 17 Id.

2827 3876 100 21 Wholesale
2936 3877 47 16 from
2991 3872 123 23 Kemptfiorne
3123 3872 35 14 and
3165 3872 9 13 1
3181 3874 36 11 rosr

2805 3908 33 14 ser,
2848 3907 21 11 or
2877 3898 89 19 Sharland
2974 3897 36 17 and
3018 3897 30 16 Co.

3000 3945 52 23 TO
3078 3941 111 24 LE=JiJ
