2529 4010
165 3422 73 27 [From
252 3424 36 20 the
301 3424 78 21 Nelson
387 3424 133 28 Examiner.'}
531 3423 4 6 '

58 3453 15 32 \-
90 3457 49 24 The
160 3459 49 31 pier
232 3460 88 24 erected
342 3460 30 32 by
394 3461 47 24 Mr.
466 3461 113 24 Otterson
601 3470 30 16 on

59 3488 119 27 Auckland
188 3485 21 31 £
210 3493 48 23 oint
269 3493 46 23 will
322 3493 29 24 be
359 3494 123 31 completed
492 3495 25 23 in
527 3503 14 15 a
553 3495 80 31 couple

59 3523 25 22 of
96 3523 67 31 days;
180 3525 45 24 and
237 3533 32 16 we
278 3526 152 30 congratulate
442 3535 42 16 our
501 3528 131 25 merchants

60 3561 27 16 on
98 3556 36 24 the
145 3558 85 30 facility
249 3558 72 24 which
339 3560 18 23 it
373 3560 44 23 will
437 3560 72 24 afford
527 3560 62 25 them
608 3563 24 22 in

59 3586 89 35 landing
168 3591 73 30 goods
256 3599 56 16 near
334 3591 38 24 the
392 3597 59 19 town
472 3594 25 23 in
515 3593 31 24 all
564 3595 66 24 tides.

61 3617 70 35 Large
143 3624 79 31 barges
234 3624 46 24 will
290 3624 28 24 be
329 3625 51 24 able
390 3629 22 20 to
428 3626 67 24 make
514 3631 43 19 two
575 3627 57 32 trips

61 3651 23 45 |a
93 3661 54 26 neap
158 3657 44 23 and
212 3657 64 24 three
286 3657 25 24 in
322 3659 78 30 spring
410 3659 59 24 tides
479 3658 59 26 from
546 3660 86 25 vessels

61 3682 58 36 lying
139 3690 24 23 in
180 3690 39 24 the
237 3690 83 24 middle
339 3690 26 25 of
385 3691 36 25 the
440 3691 106 30 harbour,
565 3693 67 25 while

61 3720 62 23 small
138 3727 99 20 coasters
256 3723 45 24 will
319 3723 30 24 be
366 3723 50 24 able
433 3728 24 20 to
473 3725 31 24 lie
515 3726 117 32 alongside

62 3751 40 23 and
123 3753 122 33 discharge.
291 3756 25 25 A
333 3756 95 25 channel
444 3761 24 21 to
485 3758 20 24 it
522 3758 42 24 has
574 3760 58 24 been

61 3781 52 26 been
122 3786 84 26 cleared
215 3789 44 24 and
268 3789 94 24 marked
373 3794 45 25 out,
435 3798 26 16 so
477 3799 26 15 as
522 3797 23 19 to
563 3792 69 25 make

62 3813 36 26 the
108 3824 73 19 access
189 3825 25 20 to
223 3822 20 23 it
253 3829 26 17 as
289 3830 55 24 easy
355 3830 25 17 as
390 3823 108 31 possible.

94 3854 35 24 On
140 3856 104 34 Tuesday
254 3860 53 30 last,
318 3861 39 24 the
368 3861 65 24 cattle
443 3862 113 32 imported
566 3863 62 24 from

63 3885 53 24 Port
126 3887 83 34 Phillip
220 3892 25 22 in
258 3892 38 24 the
313 3887 94 36 Mssex\'
416 3901 58 17 were
492 3895 84 25 offered
593 3895 38 24 for

62 3917 44 25 ««le
113 3919 32 32 by
154 3924 98 25 auction.
296 3925 41 25 All
353 3926 40 25 the
408 3927 105 31 working
522 3928 108 25 bullocks

548 45 101 56 Cffi
672 46 120 43 Kcto
817 47 208 42 gtalanto
1048 47 192 50 <&atau
1263 47 90 42 anb
1377 49 300 52 mitWu#tm
1703 47 253 52 $pu*ator>

85 134 50 24 The
145 133 116 31 following
278 135 201 24 communications
500 136 56 23 have
576 136 58 23 been

51 165 120 26 addressed
183 171 22 19 to
225 167 37 22 the
274 167 73 23 Town
358 167 71 24 Clerk
440 169 26 22 of
484 168 149 31 Wellington,

52 200 58 24 from
122 198 133 25 Auckland.

282 230 96 23 Colonial
389 231 134 27 Secretary^
534 231 71 27 office,

297 257 128 28 Auckland,
436 260 29 20 20
475 258 60 27 May,
546 259 60 21 1843.

78 290 48 25 Sir,
128 300 27 5 —
156 289 12 22 I
183 289 58 22 have
251 290 37 21 the
303 289 70 23 honor
388 294 23 19 to
426 291 156 27 acknowledge
597 291 44 26 the,

51 315 81 28 receipt
150 315 27 22 of
192 322 13 16 a
225 317 120 22 resolution
362 318 79 26 passed
461 318 28 26 by
508 317 37 22 the
565 317 69 22 Town

52 342 89 23 Council
153 343 26 21 of
188 342 138 28 Wellington,
336 344 127 27 requesting
471 344 36 21 the
517 345 116 20 extension

51 372 21 18 to
83 368 47 22 that
145 369 77 26 Town,
238 370 26 20 of
280 370 37 21 the
332 370 121 25 provisions
470 371 22 20 of
507 370 37 22 the
562 371 71 22 Cattle

51 395 103 28 Trespass
164 395 132 28 Ordinance,
307 397 13 20 5
331 397 55 26 Vie,
399 398 45 20 Ses.
454 398 20 24 2,
487 397 41 21 No.
541 398 33 20 lfi.

77 421 106 28 InTeply,
197 421 10 23 I
218 430 36 14 am
262 422 96 23 directed
369 428 21 16 to
397 423 80 22 inform
487 430 44 19 you
542 423 48 21 that
597 423 36 22 the

50 452 88 23 request
146 449 43 21 will
200 449 27 21 be
235 449 110 28 complied
352 449 57 27 with,
419 450 43 22 and
471 449 37 23 the
515 450 119 27 Attorney-

52 474 95 22 General
156 474 40 23 has
204 475 55 22 been
267 476 114 27 requested
388 480 23 18 to
416 484 90 20 prepare
513 476 37 22 the
557 484 77 15 neces-

51 508 48 19 sary
108 501 169 27 proclamation.

191 529 11 21 1
212 528 58 22 have
280 529 37 21 the
326 529 69 21 honor
405 532 23 18 to
437 529 35 27 be,
484 529 40 26 Sir,

270 555 62 22 Your
341 555 104 22 obedient
456 558 96 22 servant,

241 581 44 26 (for
296 581 37 23 the
341 581 237 28 Colonial-Secretary)

392 608 109 22 William
517 609 116 23 Connell.

52 633 86 27 George
149 633 83 28 White,
245 634 58 28 Esq.,
315 635 56 26 J.P.,
383 635 67 21 Town
460 635 72 22 Clerk:

289 689 236 30 Surveyor-General's
535 689 69 27 office,

298 715 126 26 Auclkand,
435 717 26 20 20
475 716 57 27 May,
545 717 60 21 1543.

77 741 49 25 Sir,
127 750 27 5 —
157 740 12 22 I
179 739 57 23 have
253 741 37 22 the
305 741 71 22 honor
391 746 22 17 to
424 742 155 27 acknowledge
593 743 40 22 the

50 767 82 26 receipt
183 774 55 19 your
252 769 85 21 several
354 769 196 21 comnvmicatiuns
567 769 66 23 dated

50 793 50 23 12th
111 793 125 22 December
245 794 48 26 last,
305 795 46 21 and
360 794 35 22 the
405 795 49 21 13th
465 796 58 26 inst.,
535 800 98 24 request-

50 820 38 27 ing
98 823 22 18 to
131 821 26 21 be
167 820 115 22 furnished
293 821 51 21 with
358 828 28 15 an
400 822 167 22 authenticated
577 830 55 21 copy

50 847 24 21 of
88 846 37 22 the
134 846 51 27 plan
196 847 25 21 of
233 848 37 20 the
280 848 68 22 Town
359 849 24 21 of
397 847 133 28 Wellington
545 849 36 22 for
597 851 36 21 the

50 880 39 15 use
99 873 26 21 of
132 873 37 22 the
179 874 149 27 Corporation.

78 900 27 22 In
115 900 68 28 reply,
201 900 11 22 I
223 902 42 25 beg
279 905 22 17 to
312 905 60 22 state,
388 901 47 23 that
444 902 151 29 immediately
604 912 28 14 on

50 926 37 22 the
96 928 83 27 receipt
188 927 26 21 of
220 934 56 20 your
284 928 81 22 former
376 928 71 27 letter,
459 929 11 22 I
482 929 63 22 made
555 937 29 15 an
595 938 39 19 ap-

50 953 111 27 plication,
173 953 95 28 through
278 955 37 21 the
329 955 230 28 Colonial-Secretary,
575 957 34 21 fur
620 966 13 13 a

52 986 55 21 copy
117 980 24 21 of
150 980 36 22 the
198 981 51 26 plan
259 981 23 21 in
293 982 107 27 question,
413 982 44 22 and
468 990 43 14 was
523 983 111 23 informed

50 1005 29 27 by
91 1006 47 21 that
147 1007 76 21 officer
238 1007 47 21 that
301 1008 37 21 the
354 1009 90 26 original
456 1009 43 22 had
517 1010 55 22 been
585 1018 49 19 pre-

50 1032 84 27 viously
143 1033 141 22 transmitted
300 1039 22 17 to
338 1035 99 26 Eugland
452 1035 32 28 by
493 1036 106 22 direction
610 1037 27 22 of

51 1058 38 22 the
102 1058 44 22 late
157 1060 123 26 Governor,
298 1061 40 21 but
348 1061 44 21 that
403 1063 33 20 his
451 1063 136 28 Excellency
597 1063 36 23 the

52 1085 81 22 Officer
150 1086 169 27 administering
334 1087 34 22 the
386 1087 153 23 Government
555 1098 28 13 on
599 1091 34 21 his

50 1112 81 22 arrival
140 1115 24 18 at
175 1112 134 27 Wellington
324 1114 69 21 would
405 1114 51 22 take
466 1115 37 22 the
517 1123 116 21 necessary

50 1141 58 24 steps
118 1142 21 17 to
150 1138 78 28 supply
237 1139 35 21 the
281 1140 119 27 deficency.
430 1141 12 21 I
452 1142 54 21 have
514 1147 20 17 to
543 1150 89 19 express

50 1172 37 20 my
98 1168 71 23 regret
185 1166 47 21 that
248 1173 24 14 so
284 1167 66 21 much
360 1166 65 28 delay
435 1167 80 23 should
529 1169 57 21 have
597 1177 36 14 oc-

50 1192 79 21 curred
138 1192 21 21 in
177 1192 37 21 the
224 1195 86 24 matter,
322 1193 40 21 but
371 1193 48 21 that
431 1194 127 22 immediate
574 1200 59 23 steps

50 1218 44 21 will
105 1218 26 21 be
141 1218 68 22 taken
219 1221 22 19 to
249 1227 90 19 procure
350 1220 42 21 and
400 1221 94 22 forward
506 1224 33 18 for
546 1223 38 21 the
595 1230 38 14 use

50 1245 25 21 of
87 1244 37 22 the
135 1246 142 26 Corporation
287 1247 26 20 of
324 1253 29 15 an
363 1247 166 23 authenticated
545 1256 55 20 copy
611 1250 26 21 of

50 1271 37 22 the
98 1271 51 27 plan
158 1271 110 28 required.

219 1299 10 21 I
241 1304 55 17 tiave
307 1299 36 22 the
354 1300 69 22 honor
432 1305 22 17 to
465 1301 34 28 be,
511 1301 40 26 Sir,

300 1326 62 22 Your
371 1327 104 23 obedient
484 1333 95 22 servant,

408 1361 69 23 Chas.
494 1362 33 23 W.
544 1363 89 24 Leoar.
640 1364 2 26 \

52 1386 87 27 George
150 1385 81 23 White.
243 1387 60 27 Esq.,
315 1388 66 22 Town
393 1388 73 22 Clerk.

287 1441 237 27 Surveyor-General's
534 1444 70 26 office,

291 1468 124 26 Auckland,
426 1470 33 25 20,
472 1470 60 26 May,
545 1472 59 21 ISi3.

79 1493 47 25 Sir,
129 1503 27 5 —
157 1493 27 21 In
196 1500 37 21 my
242 1493 66 22 letter
318 1497 23 18 of
352 1494 40 21 this
400 1495 49 27 day,
470 1496 11 21 I
494 1496 53 22 have
564 1498 70 21 stated

55 1519 34 22 the
99 1519 129 27 particulars
238 1521 94 26 relating
346 1525 21 17 to
377 1521 37 22 the
426 1529 50 20 map
486 1523 25 21 of
526 1523 109 27 Welling-

55 1550 43 23 ton,
116 1546 44 22 and
178 1547 8 21 I
205 1547 77 22 intend
298 1554 22 15 to
331 1548 63 21 make
408 1549 133 26 application
558 1554 21 17 to
599 1551 36 22 the

55 1573 155 25 Government,
221 1574 35 21 for
265 1581 13 14 a
288 1581 56 20 copy
351 1575 23 21 of
383 1574 35 22 the
428 1583 59 20 map;
499 1576 39 22 but
549 1576 11 22 I
571 1576 64 23 think

55 1600 33 20 the
100 1606 55 15 most
163 1601 131 26 expeditous
305 1608 47 20 way
359 1602 24 21 of
389 1602 89 27 stttling
488 1603 36 22 the
534 1603 102 23 business

55 1626 39 22 will
106 1626 25 22 be
146 1630 23 17 to
179 1628 54 20 send
244 1635 29 19 up
284 1635 12 13 a
312 1635 55 20 copy
376 1632 22 17 to
414 1628 37 21 the
462 1630 122 27 Governor,
600 1631 36 22 for

55 1652 30 22 his
95 1656 110 24 approval,
219 1653 72 22 which
303 1655 8 20 I
325 1655 40 21 will
375 1655 49 26 sign
434 1662 24 15 as
469 1657 109 27 required.

214 1680 11 22 I
236 1680 56 21 have
305 1681 38 22 the
353 1681 71 22 honor
433 1686 22 17 to
466 1686 33 22 be,
511 1683 40 27 Sir,

235 1707 63 22 Your
305 1712 59 18 most
372 1708 105 23 obedient
486 1714 94 19 servant.

411 1741 70 23 Chas.
497 1742 34 23 W.
546 1743 89 23 Leqar.

55 1765 84 26 George
150 1766 81 25 White,
245 1767 58 24 Esq.,
315 1768 66 22 Town
393 1768 72 23 Clerk.

194 1825 77 24 NEW
289 1827 201 22 PLYMOUTH.

85 1883 34 24 At
129 1891 14 16 a
153 1885 101 30 meeting
266 1886 25 21 of
300 1886 38 23 the
347 1886 145 29 inhabitants,
502 1886 53 25 held
563 1893 23 18 at
598 1888 37 24 the

56 1916 82 30 King's
159 1917 72 23 Arms
254 1917 78 30 Hotel,
349 1927 27 15 on
397 1920 113 30 Saturday
529 1922 104 30 evening,

55 1949 64 31 April
132 1950 48 28 Bth,
194 1950 22 23 J.
230 1951 111 31 Douglas,
355 1952 66 30 Esq.,
433 1953 23 22 in
470 1953 37 23 the
519 1954 69 24 chair.

86 1982 52 24 The
154 1983 124 31 following'
287 1985 134 23 resolutions
444 1993 57 15 were
522 1988 113 30 proposed

55 2015 42 22 and
109 2015 159 31 unanimously
280 2018 87 21 carried
376 2025 5 14 :—:
383 2030 34 4 —

82 2053 19 19 1.
116 2051 57 21 That
182 2052 43 21 this
234 2054 104 26 meeting,
350 2055 92 26 viewing
452 2055 53 22 with
514 2060 73 22 regret
598 2057 37 22 the

55 2081 87 23 present
160 2078 114 22 reduction
295 2079 24 22 of
337 2088 68 19 wages
428 2082 26 26 by
469 2082 37 21 the
526 2082 109 28 Principal

55 2104 73 25 Agent
139 2103 24 23 of
169 2105 38 21 the
225 2105 52 22 New
294 2107 96 21 Zealand
407 2108 122 27 Company,
541 2109 63 22 depm
618 2111 18 21 it

55 2131 128 21 incumbent
193 2138 28 14 on
233 2132 66 25 them,
310 2133 22 21 in
345 2133 63 21 order
419 2138 21 17 to
451 2135 74 22 obtain
540 2136 94 28 redress,

55 2161 22 17 to
86 2158 149 22 memorialize
247 2159 37 21 the
301 2160 110 22 Directors
421 2161 26 21 Of
458 2162 36 21 the
505 2163 47 20 said
570 2164 60 21 Com-

55 2191 56 19 pany
120 2192 5 17 ;
145 2184 45 22 and
202 2185 48 21 that
258 2185 37 22 the
305 2186 134 32 depositions
449 2189 25 20 of
482 2189 61 21 those
554 2190 81 26 parties

55 2212 25 20 be
90 2211 65 21 taken
167 2211 75 23 before
254 2212 35 22 the
300 2213 73 22 Police
382 2214 137 28 Magistrate,
531 2218 48 20 who
594 2216 41 22 left

55 2237 102 27 England
172 2238 28 27 by
212 2246 77 15 reason
305 2240 27 21 of
344 2244 55 18 most
415 2241 52 22 base
477 2243 44 21 and
531 2243 55 22 false
602 2243 33 22 in-

55 2263 126 23 ducements
198 2265 51 21 held
265 2270 38 18 out
317 2270 22 18 to
356 2267 59 21 them
433 2268 26 27 by
472 2268 36 22 the
519 2274 78 22 agents
612 2276 23 16 at

55 2290 69 27 home,
145 2291 27 26 by
191 2291 71 23 which
280 2300 79 16 reason
377 2301 67 20 many
463 2295 96 22 families
576 2297 58 22 have

55 2317 53 22 been
118 2318 106 27 seriously
234 2319 95 28 injured.

80 2351 20 20 2.
115 2349 57 22 That
183 2358 12 14 a
206 2350 95 23 Petition
312 2352 27 22 be
351 2352 72 23 drawn
431 2361 37 20 up,
477 2354 44 22 and
530 2355 100 23 forward-

55 2376 26 21 ed
90 2379 23 18 at
129 2377 36 21 the
184 2378 88 22 earliest
287 2379 93 27 possible
392 2381 153 22 convenience
560 2387 21 17 to
597 2383 36 23 the

56 2403 115 22 Commons
183 2404 75 22 House
268 2406 26 21 of
301 2406 139 27 Parliament,
451 2409 92 26 praying
552 2409 35 22 for
599 2410 34 22 the

55 2429 122 28 imposition
190 2431 25 22 of
223 2438 12 14 a
245 2436 39 17 tax
296 2440 27 14 on
335 2434 28 20 all
374 2434 101 22 absentee
487 2435 146 24 land-owners

55 2457 153 22 non-resident
218 2458 22 22 in
252 2458 42 22 this
305 2460 89 27 Colony,
402 2468 24 15 or
435 2461 24 21 in
467 2462 38 21 the
511 2464 122 25 respective

55 2483 135 22 settlements
205 2484 72 23 where
296 2486 51 28 they
358 2495 47 14 own
420 2488 58 26 land,
491 2496 23 14 so
533 2490 47 21 that
596 2490 37 22 the

55 2509 99 22 labourer
168 2518 53 20 may
237 2512 26 21 be
279 2513 23 21 in
318 2521 77 14 course
409 2514 26 22 of
450 2516 54 21 time
522 2517 111 23 benefited

56 2536 95 28 thereby.

81 2571 18 20 3.
114 2570 57 21 That
181 2570 38 22 the
229 2571 49 22 best
294 2572 65 22 mode
369 2577 19 17 to
404 2581 75 15 secure
490 2578 22 18 to
522 2575 111 24 ourselves

55 2596 43 21 and
109 2596 71 22 others
192 2597 36 21 the
244 2598 83 22 benefit
338 2599 45 23 that
398 2608 51 20 may
461 2601 26 22 be
498 2602 88 23 derived
605 2604 28 27 by

55 2629 37 15 our
102 2624 147 27 proceedings,
261 2625 17 22 it
292 2626 19 22 is
326 2627 154 28 unanimously
498 2630 78 25 agreed
586 2629 48 23 that

56 2649 33 22 W.
106 2650 89 27 Turner,
214 2652 59 27 Esq.,
289 2653 107 27 Solicitor,
412 2654 28 22 be
456 2656 177 23 communicated

218 2679 91 27 subject,
322 2680 43 22 and
376 2681 115 27 requested
501 2687 23 17 to
536 2683 57 22 draw
606 2691 27 21 up

56 2702 34 22 the
101 2704 55 22 form
173 2705 28 21 of
216 2706 115 22 memorial
350 2707 42 21 and
410 2707 100 28 petition,
526 2709 45 22 and
585 2710 49 22 that

55 2729 66 22 drafts
131 2731 25 21 of
163 2730 37 23 the
210 2738 60 16 same
281 2733 27 21 be
318 2733 46 22 laid
375 2734 72 22 before
458 2735 38 21 the
506 2737 127 22 committee

56 2763 24 14 as
88 2764 51 14 soon
151 2764 23 15 as
183 2759 103 26 possible.

80 2790 19 20 4.
114 2789 57 22 That
181 2798 14 13 a
205 2791 126 22 committee
340 2792 28 22 be
378 2792 119 28 appointed
506 2796 23 19 to
539 2795 51 22 take
596 2796 38 22 the

55 2818 126 20 statements
191 2817 27 21 of
225 2817 29 22 all
268 2825 91 20 persons
370 2818 47 22 who
428 2819 43 22 had
487 2827 44 21 any
541 2827 94 18 amount

56 2841 25 21 of
86 2849 70 20 wages
161 2844 111 26 promised
278 2845 62 21 them
347 2841 73 26 before
426 2846 90 28 leaving
523 2848 110 28 England,

56 2869 42 21 and
107 2876 72 21 report
189 2870 39 22 the
237 2878 60 15 same
308 2876 22 17 to
339 2872 38 21 the
386 2876 54 19 next
449 2875 105 26 meeting.

81 2902 18 20 5.
115 2901 56 22 That
181 2902 44 22 this
235 2904 97 26 meeting
341 2904 27 21 do
379 2904 77 27 pledge
466 2905 133 24 themselves
609 2911 23 19 to

56 2926 107 24 subscribe
172 2936 84 20 among
266 2929 137 29 themselves,
414 2931 45 23 and
469 2933 72 22 solicit
549 2934 38 22 the
597 2935 36 23 aid

56 2953 25 21 of
86 2953 28 23 all
125 2955 47 22 who
183 2956 54 22 wish
254 2957 49 21 well
320 2961 23 18 to
359 2959 34 21 the
404 2958 109 28 labourer,
524 2964 22 18 to
556 2961 77 28 defray

56 2980 35 22 the
101 2988 114 22 necessary
223 2991 106 19 expenses
339 2984 101 23 incurred
449 2985 23 23 in
483 2986 37 22 ihe
531 2994 102 21 prepara-

55 3008 44 21 tion
110 3009 25 20 of
146 3008 38 23 the
200 3009 70 23 above
287 3011 94 22 Petition
391 3012 46 22 and
452 3013 126 26 Memorial,
589 3015 44 22 for-

55 3034 103 28 wording,
169 3036 40 21 &c.

80 3067 19 20 6.
114 3066 58 22 That
182 3067 60 22 John
249 3068 101 27 Douglas
356 3069 29 22 be
392 3070 118 27 appointed
518 3075 114 21 treasurer.

81 3097 19 23 7.
115 3098 57 21 That
188 3099 45 20 this
248 3100 97 27 meeting
362 3101 25 21 be
397 3102 130 27 adjourned,
538 3111 24 15 so
572 3112 23 14 as
611 3109 22 18 to

55 3123 48 27 give
113 3123 38 23 the
167 3125 132 22 Committee
310 3127 24 20 of
346 3127 100 28 Enquiry
456 3129 109 23 sufficient
580 3132 53 22 time

55 3153 22 18 to
95 3158 91 20 arrange
207 3151 37 22 the
260 3152 79 27 affairs,
358 3154 61 21 when
433 3154 53 28 they
501 3157 44 22 will
561 3158 43 21 call
621 3166 12 14 a

55 3177 88 26 general
153 3178 103 28 meeting,
268 3179 63 22 when
343 3180 37 22 the
393 3181 145 29 proceedings
548 3184 44 22 will
607 3184 26 23 be

55 3203 53 29 fully
118 3203 44 24 laid
174 3205 74 22 before
259 3205 37 23 the
307 3206 79 28 public.

81 3238 19 20 8.
115 3236 57 23 That
181 3237 38 22 the
230 3237 80 23 thanks
316 3239 27 21 of
348 3239 42 21 this
397 3239 99 28 meeting
504 3240 27 23 be
538 3241 66 27 given
611 3245 22 19 to

56 3266 21 17 J.
93 3263 104 28 Douglas,
218 3264 60 28 Esq.,
296 3266 35 21 for
350 3266 33 22 his
400 3266 50 22 able
463 3267 47 22 and
522 3267 111 28 judicious

56 3290 93 22 conduct
157 3290 23 22 in
190 3291 39 22 the
238 3292 68 27 chair,
316 3292 102 23 followed
436 3294 28 26 by
480 3294 63 23 three
552 3295 80 25 hearty

57 3314 79 25 cheers.

663 136 50 24 sold
724 141 22 19 at
757 143 31 15 an
799 143 94 23 average
905 138 62 28 price
977 138 25 23 of
1011 138 53 24 £38
1076 146 14 15 a
1101 139 58 30 pair.
1194 137 50 23 The

661 169 84 24 heifers
757 167 89 24 fetched
858 169 36 23 £8
909 172 51 21 10s.
979 171 64 24 each.
1086 171 66 23 None
1165 171 27 23 of
1206 170 37 23 the

662 207 71 17 steers
745 201 57 23 sold.
850 200 43 24 We
905 202 86 24 believe
1003 203 37 23 the
1051 204 129 30 gentleman
1195 202 47 23 who

662 233 118 25 chartered
792 233 38 24 the
842 233 84 25 vessels
940 235 98 23 intends'
1047 237 127 29 remaining
1190 235 52 24 here

662 275 62 16 some
735 266 60 24 little
807 266 54 23 time
871 264 52 26 with
937 268 56 23 such
1006 275 25 16 as
1042 277 38 14 are
1089 268 79 24 unsold
1180 277 6 20 ;
1199 268 42 23 and

662 307 32 15 we
717 299 57 24 have
797 306 29 16 no
849 299 76 30 doubt,
950 300 52 24 with
1022 301 38 23 the
1078 302 129 23 abundance
1220 301 25 23 of

661 337 120 26 pasturage
803 332 25 23 in
850 332 37 23 the
911 332 194 32 neighbourhood,
1133 334 50 24 that
1204 334 38 23 the

663 366 63 29 rapid
742 365 164 30 improvement
928 366 26 23 of
976 366 37 24 the
1032 367 115 23 condition
1162 366 28 24 of
1204 366 37 23 the

662 399 67 22 cattle
740 398 46 23 will
799 398 49 23 well
859 406 67 23 repay
938 399 46 23 him
997 399 34 23 for
1043 399 70 30 doing
1123 407 34 16 so.

720 459 192 24 ENGLISH
945 460 245 25 EXTRACTS.

689 508 161 19 Destructive
865 508 57 19 Fibe
948 513 24 14 is
1000 508 167 24 Manchester,
1193 513 46 15 and
1248 508 2 21 !

663 538 118 16 dreadful
797 539 51 14 loss
863 539 26 13 of
905 531 64 22 Life.
971 543 27 5 —
1000 533 21 20 A
1035 538 58 16 most
1108 532 133 23 destructive
1248 530 2 34 j

662 558 46 26 fire,
728 557 105 23 attended
851 558 52 21 with
925 565 13 14 a
953 558 126 28 deplorable
1096 560 42 21 loss
1157 560 26 21 of
1194 559 44 26 life,

662 585 52 21 took
724 585 62 26 place
797 591 28 14 on
836 584 116 27 Thursday
962 585 68 27 night,
1042 589 23 18 at
1075 586 37 21 the
1130 586 111 22 extensive

662 616 74 17 cotton
755 611 85 26 factory
855 611 25 21 of
901 611 91 22 Messrs.
1015 611 72 28 Poole,
1107 613 133 26 Mill-street,

663 639 104 20 Ancoats.
802 637 48 21 The
867 637 38 22 fire
916 637 69 22 broke
995 642 38 17 out
1042 639 68 21 about
1120 643 42 18 two
1174 639 66 21 hours

663 665 73 21 before
745 663 40 22 the
796 663 53 21 time
859 663 36 21 the
905 663 85 28 factory
1000 665 86 27 usually
1096 666 73 26 closes,
1188 672 53 15 near

663 691 36 21 the
709 696 75 16 centre
795 689 25 21 of
826 697 14 14 a
851 689 100 28 building
961 690 69 22 called
1037 692 37 21 the
1107 692 54 22 New

663 717 42 22 and
715 716 55 23 such
787 723 44 15 was
846 717 37 21 the
898 717 80 21 fearful
994 718 94 27 rapidity
1103 719 52 21 with
1170 718 71 22 which

663 745 35 20 the
708 744 77 22 flames
795 743 84 26 spread,
895 742 50 22 that
955 750 13 15 a
982 744 86 32 portion
1083 745 26 21 of
1121 745 35 21 the
1171 745 70 21 hands

663 771 42 21 had
716 774 39 18 not
764 769 54 22 time
828 773 23 17 to
861 776 73 21 ecape.
963 765 48 27 The
1025 777 65 16 cause
1104 772 25 21 of
1142 772 42 21 this
1199 771 41 22 will

663 797 26 21 be
699 796 83 26 readily
794 795 132 22 understood
937 796 63 22 when
1009 798 17 21 it
1040 797 17 22 is
1068 798 70 22 stated
1149 798 46 21 that
1204 798 37 21 the

662 823 69 27 grand
741 823 110 26 staircase,
863 822 71 22 which
944 823 61 27 gives
1014 830 73 16 access
1097 830 22 16 to
1127 824 37 22 the
1171 824 71 22 differ-

663 854 36 18 ent
717 856 82 19 rooms,
817 849 18 21 is
853 849 23 21 in
896 849 37 21 the
953 854 82 22 centre,
1052 851 44 21 and
1115 851 37 22 the
1166 851 75 21 flames

662 875 188 26 communicating
868 875 81 23 almost
964 876 151 29 immediately
1134 878 52 21 with
1200 877 42 21 this

662 904 109 25 staircase,
783 902 37 22 the
830 909 76 20 escape
917 909 23 15 or
955 903 36 21 the
1001 903 111 22 workmen
1131 911 43 15 was
1188 910 52 15 soon

662 934 37 18 cut
714 930 36 22 off.
779 929 47 21 The
838 929 37 21 fire
890 929 138 22 illuminated
1046 931 36 21 the
1094 931 67 22 whole
1174 934 67 21 town,

663 957 42 21 and
726 963 43 15 was
786 962 53 15 seen
858 955 34 22 for
910 963 69 20 many
997 956 63 22 miles
1080 957 77 22 round.
1194 957 47 22 The

662 983 110 27 buildings
792 983 55 21 form
867 986 42 18 two
929 983 58 21 sides
1002 983 26 21 of
1044 990 13 14 a
1067 984 173 26 parallelogram,

663 1010 43 21 and
717 1017 36 15 are
760 1009 79 21 situate
849 1008 100 23 between
960 1009 186 23 Bradford-street
1152 1010 43 22 and
1204 1011 37 20 the

663 1035 113 23 Rochdale
792 1035 70 21 canal.
900 1035 48 23 The
966 1043 76 15 names
1058 1036 26 22 of
1093 1037 38 21 the
1141 1037 100 22 sufferers

663 1071 36 13 are
701 1074 27 5 —
729 1061 97 23 William
840 1061 113 34 Ridgway,
973 1063 55 27 aged
1046 1063 101 26 eighteen
1162 1070 75 21 years;

662 1090 59 22 John
740 1091 80 24 Snape,
837 1089 54 25 aged
910 1089 92 27 fifteen;
1023 1090 64 26 Mary
1106 1089 134 26 M'Corville,

662 1117 55 26 aged
729 1117 98 21 fourteen
837 1123 5 17 ;
858 1115 85 22 Robert
959 1116 90 26 Garvin,
1070 1117 56 25 aged
1143 1117 98 21 fourteen

662 1150 74 19 years;
762 1141 44 21 and
830 1141 75 23 James
926 1143 117 26 M'Munn,
1062 1143 58 26 aged
1137 1144 104 21 nineteen

662 1176 70 19 years.
733 1179 27 6 —
765 1169 93 21 Witness.

695 1198 110 23 Society
823 1204 49 16 for
883 1204 50 17 the
948 1198 184 24 Propagation
1145 1207 29 16 of
1190 1206 51 16 the

663 1231 101 23 Gospel
788 1237 28 16 in
840 1230 117 24 Foreign
985 1231 94 24 Parts.
1081 1244 33 5 —
1115 1232 126 30 Yesterday

663 1265 95 29 evening
777 1264 38 22 the
837 1263 114 31 Islington
969 1265 123 31 Auxiliary
1110 1265 90 23 Branch
1221 1265 23 22 of

663 1296 43 23 this
719 1296 92 30 Society
823 1296 51 23 held
885 1298 29 22 its
926 1297 84 23 second
1021 1298 82 22 annual
1112 1300 97 28 meeting
1220 1302 22 18 at

664 1330 36 23 the
724 1329 87 24 British
835 1330 82 23 School
939 1329 95 29 Rooms,
1058 1331 45 23 and
1124 1338 43 16 was
1188 1338 53 23 very

664 1370 145 23 numerously
832 1363 113 24 attended.
997 1364 51 23 The
1072 1363 59 24 Rev.
1160 1364 81 24 Daniel

665 1396 87 24 Wilson
764 1397 22 21 in
798 1396 37 23 the
847 1396 71 24 chair.
961 1396 50 24 The
1028 1402 75 25 report
1115 1402 69 19 states
1195 1397 47 23 that

664 1429 82 31 during
768 1428 38 24 the
825 1434 51 26 past
894 1437 53 23 year
963 1430 37 23 the
1019 1431 163 30 subscriptions
1200 1429 42 25 had

664 1461 119 25 amounted
796 1468 22 17 to
832 1463 101 30 upwards
946 1462 25 24 of
985 1463 79 24 £100.
1100 1461 66 30 This,
1183 1463 49 23 how

665 1503 57 21 ever,
735 1496 37 23 the
784 1496 126 23 committee
923 1496 131 23 considered
1065 1496 42 23 but
1126 1505 14 14 a
1157 1496 86 31 trifling

663 1536 50 16 sum
733 1529 120 30 compared
870 1529 52 23 with
943 1529 38 23 the
1004 1529 143 24 wealthiness
1166 1530 24 22 oi
1206 1529 36 23 the

665 1562 75 30 parish
757 1562 44 22 and
818 1562 29 23 its
865 1562 130 30 population
1018 1563 24 22 of
1064 1564 91 27 56,000
1174 1562 67 27 souls,

665 1595 49 23 The
727 1595 127 32 operations
874 1597 24 21 of
913 1595 39 23 the
971 1595 84 23 Parent
1073 1595 92 32 Society
1184 1602 58 16 were

665 1635 47 16 now
725 1628 68 30 being
806 1628 109 23 extended
927 1629 48 22 into
987 1629 39 23 the
1038 1628 112 29 Canadas,
1169 1628 73 23 where

665 1661 61 23 there
739 1668 56 15 were
805 1661 32 23 60
847 1666 80 18 vacant
938 1662 96 23 stations
1045 1663 23 22 in
1080 1661 72 24 which
1164 1661 78 24 minis-

665 1700 44 17 ters
722 1701 57 16 were
790 1694 111 30 required,
915 1695 44 23 and
972 1695 73 23 where
1062 1695 39 23 the
1115 1695 84 30 Bishop
1219 1693 25 24 of

665 1728 36 22 the
713 1728 97 26 diocese,
821 1728 24 22 in
857 1728 143 30 conjunction
1014 1728 52 23 with
1086 1728 38 23 the
1142 1728 97 30 Socie:y,

665 1768 44 15 was
722 1761 69 22 about
800 1765 23 17 to
835 1760 108 23 establish
956 1769 13 15 a
981 1761 117 31 collegiate
1108 1761 134 23 institution.

665 1794 74 23 There
752 1801 57 15 were
821 1794 32 25 47
863 1793 24 23 of
902 1793 38 24 the
960 1794 112 31 Society's
1092 1794 151 23 missionaries

665 1827 21 23 in
699 1827 87 23 British
799 1825 74 28 India,
886 1826 43 23 and
940 1835 14 15 a
966 1827 166 31 proportionate
1149 1827 93 22 number

664 1861 21 21 in
699 1859 188 29 Newfoundland,
906 1860 39 23 the
966 1860 134 28 Bermudas,
1119 1859 123 29 Australia,

666 1893 63 23 West
752 1892 86 29 Indies,
868 1893 43 23 and
936 1893 87 23 British
1047 1893 100 23 Guiana.
1194 1892 49 23 The

665 1926 90 30 Society
764 1925 45 24 had
819 1925 91 24 allotted
917 1926 71 24 £250
999 1931 22 18 to
1030 1926 37 23 the
1077 1926 57 23 New
1145 1925 99 24 Zealand

665 1959 116 30 Company
793 1958 34 23 for
840 1959 37 23 the
889 1964 95 25 support
995 1959 25 23 of
1035 1960 37 22 six
1091 1959 158 23 missionaries'

663 1992 23 22 in
699 1992 59 23 their
769 1991 149 28 settlements,
931 1991 89 23 besides
1032 1992 97 27 £2,000
1148 1990 95 24 towards

665 2024 36 23 the
713 2032 41 16 use
766 2023 25 23 of
806 2023 38 23 the
854 2023 84 23 church
949 2024 25 23 in
986 2024 48 22 that
1045 2029 102 25 country.
1194 2023 50 24 The

665 2058 146 29 expenditure
823 2056 25 23 of
863 2056 37 23 the
913 2056 93 31 Society
1016 2056 35 23 for
1066 2057 37 23 the
1122 2061 50 27 past
1189 2064 55 23 year

665 2097 44 15 was
720 2090 122 27 £80,000,
856 2094 22 18 to
891 2089 71 24 which
975 2090 37 22 the
1023 2090 97 30 receipts
1138 2089 44 23 had
1203 2095 40 17 not

666 2124 67 21 borne
746 2131 12 15 a
770 2123 165 29 proportionate
948 2123 110 23 increase.
1105 2122 50 23 The
1169 2126 75 27 report

666 2156 83 31 having
776 2155 57 23 been
858 2156 100 22 received
977 2156 43 22 and
1047 2155 103 32 adopted,
1183 2163 61 15 some

665 2189 104 30 eloquent
792 2188 118 23 addresses
934 2197 58 15 were
1017 2189 112 23 delivered
1153 2189 28 31 by
1204 2188 38 23 the

666 2222 57 23 Rev.
735 2222 37 24 the
782 2221 86 31 Bishop
879 2222 129 28 Tasmania,
1020 2222 36 22 the
1064 2222 72 23 Revs.
1147 2222 95 23 Messrs.

665 2255 125 31 Campbell,
810 2254 78 28 Short,
907 2254 109 30 Jackson,
1039 2255 139 31 Thompson,
1202 2254 43 23 and

664 2288 84 29 others,
760 2288 60 22 after
830 2287 73 23 which
914 2296 13 14 a
939 2288 119 24 collection
1069 2295 46 15 was
1126 2288 63 23 made
1201 2288 44 22 and

665 2322 38 23 the
715 2322 100 30 meeting
826 2321 123 30 dispersed.

695 2354 90 24 Fever
802 2361 28 16 in
849 2354 157 24 Liverpool.
1009 2366 33 5 —
1043 2354 50 23 The
1111 2354 129 31 population

663 2388 24 22 of
698 2387 122 30 Liverpool
828 2388 19 22 is
860 2387 72 23 stated
941 2394 23 17 at
976 2389 108 27 250,000
1095 2396 6 21 ;
1115 2388 43 22 and
1167 2387 24 23 of
1201 2388 43 22 this

663 2422 94 22 number
769 2420 37 23 the
818 2419 100 30 working
930 2421 85 23 classes
1033 2429 37 14 are
1082 2420 51 24 said
1149 2425 22 19 to
1183 2428 61 15 com-

662 2455 60 29 prise
734 2454 69 23 about
816 2455 115 26 175,000.
968 2454 34 23 Of
1013 2454 62 23 these
1091 2453 45 24 Dr.
1148 2453 98 24 Duncan

663 2488 119 22 calculates
795 2486 48 23 that
855 2494 29 15 no
893 2487 66 23 fewer
973 2487 52 23 than
1039 2488 74 28 7,000
1123 2495 37 15 are
1172 2494 72 16 annu-

663 2521 43 30 ally
727 2519 99 25 afflicted
845 2520 53 23 with
920 2521 70 28 fever,
1035 2521 79 30 giving
1131 2528 29 15 an
1182 2528 63 15 aver-

662 2561 41 24 age
715 2554 25 23 of
760 2556 7 21 1
785 2558 22 18 to
821 2556 30 21 25
865 2553 25 24 of
898 2554 37 23 the
948 2554 104 30 working
1064 2554 129 31 population
1204 2561 40 15 an-

663 2587 76 31 nually
752 2586 93 24 affected
865 2587 53 23 with
933 2587 61 23 fever
1002 2596 7 20 ;
1030 2595 14 15 a
1060 2587 81 30 higher
1157 2591 56 24 rato,
1232 2585 13 25 I

662 2620 93 29 believe,
767 2620 56 23 than
835 2620 20 23 is
867 2620 99 23 afforded
976 2620 30 31 by
1018 2628 44 23 any
1074 2620 64 23 other
1148 2624 59 19 town
1218 2620 25 23 in

774 2712 358 22 MISCELLANEOUS.

695 2771 91 25 Paper
804 2771 106 25 Money.
912 2784 34 5 —
946 2772 24 24 A
988 2772 138 24 humourous
1141 2772 103 24 illustra-

663 2806 47 22 tion
722 2805 26 23 of
762 2804 38 24 the
811 2804 86 23 virtues
908 2805 24 23 of
950 2813 14 15 a
976 2813 68 23 paper
1056 2813 108 23 currency
1176 2806 19 23 is
1209 2804 36 24 the

663 2838 121 31 following,
795 2838 58 22 from
867 2838 36 24 the
913 2838 37 24 St.
963 2838 72 24 Louis
1044 2837 97 30 Mound,
1154 2839 92 23 Ameri-

663 2879 40 16 can
715 2878 69 24 paper
804 2883 33 4 —
863 2870 23 23 It
896 2879 74 16 seems
981 2872 51 23 that
1046 2879 13 15 a
1071 2878 65 25 party
1148 2872 25 23 of
1189 2879 56 23 gen-

663 2905 83 23 tlemen
760 2911 56 16 were
833 2904 80 31 telling
926 2904 59 24 their
1004 2905 7 12 *
1021 2905 149 30 experience,'
1182 2904 64 24 while

662 2937 107 31 standing
787 2937 22 23 in
831 2937 60 23 front
903 2937 24 24 of
942 2938 39 23 the
1002 2938 50 23 Gas
1073 2938 74 31 Light
1164 2938 82 28 Office,

663 2971 63 23 when
738 2979 14 15 a
764 2970 49 24 well
832 2970 80 24 known
929 2972 82 30 genius
1030 2978 63 16 came
1109 2972 74 30 along,
1204 2971 42 23 and

662 3004 111 32 breaking
783 3004 49 23 into
840 3003 38 24 the
889 3004 7 11 '
903 3005 83 31 party,'
1056 3005 35 22 his
1101 3010 62 26 story
1173 3012 73 15 some-

663 3038 64 31 thing
739 3039 21 21 in
773 3037 45 23 this
830 3038 52 22 wise
891 3045 6 16 :
899 3050 32 5 —
933 3038 6 11 '
950 3038 64 24 Hold
1025 3045 56 23 your
1089 3038 94 29 horses,'
1195 3045 51 23 says

661 3070 37 30 he,
712 3071 7 11 '
728 3071 44 23 and
791 3070 21 23 if
828 3078 45 23 you
893 3076 59 19 want
973 3076 22 18 to
1015 3071 56 23 hear
1089 3071 39 23 the
1148 3075 99 27 greatest

661 3104 98 31 shaving
766 3107 63 27 story
836 3104 49 23 that
896 3112 44 23 you
947 3112 53 16 ever
1010 3104 40 23 did
1060 3104 62 29 hear,
1131 3104 50 32 just
1188 3104 58 31 keep

662 3137 57 22 cool.
755 3136 13 24 I
777 3143 68 16 never
856 3137 64 28 have,
938 3138 24 23 in
973 3137 30 24 all
1014 3145 39 23 ray
1063 3137 49 29 life,-
1123 3137 44 24 had
1179 3137 67 24 much

662 3177 81 22 money
755 3177 28 15 on
795 3168 60 24 haml
867 3175 22 17 at
901 3178 45 22 any
957 3178 43 16 one
1012 3172 53 22 time
1075 3179 5 20 ;
1103 3171 42 23 but
1155 3177 21 17 a'
1180 3170 64 24 short

662 3202 54 24 time
728 3202 76 24 before
816 3201 38 24 the
861 3205 136 29 suspension
1006 3203 26 24 of
1039 3204 76 30 specie
1127 3207 117 28 payments

662 3234 30 31 by
703 3234 38 24 the
754 3234 97 25 Miners'
863 3234 68 25 Bank
943 3236 26 24 of
978 3236 123 31 Dubuque,
1114 3236 13 24 I
1140 3236 44 24 had
1195 3238 49 22 200

661 3267 84 24 dollars
766 3267 25 25 of
806 3267 40 23 her
864 3267 59 30 bills,
942 3269 46 23 and
1005 3269 65 24 when
1089 3269 12 24 I
1118 3269 70 24 heard
1208 3269 37 24 the

663 3308 60 17 news
734 3300 27 24 of
769 3301 42 24 her
820 3300 88 31 failure,
927 3301 14 24 I
953 3302 98 32 thought
1061 3302 42 24 she
1114 3303 73 23 would
1201 3303 44 23 rise

661 3335 75 29 again,
748 3342 26 16 so
785 3333 14 25 I
811 3333 52 25 held
875 3342 29 16 on
922 3334 38 25 the
971 3343 90 24 money.
1097 3336 68 25 After
1178 3344 12 15 a
1202 3335 40 24 few

661 3367 75 24 weeks
748 3367 14 24 I
773 3374 47 17 saw
836 3368 18 23 it
866 3375 44 16 was
921 3369 72 30 going
1009 3374 23 19 to
1044 3369 60 29 ruin,
1122 3369 45 24 and
1179 3369 13 24 I
1203 3368 39 24 de-

661 3401 111 23 termined
784 3406 22 17 to
826 3406 40 25 get
882 3401 35 24 rid
929 3402 25 23 of
962 3403 35 28 it;
1019 3401 51 25 sol
1089 3402 56 25 took
1162 3403 19 23 it
1198 3405 23 20 to
1232 3409 13 15 a

661 3433 103 24 broker's
774 3433 44 24 and
831 3434 131 31 exchanged
979 3436 18 23 it
1005 3434 35 25 for
1053 3435 76 29 Cairo,
1141 3439 24 20 at
1176 3434 68 32 thirty

661 3473 39 24 per
710 3471 60 19 cent,
783 3466 113 25 discount.
931 3467 59 25 This
1002 3467 12 25 I
1024 3468 55 24 look
1086 3476 29 16 on
1125 3476 26 16 as
1162 3467 83 32 paying

661 3504 73 26 pretty
745 3500 54 23 dear
809 3499 35 24 for
856 3508 14 15 a
880 3500 69 24 shave
958 3510 6 20 ;
984 3501 42 24 but
1037 3502 38 23 the
1086 3506 57 19 next
1154 3502 66 30 thing
1230 3500 12 23 I

661 3532 68 24 heard
740 3540 45 16 was
797 3532 39 24 the
844 3533 66 24 Cario
922 3533 70 25 Bank
1001 3534 45 24 had
1057 3534 75 24 blown
1143 3542 30 23 up
1180 3543 7 20 ;
1200 3532 44 24 and

661 3565 12 23 I
686 3572 53 24 goes
750 3566 35 23 off
790 3571 23 18 to
825 3573 14 16 a
849 3566 83 25 broker
941 3568 120 28 instanter,
1073 3567 46 24 and
1126 3567 35 24 off
1168 3573 76 18 comes

661 3603 79 26 twenty
744 3598 55 24 -five
811 3606 40 24 per
863 3604 59 25 cent,
940 3607 71 22 more,
1032 3600 45 24 and
1094 3600 56 24 then
1168 3600 14 24 I
1199 3598 45 25 had

661 3631 37 24 the
714 3631 97 31 product
830 3632 25 23 of
871 3640 36 24 my
919 3633 142 31 speculation
1079 3634 24 23 in
1121 3633 40 24 the
1180 3632 64 25 State

661 3664 67 24 Bank
739 3664 27 24 of
780 3664 91 25 Illinois
888 3673 91 24 money.
1014 3666 65 25 Next
1096 3666 68 31 thing
1182 3670 62 25 sway

661 3704 53 24 goes
731 3697 39 24 the
788 3697 66 24 State
872 3698 68 25 Bank
940 3711 35 6 —
975 3699 83 24 busted
1075 3699 30 24 all
1117 3703 24 20 to
1160 3699 83 31 pieces,

661 3730 42 24 and
714 3730 62 31 hang
786 3737 37 17 me
834 3731 20 24 if
870 3730 12 25 I
894 3731 74 25 didn't
984 3732 49 24 lose
1051 3732 71 31 thirty
1133 3739 42 24 per
1183 3734 59 21 cent,

661 3770 60 17 more
731 3764 26 23 in
767 3763 117 33 obtaining
895 3765 172 25 Sbawneetown
1083 3770 84 25 money
1173 3764 7 24 !
1200 3763 44 25 and

661 3795 52 25 then
733 3796 14 24 I
759 3796 98 31 thought
873 3796 14 25 I
906 3805 46 16 was
971 3798 49 24 safe
1037 3798 55 24 with
1108 3797 61 24 what
1185 3796 59 25 little

661 3836 80 24 money
752 3829 14 25 I
776 3829 45 25 bad
829 3834 74 27 got—
903 3830 41 24 but
953 3830 51 24 alas
1014 3831 37 23 for
1061 3829 31 25 all
1103 3829 94 32 worldly
1207 3829 36 24 af-

661 3861 52 24 fairs
721 3862 43 24 !—
764 3862 66 25 down
840 3862 107 32 goes^the
957 3861 254 28 Shawneetown.Bank
1211 3873 38 6 —

661 3894 90 24 refused
761 3898 23 21 to
795 3901 90 17 resume
889 3907 30 6 —
919 3895 67 31 panic
996 3894 153 25 raisedr-^and
1158 3898 23 20 to
1192 3901 53 25 pre-

661 3931 52 20 vent
729 3927 40 24 the
784 3926 97 25 brokers
897 3927 58 25 from
976 3927 97 33 shaving
1088 3935 38 17 me
1147 3927 67 32 again
1231 3926 14 25 I

1272 142 57 19 went
1340 142 22 18 to
1371 146 14 15 a
1397 139 88 28 private
1497 139 130 28 individual,
1640 140 47 27 and.
1694 148 57 23 gave
1762 141 47 23 him
1822 141 29 23 all

1271 169 37 24 the
1329 170 169 25 Shawneetown
1517 179 82 23 money
1622 171 10 24 I
1651 172 43 24 had
1715 173 35 23 for
1766 179 92 25 twenty-

1272 202 82 24 dollars
1364 204 23 22 in
1401 203 60 24 Ohio
1472 212 88 23 money,
1572 204 44 24 and
1625 212 26 16 on
1662 205 95 31 offering
1768 211 22 18 to
1795 214 56 23 pass

1270 235 19 23 it
1307 235 12 23 I
1332 242 44 16 was
1395 236 46 23 told
1458 236 49 23 that
1516 237 19 22 it
1552 244 45 15 was
1615 238 132 23 counterfeit
1755 238 6 24 !
1796 239 55 23 And

1271 275 56 21 now,
1340 268 12 23 I
1365 268 38 23 tell
1415 276 53 23 you,
1480 269 135 31 gentlemen,
1630 271 18 22 it
1659 271 20 22 is
1690 278 15 15 a
1714 270 54 29 fact,
1787 271 64 23 there

1270 300 19 22 is
1311 300 38 24 the
1368 300 72 25 whole
1461 302 100 23 ramains
1578 303 27 23 of
1623 310 37 23 my
1678 304 49 23 200
1748 303 102 24 dollars.'

1271 332 68 31 Upon
1351 333 46 24 this
1409 333 28 24 he
1448 334 114 30 produced
1572 339 44 19 two
1625 339 38 20 ten
1675 336 72 22 dollar
1757 335 53 24 bills
1822 344 28 16 on

1270 365 37 23 the
1320 365 94 32 Geauga
1425 366 70 24 Bank
1505 367 26 23 of
1542 367 142 29 PainesviNe,
1705 376 41 15 cxc
1756 369 92 29 aiming,

1270 398 7 12 1
1286 397 55 30 Yes,
1362 398 59 24 them
1435 405 44 18 two
1490 400 80 23 cursed
1590 400 131 25 counterfeit
1739 405 64 20 notes
1822 409 27 16 on
1857 398 3 8 '

1270 430 37 24 the
1322 431 64 23 Bank
1399 432 25 23 of
1434 432 95 31 Geauga
1541 440 37 16 are
1592 433 38 23 the
1642 433 70 24 whole
1724 434 126 23 remainder

1269 463 26 22 of
1305 472 35 22 my
1352 471 80 24 money
1444 465 157 31 speculation.'

1303 496 23 24 A
1353 496 108 25 Solemn
1491 498 174 25 Reflection.
1673 512 34 3 —
1714 498 76 24 When
1812 499 38 23 the

1268 530 157 23 storm-tossed
1443 538 69 17 ocean
1530 532 55 23 rises
1615 537 23 18 to
1659 532 50 23 lash
1730 531 38 24 the
1787 532 44 30 sky
1841 541 6 19 ;

1270 561 63 24 when
1345 562 36 23 the
1394 563 50 23 wild
1462 564 92 24 tornado
1573 565 19 23 is
1609 565 82 23 abroad
1699 574 6 19 ;
1726 565 66 23 when
1810 565 38 23 the

1269 593 75 25 bosom
1357 595 23 23 of
1390 595 37 24 the
1439 596 57 23 solid
1507 597 64 24 earth
1582 598 20 22 is
1614 598 88 23 shaken
1713 598 29 30 by
1752 598 97 23 internal

1269 628 81 28 throes,
1370 636 25 15 or
1413 628 95 24 beneath
1530 630 38 23 the
1586 631 65 30 glory
1668 630 44 24 and
1735 631 80 30 beauty
1827 632 26 22 of

1268 660 72 31 night,
1353 661 63 23 when
1427 662 40 22 the
1477 670 52 22 eyes
1541 663 24 22 of
1579 663 51 24 love
1641 672 36 15 are
1689 663 111 31 drinking
1811 664 37 23 the

1269 692 57 30 light
1336 701 30 23 up
1377 693 58 24 from
1447 701 56 23 your
1514 695 50 23 soul
1566 708 31 4 —
1598 700 23 19 at
1641 696 55 24 such
1715 704 13 15 a
1740 701 108 23 moment,

1270 725 21 23 0
1312 726 31 24 let
1366 734 12 16 a
1396 727 107 24 sensitive
1521 729 62 23 mind
1603 729 84 28 reflect,
1710 730 16 11 ••
1736 729 67 28 How,
1826 730 23 22 in

1269 758 102 29 thunder,
1383 767 37 16 am
1433 760 12 23 I
1458 761 70 30 going
1539 766 22 18 to
1573 768 43 24 pay
1629 762 48 23 that
1687 762 40 23 bill
1740 767 34 18 to-
1787 769 61 16 mor-

1269 799 44 15 row
1346 804 31 5 —
1378 792 122 24 American
1507 800 81 24 paper.

1302 825 90 23 Sweet
1411 825 143 25 Potatoes.
1557 839 32 4 —
1590 826 39 24 An
1646 827 116 31 exchange
1782 835 68 24 paper

1269 865 60 23 says,
1342 858 46 23 that
1401 866 27 15 an
1439 859 38 23 old
1485 859 103 24 bachelor
1597 859 83 32 having
1688 861 55 23 been
1753 861 96 30 laughed

1269 895 23 18 at
1303 890 31 30 by
1344 899 13 14 a
1369 891 56 30 bevy
1437 891 26 24 of
1472 897 73 26 pretty
1556 893 64 29 girls,
1634 893 26 23 he
1671 893 46 24 told
1728 893 61 24 them
1799 894 50 30 they

1270 931 57 15 were
1363 924 65 23 small
1681 934 50 23 may
1743 927 28 23 be
1784 927 65 23 small

1406 957 85 31 replied
1508 966 42 15 one
1563 959 25 22 of
1606 959 37 23 the
1654 959 63 31 girls,
1765 960 39 23 but
1816 967 32 16 we

1270 995 39 17 are
1320 993 68 20 sweet
1399 997 54 16 ones
1519 990 52 24 The
1581 991 36 25 old
1629 992 105 24 bachelor
1744 992 42 24 felt
1797 1000 24 16 as
1833 993 20 22 if

1270 1023 27 21 he
1309 1021 64 24 could
1385 1027 35 19 eat
1431 1030 68 24 every
1506 1032 42 15 one
1556 1025 25 22 of
1590 1025 61 24 them
1658 1033 38 23 up,
1709 1025 44 24 and
1762 1026 30 23 he
1801 1025 48 24 said

1269 1054 52 31 they
1333 1055 70 30 ought
1413 1054 31 24 all
1455 1060 23 19 to
1491 1057 26 22 be
1554 1058 91 23 roasted
1655 1058 44 22 and

1303 1087 121 25 Fluency
1455 1096 30 16 of
1515 1089 110 24 Speech.
1627 1103 33 5 —
1661 1090 50 24 The
1745 1099 104 16 common

1269 1120 88 31 fluency
1369 1121 25 23 of
1403 1122 90 30 speech,
1506 1122 23 23 in
1548 1130 68 24 many
1628 1131 58 21 men,
1700 1124 44 23 and
1756 1124 24 24 in
1790 1129 60 19 most

1270 1161 92 20 women,
1376 1155 19 22 is
1408 1155 75 30 owing
1495 1160 21 18 to
1529 1163 13 16 a
1562 1157 95 30 scarcity
1670 1157 25 23 of
1710 1161 81 19 matter
1807 1157 43 23 and

1270 1195 12 14 a
1294 1188 94 30 scarcity
1400 1187 25 23 of
1435 1188 72 23 words
1517 1197 7 19 ;
1544 1188 35 24 for
1590 1189 101 24 whoever
1703 1190 19 22 is
1735 1194 83 19 master
1828 1190 25 23 of

1269 1220 109 31 language
1390 1220 44 23 and
1446 1221 41 23 has
1499 1228 13 16 a
1524 1221 61 23 mind
1596 1222 43 23 full
1651 1222 25 24 of
1690 1222 62 24 ideas
1765 1223 44 23 will
1822 1223 27 23 be

1270 1258 44 25 apt,
1326 1254 23 21 in
1361 1253 121 31 speaking,
1495 1259 22 18 to
1536 1254 96 24 hesitate
1642 1263 60 23 upon
1722 1254 37 24 the
1774 1255 76 24 choice

1270 1286 24 22 of
1305 1286 51 23 both
1367 1294 6 20 ;
1394 1286 99 24 whereas
1505 1294 101 16 common
1616 1287 108 32 speakers
1733 1288 56 23 have
1798 1289 51 30 only

1270 1326 42 15 one
1321 1323 34 18 set
1367 1319 24 23 of
1400 1319 61 23 ideas
1474 1319 44 24 and
1530 1327 41 16 one
1588 1325 35 18 set
1635 1321 25 22 of
1669 1320 72 23 words
1754 1326 22 17 to
1789 1321 59 23 cloth

1270 1352 59 22 them
1348 1352 30 28 in,
1390 1352 45 22 and
1453 1352 63 23 these
1534 1361 38 15 are
1590 1353 82 31 always
1690 1354 68 30 ready
1771 1360 23 17 at
1811 1354 38 23 the

1271 1385 77 23 mouth
1356 1394 6 19 ;
1381 1392 27 15 so
1420 1385 78 31 people
1508 1393 62 16 come
1582 1386 69 23 faster
1660 1391 39 18 out
1710 1387 25 22 of
1745 1394 13 15 a
1765 1387 84 23 church

1270 1418 62 23 when
1346 1418 17 23 it
1382 1418 20 23 is
1421 1418 83 23 almost
1520 1425 75 24 empty
1608 1418 54 25 than
1674 1419 64 24 when
1752 1428 14 14 a
1778 1420 72 23 crowd

1262 1451 28 23 •is
1300 1456 23 18 at
1335 1450 37 24 the
1383 1451 62 23 door.
1449 1463 33 4 —
1482 1449 79 32 Shrift.

1303 1484 75 23 Signs
1396 1491 31 16 of
1445 1491 81 17 being
1543 1492 29 16 in
1589 1492 52 17 the
1663 1485 108 25 Wrong.
1775 1498 33 5 —
1808 1486 43 23 We

1270 1516 55 24 have
1338 1524 103 16 recourse
1453 1522 22 18 to
1488 1518 121 23 invectives
1621 1519 52 30 only
1685 1519 64 22 when
1767 1527 33 16 we
1811 1519 40 23 fail

1271 1550 23 23 of
1304 1550 83 30 proofs.
1425 1550 105 23 Between
1543 1555 42 19 two
1597 1551 128 32 disputants
1735 1552 64 23 there
1811 1553 19 22 is
1839 1561 12 13 a

1271 1583 101 23 hundred
1383 1588 23 18 to
1418 1590 75 23 wager
1508 1585 89 30 against
1609 1592 49 21 one,
1671 1584 48 24 that
1730 1585 29 23 he
1770 1585 50 23 who
1830 1586 21 22 is

1272 1623 75 24 wrong
1367 1616 44 23 will
1432 1616 28 24 be
1480 1624 79 24 angry.
1625 1616 66 25 Thou
1714 1618 76 23 takest
1811 1619 40 30 thy

1272 1649 106 23 thunders
1397 1649 89 23 instead
1505 1650 25 22 of
1676 1651 48 23 said
1742 1651 109 31 Mennip-

1271 1690 41 23 pus
1322 1688 22 17 to
1356 1682 89 31 Jupiter
1453 1691 7 20 ;
1499 1682 54 25 thou
1562 1688 35 19 art
1606 1683 55 24 then
1671 1684 24 23 in
1703 1684 37 23 the

1273 1714 139 24 —Diderot.

1329 1748 47 23 Did
1387 1756 45 22 you
1443 1756 45 24 pay
1500 1756 57 24 your
1644 1749 48 24 said
1710 1757 42 16 one
1764 1758 52 15 man
1829 1755 22 19 to

1272 1781 99 23 another,
1385 1782 38 22 the
1434 1782 66 23 other
1512 1782 50 31 day,
1611 1782 63 24 when
1692 1783 37 23 the
1745 1783 107 24 collector

1272 1814 70 23 called
1358 1822 60 22 upon
1434 1822 45 23 you
1660 1823 45 16 was
1722 1816 38 23 the
1778 1816 72 32 reply.

1298 1847 57 23 How
1368 1848 38 22 did
1424 1855 44 22 you
1488 1856 94 23 manage
1602 1853 22 19 to
1642 1849 65 23 avoid
1722 1854 18 18 it
1839 1849 12 25 I

1272 1881 161 22 remonstrated
1445 1881 53 23 with
1517 1881 45 23 him
1658 1881 65 29 Well,
1736 1882 44 23 and
1793 1883 60 23 what

1261 1929 4 4 •
1272 1913 64 23 effect
1358 1913 36 23 did
1416 1914 17 22 it
1455 1914 58 23 have
1532 1921 59 24 upon
1790 1915 63 24 don't

1265 1946 72 23 -know
1349 1946 95 30 exactly,
1461 1946 41 24 but
1521 1947 12 22 I
1553 1948 88 23 noticed
1661 1947 47 24 that
1726 1948 37 23 the
1782 1949 71 30 poker

1271 1985 45 16 was
1326 1979 54 22 bent
1390 1980 58 21 after
1458 1978 31 24 he
1502 1984 57 18 went
1672 1989 3 4 •

1304 2011 24 23 A
1339 2011 122 25 Patlander
1473 2012 46 23 and
1529 2011 97 25 Yankee
1637 2013 130 31 happening
1783 2018 23 19 to
1822 2015 29 22 be

1272 2044 74 31 riding
1357 2044 109 31 together,
1479 2046 82 30 passed
1573 2053 13 15 a
1602 2045 100 30 gallows.
1769 2047 84 23 Where

1272 2077 72 23 would
1355 2085 44 22 you
1476 2078 47 23 said
1537 2079 51 28 Pat,
1625 2079 20 23 if
1655 2079 37 23 the
1703 2079 94 31 gallows
1808 2080 43 23 had

1272 2110 36 23 it's
1328 2110 41 23 due
1467 2110 88 32 Riding
1573 2111 72 29 alone,
1663 2112 12 23 I
1804 2114 47 22 said

1273 2143 119 25 Jonathan.

1305 2176 24 24 A
1346 2176 110 24 Tender
1481 2177 136 24 Husband.
1620 2190 32 4 —
1654 2178 39 24 All
1713 2178 49 24 who
1785 2178 66 25 know

1272 2217 75 23 young
1369 2209 120 27 Sniffkins
1508 2211 65 23 know
1592 2211 47 23 that
1656 2211 28 23 he
1702 2212 97 24 married
1816 2213 36 23 old

1274 2240 58 25 Miss
1344 2243 67 30 Betty
1425 2243 106 24 Blochett
1549 2244 34 23 for
1594 2244 41 23 her
1648 2252 80 23 money
1729 2257 33 5 —
1763 2246 49 23 that
1822 2246 29 23 he

1272 2281 81 18 cannot
1365 2276 67 23 touch
1444 2277 17 23 it
1472 2277 58 23 until
1548 2277 40 23 she
1606 2277 56 28 dies,
1677 2278 45 23 and
1735 2277 29 24 he
1783 2283 69 19 treats

1273 2309 40 22 her
1324 2317 52 23 very
1398 2309 67 30 badly
1477 2318 30 15 on
1521 2316 95 18 account
1634 2310 26 23 of
1675 2310 58 24 what
1750 2311 30 24 he
1798 2312 54 23 calls

1274 2342 38 23 her
1334 2343 16 20 !'
1361 2342 152 32 unjustifiable
1715 2343 51 25 The
1789 2345 64 23 other

1274 2375 42 30 day
1334 2375 58 24 Mrs.
1413 2375 125 30 Sniffkins,
1558 2377 88 29 finding
1662 2377 86 24 herself
1762 2378 89 29 unwell,

1274 2413 49 18 sent
1343 2408 33 24 for
1394 2417 14 14 a
1430 2408 85 31 doctor,
1533 2410 45 23 and
1599 2411 24 22 in
1647 2410 37 23 the
1705 2418 108 23 presence
1831 2412 25 23 of

1274 2441 113 24 Sniffkins
1405 2443 43 22 and
1461 2442 38 23 the
1510 2443 94 24 medical
1619 2451 58 20 man,
1691 2443 88 24 declare
1788 2444 7 23 !
1813 2444 40 24 her

1274 2474 67 24 belief
1351 2475 47 23 that
1408 2475 41 23 she
1462 2483 45 16 was
1697 2476 43 24 and
1759 2477 49 23 that
1825 2478 28 23 he

1272 2506 139 32 (Sniffkins)
1425 2509 43 22 had
1736 2510 73 23 didn't
1824 2511 28 23 do

1340 2541 95 23 shouted
1448 2542 125 24 Sniffkins.
1610 2542 66 24 "It's
1692 2543 30 23 all
1738 2551 113 22 gammon,

1274 2575 40 22 she
1333 2575 54 22 isn't
1405 2575 116 30 poisoned.
1559 2576 73 23 Prove
1649 2577 25 27 it,
1693 2576 83 29 doctor,
1796 2585 57 23 open

1273 2607 40 24 her
1324 2615 59 22 upon
1396 2608 39 23 the
1445 2613 52 26 spot
1497 2621 33 4 —
1531 2608 13 23 I
1565 2617 36 15 am
1728 2622 33 4 —
1761 2610 91 23 Ameri-

1273 2647 42 17 can
1327 2640 86 29 Paper.

1307 2674 163 24 Profitable
1505 2674 182 24 Employment
1721 2683 31 16 of
1789 2676 61 24 Pri-

1274 2714 101 16 soners.
1377 2719 32 5 —
1411 2707 51 24 The
1477 2709 115 29 prisoners
1601 2709 57 22 have
1669 2709 55 22 been
1736 2709 117 31 employed

1274 2740 22 23 in
1310 2740 36 23 the
1356 2748 79 15 course
1447 2741 26 22 of
1488 2741 38 23 the
1537 2746 51 26 past
1599 2749 65 23 years
1676 2741 23 23 in
1716 2742 137 31 completing

1275 2774 87 22 various
1375 2781 119 23 necessary
1505 2775 123 30 buildings,
1641 2774 55 24 such
1706 2783 25 15 as
1740 2775 111 31 Superin-

1274 2806 111 23 tendent's
1397 2807 78 29 house,
1498 2813 137 26 apartments
1653 2808 33 23 for
1707 2808 144 30 themselves,

1274 2839 76 30 barns,
1374 2839 74 30 sheds,
1474 2840 43 25 &c.
1536 2849 26 15 as
1578 2840 50 24 well
1648 2849 25 16 as
1683 2845 22 19 to
1717 2841 136 31 agriculture

1274 2872 43 24 and
1326 2872 130 32 gardening.
1495 2873 64 32 They
1572 2874 56 23 have
1635 2874 74 23 raised
1716 2883 14 14 a
1737 2875 114 23 sufficient

1275 2906 80 31 supply
1368 2906 24 23 of
1404 2906 74 24 wheat
1488 2907 43 23 and
1543 2906 128 31 vegetables
1681 2907 35 23 for
1728 2906 59 24 their
1802 2915 49 16 own

1274 2940 164 30 consumption,
1456 2940 47 23 and
1514 2940 22 23 in
1548 2940 38 23 the
1603 2940 152 31 approaching
1772 2947 81 17 season

1274 2972 17 23 it
1299 2972 20 23 is
1329 2972 106 31 expected
1448 2972 50 24 that
1510 2972 52 31 they
1574 2972 44 24 will
1630 2973 63 28 have,
1712 2973 90 23 besides
1815 2974 38 22 the

1274 3006 90 29 garden,
1387 3010 93 26 twenty-
1485 3013 42 16 one
1555 3013 62 16 acres
1646 3006 28 23 of
1696 3005 54 24 land
1778 3006 74 24 under

1274 3038 135 24 cultivation.
1455 3038 25 24 A
1502 3039 128 30 lighthouse
1651 3039 20 23 is
1693 3046 50 16 now
1762 3039 48 23 also
1827 3041 24 22 in

1274 3079 77 16 course
1363 3072 25 23 of
1402 3072 101 23 erection
1520 3072 30 31 by
1564 3071 70 25 them.
1681 3071 58 24 This
1750 3072 105 32 building

1274 3104 45 24 will
1327 3105 27 23 be
1366 3105 24 23 of
1399 3109 75 24 stone,
1486 3105 39 23 the
1536 3104 80 31 height
1627 3105 26 23 of
1662 3105 24 28 it,
1699 3110 23 19 to
1735 3105 37 24 the
1782 3111 39 26 top
1831 3106 24 24 of

1272 3137 111 29 lanthorn,
1406 3138 45 23 will
1471 3139 27 23 be
1519 3139 68 22 about
1604 3139 106 29 fifty-five
1729 3139 53 29 feet,
1795 3140 52 28 and,

1273 3170 67 32 being
1350 3171 63 31 place
1424 3179 29 15 on
1465 3179 14 15 a
1490 3171 48 29 hill,
1554 3173 29 22 its
1595 3172 109 23 elevation
1724 3172 71 24 above
1813 3172 38 24 the

1273 3211 67 16 ocean
1359 3204 43 24 will
1421 3204 28 23 be
1461 3212 43 16 one
1516 3205 102 23 hundred
1634 3205 43 24 and
1696 3205 77 31 eighty
1787 3205 49 24 -feet
1844 3213 7 21 ;

1272 3245 26 15 so
1310 3237 48 23 that
1368 3238 18 23 it
1396 3237 46 24 will
1453 3238 29 23 be
1496 3246 54 16 seen
1569 3238 30 31 by
1615 3238 64 32 ships
1698 3243 24 19 at
1743 3238 70 31 thirty
1829 3246 25 16 or

1272 3269 120 32 thirty-six
1402 3271 73 23 miles'
1485 3271 109 28 distance,
1614 3272 45 23 and
1677 3271 45 24 will
1740 3279 70 23 prove
1830 3271 25 24 of

1272 3303 122 31 important
1404 3304 87 24 service
1502 3304 116 31 generally
1628 3304 23 23 in
1667 3304 38 24 the
1724 3305 128 30 navigation

1272 3336 26 23 of
1307 3336 63 23 these
1381 3344 59 17 seas.
1442 3349 33 5 —
1475 3336 131 25 Extracted
1611 3337 70 30 from
1698 3344 15 15 a
1727 3336 82 31 speech
1827 3337 30 31 of

1271 3368 37 24 the
1321 3368 114 25 Governor
1443 3369 31 32 of
1489 3369 103 24 Western
1602 3368 129 26 Australia.

1301 3406 218 27 Labour-saving
1542 3406 136 25 Machine.
1681 3420 32 5 —
1714 3408 50 24 The
1787 3407 64 27 Ban-

1270 3446 44 25 ger
1326 3439 68 32 Whiff
1404 3449 53 23 says
1465 3449 7 15 :
1474 3453 33 5 —
1565 3439 97 25 Yankee
1672 3441 23 23 in
1707 3441 89 24 Boston
1808 3441 43 23 has

1271 3477 75 27 setup
1358 3481 13 16 a
1382 3482 42 15 one
1436 3474 67 24 horse
1514 3473 120 32 thrashing
1642 3473 111 29 machine,
1766 3474 35 23 for
1813 3474 40 23 the

1272 3507 146 23 convenience
1430 3507 26 24 of
1464 3511 92 28 parents
1568 3507 44 23 and
1630 3506 122 31 guardians
1768 3507 87 31 having

1272 3539 80 31 uuruly
1374 3539 64 32 boys.
1481 3539 65 25 He'll
1555 3539 68 27 .lick-
1639 3547 30 16 an
1695 3539 83 24 urchin
1806 3539 49 24 like

1273 3572 95 24 thunder
1384 3573 36 23 for
1437 3573 131 31 fourpenco.
1604 3572 75 25 Small
1696 3573 90 31 licking
1796 3572 58 25 done

1270 3605 35 24 for
1369 3610 71 20 cents,
1453 3606 61 32 only,
1527 3606 44 24 aud
1585 3605 37 25 the
1634 3610 59 20 most
1702 3606 72 24 entire
1785 3606 68 24 satis-

1270 3638 83 24 faction
1361 3639 130 25 warranted.
1528 3637 131 32 Somebody
1665 3638 45 24 will
1716 3639 28 23 be
1756 3640 98 30 starting

1271 3679 14 15 a
1294 3678 75 25 penny
1380 3673 134 31 opposition,
1524 3673 44 23 and
1581 3672 7 12 c
1595 3671 49 26 lick
1653 3671 6 11 '
1670 3671 31 24 all

1305 3703 68 25 How
1395 3712 32 17 to
1448 3711 73 19 keep
1543 3705 129 25 Mab-ribd
1694 3699 71 31 hvek
1781 3712 73 18 xrom

1272 3737 173 25 Stagnation.
1447 3750 34 6 —
1481 3738 76 24 When
1576 3746 44 23 yon
1639 3745 38 18 are
1698 3737 108 30 married,
1826 3738 29 24 be

1272 3776 52 20 sure
1335 3770 43 24 and
1395 3774 40 29 try
1444 3775 23 19 to
1487 3771 41 24 fall
1545 3775 41 20 ont
1604 3771 54 24 with
1675 3777 58 26 your
1750 3770 106 26 husband

1272 3809 49 17 now
1331 3801 46 25 and
1387 3803 62 24 then.
1485 3803 40 24 Oh
1531 3804 9 23 !
1551 3804 39 25 it's
1609 3804 42 29 the.
1658 3808 61 20 most
1733 3802 122 37 delightful

1273 3834 65 32 thing
1359 3835 23 24 in
1404 3835 39 25 the
1464 3836 74 24 world
1557 3841 24 20 to
1600 3836 69 26 make
1688 3836 20 24 it
1724 3843 34 24 up
1769 3836 84 31 .again.

1274 3867 64 25 He'll
1348 3867 28 24 be
1387 3875 26 17 so
1423 3867 56 25 fond
1490 3869 69 31 again
1569 3869 28 24 of
1608 3876 47 25 ypn
1665 3868 25 24 af
1688 3871 33 21 ter
1729 3876 16 16 a
1752 3866 101 35 tjjjatrjeU

1274 3899 12 25 1
1298 3899 57 25 used
1364 3900 111 32 to'say'to
1493 3901 56 24 dear
1569 3901 94 24 Cromer
1684 3898 61 33 (that
1757 3908 48 17 was
1816 3907 39 25 my

1274 3933 48 24 first
1338 3932 115 32 husband)
1465 3933 50 25 that
1532 3933 65 25 those
1615 3941 60 18 were
1694 3934 38 24 the
1749 3932 107 32 happiest

1878 142 67 23 hours
1963 149 31 16 we
2014 150 52 15 ever
2086 148 64 24 spent
2170 143 110 31 together.
2303 147 2 5 '
2316 144 23 24 It
2357 153 46 17 was
2423 155 26 16 so

1878 174 98 31 pleasant
1987 178 23 19 to
2020 176 31 22 sit
2067 174 71 29 d6wn,
2151 177 42 23 and
2213 181 23 19 to
2255 177 96 30 quarrel,
2364 179 44 24 and
2427 184 22 18 to

1878 207 64 23 know
1953 207 30 23 all
1995 207 36 23 the
2051 207 64 24 while
2135 208 46 23 that
2197 209 87 24 neither
2296 210 25 24 of
2334 219 29 16 us
2375 217 75 18 meant

1878 240 114 30 anything.
2027 240 66 23 Then
2110 245 23 18 to
2154 241 36 23 tell
2211 250 53 16 over
2279 243 50 23 how
2347 244 53 24 fond
2417 252 34 16 we

1878 279 55 17 were
1952 273 24 22 of
1998 280 43 16 one
2055 272 101 30 another,
2173 274 44 23 and
2238 282 26 17 so
2288 275 56 32 keep
2365 277 87 24 friends

1878 304 55 24 after
1943 305 18 22 it
1971 304 35 24 for
2016 313 14 15 a
2042 305 62 24 week
2116 313 25 16 or
2152 313 61 17 more
2223 311 25 19 at
2259 315 14 16 a
2284 310 61 27 time,
2357 310 59 23 until
2434 311 17 22 it

1878 343 37 26 got
1927 338 60 31 quite
1999 338 76 30 tiring.
2109 338 54 24 And
2181 339 54 23 then
2253 347 33 16 we
2302 341 43 23 had
2357 343 94 24 another

1878 371 93 30 quarrel.
2032 371 47 23 But
2090 371 59 23 what
2160 371 63 24 could
2236 380 45 22 you
2291 373 46 24 find
2349 379 22 19 to
2384 382 67 23 quar-

1878 403 31 23 rel
1920 403 67 23 about
1995 403 9 23 ?
2044 404 103 30 inquired
2168 404 80 23 Emma
2257 414 6 19 ;
2309 406 45 24 and
2373 407 21 23 if
2406 413 46 25 you

1879 442 57 16 were
1948 435 81 31 always
2040 443 26 16 so
2075 437 74 29 happy
2157 437 64 23 when
2232 445 28 16 on
2270 438 95 32 friendly
2375 444 77 24 terms,

1878 468 48 30 why
1938 467 35 24 did
1985 475 44 24 you
2039 468 54 24 seek
2103 474 23 18 to
2137 470 25 22 be
2170 470 116 24 otherwise
2296 472 11 22 ?
2374 472 77 26 Quar-

1878 501 30 23 rel
1919 501 67 23 about
1994 501 11 23 ?
2043 501 83 24 echoed
2137 501 38 24 the
2185 503 85 29 widow,
2284 504 53 30 only
2348 505 105 31 catching

1878 538 21 18 at
1909 534 38 23 the
1957 534 51 23 first
2015 538 112 20 sentence.
2175 535 66 24 Bless
2251 545 44 22 you
2305 538 6 23 !
2324 537 111 32 anything
2442 546 8 21 ;

1878 565 79 24 there's
1968 566 95 31 nothing
2074 567 22 23 in
2109 567 37 23 the
2158 568 66 23 world
2237 576 61 16 more
2310 578 61 23 easy,
2385 571 64 24 when

1878 599 76 30 you've
1972 606 55 16 once
2048 599 64 23 made
2129 607 30 24 up
2177 608 56 22 your
2253 602 63 23 mind
2334 607 22 19 to
2377 603 27 23 do
2424 604 27 23 it.

1878 631 95 25 Quarrel
1984 631 69 23 about
2062 632 10 23 1
2098 632 67 31 Why,
2177 633 13 23 I
2209 634 57 24 used
2278 639 22 19 to
2312 642 62 17 come
2387 636 66 23 down

1878 666 72 26 stairs,
1963 663 43 24 and
2018 665 30 22 sit
2064 664 34 24 for
2110 672 28 16 an
2156 665 55 24 hour
2224 673 24 16 or
2261 671 50 25 two,
2324 668 43 23 and
2379 673 39 19 not
2430 674 23 18 to

1878 698 68 30 speak
1958 701 22 19 to
1991 696 55 24 him.
2083 697 64 24 Then
2161 698 25 23 he
2199 699 55 23 used
2267 704 22 18 to
2301 700 43 24 ask
2354 708 37 16 me
2403 702 19 23 if
2440 701 11 24 [

1878 738 44 15 was
1934 729 32 24 ill.
2002 729 53 24 And
2069 730 11 23 I
2093 731 55 22 used
2160 736 21 18 to
2193 739 49 23 say,
2256 732 20 23 if
2290 732 28 25 he
2330 741 46 16 was
2389 739 39 18 not
2439 743 14 14 a

1878 764 71 27 brute,
1961 763 26 22 he
2001 762 71 24 would
2085 763 65 23 know
2163 765 92 23 without
2267 765 90 32 asking.
2386 767 66 23 Then

1878 796 26 23 he
1916 795 53 24 used
1982 800 21 19 to
2015 804 28 22 go
2064 796 43 23 and
2126 797 59 23 fetch
2207 799 22 22 in
2248 806 43 15 one
2311 799 66 31 thing
2396 801 57 22 after

1878 829 97 29 another,
1999 828 40 24 but
2062 837 67 16 never
2151 830 67 31 bring
2241 832 59 22 what
2322 832 11 23 1
2357 833 96 23 wanted.

1878 862 50 24 And
1943 861 11 24 I
1966 862 54 23 used
2033 866 22 19 to
2067 870 47 23 say,
2128 863 20 23 if
2163 863 25 23 he
2202 864 43 23 had
2266 872 44 23 any
2324 865 89 31 feeling,
2426 866 29 23 he

1878 894 70 24 would
1959 894 56 23 have
2034 895 97 31 brought
2149 896 58 23 what
2226 897 12 23 I
2258 898 84 23 needed
2354 903 23 18 at
2394 898 58 24 first.

1878 928 64 24 Then
1955 927 27 23 he
1994 927 54 23 used
2060 932 23 19 to
2095 934 38 25 get
2151 934 38 18 out
2208 929 24 24 of
2248 935 94 25 temper,
2356 931 44 23 and
2413 939 42 23 say

1878 961 11 23 I
1902 960 78 23 should
1992 960 55 23 have
2060 961 46 23 told
2118 961 54 24 him.
2207 962 55 23 And
2278 963 49 23 that
2338 971 46 15 was
2396 964 58 23 what

1878 993 11 24 I
1903 993 92 28 wanted,
2008 993 34 23 for
2060 993 54 24 then
2133 1002 32 16 we
2183 995 74 30 began
2276 1000 23 19 to
2318 995 39 25 fall
2379 1001 39 19 out
2429 997 24 23 in

1878 1026 123 30 downright

1910 1065 108 23 Fishing
2036 1065 94 24 Bears.
2132 1078 32 5 —
2166 1065 92 33 During
2274 1066 39 25 the
2331 1066 79 33 height
2432 1068 26 24 of

1878 1097 36 24 the
1933 1097 83 31 fishing
2032 1105 80 17 season
2124 1100 23 22 in
2161 1098 172 31 Kamtscbatka,
2353 1101 39 23 the
2408 1101 47 24 sal-

1878 1138 50 16 mon
1942 1131 18 22 is
1971 1139 25 14 so
2008 1131 103 31 plentiful
2121 1133 22 22 in
2152 1132 29 23 all
2193 1132 37 24 the
2240 1133 71 23 rivers
2323 1134 45 23 and
2375 1134 79 24 creeks

1878 1164 23 23 of
1910 1164 48 23 that
1969 1169 93 25 country
2072 1165 47 23 that
2130 1166 38 22 the
2179 1166 65 23 bears
2255 1167 64 23 catch
2331 1167 61 24 them
2402 1167 53 24 with

1878 1197 36 23 the
1926 1201 98 26 greatest
2031 1204 59 23 ease,
2102 1198 44 23 and
2156 1199 41 22 will
2210 1199 54 23 then
2276 1200 53 30 only
2337 1206 36 17 eat
2382 1201 24 22 of
2415 1200 39 24 the

1878 1229 67 24 heads
1954 1230 41 23 and
2006 1230 78 24 backs.
2119 1231 50 23 The
2182 1231 197 25 Karatschetdales
2392 1240 59 23 says,

1878 1263 48 23 that
1937 1270 13 16 a
1961 1262 62 31 large
2034 1263 54 23 bear
2100 1264 44 23 will
2156 1265 56 30 spoil
2220 1265 57 23 from
2291 1267 30 22 25
2335 1270 22 19 to
2368 1267 33 23 30
2413 1267 44 23 fish

1878 1296 24 23 of
1916 1304 13 15 a
1941 1296 70 30 night.
2054 1296 35 23 As
2100 1296 38 24 the
2145 1304 79 16 season
2236 1297 111 25 advances
2359 1300 43 22 and
2415 1300 38 23 the

1878 1328 41 24 fish
1924 1333 39 26 get
1973 1336 93 21 scarcer,
2076 1329 36 23 the
2124 1330 63 24 bears
2199 1331 105 23 becomes
2316 1332 45 23 less
2373 1332 77 24 choice

1878 1362 23 23 in
1919 1362 57 23 their
1988 1362 129 24 selections.

1911 1401 114 23 Chinese
2038 1401 124 25 Customs.
2165 1414 31 4 —
2197 1401 52 24 The
2261 1402 98 25 Chinese
2371 1403 28 24 do
2411 1408 40 20 not

1878 1434 55 31 bury
1946 1434 57 23 their
2016 1434 54 23 dead
2083 1434 33 23 till
2125 1435 38 23 the
2171 1435 41 30 day
2222 1435 170 25 twelvemonths
2399 1437 57 24 after

1878 1467 57 23 their
1947 1467 90 23 decease
2046 1476 6 19 ;
2072 1467 41 23 but
2132 1467 57 32 keep
2208 1468 61 25 them
2286 1469 30 24 all
2335 1470 45 23 this
2398 1471 57 23 time

1879 1501 21 23 in
1913 1500 77 23 coffins
2004 1500 22 22 in
2039 1507 62 17 some
2113 1506 50 25 part
2174 1501 25 23 of
2213 1501 58 24 their
2284 1502 90 29 houses,
2396 1503 56 24 hav-

1878 1534 39 30 ing
1927 1533 128 31 previously
2066 1533 63 24 dried
2140 1534 58 24 them
2210 1534 30 31 by
2253 1543 78 16 means
2343 1536 27 23 of
2386 1536 72 31 quick

1878 1566 51 23 lime
2030 1566 93 31 During
2131 1567 30 23 all
2173 1568 44 22 this
2225 1568 54 23 time
2292 1568 48 24 that
2349 1569 38 23 the
2398 1569 59 31 body

1879 1600 18 22 is
1909 1599 118 30 preserved
2037 1601 23 21 in
2069 1599 38 24 the
2119 1600 76 28 house,
2210 1605 59 18 meat
2280 1609 29 15 an
2319 1603 4 21 I
2334 1601 67 24 drink
2413 1610 38 17 are

1879 1637 34 19 set
1924 1632 76 24 before
2009 1633 19 22 it
2039 1639 67 24 every
2117 1632 43 32 day
2167 1642 6 18 ;
2187 1633 44 24 and
2243 1634 20 23 if
2272 1634 52 31 they
2337 1635 45 24 fine
2394 1635 64 25 these

1878 1674 57 22 gone
1948 1665 21 23 in
1979 1666 38 22 the
2032 1667 111 29 morning,
2164 1667 52 30 they
2234 1668 99 30 imagine
2351 1668 49 23 that
2417 1669 38 23 the

1879 1699 55 23 dead
1956 1706 81 23 person
2059 1698 42 24 has
2124 1700 119 23 consumed
2266 1700 70 25 them.
2390 1701 66 32 They

1879 1739 78 16 mourn
1966 1732 81 30 during
2058 1731 62 24 three
2128 1733 69 22 whole
2204 1740 66 24 years
2277 1742 7 20 ;
2298 1734 44 24 and
2349 1735 102 24 whoever

1879 1769 150 26 transgresses
2051 1764 46 24 this
2118 1764 50 30 law,
2189 1766 17 23 is
2225 1768 112 29 punished
2353 1768 54 23 with
2417 1768 38 24 the

1879 1798 93 24 bamboo
2116 1798 50 24 The
2180 1799 113 31 Emperor
2311 1808 102 16 reserves
2431 1806 23 18 to

1879 1830 91 25 himself
1984 1831 39 23 the
2044 1838 108 17 revenues
2173 1833 85 31 arising
2277 1833 55 24 from
2348 1834 39 23 the
2399 1834 55 24 salt-

1880 1865 79 27 mines,
1981 1863 43 25 and
2043 1863 64 25 those
2127 1865 71 24 which
2223 1874 38 15 are
2284 1867 91 24 derived
2397 1867 58 24 from

1880 1898 138 30 impositions
2029 1905 59 23 upon
2099 1906 13 15 a
2123 1899 83 23 certain
2218 1898 56 25 herb
2294 1900 71 24 called
2384 1900 72 29 Tcha,

1881 1930 71 24 which
1964 1930 51 31 they
2025 1930 68 24 drink
2104 1931 53 23 with
2164 1931 39 24 hot
2210 1937 76 24 water,
2297 1933 44 24 and
2349 1934 27 23 of
2385 1933 72 24 which

1880 1968 49 19 vast
1940 1963 119 30 quantities
2077 1971 39 16 are
2135 1964 49 26 spld
2200 1966 25 21 in
2246 1965 30 24 all
2295 1966 38 24 the
2350 1968 65 22 cities
2434 1968 24 22 in

1881 1996 80 24 China.
1997 1995 56 24 This
2063 1996 20 23 is
2095 1997 111 30 produced
2218 1997 58 25 from
2287 2006 14 16 a
2312 1999 70 24 shrub
2394 2007 63 16 more

1879 2029 74 31 bushy
1964 2028 52 24 than
2036 2029 37 23 the
2093 2031 221 29 pomegranite-tree,
2333 2032 45 24 and
2399 2033 25 23 of
2444 2041 14 15 a

1880 2070 60 16 more
1959 2062 100 31 pleasant
2079 2062 73 30 smell,
2170 2063 40 24 but
2227 2064 85 32 having
2328 2073 15 15 a
2359 2065 58 24 kind
2434 2066 25 23 of

1879 2095 101 24 bitterish
1990 2100 65 18 taste.
2091 2095 49 24 The
2152 2103 47 25 way
2211 2097 26 23 of
2252 2098 67 30 using
2338 2098 44 24 this
2401 2098 56 25 herb

1879 2130 28 27 is,
1919 2133 23 19 to
1954 2136 54 22 pour
2016 2128 87 31 boiling
2114 2134 68 19 water
2192 2138 60 23 upon
2265 2130 38 24 the
2318 2131 83 30 leaves,
2413 2131 45 25 and

1880 2163 36 22 the
1928 2162 97 23 infusion
2037 2169 65 16 cures
2114 2162 29 23 all
2162 2162 110 25 disseases
2408 2165 50 24 The

1879 2194 84 24 islands
1975 2195 25 23 of
2015 2194 49 24 Sila
2075 2203 37 15 are
2123 2196 115 24 inhabited
2247 2197 30 30 by
2289 2197 66 24 white
2369 2199 87 31 people,

1879 2228 48 24 who
1938 2228 55 23 send
2005 2233 103 25 presents
2119 2232 22 19 to
2153 2229 38 24 the
2202 2229 113 32 Emperor
2334 2231 25 24 of
2375 2231 80 29 China,

1880 2262 42 23 and
1933 2261 47 23 who
1989 2269 37 15 are
2038 2262 125 29 persuaded
2178 2263 47 23 that
2241 2263 21 23 if
2284 2263 54 32 they
2356 2272 58 16 were
2433 2269 22 19 to

1881 2295 86 29 neglect
1978 2295 52 28 this,
2046 2293 38 24 the
2103 2296 49 22 rain
2171 2296 24 23 of
2216 2295 85 25 heaven
2322 2298 74 23 would
2418 2302 40 19 not

1881 2328 37 24 fall
1929 2336 59 22 upon
2001 2327 57 24 their
2071 2333 102 26 country.
2178 2342 29 3 —
2209 2328 96 24 Travels
2324 2330 29 29 of
2366 2338 14 16 a
2399 2328 57 26 Ma-

1880 2361 110 29 homedan,
2002 2359 115 24 Tnveller
2127 2360 23 23 in
2163 2361 35 24 the
2208 2361 76 24 Ninth
2298 2363 106 31 Century.

1912 2394 57 24 The
2041 2393 175 25 Guadeloupe
2291 2396 63 24 Iron
2392 2397 67 24 War

1881 2428 130 23 Steamer.
2013 2439 33 4 —
2048 2426 72 31 Many
2156 2427 26 24 of
2211 2436 42 16 our
2264 2422 3 8 '
2288 2429 90 24 readers
2413 2430 46 24 will

1881 2460 122 24 remember
2023 2460 45 23 this
2088 2460 108 24 beautiful
2216 2462 49 24 iron
2286 2470 45 16 war
2353 2469 105 23 steamer,

1880 2494 56 23 built
1944 2494 31 30 by
1987 2493 46 24 Mr.
2042 2493 59 23 John
2110 2493 77 30 Laird,
2196 2495 24 23 of
2229 2495 66 23 north
2305 2496 153 30 Birkenhead,

1881 2527 33 23 for
1936 2527 38 23 the
2002 2526 108 24 Mexican
2141 2528 163 24 Government.
2340 2530 48 23 She
2415 2538 44 15 was

1881 2560 94 24 manned
1985 2560 30 30 by
2033 2568 26 14 an
2079 2560 99 30 English
2197 2568 60 16 crew
2269 2562 45 23 and
2333 2563 125 29 engineers,

1881 2593 42 24 and
1944 2592 143 24 commanded
2107 2593 28 30 by
2146 2593 137 25 Lieutenant
2305 2595 153 29 Charlewood,

1883 2627 62 23 R.N.
1982 2626 38 24 On
2032 2627 99 30 arriving
2149 2631 23 19 at
2182 2627 61 24 Vera
2263 2628 61 23 Cruz
2336 2628 48 30 she,
2406 2629 53 24 with

1882 2661 35 22 the
1936 2659 36 24 old
1985 2658 51 30 City
2050 2658 30 32 of
2094 2658 86 25 Dublin
2193 2665 104 25 steamer,
2317 2662 86 23 formed
2422 2662 37 24 the

1881 2693 88 30 leading
1980 2692 82 23 vessels
2075 2693 23 23 in
2110 2700 28 16 an
2157 2693 126 31 expedition
2297 2695 125 31 consisting
2437 2695 22 24 of

1882 2728 73 26 2,000
1963 2733 50 16 men
2023 2726 89 30 against
2117 2725 113 29 Yucatan,
2240 2727 72 24 which
2320 2727 44 24 had
2375 2728 84 24 thrown

1882 2759 32 23 off
1928 2759 38 23 the
1975 2759 107 23 Mexican
2091 2758 66 32 yoke,
2166 2759 43 24 and
2215 2763 36 20 set
2263 2768 30 24 up
2301 2768 25 16 as
2338 2769 13 15 a
2359 2761 100 31 republic

1882 2800 27 15 on
1920 2792 30 23 its
1963 2799 45 16 own
2022 2796 101 19 account.
2164 2792 49 25 The
2225 2794 136 30 expedition,
2375 2795 84 30 mainly

1881 2826 73 30 owing
1964 2829 21 19 to
1997 2824 38 24 the
2053 2825 117 32 efficiency
2181 2826 23 23 of
2218 2825 39 24 the
2277 2831 117 25 steamers,
2415 2836 44 16 was

1882 2858 129 31 completely
2021 2858 131 24 successful.
2188 2858 104 25 Yucatan
2300 2867 46 17 was
2356 2860 103 31 deprived

1881 2891 24 23 of
1920 2891 41 23 her
1972 2898 66 23 navy,
2049 2890 42 23 and
2103 2890 37 24 the
2152 2891 70 24 whole
2230 2897 62 19 coast
2303 2893 79 30 placed
2391 2894 68 24 under

1881 2925 36 22 the
1929 2923 115 24 command
2053 2923 24 24 of
2088 2923 98 24 Mexico.
2220 2924 57 24 Iron
2289 2926 170 24 steam-vessels

1881 2958 25 22 of
1919 2965 45 15 war
1975 2963 36 17 are
2022 2956 53 24 thus
2086 2957 92 30 playing
2185 2965 23 15 as
2220 2959 150 30 conspicuous
2384 2967 14 15 a
2409 2964 50 27 part

1880 2991 23 22 in
1914 2990 43 23 the'
1963 2989 65 24 naval
2038 2997 56 15 wars
2107 2990 24 23 of
2145 2990 38 23 the
2201 2995 94 19 western
2313 2999 25 16 as
2350 2992 53 32 they
2413 2999 46 18 .are

1880 3024 23 23 in
1931 3023 64 23 those
2018 3022 26 23 of
2069 3022 38 24 the
2130 3027 86 20 eastern
2243 3031 59 17 seas.
2304 3037 34 5 —
2338 3024 121 33 Liverpool

1881 3055 91 24 Albion.

1913 3095 71 24 High
2019 3093 87 25 Taxes
2134 3102 54 16 and
2218 3095 155 26 Monopoly.
2374 3109 30 7 —
2404 3097 55 24 'The

1880 3133 96 25 tonnage
1987 3126 24 25 of
2026 3128 38 23 tho
2078 3127 86 25 United
2185 3128 126 31 Kingdom,
2324 3137 30 16 on
2364 3130 39 24 the
2424 3132 35 22 Ist

1881 3161 23 23 of
1929 3161 100 30 January
2052 3162 74 27 1842,
2155 3161 107 31 counting
2284 3163 32 24 all
2343 3163 116 24 merchant

1881 3194 83 24 vessels
1976 3194 69 23 above
2065 3195 33 23 50
2110 3198 58 25 tons,
2189 3201 45 17 was
2246 3197 134 28 2,668,732
2400 3201 59 19 tons.

1881 3227 50 24 The
1938 3227 120 24 American
2065 3231 105 27 tonnage,
2179 3235 29 16 on
2215 3227 38 25 the
2261 3229 59 24 30th
2329 3229 130 33 September

1880 3260 51 29 last,
1944 3260 107 32 counting
2060 3259 30 24 all
2102 3260 69 25 above
2193 3263 31 22 20
2236 3266 53 19 tons
2299 3262 95 30 burden,
2415 3270 44 17 was

1881 3293 139 28 2,180,764.
2055 3292 90 25 Excess
2156 3293 26 24 of
2198 3294 86 24 British
2298 3300 98 26 tonnage
2408 3302 51 18 over

1880 3326 128 28 American,
2021 3326 53 32 only
2086 3327 120 29 487,968,
2237 3327 52 26 The
2300 3328 88 26 British
2408 3333 50 20 ton-

1880 3367 57 23 nage
1956 3359 20 23 is
1996 3361 108 27 115,029
2125 3365 52 19 tons
2194 3360 45 24 less
2262 3361 55 24 than
2337 3362 19 23 it
2372 3369 46 17 was
2434 3362 25 24 in

1883 3394 62 23 1835
1954 3393 6 23 !
1995 3392 51 24 The
2056 3393 123 24 American
2191 3398 105 27 tonnage,
2304 3402 30 17 on
2345 3394 39 25 the
2394 3394 65 26 other

1879 3425 68 26 hand,
1959 3424 42 25 has
2010 3426 118 24 increased
2138 3427 70 23 about
2217 3428 109 23 400,000
2335 3431 59 20 tons.

1921 3492 94 21 Latest
2027 3492 85 21 Dates
2127 3492 30 21 of
2172 3492 102 23 Papers
2288 3492 132 22 received.

1881 3526 97 22 London
2288 3526 137 21 November'
2436 3526 25 23 2o

1881 3556 85 23 Nelson
2288 3554 56 30 May
2434 3558 27 23 20

1882 3587 121 26 Auckland
2188 3602 11 9 ».
2293 3587 54 28 May
2436 3590 25 22 20

1882 3620 47 28 Bay
1939 3619 28 23 of
1975 3620 87 24 Islands
2288 3619 101 23 October
2446 3621 15 23 $

1881 3651 92 28 Sydney
2213 3648 16 24 ,\
2238 3664 5 6 .
2251 3664 6 6 .
2290 3649 55 31 May
2432 3652 29 22 '17

1882 3682 49 24 Van
1942 3682 118 24 Dioman'i
2069 3682 67 24 Land
2289 3681 65 32 April
2450 3684 11 22 6

1873 3711 153 31 !*ortPhiHip
2168 3717 85 17 ;...:..
2285 3713 67 28 Apnl
2437 3714 24 25 12

1880 3745 112 24 Adelaide
2287 3744 82 25 March
2448 3747 13 22 3

1976 3805 114 20 AGENTS
2103 3805 58 20 FOR
2180 3803 68 22 THIS
2262 3793 104 32 PAPER.

1872 3834 2 27 I
1902 3840 38 19 Mr-
1950 3837 126 25 BURpHAM
2084 3848 79 7 .........
2168 3836 76 19 Petoni.
2382 3852 5 5 .
2426 3847 2 7 ,

1902 3866 38 21 M*.
1950 3865 23 18 C.
1983 3862 112 21 ELLlOTT,
2098 3859 358 30 \ara«ln«rOffl«,N«»6^B(tV*jfc.f

1902 3891 31 18 Mr
1935 3902 6 6 .
1949 3890 20 19 S.
1976 3890 23 18 B.
2006 3888 91 19 BAINBS
2171 3886 46 20 New
2223 3888 105 23 Plymouth
2331 3901 8 10 r
2340 3890 98 20 T*fahakt
2440 3904 6 7 .

1902 3916 38 19 Mr.
1950 3915 27 19 H.
1986 3913 122 21 CHURTON
2173 3909 117 29 \pugftnuil

1903 3942 37 19 Mr.
1951 3941 31 19 W.
1992 3937 99 23 WILSON
2110 3951 57 7 ......
2171 3939 43 23 B*y
2218 3939 25 20 of
2250 3940 87 20 isl&nds.

186 3371 165 25 NELSON
374 3372 122 24 NEWS.
