2550 4020
601 318 130 33 PORT
752 317 287 38 NICHOLSON,
1060 306 261 44 SATURDAY
1341 315 239 41 MORNING,
1601 318 148 33 APRIL
1772 322 51 34 18,
1847 322 91 31 1840.

60 324 64 34 No.
143 322 47 40 2.]

1222 37 100 32 THE

62 99 452 134 NEW
634 91 845 142 ZEALAND
1594 96 856 143 GAZETTE.

2323 320 101 42 [Vol.
2446 324 29 31 I.

668 411 84 22 NEW
768 409 170 24 ZEALAND
955 411 100 22 LAND
1070 410 183 23 COMPANY.

749 463 130 24 Governor:
893 463 49 24 The
952 464 65 23 Earl
1026 471 29 16 of
1063 464 115 23 Durham.

715 496 93 29 Deputy
961 497 89 23 Joseph
1060 497 82 28 Somes,
1153 497 59 29 Esq..
1236 517 5 3 .

759 540 5 17 j
787 543 7 14 :
826 525 7 7 *
896 531 129 24 Directors:
1074 538 96 14 *...■-
1228 549 31 4 ...

722 557 61 23 Lord
792 557 73 29 Petre,
946 581 3 3 .
1003 565 10 6 -
1110 557 5 13 ;
1159 583 8 3 .

723 584 62 23 Hon.
792 585 95 23 Trancia
895 585 91 28 Baring,
997 585 69 27 M.P.,
1096 583 39 22 '*-
1208 602 5 9 ,

722 610 63 23 John
794 611 108 23 Ellorker.
905 611 112 27 Boulcott,
1031 612 60 28 Esq.,

722 637 62 23 John
793 637 98 24 William
900 638 94 28 Buckle,
1004 638 62 28 Esq.,
1101 652 4 4 ■

723 663 90 24 Russell
822 664 78 27 Ellice,
911 665 63 32 Esq.,

722 690 79 23 James
809 690 80 24 Brodie
899 691 101 31 Gordon,
1009 691 62 28 Esq.,

721 717 99 23 Thomas
829 717 67 23 Alers
904 717 105 28 HanKey,
1020 717 62 28 Esq.,

722 743 100 23 William
830 743 67 29 Hutt,
908 744 53 23 Ew.
961 756 19 16 v
980 745 70 26 MiP.,

721 769 95 23 Stewart
825 769 161 30 MajoriEanks,
996 771 62 28 Esq.,

721 797 36 22 Sir
765 797 37 22 W.
812 795 152 25 Molesworthl
975 798 68 28 Bart.,
1055 797 68 28 M.P.,

722 823 133 26 Alexander.
862 824 80 27 Nairn,
952 825 61 27 Esq.,

721 850 63 24 John
794 851 65 28 Pirie,
869 851 62 28 Esq.,
942 851 133 27 Alderman;

722 877 36 23 Sir
767 878 89 27 George
864 878 174 25 SincTair.-B.art.
1034 882 7 7 r
1039 887 9 18 j
1057 878 69 27 M.P.,
1195 891 3 3 -
1214 889 15 6 -
1236 886 3 3 -

722 904 62 22 John
794 904 59 22 Abel
862 904 80 27 Smith,
953 905 61 26 Esq.,
1025 905 69 26 M.P.,

710 939 5 2 -
721 930 61 22 Wm.
791 930 136 27 Thompson,
938 930 61 27 Esq.,
1010 930 132 28 Alderman,
1153 930 67 27 M.P.,

722 957 35 21 Sir
766 956 80 33 Henry
856 956 79 27 Webb,
947 956 69 28 Bart.,
1034 974 3 3 .

722 982 87 23 Arthur
819 981 78 29 Willis,
907 983 62 29 Esq.,

721 1009 90 28 George
821 1009 120 23 Frederick
950 1011 88 26 Young,
1049 1009 53 29 Esq.

668 1042 112 23 Bankers:
795 1042 91 22 Messrs.
900 1042 83 28 Smith,
999 1042 86 28 Payne,
1100 1043 45 23 and
1152 1044 102 27 .Smiths,

829 1068 47 24 and
882 1068 93 24 Messrs.
982 1068 109 25 Wright.

669 1134 91 24 riIHE
777 1136 114 22 Directors
905 1135 28 23 of
947 1135 38 23 the
1003 1135 54 23 New
1075 1135 100 24 Zealand
1190 1136 66 22 Land

676 1158 29 27 X
742 1162 117 28 Company
873 1162 86 28 hereby
971 1162 52 28 give
1039 1163 82 25 notice,
1138 1162 48 23 that
1201 1162 55 28 they

668 1188 57 23 have
731 1195 113 17 effected
853 1197 31 14 an
895 1196 172 15 arrangement
1074 1188 54 23 with
1135 1188 38 23 the
1179 1190 76 21 Union

668 1215 65 23 Bank
747 1216 28 22 of
791 1216 119 27 Australia,
926 1215 45 23 No.
986 1217 35 26 38,
1037 1216 46 22 Old
1096 1216 158 26 Broad-street,

668 1242 101 28 London,
781 1242 34 22 for
825 1242 37 23 the
872 1242 170 23 establishment
1055 1242 26 23 of
1097 1250 14 15 a
1124 1242 140 23 BRANCH.

668 1269 88 22 BANK
772 1268 35 23 IN
821 1268 72 23 NEW
906 1269 161 28 ZEALAND,
1077 1269 96 28 through
1182 1269 73 22 which

668 1295 37 22 the
714 1296 102 22 business
830 1296 26 21 of
870 1296 39 21 the
922 1296 59 22 New
996 1296 100 23 Zealand
1110 1296 65 22 Land
1189 1296 66 22 Com-
1263 1295 2 29 j

667 1329 61 21 pany
736 1322 46 22 will
790 1322 28 23 be
828 1322 136 23 transacted.
991 1322 49 23 The
1053 1322 115 23 Directors
1181 1322 74 23 there-

667 1350 47 21 fore
723 1349 146 22 recommend
882 1352 23 19 to
921 1349 111 22 Colonists
1048 1349 38 22 the
1101 1350 75 22 Union
1190 1349 66 22 Bank

667 1375 27 22 of
714 1376 113 22 Australia
844 1383 25 15 as
889 1383 29 14 an
938 1376 171 22 establishment
1119 1398 5 3 ,
1131 1377 126 27 possessing

668 1402 58 23 their
742 1404 73 21 entire
832 1402 139 28 confidence,
990 1402 47 23 and
1054 1402 52 23 able
1124 1406 23 19 to
1164 1402 91 25 provide

667 1428 128 29 effectually
806 1430 35 21 for
855 1429 38 22 the
907 1429 108 23 financial
1022 1432 79 20 .wants
1114 1430 26 22 of
1157 1427 36 25 the
1208 1430 49 22 first

667 1455 136 24 settlement.

830 1482 34 28 By
874 1482 66 23 order
949 1482 27 23 of
987 1482 37 23 the
1034 1482 80 28 Board,

916 1516 86 22 JOHN
1016 1516 103 28 WARD,
1131 1516 124 28 Secretary.

667 1550 56 23 New
728 1550 104 26 .Zealand
842 1550 65 23 Land
917 1551 136 27 Company's
1064 1551 78 27 Office,

668 1598 4 3 .
695 1579 19 26 1,
724 1577 162 28 Adam-street,
895 1577 108 29 Adelphi,
1017 1578 53 23 27th
1080 1578 67 27 Aug.,
1159 1578 60 22 1839.

1332 409 71 23 TBS
1417 411 206 21 SURVEYOR-
1627 411 195 22 GENERAL'S
1874 427 4 3 .

1447 437 255 22 DEPARTMENT.

1329 470 115 22 ERSONS
1451 470 86 28 having
1544 471 77 22 claims
1631 471 88 26 against
1728 470 40 24 this
1777 471 90 28 depart-

1344 500 64 19 ment
1416 505 38 15 are
1463 498 102 28 required
1575 500 22 20 to
1603 498 57 22 send
1667 498 24 22 in
1698 498 56 22 their
1759 501 109 19 accounts

1283 524 31 27 by
1323 524 121 22 Saturday
1453 531 68 22 next,
1534 524 38 22 the
1584 524 54 23 25th
1651 525 61 27 inst,
1727 527 20 20 to
1761 525 39 23 the
1813 525 54 23 Sur-

1284 550 183 28 veyor-General.
1488 555 5 4 '
1521 557 5 3 •
1636 565 143 4 ...

1311 576 62 29 April
1382 578 35 27 18,
1428 579 61 21 1840.

1309 609 42 54 l\
1385 622 4 3 '
1400 653 4 5 ,
1430 629 4 4 '
1505 633 141 22 NOTICE.
1702 615 4 37 !
1836 615 32 6 ~~

1276 669 3 6 '
1297 661 76 31 A'KL'
1385 663 138 25 PERSONS
1538 665 79 29 taking
1632 673 31 21 up
1676 665 59 24 their
1749 665 116 23 residence

1284 692 52 21 A.
1359 698 31 15 on
1399 691 38 23 the
1446 691 84 29 Beach,
1540 699 37 16 are
1586 692 123 30 requested
1714 696 21 19 to
1744 692 73 28 notify
1827 692 39 22 the

1284 715 126 25 samelwith
1415 717 58 23 their
1477 725 85 21 names,
1570 722 23 19 at
1599 719 45 23 this
1651 720 71 21 office.
1743 719 122 22 Removals

1284 744 57 23 from
1348 743 37 24 the
1396 745 76 23 Beach
1479 753 38 16 are
1527 749 23 19 to
1559 746 27 23 be
1598 746 95 23 notified
1706 746 23 23 in
1740 745 46 24 like
1801 753 64 16 man-

1284 777 49 16 ner;
1344 777 24 16 v
1471 790 3 3 .

1478 797 25 24 J*
1516 797 105 24 LEWIS.

1548 825 70 22 Chief
1626 825 74 27 Clerk,
1711 825 62 23 Land
1782 825 80 22 Office.

1310 850 52 26 Pprt
1369 849 132 30 Nicholson,
1512 851 65 28 April
1586 852 34 27 12,
1631 853 61 21 1840.
1726 864 3 13 :

1284 903 89 35 rpSIE
1387 904 227 23 UNDERSIGNED
1630 904 58 23 have
1704 905 31 22 for
1751 905 58 27 Sale,
1826 904 39 23 the

1291 927 32 26 JL
1322 945 13 17 ;l
1338 931 113 28 following
1458 932 173 27 consignments,
1636 939 40 21 per
1839 939 6 14 :

1311 958 83 32 Win^s,
1404 967 56 25 port,
1471 964 83 28 sherry,
1568 964 47 23 and
1630 964 114 28 Teneriffe,
1761 965 24 21 in
1801 965 66 22 wood

1284 989 46 24 and
1340 988 74 24 bottle.

1311 1017 83 27 Spirits,
1404 1017 94 29 brandy,
1508 1025 56 21 rum,
1576 1018 101 28 Geneva,
1690 1017 38 23 &c.

1311 1044 69 27 Stout,
1391 1044 24 22 in
1425 1044 63 23 hhds.

1312 1070 51 24 Palo
1372 1070 36 23 ale
1417 1072 46 21 and
1472 1074 65 24 stout,
1549 1071 93 23 bottled.

1312 1096 105 29 Vinegar,
1427 1098 106 28 mustard,
1544 1098 91 28 pickles,
1646 1098 40 22 &c.

1313 1123 64 22 Glass
1386 1124 46 22 and
1440 1124 158 23 earthenware.

1312 1150 102 23 Window
1424 1151 66 27 glass.

1312 1176 115 28 Blacking.

1312 1204 134 28 Stationery.

1312 1230 105 28 Wearing
1425 1231 90 29 apparel
1523 1230 57 24 from
1590 1238 62 16 some
1662 1231 26 22 of
1699 1230 33 23 the
1747 1231 49 22 first
1810 1231 60 22 Lon-

1286 1257 46 22 don
1341 1257 87 22 houses.

1312 1284 40 23 &c
1363 1284 41 23 &c.
1415 1285 41 23 &c.

1312 1316 63 29 They
1384 1324 38 16 are
1430 1317 47 23 also
1488 1317 129 29 purchasers
1627 1317 26 23 of
1664 1317 67 23 whale
1741 1317 37 28 oil,
1789 1317 81 23 whale-

1284 1343 66 29 bone,
1367 1343 63 29 wool,
1450 1344 47 23 flax
1517 1345 108 28 prepared
1643 1345 35 21 for
1695 1344 35 22 the
1749 1345 121 27 European

1285 1371 104 26 markets,
1407 1371 44 23 and
1466 1371 114 27 generally
1597 1371 27 22 of
1635 1371 34 22 -all
1688 1371 143 28 descriptions
1847 1371 26 21 of

1285 1397 61 22 New;
1350 1397 98 23 Zealand
1454 1398 97 28 produce
1557 1406 6 19 ;
1578 1398 47 22 and
1634 1398 45 22 will
1688 1398 62 22 make
1758 1397 113 23 advances

1286 1431 31 14 on
1332 1423 69 28 goods
1420 1425 120 27 consigned
1557 1428 22 18 to
1597 1425 58 21 their
1671 1425 87 26 friends,
1777 1425 92 22 Messrs.

1286 1451 96 24 Arthur.,
1381 1450 79 28 Willis,
1471 1452 63 26 Sons,
1546 1451 45 22 and
1600 1452 48 26 Co.,
1659 1451 26 22 of
1695 1451 101 23 London.

1512 1488 7 16 ;
1533 1477 111 23 WILLIS
1653 1477 45 23 and
1708 1478 51 27 CO.,

1287 1503 137 30 Merchants,
1432 1504 99 23 General
1539 1504 115 29 Shipping,
1663 1504 150 28 Commercial,
1825 1503 47 23 and

1453 1529 151 30 Agricultural
1613 1532 95 26 Agents.

1315 1556 51 24 Port
1376 1555 130 30 Nicholson,
1517 1558 65 28 April
1591 1559 21 26 9,
1622 1559 60 21 1840.

1289 1611 164 27 TTTJNTER
1467 1611 45 23 and
1528 1612 45 23 CO.
1589 1611 59 23 have
1662 1618 29 16 on
1706 1611 54 27 Sale,
1776 1614 24 19 at
1813 1611 59 23 their

1288 1633 69 27 -CXr
1383 1639 81 26 Stores,
1483 1639 39 22 the
1540 1639 114 26 following
1670 1637 91 28 articles,
1787 1645 28 15 ex
1834 1638 38 22 the

1483 1665 31 23 all
1523 1665 25 23 of
1561 1672 55 22 very
1630 1665 96 28 superior
1739 1665 87 28 quality
1836 1672 4 14 :—:
1842 1677 30 5 —

1314 1698 53 26 Tea,
1377 1698 66 23 black
1452 1698 45 23 and
1506 1705 75 21 green.

1316 1725 80 28 Coffee,
1407 1733 65 20 sugar
1481 1726 45 22 and
1535 1726 52 22 rice.
1678 1743 6 4 .
1699 1745 13 10 tl

1316 1752 114 28 Spiceries,
1441 1752 49 28 salt,
1501 1752 45 23 and
1554 1759 61 22 soap.
1662 1757 5 5 '
1677 1750 11 12 *

1316 1775 79 31 Hams,
1403 1781 85 26 cheese,
1497 1780 44 22 and
1547 1780 82 22 butter.

1316 1805 83 29 Wines,
1410 1806 24 22 in
1444 1806 64 23 wood
1516 1806 45 22 and
1570 1806 79 22 bottle.

1316 1832 84 28 Spirfta,
1411 1833 94 23 Geneva
1512 1841 49 14 rum
1571 1833 47 22 and
1627 1832 91 28 brandy,
1730 1833 41 21 &c.

1316 1859 94 22 Bottled'
1413 1860 42 26 ale,
1465 1860 96 27 draught
1569 1860 47 22 and
1624 1860 85 22 bottled
1716 1862 67 20 stout.

1318 1886 102 28 Candles,
1430 1886 70 27 pitch,
1510 1887 46 21 and
1564 1889 42 20 tar.

1317 1912 83 28 Paints,
1411 1911 37 29 oil,
1458 1913 46 23 and
1512 1912 79 23 colors.

1316 1940 95 26 Twines,
1418 1940 66 28 lines,
1495 1940 82 28 fishing
1585 1939 61 28 rods,
1657 1940 41 22 &c.
1708 1951 10 10 .-

1316 1966 73 27 Glass,
1399 1966 33 22 tin
1441 1973 65 21 ware,
1516 1966 45 23 and
1570 1967 73 22 corks.

1316 1992 66 27 Hat?.,
1392 1994 70 26 boots,
1473 1993 46 23 and
1526 1993 73 23 shoes.

1286 2041 11 7 v
1316 2016 135 33 GM^jJsters,
1460 2020 99 27 brushes,
1570 2021 42 21 &c»

1276 2042 300 34 S^il?ti«*e£d^3herv.
1577 2067 5 7 r
1586 2047 42 22 &c.
1658 2065 3 5 .
1767 2060 10 7 *

1316 2070 381 25 VmegavtetlsiaroTana-ptcfcrcirt
1697 2075 2 6 1
1770 2070 14 10 *

1316 2092 72 29 Paper
1396 2093 45 22 and
1448 2092 129 28 stationery.
1594 2108 4 2 -

1305 2118 174 27 'Earthenware,
1490 2119 40 23 &c.

1316 2145 62 30 Iron^,
1387 2146 47 27 bar,
1443 2146 55 26 bolt,
1507 2145 54 27 nail,
1570 2144 48 23 and
1626 2144 69 23 sheet.

1316 2171 168 28 Ironmongery,
1495 2172 40 22 &c.

1316 2198 106 28 Wearing
1430 2199 96 28 apparel,
1537 2199 40 22 &c.

1290 2232 52 23 Port
1352 2232 130 28 Nicholson,
1493 2232 64 28 April
1566 2233 87 26 9,1840.

1289 2285 188 50 KENNETH
1504 2286 149 23 BETHUNE
1676 2285 43 24 and
1743 2286 131 22 GEORGE

1374 2313 137 28 HUNTER,
1528 2313 62 27 Jun.,
1604 2313 44 27 beg
1662 2316 22 19 to
1697 2319 118 16 announce
1825 2313 49 22 that

1289 2339 53 29 they
1347 2339 58 23 have
1413 2339 144 24 commenced
1563 2340 103 22 business
1674 2347 23 14 as
1700 2339 172 28 Auctioneers,

1289 2366 151 28 Appraisers,
1459 2366 81 23 House
1558 2366 46 23 and
1624 2367 65 22 Land
1704 2366 114 28 Factors,
1832 2367 40 22 &c.

1289 2393 152 29 Alliproperty
1450 2393 113 23 entrusted
1574 2397 32 19 to.
1608 2393 57 23 their
1674 2393 78 28 charge
1761 2392 45 24 will
1815 2393 58 23 have

1288 2420 39 23 the
1333 2423 84 20 utmost
1426 2428 51 15 care
1488 2420 44 23 and
1540 2420 119 23 attention.

1316 2453 54 23 Port
1377 2453 131 28 Nicholson,
1519 2453 66 28 April
1593 2455 21 26 9,
1624 2454 62 22 1840.

1288 2500 64 23 THE
1374 2500 89 24 FIRST
1484 2500 81 23 SHOP
1589 2500 123 23 OPENED
1735 2500 36 23 IN
1792 2501 82 22 PORT

1485 2527 191 23 NICHOLSON.

1330 2560 56 22 The
1399 2561 145 22 Britannia
1556 2561 86 21 Hotel
1657 2561 53 21 and
1726 2561 103 21 Stores.

1287 2594 37 48 J
1358 2593 111 24 PIERCE
1483 2594 54 28 begs
1553 2596 24 20 to
1592 2594 84 22 inform
1689 2594 32 22 His
1731 2593 87 23 friends
1827 2594 46 23 and

1327 2630 18 18 •_
1356 2620 37 23 the
1401 2620 82 29 public,
1493 2620 49 23 that
1550 2620 35 23 his
1593 2621 74 22 Stores
1675 2628 34 15 are
1716 2627 52 16 now
1776 2620 96 28 opened,

1287 2647 45 22 and
1342 2646 48 23 that
1397 2648 31 28 by
1436 2648 109 22 attention
1555 2647 47 23 and
1616 2647 106 30 diligence
1730 2647 30 22 he
1769 2647 72 29 hopes
1850 2650 23 20 to

1287 2673 68 24 merit
1363 2674 55 22 their
1427 2677 128 25 patronage.

1316 2700 21 23 J.
1349 2700 84 24 Pierce
1441 2701 56 28 begs
1505 2705 24 18 to
1538 2700 84 24 submit
1635 2700 37 23 the
1682 2700 112 28 following
1803 2700 39 23 list
1851 2701 27 22 of

1288 2726 71 28 goods
1365 2734 5 15 :
1371 2739 30 5 —

1317 2754 115 23 Groceries
1441 2754 28 23 of
1478 2753 31 24 all
1518 2753 74 24 kinds.

1316 2780 78 28 Bread,
1403 2781 66 27 flour,
1478 2781 46 22 and
1532 2781 89 23 biscuit.

1316 2807 82 29 Spirits,
1415 2808 76 28 wines,
1508 2808 35 23 ale
1561 2808 47 23 and
1622 2810 78 27 porter,
1717 2807 25 24 in
1759 2806 54 24 cask
1829 2808 46 23 and

1288 2831 76 26 bottle.

1316 2860 171 29 Haberdashery
1497 2860 26 23 of
1533 2860 30 23 all
1572 2861 74 23 kinds.

1316 2888 161 28 Ironmongery
1487 2888 44 23 and
1540 2888 94 26 cutlery.

1316 2914 63 23 Nails
1388 2914 70 23 direct
1467 2915 57 22 from
1533 2914 38 23 the
1581 2914 114 23 Britannia
1704 2914 80 23 works.

1316 2947 22 23 J.
1354 2947 84 23 Pierce
1451 2947 70 28 hopes
1530 2947 49 23 that
1589 2947 38 23 the
1641 2948 138 28 competitive
1789 2950 85 25 system

1289 2974 25 22 of
1324 2973 92 30 puffing,
1427 2982 26 14 so
1462 2974 68 22 much
1538 2974 112 29 practised
1658 2975 24 21 in
1689 2974 37 22 the
1742 2975 38 21 old
1794 2975 78 27 world,

1288 3001 46 22 will
1349 3008 68 15 never
1430 3001 30 23 be
1475 3001 134 23 introduced
1623 3001 25 22 in
1664 3001 41 22 this
1721 3001 102 28 Colony;
1845 3001 29 22 he

1288 3027 108 23 therefore
1405 3028 95 22 refrains
1509 3028 57 22 from
1577 3027 141 28 introducing
1731 3028 80 28 prices,
1828 3027 46 23 and

1288 3054 84 28 merely
1380 3054 82 23 invites
1471 3062 14 14 a
1494 3054 58 23 trial.

1315 3088 53 22 Port
1377 3088 130 28 Nicholson,
1517 3087 67 29 April
1592 3089 34 26 13,
1638 3088 58 22 1840.

1498 3142 48 22 ON
1560 3142 98 21 SALE.

1395 3175 22 23 J.
1431 3175 154 26 TELFORD.
1589 3175 55 31 begs
1658 3177 22 19 to
1691 3174 112 28 intimate,
1824 3174 48 23 that

1367 3201 42 24 *rhe
1417 3201 41 23 has
1467 3209 30 17 on
1506 3201 58 28 Sale,
1575 3205 24 19 at
1608 3201 35 23 his
1652 3201 82 27 Htaise,
1744 3203 23 21 at
1777 3200 38 23 the
1825 3205 48 18 east

1289 3228 45 23 end
1351 3228 27 22 of
1396 3228 38 24 the
1452 3228 135 29 Company's
1606 3227 151 28 Warehouses,
1782 3235 30 15 on
1836 3227 39 23 the

1289 3254 82 28 Beach,
1382 3262 28 18 an
1418 3258 136 22 assortment
1561 3255 28 22 of

1316 3287 123 26 Hardware
1448 3289 27 22 of
1484 3288 39 23 the
1532 3288 49 23 first
1589 3286 92 31 quality,

1281 3337 3 2 .
1317 3314 68 23 Flour
1391 3311 46 27 and
1447 3315 103 27 oatmeal,

1312 3342 82 28 -Sugar,
1405 3346 44 24 tea,
1459 3342 45 23 and
1513 3342 78 27 coffee,

1316 3368 92 28 Cheese,
1416 3368 83 28 butter,
1506 3368 48 23 and
1563 3368 90 23 various
1661 3367 61 23 other
1731 3366 98 24 articles.

1290 3401 192 28 PorrNicholson,
1492 3401 64 29 April
1567 3403 34 26 10,
1611 3402 60 22 1840.
1749 3407 5 5 •
1778 3408 5 4 •

1294 3456 7 6 v
1505 3455 28 21 A
1549 3455 105 21 CARD.

1290 3488 154 50 ROBERT
1471 3488 69 27 TOD,
1571 3487 195 23 COMMISSION
1795 3488 80 22 MER-

1369 3515 107 23 CHANT
1490 3514 44 23 and
1549 3514 89 23 LAND
1652 3514 112 23 AGENT.

1281 3546 13 10 "'
1300 3558 7 13 :
1316 3549 55 23 Port
1379 3548 129 32 Nicholson,
1519 3547 66 30 April
1594 3549 35 26 14,
1639 3549 58 21 1840.

1290 3584 34 10 ~~~
1380 3615 4 4 •
1417 3600 158 22 ANDREW
1589 3599 154 26 DUNCAN,

1420 3650 4 6 f
1458 3627 13 11 *
1524 3631 116 28 BAKER,
1648 3627 21 26 \

1287 3662 109 53 BEGS
1412 3669 24 19 to
1451 3666 82 22 inform
1549 3666 39 22 the
1604 3665 82 28 Public,
1704 3665 49 23 that
1768 3666 31 23 he
1813 3673 61 15 com-

1365 3693 94 23 menced
1474 3692 89 28 Baking
1580 3700 31 15 on
1629 3692 120 28 Thursday,
1766 3693 40 22 the
1823 3693 52 22 16th

1286 3716 63 26 insti
1363 3720 45 27 and
1420 3720 46 22 will
1479 3719 27 22 be
1520 3718 54 28 glad
1588 3722 23 19 to
1624 3720 82 21 receive
1721 3719 78 23 orders
1812 3716 63 26 for*a

1286 3752 58 20 tegm
1350 3753 26 15 ax
1383 3746 81 29 supply
1472 3746 26 22 of
1504 3746 74 22 Bread
1587 3746 46 22 and
1641 3746 89 22 Biscuit.
1878 3746 4 14 '-

1314 3779 30 22 Di
1349 3779 47 22 shea
1406 3779 94 22 covered
1509 3778 46 23 and
1561 3779 73 22 baked
1641 3786 28 15 on
1676 3779 37 22 the
1721 3786 63 15 same
1791 3779 82 28 princi-

1287 3804 36 29 ple
1332 3812 25 16 at
1366 3805 24 24 in
1401 3804 101 28 London,
1512 3805 46 22 and
1568 3812 29 14 on
1608 3805 110 22 moderate
1727 3808 76 19 terms.

1288 3841 7 6 .
1340 3842 16 6 ..
1496 3859 166 24 WANTED,

1275 3883 53 35 f&t
1350 3891 118 24 PERSON
1477 3894 23 20 to
1509 3894 38 19 cut
1555 3890 24 23 in
1589 3891 71 22 Metal
1668 3899 23 14 or
1702 3891 80 27 Wood;
1793 3899 15 15 a
1816 3892 57 23 Plan

1285 3914 57 32 s£Xj
1357 3919 36 25 .'of
1404 3919 37 26 the
1449 3918 105 23 Harbour
1564 3918 26 22 of
1602 3918 52 22 Port
1660 3918 129 24 Nicholson.

1286 3948 10 18 '-
1312 3940 185 46 Erf^eatftie.
1658 3945 77 23 Office.

1902 413 88 36 T^OR
2012 414 85 27 SALE,
2123 414 41 23 BY
2191 413 65 23 THE
2276 414 210 28 SUBSCRIBERS,

1927 466 102 23 Hawcs's
2047 466 96 24 London
2162 473 60 21 soap,
2246 467 25 22 in
2288 467 58 23 281b.
2366 468 46 23 and
2429 468 57 23 161b.

1898 492 78 28 boxes,

1927 520 65 23 Ditto
2001 520 96 27 candles,
2109 520 56 28 dips,
2175 521 24 22 in
2208 520 59 23 361b.
2276 520 77 28 boxes,

1926 546 123 29 Wrapping
2058 555 75 20 paper,

1926 573 138 29 Stationery;
2079 573 46 23 and

1962 614 116 16 EXPECTED
2092 614 77 21 DAILY,
2186 613 27 15 BY
2228 613 45 16 THE

1926 639 103 23 Window
2038 640 66 28 glass,
2115 640 94 23 suitable
2219 640 64 26 sizes,

1926 666 104 28 Superior
2039 666 147 30 champagne,
2196 666 25 22 in
2231 666 97 28 baskets,

1926 692 97 29 Brandy,
2034 694 24 21 in
2067 693 65 23 hhds.
2142 693 46 23 and
2198 696 89 24 quarter
2297 694 71 26 casks,

1925 720 81 28 Claret,
2017 720 24 21 in
2051 727 69 20 cases,
2422 734 11 9 %
2453 726 8 17 :

1925 746 130 27 Burgundy,
2066 747 24 22 in
2100 747 63 28 ditto,

1924 772 89 23 Bottled
2022 776 87 25 sherry,

1924 799 63 23 Ditto
1998 803 57 23 port.
2419 815 3 8 ,

2097 826 27 22 T.
2140 827 35 22 M.
2192 826 185 23 PARTRIDGE
2389 826 44 26 and
2436 840 8 9 -.
2452 827 38 22 CO

1894 861 31 5 —
1925 861 30 5 —
1955 860 4 6 .
2483 854 9 18 -i
2502 850 14 22 ',

1897 879 91 48 THE
2001 879 229 23 UNDERSIGNED
2241 879 53 23 offer
2302 880 34 23 for
2344 880 57 29 Sale,
2411 889 29 15 on
2448 874 44 34 the,'

1973 906 42 22 Lot
2024 906 71 22 above
2106 906 46 23 Col.
2164 906 151 28 Wakefield's,

1924 939 41 21 300
1975 939 71 21 dozen
2054 939 128 27 Hodgson's
2191 939 51 27 pale
2253 939 40 28 ale,

1925 966 28 20 50
1961 965 50 21 best
2019 966 139 24 Westphalia
2168 966 71 26 hams,

1925 993 41 20 200
1975 993 63 21 2-cut
2046 988 80 31 yellow
2137 992 68 27 deals,
2229 1006 4 3 ■

1926 1018 100 28 Battens,

1926 1046 29 20 30
1964 1046 71 20 dozen
2045 1045 59 27 good
2114 1045 86 27 sherry,
2224 1058 4 3 •

1927 1072 15 21 4
1950 1071 63 22 hhds.
2025 1072 100 27 superior
2135 1072 99 27 Brandy,

1928 1098 30 22 30
1967 1098 67 22 casks'
2040 1098 64 28 nails,
2116 1098 106 23 assorted.
2302 1118 9 6 v
2311 1110 6 2 -
2340 1110 4 3 ■

2103 1132 27 22 T.
2146 1133 33 22 M.
2194 1132 183 23 PARTRIDGE
2387 1130 45 26 afcd
2442 1134 46 23 CO.

2092 1166 55 22 Bills
2157 1173 29 15 on
2197 1165 98 28 Sydney.
2313 1178 4 5 •
2329 1169 8 4 *

1930 1199 52 22 Port
1992 1199 129 28 Nicholson,
2133 1200 39 22 Bth
2182 1199 71 28 April,
2266 1201 60 22 1840.

2033 1254 153 21 WEEKLY
2201 1253 162 23 MARKET.

1904 1287 91 48 MR.
2010 1287 22 22 J.
2047 1287 144 23 TELFORD
2205 1286 45 22 has
2260 1288 111 27 arranged
2380 1291 21 19 to
2411 1287 58 23 have
2480 1296 13 14 a

1994 1321 94 15 weekly
2111 1320 94 16 market
2233 1321 28 15 on
2285 1314 138 22 MONDAY
2447 1315 45 22 and

1903 1340 168 22 SATURDAY
2086 1340 167 27 EVENINGS,
2269 1344 24 18 at
2301 1341 34 21 his
2345 1341 144 27 Warehouse,

1902 1367 58 21 from
1970 1369 14 20 4
1994 1370 22 19 to
2027 1367 13 23 7
2050 1367 92 27 o'clock,
2154 1367 69 26 being
2237 1367 107 23 intended
2361 1368 80 27 chiefly
2457 1368 33 22 for

1902 1393 38 23 the
1961 1394 204 26 accommodation',
2173 1394 26 21 of
2217 1394 143 22 AVorkmen's
2378 1395 110 22 Families.

1902 1420 48 22 The
1968 1420 114 27 following
2100 1421 89 22 articles
2206 1420 46 22 will
2269 1421 28 21 be
2316 1421 50 23 sold
2382 1421 23 23 in
2425 1421 66 23 small

1891 1453 2 28 j
1902 1447 126 28 quantities,
2040 1451 24 18 at
2072 1447 130 23 reasonable
2213 1448 70 27 prices
2290 1455 38 14 :—-
2330 1471 3 4 ,

1931 1479 74 29 Flour,
2025 1481 104 27 oatmeal,
2149 1487 73 20 sugar,
2242 1484 43 24 tea,
2311 1481 75 27 coffee,
2408 1481 80 27 butter,

1903 1506 85 28 cheese,
2000 1507 98 27 candles,
2109 1515 61 20 soap,
2180 1507 42 22 &c.
2233 1508 40 21 &c.

1931 1540 53 22 Port
1992 1540 131 28 Nicholson,
2135 1540 64 29 April
2210 1542 33 26 10,
2254 1542 61 21 1840.

2032 1595 87 21 SALE
2134 1595 49 21 BY
2196 1595 167 21 AUCTION.

1906 1628 90 50 MR.
2012 1628 22 22 J.
2050 1627 143 24 TELFORD
2211 1628 44 21 will
2271 1635 54 15 sell
2341 1635 29 15 by
2386 1636 105 20 auction,

2005 1658 23 19 at
2049 1654 34 23 his
2104 1654 144 27 Warehouse,
2273 1662 29 15 on
2323 1655 104 23 Monday
2448 1651 44 26 and

1904 1682 125 22 Thursday
2039 1685 61 27 next,
2111 1685 25 19 at
2144 1684 14 20 2
2165 1681 92 27 o'clock,
2266 1688 61 22 p.m.,
2338 1682 25 22 in
2373 1682 126 28 quantities,

1905 1711 23 19 to
1938 1709 44 22 suit
1989 1708 132 28 purchasers
2128 1716 5 15 :

1931 1736 28 21 30
1969 1738 22 19 to
1999 1736 29 22 50
2037 1736 71 21 dozen
2118 1734 59 28 good
2186 1734 84 28 sherry,
2281 1735 25 22 in
2314 1735 78 28 bottle,
2412 1747 5 4 -

1932 1763 28 20 50
1968 1760 173 25 doz.TDunbar's
2151 1761 48 29 pale
2210 1761 41 27 ale,

1933 1790 26 20 12
1968 1788 50 28 dqz.
2027 1793 82 24 porter,
2120 1790 25 21 in
2155 1787 82 29 bottle,,
2355 1797 5 5 '
2375 1808 4 2 .

1933 1815 135 27 Negrohead
2078 1815 97 26 tobacco,

1933 1842 60 23 Loaf
2002 1843 68 31 sugjir
2079 1843 27 21 of
2115 1842 58 28 good
2183 1841 93 28 quality,

1933 1865 91 31 Cheese,
2034 1870 26 21 in
2067 1870 45 23 41b.
2124 1873 23 18 to
2155 1868 44 22 51b.
2210 1867 99 29 cheeses,

1933 1895 90 28 Brandy
2034 1896 27 21 of
2070 1896 100 25 superior
2182 1895 93 27 quality,

1934 1923 22 21 A
1965 1922 74 28 parcel
2050 1923 26 22 of
2084 1921 88 33 'Scotch^
2176 1922 104 27 bonnets,
2472 1928 3 3 '
2522 1921 5 21 I

1933 1949 113 22 Trowsers
2055 1949 45 22 and
2111 1948 102 27 shirting,

1935 1976 21 21 A
1963 1976 102 32 quantity
2074 1976 25 21 of
2104 1976 65 22 white
2177 1976 52 26 pine
2237 1975 60 22 deals
2306 1976 24 21 of
2333 1976 60 26 good
2400 1976 92 28 quality.
2518 1989 9 8 „

1934 2002 64 23 Nails
2008 2002 26 23 of
2045 2002 163 31 yarioussizes,
2215 2025 5 6 v
2433 2017 5 4 -
2518 1999 9 29 \

1935 2029 53 22 And
1998 2037 14 14 a
2019 2029 92 28 general
2120 2031 134 20 assortment
2264 2029 26 21 of
2300 2028 122 22 hardware.

1895 2069 30 12 ■__
1935 2070 11 4 -
1975 2065 32 14 T--
2020 2062 161 26 .■~*r-i^Jtirr
2191 2062 99 26 j»x«e,O
2291 2062 5 7 r
2297 2062 36 23 n\
2351 2062 143 22 Auutiouse*.
2507 2072 10 5 -

1918 2102 3 5 •
1935 2089 52 22 Port
1996 2084 131 33 Nicholson,
2139 2086 254 31 AprB"l8,"r8Wr'~~";
2487 2092 8 20 :

2073 2145 99 20 LAND
2184 2144 144 22 ORDERS.

1908 2176 91 49 MR.
2014 2176 22 22 J.
2052 2176 144 23 TELFORD
2210 2176 40 23 has
2262 2184 30 15 on
2302 2178 58 27 Sale,
2370 2178 70 23 Town
2450 2180 45 21 and

1980 2203 100 27 Country
2089 2204 108 26 Sections,
2209 2204 67 22 about
2286 2204 54 23 Nds.
2349 2206 40 22 850
2394 2206 46 21 and
2446 2208 46 21 802.

1934 2237 52 21 Port
1995 2236 136 29 Nicholson,'
2138 2236 65 28 April
2213 2239 32 26 10,
2257 2239 59 21 1840.

2147 2293 105 21 LAND.

1906 2324 97 50 ANY
2022 2325 136 22 Gentleman
2178 2325 95 28 wishing
2292 2329 22 19 to
2332 2326 88 28 dispose
2438 2327 27 22 of
2483 2335 16 15 a-

1985 2352 66 22 Land
2060 2352 79 28 Order,
2150 2358 53 20 may
2212 2351 55 24 hear
2276 2353 26 22 of
2313 2361 13 14 a
2336 2354 120 27 purchaser
2466 2361 29 15 on

1905 2378 149 28 appplication
2065 2382 23 19 to

2103 2404 128 24 SAMUEL
2245 2406 48 23 Me.
2308 2406 159 28 DONNELL,

2042 2439 54 23 Last
2109 2440 65 26 Tent,
2189 2443 55 19 west
2258 2440 45 22 end
2317 2440 27 22 of
2359 2440 37 23 the
2412 2441 83 22 Beach.

1932 2472 38 23 Bth
1980 2473 72 27 April,
2065 2474 69 22 1840/

2145 2524 106 21 LAND.

1904 2557 186 49 WANTED,
2106 2557 101 23 Sections
2221 2557 53 23 with
2286 2559 70 22 Town
2366 2559 77 26 Acres,
2455 2559 39 22 be-

2002 2587 72 20 tween
2098 2585 27 22 No
2125 2585 27 22 9.
2176 2585 43 21 200
2241 2584 47 23 and
2309 2587 49 21 300.
2396 2586 100 23 Address

1905 2611 31 22 X.
1945 2611 29 22 Y.
1984 2611 35 28 Z.,
2030 2615 23 18 at
2063 2611 37 22 the
2137 2611 95 23 Gazette
2267 2611 80 23 Office.

1932 2645 65 28 April
2005 2646 20 26 9,
2037 2646 61 22 1840.

2145 2698 106 22 LAND.
2443 2721 5 3 .

1905 2733 68 22 TXT
1975 2733 106 23 ANTED
2091 2736 23 20 to
2123 2731 116 30 purchase,
2248 2732 246 27 SEVERAL.TOWN

1918 2756 42 26 W
2001 2760 106 22 ACRES.
2136 2759 68 32 Early
2218 2759 88 23 choices
2321 2761 74 21 would
2405 2761 28 22 be
2443 2768 51 21 pre-

1905 2787 80 23 ferred.
2013 2787 76 28 Apply
2099 2790 24 19 at
2133 2786 37 22 the
2208 2787 94 22 Gazette
2339 2787 88 28 Office:,
2449 2804 4 4 .

1907 2840 158 50 MESSRS.
2093 2839 160 29 WALLACE,
2283 2841 113 28 WHITE,
2426 2841 69 23 AND

2006 2867 154 23 WALLACE
2182 2867 146 29 respectfully
2350 2868 83 22 inform
2455 2869 40 21 the

1906 2894 116 27 Colonists,
2038 2894 49 22 that
2100 2894 54 27 they
2170 2894 45 22 will
2229 2897 56 19 next
2295 2895 63 21 week
2369 2902 58 21 open
2437 2894 58 22 their

1906 2921 150 27 Store-house,
2068 2921 79 22 situate
2159 2924 57 18 next
2229 2924 23 19 to
2268 2920 37 23 the
2321 2921 71 28 Bank,
2397 2921 46 23 'for
2456 2921 39 21 the

1905 2947 46 22 sale
1969 2947 26 22 of
2012 2947 175 23 Miscellaneous
2204 2947 83 29 Goods,
2304 2947 71 26 all\pf
2393 2948 39 22 the
2447 2948 51 22 best

1905 2974 92 28 quality,
2008 2974 46 22 and
2063 2977 23 19 at
2094 2974 45 23 low
2147 2973 80 28 prices.
2373 2973 2 5 '
2394 2987 3 4 •

1933 3007 65 28 April
2008 3009 32 26 11,
2050 3009 63 21 1840.
2208 3024 5 3 .
2279 2999 57 39 '._
2344 3019 3 5 •
2360 3035 8 3 _

1905 3061 68 21 FOR
1983 3061 87 21 SALE
2078 3062 37 26 by
2125 3061 160 22 PRIVATE
2295 3062 198 25 CONTRACT,

2051 3095 35 21 Ex

1907 3126 116 42 TpiFTY
2034 3127 54 29 bags
2096 3128 55 23 rice.

1905 3181 28 20 60
1942 3180 70 22 dozen
2024 3180 97 23 Elliott's
2130 3180 99 28 superior
2237 3180 87 23 bottled
2333 3184 67 20 atout

1905 3208 14 19 6
1928 3213 62 15 cases
1996 3207 132 27 containing
2133 3206 122 26 hardware,
2266 3207 99 27 clothing
2373 3208 46 21 and
2426 3207 66 29 clops,

1933 3232 83 23 tailor's
2032 3233 76 28 goods,
2127 3233 65 22 boots
2210 3229 46 27 and
2272 3234 72 28 shoes,
2360 3241 63 20 saws,
2443 3236 50 26 snip

1933 3259 126 22 chandler's
2067 3263 77 23 stores,
2156 3260 75 28 twiue,
2241 3267 91 21 pepper,
2343 3261 44 22 and
2396 3261 86 29 ginger.

1907 3286 10 24 1
1928 3293 50 15 case
1988 3286 154 27 Birmingham
2150 3286 76 28 bright
2233 3290 78 24 goods.

1933 3312 21 23 A
1961 3312 89 28 portion
2059 3314 26 21 of
2092 3313 37 22 the
2137 3312 71 23 above
2215 3314 76 22 Goods
2298 3321 37 14 are
2343 3314 49 22 well
2399 3313 97 28 adapted

1906 3339 34 21 for
1949 3339 82 27 barter,
2041 3340 45 21 and
2096 3340 37 22 the
2142 3339 73 23 whole
2224 3340 46 23 will
2278 3340 28 23 be
2317 3340 103 29 disposed
2428 3341 27 22 of
2465 3347 31 16 on

1906 3373 53 19 very
1968 3366 132 23 reasonable
2109 3370 77 19 terms.

1934 3391 144 29 Application
2087 3396 23 19 to
2120 3393 27 22 be
2157 3393 65 23 made
2233 3401 31 16 on
2273 3394 38 23 the
2321 3393 76 23 Beach
2410 3396 23 19 to
2446 3393 46 23 Mr.

1907 3418 92 28 Harvie,
2011 3426 25 15 or
2046 3422 22 19 to
2327 3426 7 4 *
2416 3422 107 14 .:...•

2123 3445 182 24 Frederick:
2313 3446 179 23 .dunsford.

1933 3479 54 22 Port
1996 3479 131 28 Nicholson,
2138 3479 66 28 April
2214 3481 32 26 11,
2260 3481 60 21 1840.
2376 3497 6 5 .
2394 3488 46 26 „.,•;.-
2446 3487 18 22 V
2473 3482 5 18 :

2117 3534 166 25 WANTED,
2383 3516 29 40 T-
2471 3516 23 8 ~

1906 3566 97 49 TWO
2019 3566 130 27 YOUTHS,
2166 3569 26 19 to
2208 3566 29 25 be
2253 3566 146 29 Apprenticed
2415 3569 23 20 to
2453 3561 40 28 ih'e
2506 3583 5 4 .

1980 3593 155 23 PRINTING
2153 3593 153 22 BUSINESS.
2334 3593 73 30 JOtfg

1906 3627 40 16 son
1962 3620 52 25 .who
2033 3627 43 16 can
2094 3619 62 24 work
2178 3626 25 17 as
2446 3618 48 24 arid

1906 3646 172 24 PRESSMAN.
2245 3652 5 5 '
2277 3647 32 8 '"
2379 3644 36 22 :-■*-
2426 3645 26 28 -\

2050 3677 24 19 at
2091 3673 37 22 the
2255 3671 99 24 Zealand
2511 3685 5 3 -

1905 3700 77 22 Office.
2038 3714 4 13 :
2273 3700 3 3 '
2298 3700 8 5 *
2316 3713 7 18 ;
2331 3719 4 3 .
2363 3699 35 19 'V-
2426 3709 27 11 '-
2470 3708 50 17 :.^.:
2518 3716 9 12 c

1893 3744 26 23 r
2001 3746 5 11 :
2039 3753 29 17 •-■
2115 3753 164 27 WANTED,
2302 3760 19 3 ~
2321 3747 8 14 :
2333 3756 7 7 '
2343 3742 32 33 :^
2380 3760 16 7 --
2403 3760 7 2 -

1905 3786 164 50 SEVERAL
2093 3786 153 23 SAWYERS.
2283 3776 244 39 ApptyLteK^ftSS

1970 3813 134 23 Partridge
2114 3811 51 23 and-
2170 3812 39 22 Co.
2260 3801 190 38 I'-'Z^^A
2452 3815 5 4 '

1932 3840 64 27 April
2007 3841 32 26 11,
2051 3841 60 21 1840.
2245 3838 5 3 '
2292 3838 120 26 s;T££&V>
2424 3831 103 33 C-&**::

1954 3860 14 20 1
2033 3856 46 25 L~.
2300 3872 14 14 -'
2326 3868 4 5 '
2339 3866 5 5 '
2450 3860 77 29 '-j^r

1905 3893 164 49 PICKLES.
2084 3894 89 25 Sauces,
2187 3892 110 26 Muotiid,
2306 3888 97 34 T&ttl£S[
2408 3884 119 42 %f^^k

1977 3920 47 26 ajid
2035 3921 123 21 Preserves.
2169 3918 109 23 aridCPiue
2290 3919 93 22 Cheese;
2395 3924 5 5 '

1988 3956 7 4 -
2121 3946 19 22 TI;M.PA§TRIDGJi-aiid;lEor~T
2142 3961 17 17 I;
2159 3943 359 34 M.PA§TRIDGJi-aiid;lEor~

769 1643 91 23 Union
870 1644 81 22 Bank
961 1644 30 21 of
1002 1643 152 26 Australia,

667 1676 97 24 London
779 1677 91 28 Office,
889 1677 46 23 No.
950 1678 34 27 38,
1003 1677 51 23 Old
1073 1677 182 23 Broad-street.

898 1731 116 23 Directors
1020 1738 7 15 :

722 1764 90 28 George
821 1764 145 28 Fife^Angas,
978 1765 61 29 Esq.,

722 1792 87 22 Robert
816 1792 94 28 Brooks,
921 1792 62 32 Esq.,

722 1818 78 23 James
809 1818 61 23 John
881 1818 124 28 Cummins,
1016 1818 61 29 Esq.,

722 1845 87 22 Robert
818 1844 111 29 Gardner,
939 1846 62 28 Esq.,
1013 1845 150 28 Manchester,

722 1871 63 23 John
794 1872 68 27 Gore,
873 1872 61 28 Esq.,

722 1898 91 23 Charles
823 1898 109 28 Hindley,
945 1898 60 31 Esq.,
1017 1898 70 28 M.P.,

722 1925 120 27 Benjamin
852 1925 27 22 E.
889 1925 82 28 Lmdo,
982 1925 61 29 Esq.,

721 1951 99 28 Charles,
823 1952 98 22 Edward
930 1952 111 28 Mangles,
1053 1951 61 28 Esq.,

721 1977 144 30 Christopher
874 1978 104 28 Rawson,
989 1979 61 28 Esq.,
1061 1978 100 28 Halifax,

720 2004 98 23 Thomas
828 2004 79 28 Sands,
917 2004 61 30 Esq.,
990 2002 126 32 Liverpool,

666 2085 116 24 Trustees:
807 2085 98 23 George
927 2084 65 23 Ca'rr
1015 2085 75 27 Glyn,
1112 2086 60 27 Esq.,
1192 2084 63 23 John

703 2112 76 28 Gore,
790 2112 62 28 Esq.,
865 2112 47 22 and
921 2111 76 23 James
1007 2111 22 23 J.
1039 2113 117 26 Cummins,
1166 2112 54 28 Esq.

665 2145 116 23 Bankers:
806 2144 92 24 Messrs.
919 2142 76 29 Glyn',
1020 2144 129 28 Hallifax,
1171 2144 84 27 Mills,

913 2170 46 24 and
972 2171 40 22 Co.

751 2204 116 28 Secretary
874 2211 4 15 :
895 2204 94 23 Samuel
999 2203 110 29 Jackson,
1123 2203 52 29 Esq.

705 2238 101 24 Colonial
816 2238 117 28 Inspector
940 2245 5 15 :
964 2238 23 22 J.
998 2239 25 22 C.
1032 2238 124 28 M'Laren,
1167 2238 53 28 Esq.

801 2305 69 22 New
877 2305 125 22 Zealand
1010 2305 117 22 Branch.

670 2339 70 23 Local
749 2339 114 23 Directors
869 2347 5 14 :
890 2338 59 23 Geo.
961 2339 22 22 S.
994 2338 85 28 Evans,
1089 2338 61 28 Esq.,
1164 2338 92 28 D.C.L.,

698 2366 101 23 Edward
808 2366 74 23 Betts
892 2365 105 28 Hopper,
1009 2365 61 29 Esq.,
1081 2365 45 23 and
1135 2366 96 23 George

877 2392 110 28 Hunter,
999 2392 53 28 Esq.

670 2426 111 29 Manager
788 2434 6 14 :
808 2425 63 23 John
881 2426 84 27 Smith,
978 2425 61 29 Esq.,
1052 2425 46 23 late
1107 2425 27 23 of
1144 2425 38 23 the
1192 2425 66 23 Com-

716 2453 92 23 mercial
817 2453 66 23 Bank
892 2452 27 23 of
931 2452 120 28 England/
1058 2453 151 22 Manchester.

696 2486 178 28 Arrangements
894 2486 86 26 having
999 2486 59 23 been
1079 2486 66 23 made
1166 2486 35 23 for
1219 2486 38 22 the

668 2514 100 28 opening
776 2514 26 22 of
813 2521 14 15 a
836 2513 90 23 Branch
936 2514 24 22 in
970 2514 56 22 New
1035 2513 108 29 Zealand,
1155 2513 75 22 notice
1239 2513 18 22 is

667 2540 86 29 hereby
768 2541 73 27 given,
856 2540 51 23 that
921 2540 55 23 Bills
992 2547 30 16 on
1036 2540 99 34 Sydney,
1150 2542 24 20 at
1187 2539 70 28 thirty

668 2567 62 28 days'
740 2566 65 29 sight,
817 2567 46 22 will
870 2568 30 22 be
914 2566 77 23 issued
1004 2570 23 19 at
1041 2566 45 23 this
1101 2567 63 22 office
1180 2569 23 20 to
1218 2566 38 22 the

667 2594 99 28 Settlers,
776 2595 35 21 for
819 2593 55 24 such
884 2600 61 16 sums
956 2601 24 15 as
990 2601 52 19 may
1050 2594 29 21 be
1088 2592 109 35 required,
1211 2596 24 19 at
1243 2599 14 16 a

667 2621 82 27 charge
764 2622 26 21 of
805 2624 44 19 two
864 2627 41 21 per
918 2624 68 24 cent.,
1002 2620 140 23 redeemable
1157 2620 23 22 in
1199 2619 58 23 New

666 2647 107 29 Zealand,
784 2648 23 22 in
818 2647 37 23 the
865 2650 66 19 notes
942 2648 26 21 of
980 2647 43 22 this
1038 2647 72 27 Bank,
1126 2646 53 23 with
1193 2654 15 15 a
1222 2653 35 16 re-

667 2677 51 20 turn
734 2674 27 23 of
776 2674 38 23 the
830 2677 43 20 two
887 2681 42 21 per
942 2677 67 23 cent.,
1029 2674 52 22 thus
1100 2673 104 27 enabling
1220 2673 37 22 the

667 2701 106 23 colonists
783 2705 23 19 to
815 2701 104 23 transmit
929 2700 58 23 their
995 2700 68 23 funds
1072 2700 93 23 without
1174 2700 83 23 deduc-

666 2728 55 23 tion.

690 2761 52 23 The
752 2761 114 23 Directors
873 2760 101 23 likewise
984 2760 105 24 continue
1098 2763 24 19 to
1135 2763 66 25 grant
1215 2759 41 23 let-

666 2791 44 19 ters
720 2789 27 21 of
759 2789 75 26 credit,
845 2788 95 27 payable
950 2791 24 19 at
983 2787 66 28 sight,
1060 2787 35 23 for
1104 2794 45 21 any
1158 2794 50 15 sum
1217 2789 40 19 not

666 2815 124 28 exceeding
797 2815 69 27 £300,
877 2814 48 23 and
933 2814 52 22 bills
994 2818 24 18 at
1029 2813 69 28 thirty
1113 2813 61 28 days'
1189 2813 66 28 sight,

665 2841 37 23 for
707 2842 74 27 larger
785 2844 111 25 amounts,
906 2848 29 15 on
942 2841 59 22 their
1008 2841 114 22 Branches
1130 2844 22 18 at
1157 2840 98 28 Sydney;

666 2868 90 22 Hobart
773 2868 87 27 Town,.
874 2868 151 27 Launceston,
1050 2867 46 23 and
1115 2867 140 27 Melbourne,

666 2895 55 22 Port
730 2894 81 29 Philip,
827 2901 31 16 on
867 2894 38 22 the
914 2894 66 22 usual
989 2897 76 19 terms.

860 2928 35 26 By
905 2927 66 22 order
980 2927 27 22 of
1016 2927 39 22 the
1066 2928 80 26 Board,

799 2961 130 23 SAMUEL
943 2961 157 28 JACKSON,.
1103 2961 124 28 Secretary.

694 2995 49 23 The
749 2995 102 23 business
860 2994 27 23 of
898 2994 38 23 the
943 2994 91 23 Branch
1041 2994 64 23 Bank
1113 2993 144 24 commenced

666 3025 25 19 at
703 3022 56 23 Port
766 3022 132 27 Nicholson,
912 3022 56 22 New
981 3021 107 27 Zealand,
1101 3021 52 22 24th
1166 3021 90 27 March,

667 3050 61 21 1840.

667 3096 93 33 rpHE
775 3095 228 23 UNDERSIGNED
1015 3095 56 28 begs
1086 3098 24 20 to
1124 3095 82 23 inform
1218 3094 39 23 the

674 3118 30 27 X
731 3131 4 2 '
743 3123 84 28 Public,
844 3122 50 23 that
904 3122 30 23 he
943 3123 20 22 is
971 3123 70 22 about
1051 3125 23 19 to
1084 3129 63 21 carry
1157 3129 30 15 on
1195 3121 62 23 busi-

667 3156 52 16 ness
728 3156 25 16 as
762 3157 14 15 a

820 3175 152 23 GENERAL
987 3175 114 28 AGENT,

666 3208 25 23 in
700 3208 141 28 partnership
849 3209 55 22 with
911 3209 32 22 H.
950 3208 104 32 Tajlor,
1065 3215 51 16 now
1125 3215 29 15 on
1163 3208 37 22 his
1208 3215 49 21 way
1265 3217 3 3 •

667 3238 24 19 to
700 3231 54 27 Port
763 3235 106 23 Jackson.
897 3235 49 22 The
962 3234 141 30 partnership
1116 3234 45 23 will
1174 3235 29 22 be

667 3262 64 23 tered
749 3262 47 23 into
814 3262 154 28 immediately
983 3269 29 15 on
1032 3261 38 23 the
1180 3261 35 23 of.
1223 3261 45 22 H.

667 3288 90 28 Taylor,
773 3288 72 23 under
859 3288 41 23 the
914 3289 50 23 firm
979 3288 27 24 of
1023 3288 148 23 MOREING
1189 3287 69 24 AND

668 3315 136 24 TAYLOR.
1264 3329 3 8 ,

666 3353 5 5 >
725 3346 8 31 ;
1024 3341 33 23 H.
1074 3341 156 24 MOREING.

825 3392 168 22 WILLIAM
1005 3392 98 22 LYON
1214 3408 6 5 .

670 3425 108 48 BEGS
787 3428 23 20 to
820 3426 72 22 direct
901 3426 38 22 the
949 3426 111 22 attention
1067 3425 26 23 of
1103 3425 37 23 the
1149 3424 111 24 Colonists

747 3455 23 19 to
779 3452 37 22 the
825 3452 117 28 following
950 3453 39 21 list
995 3453 25 21 of
1032 3452 83 27 Goods,
1123 3452 47 28 just
1175 3452 84 22 landed

671 3485 29 14 ex
911 3486 29 15 on
950 3479 46 22 sale
1005 3482 24 19 at
1037 3479 35 23 his
1079 3479 70 27 Store,
1157 3481 49 19 east
1214 3479 45 22 end

672 3504 25 22 of
708 3504 38 22 the
755 3506 136 27 Company's
900 3506 145 22 Storehouses
1051 3513 38 14 :—
1102 3521 2 5 .
1209 3523 5 3 .
1263 3527 2 9 ,

698 3539 29 20 30
741 3538 91 28 fowling
846 3540 81 26 pieces,
948 3541 11 20 1
975 3539 112 23 excellent
1102 3539 54 27 rifle,
1171 3539 87 23 several

672 3563 103 24 hundred
790 3565 73 22 dozen
880 3566 27 21 of
924 3566 58 22 wine
998 3566 46 22 and
1062 3566 87 28 liqueur
1166 3565 90 27 glasses,

672 3590 113 29 tumblers,
800 3599 118 21 rummers,
931 3593 46 22 and
991 3593 129 27 decanters;
1139 3599 14 14 a
1166 3593 92 26 general

671 3620 133 20 assortment
813 3618 27 22 of
849 3619 88 27 cutlery
943 3619 47 22 and
996 3619 120 27 hardware,
1124 3618 79 23 knives
1212 3619 46 22 and

670 3642 69 28 forks,
757 3650 81 21 razors,
856 3645 99 28 scissors,
978 3646 42 21 &c.
1039 3646 49 27 &c.,
1112 3646 29 22 all
1159 3648 59 21 sorts
1234 3646 27 22 of

671 3671 135 26 carpenter's
821 3671 46 22 and
882 3671 95 28 joiner's
985 3671 70 28 .tools,
1072 3673 70 21 frame
1161 3672 47 21 and
1223 3672 35 28 pit

670 3702 63 20 saws,
747 3695 69 29 locks,
830 3697 65 28 bolts,
912 3698 86 27 hinges,
1011 3698 47 22 and
1073 3706 14 14 a
1100 3698 117 23 collection
1232 3699 28 22 of

670 3721 89 23 articles
773 3725 36 20 too
825 3730 122 16 numerous
961 3728 24 19 to
997 3725 115 31 mention}
1131 3732 29 15 an
1175 3727 82 21 assort-

670 3752 63 19 ment
742 3749 27 22 of
777 3749 95 23 woollen
882 3751 70 26 stuffs,
960 3751 89 27 printed
1055 3758 104 20 merinos,
1166 3751 90 27 printed

669 3775 70 22 scarfs
749 3775 45 23 and
802 3782 89 21 aprons,
902 3776 67 28 fancy
978 3777 90 27 printed
1076 3777 177 28 handkerchiefs,

669 3801 100 23 Madden
785 3801 59 23 table
862 3809 78 15 covers
964 3803 45 22 and
1025 3810 14 16 a
1054 3807 63 23 great
1131 3803 86 28 variety
1232 3804 27 22 of

668 3828 71 28 slops;
754 3828 95 29 powder,
860 3829 58 28 shot,
934 3829 46 22 and
992 3829 127 28 percussion
1131 3836 67 21 caps;
1213 3830 49 28 tin,,

668 3855 158 28 earthenware,
842 3855 47 23 and
903 3855 129 28 stationary.
1062 3855 62 28 Also,
1138 3857 15 21 3
1167 3859 50 20 cwt.
1227 3858 35 22 ,of-

667 3881 58 28 zinc,
736 3881 93 23 suitable
843 3881 36 23 for
891 3881 94 29 roofing,
1001 3882 47 24 and
1064 3884 29 21 30
1109 3883 91 23 bushels
1210 3883 44 24 fine

667 3909 39 22 red
717 3909 77 27 wheat,
805 3909 35 22 for
849 3908 61 24 seed.
987 3910 3 4 '
1258 3917 2 8 •

694 3942 51 24 11th
755 3942 71 30 April,
838 3943 62 22 1840.

53 416 83 24 NEW
153 414 169 23 ZEALAND
338 413 99 23 LAND
454 411 183 23 COMPANY.

53 469 94 30 Capital,
160 468 118 28 £100,000,
293 467 24 23 in
325 468 58 22 4000
390 465 80 24 Shares
479 463 28 25 of
514 465 50 23 £26
573 463 62 29 each,

274 494 32 23 all
314 493 55 29 paid
376 500 38 22 up.
559 506 5 4 -
606 491 7 8 '

56 565 2 3 .
83 550 3 4 '
131 548 131 23 Governor:
275 546 50 24 The
334 546 66 24 Eari,
410 553 28 16 or
447 545 113 24 Durham.
644 548 2 23 |

95 582 92 28 Deputy
196 581 130 23 Governor:
341 579 87 23 Joseph
442 579 83 28 Somes,
540 578 52 29 Esq.
644 572 2 35 |

143 616 5 3 '
169 623 3 6 <
282 613 129 24 Directors:

105 640 61 23 Lord
176 640 73 28 Petre,

105 668 63 23 Hon.
178 667 93 23 Francis
279 666 91 28 Baring,
381 666 69 27 M.P.,

104 694 63 23 John
176 693 103 24 Ellorker
287 694 111 26 Boulcott,
413 694 61 27 Esq.,

105 720 62 25 John
176 720 101 23 William
286 719 93 30 Buckle,
388 720 61 28 Esq.,

105 746 89 24 Russell
202 747 79 28 Ellice,
290 746 62 30 Esq.,

105 774 78 23 James
191 773 82 24 Brodie
283 773 100 28 Gordon,
394 773 61 29 Esq.,
644 783 2 17 ;

103 801 100 22 Thomas
211 800 68 23 Alefs
287 799 106 29 Hankey,
404 800 60 28 Esq.,

105 827 99 23 William
214 827 60 22 Hutt
289 826 63 29 Esq.,
363 826 69 28 M.P.,

105 855 94 22 Stewart
207 853 163 29 Majoribanks,
380 854 62 26 Eso.,

104 882 37 21 Sir
149 880 99 23 William
258 880 151 28 Molesworth,
418 881 71 27 Bart.,
500 880 68 27 M.P.,

105 907 131 23 Alexander
245 907 79 27 Nairn,
335 908 62 27 Esq.,

104 932 63 25 John
176 934 66 27 Pirie,
252 933 60 28 Esq.,
326 932 129 28 Alderman,

104 961 37 22 Sir
150 960 89 28 George
248 959 102 27 Sinclair,
360 960 69 26 Bart,
440 956 72 30 M.P.,
531 979 3 3 .
644 958 2 20 I

103 987 63 23 John
176 986 59 23 Abel
244 986 80 27 Smith,
334 985 61 29 Esq.,
406 985 73 28 M.P.,*
491 983 5 4 '
644 983 2 23 !

103 1014 61 21 Wm.
173 1013 137 27 Thompson,
322 1013 61 27 Esq.,
394 1013 130 27 Alderman,
536 1011 68 28 M.P.,

103 1040 37 23 Sir
148 1040 80 29 Henry
238 1039 79 27 Webb,
329 1039 70 28 Bart.,

81 1088 4 6 ,
103 1066 87 23 Arthur
199 1066 80 27 Willis,
288 1065 63 30 Esq.,

105 1093 88 27 George
202 1092 120 23 Frederick
332 1095 88 25 Young,
431 1091 53 29 Esq.

163 1127 130 25 Secretary:
307 1126 64 24 John
380 1126 83 29 Ward,
474 1126 53 29 Esq.

27 1173 10 11 /
315 1173 35 3 —^—
350 1173 23 4 —

24 1184 4 29 I
47 1187 95 24 .THHE
150 1186 61 24 main
220 1187 97 22 features
324 1186 28 23 of
357 1186 38 23 the
402 1188 84 26 system
493 1186 27 23 of
525 1185 112 24 coloniza-

45 1218 6 5 '
58 1213 29 24 X
124 1214 47 23 tion
181 1213 97 28 adopted
286 1214 31 27 by
327 1214 39 23 the
377 1214 124 28 Company,
517 1220 44 20 are,
564 1225 30 5 —
595 1214 40 26 Ist,

24 1244 3 19 [
51 1242 36 21 the
96 1241 46 22 sale
150 1240 27 23 of
181 1240 78 28 -lands,
273 1243 24 20 at
309 1247 31 16 an
354 1241 98 22 uniform
466 1239 47 24 and
526 1239 111 23 sufficient

49 1268 71 28 price;
137 1267 46 23 and
196 1267 77 28 2hdly,
288 1267 40 22 the
343 1267 153 28 employment
510 1267 26 22 of
548 1273 14 16 a
576 1267 60 27 large

49 1294 87 27 portion
145 1294 26 22 of
177 1294 38 23 the
219 1293 215 29 .purchase-money,
444 1301 24 14 as
478 1301 30 14 an
518 1291 117 29 Immigra-

50 1322 46 21 tion
105 1320 72 23 Fund.
206 1321 29 22 In
244 1320 63 23 these
316 1324 105 24 respects,
437 1320 38 22 the
484 1320 120 28 principles
613 1320 27 22 of

49 1347 69 23 South
130 1348 115 22 Australia
257 1347 59 22 have
331 1348 57 21 been
403 1347 105 22 followed
519 1354 26 15 as
558 1347 77 27 nearly

49 1381 24 16 as
91 1374 170 23 circumstances
276 1374 81 27 would,
375 1374 26 23 in
415 1374 38 23 the
471 1376 91 26 present
577 1380 57 21 case,

49 1401 88 27 permit.

73 1434 49 22 The
136 1434 71 27 grand
221 1434 75 28 object
310 1433 28 23 of
352 1434 38 22 the
404 1440 56 21 new,
475 1440 25 16 or
512 1434 123 28 improved,

48 1463 83 25 system
140 1461 27 22 of
177 1461 37 22 the
225 1461 97 28 disposal
336 1461 27 23 of
378 1460 97 24 colonial
489 1460 73 27 lands,
579 1460 18 23 is
613 1464 24 19 to

47 1487 100 27 regulate
160 1486 39 24 the
213 1488 80 28 supply
308 1488 27 22 of
350 1495 52 15 new
414 1487 62 27 land,
492 1487 31 34 by
538 1487 38 23 the
589 1488 48 22 real

47 1517 70 19 wants
129 1514 26 22 of
169 1514 38 23 the
221 1514 119 27 Colonists,
356 1522 25 15 so
395 1514 49 22 that
458 1510 39 26 the
508 1510 58 26 land
580 1514 57 22 shall

47 1546 70 16 never
133 1540 29 22 be
180 1541 72 22 either
269 1541 190 28 superabundant,
481 1548 26 14 or
524 1540 111 29 deficient,

47 1566 72 22 either
133 1569 38 19 too
187 1567 78 28 cheap,
282 1574 26 14 or
326 1570 38 20 too
383 1567 59 22 dear.
481 1567 24 22 It
520 1567 42 23 has
578 1567 58 23 been

47 1592 77 23 shown
133 1593 48 23 that
190 1594 38 22 the
239 1596 43 20 due
293 1594 132 27 proportion
438 1594 104 22 between
556 1594 80 28 people

47 1620 46 21 and
98 1620 56 22 land
159 1627 52 21 may
215 1621 30 21 be
252 1621 128 27 constantly
386 1620 94 23 secured
485 1621 30 27 by
521 1620 115 23 abandon-

46 1646 40 28 ing
95 1646 38 23 the
141 1646 46 33 old^
189 1650 84 25 system
282 1647 28 22 of
321 1654 96 20 grants,
428 1647 46 23 and
483 1648 115 27 requiring
606 1654 30 16 an

46 1673 99 23 uniform
222 1681 41 21 per
272 1681 59 20 acre,
346 1674 35 22 for
390 1673 30 23 all
429 1681 50 15 new
488 1674 73 26 lands,
573 1674 63 23 with-

47 1703 40 19 out
96 1700 123 28 exception.
248 1700 26 23 If
285 1700 39 22 the
333 1701 61 28 price
404 1700 28 22 be
446 1704 41 19 not
501 1703 37 19 too
552 1700 49 26 low,
616 1701 19 22 it

47 1726 73 23 deters
128 1727 137 27 speculators
272 1727 61 23 from
346 1728 118 27 obtaining
477 1727 62 28 land,
554 1727 64 23 with.
622 1735 14 15 a

24 1759 6 26 |
47 1753 57 22 view
113 1756 23 19 to
141 1754 93 27 leaving
243 1753 58 23 their
309 1757 106 29 property
423 1754 25 22 in
458 1761 15 15 a
483 1754 75 22 desert
571 1757 64 26 state,

47 1779 47 23 and
107 1780 51 22 thus
170 1783 105 23 prevents
284 1781 111 27 injurious
404 1780 124 29 dispersion
534 1788 6 20 ;
554 1781 19 22 it
582 1781 53 28 also,

47 1806 31 28 by
87 1806 134 29 compelling
229 1815 67 20 every
302 1808 105 22 labourer
414 1811 23 19 to
444 1808 62 22 work
513 1808 35 22 for
555 1815 80 21 wages,
644 1810 2 3 '

24 1838 8 4 '
47 1833 58 22 until
114 1833 29 23 he
152 1833 41 23 has
202 1834 68 22 saved
282 1834 40 22 the
331 1834 55 28 only
395 1840 79 17 means
483 1835 26 22 of
521 1835 116 28 obtaining

47 1858 61 28 land,
117 1860 88 23 insures
217 1868 24 14 a-
247 1861 80 28 supply
341 1861 28 22 of
379 1861 79 23 labour
472 1861 35 23 for
521 1861 55 23 hire.
606 1862 29 27 If,

24 1898 12 12 j
47 1893 30 15 on
87 1886 38 22 the
134 1886 65 23 other
207 1887 68 28 hand,
291 1888 38 22 the
338 1888 61 27 price
408 1888 27 22 be
446 1891 41 19 not
496 1891 37 19 too
542 1888 61 27 high,
618 1889 19 21 it
644 1892 2 4 '

47 1912 87 23 neither
143 1914 100 22 confines
252 1914 38 22 the
300 1910 88 28 settlers
402 1914 77 23 within
494 1922 14 15 a
522 1922 65 21 space
602 1915 35 23 in-

47 1940 160 28 conveniently
222 1948 95 20 narrow,
333 1948 42 16 nor
388 1941 54 22 does
456 1942 19 21 it
490 1945 94 23 prevent
597 1942 40 22 the

47 1966 80 29 thrifty
140 1966 104 24 labourer
257 1968 58 22 from
329 1968 119 27 becoming
463 1975 14 15 a
488 1969 147 27 land-owner,
644 1975 2 23 ;

47 1992 58 24 after
113 1993 101 29 working
223 2002 61 15 some
294 1995 56 22 time
359 1995 36 22 for
403 2002 82 20 wages.

74 2020 23 22 A
113 2020 119 28 sufficient,
248 2022 42 22 but
309 2025 41 19 not
367 2028 63 16 more
449 2022 55 22 than
524 2021 112 23 sufficient

46 2046 63 27 price
119 2047 35 22 for
160 2069 7 5 ,
164 2046 34 26 all
207 2055 51 15 new
272 2048 62 27 land,
349 2049 20 21 is
383 2048 38 23 the
435 2049 62 21 main
512 2049 133 23 featured-

46 2071 40 22 the
101 2070 52 25 hew
167 2076 92 27 syeUnr
265 2075 40 18 of-
308 2072 159 22 colonization:
495 2074 142 21 -nvddViStes
642 2070 3 23 ,1

47 2105 68 26 every
126 2104 85 22 species
225 2098 27 22 of
264 2096 103 30 bondage
373 2105 7 19 ;
398 2097 31 28 by
443 2096 120 29 providing
576 2103 61 16 com-

47 2124 90 23 binable
146 2124 85 26 labour,
242 2124 18 21 it
268 2124 92 22 renders
369 2124 103 27 industry
479 2131 55 19 very
543 2123 95 28 produc-

49 2151 51 26 tive,
111 2150 46 23 and
166 2150 120 23 maintains
294 2150 56 23 both
358 2149 56 29 high
428 2157 80 20 wages,
525 2149 46 22 and
583 2149 55 27 high

47 2178 90 28 profits;
158 2178 19 21 it
191 2177 78 23 makes
286 2177 41 23 the
343 2176 82 29 colony
440 2184 26 15 as
481 2176 116 23 attractive
613 2183 25 16 as

47 2204 104 28 possible,
165 2204 56 22 both
234 2207 25 19 to
273 2204 122 28 capitalists
409 2204 47 22 and
470 2206 24 19 to
507 2203 129 27 labourers;

47 2231 47 22 and
102 2234 41 19 not
151 2230 86 28 merely
246 2234 23 19 to
277 2230 71 28 these,
360 2231 42 22 but
411 2230 54 28 also,
474 2230 31 28 by
514 2230 125 29 bestowing

47 2265 30 15 on
91 2257 38 23 the
140 2258 89 28 colony,
245 2256 37 24 the
293 2258 75 23 better
381 2257 117 22 attributes
513 2257 27 22 of
556 2264 29 15 an
601 2256 38 23 old

46 2284 93 29 society,
149 2288 24 19 to
180 2284 64 23 those
251 2284 50 23 who
308 2284 58 23 have
374 2291 14 15 a
393 2284 93 23 distaste
493 2284 34 22 for
534 2283 59 23 what
598 2283 41 23 has

48 2311 125 23 heretofore
181 2311 59 23 been
250 2311 38 23 the
300 2311 114 28 primitive
424 2311 117 23 condition
552 2310 26 23 of
588 2317 51 16 new

46 2337 106 24 colonies.

75 2364 48 23 The
132 2367 63 26 great
204 2363 73 30 object
287 2364 27 23 of
325 2364 38 23 the
372 2364 89 29 price>is
473 2368 23 19 to
510 2371 77 16 secure
601 2363 38 23 the

47 2394 60 19 most
115 2391 108 23 desirable
233 2391 143 28 proportions
383 2392 103 22 between
499 2390 81 30 people
594 2391 46 22 and

47 2417 54 23 land
107 2426 7 19 ;
127 2418 42 23 but
178 2418 38 23 the
226 2418 53 28 plan
289 2418 42 22 has
340 2419 38 22 the
385 2418 87 23 further
479 2419 71 22 result
556 2418 26 22 of
587 2425 52 21 pro-

48 2444 83 28 ducing
141 2452 14 15 a
163 2452 106 20 revenue,
284 2444 77 25 which
374 2444 46 24 will
434 2449 42 18 not
491 2445 53 27 only
559 2444 80 28 supply

48 2470 39 23 the
98 2471 104 29 requisite
216 2472 66 28 profit
297 2476 24 17 to
334 2472 39 23 the
388 2472 155 23 shareholders
557 2472 26 22 of
599 2471 38 23 the

47 2498 124 32 Company,
194 2498 41 23 but
256 2498 115 23 furnishes
392 2498 38 23 the
453 2506 79 15 mean
539 2506 12 15 3
550 2498 33 23 for
608 2505 29 15 an

49 2524 154 28 Immigration
214 2525 72 28 Fund,
287 2537 32 6 —
320 2533 14 15 a
341 2525 56 23 fund
404 2526 129 27 constantly
539 2524 98 29 applica-

47 2550 37 23 ble
100 2555 23 19 to
138 2552 38 22 the
192 2559 95 21 purpose
303 2552 28 23 of
343 2552 106 28 bringing
463 2552 80 23 labour
559 2556 23 19 to
599 2551 38 23 the

47 2578 162 30 colony-—that
221 2580 26 26 is,
264 2579 25 22 in
305 2580 95 27 causing
416 2574 39 28 the
470 2579 51 22 best
538 2586 57 15 sort
613 2578 28 23 of

47 2604 148 23 colonization
206 2608 24 19 to
238 2606 96 31 proceed
343 2609 25 19 at
378 2605 38 23 the
427 2608 99 25 greatest
539 2605 96 29 possible

48 2634 55 19 rate.
131 2632 54 23 And
192 2632 43 23 this
242 2640 19 15 is
268 2632 39 23 the
314 2632 83 23 second
405 2632 86 23 feature
501 2632 27 23 of
539 2632 38 23 the
586 2639 50 16 new

48 2661 91 24 system.

75 2684 53 33 The^
133 2684 152 29 employment
294 2686 27 22 of
335 2686 38 22 the
386 2686 209 28 purchase-money,
611 2693 26 16 or

47 2710 39 23 the
94 2711 111 29 principal
214 2716 50 24 part
272 2712 27 23 of
308 2712 26 26 it,
343 2713 25 22 in
378 2713 127 28 conveying
514 2713 85 22 settlers
613 2716 24 19 to

47 2737 39 22 the
96 2738 88 28 colony,
194 2738 41 23 has
244 2739 37 22 the
291 2739 114 28 following
414 2740 84 22 effects.
528 2740 22 21 It
559 2739 77 23 makes

47 2763 39 23 the
100 2766 132 26 purchasers
246 2766 26 22 of
287 2766 54 22 land
355 2773 37 16 see
406 2766 94 28 plainly,
515 2766 49 22 that
578 2766 59 23 their

47 2797 84 21 money
140 2792 45 22 will
192 2792 30 22 be
230 2792 106 22 returned
345 2792 24 22 in
383 2792 38 22 the
434 2792 69 28 shape
516 2793 27 22 of
557 2792 80 23 labour

47 2817 46 23 and
102 2818 138 28 population.
268 2818 24 23 It
301 2819 72 26 tends,
387 2819 29 27 in.
421 2818 53 28 fact,
489 2822 24 19 to
521 2818 67 23 lower
597 2819 39 23 the

46 2850 120 22 necessary
183 2844 108 23 standard
308 2846 27 21 of
349 2845 69 28 price,
432 2846 104 26 because,
552 2845 54 23 with
620 2853 15 15 a

47 2874 105 19 constant
160 2871 72 22 influx
243 2871 26 22 of
279 2871 80 28 people
368 2875 24 18 to
401 2867 38 26 the
449 2872 88 27 colony,
545 2872 38 21 the
592 2872 44 23 due

47 2898 129 27 proportion
181 2898 102 22 between
290 2898 79 28 people
376 2897 45 23 and
427 2898 55 22 land
488 2905 53 21 may
547 2898 28 22 be
582 2898 55 28 kept

46 2931 31 20 up
84 2924 31 32 by
125 2931 14 15 a
146 2924 70 23 lower
224 2925 68 27 price,
305 2924 56 23 than
369 2924 21 22 if
401 2924 64 23 there
474 2932 58 15 were
541 2931 30 16 no
580 2926 56 21 such

46 2950 151 28 immigration
203 2966 6 7 .
228 2952 23 21 It
260 2951 112 23 therefore
378 2951 130 23 diminishes
515 2951 38 23 the
559 2946 78 33 period

47 2977 81 28 during
137 2977 74 23 which
220 2978 37 22 the
265 2977 106 23 labourer
383 2981 61 19 must
456 2978 61 22 work
531 2978 35 22 for
579 2978 56 28 hire,

47 3003 46 22 and
101 3004 32 28 by
141 3004 39 23 the
193 3004 63 28 rapid
270 3012 103 20 progress
387 3005 74 22 which
475 3005 17 22 it
507 3005 92 27 imparts
613 3008 23 19 to

47 3030 39 22 the
93 3030 50 23 best
152 3034 46 19 sort
206 3032 27 21 of
242 3032 158 27 colonization,
414 3031 20 22 it
448 3031 102 29 explains
564 3034 24 19 to
597 3031 38 23 the

46 3056 119 29 labouring
173 3057 57 23 class
239 3058 26 21 of
270 3058 147 28 immigrants,
428 3058 50 23 that
486 3065 68 21 every
561 3065 43 16 one
613 3058 25 23 of

47 3082 63 23 them
122 3084 51 23 who
187 3085 22 22 is
222 3085 137 22 industrious
375 3085 46 22 and
437 3085 86 28 thrifty,
540 3092 52 19 may
607 3085 28 22 be

47 3116 51 16 sure
107 3112 24 20 to
140 3111 93 22 become
244 3114 42 19 not
299 3111 92 28 merely
399 3119 29 14 an
443 3119 76 15 owner
533 3112 26 22 of
573 3112 62 26 land,

47 3136 42 22 but
104 3136 47 23 also
166 3137 25 22 in
209 3137 36 22 his
263 3140 61 25 turn,
345 3144 29 16 an
394 3138 115 28 employer
526 3138 27 23 of
571 3138 64 23 hired

47 3162 122 27 labourers,
180 3170 14 15 a
202 3166 85 19 master
296 3164 26 21 of
331 3167 109 20 servants.

76 3189 68 23 From
152 3189 64 23 these
223 3189 184 29 considerations,
422 3191 39 22 the
470 3191 117 29 Company
595 3191 41 24 has

47 3215 98 28 adopted
163 3215 38 23 the
217 3224 63 15 same
296 3219 84 26 system
395 3217 26 22 of
437 3216 155 29 disposing^of
608 3219 28 22 its

47 3245 70 19 waste
127 3243 72 28 lands,
214 3250 26 15 as
254 3243 43 22 has
310 3242 92 28 already
416 3243 85 27 proved
513 3243 79 30 highly
604 3245 33 23 fa-

48 3269 107 23 vourable
168 3272 24 20 to
206 3269 37 23 the
256 3269 186 29 productiveness
455 3270 26 22 of
496 3271 103 27 industry
613 3272 24 21 in

48 3294 72 23 South
129 3295 121 24 Australia.
280 3295 28 24 In
317 3303 15 16 a
341 3302 51 16 new
402 3295 89 28 colony,
505 3297 93 31 planted
612 3299 25 22 in

48 3328 15 14 a
72 3321 72 23 fertile
154 3323 45 23 and
213 3323 116 23 extensive
344 3321 112 28 territory,
472 3326 19 18 it
503 3330 20 16 is
536 3324 100 28 obvious,

48 3347 50 23 that
115 3348 39 23 the
169 3349 171 23 establishment
354 3349 27 23 of
395 3349 58 23 such
467 3355 14 16 a
495 3353 82 24 system
592 3351 19 22 is
625 3358 14 15 a

49 3377 82 20 matter
145 3375 28 22 of
188 3375 40 23 the
243 3375 93 30 deepest
353 3377 103 21 moment
472 3378 24 20 to
512 3376 36 22 the
564 3377 75 23 future

47 3400 91 24 welfare
150 3402 26 22 of
189 3403 93 28 society.
414 3402 20 22 it
448 3401 38 23 the
501 3402 49 23 best
564 3404 75 23 effects

48 3434 54 27 may
112 3427 52 23 with
173 3429 132 23 confidence
314 3429 31 23 be
352 3427 138 30 anticipated
496 3436 7 14 :
517 3436 15 15 a
538 3432 103 20 constant

49 3452 47 24 and
104 3455 90 27 regular
201 3455 81 29 supply
292 3456 27 22 of
330 3463 51 15 new
390 3455 56 23 land
454 3455 24 23 in
494 3455 43 23 due
550 3463 91 21 propor-

47 3480 48 22 tion
105 3483 23 19 to
138 3480 37 24 the
194 3486 71 18 wants
274 3482 27 23 of
310 3490 15 14 a
332 3482 131 29 population
476 3482 126 28 increasing
612 3484 30 27 by

47 3507 72 21 births
129 3508 45 22 and
184 3509 153 28 immigration
343 3517 7 19 ;
368 3509 30 22 all
413 3509 47 22 the-
468 3509 136 27 advantages
619 3513 22 19 to

48 3533 74 23 which
131 3534 43 22 faci
183 3534 51 23 ities
244 3535 27 23 of
281 3539 113 24 transport
400 3535 46 23 and
453 3535 188 23 communication

48 3566 39 15 are
97 3561 104 22 essential
209 3569 6 19 ;
232 3562 111 27 certainty
356 3562 27 22 of
393 3562 76 27 limits,
486 3562 46 22 and
545 3563 97 26 security

49 3586 26 21 of
89 3586 49 23 title
148 3590 23 19 to
180 3591 105 25 property
293 3589 24 22 in
328 3584 69 31 land;
412 3589 39 22 the
461 3592 97 25 greatest
570 3589 71 22 facili-

47 3612 44 22 ties
100 3626 13 14 o
114 3619 15 16 n
140 3614 114 28 acquiring
264 3612 39 25 the
314 3615 43 23 due
366 3615 104 28 quantity
476 3624 7 19 ;
498 3615 38 23 the
545 3618 97 25 greatest

47 3646 45 15 enc
114 3644 130 23 UTagement
253 3645 24 18 to
286 3642 151 27 immigration
446 3641 47 23 and
502 3643 139 26 settlement;

47 3665 47 22 and
108 3665 39 22 the
160 3670 58 19 most
232 3668 64 28 rapid
312 3675 102 21 progress
428 3669 28 21 of
470 3669 40 22 the
523 3669 79 31 people
616 3669 24 23 in

48 3692 102 22 material
160 3693 94 23 comfort
263 3694 47 23 and
319 3694 68 23 social
395 3695 173 28 improvement.
578 3696 7 10 '

75 3725 49 22 The
134 3725 65 23 Land
209 3727 71 22 Office
296 3728 35 21 for
348 3728 61 22 Sales
425 3728 45 23 and
487 3728 117 23 Transfers
621 3728 19 23 is

48 3758 52 15 now
109 3759 58 20 open
178 3755 25 19 at
215 3753 55 22 Port
286 3753 132 29 Nicholson,
436 3754 46 23 and
498 3754 37 23 the
550 3755 56 22 land
621 3756 18 21 is

29 3795 7 3 -
48 3778 50 22 sold
104 3778 24 22 in
136 3779 96 22 sections
239 3780 26 21 of
275 3782 42 21 100
324 3787 62 16 acres
393 3781 63 27 each,
465 3784 24 19 at
494 3782 32 22 £1
534 3789 39 20 per
580 3789 57 16 acre.

47 3805 49 22 The
111 3805 126 28 advantage
251 3806 27 21 of
292 3807 135 27 purchasing
441 3808 78 22 before
538 3808 37 22 the
591 3816 47 15 sur-

47 3838 56 21 veys
112 3838 38 16 are
159 3831 24 23 in
195 3839 14 15 a
223 3832 134 28 sufficiently
366 3834 97 22 forward
472 3837 56 20 state
541 3837 22 20 to
573 3835 64 22 allow

47 3859 28 21 of
86 3858 130 23 immediate
230 3859 114 27 selection,
361 3859 26 28 is,
402 3860 51 22 that
465 3860 38 23 the
512 3860 92 30 priority
615 3862 26 21 of

47 3885 77 24 choice
143 3885 19 22 is
180 3885 94 24 secured
287 3886 23 23 in
329 3885 37 23 the
386 3887 67 22 order
470 3887 24 22 in
508 3887 73 24 which
599 3888 37 23 the

39 3912 148 32 (registration
198 3912 27 23 of
236 3913 38 22 the
284 3913 108 27 purchase
401 3913 20 22 is
430 3913 73 24 made.
644 3914 2 30 j

41 3950 4 23 I
75 3940 54 23 Port
137 3939 132 29 Nicholson,
281 3935 66 35 April
357 3942 32 26 14,
402 3942 61 21 1840.
644 3935 2 30 J
