2520 4020
748 977 289 18 METEOROLOGICAL
1051 977 107 18 TABLE.

675 1012 40 18 for
725 1012 35 18 the
769 1012 56 18 week
834 1012 74 19 ending
921 1012 119 19 Thursday,
1049 1012 59 17 June
1125 1012 35 19 16,
1173 1012 58 17 1842.

1275 122 101 24 between
1388 122 38 24 the
1437 123 131 24 fraudulent
1579 122 46 23 and
1637 122 145 24 unfortunate
1798 131 56 17 man.

1275 155 25 23 It
1312 156 19 22 is
1343 155 49 23 said
1404 160 23 18 to
1439 156 29 23 be
1479 157 104 29 working
1601 160 60 19 most
1832 158 24 22 in

1275 196 14 15 a
1300 188 72 24 moral
1383 188 65 31 point
1459 189 34 27 of,,
1499 190 54 23 view
1566 188 81 23 also—
1649 188 45 24 and
1705 196 40 20 w,e.
1750 189 106 24 therefore

1275 221 45 23 call
1330 222 39 22 the
1381 223 112 22 attention
1510 223 24 22 of
1557 221 37 23 the
1613 221 130 24 mercantile
1763 223 51 22 class
1833 228 23 17 to

1275 254 39 23 the
1326 254 93 31 Sydney
1431 260 37 18 act
1482 256 44 22 and
1545 259 97 26 suggest
1660 255 37 23 the
1714 256 109 30 propriety
1833 256 26 23 of

1276 287 59 23 their
1355 287 110 31 bringing
1486 289 26 28 it,
1534 287 42 31 by*
1589 288 125 29 memorial,
1734 288 68 23 under
1818 289 38 22 the

1275 320 111 23 attention
1398 320 24 24 of
1437 321 39 23 the
1487 320 140 32 Legislative
1641 320 103 24 Council.

1309 370 63 24 Ever
1383 372 71 22 since.
1458 371 38 24 the
1508 372 121 23 formation
1642 372 23 23 of
1677 372 46 23 this
1732 371 124 24 settlement

1274 404 48 23 flax
1343 404 41 22 has
1406 404 60 24 been
1484 404 90 24 looked-
1588 412 62 24 upon
1673 413 25 15 as
1718 404 49 24 that
1788 404 67 24 which

1275 437 73 23 would
1359 437 93 24 become
1464 446 41 15 our
1521 442 61 19 most
1600 438 124 31 important
1743 438 71 23 article
1833 438 25 23 of

1276 474 88 27 export.
1412 470 59 24 Now
1484 492 5 6 ,
1495 471 43 23 and
1560 471 69 30 again
1649 471 38 23 the
1710 471 88 31 subject
1814 471 42 23 has

1275 502 110 25 attracted
1397 503 38 24 the
1454 505 110 22 attention
1582 504 27 23 of
1630 512 41 15 our
1691 505 85 30 public^
1795 505 30 22 for
1844 512 12 15 a

1275 536 58 23 little
1352 536 66 23 while
1426 545 7 20 ;
1452 537 49 23 but,
1508 537 117 32 generally
1636 537 43 23 few
1690 538 57 22 have
1767 538 89 30 thought

1275 569 28 23 of
1315 570 26 28 it,
1354 569 45 23 and
1409 569 66 24 those
1492 571 41 22 few
1548 570 97 23 without
1661 578 45 23 any
1724 570 131 23 determina-

1276 603 46 22 tion
1335 602 25 24 of
1375 602 100 31 keeping
1484 604 38 22 the
1533 604 123 29 important
1675 604 75 31 object
1766 604 89 31 steadily

1275 636 24 22 in
1310 637 64 22 view.

1309 669 74 30 Many
1393 669 93 23 months
1498 670 69 26 since,
1579 668 21 23 if
1614 669 19 22 it
1644 669 27 23 be
1680 674 41 18 not
1731 677 63 16 more
1804 670 51 24 than

1275 710 14 15 a
1299 710 62 22 year,
1376 710 13 15 a
1404 703 106 31 meeting,
1519 709 45 16 was
1580 701 79 30 called,
1680 703 38 22 the
1729 708 35 17 art
1776 703 23 23 of
1809 704 45 23 flax

1275 734 104 32 dressing
1397 735 136 30 disscussed,
1553 743 14 16 a
1585 736 135 23 committee
1731 737 122 29 appointed,

1275 776 29 16 an
1315 769 92 23 address
1419 769 89 23 written
1520 767 44 25 and
1576 768 129 31 published,
1718 768 53 24 with
1783 769 73 31 along

1273 801 40 24 list
1325 802 25 23 of
1364 809 78 16 names
1452 802 27 23 of
1494 802 82 32 parties
1588 801 87 31 willing
1688 806 22 19 to
1722 802 83 23 reward
1814 803 39 23 the

1274 835 71 31 lucky
1355 835 127 24 individual
1491 836 47 23 who
1555 833 82 25 should
1649 834 102 24 discover
1763 835 36 23 the
1807 835 49 24 best

1273 875 93 24 process
1376 868 25 23 of
1419 870 93 30 putting
1529 869 48 23 flax
1599 867 24 24 in
1646 876 13 15 a
1675 868 26 23 fit
1718 872 58 19 state
1795 873 16 19 to
1827 869 28 23 be

1274 901 95 31 shipped
1390 903 130 30 profitably.
1576 901 51 23 The
1658 901 135 24 Committee
1809 907 46 19 met

1274 942 55 16 once
1341 943 24 15 or
1377 936 71 28 twice,
1462 936 44 23 and
1517 943 32 16 we
1560 934 88 23 believe
1660 935 92 23 became
1773 934 82 25 divided

1273 967 48 24 into
1343 974 131 25 supporters
1499 969 24 23 of
1548 967 38 25 the
1606 967 87 32 boiling
1711 968 44 23 and
1776 969 24 23 of
1816 969 38 23 the

1274 1002 107 30 scraping
1398 1009 101 23 process.
1539 1000 60 25 This
1618 1002 100 23 creation
1738 1002 25 23 of
1777 1003 77 30 parties

1275 1034 90 24 showed
1376 1035 130 31 something
1517 1035 54 23 like-
1582 1041 84 24 energy
1673 1044 7 19 ;
1700 1035 41 23 but
1759 1035 95 24 indiffer-

1274 1075 55 16 ance
1339 1075 72 16 seems
1422 1073 22 18 to
1456 1068 57 23 have
1525 1067 89 31 allayed
1626 1068 37 23 die
1675 1067 126 31 difference,
1810 1069 44 23 and

1273 1100 58 24 from
1345 1100 48 24 that
1403 1101 79 31 period
1495 1101 36 23 the
1541 1101 137 23 Committee
1698 1108 52 23 may
1767 1101 28 23 be
1807 1102 47 23 said

1273 1138 23 19 to
1308 1134 57 23 have
1378 1132 57 25 been
1454 1134 99 28 defunct,
1571 1133 99 31 judging
1687 1133 60 24 from
1762 1134 37 23 the
1813 1143 41 16 use

1273 1167 26 23 of
1315 1167 73 23 which
1399 1167 18 23 it
1425 1167 43 23 has
1477 1168 61 22 since
1550 1167 67 23 been.

1308 1200 47 25 Mr.
1382 1200 89 23 Graves
1494 1199 87 25 arrived
1609 1200 52 23 here
1684 1200 61 23 from
1769 1200 85 24 Hobart

1274 1233 73 23 Town
1359 1241 61 15 some
1439 1234 38 23 six
1496 1233 73 24 weeks
1593 1240 54 23 ago,
1666 1233 45 23 and
1729 1234 125 24 announced

1273 1267 51 22 that
1332 1267 29 23 he
1373 1267 121 23 conceived
1503 1267 26 24 he
1543 1265 43 25 had
1598 1267 108 23 invented
1724 1275 14 15 a
1755 1267 97 24 machine

1274 1300 125 23 calculated
1417 1305 23 19 to
1460 1299 139 32 accomplish
1614 1299 37 23 thi
1666 1301 126 30 important
1803 1309 51 23 pur-

1273 1341 63 23 pose.
1384 1334 39 23 He
1442 1333 43 24 has
1505 1334 57 23 been
1585 1333 97 31 actively
1692 1334 56 28 -fand
1766 1334 88 30 steadily

1274 1367 118 30 employed
1402 1368 24 22 in
1437 1368 85 30 testing
1532 1368 29 22 its
1573 1367 87 23 merits.
1708 1367 35 23 Its
1762 1367 92 31 applica-

1273 1400 49 23 tion
1333 1400 41 23 has
1385 1401 122 30 suggested
1515 1407 68 23 many
1590 1400 124 30 important
1722 1400 131 24 alterations.

1275 1433 40 23 He
1326 1441 50 15 now
1387 1434 116 23 considers
1514 1435 38 22 the
1562 1433 103 23 machine
1677 1434 76 23 suited
1769 1435 32 22 for
1817 1434 37 24 the

1273 1474 106 24 purpose.
1421 1467 24 23 It
1464 1468 28 28 is,
1504 1467 110 27 however,
1627 1467 79 31 rudely
1719 1467 136 24 constructed

1274 1501 74 30 owing
1359 1505 23 17 to
1394 1500 38 23 the
1445 1500 110 31 difficulty
1567 1499 46 23 and
1625 1508 98 23 expense
1731 1500 26 23 of
1765 1501 88 31 getting,

1273 1534 24 22 in
1307 1533 45 24 this
1364 1533 71 31 place,
1447 1534 39 23 the
1499 1533 114 24 materials
1631 1534 44 22 aud
1692 1533 162 32 workmanship

1273 1566 30 24 he
1315 1566 41 24 has
1369 1567 113 30 required.

1307 1599 45 24 We
1363 1608 57 15 were
1432 1601 85 23 invited
1529 1601 38 23 the
1579 1599 66 24 other
1656 1600 44 32 day
1713 1604 23 19 to
1757 1601 97 23 examine

1265 1640 2 6 '
1273 1633 40 23 the
1336 1633 111 29 machine,
1472 1634 44 23 and
1538 1635 93 21 witness
1661 1634 38 23 the
1726 1634 80 23 results
1833 1634 25 24 of

1273 1667 93 30 putting
1387 1667 19 22 it
1428 1667 48 23 into
1499 1667 81 24 action.
1628 1667 44 22 We
1695 1667 105 31 accepted
1818 1667 37 24 the

1273 1700 121 23 invitation
1418 1701 45 23 and
1481 1708 57 16 were
1560 1699 68 24 much
1647 1700 92 31 pleased
1762 1705 23 17 at
1802 1701 54 23 what

1274 1741 34 15 we
1319 1734 128 23 witnessed.
1489 1735 35 22 As
1535 1741 33 15 we
1581 1741 38 15 are
1638 1738 39 18 not
1693 1734 127 23 mechinists
1838 1735 18 22 it

1276 1767 72 23 would
1360 1766 28 23 be
1400 1775 54 22 very
1473 1768 86 22 unwise
1576 1766 37 23 for
1633 1775 25 15 us
1679 1772 22 18 to
1719 1767 71 30 speak
1805 1768 51 22 with

1275 1801 129 22 confidence
1413 1809 6 19 ;
1439 1801 41 22 but
1499 1808 30 16 we
1546 1799 47 24 will
1611 1804 93 19 venture
1724 1806 23 17 to
1760 1808 39 22 say
1808 1801 16 22 it
1835 1802 20 22 is

1273 1833 52 23 well
1336 1834 135 31 worthythe
1482 1834 111 23 attention
1603 1834 25 22 of
1644 1833 64 23 those
1727 1834 49 22 who
1792 1834 63 31 really

1273 1867 139 22 understand
1425 1867 45 23 and
1482 1867 52 23 take
1545 1874 28 16 an
1581 1867 95 23 interest
1682 1868 24 22 in
1712 1867 43 26 .the
1765 1867 88 31 subject.

1308 1900 47 24 Mr.
1369 1900 89 24 Graves
1469 1900 41 24 has
1522 1900 111 31 prepared
1645 1908 13 15 a
1668 1905 133 26 prospectus
1809 1901 24 22 of
1842 1908 14 16 aya
1858 1924 3 5 v

1269 1937 4 8 L
1273 1933 68 28 plan*
1348 1933 35 22 for
1395 1935 107 27 carrying
1509 1934 44 20 'his'
1559 1934 69 20 views
1700 1933 73 22 effect.
1804 1931 60 32 'We£i

1266 1964 119 28 'however,
1398 1965 103 23 consider
1512 1966 17 21 it
1541 1965 28 22 oh
1589 1968 38 19 too
1646 1966 144 22 exteusive>a
1800 1966 54 23 scale

1273 1996 36 24 for
1328 2004 29 16 an
1376 1997 163 32 experimental
1550 1997 61 28 trial,
1625 1997 41 23 and
1683 1997 74 24 would
1769 2003 86 26 suggest

1274 2030 38 23 the
1331 2031 117 30 propriety
1468 2031 25 23 of
1508 2031 37 23 the
1562 2030 78 32 public
1658 2032 135 30 supporting
1809 2032 44 23 Mr.

1274 2062 96 30 Graves,
1384 2069 23 17 at
1418 2063 59 24 least
1489 2070 21 17 to
1528 2064 38 23 the
1579 2068 79 18 extent
1672 2065 24 22 of
1712 2064 93 31 making
1813 2072 41 16 one

1273 2104 26 15 or
1312 2102 41 18 two
1372 2097 126 29 machines,
1510 2105 23 16 as
1546 2096 87 32 perfect
1651 2105 24 15 as
1694 2097 30 23 he
1745 2105 42 15 can
1801 2105 54 23 upon

1273 2129 39 24 the
1322 2136 93 25 present
1436 2131 69 23 scale.
1541 2130 89 24 Should
1648 2130 52 31 they
1713 2138 86 16 answer
1814 2140 40 14 ex-

1272 2164 114 30 pectation
1405 2164 66 31 fully,
1489 2164 47 24 Mr.
1551 2163 90 24 Graves
1659 2164 82 23 should
1760 2164 29 23 he
1806 2164 50 24 then

1273 2197 114 23 rewarded
1406 2197 29 30 by
1454 2197 39 23 the
1514 2197 152 24 contribution
1686 2197 25 23 of
1726 2197 38 23 the
1783 2198 71 23 settle-

1273 2236 70 24 ment,
1355 2230 38 23 the
1415 2230 126 32 Company,
1554 2230 45 23 and
1612 2230 38 24 the
1661 2230 72 24 Local
1755 2230 99 25 Govern-

1264 2267 2 5 '
1273 2269 70 24 ment,
1355 2263 45 23 and
1411 2263 36 23 his
1459 2265 55 30 plan
1526 2263 64 25 made
1602 2264 77 30 public
1690 2264 35 24 for
1737 2265 37 23 the
1787 2272 34 16 use
1833 2265 25 23 of

1273 2296 39 24 all.
1348 2296 43 24 We
1403 2297 57 24 have
1480 2303 40 18 not
1538 2297 125 31 attempted
1673 2301 23 19 to
1709 2297 98 24 describe
1817 2298 37 23 the

1273 2330 111 29 machine,
1409 2338 25 16 or
1456 2335 24 19 to
1504 2335 57 19 state
1584 2330 39 24 the
1644 2331 103 30 quantity
1767 2331 25 23 of
1811 2332 44 23 flax

1273 2364 73 23 which
1372 2364 18 23 it
1407 2364 21 23 is
1452 2364 113 31 supposed
1584 2364 20 22 it
1611 2366 5 10 *
1623 2364 66 23 could
1706 2363 65 24 dress
1792 2364 61 32 daily.

1273 2397 44 23 We
1338 2397 57 23 have
1418 2397 98 32 thought
1537 2398 18 22 it
1576 2397 115 23 sufficient
1713 2402 22 18 to
1760 2397 42 24 call
1817 2398 37 23 the

1273 2431 110 22 attention
1402 2430 25 23 of
1449 2430 39 24 the
1506 2431 77 31 public
1600 2436 23 17 to
1646 2430 36 23 the
1701 2430 96 32 subject,
1811 2432 42 23 and

1273 2463 75 24 would
1366 2464 109 23 conclude
1491 2465 29 30 by
1538 2465 135 30 suggesting
1692 2464 37 23 the
1745 2465 109 31 propriety

1273 2497 26 23 of
1313 2498 175 30 re-suscitating
1499 2498 37 23 the
1548 2497 62 24 Flax
1628 2497 136 24 Committee
1780 2498 74 23 imme-

1273 2530 91 32 diately,
1377 2538 25 16 as
1421 2531 38 23 the
1476 2531 51 23 best
1545 2538 80 16 means
1647 2530 24 23 of
1686 2531 117 31 obtaining
1814 2540 40 14 au-

1274 2564 85 23 thentic
1378 2564 150 23 information'
1542 2564 129 30 respecting
1689 2564 37 23 the
1744 2566 73 22 merits
1833 2565 25 24 of

1274 2597 45 23 this
1330 2597 47 23 flax
1388 2597 105 23 machine
1503 2606 4 20 ;
1528 2597 72 28 when,
1614 2596 81 24 should
1715 2597 37 23 the
1767 2599 87 30 enquiry

1275 2638 66 24 prove
1353 2631 144 31 satisfactory
1508 2631 23 22 in
1536 2631 36 22 'its
1585 2630 90 28 results,
1690 2638 33 15 we
1740 2630 68 24 doubt
1815 2637 40 18 not

1277 2664 35 23 the
1322 2664 77 31 public
1410 2664 46 23 will
1476 2664 85 31 readily
1573 2664 127 22 contribute
1713 2664 37 22 the
1769 2665 35 23 aid
1818 2672 36 16 re-

1277 2698 76 31 quired
1371 2697 29 31 by
1413 2697 48 24 Mr.
1477 2698 87 23 Graves
1576 2701 23 18 to
1613 2697 67 31 bring
1691 2697 37 23 his
1740 2697 114 31 ingenious

1277 2731 114 23 invention
1412 2731 49 23 into
1483 2732 124 30 operation,
1632 2738 24 15 as
1680 2738 33 15 we
1734 2730 68 24 know
1818 2731 36 23 his

1277 2764 151 32 expectations
1447 2772 38 15 are
1506 2771 53 24 very
1579 2764 141 28 reasonable,
1741 2764 46 23 and
1806 2764 48 23 infi-

1277 2798 68 31 nitely
1356 2797 69 23 below
1446 2797 60 24 what
1526 2796 71 32 ought
1614 2801 22 19 to
1655 2797 27 23 be
1694 2797 103 23 awarded
1810 2797 44 24 him

1277 2831 77 24 should
1372 2831 38 23 the
1429 2831 146 23 termination
1588 2830 26 23 of
1628 2830 35 23 his
1684 2831 92 23 labours
1793 2839 62 23 prove

1277 2872 21 16 as
1310 2864 142 30 satisfactory
1465 2872 24 16 as
1503 2872 31 16 we
1546 2864 71 30 really
1628 2864 87 24 believe
1727 2865 18 22 it
1756 2864 51 24 will.

1291 2936 3 4 .
1308 2921 49 24 The
1379 2920 144 32 Enterprise,
1552 2930 14 15 a
1586 2921 68 23 small
1678 2929 49 16 new
1750 2921 105 24 schooner

1277 2955 54 23 built
1343 2956 23 21 in
1378 2954 38 23 the
1427 2955 76 23 South
1520 2954 88 29 Island,
1628 2955 71 23 sailed
1711 2963 63 15 some
1785 2956 69 22 weeks

1278 2989 57 23 since
1344 2988 60 23 from
1416 2988 45 23 this
1479 2989 53 23 with
1546 2997 14 14 a
1577 2988 43 23 full
1640 2996 70 23 cargo'
1726 2989 35 22 for
1778 2989 76 23 Mana-

1273 3026 67 24 watu,
1353 3021 45 23 and
1414 3022 138 31 Wanganui.
1597 3021 42 24 We
1658 3022 62 28 hear,
1739 3022 76 31 failing
1833 3027 22 19 to

1273 3055 68 23 make
1370 3054 38 24 the
1437 3056 80 23 mouth
1531 3055 40 24 'of
1597 3054 38 24 the
1657 3055 140 29 M'anawatu,
1816 3056 40 23 she

1273 3085 122 27 'continued
1406 3095 29 16 on
1447 3088 41 24 her
1499 3095 96 25 passage
1607 3093 24 18 to
1650 3088 131 31 Wanganui
1790 3097 6 21 ;
1816 3089 40 23 but

1274 3122 30 31 by
1313 3129 61 16 some
1385 3121 43 23 odd
1437 3121 96 24 blunder
1540 3121 101 24 mistook
1650 3121 37 24 the
1693 3121 161 31 Wangahiahu,

1274 3164 13 14 a
1299 3154 65 24 small
1375 3155 67 29 river,
1456 3156 69 22 about
1535 3156 38 22 six
1583 3154 67 24 miles
1666 3163 31 15 on
1708 3154 45 24 this
1773 3156 43 23 side
1833 3157 25 22 of

1274 3190 40 22 her
1326 3189 144 28 destination,
1477 3189 40 23 'for
1534 3189 38 23 the
1593 3187 142 32 Wanganui,'
1744 3189 44 23 and
1806 3197 50 16 run-

1275 3223 55 30 ning
1341 3222 24 23 in
1384 3229 56 16 soon
1459 3222 72 24 found
1551 3221 88 24 herself
1654 3221 56 32 high
1722 3222 46 23 and
1780 3222 36 31 dry
1827 3231 29 15 on

1275 3255 37 24 the
1324 3254 78 29 beach,
1421 3255 75 24 where
1512 3256 40 23 she
1571 3262 51 16 now
1642 3255 42 23 lies
1693 3264 6 21 ;
1720 3255 39 24 the
1780 3264 74 22 owner,

1276 3297 30 15 we
1324 3288 95 29 believe,
1439 3289 92 23 intends
1549 3287 84 32 selling
1651 3288 40 24 her
1708 3290 25 22 in
1750 3289 40 23 her
1808 3297 48 24 pre-

1275 3327 50 19 sent
1340 3326 66 19 state.
1451 3321 53 24 The
1522 3323 89 23 natives
1626 3322 126 31 plundered
1771 3331 13 15 a
1803 3324 53 30 good

1275 3363 66 24 many
1353 3355 98 29 articles,
1463 3355 43 24 but
1517 3356 48 23 Mr.
1579 3354 93 31 Mason,
1692 3356 39 23 tlie
1749 3356 106 24 Mission-

1276 3398 37 23 ary
1325 3388 122 24 interfered
1459 3389 54 23 with
1526 3388 154 25 considerable
1693 3389 74 24 effect.
1794 3390 62 24 Some

1276 3423 23 23 of
1313 3422 39 24 the
1362 3422 71 31 goods
1445 3422 59 24 have
1519 3422 57 24 been
1593 3422 77 24 carted
1689 3427 23 19 to
1732 3423 124 31 Wanganui

1276 3456 42 24 and
1329 3463 31 16 we
1372 3455 86 24 believe
1469 3456 32 23 all
1512 3456 44 23 will
1567 3455 28 24 be
1607 3455 70 24 taken
1689 3456 72 24 there.

1268 3493 12 23 .(

1277 3516 5 22 \
1307 3514 50 24 The
1378 3513 89 24 Nelson
1486 3513 128 24 Examiner
1636 3518 79 25 states,
1736 3514 51 24 that
1809 3515 47 32 they

1278 3547 52 24 iave
1340 3547 78 23 found'
1423 3547 154 24 considerable
1593 3546 112 32 difficulty
1725 3548 23 22 in
1768 3548 88 32 making

1277 3572 9 31 i
1298 3584 85 21 correct
1392 3580 60 24 table
1465 3581 25 23 of
1505 3581 37 23 the
1560 3579 158 25 Government
1736 3580 127 25 Estimates'

1277 3605 30 35 lor
1319 3615 71 26 1842,
1412 3622 25 14 as
1455 3613 56 32 they
1519 3613 63 24 -have
1594 3612 69 24 taken
1676 3614 62 22 them
1750 3614 58 24 from
1816 3623 40 15 our

1277 3643 71 35 iaper,
1361 3646 45 23 and
1417 3648 105 23 conceive
1534 3647 62 23 them
1609 3650 23 19 to
1649 3646 27 23 be
1696 3647 124 24 inaccurate
1832 3649 24 22 in

1276 3687 149 25 consequence
1437 3680 26 24 of
1479 3681 37 23 the
1527 3681 46 23 loss
1586 3680 27 22 of
1628 3680 47 23 Mr.
1693 3680 82 23 Yates.
1813 3680 42 24 We

1279 3721 50 16 vere
1347 3718 40 19 not
1405 3713 54 24 here
1479 3718 24 19 at
1522 3714 37 23 the
1576 3713 54 22 time
1651 3713 64 23 those
1734 3713 121 24 Estimates

1278 3754 52 30 yere
1348 3747 129 32 published,
1497 3747 88 24 neither
1606 3746 57 23 have
1686 3754 33 16 we
1743 3746 38 24 the
1804 3755 51 24 copy

1277 3780 47 37 yith
1336 3780 73 23 which
1420 3785 24 18 to
1456 3788 104 24 compare
1573 3779 62 23 them
1645 3788 6 20 ;
1672 3780 40 23 but
1724 3787 24 16 as
1766 3787 33 16 we
1814 3780 41 24 last

1276 3820 48 16 year
1336 3813 101 24 detected
1449 3822 123 16 numerous
1585 3812 45 24 and
1646 3813 123 31 important
1788 3820 66 17 errors

1275 3839 18 30 (h
1307 3847 37 22 the
1357 3847 136 30 Estimates,
1507 3855 31 16 we
1550 3846 76 25 would
1637 3851 94 27 suggest
1741 3847 112 31 probably,

1278 3887 30 20 pc
1325 3880 154 25 inaccuracies
1496 3888 49 16 now
1562 3880 142 31 complained
1722 3880 33 23 of-
1770 3880 43 24 will
1827 3881 27 23 be

1353 3917 21 17 to
1393 3914 115 30 originate
1524 3915 24 22 in
1567 3915 39 22 the
1624 3921 62 16 same
1705 3921 88 22 source,
1814 3914 42 24 and

1263 3938 2 27 i
1279 3937 29 37 ,|n
1324 3951 19 14 <o
1357 3944 38 22 the
1407 3937 106 45 printing
1525 3950 22 20 at
1558 3946 39 23 the
1613 3946 95 24 Gazette
1719 3947 73 27 office,

657 1854 95 63 New
783 1854 221 63 Zealand
1036 1854 221 63 Gazette

703 1917 66 22 AND
784 1917 213 23 WELLINGTON
1012 1918 238 22 SPECTATOR.

772 1983 156 26 Wednesday,
944 1983 63 21 June
1020 1985 34 24 22,
1067 1985 60 20 1842.

693 2042 24 23 It
736 2043 19 22 is
778 2049 50 16 now
849 2042 127 31 absolutely
998 2049 122 24 necessary
1142 2042 50 23 that
1215 2050 32 15 we

659 2075 80 24 should
750 2076 59 23 have
821 2083 29 15 an
862 2075 120 24 Insolvent
993 2075 51 24 law.
1091 2075 24 24 It
1124 2076 21 23 is
1158 2075 89 32 equally

660 2110 104 30 required
788 2114 23 18 to
830 2114 87 26 protect
936 2109 38 23 the
996 2109 104 29 creditor,
1122 2114 23 19 to
1164 2109 83 23 release

661 2142 36 24 the
710 2143 153 28 nnfortunate,
876 2142 44 23 and
934 2147 21 19 to
967 2142 84 31 punish
1063 2142 38 24 the
1118 2142 131 24 fraudulent

661 2176 85 24 debtor.

694 2209 75 24 There
782 2217 38 16 are
831 2217 69 23 many
911 2209 51 23 who
981 2209 58 23 have
1055 2209 66 23 acted
1139 2208 66 32 fairly
1225 2206 23 26 iri

661 2243 62 23 trade
732 2252 5 20 ;
751 2243 50 23 who
814 2243 57 23 have
883 2243 55 23 been
948 2243 115 31 judicious
1076 2244 46 22 and
1133 2243 114 23 economi-

662 2277 34 23 cal
696 2289 32 4 —
729 2276 41 24 but
787 2276 155 24 nevertheless
968 2276 158 23 unsuccessful
1148 2277 24 22 in
1192 2276 57 23 their

661 2310 174 31 undertakings.
873 2309 71 24 Their
953 2309 116 24 liabilities
1080 2317 25 16 so
1114 2310 33 23 far
1157 2315 97 25 surpass'

662 2343 57 23 their
731 2348 72 19 assets
815 2350 25 16 as
852 2347 23 19 to
887 2343 81 23 render
979 2343 20 23 it
1017 2342 82 24 almost
1117 2343 132 32 impossible

662 2376 48 24 that
728 2376 53 31 they
804 2375 83 24 should
907 2376 69 23 make
992 2383 31 24 up
1040 2376 38 23 the
1098 2376 150 29 deficiencies,

662 2410 119 31 especially
795 2410 64 23 while
871 2410 121 31 labouring
1004 2409 70 23 under
1084 2410 38 23 the
1134 2410 115 31 suspicion

662 2444 25 23 of
703 2444 66 30 being
786 2443 123 23 insolvent.
952 2443 36 23 As
1000 2443 82 24 honest
1094 2444 44 23 and
1151 2443 98 32 prudent

663 2484 51 16 men
725 2477 54 30 they
795 2476 113 31 naturally
927 2476 74 24 desire
1021 2481 22 18 to
1061 2476 65 31 place
1143 2476 30 24 all
1192 2477 57 23 their

662 2516 104 26 property
779 2515 23 18 at
814 2510 38 23 the
864 2510 100 31 disposal
985 2510 26 23 of
1031 2510 59 23 their
1107 2510 108 23 creditors
1216 2523 35 4 —

662 2545 41 22 but
715 2543 36 24 the
764 2544 97 23 absence
878 2545 21 21 ol
917 2552 15 14 a
942 2543 43 23 law
998 2543 112 31 affording
1122 2543 61 24 them
1195 2552 54 23 pro-

663 2578 80 23 tection
752 2578 90 30 against
849 2577 84 31 greedy
941 2577 45 23 and
993 2577 132 30 revengeful
1132 2577 116 29 creditors,

661 2611 118 31 precludes
791 2610 58 24 their
861 2611 70 30 doing
948 2618 33 21 so,
1001 2618 60 23 upon
1082 2610 38 24 the
1138 2615 69 19 terms
1226 2615 23 19 to

662 2644 72 23 which
745 2644 46 23 this
804 2643 59 24 class
880 2643 24 24 of
918 2644 127 23 insolvents
1064 2651 39 16 are
1124 2644 93 23 entitled
1218 2657 33 4 —

662 2677 96 32 namely,
772 2686 14 15 a
798 2677 87 32 perfect
900 2676 120 32 discharge
1037 2676 58 24 from
1108 2677 37 23 -all
1162 2677 89 24 further

662 2711 103 31 liability.
811 2710 66 32 They
898 2719 45 21 are,
961 2711 111 28 however,
1091 2711 26 22 in
1136 2711 47 23 self
1197 2719 52 23 pro-

663 2745 83 23 tection
774 2744 132 31 compelled,
937 2749 23 19 to
987 2744 38 23 the
1047 2744 164 31 disadvantage'
1229 2745 25 23 of

663 2778 135 23 themselves
811 2777 44 24 and
874 2777 117 29 creditors,
1011 2778 43 23 and
1071 2778 19 23 it
1101 2785 53 23 may
1164 2778 47 23 also
1223 2778 28 23 he

663 2811 49 24 said
724 2811 24 23 of
757 2811 40 23 the
809 2811 148 31 community,
967 2816 22 18 to
1002 2810 102 32 struggle
1117 2819 37 21 on,
1166 2811 85 31 hoping

663 2846 89 29 against
772 2853 30 15 an
822 2844 169 32 impossibility,
1010 2844 44 23 and
1074 2845 97 31 wasting
1193 2844 58 24 their

664 2879 102 29 energies
777 2879 24 22 in
814 2878 87 22 useless
913 2878 87 22 efforts.

697 2911 75 24 There
790 2912 21 22 is
830 2911 94 23 another
943 2911 61 22 class
1022 2911 25 23 of
1068 2911 127 24 insolvents
1209 2911 42 24 'for

663 2944 72 24 whom
748 2944 48 24 also
807 2952 30 15 an
849 2944 121 23 Insolvent
981 2944 42 23 law
1035 2944 20 23 is
1069 2944 95 24 needed.
1201 2945 50 24 The

663 2978 117 31 profligate
804 2977 45 24 and
872 2977 118 24 dishonest
1013 2985 53 16 men
1088 2978 50 23 who
1162 2978 89 32 destroy

664 3011 57 24 their
733 3019 50 16 own
795 3015 118 28 prospects
925 3011 46 23 and
983 3016 69 18 waste
1063 3011 61 23 their
1143 3012 108 24 creditors

662 3038 129 38 property;*
809 3044 45 24 and
872 3044 55 23 then
944 3044 56 23 with
1023 3044 37 23 the
1084 3050 61 18 most
1166 3046 86 31 perfect

663 3079 101 23 coolness
788 3078 43 24 call
851 3086 13 15 a
890 3078 101 31 meeting
1014 3078 25 22 of
1065 3078 118 29 creditors,
1207 3080 45 24 and

663 3112 55 23 offer
736 3121 13 14 a
767 3112 44 23 few
828 3111 106 32 shillings
953 3112 25 22 in
997 3111 38 23 the
1053 3111 85 31 pound,
1158 3112 94 25 without

662 3145 107 32 thinking
779 3147 19 22 it
810 3152 119 23 necessary
943 3150 22 18 to
978 3144 63 24 show
1053 3145 49 23 that
1114 3145 38 23 the
1160 3151 92 19 amount

662 3178 105 25 deficient
794 3179 42 23 has
865 3178 58 24 been
942 3178 63 24 sunk
1032 3178 25 23 in
1077 3178 117 32 incurring
1213 3180 39 23 the

663 3212 104 31 ordinary
779 3211 97 25 hazards
888 3212 25 23 of
928 3212 72 23 trade.
1037 3211 76 24 There
1126 3220 39 16 are
1176 3213 76 25 others

662 3246 49 23 who
721 3254 44 23 pay
774 3245 104 31 nothing,
887 3245 87 31 though
982 3245 54 31 they
1042 3246 100 30 promise
1150 3246 99 32 largely*;

662 3279 55 23 both
739 3284 35 18 set
792 3278 59 24 their
871 3279 110 23 creditors
1002 3283 23 19 at
1043 3278 109 30 defiance,
1171 3280 45 23 and
1227 3288 24 16 as

661 3312 60 23 their
732 3312 71 24 credit
814 3311 41 24 has
875 3312 59 23 been
952 3312 130 30 destroyed,
1103 3314 106 23 continue
1228 3318 23 19 to

661 3346 45 23 live
717 3346 24 23 in
748 3346 99 23 idleness
855 3353 62 23 upon
928 3345 39 23 the
974 3351 74 17 assets
1058 3346 26 22 of
1092 3346 60 23 their
1158 3351 91 20 estates.

662 3380 23 23 A
697 3379 42 24 law
747 3380 20 22 is
778 3379 122 31 especially
909 3378 105 31 required
1022 3383 22 18 to
1054 3379 79 23 enable
1144 3380 108 24 creditors

663 3418 21 18 to
696 3417 39 27 get
753 3412 59 24 their
827 3417 109 26 property
946 3416 40 18 out
999 3412 25 22 of
1037 3412 37 22 the
1086 3413 131 30 possession
1230 3414 24 24 of

661 3447 83 31 parties
762 3445 59 24 such
838 3453 25 15 as
883 3452 32 16 we
936 3445 57 23 have
1013 3444 125 30 described,
1158 3447 94 24 without

661 3480 79 31 giving
756 3479 62 23 them
841 3486 15 15 a
878 3478 127 31 discharge.
1054 3478 51 24 The
1128 3487 43 16 one
1192 3481 59 23 class

662 3514 105 22 deserves
791 3520 25 15 as
838 3512 59 30 fully
918 3516 24 19 to
964 3512 27 23 be
1014 3511 57 32 kept
1100 3513 157 24 involved'in-

662 3546 100 24 troubles
786 3554 25 16 as
835 3546 39 23 the
898 3545 64 23 other
981 3544 54 24 does
1058 3549 23 19 to
1098 3546 30 22 he
1151 3546 101 25 released

661 3579 59 24 from
732 3575 75 28 them.'
850 3579 25 23 It
890 3579 20 23 is
922 3586 25 15 as
957 3578 69 24 much
1038 3586 13 15 a
1061 3578 57 32 duty
1130 3583 23 19 to
1166 3581 85 31 society

663 3617 21 19 to
704 3613 86 31 punish
812 3612 37 24 the
870 3620 43 16 one
937 3620 25 16 as
983 3616 22 19 to
1024 3612 86 24 release
1131 3612 38 24 the
1188 3613 63 24 other

663 3646 66 23 class.

696 3679 57 23 New
772 3679 75 24 South
862 3679 80 23 Wales
960 3679 57 31 long
1032 3678 99 24 suffered
1142 3679 59 24 from
1212 3680 38 24 the

664 3717 58 18 want
734 3713 24 22 of
774 3721 14 14 a
800 3713 40 22 law
853 3713 25 23 of
894 3713 38 23 the
943 3712 66 24 kind.
1052 3712 94 31 During
1157 3713 39 23 the
1206 3713 44 24 last

663 3746 87 22 session
760 3745 38 23 the
809 3746 95 24 Council
916 3746 84 31 passed
1012 3754 29 15 an
1059 3751 37 18 act
1115 3746 73 23 which
1206 3746 45 24 had

662 3778 55 30 long
727 3778 59 23 been
798 3779 72 23 under
882 3779 169 24 consideration
1051 3792 34 4 —
1085 3779 45 24 and
1142 3780 60 23 from
1212 3780 38 23 the

662 3816 107 18 accounts
781 3819 33 15 we
831 3811 58 24 have
904 3812 72 24 heard
995 3813 24 23 of
1035 3813 28 23 its
1083 3813 117 31 operation
1218 3821 32 15 we

662 3845 81 23 should
755 3844 68 25 think
834 3845 18 23 it
863 3845 41 23 has
917 3845 136 31 completely
1064 3851 49 18 met
1124 3846 38 23 the
1174 3847 77 30 public

661 3879 160 30 requirement.
870 3878 24 24 It
916 3887 80 15 causes
1018 3879 38 23 the
1078 3879 68 23 funds
1167 3880 26 22 of
1212 3880 38 23 the

663 3912 118 23 Insolvent
792 3916 23 19 to
827 3911 27 24 be
864 3912 116 28 collected,
993 3912 45 23 and
1051 3911 136 24 distributed
1198 3913 51 21 witU

661 3945 102 26 dispatch
776 3944 44 24 and
831 3950 25 18 at
868 3945 66 23 small
946 3949 58 22 cost,
1023 3944 45 23 and
1087 3944 164 27 distiK^nishe?

1920 125 50 23 The
1982 126 86 31 public.
2072 134 43 16 are-
2122 128 80 32 deeply
2211 129 122 24 interested
2340 130 24 23 in
2376 130 39 25 the
2426 131 34 24 dfs
2462 146 11 11 T

1886 164 160 25 couragement
2058 160 26 23 of
2099 160 38 24 the
2154 162 124 31 smuggler,
2290 163 51 28 ,and
2352 172 34 15 we
2397 165 76 23 there-

1884 191 49 23 fore
1945 191 92 31 publish
2048 192 40 24 the
2099 193 209 33 followingTioTice,
2306 191 4 13 5
2326 200 22 19 to
2361 197 62 23 show
2435 197 38 24 the

1884 224 99 23 rewards
1995 226 74 23 which
2090 234 53 23 may
2154 228 27 23 be
2194 228 106 24 obtained
2318 229 30 31 by
2359 230 115 31 watching

1885 257 60 23 their
1956 264 149 19 movements.
2135 260 43 24 We
2190 262 144 30 particularly
2345 263 43 22 call
2399 267 74 19 atten-

1885 291 48 22 tion
1945 294 22 19 to
1979 291 37 23 the
2028 292 54 30 fact,
2102 293 50 23 that
2171 294 38 23 the
2220 295 86 23 reward
2321 303 52 23 may
2391 296 29 23 be
2432 296 41 22 ob-

1885 323 75 23 tained
1971 324 97 24 without
2084 325 38 24 the
2140 327 81 23 author
2232 327 24 24 of
2270 327 40 24 the
2326 329 147 23 information

1886 364 61 22 upon
1967 357 82 24 which,
2064 358 45 30 jthe
2138 360 88 24 seizure
2254 362 21 22 is
2300 362 73 28 made,
2404 362 70 30 being

1885 390 82 23 known
1976 398 15 16 :-
1991 403 27 5 —

2140 423 179 24 Custom-House
2329 425 89 22 Notice.

2173 451 98 28 Sydney,
2282 452 88 26 August
2380 455 20 25 6,
2412 452 67 23 1842..

1913 480 106 24 Whereas
2035 482 131 28 smuggling
2174 487 21 18 to
2206 491 12 14 a
2234 485 153 22 considerable
2397 489 78 19 extent

1884 508 19 21 is
1914 508 81 22 known
2006 512 22 19 to
2038 509 59 22 have
2105 511 57 20 been
2172 511 85 21 carried
2264 518 28 14 on
2298 511 23 22 in
2330 512 38 22 the
2377 513 98 21 harbour

1885 534 30 22 of.
1925 535 52 22 Port
1987 535 106 27 Jackson,
2110 536 45 22 and
2169 540 23 18 at
2201 538 62 21 other
2272 538 73 27 places
2359 539 67 27 along
2435 539 38 22 the

1884 564 63 19 coast
1955 562 26 21 of
1988 562 42 22 this
2041 563 92 27 Colony,
2144 562 55 23 both
2208 564 29 27 by
2242 571 91 19 persons
2343 565 131 23 command-
2488 572 1 7 •

1883 588 40 28 ing
1932 589 88 27 vessels,
2038 590 145 26 and'persons
2193 588 100 30 residing
2302 598 34 16 oni
2341 592 70 27 shore,
2424 593 50 21 who

1882 615 25 22 in
1924 616 63 21 other
2001 619 99 24 respects
2119 623 40 15 are
2176 617 132 22 considered
2328 619 151 26 respectable,-

1884 642 45 21 and
1942 642 97 23 whereas
2055 643 19 21 it
2082 643 76 22 would
2168 651 81 20 appear
2258 644 57 22 from
2331 644 38 22 the
2380 645 94 23 circum-

1884 673 75 18 stance
1966 670 26 21 of
1999 667 184 25 no^informatidn
2190 677 52 15 ever
2251 671 57 21 been
2314 671 64 27 given
2387 672 26 22 of
2420 672 54 22 such

1884 697 141 27 transaction,
2040 698 51 21 that
2098 696 47 22 itis
2153 699 40 20 not
2201 698 114 26 generally
2324 698 89 27 known,
2425 699 49 21 that

1882 729 80 21 person
1972 724 76 28 giving
2057 724 144 22 information
2212 725 18 21 is
2237 724 93 22 entitled
2336 729 21 17 to
2366 732 14 14 a
2388 725 86 22 reward

1884 749 94 22 without
1987 750 84 28 having
2086 750 34 22 his
2136 758 66 14 name
2213 750 116 28 devulged.
2359 752 82 22 Notice
2454 752 25 22 A

1883 776 83 27 hereby
1975 777 75 26 given,
2063 778 49 21 that
2121 785 45 20 any
2169 785 80 20 person
2256 778 66 27 given
2328 778 145 23 information

1884 806 22 17 to
1916 802 38 21 the
1965 803 110 23 Collector
2084 811 25 14 or
2120 804 62 21 other
2193 804 76 22 officer
2279 804 22 22 of
2315 805 37 21 the
2362 805 110 28 Customs,

1884 829 26 21 of
1916 836 44 20 any
1970 830 80 27 spirits,
2063 830 100 28 tobacco,
2179 839 25 13 or
2213 832 64 20 other
2288 832 88 22 dutable
2394 832 77 27 goods,

1883 855 70 27 being
1961 857 122 22 concealed
2093 864 29 14 on
2131 857 70 22 board
2209 865 44 20 any
2263 859 77 27 vessel,
2356 866 26 15 or
2390 859 85 27 having

1884 882 57 22 been
1952 887 39 23 put
2004 882 47 23 into
2061 890 45 20 any
2117 883 63 22 other
2188 885 77 25 vessel,
2281 885 70 22 either
2360 886 77 22 within
2449 893 25 14 or

1884 909 92 22 without
1995 910 37 21 the
2050 910 105 26 harbour,
2176 918 25 14 or
2214 911 85 27 having
2314 912 57 22 been
2390 912 84 22 landed

1883 936 93 22 without
1990 941 108 23 payment
2107 938 27 21 of
2147 937 61 27 duty,
2225 945 24 14 so
2260 944 23 15 as
2293 941 22 18 to
2329 939 53 21 lead
2397 943 21 17 to
2434 939 43 21 the

1883 963 84 22 seizure
1979 964 26 21 of
2011 964 55 21 such
2076 964 77 28 goods,
2166 964 26 21 he
2206 971 24 15 or
2239 964 38 22 she
2289 965 43 22 will
2340 966 29 21 be
2380 966 94 22 entitled

1882 993 23 18 to
1915 997 42 14 one
1966 991 59 21 third
2035 992 26 20 of
2069 992 111 21 whatever
2189 998 50 15 sum
2253 993 140 26 mayaccfue
2404 992 70 22 tothe

1883 1017 83 27 seizing
1976 1018 76 21 officer
2058 1018 56 21 from
2124 1018 40 21 the
2174 1018 44 21 sale
2230 1019 25 21 of
2261 1018 55 22 such
2324 1019 77 27 goods,
2412 1019 62 22 how-

1884 1051 52 14 ever
1945 1044 60 27 large
2015 1046 17 20 it
2042 1053 52 19 may
2104 1044 36 28 be,
2152 1044 43 22 and
2206 1045 37 21 the
2253 1053 66 15 name
2329 1046 26 22 of
2362 1046 38 22 the
2409 1050 64 24 party

1883 1070 44 23 will
1939 1075 38 18 not
1988 1072 25 21 be
2024 1071 97 23 suffered
2135 1076 22 17 to
2169 1072 112 27 transpire.

1912 1105 109 25 (Signed.)
2183 1106 29 21 G.
2224 1106 93 24 Gibbes,
2328 1106 122 23 Collector..

1917 1157 50 23 The
1980 1157 87 23 vessels
2079 1157 46 23 laid
2139 1166 29 14 on
2176 1162 23 19 at
2212 1158 93 30 Sydney
2316 1159 34 22 for
2364 1159 45 23 this
2421 1163 51 27 port

1885 1190 30 30 by
1926 1190 68 23 latest
2004 1195 98 18 account
2112 1198 66 21 were,
2197 1191 39 23 the
2255 1190 66 31 Lady
2335 1190 77 32 Leigh
2430 1192 42 23 and

1885 1222 110 32 Exporter
1995 1232 40 8 —
2037 1225 45 22 and
2105 1223 31 30 by
2158 1224 87 30 private
2264 1228 95 19 account
2379 1226 93 22 another

1885 1263 45 16 was
1941 1256 71 31 likely
2024 1261 22 19 to
2059 1257 29 23 be
2101 1256 72 24 added
2184 1261 22 19 to
2219 1258 37 22 the
2266 1258 103 23 nnmber.

1993 1315 87 22 CAPE
2095 1314 44 23 OF
2150 1315 96 22 GOOD
2260 1315 100 22 HOPE.

1917 1355 44 24 We
1974 1364 37 15 are
2023 1356 24 23 in
2056 1355 39 24 the
2107 1357 85 30 receipt
2204 1356 26 23 of
2240 1356 62 31 Cape
2314 1364 81 23 papers
2406 1365 32 23 up
2450 1360 22 20 to

1884 1389 83 24 March
1980 1392 22 26 S,
2018 1391 74 22 1842.
2129 1388 51 24 Tlie
2191 1389 75 29 boors,
2281 1397 24 15 or
2315 1390 37 23 the
2361 1390 111 23 descend-

1884 1427 51 18 ants
1948 1423 24 23 of
1988 1423 37 23 the
2044 1422 98 31 original
2162 1422 79 24 Dutch
2261 1422 149 31 Immigrants
2416 1423 56 24 .who

1884 1456 116 23 colonized
2012 1456 49 23 that
2073 1457 124 29 important
2209 1463 79 16 corner
2296 1456 28 22 of
2328 1456 88 30 Africa,
2430 1464 40 23 ap-

1883 1496 55 24 pear
1957 1494 23 18 to
2002 1489 58 23 have
2073 1489 63 30 quite
2153 1488 65 24 made
2230 1496 30 24 up
2266 1508 13 9 ,,,
2283 1488 57 24 their
2355 1490 74 23 minds
2449 1494 21 18 to

1883 1522 103 23 tollerate
2004 1522 38 23 the
2056 1522 106 23 Colonial
2176 1521 68 24 Laws
2256 1522 26 23 of
2298 1522 72 24 Great
2382 1523 90 23 Britain

1884 1562 30 16 no
1926 1555 87 31 longer.
2049 1555 53 23 The
2117 1555 78 23 march
2208 1555 24 23 of
2248 1555 38 23 the
2298 1555 78 24 Dutch
2389 1556 83 24 farmer

1884 1589 59 22 from
1961 1589 39 22 the
2018 1588 189 31 neighbourhood
2221 1588 25 23 of
2261 1588 39 23 the
2313 1589 61 31 Cape
2393 1590 79 23 settle-

1884 1627 64 17 ment
1964 1626 23 19 to
2001 1621 57 24 Port
2070 1621 78 29 Natal,
2169 1630 44 15 was
2224 1622 31 30 by
2267 1630 29 15 no
2308 1630 77 16 means
2402 1628 69 18 unat-
2488 1630 2 3 •

1884 1655 83 23 tended
1977 1656 53 23 with
2042 1655 139 29 difficulties,
2201 1660 64 26 great
2275 1655 46 23 loss
2334 1655 25 24 of
2374 1656 40 23 life
2427 1656 44 23 and

1884 1693 107 26 property
2002 1696 58 16 were
2073 1688 116 24 sustained
2206 1689 30 30 by
2248 1689 68 28 them,
2329 1689 44 23 and
2385 1697 14 15 a
2409 1697 61 15 rem-

1884 1727 56 17 nant
1952 1722 51 30 only
2015 1721 98 24 reached
2129 1722 39 23 the
2178 1722 55 23 land
2245 1721 25 24 of
2286 1722 56 23 their
2355 1722 116 32 adoption.

1885 1755 51 23 The
1948 1755 86 23 British
2047 1755 157 24 Government
2216 1755 66 23 could
2296 1760 39 18 not
2351 1757 80 29 permit
2443 1764 29 15 an

1884 1788 145 31 independent
2036 1788 139 28 settlement,
2183 1795 22 16 to
2215 1788 107 23 establish
2331 1789 64 23 itself
2402 1790 24 23 in
2435 1788 37 24 the

1885 1822 88 22 district
1991 1822 100 24 selected
2112 1822 31 30 by
2163 1822 36 22 the
2218 1823 130 30 immigrant
2366 1823 104 28 farmers,

1884 1855 45 23 and
1947 1857 115 22 extensive
2075 1856 155 30 preparations
2243 1863 58 15 were
2319 1856 153 30 immediately

1885 1889 65 22 made
1960 1893 23 19 to
1997 1894 95 26 prevent
2105 1889 58 23 their
2179 1889 99 23 location
2290 1893 22 18 at
2323 1889 57 23 Port
2392 1889 79 23 Natak

1975 1923 25 21 of
2010 1922 37 22 the
2061 1927 60 17 most
2129 1922 128 21 favourable
2266 1922 136 30 description
2415 1929 58 14 were

1884 1954 84 22 offered
1980 1959 22 17 to
2015 1954 38 23 the
2070 1954 70 23 boors
2158 1954 30 29 by
2201 1954 37 22 the
2259 1954 88 23 British
2366 1954 106 22 Govern-

1883 1991 71 24 ment,
1973 1987 41 22 but
2025 1988 17 21 it
2055 1994 97 24 appears
2165 1986 48 23 that
2225 1987 97 29 nothing
2333 1987 47 22 less
2392 1986 54 23 than
2459 1994 16 15 a

1884 2020 115 29 Republic
2011 2020 45 22 will
2068 2019 81 30 satisfy
2162 2019 69 29 them,
2245 2019 44 23 and
2301 2019 53 30 they
2362 2019 58 23 have
2434 2027 38 15 ac-

1884 2053 117 29 cordingly
2014 2053 78 23 shewn
2111 2052 60 23 their
2187 2052 172 23 determination
2377 2057 23 18 to
2412 2053 60 31 push

1884 2086 49 23 into
1945 2086 36 23 the
1994 2087 93 22 interior
2101 2086 25 22 of
2135 2086 88 24 Africa.
2259 2085 30 24 In
2301 2086 36 23 the
2350 2087 122 22 meantime

1884 2119 39 23 the
1936 2124 94 26 country
2041 2119 74 23 round
2128 2119 38 23 the
2179 2119 69 31 Capej
2261 2121 53 21 thus
2326 2119 103 23 deserted
2441 2119 31 30 by

1884 2152 39 24 the
1940 2152 148 24 descendants
2110 2152 25 23 of
2152 2152 36 23 the
2207 2153 51 22 first
2277 2152 155 31 Immigrants,
2452 2153 20 22 is

1884 2185 88 31 rapidly
1989 2186 122 30 becoming
2132 2186 107 31 occupied
2258 2187 31 29 by
2300 2186 101 28 Britons,
2421 2185 50 24 who

1884 2220 57 22 have
1954 2220 85 23 carried
2049 2219 56 24 with
2114 2219 62 23 them
2188 2220 49 23 that
2247 2220 66 30 spirit
2324 2220 24 22 of
2357 2220 113 30 improve-

1883 2258 64 18 ment
1958 2253 73 23 which
2042 2262 14 14 a
2074 2254 51 22 love
2138 2253 26 22 of
2178 2253 38 23 the
2228 2254 99 22 sciences
2345 2252 127 31 invariably

1884 2286 118 31 produces.
2051 2286 53 24 The
2134 2286 139 31 capabilities
2297 2286 24 23 of
2347 2286 38 23 the
2410 2286 62 31 Cape

1886 2319 87 31 Colony
1981 2328 38 15 are
2032 2320 53 30 only
2093 2327 50 16 now
2155 2320 108 30 begining
2271 2324 23 18 to
2307 2319 26 23 be
2341 2319 129 31 developed,

1884 2353 44 23 and
1938 2354 22 22 in
1973 2362 14 14 a
1995 2354 42 22 few
2048 2361 67 23 years
2128 2352 20 24 if
2166 2354 153 30 immigration
2329 2360 143 16 commences

1883 2387 24 23 in
1933 2391 96 25 earnest,
2054 2387 40 23 the
2116 2386 52 24 face
2190 2386 45 24 and
2258 2386 105 31 products
2388 2386 25 23 of
2434 2385 38 24 the

1884 2425 103 26 country,
2000 2420 45 23 will
2057 2428 30 16 no
2107 2420 71 23 doubt
2197 2420 27 23 be
2246 2420 94 30 entirely
2359 2419 111 31 changed.

1884 2453 51 24 The
1948 2453 68 24 breed
2030 2454 24 23 of
2072 2453 71 31 sheep
2160 2453 117 32 preferred
2295 2453 27 30 by
2335 2453 39 23 the
2392 2453 80 23 Dutch

1884 2487 97 29 settlers,
1995 2487 44 23 and
2051 2486 75 24 which
2142 2495 29 15 no
2183 2491 120 26 argument
2315 2486 65 24 could
2392 2486 81 23 induce

1883 2520 62 23 them
1959 2525 21 18 to
2001 2521 87 30 change
2106 2526 25 17 or
2150 2525 96 27 attempt
2264 2524 23 19 to
2305 2520 108 30 improve,
2427 2517 46 33 (al-

1884 2553 85 31 though
1989 2554 37 23 the
2038 2554 59 23 wool
2109 2561 45 16 was
2168 2554 69 23 worth
2248 2553 101 31 nothing,
2371 2553 45 23 and
2434 2552 39 24 the

1884 2594 89 16 carcase
1988 2587 47 23 also
2055 2595 26 15 so
2094 2587 112 23 valueless
2218 2587 49 23 that
2279 2586 123 24 thousands
2414 2594 59 16 were

1883 2620 145 30 slaughtered
2046 2620 87 30 merely
2145 2620 34 23 for
2194 2620 38 23 the
2251 2620 73 28 skins,
2341 2620 74 23 which
2427 2625 47 18 met

1883 2653 53 23 with
1950 2661 12 15 a
1974 2654 89 23 market
2075 2655 25 21 in
2112 2653 109 30 England
2239 2661 25 15 as
2280 2661 28 15 an
2321 2653 92 23 inferior
2426 2658 48 18 sort

1883 2685 25 24 of
1923 2686 107 31 leather,)
2048 2688 20 22 is
2081 2686 91 31 rapidly
2188 2686 166 31 disappearing,
2375 2686 45 23 and
2435 2685 39 24 the
2483 2695 6 3 -

1881 2719 69 23 finest
1961 2720 81 24 breeds
2054 2720 25 24 of
2096 2719 78 31 sheep,
2187 2719 116 31 including
2322 2719 38 23 the
2373 2719 101 28 Merino,

1883 2752 58 24 have
1959 2754 55 23 been
2033 2753 137 24 introduced
2182 2753 52 23 with
2256 2761 25 15 so
2293 2752 69 23 much
2382 2760 93 15 success

1884 2786 49 23 that
1945 2786 36 24 the
1994 2780 93 42 exm||s
2101 2787 25 23 of
2143 2787 56 23 wool
2210 2786 58 24 from
2282 2786 37 23 the
2331 2786 73 31 Cape,
2423 2793 51 16 now

1882 2819 61 23 rank
1956 2819 116 25 secondfto
2086 2827 60 16 none
2157 2820 24 23 in
2194 2820 94 30 quality,
2301 2819 44 24 and
2356 2827 39 16 are
2406 2827 68 22 every

1884 2853 80 23 month
1975 2854 135 30 encreasing
2129 2854 25 22 in
2168 2858 85 18 extent.
2291 2853 49 23 The
2359 2852 81 24 Dutch
2451 2853 24 22 in

1882 2886 63 23 brief
1960 2886 30 32 by
2001 2886 93 32 leaving
2112 2887 24 22 in
2149 2895 13 14 a
2174 2887 59 30 body
2245 2886 38 23 the
2296 2886 53 23 land
2362 2886 55 30 they
2429 2886 46 23 had

1883 2920 121 31 possessed
2014 2919 35 25 for
2061 2921 154 30 generations,
2235 2921 57 22 have
2303 2919 65 24 made
2386 2928 13 14 a
2411 2923 65 27 great

1883 2953 109 29 sacrifice,
2013 2954 44 23 and
2070 2953 66 24 when
2148 2961 33 16 we
2197 2954 78 23 reflect
2293 2961 60 23 upon
2365 2952 39 24 the
2420 2960 55 24 pro-

1883 2987 86 23 verbial
1987 2987 93 30 solidity
2091 2987 26 23 of
2133 2987 38 23 the
2188 2986 145 24 Dutchmans
2350 2986 124 29 character,

1884 3027 33 16 we
1937 3027 37 16 are
1994 3020 37 24 the
2050 3028 65 16 more
2134 3020 124 24 convinced
2276 3020 49 23 that
2342 3019 38 24 the
2398 3020 77 30 griev-

1884 3060 76 22 ances,
1995 3053 72 25 under
2103 3053 75 24 which
2208 3054 54 30 they
2288 3052 45 24 had
2343 3058 4 7 v
2365 3051 110 25 laboured

1884 3092 71 18 must,
1976 3086 58 25 have
2064 3088 58 23 been
2150 3087 89 24 neither
2267 3086 87 31 trifling
2380 3093 43 16 nor
2453 3086 26 23 of

1884 3128 50 16 rare
1955 3128 133 16 occurance.
2126 3120 64 32 They
2212 3128 90 24 appear,
2321 3119 111 28 however;
2452 3123 23 19 to

1883 3153 76 32 prefer
1971 3154 102 24 freedom
2090 3158 24 19 to
2133 3162 66 23 every
2214 3154 65 23 other
2301 3152 173 29 consideration,

1885 3187 41 23 but
1938 3195 32 15 we
1982 3192 83 20 cannot
2077 3195 38 16 see
2134 3187 50 23 how
2195 3187 54 30 they
2262 3193 41 16 can
2319 3193 51 16 ever
2379 3185 60 32 hope
2451 3190 23 18 to

1886 3220 109 24 establish
2007 3229 13 16 a
2032 3221 116 31 Republic
2161 3221 23 22 in
2202 3220 38 23 the
2252 3219 128 23 immediate
2392 3219 83 31 neigh-

1885 3254 117 24 bourhood
2014 3255 24 23 of
2050 3262 15 16 a
2077 3254 130 24 settlement
2220 3253 24 23 of
2260 3252 57 24 such
2329 3257 51 18 vast
2388 3252 87 31 impor-

1886 3292 65 19 tance
1967 3292 23 19 to
2002 3288 37 23 the
2051 3287 92 24 British
2161 3286 98 24 Nation.'
2291 3285 24 24 It
2326 3286 19 23 is
2358 3293 14 15 a
2383 3286 92 23 curious

1884 3321 54 28 fact,
1959 3321 47 23 that
2016 3319 205 30 notwithstanding
2231 3319 39 23 the
2282 3319 131 31 possession
2425 3318 26 24 of
2463 3326 14 16 a

1885 3354 89 23 climate
1985 3355 99 31 perhaps
2103 3352 38 24 the
2153 3353 68 22 finest
2239 3352 24 23 in
2281 3351 39 24 the
2331 3352 78 30 world,
2432 3352 44 24 and

1885 3387 99 31 forming
1994 3396 13 14 a
2016 3388 91 30 portion
2114 3386 26 23 of
2149 3394 13 14 a
2174 3390 64 26 great
2246 3386 123 29 continent,
2382 3386 40 23 the
2429 3386 46 23 tide

1885 3420 26 24 of
1920 3420 153 30 immigration
2086 3419 56 23 does
2154 3424 39 18 not
2204 3426 84 24 appear
2300 3422 23 20 to
2334 3419 58 24 have
2402 3427 26 16 as
2437 3423 40 28 yet

1885 3458 35 19 set
1932 3453 96 23 towards
2048 3453 40 23 the
2103 3452 70 31 Cape,
2193 3452 111 31 although
2320 3452 80 24 labour
2417 3453 20 23 is
2451 3460 24 16 so
2484 3455 4 4 '

1884 3486 70 24 much
1964 3487 23 22 in
2000 3486 98 23 demand
2110 3486 49 22 that
2171 3485 37 23 the
2220 3486 146 31 importation
2378 3486 26 23 of
2412 3486 64 23 freed

1884 3519 75 24 slaves
1976 3519 41 23 has
2034 3519 58 23 been
2112 3518 45 24 and
2180 3519 19 23 is
2221 3519 148 32 encouraged.
2418 3519 57 24 Two

1883 3553 86 23 vessels
1992 3553 45 23 had
2059 3552 72 31 lately
2154 3552 57 23 been
2234 3553 134 31 dispatched
2389 3558 24 19 to
2425 3573 1 2 ,
2437 3553 37 24 St.

1886 3586 133 24 Helenafor
2029 3586 73 23 drafts
2112 3586 24 22 of
2145 3584 37 24 the
2190 3586 110 24 liberated
2311 3586 82 24 slaves.
2420 3586 55 24 -The

1885 3619 63 31 Cape
1960 3619 129 23 settlement
2101 3619 42 22 has
2156 3627 28 15 on
2192 3620 30 23 its
2233 3620 107 23 frontiers
2352 3627 123 19 numerpus

1884 3652 71 23 tribes
1966 3652 26 24 of
2007 3652 127 31 aboriginal
2146 3652 149 30 inhabitants,
2314 3653 21 23 in
2353 3653 122 31 capability

1884 3685 25 23 of
1924 3685 69 31 being
2011 3685 113 29 civilized,
2131 3707 4 4 .
2146 3693 73 24 many>
2233 3686 30 24 of-
2277 3686 62 24 them
2359 3686 117 32 equalling

1883 3726 45 23 any
1940 3727 50 15 race
2002 3727 62 23 upon
2076 3719 39 23 the
2128 3720 89 23 surface
2229 3720 26 23 of
2270 3720 38 23 the
2321 3720 74 31 globe.

1884 3751 76 24 allude
1968 3760 62 15 more
2039 3753 132 31 especially,
2184 3753 103 24 however
2295 3758 22 19 to
2326 3753 36 23 the
2371 3753 102 29 Caffresj

1884 3785 50 23 who
1947 3793 31 15 we
1987 3793 38 15 are
2035 3786 52 23 well
2094 3794 74 15 aware
2176 3786 56 24 have
2244 3786 85 32 proved
2338 3786 136 24 themselves

1882 3818 110 32 perfectly
2005 3819 93 31 capable
2108 3819 25 24 of
2142 3820 119 31 acquiring
2273 3827 28 16 an
2314 3821 161 30 acquaintance

1883 3852 55 23 with
1955 3852 37 23 the
2004 3857 52 18 arts'
2068 3852 46 24 and
2126 3854 109 29 sciences,
2255 3853 46 23 and
2311 3861 37 15 are
2361 3852 114 31 naturally

1883 3885 104 23 attached
2000 3891 23 18 to
2039 3894 13 15 a
2061 3886 101 31 pastoral
2181 3887 47 23 life.
2265 3886 64 31 They
2342 3886 58 23 have
2418 3887 57 22 been

1883 3919 79 28 found,
1978 3919 65 23 when
2063 3919 58 23 used
2139 3919 48 23 like
2206 3920 88 23 human
2305 3919 89 32 beings,
2413 3924 23 19 to
2448 3919 28 23 be

1884 3952 148 30 trustworthy
2047 3953 23 23 in
2094 3952 38 24 the
2152 3952 92 30 highest
2266 3952 89 30 degree,
2379 3957 39 25 yet
2439 3952 37 25 the

550 30 102 48 apfje
673 31 120 42 Ttftto
819 31 211 42 Zwlmxb
1055 33 192 47 <$rtycttt
1266 34 96 43 mtit
1387 33 303 47 WitUmQton
1715 30 248 51 &|)cctatot\

104 2085 167 21 SHIPPING
289 2085 274 21 INTELLIGENCE.

263 2142 144 22 ARRIVED.

69 2169 56 21 June
136 2169 33 25 18,
180 2170 104 20 schooner
292 2170 68 25 Ariel,
372 2171 39 20 104
421 2175 55 21 tons,
488 2171 81 27 Finlay,
576 2171 53 21 from

43 2197 87 19 Nelson.

69 2224 61 20 Same
140 2224 46 27 day,
194 2225 103 20 schooner
305 2225 108 26 Industry,
424 2226 36 24 24,
468 2226 99 27 Bradley,
576 2227 53 20 from

43 2252 124 25 Wanganui.

73 2279 59 20 Same
148 2280 47 26 day,
211 2282 69 18 cutter
296 2281 118 24 Pickwick,
430 2282 34 24 38,
483 2281 77 27 Styles,
577 2282 52 20 from

43 2307 88 21 Nelson.

68 2334 56 20 June
136 2335 33 24 19,
179 2335 104 21 schooner
292 2336 79 20 Nelson
385 2336 83 27 Packet,
481 2337 35 24 20,
527 2337 102 24 Jackson,

43 2363 54 19 from
108 2362 87 20 Nelson.

69 2389 55 21 June
134 2390 35 25 20,
179 2390 46 26 brig
234 2390 60 20 Lord
302 2391 91 25 Hobart,
407 2392 54 20 from
471 2392 96 20 Twofold
581 2392 48 26 Bay.

71 2417 59 20 Same
149 2418 47 25 day,
216 2418 47 26 brig
280 2418 99 25 Eleanor,
400 2420 41 19 253
463 2422 57 22 tons,
541 2420 88 24 Bailow,

43 2444 54 21 from
108 2444 82 24 Sydney
198 2446 35 19 via
250 2445 87 20 Nelson.

278 2491 115 21 SAILED.

299 2519 70 17 None.

268 2556 33 20 IN
316 2557 86 21 PORT.

69 2584 82 26 Barque
169 2584 112 25 Clydeside,
292 2585 40 20 256
348 2587 56 22 tons,
424 2584 130 26 Mathieson,
570 2587 60 19 refit-

45 2612 51 24 ting.
123 2611 67 19 Waitt
198 2612 42 20 and
250 2612 72 25 Tyser,
330 2612 87 26 Agents.

72 2639 50 26 Ship
132 2639 91 26 London,
236 2640 40 20 700
288 2643 55 22 tons,
355 2641 96 24 Atwood,
461 2640 35 20 for
508 2641 122 26 Sincapore.

45 2666 66 21 Waitt
118 2666 40 20 and
168 2667 72 25 Tyser,
253 2667 86 25 Agents.

73 2693 64 26 Sloop
146 2694 67 25 Royal
230 2695 99 25 William,
346 2696 35 24 43,
395 2695 85 21 Lovett.
518 2697 79 25 Agent,
607 2696 23 20 J.

45 2722 33 20 M.
89 2721 83 26 Taylor.

72 2749 106 20 Schooner
187 2749 116 24 Catherine,
312 2751 25 19 25
347 2751 76 20 Smith.
438 2751 77 26 Agent,
522 2751 22 20 J.
555 2751 76 20 Wade.

71 2777 106 19 Schooner
186 2777 77 22 Fidele,
276 2777 94 21 Cemino.
400 2778 77 26 Agent,
488 2778 23 22 J.
521 2778 75 21 Wade.

73 2804 106 20 Schooner
195 2804 125 27 Harlequin,
332 2806 26 19 64
373 2807 55 22 tons,
440 2805 85 27 Phelps.
554 2806 77 26 Agent,

45 2832 21 21 J.
76 2831 73 20 Wade.

71 2858 82 27 Barque
159 2860 79 25 Bright
245 2860 83 24 Planet,
337 2861 49 24 187,
398 2860 117 21 Morrison.
543 2861 88 26 Agents,

45 2886 95 21 Bethune
147 2887 41 20 and
195 2887 93 21 Hunter.

72 2914 108 21 Schooner
198 2916 89 19 Thomas
303 2916 67 26 Crisp,
388 2916 47 24 175,
449 2916 75 20 Beard.
553 2916 78 26 Agent,

45 2941 49 25 Hay
103 2942 40 19 and
153 2942 125 21 Machattie.

71 2969 106 20 Schooner
190 2971 64 24 Kate,
275 2971 34 24 70,
327 2970 63 21 Reid.
424 2971 79 25 Agent,
521 2971 35 21 W.
575 2971 56 20 Fitz-

45 2996 91 21 herbert.

71 3024 122 26 Brigantine
210 3026 119 27 Vanguard,
350 3027 34 24 61,
406 3026 97 27 Murray.
541 3027 90 26 Agents,

45 3051 67 20 Waitt
121 3052 41 20 and
171 3052 73 26 Tyser.

71 3078 106 21 Schooner
188 3080 109 20 Susannah
306 3082 57 24 Ann,
377 3083 27 19 79
422 3084 56 22 tons,
497 3081 134 28 Dougherty.

45 3106 77 26 Agent,
132 3106 22 20 J.
165 3107 73 21 Wade.

71 3133 106 21 Schooner
193 3136 68 24 Ariel,
278 3136 40 20 104
333 3138 57 23 tons,
408 3136 81 26 Finlay.
519 3137 77 25 Agent,
609 3137 22 21 J.

45 3161 74 20 Wade.

73 3188 106 20 Schooner
191 3189 107 27 Industry,
313 3192 27 19 24
355 3193 55 24 tons,
426 3191 98 26 Bradley.
554 3192 77 25 Agent,

45 3216 20 21 J.
76 3215 73 21 Wade.

72 3243 74 21 Cutter
164 3244 115 24 Pickwick,
299 3246 26 19 38
344 3249 56 24 tons,
422 3247 79 25 Styles.
543 3247 88 26 Agents,

45 3271 84 21 Rhodes
139 3270 42 20 and
191 3271 39 21 Co.

71 3299 106 19 Schooner
197 3299 78 20 Nelson
292 3300 87 25 Packet,
403 3302 27 19 20
450 3304 57 22 tons,
527 3302 104 21 Jackson.

45 3326 86 26 Agents,
141 3325 92 21 Wallace
244 3326 41 21 and
296 3327 39 20 Co.

70 3354 52 25 Brig
130 3354 59 19 Lord
196 3354 93 20 Hobart.
317 3354 87 26 Agents,
416 3356 85 21 Rhodes
511 3357 42 20 and
563 3357 41 20 Co.

70 3381 52 25 Brig
128 3381 99 25 Eleanor,
238 3382 42 19 253
289 3383 55 23 tons,
358 3382 89 22 Barlow.
475 3384 89 26 Agents,
586 3385 45 26 Hay

45 3408 40 17 and
98 3408 38 17 Co.

210 3464 124 18 LATEST
349 3465 108 17 DATES.

53 3496 78 17 London
216 3497 45 17 Jan.
292 3497 27 16 IS.
330 3496 4 21 |

53 3516 76 22 Sydney
217 3517 47 22 May
290 3518 28 17 26.

53 3537 41 18 Van
118 3537 98 19 Dieman's

73 3558 54 18 Land
218 3559 55 23 April
301 3559 17 18 6.

53 3579 47 18 New
106 3580 100 21 Plymouth

348 3496 73 18 Nelson
527 3498 94 21 June^ll;

347 3517 68 22 Bayot
427 3518 94 18 Islands..
526 3519 44 18 Feb.
578 3519 43 21 agi.

347 3539 101 17 Auckland
523 3540 49 18 Mar.
595 3543 26 16 SO.

347 3559 46 18 Port
401 3559 70 22 Phillip
485 3561 97 22 ....April
595 3563 26 17 20.

347 3580 91 19 Adelaide
525 3582 51 18 Mar.
605 3585 16 16 2.

133 3627 124 19 AGENTS
269 3628 58 18 FOR
343 3628 73 18 THIS
428 3628 109 18 PAPER.

66 3662 35 15 Mr.
113 3662 125 16 BURCHAftf
332 3662 76 17 Petoni.

66 3681 35 17 Mr.
115 3681 17 18 F.
144 3681 24 18 G.
179 3681 89 19 MOORE
332 3682 73 18 Nelson
414 3683 75 17 Haven.

66 3701 35 18 Mr.
113 3702 22 17 E.
146 3702 117 19 BARRETT
336 3704 47 17 New
391 3704 110 22 Plymouth,
508 3704 99 19 Taranaki.

66 3722 35 18 Mr.
113 3723 25 18 H.
148 3723 122 19 CHUKTON
336 3722 115 25 Wanganui.

66 3744 35 17 Mr.
113 3744 29 17 W.
153 3744 99 19 WILSON
334 3746 42 18 Bay
381 3747 23 17 of
413 3746 84 18 Islands.

62 3788 40 18 The
109 3789 96 24 following
210 3795 33 14 are
251 3791 33 18 the
291 3793 79 20 quarter
380 3792 48 22 days
435 3791 22 19 of
466 3791 42 18 this
515 3796 60 18 paper
581 3799 29 11 :—

147 3817 67 19 March
474 3822 50 16 31st.

146 3838 52 19 Juna
263 3852 15 6 ..
327 3854 14 5 
363 3848 6 5 ■
391 3840 19 19 ..'
423 3854 3 4 .
455 3842 73 18 ..30th.

119 3862 10 5 -
142 3859 127 22 .September.
476 3859 70 22 30thiL
547 3873 8 8 <(
565 3871 11 11 .?
601 3876 3 4 .

147 3880 105 19 December
475 3885 49 17 31st.

62 3906 82 18 Persons
150 3907 110 23 previously
266 3910 21 16 to
299 3909 146 24 discontinuing:
456 3911 53 17 tueir
517 3916 69 17 papers
593 3911 38 18 and

41 3927 168 23 advertisements;
214 3930 54 17 must
274 3931 57 18 settle
337 3931 35 18 the
383 3933 93 17 accounts
483 3932 39 19 due
529 3937 26 17 up
567 3934 23 17 to
598 3934 33 17 the

42 3948 53 16 date.
323 3951 5 10 :

838 117 230 24 DIARY.—JUNE.

731 611 5 3 -
756 602 136 15 GARDENERS
903 601 122 15 CALENDAR
1035 600 43 14 FOR
1087 600 74 18 JUNE.;

666 633 4 5 1
687 628 50 23 The
757 619 205 42 Gardens-Sow
981 627 94 27 turnips,
1092 630 93 23 carrots,
1205 626 44 23 and

662 655 68 22 broad
739 656 69 21 beans
816 663 5 19 ;
837 655 62 28 plant
908 658 40 18 out
957 654 90 26 seakail,
1059 654 23 21 in
1092 661 57 14 rows
1157 662 5 19 ;
1179 658 78 24 trans-j

662 681 60 28 plant
741 681 134 27 artichokes,
891 681 73 26 leeks,
976 698 3 5 ,
990 681 85 25 onions,
1095 680 91 27 shalots,
1205 680 49 23 an&

662 708 121 23 chardoons
790 717 5 19 ;
805 715 72 21 prune
886 708 135 27 gooseberry:
1030 707 44 22 and
1083 710 93 19 currant
1186 710 61 19 trees.

685 742 51 22 The
747 742 123 22 Orchard.
871 753 28 4 —
899 736 136 32 Transplant
1049 741 56 21 fruit
1114 745 71 22 trees;
1200 748 47 20 pre-

662 775 50 19 pare
723 769 44 21 and
777 769 37 26 lay
824 768 64 22 down
898 769 74 26 layers
978 767 53 22 *and
1045 767 64 28 plant
1118 767 96 28 cuttings
1226 767 24 22 of
1249 790 5 8 v

662 795 158 23 hard-wooded
830 795 71 23 fruits.

686 830 51 21 The
753 830 81 21 Field.
835 840 28 4 —
864 830 50 21 Sow
930 830 76 26 spring
1014 828 85 28 barley,
1108 828 42 23 but
1163 835 28 15 on
1201 828 46 22 fine

662 863 9 14 8
674 856 37 22 oil.

686 890 50 22 The
751 891 99 21 Flower
867 890 107 22 Garden.
975 900 29 5 —
1004 889 45 27 Dig
1065 896 29 21 up
1113 889 74 22 flower
1198 889 49 21 bor-

662 916 49 22 ders
722 917 43 21 and
776 917 148 22 shrubberies.

2490 91 2 2 2

678 1097 48 16 1842.

763 1075 53 17 Time
822 1076 21 15 of

759 1097 87 16 Observa-

779 1118 44 16 tion.

876 1085 55 16 Baro-

870 1108 64 14 meter.

952 1085 86 17 TKermo-

963 1108 64 14 meter.

1068 1098 55 43 121

1166 1094 59 18 Wind.

664 1171 81 24 Friday...!

664 1237 25 16 Jat

664 1300 78 20 Sunday..

664 1362 78 21 Monday.

782 1176 10 15 8

781 1197 53 20 Ip.m.

782 1218 9 15 5

782 1239 10 15 8

782 1260 51 19 Ip.m.

781 1281 10 14 s

782 1301 9 16 8

781 1322 53 20 Ip.m.

781 1343 9 15 5

782 1364 10 15 8

783 1385 51 20 Ip.m.

782 1406 9 14 5

782 1427 10 14 8

781 1447 53 20 Ip.m.

781 1468 9 14 5

781 1489 10 14 8

781 1510 21 19 Ip
810 1514 25 11 m.

781 1531 10 14 5

782 1552 10 15 8

782 1572 52 20 Ip.m.

782 1594 10 14 5

875 1175 58 16 29.850

876 1196 58 16 29.820

875 1217 59 16 29.810

876 1237 58 17 29.770

875 1259 59 16 29.600

875 1279 58 16 29.G00

876 1362 59 16 29.530

876 1383 59 16 29.420

876 1404 58 16 2U.512

876 1425 59 16 30.000

876 1446 58 16 30.000

876 1467 58 16 30.100

876 1488 58 16 30.100

876 1509 19 15 30
903 1510 31 15 100

876 1531 58 16 30.000

876 1551 59 16 29.970

876 1573 59 15 29.950

868 1593 65 16 ,29.960

976 1174 28 16 49.

977 1195 27 16 57.

977 1216 27 16 57.

977 1237 27 16 57.

977 1259 27 15 65.

977 1279 27 17 64.

978 1364 26 16 53.

977 1383 28 17 57.

977 1406 28 15 55.

977 1425 28 17 47.

977 1447 27 16 51.

977 1468 27 16 49.

977 1489 27 16 42.

978 1510 26 16 54.

977 1531 27 15 52.

978 1552 27 16 33.

977 1573 38 15 61.5

977 1592 27 17 57.

1078 1197 38 16 0.03

1074 1260 37 15 0.05

1074 1322 38 16 0.40

1074 1385 38 16 0.95

1145 1175 52 17 N.W.

1146 1196 50 17 N.W.

1146 1216 50 18 N.W.

1145 1237 54 18 West.

1146 1258 53 18 West.

1145 1279 54 17 West.
1230 1294 2 1 .

1145 1300 52 17 N.W.
1225 1294 11 21 .i

1144 1322 53 16 N.W-

1144 1343 51 16 N.W.

1145 1364 52 17 N.W.

1145 1384 51 17 N.W.

1144 1406 53 16 N.W;

1224 1427 13 16 1

1144 1447 41 16 S.E.
1227 1448 15 20 7

1144 1489 52 16 N.W.
1214 1504 5 4 ,

1144 1509 63 17 N.W.

1145 1531 51 16 N.W.
1208 1540 7 6 ►

1145 1551 52 17 N.W.

1145 1572 51 16 N.W.

1145 1593 52 17 N.W.

664 1424 77 21 L'uesday

1074 1447 38 16 0.48

664 1486 38 17 tVed

1063 1509 58 17 None.

664 1549 76 18 rhurs...

1078 1572 39 16 0.24

791 170 5 4 ,
807 171 4 2 .
843 159 28 14 MC

873 152 54 21 ion's
942 160 8 14 «

953 159 117 17 tUARTERS.
1204 164 4 8 j

693 188 15 23 <
729 185 49 22 Lasi

689 219 25 26 #
714 214 10 14 f
730 218 48 22 Nev

694 254 14 22 B
729 251 49 22 Firs

776 188 7 18 t
793 185 78 24 Qu'artc

776 225 10 15 r

873 191 42 15 !r..

953 185 31 22 Id.
1018 185 100 32 6h.|27m.
1143 186 79 28 aftern,

953 221 9 19 9
1018 221 13 19 9
1139 226 72 16 morn.

776 254 13 19 it
795 251 76 24 Quart

776 285 6 21 1
792 284 70 22 Moon
869 299 2 6 ,

873 258 42 15 jr..
934 253 16 20 li

953 254 9 19 3
1016 253 15 20 4
1057 254 27 20 28
1141 260 69 15 morn.
1226 256 16 21 ,'

689 289 19 19 ©
731 284 47 22 Full

882 299 32 6 ...
933 287 17 19 2i

953 287 7 20 $
1016 287 13 20 8
1055 287 29 21 58
1140 294 70 14 morn.

660 394 26 20 22

660 420 25 20 23

660 447 26 20 24

659 473 27 20 25

660 500 26 20 26

660 527 26 20 27

659 553 27 21 28

693 329 81 27 ffirises

694 366 21 21 h.
743 373 30 14 m.

694 390 21 35 X
738 387 3 4 '
761 394 14 20 6

694 413 32 28 7'"
760 421 14 19 6

694 447 14 21 7
761 447 14 20 6

694 473 14 21 7
761 474 13 20 6

694 499 14 22 7
760 500 14 20 6

694 525 14 23 7
760 527 13 20 6

694 553 14 21 7
760 554 14 20 6

781 329 83 28 osets.

784 366 21 21 h.
834 373 29 14 m.

781 393 16 21 4
837 393 28 21 54

781 420 15 20 4
836 419 28 21 54

781 447 16 20 4
836 446 28 21 54

782 473 14 21 4
835 473 29 21 54

781 500 15 20 4
835 500 28 20 54

781 527 14 20 4
835 526 28 21 54

781 553 14 21 4
835 553 28 21 54

881 332 13 22 D
905 336 52 20 age.i

900 393 26 21 13

887 418 40 22 '14

900 447 26 19 15

900 473 26 21 16

898 500 28 20 17

898 527 27 20 18

898 553 27 20 19

969 423 15 5 -

1099 443 3 4 *
1107 447 9 9 r

991 330 117 27 Sundays',
1120 331 115 27 Festivals,

1039 357 84 26 Term's,
1135 358 41 21 &c.

960 498 17 21 5
987 498 63 21 Sun.
1062 498 71 22 after
1143 497 106 27 Trinity

955 559 2 17 I
983 569 16 10 *
1244 580 2 3 .

781 1647 99 21 Notice
894 1649 30 18 to
939 1648 183 20 Subscribers.

664 1684 74 26 Papers
753 1684 45 20 will
810 1686 35 18 not
860 1685 25 19 be
896 1686 47 19 sent
959 1686 22 19 to
992 1691 89 19 persons
1094 1686 65 25 living
1174 1687 36 19 out
1226 1686 23 23 of

685 1720 54 20 Port
748 1719 122 25 Nicholson,
887 1720 68 19 unless
969 1722 156 23 arrangements
1139 1726 36 15 are
1190 1721 58 20 made

682 1753 38 24 for
729 1754 35 19 the
768 1755 102 24 payment
879 1754 26 24 of
911 1754 35 19 the
955 1760 61 20 same,
1029 1755 92 25 thrwgh
1130 1761 28 14 an
1170 1755 77 25 Agent,

686 1790 23 18 at
721 1788 133 23 Wellington.

132 120 245 26 GOVERNMENT
406 120 140 25 NOTICE.

100 160 129 21 -Tenders
252 158 42 22 for
317 159 130 27 Bonding
469 158 101 21 Stores.

132 202 4 13 ;
262 192 187 24 Custom-House,
459 191 145 28 Wellington,

302 225 5 4 -
343 219 59 22 June
416 219 34 26 20,
463 220 60 20 1842.

47 251 170 33 rpENDERS
233 249 44 23 will
296 251 27 22 be
343 250 102 22 received
465 254 23 18 at
503 251 43 22 this
560 251 70 25 office,

54 273 30 28 _L
122 278 25 21 of
158 281 68 18 stores
242 278 34 22 for
290 277 36 22 the
343 277 165 27 ware-housing
523 278 26 21 of
563 277 69 27 goods

47 304 71 23 under
126 304 66 28 bond,
204 312 29 15 on
243 312 24 14 or
280 304 74 21 before
372 303 148 28 Wednesday,
541 304 37 21 (he
593 303 38 22 6th

47 331 54 27 July
116 334 61 19 next.
219 331 48 22 The
285 331 89 21 tenders
397 333 60 19 must
475 331 101 21 describe
594 330 37 21 the

45 358 117 21 situations
171 358 26 21 of
207 361 76 22 stores,
295 357 35 21 the
341 360 58 18 rates
409 358 26 21 of
444 360 59 19 store
511 357 65 27 rent;'
586 356 46 22 and

46 386 26 21 of
82 384 111 28 receiving
203 384 42 22 and
257 383 122 28 delivering
394 384 36 21 the
446 383 104 22 different
563 384 68 27 pack-

46 419 53 19 ages
108 412 25 21 of
143 411 68 27 goods
219 419 5 17 ;
241 410 46 23 and
304 411 54 26 they
376 414 61 18 must
452 411 29 21 be
495 410 137 22 endorsedr-

66 438 89 22 Tender
163 438 35 21 for
207 437 104 27 Bonding

255 464 25 22 P.
295 465 28 21 D.
339 464 78 27 Hogg,
429 463 175 23 Sub-Collector.

47 516 65 21 Port
124 515 152 21 Nicholson
296 515 168 21 Mechanic's
487 515 143 25 Institute,

122 543 96 20 Public
233 541 108 26 School,
361 543 55 19 and
434 541 121 26 Library.

47 575 92 33 HpHE
160 575 137 22 Mechanic's
312 575 105 22 Institute
435 575 99 22 Sabbath
550 575 81 22 School

54 597 29 28 J.
121 602 43 21 will
173 602 29 21 be
212 601 87 29 opened
309 602 21 21 in
341 602 39 21 the
390 609 74 14 rooms
475 602 26 21 of
512 602 37 21 the
560 602 71 22 above

47 628 135 27 Institution,
193 636 29 14 on
233 628 90 32 Sunday
339 633 62 22 next,
418 629 37 20 the
473 628 51 22 19th
539 629 91 21 instant.

46 656 75 21 Hours
132 656 26 21 of
167 655 129 22 instruction
309 662 22 15 in
347 656 38 21 the
398 655 104 27 morning
516 655 60 22 from
584 655 51 22 half

45 686 51 24 past
102 682 53 21 nine
165 682 33 21 till
214 690 14 13 a
242 684 88 26 quarter
345 685 24 18 to
386 682 77 21 eleven
470 690 6 18 ;
494 681 44 22 and
552 682 25 21 in
593 682 38 22 the

45 709 117 22 afternoon
169 708 58 23 from
237 711 13 20 2
261 708 31 21 till
301 710 21 20 4.

310 741 22 23 J.
348 741 122 29 Knowles,
482 743 122 26 Secretary.

47 793 70 49 ON
134 795 84 26 SALE,
236 802 28 14 ex
283 795 88 20 Thomas
388 795 66 26 Crisp,
470 795 94 24 London,
585 793 47 23 and

122 822 69 25 Agnes
198 831 5 11 i
205 833 28 4 —

72 847 59 23 First
138 849 57 21 flour
203 849 24 21 in
239 851 45 24 100,
296 849 46 27 150,
355 849 45 21 and
409 850 40 21 200
459 849 30 21 lb.
501 849 62 26 bags,

73 875 55 21 Fine
139 875 87 22 Chilian
240 875 36 22 do.

73 901 97 22 Seconds
181 901 63 28 flour,

73 927 71 23 Patna
153 928 53 27 rice,

71 955 78 22 Finest
158 955 95 22 Manilla
262 963 71 20 sugar,

71 981 102 23 Tobacco
182 982 23 22 in
216 983 85 25 tierces,
313 983 54 28 duty
376 983 52 26 free,

73 1008 91 28 Brandy
171 1009 23 21 in
203 1009 66 22 hhds.

74 1035 44 22 Gin
129 1036 21 21 in
162 1041 89 22 quarter
261 1036 62 22 casks
334 1037 45 21 and
388 1036 64 22 hhds.

72 1061 59 23 Rum
141 1062 24 22 in
175 1063 64 21 hhds.
558 1080 4 9 ,

72 1089 93 26 Arrack,
174 1089 49 21 best
233 1090 54 21 East
296 1089 73 27 India,

71 1115 53 22 Port
134 1116 43 21 and
188 1116 76 27 sherry
273 1116 23 22 in
306 1116 64 22 hhds.
379 1117 44 21 and
432 1119 90 25 quarter
532 1116 69 27 casks,

72 1142 59 27 Port,
148 1143 84 27 sherry,
257 1143 107 27 Madeira,
384 1148 45 17 and
449 1143 137 28 champagne
606 1143 24 21 in

45 1169 68 22 bottle
120 1177 7 19 ;
143 1169 136 23 Rutherford
290 1170 45 22 and
343 1171 76 27 Drury
430 1170 79 27 brand,

72 1196 43 22 Ale
125 1196 23 22 in
159 1198 13 20 6
182 1196 72 22 dozen
261 1197 68 26 casks,

71 1223 51 21 Coir
132 1230 59 20 rope,
203 1227 35 18 tar
247 1223 44 22 and
301 1223 69 28 pitch,

71 1250 23 21 A
104 1250 84 27 variety
198 1250 26 22 of
231 1250 65 27 slops,

71 1277 65 21 Sawn
146 1277 80 21 timber
235 1277 55 22 from
301 1277 36 21 the
349 1277 67 28 Hutt,
429 1276 28 22 all
468 1276 74 22 kinds.

360 1311 83 22 Waitt
459 1310 45 23 and
517 1311 85 22 Tyser.

70 1337 143 27 Wellington,
226 1338 58 21 June
295 1339 31 25 16,
339 1339 61 21 1842.

45 1383 43 19 Ex
385 1383 55 20 and

46 1413 74 52 ON
134 1416 83 26 SALE,
228 1418 22 19 at
259 1415 38 22 the
308 1416 73 22 Stores
391 1417 25 21 of
423 1417 38 22 the
472 1416 157 27 undersigned,

123 1442 99 21 Colonial
238 1442 58 22 flour
309 1443 24 21 in
350 1444 62 26 bags,
431 1451 74 19 sugar,
522 1443 52 27 rice,
586 1442 44 22 and

45 1470 39 21 250
92 1469 87 27 grafted
188 1469 54 22 fruit
250 1472 63 19 trees.

299 1496 35 21 W.
351 1497 25 21 B.
393 1497 96 22 Rhodes
505 1497 44 21 and
563 1497 39 22 Co.

187 1541 44 21 Esc
270 1541 73 21 Lord

45 1574 89 49 FOR
149 1574 79 22 SALE
242 1574 31 27 by
289 1574 37 22 the
341 1575 158 28 undersigned,
517 1575 37 22 the
564 1583 66 19 cargo

117 1601 25 21 of
158 1601 37 22 the
210 1602 61 21 Lord
283 1602 86 21 Hobart
384 1602 58 22 from
458 1602 103 22 Twofold
575 1603 53 27 Bay,

45 1627 118 27 consisting
186 1629 35 22 of:
223 1641 29 3 —
252 1628 33 22 fat
311 1628 109 28 bullocks,
450 1636 59 15 cows
531 1630 24 21 in
579 1629 50 26 calf,

45 1654 84 27 heifers,
146 1656 32 20 fat
191 1656 108 21 weathers
313 1656 45 21 and
374 1663 64 19 ewes,
459 1656 98 22 selected
573 1656 56 22 from

45 1682 36 21 the
92 1682 124 22 celebrated
227 1682 66 23 herds
302 1682 45 22 and
355 1683 71 22 flocks
436 1683 25 22 of
468 1683 42 22 Dr.
521 1683 81 27 Imlay.

297 1710 33 21 W.
346 1710 27 21 B.
389 1710 96 21 Rhodes
501 1718 45 14 and
562 1711 39 21 Co.

71 1735 59 22 June
141 1737 32 25 21,
186 1738 60 20 1842.

45 1780 205 49 DISSOLVKD
265 1781 42 22 this
322 1781 50 28 day,
386 1783 28 26 by
428 1783 87 21 mutual
529 1787 99 21 consent,

125 1807 37 21 the
172 1808 50 22 firm
232 1808 70 22 under
315 1809 39 21 the
370 1816 65 14 name
450 1809 26 21 of
492 1809 23 21 J.
526 1809 105 28 Canning

45 1834 171 28 andß.Wyeth,
227 1835 73 22 Coffee
306 1836 44 21 and
357 1836 160 27 Eating-house
527 1836 101 27 keepers.

45 1860 37 22 All
97 1860 71 22 debts*
174 1861 43 22 due
233 1862 28 27 by
272 1862 36 22 the
325 1863 48 21 said
388 1863 50 21 firm
454 1866 24 18 to
492 1863 28 21 be
534 1863 52 28 paid
600 1864 29 27 by

45 1888 26 21 R.
84 1887 86 27 Wyeth,
181 1888 46 22 and
236 1889 30 21 all
282 1889 62 22 debts
356 1890 43 22 due
409 1894 22 18 to
442 1889 37 22 the
489 1889 48 23 said
547 1891 48 21 firm
608 1895 22 17 to

45 1914 25 22 be
81 1914 51 28 paid
142 1918 23 18 to
174 1915 28 22 R.
212 1915 89 28 Wyeth.

445 1943 24 22 J.
485 1943 115 26 Canning,

76 1972 49 22 */.;
163 1975 4 2 ■
294 1975 6 5 -
301 1966 8 14 :<
447 1969 28 21 R.
490 1969 110 21 Wyeth.'

69 1994 131 30 Johi^Mayj
211 1992 95 25 witness.

196 2022 61 22 June
264 2023 33 25 16,
309 2023 61 21 1842.
