2580 4060
107 39 2392 33 THE

107 72 378 125 NEW
611 72 881 125 ZEALAND
1618 72 881 125 GAZETTE

107 197 2392 125 AND

107 322 1139 125 WELLINGTON
1360 322 1139 125 SPECTATOR.

630 477 221 40 PUBLISHED
895 480 133 38 EVERY
1072 479 256 43 WEDNESDAY
1371 482 89 41 AND
1505 484 227 39 SATURDAY
1775 485 207 41 MORNING.

628 595 112 31 PORT
759 596 260 38 NICHOLSON,
1039 596 266 33 WEDNESDAY
1327 598 211 37 MORNING,
1559 600 228 32 DECEMBER
1808 603 50 38 27,
1883 607 89 28 1843.

2293 607 93 40 [Vol.
2407 607 54 32 IV.

139 593 66 31 No.
227 594 89 37 310.]

118 113 3 5 '

1381 691 62 22 THE
1459 690 139 25 FINANCE
1613 693 187 24 COMMITTEE
1815 694 39 23 OF
1866 694 67 23 THE
1947 696 223 24 CORPORATION
2185 699 40 22 OF
2239 700 222 31 WELLINGTON,

1326 751 72 15 _^_
1624 733 25 15 IN
1663 733 103 17 ACCOUNT
1782 735 61 15 WITH
1857 736 45 15 THE
1916 736 107 16 BOROUGH
2039 737 66 20 FUND,
2121 732 54 22 1842
2175 741 27 6 —
2202 733 22 21 3.

1328 830 54 22 1842
1938 831 99 18 Vouchers
2413 837 17 18 jS
2462 843 9 13 »
2497 841 13 15 d

1354 877 20 8 «
1410 876 6 9 ,
1460 877 27 8 ««
1505 875 19 10 m
1610 876 18 9 «
1692 877 43 8 *,»
1809 856 63 18 «■•
1891 856 18 18 d.
1960 851 22 28 1,
1992 852 14 22 2
2020 853 35 27 By
2063 853 53 22 cash
2123 853 53 27 paid
2183 855 68 23 Town
2267 856 129 28 Surveyor's

1354 876 97 22 October
1460 877 34 26 22,
1505 876 33 21 To
1547 876 52 22 cash
1609 876 57 22 Fees
1678 877 25 21 of
1716 877 46 22 Re-
2098 880 74 28 salary
2408 886 28 21 50
2461 888 15 20 0
2501 889 16 20 0

1432 903 118 26 gistration
1788 904 41 22 352
1855 906 14 20 0
1895 906 14 20 0
1963 905 52 26 3,5,
2098 905 15 12 «
2180 906 70 25 Town
2269 900 83 32 Clerks*
2358 910 36 23 do.
2408 912 27 21 42
2450 912 24 22 15
2502 915 15 20 0

1328 946 55 18 1043
1964 933 14 19 6
1978 947 7 10 »
1998 942 7 12 '
2009 947 7 11 »
2183 934 139 30 Messengers
2332 936 11 23 d
2343 936 48 23 0...
2421 937 15 22 7
2461 939 15 22 0
2502 941 16 20 0

1329 952 26 15 10
1356 952 27 15 **
1974 959 22 24 8,
2100 959 16 11 «
2184 961 127 22 Constables
2319 962 37 23 do.
2372 978 20 7 ..
2408 965 26 21 21
2450 966 27 21 16
2503 967 15 20 0

1356 986 60 22 June
1426 986 34 23 15,
1470 983 34 23 To
1514 985 52 22 cash
1576 984 57 23 Fees
1644 985 26 22 of
1683 985 78 28 Regis-
1951 985 20 26 9,
1983 985 34 26 10,
2183 986 117 28 Expences
2306 988 26 22 of
2338 989 59 22 Con-

1434 1012 161 23 tration......
1804 1013 25 22 18
1844 1014 25 22 17
1895 1015 14 20 6
2072 1011 82 25 stables
2176 1013 40 22 &c.
2236 1017 22 18 at
2281 1015 65 27 Gaol,
2366 1023 30 16 on

2073 1041 95 20 account
2187 1039 27 22 of
2234 1040 37 22 the
2291 1048 107 22 runaway
2409 1060 4 3 .

2074 1065 114 23 Prisoners
2198 1066 23 22 in
2231 1066 70 29 April,
2314 1069 78 22 1843..
2410 1071 26 20 15
2462 1072 14 20 8
2503 1074 15 19 6

1966 1091 25 20 ll
1993 1107 6 10 »
2187 1091 95 30 Making
2297 1102 31 20 up
2339 1095 59 23 Rate

2073 1117 64 23 Book
2422 1125 15 21 3
2462 1125 15 20 0
2504 1127 15 20 0

1938 1143 34 26 12,
1985 1144 33 27 13,
2185 1146 22 22 S.
2218 1146 95 29 Revans,
2325 1149 73 22 Print-

2072 1171 41 27 ing
2121 1171 45 23 and
2177 1172 123 29 Stationery
2410 1176 28 23 57
2452 1178 26 21 12
2505 1180 16 21 4

1939 1198 79 25 14,16,
2186 1200 89 21 Colonist
2281 1201 68 27 office,
2359 1202 35 23 do.
2410 1204 28 21 14
2452 1206 26 20 12
2505 1208 14 19 9

1966 1224 34 27 17,
2186 1226 128 29 Engraving
2353 1229 44 22 Bo-

2073 1249 72 29 rough
2158 1251 52 23 Seal
2423 1259 15 20 2
2452 1259 26 20 10
2505 1261 14 20 0

1966 1277 34 26 1-8,
2185 1279 61 22 Rent
2251 1281 25 21 of
2278 1281 68 22 Town
2350 1282 47 23 hall
2411 1284 26 21 15
2464 1286 13 20 0
2504 1288 15 19 0

1967 1304 34 26 19,
2186 1305 88 23 Brewer
2286 1307 21 21 &
2321 1308 77 22 Blath-

2075 1334 63 23 wayt,
2151 1331 54 22 Law
2213 1338 108 21 expences
2346 1348 47 9 ....
2424 1336 14 23 7
2464 1338 14 22 7
2504 1340 15 20 0

1964 1357 35 25 20,
2185 1357 105 29 H.Ross,
2304 1359 28 23 do
2419 1364 13 20 5
2461 1365 13 20 5
2503 1367 14 20 0

1938 1383 79 25 21,23,
2100 1382 16 22 '?
2184 1383 45 23 For
2234 1385 88 24 Labour
2330 1387 24 22 in
2360 1396 35 15 re-

2072 1409 87 28 pairing
2169 1411 65 22 roads
2396 1417 40 22 us
2462 1418 12 21 5
2491 1419 25 21 11

1965 1437 34 25 24,
2184 1437 69 23 Town
2287 1441 111 28 Surveyor

2073 1462 35 23 for
2116 1463 61 27 large
2187 1464 54 28 Map
2248 1465 26 22 of
2279 1466 38 22 the
2326 1467 70 24 beach

1961 1514 4 4 .
2072 1488 102 29 frontage
2422 1497 14 21 5
2464 1498 12 21 5
2505 1500 14 21 0

1770 1536 60 25 £370
1846 1537 24 22 17
1896 1538 13 21 6
2378 1549 60 25 £370
2452 1550 26 24 17
2505 1555 15 20 6

2171 1590 4 6 •
2194 1583 110 23 William
2318 1585 74 29 Lyon,

2192 1610 94 23 Robert
2301 1612 90 29 Waitt,

2192 1636 111 25 William
2317 1639 170 28 Fitzherbert,

1354 1667 42 23 We
1405 1668 85 28 hereby
1500 1668 78 29 certify
1588 1669 48 22 that
1644 1676 33 15 we
1688 1669 59 23 have
1762 1669 117 23 examined
1896 1670 38 23 the
1949 1671 71 22 above
2036 1672 104 23 Account
2155 1673 54 22 with
2224 1674 37 23 the
2276 1675 115 25 Vouchers
2412 1681 45 21 and
2471 1681 47 21 find

1326 1694 38 23 the
1373 1703 60 14 same
1444 1698 23 19 to
1477 1697 28 20 be
1515 1699 93 19 correct.
2391 1695 7 12 '

2031 1725 27 22 T.
2073 1725 34 22 M.
2124 1726 142 30 Partridge,
2333 1731 10 19 1
2395 1748 5 2 .
2424 1748 24 9 ..,

2033 1752 77 23 James
2124 1752 112 25 Kelham.
2337 1757 12 23 f
2382 1748 108 23 Auditors.

1353 1775 144 28 Wellington,
1509 1775 127 24 December
1644 1778 36 25 22,
1693 1778 59 21 1843.
1883 1791 4 6 ,

281 687 55 21 For
350 686 127 25 London,

117 720 43 23 For
169 721 60 27 light
237 721 83 27 freight
329 720 45 23 and
383 726 132 22 passengers
524 720 59 28 only,
595 721 41 22 has
646 721 29 22 all

87 747 41 23 her
143 747 59 22 dead
218 748 83 26 weight
317 747 110 27 engaged,
438 747 46 22 and
500 747 43 22 will
557 748 118 28 positively

88 773 29 24 be
127 773 131 29 dispatched
268 781 29 14 on

202 806 54 21 sth
279 805 195 27 JANUARY,
500 806 60 28 1844,

91 855 3 6 ■
108 844 88 23 >fl_.
248 840 45 21 HP
309 839 24 22 H
348 839 20 22 E
458 839 43 22 fine
589 840 86 25 barque

125 860 87 39 djfSff,
254 860 30 28 JL
355 867 258 27 INDEMNITY,

95 888 147 39 Jajj^S^
260 895 42 21 312
320 896 56 24 tons,
389 894 27 21 R.
430 893 117 28 Sedgwick
562 901 113 14 comman-

261 919 46 28 der,
324 920 41 21 has
385 927 41 15 one
442 923 60 18 stern
517 920 66 22 cabin
601 921 74 21 disen-

261 947 80 27 gaged,
350 947 45 21 and
405 947 104 27 splendid
521 947 155 22 accommoda-

261 974 58 21 tions
326 973 35 22 for
371 973 158 22 intermediate
537 980 137 21 passengers,

88 1006 52 22 with
159 1014 15 14 a
192 1006 80 23 liberal
286 1006 94 28 dietary.
410 1008 44 20 For
468 1011 68 18 terms
553 1008 26 20 of
593 1006 80 28 which,

87 1034 66 28 apply
162 1037 24 18 to

305 1068 132 25 RIDOWAYS,
451 1068 106 27 GUYTON,
572 1068 22 21 &
608 1068 38 21 Co.

116 1100 146 28 Wellington,
273 1102 127 21 December
411 1103 33 25 19,
456 1103 61 20 1843.

134 1144 196 23 PASSAGE
357 1145 51 21 TO
437 1145 188 22 LONDON.

232 1178 53 21 For
298 1178 120 21 London
433 1179 95 20 direct.

242 1217 92 29 npHE
357 1218 45 21 fine
422 1218 45 21 fast
485 1218 81 27 sailing
588 1219 86 27 barque

110 1237 108 42 jggg*
248 1241 29 26 A
396 1246 165 24 TYRIAN,

253 1273 40 20 225
305 1275 50 18 tons
365 1272 101 27 register,
482 1272 85 21 Robert
578 1272 96 28 August.

87 1294 151 38 ■SHSSb
256 1298 111 23 Clarkson
378 1298 151 26 commander,
539 1298 41 23 has
595 1294 33 27 alt
635 1299 41 22 her

88 1321 149 33 WUSSBB
254 1332 66 20 cargo
331 1326 108 26 engaged,
449 1326 45 21 and
503 1326 45 21 will
557 1326 119 27 positively

253 1351 29 22 be
291 1352 137 27 despatched
439 1360 29 14 on
478 1352 38 22 the
520 1352 53 23 26th
578 1352 97 23 Decem-

85 1378 46 23 ber.
160 1379 46 22 For
215 1378 65 23 cabin
297 1385 101 21 passage,
410 1379 67 27 apply
488 1382 23 19 to
529 1379 37 22 the
581 1380 95 27 Captain

87 1413 29 14 on
126 1406 78 26 board,
216 1413 26 14 or
251 1409 23 18 to
440 1417 4 3 ■

379 1433 95 21 Samuel
489 1432 46 23 and
549 1432 98 23 Joseph.

113 1459 131 22 November
253 1460 33 25 21,
300 1460 60 21 1843.

116 1505 53 22 For
189 1505 126 25 London,
331 1504 45 22 via
396 1505 165 26 Newcastle,
579 1506 69 20 New

277 1532 87 21 South
383 1532 101 22 Wales.

130 1564 29 21 To
169 1564 43 20 sail
220 1570 27 14 on
257 1570 24 14 or
291 1564 63 21 about
363 1564 36 20 the
410 1565 33 20 Ist
454 1565 103 25 January,
569 1566 63 20 1844.

256 1601 91 22 TinHE
374 1601 46 22 fine
448 1602 44 21 fast
518 1601 81 28 sailing
626 1601 49 28 brig

117 1623 129 39 lMaJlfiv,
261 1636 29 14 -*•
388 1629 202 25 GANNETT,
613 1646 3 6 .

106 1650 140 40 jLXnßslgsf
267 1662 39 15 flas
315 1663 62 14 room
389 1656 35 21 for
433 1656 70 22 about
512 1663 43 15 one
569 1656 106 22 hundred

89 1683 161 33 JBEtBtSaL
266 1686 51 18 tons
336 1682 60 22 dead
412 1683 91 27 weight,
521 1683 44 22 and
580 1683 40 22 she
630 1683 44 22 will

265 1712 61 19 meet
345 1709 53 22 with
416 1709 129 22 immediate
565 1709 107 28 dispatch,

260 1736 68 27 being
338 1736 73 22 under
421 1740 149 24 engagement
583 1740 23 19 to
622 1737 52 22 load

86 1761 54 23 wool
150 1765 25 19 at
185 1763 134 22 Newcastle.

112 1796 43 22 For
164 1796 83 28 freight
258 1804 24 14 or
298 1804 99 21 passage,
415 1797 67 29 apply
492 1801 22 19 to
531 1798 45 22 Mr.
588 1797 84 25 Nichol

84 1830 31 15 on
124 1823 77 28 board,
214 1831 25 14 or
249 1827 22 18 to

400 1852 85 23 Waitt
500 1851 45 23 and
559 1852 85 22 Tyser.

112 1881 146 30 Wellington,
270 1883 56 23 Dec.
338 1884 33 27 15,
384 1886 62 21 1843.

82 1933 53 22 For
148 1934 117 25 Nelson,
276 1934 176 26 Valparaiso,
465 1935 55 21 and
535 1935 137 26 England.

199 1986 34 5 —
233 1967 302 31 rpHEjij^asfr^^ng
544 1968 128 28 A-^jhip

88 2010 149 36 >jgHPigS^
252 2016 93 27 Captain
354 2016 79 27 Smith,
440 2018 42 21 650
492 2020 55 24 tons,
559 2017 45 22 will
612 2021 59 18 meet

296 2086 25 14 or
331 2079 83 28 freight
423 2088 26 14 or
461 2088 99 19 passage,
571 2080 68 29 apply
648 2084 23 18 to

252 2105 37 23 the
300 2107 95 26 Captain
405 2114 29 14 on
445 2107 77 27 board,
531 2115 25 14 or
566 2111 22 18 to

365 2140 35 25 W,
417 2141 25 22 B.
459 2141 95 22 Rhodes
569 2142 19 22 &
602 2142 40 21 Co.

108 2166 127 23 December
245 2168 32 26 12,
290 2168 61 23 1843,

232 2219 53 22 For
301 2220 112 26 Sydney
424 2220 96 25 direct,

162 2252 31 20 To
201 2252 43 20 sail
251 2258 26 14 on
289 2252 110 26 Thursday
409 2254 58 26 next,
474 2253 119 26 positively.

92 2296 22 12 '*
112 2291 12 13 /
122 2292 75 29 rij£ffii
237 2289 92 25 HPHE
362 2290 45 21 fast
446 2290 80 26 sailing
564 2290 108 23 schooner

105 2312 111 40 jgs3g&
244 2312 29 26 X
388 2318 178 26 WANDERER,

84 2338 150 39 /r3JE~KgS^
251 2343 29 22 H.
298 2343 80 28 Burns,
396 2348 90 24 master,
497 2345 44 21 will
555 2344 42 22 sail
613 2345 57 27 posi-

81 2367 154 37 saNgaHta
249 2369 70 29 tively
335 2378 24 14 as
377 2371 79 22 above.
486 2372 41 22 Foi
545 2372 87 27 freight
647 2380 24 14 or

81 2394 151 31 39S3JS*V
250 2404 92 20 passage
352 2398 68 27 apply
429 2401 24 19 to

300 2436 93 23 Messrs.
402 2437 94 22 Samuel
507 2438 21 21 &
537 2437 97 27 Joseph,
646 2445 25 14 or

199 2476 7 10 t
297 2464 112 22 Richard
418 2464 89 27 Eagar,
576 2476 9 9 •

464 2491 191 28 Lambton-quay.

80 2516 127 25 December
216 2518 106 28 23;'1843.

230 2571 64 27 Ship

98 2598 69 36 jjfeji
196 2605 224 24 /CONSIGNEES
434 2606 31 27 by
472 2606 37 22 the
519 2606 71 22 above
597 2611 70 18 vessel

93 2627 145 40 flgi^v^
266 2639 39 15 are
314 2633 120 27 requested
445 2636 22 18 to
486 2633 55 22 send
557 2633 36 22 for
611 2633 58 23 their

78 2655 114 37 ij||ffft
209 2659 77 22 Goods
303 2660 95 22 without
414 2660 73 26 delay,
503 2667 24 15 as
542 2660 38 23 the
597 2661 71 22 vessel

207 2686 46 22 will
267 2686 28 22 be
310 2694 31 15 on
355 2686 133 28 demurrage
503 2688 57 21 after
573 2686 39 23 the
621 2688 48 23 21st

209 2713 93 22 instant.

105 2747 86 23 Parties
199 2747 83 23 known
291 2752 24 18 to
326 2749 37 22 the
381 2749 89 27 Agents
480 2749 44 23 will
537 2749 28 23 be
574 2750 94 23 allowed

77 2777 24 19 to
110 2774 51 23 take
171 2775 60 22 their
246 2775 76 23 Goods
340 2783 30 15 on
386 2776 91 28 signing
492 2776 68 22 blank
576 2777 56 23 Bills
646 2779 26 21 of

77 2801 88 28 Lading
173 2802 36 22 for
219 2802 37 22 the
266 2810 68 15 same.

357 2829 37 23 W.
410 2828 26 25 B.
453 2831 96 22 Rhodes
564 2832 21 21 &
599 2832 40 21 Co.

103 2860 128 23 December
240 2862 34 27 15,
289 2862 63 22 1843.

228 2914 139 22 Schooner

298 2949 147 23 NOTICE.

96 2976 74 41 jJ^l
208 2982 76 25 AUi
313 2984 136 25 PARTIES
475 2985 85 28 having
583 2986 85 22 Claims

91 3008 152 25 MfefiALXX
271 3011 89 26 against
380 3010 55 33 tfije*
442 3011 73 23 above
538 3012 80 28 vessel,
643 3020 25 16 or

77 3034 115 28 Jni
205 3036 90 27 against
311 3037 39 22 the
365 3037 96 25 Owners
471 3038 93 28 thereof,
575 3040 28 21 of
607 3040 61 22 what

77 3059 114 29 VHHP
204 3066 81 19 nature
303 3066 143 24 soever^are
461 3066 119 27 requested
589 3069 24 19 to
622 3067 46 21 for-

202 3089 62 23 ward
273 3090 63 23 them
347 3097 22 15 10
416 3102 5 2 -
461 3101 6 13 '.
497 3102 4 8 ■■

303 3122 47 23 Mr.
367 3123 112 23 Richard
494 3124 89 27 Eagar,

441 3151 113 22 Lambton
565 3152 73 28 Quay,

282 3177 97 21 Without
393 3177 68 27 delay.

102 3210 130 23 December
242 3212 33 27 19,
287 3212 63 22 1843.

75 3261 120 50 SPARS
208 3262 62 22 FOR
284 3262 88 28 SALE,
381 3262 28 23 of
411 3262 104 24 different
520 3264 143 24 dimensions,

138 3289 65 27 lying
218 3292 26 19 at
261 3290 45 22 Kai
326 3290 88 23 Warra.
453 3290 72 29 Large
543 3291 122 28 quantities

58 3314 57 23 *can
125 3315 27 22 be
168 3316 117 23 furnished
300 3320 24 19 to
340 3317 75 28 order,
431 3318 36 22 for
483 3318 143 28 exportation
641 3327 24 14 or

72 3341 67 24 home
148 3349 50 16 use.

333 3379 66 20 ALSO,

98 3403 48 24 The
156 3404 78 23 Lease
245 3405 25 22 of
277 3405 69 23 about
354 3407 29 21 50
393 3413 63 16 acres
465 3407 28 22 of
498 3406 54 23 land
564 3410 26 19 at
603 3407 61 23 Orua

71 3431 90 23 Motera
171 3433 26 26 (a
206 3431 46 23 fine
266 3432 47 29 bay
321 3433 88 22 district
423 3434 71 22 about
503 3436 14 21 6
531 3434 65 23 miles
604 3435 59 22 from

71 3457 158 29 Wellington),
246 3459 53 23 with
315 3459 39 23 the
372 3461 71 22 house
459 3468 29 16 on
505 3461 39 22 the
557 3462 91 27 ground
656 3470 5 20 ;

70 3485 63 23 there
142 3493 41 15 are
190 3483 70 26 about
268 3490 40 19 ten
323 3494 64 16 acres
400 3488 97 28 cleared,
517 3489 45 22 and
578 3489 51 22 four
638 3489 23 23 in

70 3513 141 23 cultivation.
241 3514 43 22 For
294 3515 88 22 further
391 3516 140 28 particulars,
541 3516 69 28 apply
619 3520 24 19 to

262 3548 121 24 Kenneth
398 3550 152 28 Mathieson,

178 3579 55 29 Ship
249 3580 108 29 Building
371 3582 47 23 and
427 3582 122 29 Repairing
562 3582 71 29 Yard,

347 3614 46 22 Kai
407 3614 89 24 Warra.

96 3645 131 24 November
235 3649 21 24 6,
268 3648 62 22 1843.

65 3697 190 49 WANTED,
273 3698 31 28 by
320 3697 39 25 the
378 3699 160 30 undersigned,
559 3701 101 22 Tenders

161 3725 38 23 for
214 3725 39 23 the
268 3725 100 30 delivery
387 3727 27 22 of
428 3727 59 23 Flax
505 3727 49 24 leaf
571 3731 25 19 at
614 3728 45 23 Kai

42 3756 7 7 •
66 3750 94 30 Warra;,
172 3752 21 22 it
201 3755 61 20 must
270 3753 29 23 be
305 3753 27 23 in
341 3755 139 22 convenient
486 3755 61 24 sized
556 3755 101 27 bundles;

65 3777 40 23 the
119 3777 77 25 leaves
212 3780 80 28 sound,
310 3781 44 22 and
371 3781 79 26 within
465 3782 63 23 three
541 3782 80 23 inches
635 3783 26 22 of

65 3805 69 27 equal'
144 3805 91 29 lengths
249 3808 23 22 in
289 3808 57 23 each
360 3809 93 24 bundle.
482 3809 101 23 Tenders
597 3814 61 19 must

64 3833 85 28 specify
159 3833 38 23 the
207 3836 103 27 quantity
324 3843 40 21 per
379 3836 64 23 week
458 3836 51 23 that
522 3837 41 23 the
573 3838 84 28 parties

64 3865 42 17 can
117 3859 92 24 deliver.

91 3912 20 3 _
128 3913 6 6 .
144 3914 30 6 „,
336 3890 121 27 Kenneth
475 3892 152 23 Mathieson.

91 3912 43 24 Kai
144 3914 88 29 Warra,
244 3916 56 25 Dec.
312 3918 34 26 12,
357 3917 63 24 1843.

1418 1829 204 27 TO-MORROW,
1638 1829 180 23 THURSDAY.

1476 1862 187 26 Anniversary
1682 1863 74 20 Fete.

1324 1895 52 48 A
1390 1893 113 23 PUBLIC
1517 1893 146 22 MEETING
1684 1893 44 22 will
1742 1893 54 21 take
1809 1893 62 28 place
1886 1897 23 18 at

1409 1921 110 21 Barrett's
1536 1920 77 27 Hotel,
1630 1927 30 15 on
1681 1920 118 27 Thursday
1814 1920 95 27 evening

1324 1951 64 22 next,
1398 1950 22 18 at
1436 1947 13 22 7
1466 1946 92 27 o'clock,
1568 1947 35 21 for
1620 1946 36 22 the
1673 1954 95 20 purpose
1785 1947 26 21 of
1825 1947 82 27 raising

1324 1973 160 27 subscriptions
1493 1973 45 21 and
1553 1973 97 26 forming
1663 1980 14 14 a
1692 1973 133 21 Committee
1841 1977 22 18 to
1872 1981 36 14 su-

1312 2001 5 2 '
1323 1999 120 26 peilntend
1452 1998 39 20 the
1507 2001 77 23 sports,
1587 2000 57 24 -&c,
1655 2006 29 13 on
1692 1998 135 22 the>3?ourth
1836 2000 72 21 Anni-

1324 2027 90 24 versary
1423 2024 27 21 of
1460 2024 38 21 the
1509 2024 130 22 foundation
1650 2025 26 21 of
1686 2024 36 22 the
1733 2024 134 23 settlement.

1543 2057 21 22 J.
1580 2058 101 26 Dorset,
1695 2059 56 21 Hon.
1761 2060 119 25 Secretary.

1352 2084 125 23 December
1485 2086 34 25 23,
1532 2085 60 21 1843.

1324 2130 44 21 Ex
1390 2130 44 20 the
1742 2131 56 21 and

1511 2156 65 21 liam

1383 2185 28 20 To
1416 2185 87 26 private
1505 2184 98 25 families
1619 2184 43 21 and
1672 2185 81 20 Tavern
1763 2185 90 26 keepers.

1324 2218 143 51 WINES
1483 2225 45 15 and
1550 2218 119 22 SPIRITS
1684 2219 26 21 of
1727 2218 99 23 choicest
1841 2220 68 27 quali-

1406 2246 42 21 ties
1458 2246 24 21 in
1492 2245 70 22 bottle
1571 2252 25 15 or
1605 2245 25 22 in
1638 2245 38 22 the
1686 2246 70 27 wood,
1766 2250 24 17 at
1802 2253 51 22 very
1862 2254 47 15 mo-

1324 2272 75 23 derate
1409 2272 80 28 prices,
1502 2272 123 27 consisting
1634 2272 50 22 of—

1352 2300 78 26 Claret,
1444 2299 90 27 Lafitte,
1545 2299 31 22 St.
1589 2299 110 27 Emelion,
1710 2299 92 29 Medue,
1813 2300 45 23 and
1876 2301 32 22 St.

1325 2326 94 28 George,

1351 2354 107 22 Sauterne
1468 2352 44 23 and
1524 2354 91 26 Graves,

1351 2381 104 28 Superior
1481 2380 59 28 Port,
1568 2380 109 27 Madeira,
1702 2380 57 28 light
1784 2382 45 22 and
1853 2381 54 24 dark

1324 2407 88 29 Sherry.

1570 2442 97 15 SPIRITS.

1351 2462 56 23 Fine
1416 2462 123 27 overproof
1550 2462 96 26 Cogniac
1676 2462 70 23 either
1756 2464 54 28 duty
1820 2464 51 28 paid
1883 2471 24 15 or

1350 2490 44 21 Do.
1406 2489 103 22 Jamaica
1519 2496 56 20 rum,
1658 2496 11 15 >
1695 2490 23 22 in
1731 2491 70 27 bond,
1811 2492 23 20 in
1850 2490 36 23 the

1350 2516 44 23 Do.
1406 2516 103 27 Geneva,
1650 2512 12 31 J
1675 2518 62 21 wood
1744 2518 46 22 and
1799 2519 23 21 in
1834 2518 75 22 bottle.

1324 2549 64 22 With
1397 2556 13 14 a
1419 2548 64 28 large
1493 2551 135 19 assortment
1636 2551 26 20 of
1673 2550 99 27 Dantzig
1787 2551 44 21 and
1847 2551 63 22 other

1323 2579 67 19 sweat
1399 2575 99 28 liqueurs
1516 2576 26 21 of
1554 2575 29 22 all
1593 2576 72 27 kinds,
1677 2575 117 30 including
1809 2578 100 27 superior

1323 2603 78 28 cherry
1409 2602 97 28 brandy.
1535 2603 31 21 At
1576 2602 38 22 the
1624 2608 58 18 store
1697 2604 24 22 of

1610 2631 118 22 Abraham
1738 2631 77 28 Hort,
1827 2639 54 20 sen.,

1757 2659 79 22 Kumu
1846 2660 63 21 Toto.

1324 2704 67 50 TO
1406 2704 66 26 LET,
1488 2711 14 14 a
1512 2703 154 22 commodious
1681 2704 78 21 House
1777 2711 29 14 on
1820 2704 33 22 Te
1862 2704 47 23 Aro

1397 2730 58 26 Flat,
1467 2730 53 22 with
1531 2730 84 28 garden
1625 2730 87 28 ground
1723 2730 112 28 attached,
1842 2731 67 29 lately

1322 2758 107 28 occupied
1438 2758 31 27 by
1481 2758 45 21 Mr.
1536 2757 108 23 Wallace.

1350 2790 44 22 For
1403 2789 139 29 particulars,
1555 2789 67 29 apply
1633 2793 23 19 at
1665 2789 37 23 the
1715 2791 88 19 Gazette
1811 2790 69 23 office.

1350 2822 127 22 December
1486 2823 8 20 1
1500 2824 19 24 2,
1532 2822 62 22 1843.

1563 2867 109 22 Notice.

1322 2901 162 50 MESSRS.
1507 2899 152 24 BETHUNE
1683 2901 67 22 AND
1777 2899 132 26 HUNTER

1411 2928 47 23 will
1467 2928 40 22 sell
1518 2929 31 26 by
1559 2928 79 22 Public
1648 2928 105 27 Auction,
1764 2932 23 17 at
1797 2929 111 23 Lambton

1321 2955 73 28 Quay,
1409 2956 27 21 in
1451 2955 70 22 about
1535 2962 15 15 a
1563 2954 116 28 fortnight,
1695 2955 31 28 by
1744 2956 67 21 order
1829 2956 25 22 of
1870 2956 38 23 the

1402 2982 117 27 Registrar
1530 2982 26 22 of
1563 2982 109 22 Intestate
1683 2982 95 28 Estates,
1789 2982 38 23 the

1452 3012 204 24 SCHOONER
1681 3015 99 26 ERIN,

1321 3041 53 23 with
1383 3040 39 24 her
1430 3040 77 23 tackle
1517 3041 44 21 and
1569 3044 187 25 appurtenances,
1767 3050 26 14 as
1808 3041 40 23 she
1856 3050 51 15 now

1318 3067 42 23 lies
1370 3076 29 14 on
1409 3068 39 22 the
1456 3068 75 22 beach
1540 3071 23 18 at
1572 3068 34 22 Te
1618 3068 53 22 Aro.

1347 3095 62 27 Also,
1419 3095 87 27 sundry
1516 3095 76 22 effects
1601 3095 156 28 appertaining
1768 3098 22 20 to
1801 3096 106 24 Intestate

1320 3123 95 22 Estates.

1388 3147 51 30 Day
1449 3149 27 22 of
1484 3149 50 23 Sale
1543 3149 46 23 will
1597 3150 30 22 be
1637 3149 53 28 duly
1700 3150 141 23 announced.

1347 3181 146 28 Wellington,
1505 3181 58 22 Dec.
1573 3182 34 26 12,
1620 3182 61 22 1843.

1396 3228 67 21 Free
1478 3228 56 21 and
1547 3227 142 27 Accepted
1702 3228 126 21 Masons.

1319 3262 92 22 fXIHE
1420 3261 113 22 Brethren
1542 3261 26 22 of
1575 3261 38 22 the
1620 3261 59 22 New
1688 3261 112 22 Zealand
1810 3261 95 24 Pacific

1326 3283 30 28 X
1394 3289 83 22 Lodge
1491 3288 45 23 will
1552 3288 111 22 celebrate
1679 3287 38 24 the
1725 3288 102 23 festival
1837 3289 26 22 of
1873 3290 32 22 St.

1306 3316 1 4 '
1318 3315 64 23 John
1394 3316 26 21 in
1434 3314 60 24 their
1512 3311 63 31 Hall,
1591 3321 29 16 on
1634 3314 156 28 Wednesdays
1800 3315 37 23 the
1855 3316 52 23 27th

1318 3342 135 27 December,
1463 3343 63 26 1843,
1536 3342 31 27 by
1576 3342 121 22 command
1706 3341 26 23 of
1739 3342 39 23 the

1792 3368 37 24 w.
1846 3367 32 26 v.

1344 3397 50 23 The
1411 3396 137 23 attendance
1571 3395 27 23 of
1618 3395 110 24 Brethren
1750 3396 119 29 generally
1884 3398 20 22 is

1306 3439 2 4 ■
1317 3424 110 23 solicited.
1445 3435 25 15 ■■_/

1344 3451 90 24 Tickets
1455 3452 44 21 10s.
1514 3449 38 24 6d.
1570 3450 68 28 each,,
1655 3453 22 21 to
1695 3450 35 23 be.
1742 3450 47 24 had
1810 3451 30 22 of-
1853 3452 52 22 Bro.

1317 3478 95 28 Suisted,
1423 3480 25 20 at
1456 3476 39 24 the
1506 3475 76 24 Hotel.
1651 3494 6 8 ,

1306 3515 1 6 '
1345 3506 77 27 Lodge
1437 3508 24 19 to
1477 3504 90 28 opened
1579 3507 25 20 at
1612 3506 16 21 4
1641 3501 95 31 cCcloct;
1745 3502 105 35 bjatoqu'et
1859 3508 24 20 at
1891 3505 14 23 6

1312 3532 98 26 .o'clock.
1644 3528 13 24 1
1706 3545 4 4 .

1326 3563 2 4 1
1344 3559 129 23 December
1484 3560 32 26 19;
1530 3560 61 22 1843.
1808 3568 5 13 -.

1317 3606 93 51 THE
1432 3602 235 27 UtfDERSreNED
1682 3605 45 24 will
1746 3606 29 22 be
1794 3606 76 34 happy
1883 3610 24 19 to

1392 3636 109 20 contract'
1514 3636 24 19 to
1556 3633 81 28 supply
1653 3633 96 22 families
1770 3633 45 22 and
1832 3633 74 26 others

1306 3668 2 19 I
1316 3661 58 23 with;
1386 3661 41 22 fire
1441 3660 73 27 wood,
1525 3663 71 26 posts,
1604 3660 65 28 rails,,
1676 3660 44 23 and
1735 3660 93 28 fencing
1836 3664 70 20 mate-

1316 3689 60 24 rials.
1405 3688 45 23 For
1460 3687 89 28 orders,,
1556 3687 67 29 apply
1634 3690 24 19 to
1857 3709 7 4 .

1368 3718 8 11 •'•
1440 3714 4 5 '
1695 3715 50 22 Mr.
1761 3715 115 28 Johnson*

1306 3752 3 8 '
1316 3748 64 23 Next
1396 3748 55 22 door
1458 3765 4 3 .
1469 3749 24 21 to
1512 3747 45 23 Mr.
1574 3746 132 28 M'Gregor,
1725 3744 179 27 Watch-maker.
1912 3740 2 39 J

1342 3780 128 23 December
1481 3777 34 26 l£).
1528 3781 59 22 1843.

1507 3827 85 21 Fresh
1608 3826 104 26 Butter,

1315 3861 166 52 ALWAYS
1495 3868 35 15 on.
1540 3861 51 22 Sale
1606 3863 25 20 at
1647 3860 38 23 the
1695 3860 65 23 Meat
1771 3861 136 29 Company's

1395 3887 119 30 premises.

1306 3913 2 34 [
1449 3937 4 3 .
1590 3918 38 22 W«
1641 3914 104 28 FtYOER,
1760 3914 117 30 Manager,

760 689 103 22 Messrs.
889 687 155 23 HOLROYD
1069 696 46 14 and
1142 688 98 28 HART,

871 722 130 21 Notaries
1025 722 106 26 Public,

797 761 38 15 TE
865 761 72 19 ARO,
966 761 243 15 WELLINGTON.

736 785 131 28 September
874 787 22 25 4,
907 787 62 21 1843.

893 837 36 21 W.
945 837 35 21 M.
995 837 108 26 SMITH,

708 882 57 15 LATE
776 881 239 15 SURVEYOR-GENERAL
1023 882 30 14 TO
1063 881 47 15 THE
1124 880 52 16 NEW
1191 880 102 16 ZEALAKD

921 918 4 4 .
944 908 116 20 COMPANY,
1179 902 3 3 '

736 940 143 25 Surveyor,
893 939 212 27 Draughtsman,
1119 939 57 21 and
1189 937 81 23 Xiantfc

951 967 104 25 Agent.

707 1001 179 27 Tinakori-road,
897 1001 101 28 January
1010 1003 22 26 4,
1044 1003 61 21 1843.

852 1051 35 21 H.
916 1052 234 27 HARDEMAN,

729 1086 94 20 Tailor
837 1086 56 21 and
906 1086 114 26 Draper,
1034 1086 233 26 Lambton-quay.

869 1139 116 27 Superfine
995 1140 73 27 Coats,
1080 1140 58 21 from
1151 1140 36 24 £3
1201 1142 14 19 0
1229 1141 13 20 0

707 1170 114 27 Superfine
832 1171 103 21 Doeskin
945 1171 119 27 Trowseis,
1080 1172 57 22 from
1151 1172 62 23 £15
1228 1173 14 19 0

734 1209 63 15 MADE
807 1210 28 15 TO
846 1211 107 14 MEASURE
983 1212 44 14 FOR
1035 1212 57 15 CASH
1103 1212 30 15 ON
1144 1210 123 17 DELIVERY.
1291 1219 4 6 ,

814 1254 41 20 To
872 1255 113 21 Landed
1005 1255 181 27 Proprietors.

708 1286 160 49 MESSRS.
895 1287 191 27 BARNICOAT,
1112 1288 89 26 FELL,
1225 1285 68 24 AND

784 1312 158 28 SEYMOUR,
952 1314 86 28 having
1055 1315 104 21 received
1175 1315 38 21 the
1222 1312 70 23 whole

707 1338 26 22 of
745 1339 37 22 the
797 1346 87 20 powers
902 1340 26 21 of
939 1343 101 24 attorney
1050 1341 110 22 intrusted
1177 1344 24 17 to
1218 1340 75 27 Harry

708 1365 134 27 Hughlings,
855 1366 101 27 Esquire,
967 1367 27 21 of
1007 1367 100 27 Halifax,
1118 1366 46 23 will
1180 1366 69 23 select
1257 1366 36 22 the

706 1393 59 22 rural
775 1393 96 22 sections
880 1392 23 22 in
914 1393 37 21 the
966 1392 87 23 Nelson
1064 1394 129 21 settlement
1203 1393 89 27 belong-

707 1419 38 27 ing
752 1422 23 19 to
785 1419 49 22 that
843 1419 128 27 gentleman
982 1420 45 21 and
1035 1420 35 21 his
1080 1420 91 27 friends,
1181 1420 46 21 and
1237 1420 53 22 have

707 1446 139 22 undertaken
863 1446 37 21 the
915 1446 93 27 general
1025 1454 85 20 agency
1127 1447 26 21 of
1172 1446 59 23 their
1246 1453 47 21 pro-

706 1476 65 24 perty
780 1473 60 22 here.
869 1473 65 27 They
943 1473 44 22 will
1002 1473 48 22 also
1066 1474 29 21 be
1110 1473 53 27 glad
1178 1477 23 18 to
1218 1477 75 24 accept

708 1499 37 22 the
762 1507 84 19 agency
857 1500 25 21 of
895 1507 45 20 any
947 1500 84 28 parties
1045 1500 84 28 having
1142 1500 57 23 land
1216 1500 77 22 orders

708 1526 124 22 connected
841 1526 54 21 with
905 1526 44 22 this
959 1527 137 22 settlement.

734 1552 92 28 Nelson,
837 1552 129 28 Christmas,
978 1555 62 21 1843.

841 1596 45 21 Ex
928 1596 60 21 Star
1004 1597 31 21 of

707 1629 194 50 PARASOLS,
908 1630 127 23 Dunstable
1041 1630 46 22 and
1095 1630 88 23 Tuscan
1190 1630 101 27 bonnets,

778 1657 61 21 book
857 1656 89 28 muslin,
965 1657 67 22 black
1048 1664 72 21 crape,
1142 1658 67 26 fancy
1227 1657 66 22 scarfs

708 1683 45 24 and
762 1683 180 27 hankderchiefs,
953 1684 81 21 basket
1042 1684 49 21 salt.

1003 1710 64 23 John
1082 1710 131 28 Johnston,

1099 1738 112 21 Lambton
1221 1738 70 26 Quay.

733 1765 126 22 December
868 1766 34 24 23,
913 1766 61 21 1843.

820 1810 43 20 On
877 1810 70 24 Sale,
962 1815 38 15 ex

712 1848 62 22 ffA
798 1848 103 23 BOXES
926 1848 97 22 assorted
1038 1848 144 22 TOBACCO
1199 1848 92 28 PIPES,

706 1871 68 26 *J\J
803 1877 41 20 100
858 1876 81 21 tierces
948 1875 123 22 American
1083 1875 59 27 beef,

803 1903 29 21 20
846 1902 55 21 coils
910 1902 101 22 assorted
1020 1902 88 27 Europe
1118 1909 62 20 rope.

1023 1943 84 21 Waitt
1121 1942 46 22 and
1181 1943 83 22 Tyser.

717 1994 4 3 .
731 1973 152 26 Wellington^.
889 1975 59 24 .Opt.
954 1975 33 24 1.0,
999 1975 10 20 1
1013 1975 49 21 843.
1150 1998 23 3 _
1269 1978 5 14 ;
1297 2001 2 3 _

825 2022 55 20 For
894 2021 70 25 Sale,
980 2027 38 14 ex

707 2053 254 35 TJUTHERFORD,
1004 2054 117 27 DRURY,
1165 2055 21 22 &
1221 2056 69 22 CO.'S

705 2076 51 26 JLV
783 2081 99 24 superior
893 2082 75 25 wines,
980 2081 37 21 viz
1025 2089 6 14 :
1034 2092 28 5 —

731 2107 59 27 Port,
801 2107 84 28 sherry,
898 2108 44 23 and
957 2108 105 22 Madeira
1071 2108 23 22 in
1105 2107 77 27 bottle,

731 2134 53 22 Pale
795 2135 44 21 and
850 2135 78 21 brown
938 2135 78 28 sherry
1025 2136 23 21 in
1060 2135 71 26 wood,

731 2161 54 22 Port
794 2162 23 21 in
828 2162 73 26 wood,

731 2188 104 22 Madeira
844 2189 24 21 in
880 2189 70 27 wood,

732 2215 140 27 Hennessy's
882 2224 85 19 cognac
976 2217 25 21 in
1012 2217 70 27 wood,

731 2242 45 22 Old
786 2242 49 27 pale
847 2243 70 22 bottle
928 2243 96 28 brandy.

1022 2277 82 23 Waitt
1118 2278 46 22 and
1179 2278 84 24 Tyser.

710 2308 155 29 Wellington^
879 2310 136 27 September
1025 2309 34 28 19,
1071 2311 62 21 1843.

903 2366 44 20 Ex

704 2399 71 49 ON
791 2399 80 22 SALE
885 2399 32 28 by
929 2399 37 22 the
982 2399 154 28 undersigned
1136 2411 28 5 —

781 2425 86 23 Hunt's
876 2427 99 26 superior
985 2426 38 23 old
1033 2431 51 23 port
1093 2428 64 26 wine,
1173 2427 85 23 bottled
1267 2428 22 23 in

703 2453 94 27 Oporto,

731 2479 103 28 Hosiery,
844 2480 58 27 lace,
913 2480 46 22 and
967 2481 97 27 netting,

730 2507 166 27 Earthenware,
908 2508 50 22 well
968 2508 108 26 assorted,

730 2533 125 28 Champion
865 2535 20 21 &
896 2534 59 22 Co.'s
965 2535 95 27 vinegar
1068 2536 24 21 in
1102 2535 51 23 half
1159 2535 130 28 hogsheads.

1084 2568 90 24 Willis
1188 2571 22 22 &
1223 2570 39 24 Co.

729 2601 146 28 Wellington,
887 2602 89 27 August
987 2603 34 26 14,
1032 2603 61 21 1843.
1136 2613 9 9 «■

953 2655 93 21 Seeds.

701 2690 52 48 A
768 2689 86 23 VERY
870 2689 158 23 SUPERIOR
1042 2690 46 23 and
1098 2691 103 25 valuable
1211 2695 79 20 assort-

780 2720 64 19 ment
860 2716 26 22 of
902 2716 60 23 fresh
980 2716 69 23 Seeds
1064 2718 47 27 just
1125 2719 111 27 received,
1253 2720 36 21 the

700 2743 49 22 first
765 2744 27 21 of
806 2751 14 14 a
835 2743 91 27 regular
940 2744 88 28 supply,
1038 2751 50 16 now
1105 2752 28 15 on
1150 2745 48 22 sale
1213 2750 24 18 at
1251 2746 38 23 the

701 2770 71 23 Office
792 2770 26 23 of
833 2770 46 23 this
898 2769 70 34 P^jper
988 2771 30 28 by
1028 2770 44 28 ,tbe
1091 2772 160 28 undersigned,
1263 2773 25 23 in

700 2797 121 28 quantities
830 2800 24 20 to
864 2798 44 22 suit
917 2798 134 28 purchasers
1058 2806 36 14 :—

727 2831 58 22 Fine
794 2831 52 22 seed
855 2838 61 21 peas,
928 2839 68 14 seven
1006 2832 109 28 varieties,

728 2858 44 22 Do.
801 2858 36 22 do.
868 2858 70 22 broad
947 2859 78 27 beans,
1037 2859 61 22 three
1109 2860 112 28 varieties,

728 2885 43 22 Do.
800 2885 37 22 do.
866 2885 67 22 horse
941 2885 79 28 beans,

727 2912 45 22 Do.
801 2912 34 23 do,
865 2912 82 22 scarlet
952 2920 97 15 runners
1059 2913 45 22 and
1114 2914 89 22 French
1212 2914 74 28 beans,

727 2939 44 22 Do.
799 2939 37 22 do.
867 2939 76 28 spring
951 2939 82 28 wheat,
1044 2944 66 24 tares,
1121 2941 47 22 and
1179 2945 55 24 oats,

727 2966 84 23 Round
820 2966 48 23 and
877 2966 85 28 prickly
969 2967 101 27 spinach,

728 2991 65 29 Long
801 2993 81 22 scarlet
891 2993 45 23 and
945 2993 77 28 turnip
1030 2989 83 32 radish,

727 3019 114 28 Rhubard,
853 3020 68 23 white
938 3020 45 23 and
999 3020 41 23 red
1056 3021 52 22 beet
1122 3020 46 25 and
1183 3022 105 28 mangold

698 3048 100 26 wuitzel,

726 3074 127 28 Carraway,
863 3074 49 23 Dill
921 3074 45 23 and
975 3075 95 28 Burnet,

726 3102 44 21 Sea
780 3101 54 27 cale,
846 3109 128 20 asparagus,
985 3106 82 24 carrot,
1077 3102 47 23 and
1135 3104 99 30 parsnip,

726 3127 95 28 English
830 3128 53 22 leek
892 3128 48 23 and
947 3128 77 27 onion,
1035 3129 95 29 Spanish
1143 3128 37 25 do.

726 3154 125 28 Vegetable
868 3163 94 16 marrow
977 3156 46 22 and
1032 3156 55 28 long
1100 3157 87 29 prickly
1197 3164 90 16 cucum-

698 3181 47 27 ber,

726 3208 148 28 Cauliflower,
883 3209 88 28 endive,
982 3210 47 22 and
1041 3210 82 28 celery,

726 3235 118 29 Virginnia
861 3236 100 28 tobacco,
974 3237 155 29 mignionette,
1149 3238 48 23 and
1220 3240 68 21 sweet

697 3270 60 20 peas.

725 3290 39 22 All
774 3294 56 19 sorts
840 3290 28 22 of
873 3290 86 28 garden
969 3290 49 23 and
1025 3291 55 23 field
1088 3292 106 28 cabbage,

724 3317 45 22 Do.
850 3318 67 28 A«do.
1001 3318 37 23 do.
1095 3320 81 28 turnip,

724 3344 39 22 All
772 3347 56 20 sorts
837 3344 28 23 of
869 3344 91 28 lettuce,
971 3345 71 27 salad,
1054 3346 154 28 andjbuocobY

724 3371 38 22 All
772 3374 56 21 sorts
838 3372 28 22 of
870 3372 76 28 lupins
955 3372 47 23 and
1010 3373 154 27 nasturtiums*

723 3398 39 23 All
773 3401 56 20 sorts
839 3399 28 22 of
872 3402 69 19 sweet
952 3398 75 29 herbs,
1037 3404 4 7 l
1044 3403 3 4 '

723 3426 51 22 One
782 3426 105 22 hundred
898 3426 77 23 choice
985 3427 92 22 varities
1089 3427 26 22 of
1128 3427 78 23 flower
1215 3426 69 28 seeds,

722 3453 23 22 A
755 3459 54 21 very
823 3452 106 24 valuable
945 3457 134 19 assortment
1093 3454 26 22 of
1131 3454 63 23 fresh
1209 3454 76 22 choice

694 3487 86 20 grasses
789 3485 39 19 lot
832 3480 151 28 gentlemen's
995 3480 73 24 lawns
1084 3481 49 23 and-
1143 3480 146 29 agricultural!

694 3504 138 31 purposes,^
842 3527 14 13 ft
855 3530 5 4 .

722 3530 113 32 Cabbage^
864 3533 93 29 brocoli,
986 3534 114 28 rhubard,,
1124 3535 76 28 onion,
1227 3534 57 29 leek,

694 3561 84 22 lettuce
795 3560 94 29 plants.-
896 3561 49 28 &c,
966 3568 53 16 now
1037 3562 71 29 ready
1126 3565 24 19 to
1168 3561 28 24 Be
1215 3565 80 21 trans-'

693 3588 101 29 planted',
803 3588 76 23 raised
887 3588 58 23 from
955 3588 99 30 samples
1065 3589 27 28 of
1098 3588 65 24 these
1173 3589 70 23 seeds.

938 3633 5 9 <
1110 3624 38 23 W.
1162 3625 94 22 Moody.

721 3650 100 23 October
830 3652 22 26 6>
865 3652 71 23 184&-

856 3702 80 21 Meat
967 3702 152 27 Company.

928 3736 127 23 BUTTER

691 3765 162 52 ALWAYS
868 3775 30 15 on
907 3765 71 30 hand,
994 3767 46 22 and
1056 3770 23 19 to
1093 3763 29 26 be
1136 3767 59 28 had,,
1201 3767 82 24 whole-

770 3795 45 22 sale
835 3793 50 24 and'
900 3795 72 27 retail,
992 3798 24 19 at
1035 3793 39 24 the
1097 3795 81 22 lowest
1195 3794 89 23 market

688 3822 68 29 price,
773 3829 14 15 a
804 3822 68 27 larger
886 3821 80 29 supply
982 3821 27 22 of
1023 3821 39 22 the
1075 3821 131 24 celebrated
1221 3822 61 23 Cow-

688 3853 90 25 pasture
788 3849 46 22 and
842 3848 122 24 Terawitte
978 3848 73 28 Dairy
1060 3848 87 23 Butter.

964 3881 37 23 W.
1015 3882 106 28 Flyqer;
1136 3882 118 29 Manager.

715 3915 99 24 October
822 3916 34 26 27,
870 3916 62 22 1843.

2032 1829 54 21 For
2100 1830 70 26 Sale,
2180 1832 44 21 Ex
2236 1834 16 12 «

1938 1860 198 51 SUPERFINE
2152 1864 72 23 broad
2237 1865 67 29 cloth,
2322 1868 72 29 black,
2405 1871 59 28 blue,
2474 1874 47 22 and

1994 1890 103 21 invisible
2113 1897 68 20 green
2189 1900 6 19 ;
2218 1894 98 27 superior
2333 1897 56 26 pilot
2404 1897 76 27 cloths,
2500 1904 25 19 at

1936 1916 98 21 reduced
2058 1924 86 21 prices;
2174 1919 89 27 printed
2292 1923 80 22 scarlet
2401 1925 45 22 and
2468 1926 53 23 blue

1937 1944 84 26 cloths;
2042 1944 60 21 table
2125 1951 92 22 covers;
2237 1947 70 23 above
2321 1951 42 21 600
2380 1952 101 22 varieties
2497 1954 28 22 of

1936 1975 82 20 nower,
2036 1971 91 27 garden,
2144 1973 45 21 and
2205 1980 60 20 grass
2279 1976 72 27 seeds,
2366 1977 25 23 in
2409 1980 112 23 excellent

1937 1999 151 21 preservation
2095 2004 7 19 ;
2118 1998 114 28 shingling
2240 2001 64 26 nails,
2314 2003 110 29 blankets,
2433 2006 43 21 &o.

2270 2033 35 23 W.
2316 2034 36 23 W,
2363 2036 102 29 Taylor,

1941 2087 2 1 .
2336 2062 184 29 Herbert-street,

1964 2104 44 21 Ex
2063 2107 145 23 Mandarin
2262 2112 54 20 and
2372 2113 121 26 William

1939 2166 73 49 ON
2027 2167 85 28 SALE,
2128 2170 101 26 superior
2238 2178 85 20 cognac
2337 2173 23 23 in
2373 2173 71 25 dozen
2452 2183 69 19 cases.

2018 2196 82 21 Choice
2111 2196 90 27 hquers,

1964 2220 61 22 Neat
2035 2222 44 21 and
2089 2222 90 28 elegant
2189 2224 100 24 Parisian
2302 2225 82 30 clocks,

1965 2246 78 29 Fancy
2053 2248 61 28 cigar
2126 2257 70 21 cases,

1964 2274 88 28 Jockey
2062 2276 45 22 and
2118 2276 64 22 other
2191 2285 59 21 caps,

1965 2301 102 28 Pruning
2077 2303 44 22 and
2131 2304 86 24 sailor's
2226 2305 86 30 knives,

1964 2328 103 28 Fencing
2076 2330 45 22 and
2131 2331 65 22 other
2205 2333 63 27 nails,

1964 2355 80 28 Locks,
2057 2358 95 27 various,

1965 2382 80 23 Gents,
2058 2384 73 28 riding
2140 2385 77 29 whips,

1964 2409 54 22 And
2039 2411 47 21 also
2104 2419 29 15 on
2152 2412 68 28 show,
2240 2413 81 32 during
2338 2417 40 24 the
2401 2420 122 25 Christmas

1937 2437 109 27 holidays,
2065 2445 15 14 a
2097 2438 63 28 large
2178 2441 44 21 and
2240 2442 90 23 various
2348 2450 133 21 assortment
2500 2450 26 22 of

1937 2466 19 18 t,
1956 2470 58 21 ancy
2025 2466 83 26 Goods,
2119 2467 96 23 suitable
2231 2468 34 23 for
2274 2469 122 27 Christmas
2405 2475 47 22 and
2465 2476 59 23 New

1936 2490 62 22 Year
2006 2496 109 22 presents.

2267 2545 4 4 ,
2289 2524 26 22 B.
2331 2526 34 23 Mi
2382 2528 111 24 PerbiHa.

1963 2551 192 32 Lambton-quay,
2167 2556 55 23 Dec.
2234 2558 33 27 19,
2278 2559 60 24 1843.

2027 2599 103 23 Snuffs!
2159 2601 89 25 Snuffs
2255 2603 17 23 M
2300 2605 127 25 Snuffs!!!

1937 2632 212 50 HJERVIS,
2168 2643 106 17 GENERAL
2290 2647 97 22 DEALER,
2405 2642 115 25 LaMBTON

1928 2683 2 5 ,
2000 2670 11 11 •
2043 2663 76 25 Quay,
2128 2663 42 22 has
2180 2671 29 14 on
2219 2665 46 22 sale
2272 2673 28 15 an
2311 2671 135 21 assortment
2453 2671 25 22 of
2484 2672 39 22 the

1937 2686 100 23 choicest
2050 2686 84 30 Dutch,
2154 2690 95 30 French,
2267 2693 45 23 and
2328 2694 84 24 British
2427 2698 96 26 Snuffs,

1935 2712 59 23 from
2004 2713 85 24 Barton
2098 2716 47 22 and
2154 2717 47 27 Co.,
2212 2722 23 18 at
2244 2720 94 27 English
2347 2723 79 25 prices.

1963 2739 128 25 December
2100 2744 33 26 15,
2147 2744 69 23 1843.-

2148 2819 2 4 ,
2163 2796 60 28 For,
2227 2799 68 22 Sale.

1937 2825 69 29 OA
2035 2824 81 26 TUNS
2129 2829 27 22 of
2166 2829 38 23 the
2212 2827 52 27 best
2272 2840 49 15 new
2332 2833 37 23 OH
2379 2834 72 27 Buttf.

2144 2856 108 29 Apply-to
2493 2864 4 8 <

2161 2900 5 4 -
2184 2890 18 20 .-
2220 2904 19 9 „.
2250 2885 89 24 Wait*
2351 2895 47 16 and
2408 2889 86 24 Truth.

1963 2913 144 29 Wellington,
2123 2914 127 25 December
2259 2919 33 25 15,
2304 2920 61 22 1843.

2026 2966 54 21 For
2093 2967 72 26 Sale,
2179 2975 37 16 ex

1935 3000 174 48 BOTTLED
2132 3002 66 24 ALE
2219 3001 67 25 AtfD
2308 3001 132 33 PORTER,

2013 3027 63 28 Very
2084 3029 101 28 superior
2194 3031 85 28 brandy
2287 3032 25 22 in
2327 3032 133 29 hogsheads:
2474 3033 49 26 tfhd

1935 3054 78 28 sherry
2020 3061 26 15 m
2058 3057 96 26 octaves.

1961 3081 39 22 An
2009 3086 136 20 assortment
2155 3084 27 22 of
2187 3084 18 22 b)
2208 3092 45 21 ops,
2387 3101 15 5 ..
2429 3097 14 6 ■•
2448 3080 20 17 <J
2492 3094 3 6 <

1963 3108 72 23 Gents
2044 3109 65 23 shoes
2119 3111 47 22 and
2173 3118 87 23 pumps,

1961 3135 89 23 Pickles
2060 3137 44 22 and
2113 3139 108 22 mustard.

1962 3163 27 22 17
2002 3166 55 20 tons'
2065 3164 113 23 Gordon's
2186 3170 50 19 new
2245 3166 31 23 oil
2285 3168 72 23 casks.

2215 3200 34 22 W.
2267 3201 27 23 B.
2309 3201 96 25 Rhodes
2419 3204 22 22 &
2454 3206 39 20 Go.

1963 3228 128 24 Decembet
2100 3232 33 26 12,
2147 3232 61 22 1843.

2098 3278 44 21 Ex
2157 3278 17 13 «

1934 3309 51 49 A
2001 3308 117 23 CHOICE
2128 3313 134 21 assortment
2272 3311 25 23 of
2307 3311 98 29 ribboni,

2014 3336 60 22 Gros
2084 3336 27 22 de
2124 3336 91 29 Naples,

1961 3363 73 28 Paper
2042 3362 119 29 hangings,

1961 3389 92 28 Cheese,

1961 3416 94 29 Brandy
2064 3417 24 23 in
2097 3424 34 23 qr.
2142 3419 71 28 casks,

1962 3444 46 23 Gin
2018 3445 23 22 in
2050 3445 121 28 hogheads,

1961 3471 115 29 Currants,
2087 3473 88 28 raisins,
2186 3474 48 27 figs,
2244 3470 49 31 &c,

1961 3504 38 23 On
2014 3504 48 23 sale
2081 3508 23 19 at
2112 3506 24 21 J.
2147 3506 149 27 Johnston's,
2307 3504 112 26 Lambton

1961 3535 128 25 December
2098 3539 35 25 19,
2145 3535 60 25 1843^.
2295 3565 9 3 _
2434 3558 8 10 ._

1935 3583 40 21 To
2000 3584 168 25 Merchants,
2195 3584 133 26 Whalers,
2354 3584 55 23 axid
2429 3583 90 26 SVotfd-

2029 3624 11 6 -
2060 3630 5 3 .
2165 3610 121 28 keepets.

1934 3643 199 50 WHALING
2152 3642 46 23 and
2212 3643 64 23 lance
2292 3643 57 23 lines
2363 3644 28 22 of
2400 3649 69 24 every
2478 3646 41 22 de-

2012 3670 119 28 scription,

1962 3697 128 29 Harpoons,
2104 3697 85 28 lances,
2205 3697 45 25 and
2267 3697 87 29 spade*,
2371 3698 27 22 of
2415 3697 49 25 the*,
2469 3699 50 23 best

1934 3724 115 31 tempered
2058 3725 56 26 iron.

1963 3751 132 23 Warranted
2101 3751 97 23 London
2203 3751 72 27 made,
2285 3751 102 28 together
2393 3752 54 23 with
2453 3760 69 21 every

1935 3779 64 21 other
2009 3778 137 28 description
2155 3777 27 23 of
2188 3776 96 30 whaling
2293 3778 152 30 implements,
2446 3779 77 30 .slops,

1935 3805 170 23 manufactured
2120 3805 78 28 goods,
2210 3805 108 24 Hambro'
2328 3806 64 29 pork,
2403 3807 119 29 groceries,

1935 3833 108 22 Florence
2053 3832 37 28 oil,
2100 3832 50 24 and
2156 3836 121 21 numerous
2292 3833 66 23 other
2365 3833 105 24 articles.-
2490 3835 34 24 At

1933 3859 38 25 the
1982 3860 97 28 rtorei'gf
2452 3875 3 3 -
2479 3873 4 6 •

2311 3887 29 23 A>
2350 3888 145 28 Hoßi£«en.,

2372 3915 88 26 Kumu,
2459 3915 66 24 Tote,
