2559 4039
95 1053 24 24 A
130 1053 83 31 sailing
224 1054 75 24 match
312 1054 99 24 between
431 1055 44 23 five
494 1052 65 26 boats
580 1062 62 16 com-

63 1087 95 23 menced
169 1086 37 25 the
227 1092 75 26 spor's
323 1085 24 26 of
363 1088 38 23 the
421 1087 51 31 day.
521 1087 55 24 This
597 1096 45 15 was

63 1117 51 26 well
125 1120 124 28 contested,
270 1120 45 24 and
334 1118 84 33 though
437 1127 14 17 a
462 1121 89 30 dispute
571 1129 71 20 arose,

62 1152 100 25 between
181 1156 42 20 two
243 1153 25 24 of
292 1153 37 24 the
349 1153 74 29 boats,
443 1153 74 31 owi-ng
534 1158 21 19 to
568 1162 41 15 one
622 1152 25 25 of

63 1185 59 24 them
137 1186 82 31 having
231 1187 182 23 misunderstood
425 1184 37 27 the
475 1188 82 29 sailing
569 1188 73 23 direc-

61 1219 68 29 tions,
155 1219 45 24 Mr.
223 1219 116 24 Cemino's
363 1220 117 28 schooner,
499 1220 37 24 the
556 1220 85 28 Fidele,

59 1255 49 21 <Waß
119 1253 24 23 in
154 1250 58 32 first,
225 1253 43 23 and
279 1252 114 25 therefore
404 1261 47 16 won
465 1254 36 23 the
514 1261 61 16 race.

240 1299 103 17 SAILING
362 1299 96 17 MATCH.

96 1328 48 25 Mr.
159 1328 115 25 Cemino's
286 1328 85 30 Fidele,
566 1333 42 22 Ist.

96 1362 48 24 Mr.
158 1362 102 24 Foster's
271 1360 90 34 Sappy
373 1363 55 24 Jack
555 1364 53 24 2nd.

96 1395 48 24 Mr.
159 1393 120 26 Hawkins'
294 1393 126 33 Burnham,
559 1395 50 26 3rd.

244 1442 100 17 ROWING
362 1442 96 17 MATCH.

96 1468 48 28 Mr.
157 1469 93 27 Wade's
261 1469 70 34 Polly
597 1476 10 21 1

97 1499 48 30 Mr.
159 1502 149 27 Richmond's
319 1502 123 28 Mountain
456 1506 68 24 Hero
547 1523 6 6 .
562 1524 7 5 .
592 1506 15 25 2

97 1537 48 25 Mr.
158 1536 121 26 Wallace's
290 1535 86 27 Thistle
595 1539 14 25 3

96 1569 54 26 Just
161 1572 57 24 after
228 1573 99 30 starting
344 1573 37 23 the
394 1571 69 34 Polly
475 1574 54 23 took
546 1572 37 25 the
595 1574 50 24 lead

60 1603 42 25 ■the
120 1605 63 24 Other
195 1609 43 20 two
258 1605 62 24 boats
333 1607 61 22 close
411 1612 76 18 astern
500 1607 24 23 of
540 1607 47 28 her,
601 1607 43 23 and

63 1637 59 25 their
134 1636 94 34 fouling,
240 1639 39 24 the
297 1638 70 33 Polly
378 1645 40 25 got
434 1640 56 24 such
512 1649 27 15 an
559 1641 84 23 advan-

62 1676 52 27 tage
127 1671 49 25 that
187 1673 40 23 she
240 1680 62 16 came
318 1674 25 22 in
362 1675 37 22 six
409 1674 99 24 minutes
521 1674 74 23 before
607 1675 16 22 ti
632 1682 12 15 e

62 1705 83 24 second
155 1705 61 24 boat.
252 1703 51 26 The
315 1706 59 23 third
385 1706 55 24 boat
451 1715 62 16 came
531 1707 23 25 in
567 1714 76 17 astern

58 1739 31 23 ■Of
96 1738 38 24 the
146 1737 82 25 second
240 1739 68 24 about
320 1742 50 21 200
381 1740 77 30 yards,

252 1783 104 19 HDRDI.fi
377 1786 74 17 RAC«.

96 1816 49 25 Mr.
159 1816 113 24 Hunter's
286 1815 151 34 Tetuperence,
451 1817 80 30 Wade,
561 1821 15 21 3
597 1819 45 23 11

95 1849 49 24 Mr.
158 1849 120 24 Ludlam's
289 1850 120 32 Daylight,
421 1850 100 30 Donald,
562 1854 11 22 1
600 1851 43 24 dis.

96 1882 49 25 Mr.
159 1883 114 31 Guyton's
290 1882 122 33 Mazeppa,
433 1884 93 29 Owner,
560 1887 16 22 2
599 1884 43 24 dis.

96 1915 49 26 Mr.
159 1917 114 31 Guyton's
290 1917 109 31 templar,
411 1915 111 34 Wansey,
545 1920 11 23 )

94 1949 51 25 Mr.
159 1950 114 24 Clifford's
284 1950 111 31 Anxiety,
413 1951 76 29 Pctre,
547 1955 14 19 >
588 1951 54 25 dist,

96 1982 50 25 Mr.
159 1983 168 24 Molesworth's
338 1983 114 31 Calmuck,
461 1984 70 30 Watt,
541 1976 14 38 )

95 2014 25 25 It
133 2023 43 15 was
188 2023 30 15 an
227 2023 56 16 even
291 2021 57 18 start
357 2017 44 23 and
413 2017 29 23 all
452 2017 37 23 the
499 2018 79 23 horses
589 2017 56 23 took

59 2047 41 25 the
110 2048 52 24 first
173 2049 64 23 fence
248 2057 53 24 very
313 2049 79 31 nearly
409 2049 111 31 together.
555 2051 34 24 At
606 2050 38 27 the

61 2082 84 24 second
154 2082 63 24 fence
228 2082 52 30 they
289 2083 31 23 all
330 2083 91 23 refused
428 2089 81 26 except
521 2084 121 31 Daylight.

61 2113 155 33 Temperance,
239 2114 125 33 Mazeppx,
388 2117 45 22 and
455 2117 106 31 Anxiety,
585 2125 58 16 were

60 2148 100 31 brought
180 2149 59 23 back
257 2150 43 23 and
322 2150 54 24 took
391 2151 37 23 the
440 2150 49 32 leap
501 2160 6 19 ;
530 2151 38 23 the
580 2151 64 23 other

61 2186 44 19 two
124 2181 82 25 bolted.
243 2182 50 24 The
312 2184 99 31 running
431 2184 120 25 continued
569 2189 75 27 pretty

62 2222 57 17 even
140 2216 33 23 till
189 2216 39 23 the
246 2216 76 23 fourth
338 2216 52 32 leap
400 2217 74 23 which
493 2226 45 15 was
559 2226 14 16 a
597 2217 51 24 stiff

60 2248 66 25 fence
138 2249 51 23 with
203 2258 13 15 a
227 2249 71 24 brook
308 2250 58 23 from
380 2251 24 24 it.
420 2256 10 6 *
442 2251 63 24 Here
514 2252 65 30 again
591 2251 53 30 they

61 2282 31 23 all
111 2282 91 24 refused
223 2287 81 27 except
325 2283 124 32 Daylight.
486 2284 156 32 Temperance,

61 2311 122 36 Mazeppa,
202 2317 47 22 and
265 2317 106 30 Anxiety,
394 2325 56 16 were
470 2318 97 31 brought
584 2318 60 24 back

61 2349 44 23 and
118 2350 54 23 took
190 2350 38 23 the
249 2349 59 32 leap,
327 2350 41 24 but
388 2350 99 31 Anxiety
504 2351 39 24 fell
561 2353 22 22 in
606 2352 38 23 the

61 2381 73 26 brook
147 2383 41 24 and
202 2391 45 16 was
256 2383 124 25 distanced.
414 2381 115 35 Daylight
541 2385 55 31 kept
606 2385 38 24 the

59 2414 51 26 lead
123 2417 43 23 and
177 2424 51 16 won
240 2416 38 24 the
289 2416 52 25 heat
352 2418 24 23 in
388 2425 13 15 a
413 2424 85 18 canwr.

253 2463 98 17 SECOND
370 2463 77 17 HEAT.

105 2492 156 33 Temperance,
295 2493 123 32 Daylight,
447 2496 46 22 and
521 2493 121 34 Mazeppa,

61 2527 86 24 started
164 2531 23 20 at
199 2527 38 24 the
249 2528 84 24 second
350 2528 51 32 leap
414 2527 116 33 Daylight
541 2529 46 29 fell,
601 2529 44 24 and

60 2567 47 17 was
127 2560 124 25 distanced.
287 2560 149 33 Temperance
456 2562 44 24 and
521 2562 123 32 Mazeppa,

60 2593 65 25 made
138 2594 57 31 good
207 2595 100 31 running
319 2595 34 24 till
373 2596 36 23 the
421 2596 77 23 fourth
508 2595 58 32 leap,
579 2595 64 24 when

61 2628 39 23 the
119 2628 66 24 latter
204 2628 98 29 refused,
315 2628 45 24 aad
382 2628 149 32 Temperance
541 2634 60 18 went
620 2630 24 23 in

62 2660 128 32 distancing
202 2662 41 23 her
254 2668 135 25 opponents.

94 2693 148 32 Temperance
251 2695 89 24 -walked
352 2702 54 17 over
414 2696 35 24 for
460 2696 39 23 the
512 2696 59 24 third
581 2696 61 24 heat,

274 2738 64 20 root
357 2739 75 19 race.

95 2771 62 25 Over
169 2772 38 24 the
220 2772 79 23 hurdle
317 2781 80 16 course
418 2773 42 24 and
474 2774 30 23 all
525 2771 37 26 the
581 2773 64 32 leaps

61 2803 78 32 taken,
151 2812 44 17 was
206 2812 48 18 won
268 2806 69 31 easily
350 2806 30 31 by
391 2806 60 24 John
464 2806 132 25 Bannister.

272 2851 68 17 HACK
359 2853 75 17 RACE.

94 2875 65 28 Over
175 2877 39 26 the
225 2885 62 16 same
299 2885 80 17 course
396 2886 26 16 as
435 2878 37 24 the
493 2876 95 30 Hurdle,
602 2877 42 26 but

61 2912 106 32 avoiding
178 2911 38 24 the
227 2912 63 29 leaps
301 2920 7 15 :—:
310 2924 33 4 —

95 2943 49 27 Mr.
157 2944 101 26 Revans'
268 2942 93 34 Dandy,
374 2945 63 23 Watt
564 2947 10 22 1
597 2947 11 22 1

94 2979 50 26 Mr.
157 2977 106 26 Dorset's
275 2976 134 26 Phormiwn
420 2975 75 27 Tenax
514 2995 5 7 .
530 2995 6 7 .
559 2978 15 25 2
600 2978 43 24 dis.

94 3013 49 24 Mr.
156 3010 120 27 Ludlana'«
287 3011 110 31 Damask,
416 3011 120 26 Ashbould
611 3025 33 4 —

93 3046 50 24 Mr.
157 3046 115 31 Guyton's
286 3044 112 33 Templar,
412 3044 108 29 Wansey,
611 3058 34 5 —

93 3080 49 25 Mr.
156 3079 134 24 Grimaldi's
300 3077 52 28 Mob
362 3078 63 32 Roy,
439 3080 92 29 Owner,
611 3092 34 4 —

93 3112 50 29 Jlr.
156 3111 126 27 Bethune's
293 3109 83 27 Priam
611 3126 35 4 —

93 3142 50 31 My.
156 3146 89 25 Barnes
246 3147 5 9 1
265 3145 80 32 Sulkg,
364 3143 94 35 Murray
482 3163 56 6 ....
610 3158 20 5 —
630 3159 16 13 r

92 3177 84 35 t)Mi&y
188 3185 61 19 went
260 3187 61 23 away
333 3180 54 22 with
407 3177 37 26 the
457 3179 49 24 lead
519 3185 22 19 at
559 3188 12 16 a
583 3178 63 33 gooct

60 3222 56 24 pace
128 3213 102 25 followed
251 3213 29 31 by
291 3209 134 30 Phormium
439 3211 75 26 Tenax
525 3211 43 26 and
580 3220 65 20 Came

59 3249 26 25 in
96 3256 14 16 a
121 3248 85 25 winner
218 3246 36 31 by
261 3254 16 20 a.
285 3246 89 31 lepgth.

94 3278 105 34 Templar
208 3285 59 18 went
278 3287 30 16 on
318 3279 39 25 the
375 3287 77 24 wrong
464 3278 48 25 side
525 3280 23 24 of
558 3289 13 15 a
580 3285 63 27 post,

60 3313 47 27 and
117 3322 44 16 was
173 3313 124 24 distanced.

93 3345 71 34 Sulky
176 3344 94 27 showed
277 3343 37 27 his
324 3345 66 24 usual
403 3352 86 26 temper
502 3347 43 24 and
557 3345 84 28 bolted.

93 3380 52 26 The
156 3381 128 30 remaining
301 3378 78 25 horses
396 3385 57 18 were
474 3378 115 28 distanced
608 3381 36 25 for

60 3420 60 20 want
131 3416 26 23 of
164 3421 64 25 pace.

254 3460 99 17 SECOND
373 3459 77 17 HEAT.

65 3506 6 13 ;
93 3492 85 31 Handy
185 3491 55 24 took
253 3491 37 26 t)le
301 3490 49 24 lead
361 3499 8 20 ;
380 3490 87 31 shortly
479 3491 56 23 after
547 3492 100 31 starting.

61 3526 134 27 Pfarmitim
204 3524 76 28 Tepax
287 3530 63 19 came
357 3524 23 24 in
390 3529 89 21 contact
487 3524 53 23 with
551 3524 95 25 another

61 3560 84 28 hoisej,,
147 3559 76 26 threw,
237 3558 37 27 his
286 3557 60 26 rider
359 3557 49 24 who
420 3565 45 16 was
485 3557 111 31 seriously
607 3559 37 22 in-

57 3583 131 42 jmjei»,an.d
198 3597 45 22 vyaa;
254 3591 84 24 unable
350 3596 23 19 to
381 3592 107 23 continue
500 3590 38 24 the
550 3598 58 17 race.

252 3635 115 24 DONIfcET;
377 3636 76 19 RACE.
509 3649 4 3 ■
542 3647 4 4 •

68 3664 219 29 i;Jfbr»ißoulcott'*s
293 3663 127 30 Jiwosu«r,
434 3664 95 31 Murray
546 3671 14 17 i.
568 3679 14 9 »-
598 3664 46 24 last

77 3715 4 6 ■
91 3698 194 31 Jfclt.sßdukottfi
300 3696 109 25 Dominie
572 3698 4 6 '
597 3698 8 22 '.'
642 3717 4 4 .

126 3732 160 30 Badoatyjiei;.
296 3739 13 15 i
312 3745 8 10 k
320 3738 67 17 .uvww
395 3745 8 9 »
414 3744 23 11 .4.
447 3747 27 8 .»
482 3729 40 26 ,^i.
531 3748 7 7 .
549 3748 6 7 .
565 3747 9 8 .
594 3733 16 22 2
627 3750 19 2 ■■

73 3784 3 3 •
82 3766 62 26 .Mr
155 3757 96 33 Waittte
259 3764 55 24 Ban
334 3763 87 29 Pvdna,.
436 3764 121 30 Chatham,
574 3782 6 11 ,
595 3768 16 21 1-

63 3816 6 4 ~
75 3817 11 5 -
91 3798 62 26 ■Bo*.
159 3798 85 25 .Ee&tt
254 3797 115 28 M>dte~the
381 3797 54 25 lead
442 3795 37 27 ;'at
485 3813 4 7 .
496 3804 38 18 too
540 3818 6 3 -
551 3798 67 32 hasty
630 3807 14 16 a

58 3839 65 27 $*<te,
135 3832 126 25 ovtttbtett
271 3831 107 24 his.iidar
390 3830 49 26 who
451 3831 75 25 brokei
532 3832 42 24 hi*,
580 3834 61 31 pipe.

60 3865 104 33 bathing
171 3865 138 25 daurttethhfc
314 3872 56 17 rood
378 3865 140 28 remounted,
530 3866 43 23 and
583 3867 61 24 after

60 3898 381 28 ittßumeMtble.difflColtießOttfcoi
441 3899 3 5 1
463 3899 71 24 wJiiich
555 3899 33 24 be
597 3908 45 16 was

60 3935 80 30 Whdty
150 3933 99 24 tesisted
267 3933 29 30 by
307 3932 37 24 bis
355 3933 86 23 friends
458 3936 31 20 dd
507 3933 134 29 horseback,

59 3968 30 26 he
101 3975 61 18 came
174 3968 24 23 in
208 3967 50 23 first
273 3965 94 32 thereby
378 3965 74 31 losing
464 3966 36 24 the
515 3974 65 17 race..

707 1729 115 25 Isthmus
834 1738 29 16 of
882 1730 123 25 Panama.
1008 1743 34 5 —
1042 1731 34 24 At
1092 1740 13 16 a
1117 1734 97 29 meeting
1232 1734 25 23 of

672 1762 38 24 the
722 1764 117 31 Academy
849 1764 25 24 of
891 1765 108 23 Sciences
1009 1770 25 18 at
1046 1765 75 29 Paris,
1134 1774 28 16 on
1184 1767 68 23 Wed-

672 1796 92 32 nesday,
779 1797 34 24 M.
828 1798 77 30 Arago
917 1798 65 23 made
1001 1806 12 15 a
1025 1800 189 24 Communication
1231 1802 26 22 of

673 1829 37 24 the
731 1835 61 27 steps
806 1831 48 23 that
874 1832 58 22 have
944 1832 56 22 been
1020 1831 70 24 taken
1105 1833 92 24 towards
1216 1835 39 22 the

672 1869 64 25 great
746 1863 63 24 work
823 1864 25 23 of
863 1864 38 24 the
920 1865 89 31 cutting
1029 1865 97 32 through
1147 1867 36 23 the
1194 1868 59 23 isth-

672 1904 51 16 mus
743 1897 25 23 of
791 1897 109 30 Panama,
924 1897 73 24 which
1019 1899 41 23 has
1082 1899 55 24 been
1157 1908 25 15 so
1201 1901 55 32 long

673 1930 75 23 talked
761 1931 29 28 of,
809 1931 41 24 but
862 1932 72 23 which
945 1939 70 24 nuny
1034 1940 94 24 persons
1149 1934 55 24 have
1216 1942 36 16 re-

672 1963 84 31 garded
775 1972 24 16 as
823 1965 138 24 chimerical.
1008 1966 132 32 According
1163 1972 29 19 to-
1208 1968 47 24 this

672 1998 197 27 communication,
882 2006 14 14 a
914 2004 102 17 contract
1037 2000 41 22 has
1094 2000 57 23 been
1164 2003 91 24 entered

672 2030 46 23 into
731 2030 30 31 by
774 2030 97 24 Messrs.
886 2031 87 31 Baring
985 2032 44 23 and
1046 2033 51 28 Co.,
1110 2033 25 23 of
1150 2033 103 30 London,

673 2063 53 24 with
738 2064 37 23 the
795 2064 114 31 Republic
929 2066 25 23 of
970 2065 56 24 New
1046 2066 114 28 Granada,
1174 2068 20 23 in
1209 2070 45 22 vir-

672 2101 37 19 tue
722 2097 25 23 of
762 2097 73 23 which
848 2098 38 23 the
898 2098 113 32 Republic
1027 2101 21 21 is
1059 2106 23 18 to
1095 2101 53 23 cede
1159 2105 23 19 to
1194 2101 59 24 them

672 2130 38 23 the
721 2130 46 23 line
778 2131 106 31 required
895 2131 35 24 for
942 2132 38 23 the
994 2133 113 31 projected
1119 2134 71 28 canal,
1201 2136 53 22 with

673 2164 91 28 80,000
776 2172 63 16 acres
851 2172 30 16 on
893 2165 37 23 the
943 2172 43 16 two
999 2167 80 28 banks,
1091 2167 44 23 and
1146 2169 107 28 40Q.000

672 2205 63 15 acres
746 2198 23 22 in
783 2198 37 23 the
832 2198 94 24 interior
935 2200 26 22 of
970 2199 37 24 the
1016 2205 102 27 country.
1156 2201 97 24 Messrs.

672 2230 87 31 Bating
770 2231 43 23 and
827 2231 42 24 Co.
891 2231 52 30 had,
955 2233 19 23 it
994 2234 20 22 is
1032 2234 57 27 said,
1103 2236 21 22 in
1147 2235 36 23 the
1204 2235 51 23 first

672 2264 109 29 instance,
794 2264 60 25 fixed
867 2264 38 25 the
917 2273 92 16 amount
1022 2267 25 23 of
1062 2268 40 23 toll
1119 2268 33 23 for
1164 2268 38 24 the
1213 2277 41 15 na-

672 2298 99 31 vigation
785 2299 24 23 of
825 2299 37 23 the
882 2299 64 24 canal
959 2305 23 18 at
999 2300 38 24 the
1054 2301 128 24 exorbitant
1194 2303 60 29 price

672 2331 24 23 of
714 2332 48 23 18f.
775 2339 41 25 per
828 2337 46 23 ton,
887 2332 42 23 but
947 2332 53 32 they
1012 2333 58 24 have
1089 2335 96 23 reduced
1203 2336 18 22 it
1232 2341 23 18 to

672 2365 33 25 Bf.
742 2364 51 24 The
808 2365 71 29 work,
891 2374 61 23 upon
972 2367 72 23 which
1065 2368 59 24 from
1145 2371 73 26 4,000
1230 2374 23 18 to

672 2400 75 27 5,000
758 2406 53 16 men
823 2407 37 16 are
882 2404 22 19 to
924 2399 27 24 be
963 2401 111 30 engaged,
1086 2402 20 23 is
1117 2406 23 19 to
1152 2402 27 23 be
1192 2410 62 16 com-

672 2432 75 29 pleted
759 2433 25 23 in
795 2432 42 24 five
849 2440 74 21 years.
926 2445 33 4 —
962 2433 80 28 Times,

705 2473 92 25 Large
809 2479 124 19 seizures
954 2480 31 18 of
1004 2482 116 17 roasted
1139 2476 114 25 Barley.

673 2508 58 23 —It
749 2508 84 31 having
853 2516 64 16 come
929 2513 23 18 to
973 2508 38 23 the
1032 2508 132 32 knowledge
1176 2511 25 23 of
1216 2510 40 24 her

674 2540 122 32 Majesty's
823 2541 192 24 Commissioners
1043 2542 26 23 of
1090 2542 93 30 Excise,
1204 2544 52 23 that

673 2574 62 32 large
755 2576 123 31 quantities
898 2576 25 23 of
946 2576 74 30 grain,
1042 2577 122 30 purported
1184 2582 22 18 to
1228 2578 27 22 be

672 2607 132 32 high-dried
816 2609 63 28 malt,
900 2609 43 23 but
961 2609 74 24 which
1053 2617 46 16 was
1117 2612 23 21 in
1152 2611 51 28 fact,
1216 2611 40 24 but

936 2640 100 34 (having
1052 2651 69 15 never
1133 2644 56 24 been
1200 2645 55 23 sub-

670 2675 75 31 jected
766 2681 22 18 to
808 2675 38 24 the
866 2676 98 30 malting
985 2676 103 32 process)
1107 2684 57 16 were
1184 2683 22 18 to
1225 2678 29 23 be

673 2709 70 23 found
754 2717 60 24 upon
826 2709 38 23 the
883 2710 97 28 market,
994 2709 53 31 they
1064 2711 78 23 issued
1159 2712 96 22 instruc-

674 2743 58 23 tions
745 2748 23 18 to
781 2743 87 23 several
889 2745 73 21 active
973 2743 45 23 aiid
1030 2743 127 32 intelligent
1169 2745 87 23 officers

675 2780 21 19 to
715 2776 68 24 make
802 2784 13 16 a
834 2776 120 31 searching
972 2778 160 29 investigation
1152 2778 46 23 into
1219 2778 37 24 the

674 2809 96 31 subject.
807 2809 50 24 The
879 2810 71 23 result
969 2817 55 22 was,
1037 2811 49 22 that
1098 2812 85 23 several
1195 2811 61 32 large

672 2843 116 23 maltsters
799 2843 45 23 and
865 2843 156 23 corn-dealers
1041 2844 43 23 had
1095 2845 22 22 in
1132 2844 60 24 their
1203 2853 52 23 pos-

674 2877 88 22 session
776 2877 115 22 extensive
903 2875 81 25 stocks
999 2877 26 23 of
1038 2878 65 30 grain
1116 2878 25 23 of
1156 2878 37 24 the
1204 2879 52 23 des-

674 2910 95 31 cription
784 2910 69 23 above
865 2910 90 24 alluded
976 2915 30 24 to,
1020 2910 73 24 which
1105 2919 45 15 was
1163 2912 90 23 accord-

673 2943 63 31 ingly
755 2943 75 24 seized
850 2943 30 31 by
893 2943 38 24 the
952 2943 89 24 Excise
1053 2945 97 29 officers,
1162 2946 43 23 and
1216 2946 40 22 de-

672 2976 88 32 posited
772 2978 23 22 in
808 2977 41 23 her
862 2976 121 32 Majesty's
990 2978 152 29 warehouses,
1152 2980 43 22 and
1208 2986 48 16 now

672 3015 106 19 amounts
790 3011 23 23 in
825 3012 104 29 quantity
941 3016 22 17 to
976 3011 100 23 between
1090 3013 49 22 400
1150 3013 44 23 and
1207 3014 48 23 500

673 3049 110 26 quarters.
820 3044 24 23 A
865 3044 156 24 Considerable
1032 3045 90 30 portion
1142 3046 25 23 of
1182 3047 17 23 it
1211 3054 45 15 was

673 3077 98 31 brought
782 3077 59 24 from,
852 3077 39 24 the
903 3077 186 31 neighbourhood
1100 3078 24 24 of
1142 3079 112 32 Croydon,

673 3110 75 24 where
761 3111 50 23 this-
818 3110 78 32 illegal
907 3110 78 24 article
992 3110 45 24 had
1049 3112 56 23 been
1117 3113 102 30 disposed
1234 3113 25 23 of

672 3145 34 23 for
719 3152 63 16 some
794 3145 61 23 time.
892 3143 51 25 The
956 3145 67 23 effect
1030 3146 25 23 of
1070 3145 38 24 the
1121 3145 46 24 sale
1177 3147 24 23 of
1210 3147 45 23 this

672 3178 78 24 article
762 3184 46 17 was
830 3183 23 18 to
873 3178 99 31 produce
992 3178 54 24 beer
1065 3179 58 23 from
1144 3180 19 22 it
1173 3181 83 30 having

672 3212 38 23 the
722 3212 56 30 high
790 3211 78 24 colour
879 3211 43 24 and
935 3219 141 24 appearance
1088 3212 26 24 of
1128 3213 47 24 real
1187 3219 67 23 stout,

672 3245 98 23 without
779 3246 29 22 its
820 3244 103 31 strength
932 3253 25 15 or
966 3246 99 29 virtues,-
1070 3245 46 24 and
1128 3251 22 19 to
1163 3247 91 24 defraud

673 3279 37 23 the
728 3283 75 19 crown
824 3278 27 23 df-
865 3286 14 15 a
895 3278 64 31 large
979 3286 98 17 revenue
1097 3279 57 24 from
1173 3280 82 32 legally

671 3312 84 24 malted
767 3312 72 30 grain.
877 3312 51 24 The
949 3312 73 24 whole
1042 3314 25 22 df
1083 3312 45 24 this
1140 3315 115 23 extensive

672 3345 66 24 stock
749 3345 42 24 has
809 3345 61 24 been-
885 3345 142 24 condemned
1046 3347 24 22 in
1082 3346 43 23 her
1135 3347 120 33 Majesty's

673 3379 71 24 Court
764 3379 26 23 of
806 3378 145 32 Exchequer,
963 3378 45 24 and
1028 3380 77 22 orders
1126 3380 56 25 have
1198 3381 57 23 been

672 3413 77 24 issued
762 3412 47 24 thai
820 3413 22 22 it
849 3403 60 32 shah
929 3413 26 22 be
968 3413 128 31 destroyed.
1100 3425 31 5 —
1132 3413 121 27 Dispatch.

707 3451 91 26 CtfEAP
811 3454 85 23 Cabi»
912 3451 131 26 Passages
1060 3460 32 17 to
1110 3452 65 26 New
1187 3454 67 24 Z&a-

674 3491 78 20 ianiv.
754 3500 33 3 —
788 3486 51 24 The
851 3484 73 26 Court
936 3486 25 25 of
976 3485 119 25 Directors
1108 3488 25 22 of
1147 3488 38 24 the
1197 3488 56 23 New

673 3518 102 27 Zealatfd
791 3519 123 32 Company
930 3519 83 31 hereby
1036 3521 52 29 give
1104 3522 83 29 notice,
1206 3521 49 24 that

673 3558 173 27 arrangements'
865 3554 55 22 have
938 3552 58 24 bean
1015 3553 65 23 made
1100 3553 103 32 whereby
1216 3555 36 23 in-

674 3588 94 30 tending
794 3587 110 23 colonists
928 3592 59 28 may
1011 3586 68 25 reach

674 3620 95 29 Nelson,
782 3620 45 24 and
844 3618 58 25 New
921 3618 134 31 Plymouth',
1068 3617 58 27 New
1145 3618 107 33 25eiland,
1261 3620 2 7 '

672 3655 75 31 gofn^
808 3653 65 23 cabin
893 3658 156 27 passengers,'
1056 3653 35 24 far
1166 3659 50 20 sffni
1232 3655 28 24 of

674 3687 31 25 35
728 3689 95 30 guineas
839 3687 36 23 for
976 3686 64 23 adult
1057 3693 132 26 passenger;
1208 3688 55 24 and'

673 3719 100 26 children
782 3722 24 22 in
818 3721 139 31 proportion.

706 3752 49 26 For
771 3752 88 26 farther
875 3753 155 29 information,
1041 3753 67 32 apply
1117 3754 136 33 personalty,

672 3795 24 18 or
715 3788 35 31 by
763 3788 74 28 letter,
857 3792 22 18 to
898 3786 39 25 the
957 3787 130 31 Secretary,
1110 3792 24 20 at
1145 3788 38 25 the
1195 3786 59 27 2tfVw

671 3820 100 26 Zealand
780 3820 92 30 House,
882 3817 161 28 Broad-street
1053 3819 129 35 Buildings,
1190 3822 65 24 Lon-

671 3856 54 24 don.
830 3851 40 34 By
878 3853 71 25 otdet'
956 3854 25 24 6f
991 3856 44 21 'fne
1036 3853 4 12 :
1042 3855 86 29 .*Coutt,

881 3893 30 26 T.
926 3891 28 27 C
970 3890 186 35 Harrington,
1166 3892 53 29 Sec.

666 3930 62 25 'New
740 3928 106 29 Zealand-
855 3926 95 31 House,,
954 3924 159 30 Broad-street
1126 3926 129 33 Buildings,

1089 3986 2 13 ,
1109 3957 13 42 ;
1180 3987 2 6 ,
1199 3977 5 6 >

1923 3571 40 17 The
1974 3571 54 24 New,
2032 3571 99 17 Zealand
2142 3573 92 16 Gazette
2240 3573 36 15 and.
2288 3571 135 19 Wellington
2436 3574 60 16 Spec-

1902 3596 65 13 tator
1972 3592 16 17 is
1996 3592 96 21 published
2098 3594 54 19 eviry
2159 3592 112 21 Wednesday
2281 3592 37 17 and
2330 3592 93 23 Saturday.
2445 3594 48 17 Sub-

1900 3614 63 20 joined
1970 3617 31 13 are
2008 3613 30 17 the
2045 3616 81 15 termi:—
2126 3617 7 9 «■

1923 3635 64 16 Price
1994 3639 25 12 of
2025 3639 42 13 the
2074 3635 96 17 Paper.—
2170 3634 55 20 Forty
2229 3634 85 21 shillings
2320 3639 34 16 par
2363 3639 75 17 annum,
2449 3641 44 17 pay-

1902 3656 40 17 able
1949 3656 20 16 in
1975 3656 92 19 advattse;
2077 3658 21 14 ot
2103 3655 86 20 sfatpenc*
2196 3655 28 17 fdr
2229 3655 59 20 aingle
2299 3656 94 17 numbers.

1924 3677 157 18 Advertisements
2088 3677 36 16 wffl
2129 3678 34 15 aoi
2168 3676 67 22 appear
2245 3676 19 17 in
2275 3677 34 16 tb©
2316 3681 83 17 oa«mr»r
2407 3677 80 20 najiA«r

1903 3698 17 17 if
1928 3696 84 19 received
2015 3696 49 19 later
2070 3698 44 16 than
2126 3696 19 18 10
2153 3696 73 18 o'clock,
2234 3694 42 20 &m.
2278 3708 5 9 t
2289 3701 24 13 on
2321 3697 31 17 the
2359 3698 94 23 mornings
2460 3700 33 16 be-

1902 3720 38 16 fore
1954 3719 120 21 pabl&atfan.
2094 3717 158 18 Adtrtrtisetaenw
2265 3718 71 18 Wrtlbe
2346 3716 146 22 obiKWtwttatttf

1902 3740 79 21 charged
1992 3739 50 18 until
2050 3739 167 20 counter*ordere&}
2227 3739 46 16 such
2278 3739 55 17 order
2339 3741 51 16 must
2395 3742 22 15 bo
2424 3742 43 16 seat
2473 3743 9 18 f
2482 3745 11 13 *

1902 3761 33 17 thK
2011 3762 36 15 two
2065 3760 44 20 day*
2127 3759 62 17 before
2199 3759 119 21 publication,
2330 3761 36 17 and
2376 3762 50 16 must
2431 3759 28 19 'fete
2469 3755 21 24 &

1902 3783 80 19 writing.
2006 3780 156 18 Advertisements
2175 3780 83 18 ieceired
2275 3781 55 25 etftot
2346 3781 22 18 10
2382 3782 71 18 o'dotk-
2467 3783 26 16 d*

1902 3804 85 19 Tuesday
1999 3802 36 17 and
2046 3801 65 21 Friday
2121 3801 96 22 mornings
2227 3801 37 18 -will
2274 3803 23 17 be
2308 3802 80 23 charged
2398 3803 52 18 twice
2459 3804 33 17 tv«

1902 3824 56 18 uttaal
1962 3825 54 16 rates.
2337 3829 3 3 ■
2472 3828 3 2 -
2489 3824 2 6 '

1924 3845 103 18 Allorden,
2038 3842 161 20 advertisements,
2208 3843 37 17 and
2255 3844 165 17 coftununfoation*
2428 3848 24 15 to
2460 3844 32 18 tM

1904 3865 43 19 £dlf
1948 3870 27 14 or,
1979 3869 31 13 are
2016 3863 97 23 requested
2118 3862 20 18 id
2144 3865 23 16 be
2173 3864 99 18 addressed
2276 3867 21 14 to
2302 3865 40 17 this
2347 3865 64 17 Office.

1904 3886 75 19 Printed
1992 3886 37 17 and
2041 3884 99 22 published
2156 3888 56 18 every
2227 3886 114 20 Wednesday
2356 3886 38 17 iftdl
2403 3882 89 24 fMtutfhiy

1925 3907 90 21 morning,
2029 3907 23 20 by
2070 3906 86 18 Samuzi.
2170 3906 89 20 Ksvaw,
2274 3909 21 14 at
2309 3907 139 22 ttoe,omo«o<
2460 3909 33 15 ta»

1925 3929 53 17 N4vr
1987 3927 99 18 ZiUL*ifo
2097 3927 93 17 Qixtrifk
2202 3926 41 19 Ai*i>
2256 3924 138 21 WxttxytfrW
2408 3927 77 18 SMdr*

1924 3952 44 16 ■toKi
1980 3949 131 17 ManA«ffr«trf
2112 3950 24 17 sti
2145 3947 116 21 WelUi>ttou,
2273 3947 45 18 P»r%
2327 3947 111 22 yNttffloUUß,
2448 3947 45 19 V*

1926 3970 84 19 Zaakafta.

1285 3319 219 21 WHOLESALE
1533 3319 125 21 PRICES
1693 3319 173 21 CURRENT.

563 45 96 48 Zfa
686 46 116 44 3&to
1274 52 90 38 aim
1390 52 298 47 HMciimqtott
1713 51 252 48 £putauc.

164 433 256 26 ANNIVERSARY
441 435 98 24 FETE.

1323 142 23 21 A
1364 142 111 22 Singing
1493 142 103 23 Mouse.
1597 153 33 5 —
1630 142 25 23 A
1664 149 53 24 very
1728 142 140 24 remarkable

1288 172 57 24 little
1357 173 84 23 animal
1452 167 42 29 has
1505 173 57 23 been
1571 173 124 25 submitted
1702 180 22 18 to
1735 182 42 16 our
1786 177 82 27 notice,

1288 205 54 29 vizi,
1354 214 14 15 a
1378 213 80 16 mouse
1469 206 85 30 having
1564 206 39 23 the
1613 208 129 30 surprising
1752 207 80 29 ability
1845 208 23 23 of

1288 238 109 31 warbling
1417 244 66 18 notes
1499 238 74 24 which
1588 246 56 25 very
1655 240 84 31 closely
1757 241 111 23 resemble

1289 270 63 24 those
1364 272 25 23 of
1399 271 39 23 the
1449 269 60 26 lark.
1544 267 45 28 We
1600 281 38 15 are
1649 273 112 24 informed
1773 273 48 24 that
1832 273 36 24 the

1288 304 83 24 animal
1382 301 49 27 also
1451 304 101 24 imitates
1563 307 91 23 various
1666 306 64 24 other
1742 306 62 24 birds
1816 306 52 24 with

1288 337 85 29 perfect
1392 345 52 16 ease
1464 337 46 23 end
1529 337 100 33 fluency.
1665 339 25 24 It
1709 347 46 16 was
1768 347 54 23 very
1832 346 36 17 re-

1288 370 74 30 cently
1371 370 92 31 caught,
1476 370 44 23 and
1531 371 42 24 has
1585 372 91 24 become
1687 372 60 31 quite
1757 377 59 19 tame
1825 371 43 24 and

1287 403 63 30 sings
1359 411 53 23 very
1422 403 137 31 frequently.
1595 405 27 24 It
1632 406 19 23 is
1660 406 22 22 in
1691 405 37 23 the
1739 406 129 30 possession

1287 436 26 22 of
1332 436 36 23 the
1389 437 85 30 parties
1491 436 49 24 who
1552 438 85 31 caught
1659 438 25 28 it,
1697 439 54 28 viz.,
1770 437 97 24 Messrs.

1287 467 77 25 White
1382 469 43 23 and
1444 469 105 31 Aungier
1567 473 42 26 24,
1629 470 51 24 Red
1695 471 173 31 Cross-square,

1287 500 163 31 Jewin-street,
1462 502 61 30 City.
1524 515 33 5 —
1561 502 92 32 Weekly
1665 503 124 30 Dispatch.

1319 540 104 23 Another
1461 540 107 25 battalion
1599 542 25 23 of
1657 542 104 23 Marines
1789 540 79 32 (1200

1286 572 128 32 bayonets,)
1437 573 20 23 is
1476 573 93 25 ordered
1585 579 23 19 to
1624 575 94 23 embark
1740 575 37 23 for
1796 575 71 28 Cork,

1286 605 70 24 under
1367 606 38 23 the
1417 608 117 22 command
1556 608 26 23 of
1599 607 96 24 Colonel
1716 607 73 25 Park.
1833 608 35 23 As

1286 638 52 31 they
1349 647 38 15 are
1399 644 40 18 not
1451 644 23 18 to
1492 640 139 29 disembark,
1650 641 19 23 it
1687 640 105 31 strongly
1814 649 51 15 cor-

1286 673 113 22 roborates
1412 673 38 23 the
1463 678 81 26 report,
1566 674 50 23 that
1634 674 53 30 they
1706 681 38 16 are
1766 674 102 24 destined

1287 704 111 24 Corunna.

1319 738 40 24 St.
1373 738 105 24 Mary's
1491 738 188 27 Bermondsey.
1683 753 31 4 —
1716 740 24 23 It
1751 740 41 23 has
1811 740 56 24 been

1285 771 22 22 in
1321 772 173 30 contemplation
1508 777 20 18 to
1541 774 91 30 enlarge
1645 774 38 22 the
1697 773 136 24 workhouse
1845 774 23 22 of

1285 803 44 24 this
1342 805 83 30 parish,
1439 809 24 18 at
1483 812 27 15 au
1523 806 77 30 outlay
1611 807 26 22 of
1655 807 68 23 about
1743 807 123 27 £16,000.

1285 836 22 25 A
1327 837 59 31 body
1407 838 23 24 of
1458 837 38 24 the
1517 840 146 29 parishoners
1686 847 46 21 are,
1756 840 109 28 however,

1285 870 93 31 making
1388 878 15 16 a
1419 871 66 23 stand
1505 873 89 29 against
1606 874 18 22 it
1632 881 7 20 ;
1671 873 41 23 and
1726 880 28 16 an
1773 877 95 27 attempt

1285 904 18 22 is
1324 904 67 23 about
1411 909 23 18 to
1453 904 29 23 be
1499 906 65 23 made
1578 911 23 18 to
1618 911 94 26 prevent
1732 914 63 16 more
1814 906 54 24 than

1285 937 94 28 £7,000
1386 937 58 24 from
1452 937 68 31 being
1529 940 118 30 expended
1657 940 33 23 for
1700 939 49 24 that
1762 947 105 24 purpose.

1317 975 37 25 Sir
1365 976 122 31 Augustus
1508 976 92 25 D'Este
1618 977 40 24 has
1671 978 17 23 it
1704 978 20 22 is
1736 978 57 28 said,
1815 985 52 23 pre-

1285 1009 77 24 sented
1374 1017 13 15 a
1399 1010 94 30 petition
1507 1015 20 18 to
1537 1010 38 24 the
1588 1011 89 27 Queen,
1687 1011 109 30 claiming
1808 1015 22 18 to
1840 1011 28 23 be

1285 1042 90 24 entitled
1396 1048 22 18 to
1437 1042 39 23 the
1495 1043 61 23 titles
1568 1044 26 23 of
1609 1045 35 22 his
1663 1044 81 28 father,
1764 1044 39 23 the
1823 1043 45 25 late

1285 1074 66 24 Duke
1364 1075 25 24 of
1404 1076 97 23 Sussex.

1491 1524 167 26 POSTAGE.

708 149 22 6 —
736 135 81 23 ominie
828 135 111 30 Sampson
947 144 46 15 was
1004 137 53 30 ably
1065 137 96 31 jockied
1170 138 31 30 by
1211 137 48 24 Mr.

678 164 144 34 Bannatyne,
845 166 41 25 but
900 168 36 23 his
954 177 82 22 groom
1046 168 85 32 having
1148 170 111 24 mistaken

677 200 38 24 the
735 208 66 24 rump
813 198 24 26 of
852 200 44 29 the,
912 202 85 24 animal
1016 202 35 24 for
1072 203 35 23 his
1126 203 66 28 back,
1214 203 45 24 and

677 232 63 25 there
748 233 82 31 placed
842 232 37 24 the
896 233 86 25 saddle.
1020 234 49 25 Mr.
1081 232 29 27 B.
1124 235 45 24 had
1180 244 14 15 a
1204 244 55 22 very

679 273 83 24 uneasy
773 271 49 19 seat
832 276 5 19 ;
859 271 39 26 got
919 267 86 24 several
1018 265 59 32 falls,
1090 267 45 25 and
1155 276 61 17 came
1236 267 23 25 in

677 299 90 23 second.
862 313 10 9 r.
898 314 22 8 _--

711 332 116 24 Tomaeino
835 332 128 31 splendidly
971 333 80 24 ridden
1063 333 30 32 by
1104 333 48 25 Mr.
1163 334 96 31 Murray

676 365 44 23 and
731 365 134 30 beautifully
873 365 118 24 decorated
999 366 55 23 with
1066 372 93 24 carrots,
1169 368 89 23 seemed

675 405 54 23 very
742 399 96 22 anxious
851 404 22 18 to
891 398 66 24 know
970 399 60 23 what
1041 406 46 17 was
1100 400 68 31 going
1180 408 28 16 on
1216 400 41 23 be-

676 431 53 23 hind
740 431 56 28 him,
804 431 45 24 and
856 431 127 31 frequently
993 438 41 26 put
1046 433 36 23 his
1090 433 56 22 head
1157 434 99 23 between

675 464 36 22 his
721 464 97 31 forelegs
828 464 36 24 for
884 464 49 24 that
949 473 107 24 purpose.
1093 466 38 23 On
1144 466 62 24 these
1218 474 39 15 oc-

675 497 89 23 casions
777 497 35 23 his
824 497 59 23 rider
904 497 69 31 being
992 499 83 22 unable
1088 503 21 18 to
1123 499 133 31 distinguish

674 529 100 23 between
790 529 38 24 the
839 530 59 23 head
908 531 45 23 and
965 531 40 23 tail
1016 531 26 23 of
1059 531 37 23 his
1109 533 90 28 animal,
1211 539 45 16 was

674 562 88 31 obliged
783 567 23 18 to
820 563 122 28 dismount,
954 563 42 24 but
1017 564 28 23 he
1056 563 103 25 however
1171 565 85 24 arrived

674 594 160 25 haUVan-hour
841 595 59 24 after
911 596 37 24 the
956 596 85 30 others,
1055 598 93 30 thereby
1156 599 100 30 winning

674 627 38 24 the
722 635 52 16 race
786 628 80 31 easily.
893 650 7 8 „

708 666 21 23 A
737 666 74 31 jingle
820 667 84 28 match,
910 667 109 32 jumping
1026 669 23 23 in
1059 668 77 29 sacks,
1149 669 107 31 climbing

673 706 14 15 a
700 706 81 23 greasy
793 699 58 31 pole,
865 700 52 28 &c,
942 701 110 24 favourite
1070 702 62 23 rural
1141 708 72 26 sports
1232 704 23 21 in

674 732 36 23 the
723 732 152 31 old-country,
888 734 104 24 followed
1011 735 24 23 in
1055 737 137 26 succession,
1210 735 45 24 and

673 765 98 23 afforded
783 773 12 15 a
806 767 57 27 good
876 767 52 23 deal
944 768 25 22 of
982 773 154 18 amusement.

706 803 38 24 On
762 803 39 23 the
821 804 84 24 second
924 805 51 31 day,
997 805 115 31 Tuesday,
1135 805 38 25 the
1190 807 64 23 horse

672 837 78 30 racing
761 843 46 16 was
819 838 34 24 far
860 839 102 29 superior
974 838 44 24 and
1028 840 35 22 far
1072 847 62 15 more
1145 840 107 31 exciting.

674 869 50 23 The
732 876 51 17 race
795 869 101 25 between
908 869 116 33 Mazeppa
1036 872 43 23 and
1089 871 114 32 Daylight
1210 880 44 16 was

674 902 68 30 really
755 902 120 30 excellent,
889 903 82 31 during
984 904 38 24 the
1039 905 52 23 first
1112 906 52 23 heat
1183 906 71 24 round

673 935 37 24 the
721 943 88 21 course,
822 934 117 33 Mazeppn
950 939 92 29 coming
1053 939 23 22 in
1089 938 50 23 first
1147 939 29 31 by
1187 939 67 23 about

672 977 13 14 a
696 968 74 24 tieck.-
804 968 29 23 In
847 968 37 24 the
897 970 82 23 second
993 970 51 24 heat
1057 969 116 33 Daylight
1185 973 68 23 threw

673 1001 34 23 his
726 1001 68 29 rider,
813 1002 43 23 and
877 1000 117 34 Mazeppa
1013 1003 44 24 had
1076 1005 19 22 it
1116 1005 27 23 all
1157 1005 35 24 his
1204 1012 48 17 own

673 1042 46 23 way
741 1034 87 32 though
849 1036 84 30 closely
954 1036 102 24 followed
1079 1037 30 31 by
1131 1037 121 32 Daylight,

672 1068 63 23 when
758 1076 14 14 a
791 1069 96 23 number
908 1069 23 23 of
956 1069 62 31 large
1039 1070 57 31 dogs
1114 1071 138 24 surrounded

671 1101 123 31 Mazeppa,
808 1102 43 23 and
863 1102 63 30 kept.
929 1102 48 24 him
990 1108 23 18 at
1020 1102 44 32 bay
1081 1111 24 16 so
1126 1104 60 31 long,
1205 1105 48 23 that

672 1133 115 31 Daylight
797 1134 118 25 distanced
938 1135 56 25 him.
1041 1137 24 23 A
1085 1144 51 16 race
1154 1138 97 23 between

672 1165 116 33 Mazeppa
799 1168 45 23 and
856 1168 150 32 Temperance
1016 1170 54 24 then
1083 1170 109 30 followed,
1204 1172 47 23 and

674 1207 43 16 was
741 1198 38 26 the
801 1201 51 23 best
869 1207 40 18 out
918 1203 33 25 'O.f
975 1203 39 23 the
1034 1208 44 19 two
1096 1204 63 30 day's
1169 1205 81 30 riding.

673 1233 49 24 The
734 1240 44 17 two
790 1234 79 24 horses
879 1235 54 24 took
945 1235 38 24 the
995 1236 64 32 leaps
1079 1236 108 32 together,
1208 1238 44 23 and

673 1266 54 31 kept
745 1267 60 24 neck
822 1265 43 26 and
886 1268 59 24 neck
964 1270 73 23 round
1057 1271 37 22 the
1116 1276 85 24 course,
1212 1271 41 23 but

674 1299 146 31 Imperative
832 1302 114 23 contrived
960 1308 22 17 to
993 1303 43 22 wfh
1049 1303 28 31 by
1091 1303 49 24 half
1159 1312 12 15 a
1183 1304 67 24 neck.

673 1333 91 24 Several
777 1334 64 24 other
852 1335 102 23 matches
966 1340 63 19 Came
1049 1336 39 29 off,
1109 1337 43 23 and
1171 1345 13 15 a
1194 1337 58 31 good

672 1366 49 24 deal
743 1367 25 23 of
793 1373 82 26 money
898 1369 101 30 changed
1020 1369 81 24 hands.
1154 1370 30 23 In
1213 1371 39 23 the

673 1401 96 30 evening
792 1401 47 23 Mr.
864 1401 97 24 Jenkins
964 1403 5 8 1
990 1402 47 24 foot
1056 1409 50 17 race
1128 1409 63 18 came
1214 1404 37 29 off,

673 1434 71 23 Which
757 1439 45 18 was
815 1440 48 18 won
875 1435 31 30 by
919 1435 47 24 Mr.
976 1435 123 29 Grimaldi,
1112 1437 30 30 by
1163 1445 13 15 a
1194 1444 54 16 con*

672 1467 111 24 siderable
804 1468 108 24 distance.
960 1468 65 24 Balls
1046 1471 23 22 in
1089 1469 37 24 the
1146 1471 107 30 evenings

673 1500 122 24 concluded
808 1501 53 24 both
874 1502 55 31 days
941 1508 74 24 sports
1027 1511 5 19 ;
1054 1502 44 24 and
1120 1503 37 24 the
1175 1504 77 23 united

672 1534 130 30 population
815 1535 25 23 of
850 1535 149 31 Wellington,
1012 1536 44 23 and
1069 1537 38 23 the
1116 1537 135 30 neighbour*

672 1567 40 31 ing
724 1568 103 30 villages,
841 1569 90 23 seemed
951 1574 23 17 to
994 1569 35 23 vie
1047 1570 53 23 with
1120 1571 53 22 each
1190 1570 63 24 other

672 1601 23 22 in
708 1600 112 32 affording
831 1607 161 23 amusements,
1002 1602 44 24 and
1054 1605 200 30 commemorating

672 1642 14 14 a
705 1634 42 31 day
768 1635 73 24 which
860 1635 45 23 will
918 1635 83 31 always
1013 1635 28 24 be
1053 1636 95 31 thought
1161 1637 23 23 of
1201 1638 52 23 with

673 1668 93 23 interest
778 1668 23 23 in
813 1676 66 22 years
892 1674 21 17 to
925 1676 72 16 come.

1309 1579 33 23 To
1357 1580 164 25 Subscribers,
1538 1587 77 15 other
1631 1581 143 22 Newspaper
1796 1581 71 22 Esta-

1284 1613 153 20 blishments,
1448 1614 46 14 and
1509 1607 160 22 Commanders
1686 1615 26 14 of
1728 1608 139 22 Vessels.—

1285 1633 27 22 In
1323 1641 38 15 our
1371 1641 70 21 paper
1450 1634 26 22 of
1487 1633 131 26 September
1632 1634 36 26 30,
1679 1642 32 14 we
1721 1635 98 21 inserted
1830 1635 36 22 the

1284 1661 64 21 latest
1357 1659 138 28 regulations
1505 1661 68 21 about
1584 1661 99 27 Postage.
1713 1660 45 23 For
1767 1662 37 21 the
1815 1669 52 15 con-

1285 1688 104 21 venience
1408 1688 26 21 of
1451 1694 41 15 our
1507 1688 131 21 mercantile
1656 1689 91 26 friends,
1762 1696 32 13 we
1810 1689 57 22 have

1284 1715 86 26 printed
1381 1715 61 21 them
1458 1722 60 19 upon
1534 1722 13 13 a
1564 1711 50 25 half
1625 1715 62 22 sheet
1701 1716 25 21 of
1738 1723 73 20 paper,
1823 1716 44 22 and

1284 1741 51 27 they
1342 1748 40 15 can
1392 1749 51 14 now
1453 1741 27 22 be
1490 1742 156 27 conveniently
1654 1743 75 26 posted
1739 1743 22 21 in
1768 1750 28 13 an
1804 1743 63 22 office

1284 1768 34 22 for
1327 1769 90 24 general
1427 1768 122 22 reference.

1312 1796 38 21 We
1362 1799 84 18 cannot
1455 1795 114 22 ourselves
1579 1795 77 27 gather
1666 1796 56 22 from
1735 1796 36 21 the
1780 1797 87 26 regula-

1285 1822 57 22 tions
1352 1823 37 21 the
1398 1828 92 22 postage
1501 1822 133 27 chargeable
1645 1830 57 19 upon
1722 1823 95 22 colonial
1827 1831 42 20 pa-

1283 1857 48 19 pers
1342 1849 77 27 posted
1436 1853 24 17 at
1477 1849 145 26 Wellington,
1634 1850 39 20 but
1689 1857 32 14 we
1737 1850 57 21 have
1810 1850 58 22 been

1283 1876 111 22 informed
1404 1875 49 23 that
1463 1875 36 22 the
1510 1883 49 14 sum
1571 1875 131 28 chargeable
1712 1877 18 20 is
1742 1883 42 15 one
1793 1885 74 19 penny

1286 1910 37 19 per
1331 1910 74 20 paper.
1434 1903 55 22 This
1498 1903 19 21 is
1526 1910 14 13 a
1550 1903 72 26 heavy
1634 1907 43 22 tax,
1689 1903 44 21 and
1745 1904 79 22 indeed
1835 1911 33 15 we

1284 1934 86 23 suspect
1379 1930 38 21 the
1427 1930 136 25 regulations
1574 1930 43 21 will
1632 1930 28 21 be
1676 1930 68 22 found
1754 1932 114 27 generally

1284 1960 21 18 to
1316 1958 53 21 bear
1380 1957 99 27 severely
1491 1964 59 20 upon
1561 1957 39 22 the
1610 1957 111 22 colonists.

1312 1984 47 22 One
1368 1991 76 21 penny
1460 1983 55 22 each
1531 1984 45 21 will
1592 1988 90 17 amount
1698 1988 23 17 to
1738 1984 61 26 eight
1814 1983 53 22 shil-

1283 2010 57 26 lings
1349 2011 44 20 and
1404 2010 62 26 eight
1474 2017 68 18 pence
1561 2017 38 19 per
1615 2016 82 14 annum
1708 2016 60 19 upon
1780 2017 39 13 our
1828 2018 39 19 pa-

1284 2044 45 20 per.
1356 2037 55 21 This
1422 2044 48 13 sum
1485 2043 32 14 we
1533 2035 57 22 shall
1608 2036 26 21 be
1649 2036 88 26 obliged
1752 2040 23 17 to
1786 2036 80 27 charge

1285 2063 111 28 quarterly
1406 2063 23 22 in
1446 2063 99 21 advance
1561 2063 35 22 for
1604 2070 78 20 papers
1698 2063 94 22 ordered
1805 2067 23 17 to
1839 2064 27 21 be

1284 2094 47 18 sent
1340 2094 38 18 out
1388 2090 25 22 of
1421 2090 37 21 the
1468 2090 86 26 colony,
1563 2090 29 27 by
1599 2097 90 20 persons
1697 2090 99 21 resident
1804 2090 61 22 here.

1287 2118 59 21 More
1357 2117 53 22 than
1428 2124 41 15 one
1485 2124 53 20 year
1552 2117 62 22 since
1625 2122 32 16 we
1672 2117 132 22 announced
1820 2117 47 22 that

1284 2152 32 14 we
1324 2144 74 22 would
1408 2149 40 16 not
1458 2143 78 28 supply
1547 2151 78 20 papers
1643 2148 22 17 to
1679 2144 81 27 parties
1770 2144 97 27 residing

1285 2176 38 17 out
1339 2171 25 22 of
1376 2172 37 21 the
1429 2171 86 26 colony,
1526 2171 76 21 unless
1618 2171 54 21 such
1687 2171 134 21 subscribers
1831 2179 36 14 ar-

1284 2198 82 26 ranged
1378 2198 33 22 for
1426 2198 38 21 the
1479 2202 107 22 payment
1601 2197 33 22 for
1648 2197 61 22 them
1725 2197 93 27 through
1836 2206 29 14 an

1284 2231 65 21 agent
1359 2225 60 22 here.
1449 2224 58 27 Only
1519 2228 41 17 *wo
1571 2224 84 27 foreign
1666 2224 134 22 subscribers
1810 2225 57 22 have

1284 2252 105 22 attended
1399 2256 23 17 to
1433 2251 43 22 this
1486 2251 81 26 notice,
1580 2251 43 21 and
1635 2251 37 22 the
1685 2251 74 27 heavy
1769 2259 98 19 expence

1284 2280 25 21 of
1320 2283 91 24 postage
1422 2284 21 17 to
1454 2278 71 22 which
1537 2285 31 14 we
1585 2277 55 23 shall
1650 2278 26 22 be
1686 2278 94 27 subject,
1790 2279 78 22 makes

1284 2307 18 21 it
1310 2306 125 27 absolutely
1446 2312 118 20 necessary
1573 2305 35 22 for
1618 2313 26 14 us
1653 2313 47 14 now
1709 2310 30 17 -to
1754 2312 63 20 carry
1827 2313 42 15 our

1283 2333 73 22 notice
1365 2332 46 23 into
1423 2332 70 23 effect.
1516 2331 26 22 In
1553 2332 74 22 future
1636 2329 88 30 English
1733 2332 135 23 subscribers

1284 2360 49 21 who
1350 2360 57 22 have
1423 2363 40 18 not
1477 2358 53 29 paid
1540 2358 59 23 their
1613 2359 159 27 subscriptions
1791 2360 22 21 in
1831 2367 37 14 ac-

1285 2387 108 22 cordance
1418 2386 53 22 with
1495 2392 39 15 our
1552 2386 82 26 notice,
1654 2386 44 21 and
1722 2385 49 22 who
1796 2386 72 23 desire

1284 2418 22 19 to
1335 2414 57 22 have
1417 2421 41 14 our
1483 2414 87 20 Gazette
1592 2416 60 19 must
1679 2413 66 27 apply
1774 2416 22 19 to
1828 2421 41 14 our

1285 2441 95 22 London
1403 2440 83 28 Agent,
1512 2440 45 22 Mr.
1582 2439 94 27 Bowler,
1705 2444 23 17 at
1752 2439 37 23 the
1812 2440 56 23 New

1285 2466 99 25 Zealand
1402 2467 134 27 Company's
1553 2464 79 28 Office,
1644 2463 101 30 jjondon,
1762 2471 22 17 to
1794 2466 73 23 whom

1286 2503 31 14 we
1332 2495 57 22 have
1405 2494 58 23 been
1474 2494 136 26 forwarding
1627 2494 32 21 for
1673 2499 61 16 some
1751 2494 52 22 lime
1818 2498 51 22 past

1284 2522 44 22 and
1338 2526 21 18 to
1370 2522 71 21 whom
1451 2526 32 17 We
1493 2520 57 23 shall
1566 2520 104 22 continue
1679 2524 23 17 to
1712 2520 96 22 forward
1818 2520 51 28 fifty

1284 2550 74 26 Gopies
1376 2549 25 22 of
1421 2548 39 23 the
1481 2549 93 20 Gazette.
1612 2548 48 22 The
1678 2548 54 27 only
1749 2547 120 23 difference

1286 2576 42 22 will
1338 2577 27 21 be
1377 2576 51 26 th:s,
1438 2575 49 22 that
1495 2575 127 22 heretofore
1631 2582 32 15 we
1678 2574 58 23 have
1748 2579 50 17 sent
1807 2575 61 22 them

1286 2603 94 27 through
1392 2602 37 23 ihe
1440 2606 55 24 post,
1506 2603 45 21 and
1567 2609 50 15 now
1629 2609 31 14 we
1677 2605 58 18 must
1744 2601 54 22 send
1807 2602 60 22 them

1285 2630 29 28 by
1322 2631 86 27 private
1418 2630 149 27 opportunity,
1577 2637 22 14 as
1608 2629 19 21 it
1636 2636 50 20 may
1694 2628 62 27 offer,
1764 2627 25 22 of
1797 2628 72 23 which

1285 2657 37 22 the
1332 2658 94 25 Postage
1437 2657 147 27 Regulations
1593 2656 80 27 permit
1681 2663 5 19 ;
1698 2655 52 27 they
1759 2656 45 21 will
1815 2663 54 15 con-

1285 2684 117 28 sequently
1411 2687 40 18 not
1460 2684 28 21 be
1497 2683 106 22 obtained
1613 2690 24 14 so
1646 2682 132 28 frequently.

1312 2713 32 21 As
1353 2719 32 13 we
1396 2710 57 22 shall
1462 2708 57 24 Have
1529 2714 22 18 to
1561 2717 42 22 pay
1612 2714 91 23 postage
1712 2717 30 14 on
1753 2709 29 22 all
1791 2717 79 21 papers

1284 2746 32 14 we
1332 2738 56 23 send
1405 2741 22 18 to
1444 2745 24 14 or
1481 2738 87 21 receive
1584 2738 56 21 from
1662 2737 37 22 the
1714 2736 105 27 colonies,
1837 2745 32 13 we

1286 2769 57 19 must
1354 2764 89 22 decline
1454 2764 36 22 the
1500 2768 89 23 greater
1604 2766 50 25 part
1666 2764 25 21 of
1704 2771 41 14 our
1754 2763 116 29 exchange

1286 2799 83 22 papers,
1381 2799 25 15 as
1417 2792 37 21 the
1463 2795 38 17 tax
1512 2791 75 21 would
1596 2790 39 22 fall
1646 2797 52 21 very
1704 2790 99 28 severely
1809 2798 61 21 upon

1286 2827 40 15 our
1340 2819 65 22 small
1425 2818 174 22 establishment.
1637 2817 73 23 Those
1730 2817 48 22 who
1799 2825 70 19 cease,

1285 2847 56 21 after
1352 2846 43 21 this
1404 2849 22 18 to
1436 2846 87 21 receive
1532 2851 42 16 our
1579 2852 74 21 paper,
1662 2844 42 22 will
1714 2844 75 28 please
1798 2844 72 22 there-

1285 2873 46 22 fore
1340 2876 23 19 to
1375 2872 139 23 understand
1522 2880 43 14 our
1574 2879 77 15 reason
1662 2879 24 14 as
1696 2879 49 14 now
1756 2872 73 25 given.

1313 2905 40 22 We
1368 2905 57 22 have
1441 2905 56 21 beeri
1514 2905 24 21 in
1558 2905 38 21 the
1614 2903 62 23 habit
1690 2904 26 22 of
1734 2904 77 27 giving
1830 2912 42 14 our

1284 2939 68 21 paper
1365 2936 23 18 to
1406 2933 39 21 the
1460 2935 94 18 masters
1570 2932 26 21 of
1606 2931 30 22 all
1653 2931 59 28 ships
1727 2931 24 22 in
1766 2931 104 22 harbour.

1284 2960 54 22 This
1347 2959 42 22 has
1397 2959 58 22 been
1465 2966 13 15 a
1487 2959 93 22 heavier
1595 2962 39 18 tax
1650 2957 53 23 than
1719 2966 68 19 many
1797 2958 75 23 would

1284 2992 94 22 suppose
1377 2992 3 4 1
1380 3002 6 11 ,
1397 2986 46 22 and
1453 2985 36 22 the
1500 2990 39 17 tax
1548 2983 41 24 has
1597 2983 58 24 been
1672 2985 38 22 the
1721 2992 59 15 more
1798 2985 40 22 felt
1848 2993 24 14 as

1284 3014 37 21 the
1330 3017 95 29 masters
1442 3013 25 22 of
1477 3013 62 27 ships
1556 3013 57 21 have
1629 3013 73 26 rarefy
1711 3012 123 22 forwarded
1845 3020 27 14 us

1284 3047 78 21 papers
1371 3040 24 22 in
1404 3043 84 23 return,
1500 3047 26 14 or
1536 3039 98 22 afforded
1648 3046 26 15 us
1689 3039 143 22 information
1850 3040 24 21 of

1284 3075 44 20 any
1338 3067 143 27 description.
1509 3067 34 22 To
1552 3066 54 22 such
1618 3066 155 23 commanders
1782 3073 24 14 as
1814 3066 58 22 send

1284 3102 25 15 us
1319 3101 85 21 papers,
1417 3101 25 15 or
1451 3094 81 22 render
1548 3101 26 15 us
1590 3093 71 22 useful
1677 3093 149 27 information,
1839 3100 33 15 we

1284 3121 56 22 shall
1352 3123 25 20 be
1389 3122 73 27 happy
1472 3121 45 22 still
1525 3124 24 19 to
1559 3121 50 26 give
1620 3120 37 22 the
1669 3120 86 21 Gazette
1763 3128 5 19 ;
1784 3120 40 22 but
1832 3120 40 23 the

1284 3148 72 28 heavy
1367 3153 95 23 expense
1472 3148 25 21 of
1504 3152 90 23 postage
1600 3151 23 18 to
1630 3147 72 22 which
1712 3155 32 14 we
1754 3147 57 22 shall
1822 3152 50 17 now

1284 3176 27 21 be
1321 3174 105 28 exposed,
1437 3174 77 23 makes
1523 3174 19 21 it
1550 3181 117 20 necessary
1677 3174 35 22 for
1721 3181 26 14 u»
1756 3179 24 16 to
1789 3181 83 15 econo-

1284 3202 54 22 mise
1349 3202 29 23 all
1394 3201 38 22 the
1448 3208 76 15 means
1539 3200 23 23 in
1578 3207 40 16 our
1633 3207 80 21 power.
1742 3200 40 22 We
1799 3200 74 22 there-

1284 3230 46 21 fore
1345 3235 118 16 announce
1478 3228 50 22 that
1542 3227 169 23 henceforward
1727 3227 44 23 this
1785 3232 87 18 custom

1284 3256 138 21 terminates.

99 489 102 34 Monday
212 492 52 28 last,
282 490 69 33 being
363 492 38 24 the
413 490 74 26 fourth
500 494 145 30 anniversary

66 525 63 23 since
140 524 38 24 the
189 522 83 27 arrival
283 522 25 26 of
324 525 37 24 the
373 525 52 24 first
435 525 98 29 settlers,
557 533 45 16 was
620 534 25 16 as

65 555 66 27 usual
155 561 34 20 set
213 561 65 28 apart
296 558 35 23 Tor
350 566 14 15 a
390 558 89 31 holiday
488 567 5 19 ;
515 560 44 22 and
578 558 37 25 for
632 568 13 14 a

65 589 44 24 few
127 590 54 31 day
188 590 11 31 6
201 591 106 31 previous
326 591 36 24 (he
380 589 116 33 publicans
509 590 44 25 and
569 592 75 23 others

64 627 58 20 Were
133 624 59 31 busy
202 625 103 30 erecting
315 622 81 26 booths
409 624 44 23 and
464 622 79 26 stands
560 632 28 16 on
609 624 36 24 Te

65 656 50 24 Aro
126 655 61 31 Flat,
200 655 73 26 which
282 657 120 32 presented
423 657 63 31 quite
503 666 14 14 a
536 665 44 23 gay
601 657 43 24 and

65 686 103 27 fair-like
180 698 137 23 appearance
327 699 6 20 ;
353 690 22 23 in
389 690 52 28 fact,
454 698 67 23 every
531 689 110 25 -succeed-

63 722 42 32 ing
125 723 171 24 twelvemonths
314 723 67 31 bring
403 723 18 24 it
442 730 62 17 more
524 724 23 23 io
558 731 86 17 resem-

63 754 80 25 blance
155 760 22 19 to
189 754 142 30 Greenwich,
345 763 26 16 or
381 755 65 25 other
463 756 62 31 large
547 755 52 26 fairs
620 758 23 23 in

62 787 41 25 the
113 789 204 30 mother-country.

98 819 51 26 The
159 823 103 29 morning
273 820 71 26 broke
357 822 48 23 dull
417 822 44 24 and
470 822 100 31 gloomy,
590 821 53 26 with

65 861 14 17 t
87 853 72 32 slight
170 855 109 31 mizzling
291 855 55 28 rain,
360 855 44 23 and
416 854 59 32 light
486 857 34 22 air
533 854 55 25 from
604 856 40 24 the

64 884 59 27 $.15.
135 897 7 19 ;
161 885 41 26 but
211 888 78 23 before
303 889 30 24 10
345 888 88 24 o'clock
445 888 37 24 the
494 889 54 23 mist
557 888 87 25 cleared

63 917 38 32 ott,
112 920 44 24 add
166 922 18 22 it
195 921 80 24 turned
287 926 39 18 out
334 930 13 14 a
357 921 110 24 beautiful
475 921 51 32 day,
536 921 108 25 rendered

63 960 61 17 more
137 954 117 32 agreeable
266 954 30 30 by
309 954 36 24 the
356 956 48 22 rain
418 954 71 25 which
509 954 44 25 had
566 954 76 30 fallen,

63 987 45 23 and
119 987 72 24 w-liich
203 986 44 24 had
264 987 44 24 laid
329 986 37 25 the
387 988 52 24 dust
457 987 44 25 and
520 986 63 26 made
606 989 38 23 the

62 1019 66 24 Toads
141 1021 47 23 cool
199 1020 45 23 and
256 1017 109 33 pleasant.

1383 3357 132 16 CORRECTED
1530 3355 30 17 UP
1575 3358 28 14 TO
1618 3357 54 16 LAST
1689 3357 81 15 NIGHT.

1624 3381 19 19 £
1662 3387 15 12 I.
1702 3383 20 17 t.
1777 3382 16 18 £
1859 3385 13 15 t

1284 3414 63 22 Atti
1362 3413 97 28 pefhhd
1627 3414 14 20 0
1667 3414 14 19 0
1708 3414 15 21 0
1739 3427 19 6 ..
1777 3415 14 20 0
1818 3416 16 19 0
1859 3416 17 19 0

1459 3450 41 23 pec
1504 3444 102 23 barrel..
1624 3447 15 19 0
1666 3447 13 19 0
1707 3447 52 20 O.«
1776 3447 15 21 0
1817 3448 16 20 0
1860 3448 14 20 0

1458 3477 92 26 perdoz
1627 3477 50 22 011
1710 3479 14 20 0
1740 3492 19 6 ..
1777 3479 55 21 013
1860 3481 15 20 0

1364 3510 30 22 N.
1405 3509 26 22 Z.
1443 3514 38 23 per
1490 3508 77 28 gallon
1587 3511 92 20 ..02
1705 3511 15 20 0
1738 3524 6 6 .
1751 3524 6 6 .
1775 3512 14 20 0
1816 3510 15 23 0
1860 3512 14 21 0

1284 3543 112 24 Arrack:
1412 3542 43 22 Per
1464 3541 43 27 gal.
1517 3540 25 23 in
1552 3540 61 23 bond
1627 3542 15 20 0
1669 3542 11 20 1
1709 3542 17 21 &
1740 3555 19 7 ..
1777 3544 14 20 0
1818 3544 14 20 2
1860 3545 14 22 0

1283 3575 93 22 Bread:
1392 3573 44 23 Per
1444 3573 44 22 2lb.
1500 3573 50 22 loaf
1629 3574 14 21 0
1669 3575 14 20 0
1709 3574 14 20 5
1741 3588 18 7 ..
1777 3576 15 19 0
1819 3577 13 19 0
1860 3577 16 20 6

1283 3607 73 23 Beef:
1372 3605 80 28 Fresb,
1469 3612 90 15 carcase
1575 3612 40 21 per

1399 3637 24 23 lb
1623 3640 16 21 0
1665 3639 12 19 0
1707 3640 14 20 8
1739 3653 18 7 ..
1775 3641 17 20 0
1818 3641 14 20 0
1849 3641 24 21 11

1390 3670 56 26 Salt,
1455 3677 49 21 per,
1507 3670 71 22 tierce
1591 3684 19 7 ..
1629 3671 10 21 1
1656 3672 26 21 10
1709 3672 15 20 0
1741 3684 18 7 ..
1777 3673 16 23 9
1818 3674 16 20 0
1859 3675 15 19 0

1283 3705 107 22 Bottbr:
1408 3701 64 28 Irish,
1480 3701 84 28 perlb.
1589 3704 53 20 ..0
1667 3703 16 21 0
1709 3704 15 21 9
1740 3717 19 7 ..
1777 3697 15 29 6
1820 3705 11 21 1
1862 3707 14 20 0

1404 3734 69 24 Fresh
1629 3736 14 20 0
1671 3736 10 20 1
1711 3736 15 20 6
1742 3750 19 6 ..
1778 3738 15 20 0
1820 3740 19 19 a
1862 3740 18 21 0;

1284 3771 111 22 Brakdy:
1410 3768 59 23 First
1474 3767 96 29 quality,
1577 3774 40 21 per

1432 3800 76 28 gallon
1517 3800 26 22 in
1552 3799 62 23 bond
1627 3801 14 20 0
1668 3801 13 20 5
1710 3802 14 20 0
1741 3816 5 5 .
1754 3816 5 5 .
1778 3804 14 19 0
1820 3803 13 22 7
1862 3806 14 21 6

1284 3837 84 24 Brown
1389 3835 87 22 Stout:
1500 3839 42 22 per
1555 3828 55 26 hbxt.
1624 3833 13 20 5
1665 3834 14 20 0
1707 3835 14 20 0
1737 3848 19 6 ..
1777 3836 15 20 6
1806 3835 27 22 10
1855 3838 20 22 ,0

1284 3870 100 21 Cigars:
1397 3864 103 28 Manilla,
1508 3872 41 20 per
1554 3865 61 26 1000,

1433 3898 25 23 in
1466 3896 62 24 bond
1629 3898 14 20 2
1669 3898 14 20 0
1711 3899 13 20 0
1742 3912 4 6 .
1754 3912 6 6 .
1779 3900 14 21 3
1820 3901 15 20 0
1863 3903 13 19 0

1394 3929 216 32 CbinsurahperlOO
1631 3931 11 20 1
1671 3932 14 20 0
1713 3932 13 20 0
1743 3945 19 7 ..
1780 3934 14 20 0
1820 3935 16 20 0
1863 3937 13 18 0

1278 3968 95 24 iGQKT»K
1380 3973 5 14 :
1397 3962 65 38 X^va,
1471 3970 41 21 ]»er
1520 3959 24 26 lb
1630 3964 13 19 0
1670 3962 14 23 0
1712 3964 12 21 3
1743 3978 18 13 ...
1778 3966 14 22 0
1820 3967 15 21 0
1864 3967 19 22 7.

2229 134 22 23 £
2279 141 17 14 a.
2312 134 21 22 a.
2390 135 57 22 £s.
2464 131 14 25 A
2489 156 3 4 .

1899 158 91 22 Cheese
1996 166 6 13 :
2018 158 106 24 Cheshire
2150 173 73 7 ......
2241 161 15 20 0
2283 161 11 20 1
2320 162 16 20 4
2353 175 6 6 .
2366 174 6 7 .
2390 162 15 21 0
2433 162 11 20 1
2472 162 15 20 6

2017 181 55 26 Pine
2082 185 73 27 Apple
2176 188 80 19 ....0
2281 184 13 23 I
2320 184 85 25 2..0
2431 186 15 23 0
2472 184 14 24 6

2015 210 100 23 Dutch..
2242 212 14 22 0
2282 212 14 22 0
2321 211 15 23 8
2353 228 19 6 ..
2391 215 14 20 0
2430 213 15 22 0
2461 214 26 21 10

2009 237 29 23 N.
2050 238 26 22 Z.
2086 238 78 28 perlb.
2174 248 49 11 ....•
2238 239 15 22 0
2280 238 11 23 1
2319 240 14 21 6
2352 254 18 6 ..
2390 242 14 20 0
2429 238 16 23 6
2470 241 16 21 0

1900 264 106 22 CAtt&bE*
2013 269 6 17 t
2026 262 94 30 English
2127 268 56 19 Wat.
2189 270 42 23 per

2042 291 24 22 lb
2239 294 15 19 0
2280 293 14 20 2
2320 294 14 20 3
2352 306 19 7 ..
2390 294 14 21 0
2430 294 15 21 3
2472 294 14 21 »

2009 319 92 27 Sperm,
2108 327 114 13 .*♦..*...
2241 320 15 20 0
2282 320 10 21 1
2310 320 27 21 10
2353 333 19 6 ..
2390 316 16 25 d
2431 318 14 23 <
2471 321 15 20 0

2007 344 80 23 Mould
2122 357 100 9 ........
2240 347 15 20 0
2280 347 15 20 0
2322 347 49 20 6..
2390 347 14 21 0
2430 348 16 19 0
2470 344 15 23 4

2009 370 56 28 Dips
2240 374 14 19 0
2280 374 15 20 0
2320 373 14 19 5
2352 386 19 7 ..
2390 374 14 19 0
2430 373 16 20 0
2470 370 15 22 0

1901 396 31 23 Ft
1935 404 46 15 our
1987 404 6 14 :
2004 397 130 28 lstquality,
2145 405 40 21 per
2188 402 39 18 ton

2021 424 27 21 Of
2058 425 54 22 2000
2121 424 34 22 lbs
2225 426 27 21 20
2279 427 14 19 0
2319 427 15 19 0
2352 425 52 22 ..82
2432 426 14 20 0
2471 428 14 19 0

1998 450 47 23 2nd
2054 451 55 22 ditto
2123 462 18 9 .>
2240 454 15 19 0
2282 454 14 19 0
2321 454 15 19 0
2353 466 19 7 ..
2391 454 14 19 0
2431 453 14 20 0
2470 453 15 20 0

1900 476 63 22 Ft\X
1970 484 6 14 :
1991 476 29 23 N.
2032 476 25 23 Z.
2068 483 40 21 per
2116 482 37 18 ton
2176 477 78 23 ....1$
2281 480 15 20 0
2321 480 15 20 0
2353 491 20 8 ..
2390 480 14 20 0
2431 480 15 19 0
2472 476 14 24 b

1927 503 73 22 Do.—
2002 510 28 15 on
2037 504 214 27 board->-pressedl7
2278 507 14 20 0
2318 506 15 21 0
2351 520 19 6 ..
2388 506 14 20 0
2427 506 15 20 0
2468 506 14 21 0

1901 529 59 22 Gin:
1982 530 53 22 Pale
2052 532 24 20 in
2086 530 60 23 bond
2241 534 14 19 0
2281 533 14 20 3
2321 534 15 19 6
2353 541 19 11 k.
2390 534 14 19 0
2429 529 15 23 &
2470 528 16 25 i

1949 556 62 26 Case,
2019 558 16 20 4
2041 557 35 25 gal
2085 559 38 20 4-5
2132 558 23 21 in
2164 558 61 21 bond
2240 559 11 20 1
2280 560 14 19 0
2320 560 51 19 0..
2390 559 11 20 I
2429 558 14 21 6
2470 560 14 19 0

1900 582 82 23 Hams:
1998 582 128 27 Yorkshire,
2141 582 85 30 perlb.
2241 587 14 18 0
2281 586 15 20 0
2320 585 15 21 5
2353 598 19 8 ..
2390 586 14 21 0
2430 586 15 20 0
2468 582 15 24 T

1983 610 29 22 N.
2024 609 25 23 2.
2061 610 71 26 perlb
2241 613 15 19 0
2282 613 14 19 0
2322 613 14 20 0
2353 626 19 5 ..
2390 614 14 19 0
2430 613 15 20 0
2471 612 15 21 5

1900 636 114 23 Mustard
2021 644 6 13 :
2044 636 41 23 Per
2094 637 70 22 dozen
2176 650 47 7 ....
2242 638 54 21 016
2322 640 15 19 0
2353 652 6 7 .
2366 652 7 6 .
2391 638 54 22 018
2471 640 15 19 0

1899 662 115 24 Mutton:
2035 663 94 22 Carcase
2138 668 40 23 per
2186 664 24 21 lb
2221 679 5 6 .
2241 666 15 19 0
2282 666 13 19 0
2322 666 14 20 7
2353 678 20 7 ..
2390 666 14 20 0
2432 666 13 20 0
2471 666 15 21 9

1899 689 122 23 Muskets:
2038 689 93 23 Walnut
2136 690 93 23 stocked
2242 692 14 20 0
2270 691 24 21 15
2321 692 15 21 0
2352 705 20 6 ..
2393 692 9 21 1
2431 694 15 19 0
2472 694 15 19 0

1900 716 77 22 Milk:
1993 717 99 27 Perpint
2240 719 15 20 0
2281 719 14 20 0
2321 718 14 21 2
2353 732 19 7 ..
2390 720 14 19 0
2431 719 14 20 0
2470 719 14 21 3

1899 743 93 22 Maize:
2007 751 40 20 per
2057 744 78 22 bushel
2240 746 14 19 0
2280 745 14 20 3
2321 746 15 19 0
2353 758 21 7 ..
2391 746 13 20 0
2431 746 13 21 3
2470 746 16 19 6

1899 770 44 22 Oil
1950 777 5 14 :
1972 770 103 26 Linseed,
2086 777 40 22 per
2134 770 75 28 gallon
2219 772 35 21 .0
2280 772 15 20 6
2320 772 15 20 6
2352 786 7 5 .
2366 786 7 5 .
2390 773 15 20 0
2433 772 12 21 7
2470 772 16 21 S

1973 797 283 28 Black,incask,pertonlß
2282 799 14 20 0
2323 799 14 20 0
2354 800 51 20 ..20
2432 800 14 19 0
2472 800 13 19 0

2007 825 79 24 Sperm
2222 825 29 20 50
2277 825 13 19 0
2318 825 13 19 0
2348 825 52 22 ..75
2428 826 13 18 0
2470 826 12 17 0

1899 849 77 23 Pork:
1992 850 76 27 Fresh,
2085 857 88 16 carcase
2190 856 40 22 pet-

2015 877 23 22 lb
2240 879 13 20 0
2280 879 13 20 0
2320 879 14 20 0
2353 891 19 7 ..
2390 880 13 19 0
2432 880 13 19 0
2471 880 15 20 4

1899 903 65 22 Pork
1969 911 7 14 :
1993 904 65 27 Irish,
2068 911 40 21 per
2117 904 73 22 barrel
2202 918 6 7 .
2215 918 6 7 .
2240 906 14 19 0
2280 906 14 19 0
2321 906 14 19 0
2353 919 6 6 .
2365 917 8 8 »
2390 906 54 21 410
2471 907 15 20 0

1979 930 59 23 N.Z
2237 932 14 21 2
2266 932 25 21 10
2317 933 15 20 0
2348 946 19 6 ..
2385 933 15 20 3
2428 934 14 19 0
2466 933 16 21 0

1899 956 131 23 Potatoes:
2050 958 56 21 New
2120 956 108 29 Zealand,

2074 991 40 20 per
2122 988 38 18 ton
2173 999 47 7 ....
2238 986 15 20 4
2279 986 14 20 0
2320 987 14 20 0
2352 999 5 6 .
2364 998 7 7 .
2389 986 14 21 6
2430 987 14 20 0
2470 988 15 19 0

1899 1010 94 23 Porter
2001 1018 6 14 :
2037 1010 101 27 Dunbar,
2149 1012 24 21 in
2181 1012 46 21 bot.

2066 1045 39 21 per
2115 1037 48 22 doz.
2176 1040 77 19 ...<.O
2279 1039 15 20 9
2320 1040 82 21 0..0
2417 1040 27 21 12
2470 1041 14 20 6

2006 1064 86 27 Bryant
2102 1064 44 22 and
2156 1064 70 22 Davis
2240 1066 13 20 0
2280 1066 13 19 9
2320 1067 14 19 0
2352 1079 6 6 .
2364 1078 8 7 .
2390 1068 13 19 0
2419 1067 25 20 12
2471 1068 14 19 0

1899 1090 98 23 Pickles
2008 1099 6 14 :
2045 1091 115 27 Assoi^ed,
2190 1099 40 20 per

2070 1117 68 27 doz.,i
2152 1122 75 23 quarts
2242 1119 52 22 015
2322 1120 14 20 0
2353 1132 20 7 ..
2392 1121 13 20 0
2420 1120 26 21 17
2473 1120 14 19 0

1899 1144 73 23 Pitch
1985 1152 5 13 :
2023 1144 136 28 Stockholm,
2190 1153 40 20 per

2046 1172 72 22 barrel
2240 1173 15 22 2
2281 1174 14 21 0
2322 1174 13 20 0
2352 1186 21 7 ..
2390 1174 14 21 0
2431 1174 13 21 0
2472 1176 14 19 0

1899 1198 79 23 Plank
1987 1206 5 14 :
2021 1198 54 23 Port
2098 1198 130 28 Nicholson,

2046 1233 40 20 per
2096 1224 39 24 100
2144 1226 46 22 feet
2203 1241 6 6 .
2216 1242 6 5 .
2240 1228 14 20 0
2281 1228 13 21 6
2321 1228 13 20 0
2353 1240 5 7 .
2366 1240 5 7 .
2389 1229 14 19 0
2418 1228 26 21 10
2470 1230 14 19 0

1899 1251 68 23 Rice:
1980 1252 109 23 Common
2099 1260 39 20 per
2144 1257 49 18 cwt.
2204 1268 19 7 ..
2242 1256 13 19 0
2272 1256 23 19 In
2323 1256 13 19 0
2354 1268 19 5 ..
2392 1256 12 19 0
2432 1256 13 19 0
2472 1256 14 19 O

1980 1279 67 23 Good
2240 1283 14 19 0
2269 1282 25 19 15
2323 1282 13 19 0
2353 1294 19 6 ..
2390 1283 14 18 0
2431 1282 13 19 0
2470 1284 16 19 O

1899 1306 66 21 Rum:
1984 1306 23 22 P.
2018 1306 26 22 B.
2056 1306 33 26 P.,
2105 1314 38 20 per
2151 1307 77 27 gallon

2018 1334 24 21 in
2058 1334 59 21 bond
2241 1336 13 20 0
2282 1336 13 20 4
2321 1335 14 20 3
2353 1347 20 6 ..
2391 1336 13 19 0
2432 1335 14 20 0
2471 1334 15 23 0

1899 1360 87 21 Svgah:
2004 1360 119 22 Mauritius
2132 1367 40 21 per
2179 1364 50 19 cwt.
2244 1363 14 20 0
2284 1364 14 19 0
2325 1363 50 19 0..
2408 1367 55 16 none

2007 1386 80 23 Brown
2101 1387 55 21 ditto
2239 1389 12 20 0
2279 1390 14 19 0
2320 1389 13 19 0
2350 1401 20 6 ..
2387 1389 15 20 0
2429 1390 14 19 0
2470 1390 14 19 0

2007 1414 96 22 Refined
2119 1414 53 27 loaf,
2190 1422 40 20 per

2033 1440 22 22 lb
2241 1444 13 19 0
2281 1444 14 19 0
2322 1442 13 21 5
2353 1455 20 7 ..
2390 1443 14 20 0
2431 1442 13 21 0
2470 1444 16 20 6

2008 1467 96 23 Manilla
2122 1475 38 21 per
2174 1471 49 19 cwt
2241 1470 10 21 1
2280 1470 13 21 0
2320 1470 14 20 0
2352 1481 19 8 ..
2391 1469 9 20 1
2434 1470 52 21 16

1899 1494 72 22 Salt:
1987 1494 127 29 Liverpool,
2124 1503 39 19 per
2173 1499 39 18 t0n
2221 1496 33 21 .15
2282 1498 14 19 0
2322 1497 14 20 0
2353 1496 52 21 ..18
2432 1498 13 19 0
2471 1498 15 19 O

1899 1521 58 22 Soap
1965 1529 6 14 :
1999 1522 102 22 Hawes's
2124 1522 103 27 London,

2024 1557 39 19 per
2070 1552 38 19 ton
2225 1551 28 20 40
2280 1551 13 20 0
2320 1551 14 20 0
2352 1564 19 5 ..
2390 1550 13 21 0
2431 1550 13 20 0
2473 1551 13 20 0

2016 1576 117 27 Liverpool
2226 1577 26 21 35
2280 1578 14 19 0
2321 1578 15 20 0
2352 1590 20 7 ..
2390 1578 13 19 0
2431 1578 13 19 0
2473 1576 13 21 6

1899 1602 89 23 Starch
1997 1611 4 13 :
2013 1603 48 23 .Per
2068 1602 23 23 lb
2241 1605 13 20 0
2281 1606 13 19 0
2321 1604 14 21 5
2353 1618 7 6 .
2366 1618 7 6 .
2391 1605 13 20 0
2431 1605 13 19 0
2472 1605 15 20 O

1898 1629 142 22 Scantling:
2057 1630 42 22 Per
2107 1631 39 21 100
2154 1630 69 22 feet..
2242 1632 13 20 0
2282 1631 13 21 6
2323 1632 13 19 0
2353 1644 20 6 ..
2392 1632 14 19 0
2433 1631 12 21 8
2473 1633 14 19 I)

1899 1656 127 22 Shingles:
2042 1657 42 21 Per
2092 1658 60 26 1000,
2161 1658 65 21 N.Z.
2241 1659 14 19 0
2281 1659 14 20 6
2322 1659 14 19 0
2354 1671 19 6 ..
2392 1659 12 19 0
2420 1658 26 20 10
2473 1659 13 19 0

2028 1684 70 26 Ditto,
2120 1683 27 22 V.
2159 1684 29 22 D.
2202 1684 24 22 L.
2242 1686 12 18 0
2281 1686 13 20 0
2323 1685 13 19 0
2353 1698 20 5 ..
2391 1685 13 20 0
2419 1685 25 20 12
2471 1687 15 19 O

1898 1710 48 22 Tar
1953 1717 6 14 :
1975 1711 54 21 Coal
2242 1712 10 19 1
2282 1719 12 13 v
2322 1713 13 18 0
2355 1725 5 6 .
2367 1726 5 5 .
2393 1712 9 19 1
2432 1712 12 20 5
2475 1715 11 17 v

1979 1737 129 22 Stockholm
2243 1739 13 21 2
2283 1740 13 20 0
2323 1739 14 20 0
2355 1752 18 6 ..
2392 1740 13 19 0
2433 1739 12 20 0
2474 1740 13 20 0

1898 1764 61 22 Tea:
1969 1765 81 27 Hyson
2055 1764 57 26 skin,
2117 1771 39 21 per
2166 1764 64 22 chest
2243 1766 13 20 4
2282 1767 14 20 0
2322 1766 14 20 0
2353 1779 19 6 ..
2391 1767 13 19 6
2432 1766 12 20 6
2474 1765 13 20 (I

1971 1792 95 26 Congou
2242 1793 12 21 8
2282 1794 14 20 0
2322 1793 82 21 0..13
2431 1794 14 19 0
2472 1794 14 19 0

1898 1818 104 22 Todacco
2011 1826 6 14 :
2031 1818 141 27 Negrohead,
2190 1826 40 19 per

2056 1845 30 22 lb.
2100 1845 23 21 in
2140 1845 60 22 bond
2242 1847 12 20 0
2284 1847 8 21 1
2322 1847 50 20 6..
2391 1848 13 19 0
2433 1847 9 20 1
2472 1847 15 21 9

1898 1871 163 23 Turpentine:
2077 1872 146 27 Pergallon..
2242 1875 13 19 0
2283 1875 12 20 7
2322 1875 15 19 6
2355 1887 18 7 ..
2392 1874 14 20 0
2432 1874 14 20 8
2473 1875 15 18 O

1901 1898 158 22 Whalebone:
2077 1899 42 22 Per
2128 1905 38 16 ton
2230 1901 40 20 100
2284 1902 12 19 0
2324 1902 14 19 0
2356 1901 63 20 ..120
2433 1902 13 19 0
2476 1902 11 18 0

1901 1925 79 21 Wine:
1997 1923 88 30 Sherry,
2096 1933 39 20 per
2143 1934 52 19 pipe
2206 1929 49 19 ..20
2284 1929 12 20 0
2324 1929 13 19 0
2355 1928 50 20 ..40
2432 1929 13 19 0
2475 1931 12 17 l>

2007 1953 72 26 Ditto,
2095 1960 39 20 per
2147 1952 81 23 dozen.
2246 1955 6 19 1
2284 1956 13 19 0
2324 1955 14 19 0
2356 1967 5 5 .
2369 1968 4 5 .
2392 1954 13 20 2
2433 1955 13 19 0
2475 1959 12 16 o

2007 1977 59 29 Port,
2078 1987 39 21 per
2127 1979 50 28 pipe
2203 1981 50 21 ..25
2281 1983 13 19 0
2321 1983 14 19 0
2353 1981 50 21 ..40
2430 1980 14 22 0
2470 1982 15 20 0

2073 2013 40 19 per
2122 2007 49 19 doz.
2202 2021 5 4 .
2214 2020 6 5 .
2242 2009 9 17 1
2280 2009 12 18 0
2320 2009 14 17 O
2352 2020 6 5 .
2364 2021 6 4 .
2389 2009 13 17 2
2430 2008 13 17 O
2470 2009 15 17 O

2007 2030 148 29 Champagne,
2171 2031 57 22 ditto
2242 2033 12 19 0
2282 2034 12 18 0
2322 2033 14 19 0
2353 2046 20 5 ..
2390 2033 14 19 0
2432 2033 12 19 C
2473 2033 14 19 0

2007 2058 74 22 Claret
2242 2061 12 18 0
2272 2059 24 21 10
2323 2060 14 19 0
2355 2072 18 7 ..
2392 2060 13 19 0
2433 2059 12 20 0
2473 2062 14 16 (>

1900 2085 119 21 Poultry:
2034 2085 79 26 Fowls,
2120 2092 40 20 per
2167 2085 61 28 pair.
2243 2087 13 19 0
2283 2087 13 20 3
2324 2087 13 19 6
2355 2099 18 6 ..
2392 2087 13 19 0
2432 2086 12 19 5
2473 2089 14 17 O

2032 2112 85 27 Ducks,
2128 2112 56 22 ditto
2204 2127 6 5 .
2216 2127 7 6 .
2242 2115 12 19 0
2282 2113 12 20 5
2322 2114 15 19 0
2355 2126 5 5 .
2367 2126 6 7 .
2391 2114 13 19 0
2433 2113 11 20 S
2473 2115 14 18 O

2033 2139 80 26 Geese,
2124 2139 56 21 each
2204 2153 17 7 ..
2240 2141 13 20 0
2269 2140 24 20 10
2321 2139 14 21 0
2353 2153 18 6 ..
2389 2140 13 20 0
2418 2140 24 20 12
2473 2139 14 21 0

2032 2166 107 27 Turkeys,
2150 2166 57 22 each
2243 2167 8 21 1
2282 2168 13 20 0
2323 2168 13 19 0
2355 2179 18 7 ..
2393 2167 10 20 1
2432 2167 12 20 5
2473 2168 15 18 O

2033 2192 103 27 Pipcons,
2146 2193 81 27 (wild,)

2059 2226 40 21 per
2108 2220 49 27 pair
2178 2222 77 20 ....0
2282 2221 12 18 0
2323 2221 82 21 0..0
2432 2222 12 20 0
2473 2223 14 18 O

2033 2247 84 26 Ducks,
2125 2246 36 22 do.
2172 2246 53 22 do..
2242 2249 14 19 0
2282 2247 13 21 5
2324 2248 13 20 0
2355 2261 18 6 ..
2392 2249 14 19 0
2432 2249 13 19 0
2473 2249 15 19 0

1899 2274 72 22 Egos;
1990 2275 42 21 Per
2042 2275 70 20 dozen
2244 2277 12 17 0
2285 2275 9 21 1
2324 2275 15 20 6
2357 2288 17 6 ..
2393 2277 14 16 0
2433 2277 13 19 0
2474 2276 14 20 0

1899 2302 77 22 Cows:
1990 2301 72 23 Milch
2232 2303 24 20 12
2283 2303 13 20 0
2324 2303 14 19 0
2355 2303 52 21 ..20
2432 2303 13 20 0
2473 2305 16 17 O

1899 2329 96 22 Mares:
2011 2327 74 24 Brood
2229 2330 27 20 20
2282 2330 13 19 0
2323 2330 14 20 0
2355 2329 51 21 ..70
2432 2330 13 19 0
2473 2331 14 18 0

1900 2356 116 22 Working
2032 2355 132 22 Bullocks:
2188 2355 43 22 Per

1924 2383 50 27 pair
2230 2381 27 23 30
2284 2384 13 20 0
2324 2383 14 21 0
2356 2382 50 22 ..35
2433 2385 13 19 0
2474 2380 15 23 6

1900 2409 62 23 Hire
1974 2416 26 14 of
2011 2416 68 15 ditto
2086 2416 5 14 :
2108 2409 41 22 Per
2157 2409 51 27 day,
2216 2417 14 13 a

1907 2459 3 4 ,
1925 2440 60 18 team
1996 2435 46 23 and
2048 2435 95 23 driver..
2244 2439 13 19 0
2273 2437 24 21 15
2325 2438 14 18 0
2357 2451 17 5 ..
2393 2437 14 21 0
2433 2438 13 19 0
2475 2439 14 19 0

1899 2464 87 21 Sheep:
2003 2463 61 22 Each
2242 2465 13 21 0
2270 2465 25 19 15
2323 2465 15 19 0
2355 2477 19 7 ..
2394 2465 8 20 1
2432 2465 12 20 5
2473 2465 16 20 0

1899 2490 62 22 Boat
1974 2489 72 23 Hire:
2062 2487 43 24 Per
2110 2490 50 27 day,
2165 2490 65 22 with-

2090 2520 39 18 out
2138 2516 73 23 hands
2221 2533 5 6 .
2242 2519 13 20 0
2271 2519 25 21 10
2324 2519 14 19 0
2356 2531 18 6 ..
2394 2518 8 20 1
2433 2516 13 22 0
2474 2519 15 19 O

1899 2543 86 23 Wages
1991 2551 6 13 :
2026 2543 139 28 Mechanics,
2192 2551 40 21 per

2058 2571 44 27 day
2243 2573 13 19 0
2283 2573 14 20 6
2324 2573 15 19 0
2356 2585 19 7 ..
2393 2573 14 21 0
2433 2573 14 20 8
2475 2573 15 21 0

2034 2597 126 23 Labourers
2178 2600 78 20 ....0
2282 2599 14 21 3
2323 2600 83 20 0..0
2432 2599 14 21 5
2475 2601 15 20 0

1900 2625 67 22 Bark
1976 2633 4 13 :
1996 2625 30 21 N.
2038 2625 25 22 Z.
2073 2632 40 19 per
2122 2628 37 19 ton
2238 2626 13 20 3
2279 2627 13 19 0
2320 2627 13 19 0
2352 2639 18 6 ..
2388 2626 14 20 4
2429 2627 13 20 0
2470 2627 15 20 0

1901 2651 77 23 Black
1990 2652 50 22 Dte
2049 2652 46 21 :N.
2104 2651 25 23 Z.
2137 2659 41 20 per
2185 2656 38 18 ton
2238 2652 13 21 5
2278 2653 14 21 0
2320 2653 14 20 0
2352 2667 5 4 .
2364 2667 5 5 .
2388 2653 15 21 6
2429 2651 14 23 0
2473 2653 15 21 0

1900 2679 72 21 Wool
1981 2687 5 13 :
2003 2679 29 22 N.
2044 2677 24 23 Z.
2079 2686 39 19 per
2128 2679 29 22 lb.
2176 2693 44 6 ....
2239 2681 13 20 0
2279 2681 13 19 0
2320 2680 14 21 9
2353 2694 5 4 .
2366 2694 5 4 .
2390 2681 14 20 0
2433 2681 8 20 1
2472 2681 15 19 O

1899 2706 108 22 Timber:
2031 2706 28 22 N.
2081 2705 25 23 Z.
2117 2706 112 22 furniture

1925 2740 41 19 per
1978 2734 38 20 100
2027 2733 44 22 feet
2242 2734 13 21 2
2283 2735 14 20 0
2324 2734 82 21 0..2
2421 2734 25 21 10
2474 2736 15 20 0

1901 2759 124 23 Cordage:
2035 2760 92 26 English
2132 2768 40 23 per
2178 2764 50 18 cwt.
2242 2762 14 19 3
2282 2761 13 20 5
2324 2762 14 19 0
2356 2774 18 6 ..
2394 2762 13 19 0
2434 2762 13 19 0
2475 2762 16 21 0

2028 2787 62 22 N.Z.
2096 2787 94 22 without
2197 2792 34 17 tar
2243 2788 15 21 3
2284 2788 15 21 0
2326 2788 14 21 0
2359 2802 18 6 ..
2394 2789 14 20 0
2434 2785 13 26 0
2475 2790 17 20 O

1901 2814 117 21 Canvass:
2034 2821 40 20 per
2089 2815 45 21 bolt
2246 2816 7 19 1
2273 2815 25 21 15
2326 2816 15 19 0
2357 2828 21 7 ..
2394 2816 16 21 2
2434 2816 13 19 5
2475 2816 17 21 O

1901 2841 106 22 Copper:
2023 2842 102 27 sheeting
2145 2849 40 19 per
2198 2841 30 22 lb.
2244 2844 15 19 0
2286 2842 10 20 1
2326 2842 15 20 6
2358 2855 18 6 ..
2395 2844 14 19 0
2433 2843 15 20 0
2477 2844 15 19 0

2019 2868 64 23 Bolts
2244 2870 14 19 0
2286 2869 10 20 1
2326 2869 14 20 9
2358 2882 5 6 .
2371 2882 5 5 .
2394 2870 14 20 0
2434 2870 15 21 0
2478 2870 16 21 0

2018 2895 64 22 Nails
2243 2897 15 20 0
2282 2895 14 21 5
2326 2896 49 20 0..
2395 2897 14 18 0
2435 2897 15 20 6
2478 2898 16 19 O

1902 2922 79 21 Lead:
1998 2922 63 22 sheet
2070 2928 40 22 per
2120 2926 39 18 ton
2179 2921 79 23 ...,30
2283 2924 15 19 0
2326 2922 13 21 0
2359 2922 48 21 ..35
2435 2923 14 21 0
2477 2924 16 20 O

1902 2948 59 23 Iron
1971 2956 4 14 :
1987 2948 94 28 English
2091 2950 39 21 bar
2139 2957 42 19 per
2190 2955 38 16 ton
2232 2949 26 21 14
2284 2950 14 20 0
2326 2949 15 21 0
2359 2963 18 6 ..
2395 2948 14 23 0
2434 2948 15 23 0
2477 2948 17 23 0

1982 2975 161 29 Hoopperton
2227 2976 26 21 25
2281 2975 14 22 0
2322 2976 15 20 0
2359 2990 18 6 ..
2395 2978 14 20 0
2435 2978 14 19 0
2477 2973 17 24 6

1902 3003 44 22 Oil
1958 3002 78 23 Butts
2045 3010 6 14 :
2074 3003 114 22 Gordon's
2207 3010 25 15 or

2047 3030 69 22 Mills'
2124 3037 40 21 per
2173 3031 55 27 imp.

2046 3059 40 21 tun
2241 3057 14 22 3
2282 3058 14 20 0
2324 3055 14 23 d
2355 3070 18 7 ..
2392 3058 14 21 3
2421 3055 25 24 15
2476 3058 16 21 0

2136 3083 122 24 DUTIES.

1902 3112 99 22 British
2011 3112 93 22 Spirit*
2117 3127 5 6 .
2129 3127 7 6 .
2145 3126 5 7 .
2157 3127 6 5 .
2172 3123 7 10 *
2316 3112 35 20 4s.
2359 3117 40 21 per
2407 3108 84 30 gallon.

1902 3138 105 23 Foreign
2018 3138 57 23 ditto
2315 3138 34 21 ss.
2360 3144 39 21 per
2406 3137 86 27 gallon.

1901 3162 106 26 Tobacco
2016 3165 177 26 manufactured,
2320 3166 30 20 Is.
2359 3171 40 21 per
2407 3164 30 22 lb.

2015 3191 207 24 Unmanufactured
2316 3191 37 22 *Jd.
2364 3198 40 20 per
2412 3191 29 22 lb.

1902 3220 76 21 Snuff
2317 3219 32 21 2s*.
2358 3225 41 21 per
2406 3218 29 22 lb.

1902 3246 88 22 Cigars
2159 3256 74 10 <w...
2237 3255 63 11 >..*.*
2319 3246 32 21 2s.
2360 3250 40 23 per
2409 3245 30 22 lb.

1902 3272 83 23 Wines
2013 3285 115 10 ..,.....«
2243 3286 49 8 «...
2298 3273 38 20 .15
2350 3276 39 24 per
2397 3276 57 19 cent.

1902 3300 56 26 Tea,
1972 3300 85 26 Sugar,
2073 3300 89 27 Flour,

1920 3326 46 23 and
1975 3326 64 23 other
2050 3326 86 28 Grain,
2146 3328 14 21 5
2169 3334 42 20 per
2219 3331 58 18 cent.
2290 3322 5 27 I
2322 3340 26 15 mA
2379 3340 30 15 .
2435 3348 22 7 m

1902 3353 39 23 All
1950 3352 64 24 other
2023 3352 106 24 Foreign
2135 3354 145 27 productions
2289 3342 13 45 f
2320 3342 30 21 ad
2360 3342 98 22 v4lorem
2460 3357 5 6 -

1915 3380 46 23 and
1966 3380 165 23 manufactures
2141 3383 26 20 10
2172 3385 41 23 per
2220 3383 57 21 cent
2284 3376 12 32 J

2105 3408 186 24 EXCHANGE.

1903 3449 68 22 Bak*
1979 3448 52 23 bills
2040 3455 30 16 on
2080 3448 95 24 Lfcnac*
2208 3436 16 54 {
2230 3437 12 21 3
2244 3438 14 20 °
2256 3471 14 20 p
2266 3437 228 54 t^nt^i^

1903 3487 35 23 On
1948 3490 90 27 Sydney
2324 3488 73 25 Ditto.

1903 3516 89 22 Private
2003 3516 50 22 bills
2300 3514 114 26 Nominal.

1286 1143 87 46 THE
1396 1143 80 18 Nelson
1498 1143 117 20 Examiner
1637 1143 43 21 and
1701 1144 53 19 New
1777 1143 89 20 Zealand

1356 1168 111 21 Chronicle
1482 1168 125 27 (published
1617 1173 23 18 at
1650 1169 101 27 Nelson,)
1767 1170 18 21 is
1804 1177 62 21 regu-

1283 1193 54 28 larly
1357 1195 140 21 transmitted
1512 1199 23 17 to
1552 1195 143 29 Wellington,
1714 1196 45 23 and
1775 1204 51 20 may
1840 1198 26 21 be

1283 1220 40 23 had
1335 1225 22 18 at
1365 1220 39 23 the
1415 1221 63 22 office
1488 1221 26 22 of
1524 1221 45 22 this
1578 1230 74 20 paper.

1308 1248 46 22 The
1364 1250 80 19 Nelsbn
1453 1249 117 20 Examiner
1585 1250 43 21 will
1638 1250 27 22 be
1675 1250 69 22 found
1754 1257 28 15 an
1794 1250 72 23 excel-

1283 1275 45 21 lent
1336 1276 99 21 medium
1446 1276 34 21 for
1491 1275 138 23 advertisers.

1307 1308 77 22 Terms
1394 1308 35 21 for
1438 1307 38 22 the
1486 1315 73 20 paper,
1570 1311 38 19 ten
1617 1308 100 27 shillings
1730 1315 40 21 per
1778 1313 88 24 quarter

1283 1334 91 28 payable
1382 1335 24 21 in
1417 1334 107 22 advance.

1309 1366 81 22 Orders
1413 1366 35 22 for
1467 1366 37 22 the
1526 1374 69 21 paper
1617 1367 44 22 and
1684 1367 182 22 advertisements

1283 1391 99 23 received
1394 1396 23 18 at
1426 1393 37 21 the
1474 1393 70 21 Office
1556 1393 25 22 of
1594 1394 43 21 this
1646 1402 75 19 paper.

1285 1437 125 46 PLANS
1435 1436 25 21 of
1480 1436 37 22 the
1540 1437 70 22 Town
1630 1438 26 21 of
1674 1438 165 22 Wellington.

1356 1464 55 19 Plan
1434 1463 26 20 of
1467 1463 37 20 the
1516 1464 106 19 Harbour
1632 1465 25 18 of
1672 1465 53 18 Port
1744 1464 122 19 Nicholson
