2559 4050
634 315 131 32 PORT
788 316 289 40 NICHOLSON,
1100 318 261 33 SATURDAY
1382 319 242 42 MORNING,
1645 323 123 33 JUNE
1790 328 29 33 6,
1843 327 90 31 1840.

71 323 60 32 No.
155 319 43 40 9.]

2339 328 100 40 [Vol.
2461 330 29 31 I.

1192 37 102 32 THE

70 92 447 139 NEW
642 92 851 139 ZEALAND
1625 92 866 147 GAZETTE.

59 416 79 23 NEW
155 413 169 22 ZEALAND
341 411 99 21 LAND
457 410 184 21 COMPANY.

59 468 89 30 Capital,
164 466 117 29 £100,000,
296 466 26 22 in
330 467 57 20 4000
395 464 81 22 Shares
486 464 24 22 of
521 462 47 24 £25
580 463 61 28 each,

278 493 32 22 all
318 492 53 29 paid
379 499 39 20 up.

136 549 129 22 Governor:
280 546 49 23 The
338 546 66 22 Earl
415 553 27 14 of
451 544 114 23 Durham.

100 584 89 26 Deputy
200 582 129 22 Governor:
345 579 87 22 Joseph
446 579 82 27 Somes,
544 579 53 27 Esq.

285 613 114 23 Directors
407 620 7 14 :

108 641 61 24 Lord
178 641 73 28 Petre,

108 669 62 23 Hon.
181 667 92 23 Francis
282 667 91 27 Baring,
386 666 68 27 M.P.,

107 697 61 21 John
178 695 103 23 Ellorker
290 694 110 26 Boulcott,
416 693 61 28 Esq.,

108 725 60 21 John
178 723 100 21 William
289 721 92 27 Buckle,
392 721 60 28 Esq.,

107 750 89 23 Russell
205 749 77 26 Ellice,
294 748 61 28 Esq.j

107 778 76 22 James
193 776 82 23 Brodie
287 775 100 28 Gordon,
398 775 61 28 Esq.,

106 805 99 21 Thomas
214 803 66 22 Alers
290 802 106 27 Hankey,
407 803 62 28 Esq.,

107 831 100 23 William
217 830 60 22 Hutt
294 829 61 28 Esq.,
366 829 70 28 M.P.,

108 860 93 21 Stewart
211 857 162 28 Majoribanks,
386 857 60 27 Esq.,

108 886 35 21 Sir
153 884 97 23 William
261 883 152 28 Molesworth,
424 885 69 27 Bart.,
504 883 69 28 M.P.,

108 912 131 22 Alexander
247 911 80 27 Nairn,
339 911 61 28 Esq.,

108 939 61 22 John
179 939 66 26 Pirie,
256 938 61 27 Esq.,
330 938 130 27 Alderman,
653 936 2 24 i

109 967 34 21 Sir
154 966 87 26 George
251 965 102 26 Sinclair,
364 965 70 26 Bart.,
446 965 69 27 M.P.,
653 970 2 18 I

108 993 61 22 John
179 992 60 22 Abel
248 991 79 28 Smith,
339 991 60 28 Esq.,
412 991 68 28 M.P.,

108 1020 59 21 Wm.
177 1019 137 27 Thompson,
326 1019 61 27 Esq.,
397 1017 132 28 Alderman,
541 1018 70 27 M.P.,

109 1048 35 21 Sir
153 1047 79 26 Henry
242 1045 79 28 Webb,
333 1045 69 28 Bart.,

109 1074 85 22 Arthur
203 1072 79 27 Willis,
294 1072 61 27 Esq.,

110 1101 86 27 George
207 1099 118 22 Frederick
337 1102 88 25 Young,
436 1099 53 28 Esq.

166 1136 118 24 Secretary
290 1141 6 14 :
312 1134 63 22 John
385 1133 82 28 Ward,
479 1133 54 28 Esq.

56 1195 159 25 rnHEomain
224 1194 97 23 features
329 1194 27 22 of
361 1194 38 22 the
407 1196 83 26 system
498 1194 26 22 of
530 1194 112 22 coloniza-

63 1217 53 30 Jt-»
129 1222 46 23 tiCn
186 1221 96 28 adopted
291 1222 30 26 by
331 1221 40 22 the
383 1222 121 27 Company,
521 1229 45 19 are,
568 1234 31 4 —
601 1223 38 25 Ist,

56 1251 37 22 the
103 1250 45 23 sale
158 1250 25 21 of
192 1249 71 27 lands,
279 1251 23 20 at
315 1255 30 15 an
359 1248 98 23 uniform
472 1248 45 23 and
531 1248 111 23 sufficient

55 1278 72 27 price;
146 1276 43 23 and
203 1276 76 26 2ndly,
294 1275 39 22 the
348 1275 152 28 employment
515 1276 26 21 of
554 1282 13 15 a
581 1275 60 27 large

54 1304 90 28 portion
153 1304 25 21 of
184 1303 37 22 the
229 1302 209 28 purchase-money,
450 1309 23 15 as
484 1309 27 15 an
523 1302 118 27 Immigra-

54 1332 47 21 tion
111 1330 73 23 Fund.
213 1330 27 21 In
250 1330 63 23 these
322 1332 104 24 respects,
441 1328 38 23 the
488 1329 121 27 principles
618 1330 27 21 of

53 1357 71 23 South
136 1356 114 23 Australia
264 1356 57 21 have
336 1356 56 21 been
408 1355 103 22 followed
524 1363 24 15 as
562 1357 79 27 nearly

52 1392 25 15 os
95 1384 172 22 circumstances
281 1382 80 28 would,
381 1382 25 22 in
420 1382 38 22 the
475 1386 92 24 present
583 1390 56 22 case,

53 1410 88 29 permit.

78 1445 48 21 The
140 1443 71 28 grand
227 1443 74 26 object
314 1442 27 22 of
355 1442 38 23 the
408 1450 56 21 new,
479 1450 24 15 or
515 1443 124 31 improved,

53 1476 82 23 system
146 1471 25 21 of
182 1470 37 21 the
229 1469 96 28 disposal
340 1470 27 22 of
382 1470 97 22 colonial
493 1470 73 28 lands,
582 1472 19 22 is
618 1476 23 18 to

51 1498 99 27 regulate
164 1497 38 22 the
216 1497 81 27 supply
312 1497 26 21 of
354 1504 51 15 new
418 1497 61 26 land,
495 1498 31 32 by
542 1499 39 22 tlifc
594 1499 47 23 real

52 1529 69 19 wants
134 1523 25 23 of
171 1523 38 23 the
225 1523 118 27 Colonists,
359 1531 24 15 so
399 1523 49 23 that
461 1525 38 21 the
510 1519 59 28 land
579 1527 62 22 .shall

52 1560 67 15 never
136 1551 27 22 be
183 1551 70 21 either
272 1551 189 28 superabundant,
482 1559 26 15 or
527 1553 112 28 deficient,

51 1579 71 23 cither
136 1581 37 19 too
190 1577 77 27 cheap,
286 1585 25 14 or
329 1581 38 19 too
385 1579 60 21 dear.
483 1579 24 22 It
523 1578 42 24 has
583 1580 58 23 been

52 1607 75 22 shown
136 1605 49 22 that
193 1605 39 21 the
242 1607 44 19 due
298 1606 130 27 proportion
442 1605 104 24 between
561 1608 80 27 x>eople

52 1633 44 22 and
102 1632 54 22 land
162 1632 85 27 maybe
256 1632 127 27 constantly
389 1633 93 21 secured
489 1633 30 28 by
525 1633 116 24 abandon-

51 1661 38 26 ing
98 1660 37 22 the
146 1659 37 22 old
193 1662 84 25 system
288 1659 25 21 of
324 1666 97 20 grants,
432 1660 45 22 and
487 1661 115 28 requiring
612 1669 28 14 an

51 1687 97 22 uniform
157 1687 61 27 price
228 1693 40 21 per
277 1692 57 21 acre,
350 1686 35 22 for
395 1686 29 22 all
433 1694 50 15 new
492 1687 72 27 lands,
576 1689 65 21 with-

52 1716 39 20 out
100 1713 124 28 exception.
253 1713 27 21 If
290 1712 38 22 the
338 1713 61 28 price
409 1713 28 22 be
452 1716 40 20 not
505 1717 38 19 too
557 1708 51 34 low,
623 1715 18 22 it

51 1741 72 22 deters
133 1740 136 28 speculators
277 1739 59 23 from
351 1740 117 29 obtaining
481 1741 62 28 land,
559 1742 54 22 with
627 1749 14 15 a

49 1768 57 21 view
116 1770 22 19 to
147 1767 90 27 leaving
246 1766 59 22 their
312 1770 108 25 property
428 1768 24 21 in
462 1775 14 14 a
486 1768 76 22 desert
575 1772 64 24 state,

49 1794 45 22 and
108 1794 52 22 thus
172 1796 107 26 prevents
288 1793 110 28 injurious
407 1794 124 28 dispersion
537 1803 6 20 ;
559 1795 18 22 it
586 1796 53 28 also,

48 1821 31 28 by
89 1821 136 28 compelling
232 1828 68 19 every
306 1821 105 22 labourer
419 1824 22 19 to
449 1822 60 22 work
517 1822 35 22 for
559 1829 80 21 wages,

48 1849 58 21 until
117 1848 28 22 he
153 1847 42 23 has
204 1847 69 23 saved
286 1847 38 22 the
335 1849 53 26 only
399 1856 78 15 means
487 1849 27 22 of
524 1850 117 26 obtaining

48 1875 60 27 land,
120 1875 87 22 insures
221 1882 13 14 a
248 1874 83 29 supply
345 1875 27 21 of
381 1875 80 22 labour
474 1876 36 21 for
524 1876 55 22 hire.
609 1875 29 29 If]

49 1910 29 13 on
87 1902 40 21 the
138 1901 63 22 other
209 1901 69 28 hand,
294 1901 38 22 the
342 1902 61 27 price
411 1902 29 22 be
450 1906 40 18 not
499 1906 37 19 too
546 1903 62 28 high,
622 1904 19 22 it

49 1929 87 22 neither
145 1929 100 22 confines
255 1927 39 23 the
304 1929 87 22 settlers
406 1929 76 22 within
497 1937 14 14 a
525 1937 66 20 space
606 1931 35 22 in-

49 1955 160 28 conveniently
224 1962 94 21 narrow,
334 1963 43 14 nor
392 1955 54 23 does
459 1957 18 21 it
492 1960 96 23 prevent
602 1958 37 21 the

49 1983 78 27 thrifty
141 1983 104 22 labourer
258 1982 59 21 from
331 1982 122 27 becoming
465 1991 14 14 a
489 1984 149 28 land-owner,

49 2010 58 21 aftw
117 2009 100 25 working
227 2016 61 15 some
299 2009 53 21 time
363 2009 35 21 for
407 2016 80 19 wages.

79 2035 20 20 A
116 2034 117 26 sufficient,
250 2034 43 21 but
310 2038 40 18 not
369 2042 62 14 more
451 2035 54 21 than
525 2035 112 22 sufficient

48 2060 61 28 price
120 2061 35 21 for
167 2060 30 21 all
209 2067 51 15 new
273 2060 62 27 land,
351 2061 19 21 is
385 2061 38 21 the
439 2062 60 21 main
514 2063 87 20 feature
615 2063 27 21 of

50 2087 37 21 the
106 2094 49 15 new
171 2089 82 24 system
269 2087 29 24 of,
311 2087 157 23 colonization.
501 2088 23 22 It
540 2089 99 21 obviates

49 2122 68 18 every
128 2114 85 27 species
228 2113 25 22 of
267 2113 102 28 bondage
376 2121 5 18 ;
400 2113 32 28 by
446 2115 119 27 providing
580 2123 60 14 com-

49 2141 89 22 binable
147 2140 85 27 labour,
243 2140 19 21 it
270 2140 93 22 renders
371 2140 102 29 industry
481 2150 54 20 very
545 2142 95 27 produc-

49 2168 51 26 tive,
113 2167 44 22 aud
166 2167 121 22 maintains
297 2167 55 22 both
362 2167 53 27 high
430 2176 79 20 wages,
527 2169 46 21 and
586 2169 54 28 high

49 2195 89 28 profits;
159 2195 19 21 it
193 2193 77 23 makes
290 2193 37 23 the
346 2194 81 28 colony
444 2202 23 15 as
483 2196 117 21 attractive
616 2204 25 14 as

49 2221 102 28 possible,
166 2221 56 21 both
237 2224 24 18 to
276 2221 121 28 capitalists
413 2221 45 23 and
472 2225 23 19 to
510 2223 115 22 labourers
634 2231 5 19 ;

49 2249 45 21 and
103 2252 41 18 not
152 2247 85 28 merely
247 2251 23 17 to
280 2247 69 28 these,
364 2249 41 21 but
414 2249 53 27 also,
477 2249 31 28 by
517 2249 125 27 bestowing

49 2283 29 14 on
93 2275 38 22 the
142 2275 86 26 colony,
247 2274 38 22 the
296 2275 73 22 better
383 2275 117 23 attributes
516 2277 26 21 of
559 2284 29 14 an
604 2277 37 22 old

49 2303 90 26 society,
150 2304 23 19 to
181 2301 63 22 those
253 2301 48 22 who
310 2302 57 22 have
375 2310 14 14 a
395 2302 91 22 distaste
493 2303 35 22 for
535 2303 61 22 what
601 2304 41 22 has

49 2329 124 22 heretofore
183 2328 57 22 been
251 2328 38 22 the
302 2329 114 27 primitive
427 2330 115 22 condition
552 2331 28 22 of
589 2337 53 16 new

46 2356 106 22 oolonies.

75 2383 47 22 The
132 2384 63 26 great
204 2383 75 27 object
289 2383 24 21 of
324 2382 40 23 the
371 2383 62 28 price
442 2383 19 23 is
473 2387 23 20 to
511 2391 77 16 secure
602 2383 39 24 the

49 2413 59 18 most
116 2409 107 22 desirable
232 2411 143 26 proportions
384 2411 100 22 between
499 2412 81 27 people
595 2411 46 23 and

49 2437 54 22 land
108 2445 5 19 ;
129 2437 40 22 but
179 2436 37 22 the
225 2437 55 27 plan
290 2436 41 23 has
340 2437 38 22 the
385 2437 87 23 further
478 2439 71 22 result
556 2439 29 22 of
588 2446 52 20 pro-

49 2464 83 27 ducing
141 2471 12 14 a
164 2471 104 19 revenue,
286 2464 73 22 which
374 2464 44 22 will
434 2469 40 18 not
489 2465 56 28 only
559 2466 81 28 supply

48 2491 38 21 the
98 2491 104 27 requisite
216 2491 68 27 profit
297 2493 23 20 to
336 2491 37 22 the
389 2492 155 23 shareholders
559 2493 26 22 of
600 2493 39 22 the

49 2518 120 31 Company,
193 2518 42 21 but
258 2517 112 23 furnishes
392 2518 39 23 the
453 2527 79 14 means
549 2520 36 22 for
608 2527 31 14 an

50 2544 154 28 Immigration
214 2545 73 27 Fund,
289 2557 30 5 —
320 2552 14 14 a
340 2545 57 22 fund
406 2546 127 28 constantly
541 2546 98 28 applica-

48 2571 36 22 ble
101 2574 23 19 to
139 2571 38 22 the
192 2579 97 20 purpose
305 2572 27 21 of
343 2572 106 28 bringing
463 2574 80 21 labour
560 2578 23 17 to
599 2574 39 22 the

48 2598 81 27 colony
129 2611 30 4 —
161 2598 48 22 that
221 2598 26 28 is,
265 2599 25 21 in
307 2599 93 27 causing
416 2600 38 23 the
470 2600 51 23 best
539 2608 56 15 sort
614 2600 29 22 of

47 2625 148 22 colonization
206 2628 22 19 to
238 2626 97 31 proceed
344 2629 23 19 at
378 2626 38 23 the
429 2630 98 24 greatest
539 2628 97 27 possible

47 2655 54 19 rate.
129 2652 56 23 And
190 2652 43 23 this
240 2660 20 14 is
267 2652 38 23 the
313 2653 84 22 second
406 2654 85 23 feature
502 2655 28 22 of
540 2654 38 23 the
587 2662 51 15 new

47 2682 89 24 system.

73 2706 49 22 The
132 2706 153 28 employment
293 2707 27 22 of
334 2707 39 22 the
387 2708 210 28 purchase-money,
614 2716 25 15 or

47 2732 38 23 the
93 2734 109 27 principal
212 2736 50 24 part
272 2734 25 21 of
307 2734 25 26 it,
341 2734 25 22 in
377 2736 126 27 conveying
512 2737 87 21 settlers
613 2739 24 18 to

48 2759 36 22 the
94 2760 88 28 colony,
192 2760 41 22 has
243 2760 38 22 the
291 2760 116 29 following
414 2762 84 23 effects.
527 2763 24 21 It
561 2763 77 22 makes

47 2786 37 22 the
98 2787 132 27 purchasers
246 2788 26 21 of
286 2786 55 23 land
355 2796 37 15 see
406 2789 93 27 plainly,
515 2790 51 21 that
580 2789 59 22 their

47 2820 82 21 money
138 2814 46 21 will
192 2814 28 21 be
229 2814 108 22 returned
347 2815 23 22 in
384 2815 38 22 the
436 2816 69 28 shape
518 2816 27 22 of
558 2816 80 22 labour

47 2840 44 21 and
100 2840 137 28 population.
267 2841 23 22 It
298 2841 73 28 tends,
386 2842 25 23 in
420 2842 52 28 fact,
487 2846 25 19 to
521 2843 68 22 lower
599 2843 38 22 the

46 2873 118 21 necessary
183 2867 106 22 standard
308 2868 26 21 of
350 2868 68 27 price,
434 2870 102 27 because,
556 2870 53 21 with
624 2877 14 14 a

46 2896 104 20 constant
159 2894 73 21 influx
242 2894 26 21 of
279 2894 79 28 people
367 2898 24 19 to
400 2896 38 21 the
449 2896 88 27 colony,
546 2896 39 22 the
594 2897 44 22 due

45 2921 130 27 proportion
180 2920 102 22 between
289 2921 79 27 people
376 2922 46 21 and
427 2922 54 23 land
487 2930 54 20 may
547 2923 29 22 be
583 2923 55 27 kept

46 2954 30 20 up
84 2948 31 26 by
126 2955 13 14 a
146 2947 70 22 lower
224 2947 67 27 price,
305 2947 55 22 than
369 2948 24 22 if
402 2948 62 23 there
474 2957 58 14 were
541 2957 30 14 no
581 2950 56 21 such

46 2974 151 28 immigration
203 2990 5 5 .
225 2974 27 21 It
261 2974 113 23 therefore
379 2975 130 23 diminishes
517 2976 38 22 the
561 2976 78 28 period

48 3000 79 29 during
136 3001 75 22 which
219 3000 39 23 the
267 3001 104 22 labourer
385 3005 61 19 must
457 3003 62 22 work
533 3003 35 22 for
581 3002 56 28 hire-,

47 3028 45 21 and
101 3028 29 28 by
140 3028 39 22 the
192 3028 64 27 rapid
270 3036 103 20 progress
387 3029 74 22 which
474 3030 19 21 it
507 3030 93 28 imparts
614 3033 24 18 to

47 3054 37 22 the
93 3055 49 22 best
151 3058 47 19 sort
206 3056 27 21 of
244 3055 156 28 colonization,
416 3056 19 22 it
449 3056 103 29 explains
567 3059 23 20 to
599 3056 42 23 the

48 3080 116 29 labouring
174 3082 55 22 class
240 3083 27 21 of
272 3082 148 28 immigrants,
431 3083 49 22 that
489 3091 68 20 every
564 3091 43 15 one
616 3084 26 21 of

49 3107 61 22 them
122 3108 50 22 who
187 3109 19 22 is
220 3109 138 23 industrious
375 3111 46 22 and
436 3110 86 28 thrifty,
540 3118 53 20 may
608 3111 29 22 be

47 3141 51 14 sure
107 3137 22 18 to
138 3134 93 22 become
243 3139 41 18 not
298 3136 85 28 merely
399 3145 29 14 an
442 3145 77 15 owner
534 3138 27 21 of
575 3138 61 26 land,

48 3160 41 21 but
105 3160 45 22 also
167 3160 23 22 in
209 3161 35 22 his
263 3164 59 24 turn,
344 3171 29 14 an
394 3165 116 27 employer
527 3165 30 21 of
573 3164 64 23 hired

47 3186 122 27 labourers,
181 3194 13 14 a
202 3190 83 19 master
295 3189 26 21 of
331 3194 108 19 servants.

75 3214 67 21 From
152 3213 62 22 these
225 3214 181 30 considerations,
422 3218 37 22 the
470 3218 117 28 Company
595 3219 42 21 has

48 3240 97 28 adopted
164 3240 38 22 the
218 3247 62 16 same
297 3245 82 23 system
396 3244 27 21 of
437 3244 115 28 disposing
567 3245 28 22 of
607 3246 30 22 its

49 3270 67 19 waste
127 3267 72 27 lands,
215 3274 25 15 as
255 3267 41 22 has
311 3268 91 28 already
414 3272 85 26 proved
512 3272 79 28 highly
603 3272 34 22 fa-

48 3294 105 22 vourable
169 3297 22 19 to
206 3293 39 23 the
258 3294 182 28 productiveness
454 3298 26 21 of
495 3298 104 28 industry
612 3300 25 21 in

48 3320 70 23 South
128 3320 121 23 Australia.
280 3320 28 23 In
318 3329 14 14 a
343 3329 49 15 new
403 3323 86 28 colony,
505 3326 93 26 planted
611 3326 25 22 in

49 3354 12 13 a
71 3347 70 22 fertile
152 3348 46 21 and
213 3348 115 22 extensive
345 3348 108 30 territory,
469 3351 20 21 it
501 3352 20 21 is
536 3352 99 29 obvious,

49 3373 48 22 that
115 3374 37 23 the
169 3374 171 23 establishment
354 3376 26 21 of
396 3376 55 22 such
465 3384 14 14 a
493 3381 83 23 system
590 3380 20 21 is
625 3388 14 13 a

50 3404 79 19 matter
145 3402 27 21 of
188 3402 39 22 the
244 3402 92 28 deepest
352 3406 102 19 moment
469 3406 24 19 to
510 3404 38 22 the
564 3405 74 23 fiiture

50 3428 86 22 welfare
148 3428 26 23 of
186 3429 93 27 society.
413 3429 19 22 it
446 3429 37 23 the
498 3430 50 23 best
563 3432 75 22 effects

51 3460 50 21 may
110 3455 52 22 with
173 3455 130 23 confidence
313 3456 29 22 be
351 3456 136 27 anticipated
494 3464 6 14 :
515 3465 14 14 a
536 3462 104 19 constant

51 3481 43 21 and
102 3482 88 27 regular
199 3482 81 28 supply
290 3482 27 23 of
327 3489 51 16 new
387 3482 55 23 land
451 3483 23 22 in
490 3483 43 22 due
547 3491 93 22 propor-

47 3507 46 22 tion
102 3510 23 21 to
134 3508 39 23 the
190 3512 73 19 wants
273 3510 25 21 of
309 3517 13 14 a
330 3510 131 28 population
473 3510 127 29 increasing
610 3512 32 28 by

47 3533 69 24 births
125 3536 47 22 and
183 3536 154 27 immigration
343 3545 5 19 ;
367 3536 31 23 all
413 3536 38 23 the
466 3536 136 28 advantages
616 3541 24 19 to

48 3561 71 22 which
127 3562 103 24 facilities
240 3564 27 21 of
277 3566 113 26 transport
397 3563 45 23 and
449 3564 190 23 communication

48 3594 37 15 are
95 3589 102 22 essential
204 3598 5 18 ;
227 3590 113 27 certainty
352 3590 26 23 of
388 3590 76 28 limits,
481 3590 46 22 and
543 3594 97 25 security

48 3614 25 21 of
85 3614 46 23 title
141 3619 24 19 to
174 3620 105 24 property
288 3617 24 22 in
326 3617 55 22 land
388 3625 5 19 ;
409 3618 38 21 the
456 3620 99 24 greatest
567 3617 72 23 facili-

46 3641 41 22 ties
97 3649 28 14 on
135 3643 118 28 acquiring
261 3644 38 22 the
311 3644 43 23 due
364 3644 104 28 quantity
474 3652 6 20 ;
496 3644 38 22 the
544 3648 98 23 greatest

47 3674 189 22 encouragement
248 3674 24 18 to
279 3671 153 27 immigration
444 3671 46 22 and
499 3671 141 27 settlement;

47 3694 45 23 and
106 3695 37 22 the
158 3700 58 19 most
228 3697 65 28 rapid
308 3705 104 21 progress
426 3698 25 23 of
467 3698 39 22 the
521 3698 80 28 people
614 3698 25 23 in

46 3722 101 22 material
157 3723 96 22 comfort
261 3724 46 23 and
316 3726 69 22 social

72 3754 48 23 The
131 3755 65 23 Land
205 3757 72 22 Office
293 3758 36 22 for
345 3758 62 22 Sales
422 3757 46 23 and
484 3757 118 23 Transfers
620 3758 19 21 is

46 3787 52 15 now
108 3788 56 21 open
174 3786 24 18 at
211 3783 56 23 Port
281 3785 133 28 Nicholson,
430 3785 47 22 and
494 3785 39 22 the
549 3785 55 22 land
620 3785 19 21 is

46 3808 50 20 sold
101 3808 23 21 in
132 3810 96 22 sections
235 3810 26 22 of
271 3813 41 20 100
319 3818 62 16 acres
389 3812 62 27 each,
460 3811 62 23 atiSl
531 3819 40 20 per
578 3818 59 16 acre.

45 3833 48 23 The
108 3835 124 28 advantage
246 3837 26 21 of
286 3839 135 26 purchasing
436 3838 78 22 before
534 3838 39 22 the
588 3845 49 15 sur-

45 3867 55 21 veys
110 3868 36 14 are
156 3862 23 21 in
191 3870 13 14 a
218 3864 135 28 sufficiently
362 3865 96 23 forward
467 3868 57 19 state
538 3868 23 19 to
571 3865 66 22 allow

46 3886 26 22 of
84 3887 128 24 immediate
226 3890 114 27 selection,
356 3891 26 28 is,
398 3891 49 23 that
460 3891 38 23 the
508 3892 94 28 priority
612 3892 26 22 of

46 3913 75 23 choice
140 3915 19 21 is
176 3917 93 22 secured
282 3917 24 23 in
324 3918 38 22 the
382 3919 64 21 order
464 3918 24 22 in
503 3918 73 24 which
595 3919 39 22 the

45 3940 139 25 registration
195 3950 13 14 o
232 3944 37 22 the
278 3945 109 26 purchase
397 3946 19 21 is
425 3945 74 23 made.

73 3968 51 23 Port
134 3968 130 31 Nicholson;
279 3971 62 28 April
354 3973 31 26 14,
395 3973 61 22 TBIO.
647 3973 6 14 >

714 411 114 21 UNION
842 412 100 20 BANK
957 412 45 22 OF
1015 413 221 22 AUSTRALIA.

677 443 96 23 London
792 445 92 28 Office,
900 445 44 22 No.
961 446 34 27 38,
1015 446 51 22 Old
1081 446 185 24 Broad-street.

731 497 94 29 Capital,
836 498 123 29 £500,000;
978 499 54 28 paid
1041 507 37 21 up,
1239 514 9 6 -

908 553 127 22 Directors:

731 577 90 29 George
830 578 49 23 Fife
889 578 86 28 Angas,
987 580 62 28 Esq.,
1066 584 3 3 '

730 605 88 22 Robert
826 605 93 28 Brooks,
931 606 61 32 Esq.,

730 631 78 22 James
818 632 62 22 John
889 633 124 27 Cummins,
1024 634 61 28 Esq..

729 658 88 22 Robert
826 659 122 28 Gardener,
961 660 60 28 Esq.,
1033 660 151 28 Manchester,

730 685 62 22 John
804 686 66 27 Gore,
882 686 61 28 Esq.,

730 711 92 23 Charles
832 713 108 27 Hindley,
952 713 60 27 Esq.,
1024 714 69 27 M.P.,

729 739 120 27 Benjamin
860 739 26 22 E.
898 739 80 28 Lmdo,
986 740 61 28 Esq.,

730 765 92 22 Charles
833 765 96 22 Edward
935 766 112 28 Mangles,
1059 766 61 28 Esq.,

729 792 145 27 Christopher
883 793 104 27 Rawson,
999 793 60 28 Esq.,
1070 793 100 29 Halifax,

729 819 99 22 Thomas
839 819 77 28 Sands,
928 819 61 28 Esq.,
1000 820 126 28 Liverpool,

730 845 78 22 James
818 845 70 28 Bogle
898 846 79 27 Smith,
986 847 62 27 Esq.,

730 873 78 22 James
818 872 97 23 Ruddell
923 873 72 28 Todd,
1005 873 54 29 Esq.

674 906 106 22 Trustees
788 914 5 14 :
818 907 99 22 George
933 907 66 23 Carr
1023 907 73 28 Glyn,
1120 907 60 29 Esq.,
1203 908 64 22 John

712 934 75 27 Gore,
799 934 59 28 Esq.,
875 934 46 22 and
929 934 76 23 James
1016 935 22 22 J.
1050 935 115 27 Cummins,
1176 935 54 28 Esq.

675 967 115 22 Bankers:
816 967 91 23 Messrs.
931 968 75 27 Glyn,
1031 968 129 28 Hallifax,
1181 969 86 27 Mills,

922 994 47 22 and
982 996 39 21 Co.

759 1028 117 27 Secretary
884 1036 6 14 :
907 1029 94 22 Samuel
1012 1029 109 28 Jackson,
1131 1030 54 28 Esq.

712 1061 103 23 Colonial
825 1062 116 28 Inspector
949 1071 5 13 :
970 1063 22 22 J.
1003 1063 26 23 C.
1039 1063 123 28 M'Laren,
1177 1064 53 28 Esq.

799 1116 68 21 New
886 1116 124 22 Zealand
1028 1118 114 21 Branch.

675 1149 68 22 Local
752 1149 116 23 Directors
875 1158 6 14 :
898 1150 59 22 Geo.
968 1151 22 22 S.
1001 1151 83 28 Evans,
1100 1152 61 27 Esq.,
1173 1152 94 27 D.C.L.,

738 1175 64 23 Edw.
812 1177 75 23 Betts
897 1177 104 28 Hopper,
1013 1179 60 27 Esq.,
1088 1179 45 22 and
1143 1179 59 23 Geo.

886 1204 109 28 Hunter,
1006 1205 54 28 Esq.

674 1236 112 28 Manager
794 1245 5 14 :
816 1237 63 22 John
890 1238 83 28 Smith,
985 1238 60 28 Esq.,
1060 1238 45 23 late
1116 1239 26 22 of
1153 1240 38 21 the
1202 1240 66 22 Com-

724 1264 93 22 mercial
826 1264 66 23 Bank
902 1265 26 22 of
940 1265 112 28 England,
1063 1266 153 23 Manchester.

785 1298 115 23 Branches
910 1302 23 19 at
949 1299 97 28 Sydney,

950 1326 89 22 Hobart
1047 1327 76 27 Town,

952 1353 148 28 Launceston,
1112 1354 45 22 and

950 1380 54 22 Port
1013 1381 80 27 Philip.

673 1413 55 22 Port
735 1413 133 29 Nicholson,
879 1414 82 22 March
970 1415 34 25 24,
1016 1415 61 22 1810.

674 1467 92 49 THE
783 1467 115 23 Directors
915 1468 26 21 of
957 1468 46 31 thc_
1013 1468 56 22 New
1084 1468 102 22 Zealand
1200 1469 67 22 Land

661 1516 2 11 1
749 1495 118 27 Company
881 1494 85 28 hereby
982 1494 51 28 give
1049 1495 81 27 notice,
1148 1496 50 22 tliat
1213 1496 53 27 they

661 1528 2 19 j
672 1520 58 22 have
738 1529 113 15 EFFECTED
862 1529 30 14 AN
903 1529 172 15 ARRANGEMENT
1082 1523 54 21 with
1143 1522 38 22 the
1190 1523 75 22 Ullioil

672 1548 66 22 Bank
752 1548 27 22 of
795 1548 120 27 Australia,
933 1548 45 22 No.
994 1550 34 26 38,
1044 1549 44 22 Old
1104 1548 160 27 Broad-street,

673 1574 103 28 London,
787 1575 35 21 for
832 1575 36 21 the
882 1575 170 22 establishment
1064 1576 26 22 of
1104 1583 13 15 a
1134 1576 131 22 BRANCH

672 1602 90 22 BANK
776 1602 35 22 IN
827 1601 74 23 NEW
913 1602 159 28 ZEALAND,
1085 1603 98 28 through
1192 1603 77 23 which

672 1628 38 22 the
720 1629 101 21 business
835 1629 27 21 of
874 1629 38 21 the
930 1629 58 23 New
1004 1629 100 23 Zealand
1118 1629 65 23 Land
1200 1631 66 21 Com-

672 1662 60 21 pany
741 1656 46 21 will
795 1656 30 22 be
834 1656 135 22 transacted.
997 1656 49 22 The
1060 1656 116 22 Directors
1192 1657 74 22 there-

672 1683 47 21 fore
729 1683 146 21 recommend
884 1687 23 18 to
924 1683 111 22 Colonists
1051 1683 38 22 the
1105 1683 78 23 Union
1199 1684 66 22 Bank

672 1709 26 22 of
717 1709 115 23 Australia
848 1717 30 15 as-
892 1717 28 15 an
947 1709 170 23 establishment
1138 1711 128 27 possessing

673 1736 57 22 their
747 1736 70 22 entire
839 1737 141 27 confidence,
999 1736 45 23 and
1062 1737 50 22 able
1131 1741 23 17 to
1173 1737 92 26 provide

672 1763 127 27 effectually
815 1763 34 23 for
865 1763 39 23 the
917 1763 108 23 financial
1039 1767 70 19 wants
1126 1764 26 22 of
1163 1763 38 23 the
1218 1764 49 22 first

672 1790 135 22 settlement.

841 1817 36 28 By
887 1817 66 22 order
962 1817 27 22 of
999 1817 37 23 the
1046 1817 80 28 Board,

919 1851 87 22 JOHN
1020 1850 104 30 WARD-,
1141 1852 129 28 Secretary-

672 1883 56 23 New
738 1884 99 22 Zealand
847 1885 66 22 Land
922 1885 136 28 Company^
1069 1885 78 28 Office,

698 1913 20 25 1,
729 1911 162 28 Adam-street,
902 1911 109 28 Adelphi;
1018 1912 52 22 27th
1081 1913 68 26 Aug.,
1162 1914 61 21 1539.

869 1966 200 22 SEMINARY.

670 1998 94 47 MR.
785 1998 106 23 GRACE
909 1999 91 22 intends
1022 2002 22 19 to
1067 2007 58 20 open
1148 2008 14 14 a
1186 2000 79 23 Public

762 2025 82 20 School
855 2025 44 20 and
908 2026 115 25 Boarding
1036 2026 187 26 Establishment;
1234 2035 31 14 .na

670 2050 62 27 early
748 2057 24 15 as
788 2051 97 27 possible
902 2050 56 22 after
976 2051 37 22 the
1035 2052 130 22 settlement
1181 2052 25 21 of
1225 2052 37 21 the

670 2076 111 28 township
797 2080 23 19 at
839 2077 132 22 Thorndon.
1011 2078 29 21 In
1054 2078 93 27 making
1162 2078 45 23 this
1224 2086 41 14 an-

662 2107 160 28 nouncement
829 2106 22 19 to
860 2104 36 21 the
905 2104 145 28 community,
1058 2104 45 22 Mr.
1110 2105 28 21 G.
1147 2104 115 23 considers

670 2130 18 21 it
696 2129 36 22 Ms
741 2130 56 27 duty
806 2133 24 19 to
831 2140 2 4 1
838 2134 57 18 state
905 2130 49 22 that
969 2131 24 21 in
1009 2130 38 23 the
1063 2135 161 23 management
1240 2132 27 22 of

671 2157 44 21 this
724 2157 124 27 Seminary,
866 2157 30 22 he
905 2157 47 22 will
963 2158 126 28 constantly
1100 2158 129 22 endeavour
1241 2162 22 19 to

671 2183 26 22 fit
705 2183 71 27 youth
786 2184 34 21 for
828 2184 40 22 the
877 2184 101 22 business
988 2184 27 22 of
1025 2184 38 23 life
1070 2193 6 19 ;
1092 2185 46 22 and
1147 2188 23 19 to
1176 2185 88 23 furnish

671 2210 68 22 those-
744 2210 109 23 intended
862 2211 35 22 for
906 2210 43 23 the-
1058 2212 136 27 professions
1210 2212 58 23 with,

672 2237 37 22 the
725 2237 134 22 instruction
875 2241 145 25 preparatory
1036 2242 23 18 to
1075 2246 14 15 a
1102 2246 67 15 more'
1180 2238 85 29 profes-

672 2264 71 22 sional
760 2264 127 23 education.
919 2265 45 22 His
980 2264 49 23 first
1044 2266 74 26 object
1134 2266 46 22 will
1196 2267 28 21 be
1241 2270 22 18 to

672 2291 67 22 make
750 2291 63 22 them
828 2292 51 21 well
895 2292 139 28 acquainted:
1045 2292 55 22 with
1114 2292 39 23 the
1169 2293 96 27 English

672 2318 118 27 language,
811 2318 54 23 with
886 2318 28 23 its
934 2318 151 29 orthography
1104 2319 46 23 and
1174 2324 89 24 syntax,

673 2345 46 22 and
746 2345 54 22 with
827 2345 38 22 the
891 2346 108 27 meaning
1023 2346 49 22 and-
1093 2346 126 23 derivation
1242 2348 25 21 of

672 2371 80 23 words.
788 2372 44 23 For
846 2372 45 22 this
906 2380 103 20 purpose,
1033 2373 37 22 the
1084 2373 75 28 pupils
1176 2374 45 22 will
1234 2374 29 23 be

672 2398 134 28 questioned
814 2407 61 20 upon
885 2407 68 20 every
963 2400 65 27 tiling
1042 2400 74 22 which
1133 2400 53 28 they
1201 2401 61 28 read,

672 2426 45 22 and
727 2426 103 28 required
840 2430 23 19 to
873 2430 56 19 state
938 2426 59 23 their
1011 2427 143 25 conceptions
1170 2428 26 21 of
1206 2428 19 22 it
1238 2428 25 23 in

671 2452 59 23 their
740 2460 51 15 own
799 2453 123 28 language-
948 2454 19 22 A'
979 2454 86 27 weekly
1079 2454 96 28 English
1189 2455 74 22 theme

670 2480 46 22 will
721 2480 29 22 be
757 2481 129 27 prescribed
890 2484 22 19 to
921 2480 38 23 the
966 2488 61 15 more
1035 2481 116 22 advanced
1156 2481 105 29 scholars,

670 2514 61 20 upon
741 2515 61 14 some
812 2508 87 27 subject
916 2508 25 21 in
953 2507 86 28 history
1055 2515 25 15 or
1095 2516 104 15 common
1215 2509 48 27 life,

670 2541 24 14 as
705 2541 28 15 an
745 2534 97 23 exercise
852 2536 24 21 in
895 2535 153 27 composition-.
1077 2535 96 28 English
1187 2543 76 21 gram-

669 2568 49 15 mar
728 2561 45 22 will
782 2562 29 21 be
820 2562 80 27 taught
907 2562 77 22 rather
992 2562 31 28 by
1033 2563 163 27 conversation,
1207 2563 56 22 than

668 2588 31 27 by
709 2588 141 28 committing
858 2588 60 23 rules
928 2592 23 19 to
961 2596 113 21 memory.-
1098 2590 46 21 Mr.
1150 2590 29 21 G.
1188 2590 74 22 would

669 2615 104 22 consider
788 2616 93 22 himself
896 2623 25 14 as
936 2619 40 19 not
995 2616 70 28 doing
1083 2616 83 28 justice
1185 2620 23 18 to
1227 2617 34 22 his

668 2642 81 28 pupils,
760 2649 57 15 even
827 2646 22 18 to
859 2642 64 23 those
935 2642 50 23 who
996 2644 88 21 confine
1094 2643 134 23 themselves
1239 2647 23 19 to

668 2676 31 15 an
715 2670 105 28 ordinary
833 2669 98 28 English-
940 2670 125 27 education,
1081 2670 22 22 if
1119 2670 30 22 he
1167 2670 38 22 did
1221 2674 41 18 not

668 2696 129 23 endeavour
808 2696 80 28 during
898 2696 40 23 the
945 2697 72 22 whole
1028 2704 77 15 course
1115 2700 23 19 to
1149 2697 85 28 impart
1248 2705 14 15 a

668 2723 133 27 knowledge
811 2724 27 21 of
848 2724 43 21 the-
902 2724 57 21 facts
973 2724 25 21 in
1013 2724 89 22 natural
1117 2724 142 28 philosophy,

668 2753 138 25 astronomy,
830 2750 128 28 chemistry,
983 2753 113 25 anatomy,
1121 2751 139 28 physiology,

669 2777 46 22 and
724 2777 90 22 natural
822 2778 93 27 history,
926 2778 75 22 which
1010 2785 38 15 are
1057 2778 38 22 the
1111 2781 60 19 most
1187 2785 75 15 essen-

668 2804 40 22 tial
717 2807 24 19 to
751 2804 58 22 their
818 2804 103 28 physical
929 2804 52 22 well
990 2805 73 27 being,
1079 2805 45 21 and
1134 2805 73 22 which
1216 2805 46 22 will

668 2838 72 20 prove
752 2839 14 14 a
781 2839 79 15 source
917 2832 117 27 agreeable
1051 2832 97 27 thought
1163 2832 26 22 in
1205 2832 57 22 after

668 2858 49 22 life.
750 2858 30 22 In
917 2858 135 33 geography,
1072 2866 63 14 more
1150 2859 112 22 attention

668 2884 46 22 will
722 2885 28 21 be
761 2885 52 26 paid
821 2888 24 18 to
855 2885 38 22 the
903 2885 91 27 animal,
1006 2886 101 27 mineral,
1117 2886 47 22 and
1172 2889 90 24 vegeta-

668 2910 37 22 ble
714 2913 105 25 products
829 2912 27 22 of
867 2912 55 22 each
933 2915 101 24 country,
1046 2912 45 22 and
1105 2915 22 19 to
1143 2912 39 22 the
1197 2920 65 14 man-

668 2945 53 14 ners
731 2938 46 21 and
785 2941 98 19 customs
893 2938 26 22 of
928 2939 30 21 its
971 2939 146 28 inhabitants,
1133 2939 56 23 than
1199 2943 23 19 to
1232 2939 28 23 its

669 2964 147 28 topography.

700 2991 101 27 Writing,
813 2991 132 28 arithmetic,
957 2991 45 23 and
1014 2992 155 23 mathematics
1179 2993 45 22 will
1234 2993 27 22 be

669 3017 80 27 taught
764 3018 121 27 according
902 3021 24 18 to
942 3018 38 22 the
995 3019 121 28 principles
1133 3019 73 23 which
1223 3026 39 16 ex-

668 3045 106 26 perience
783 3044 40 22 has
832 3044 87 28 proved
927 3049 23 17 to
959 3046 29 21 be
1004 3045 37 23 the
1058 3049 59 19 most
1132 3047 128 22 successful.

669 3071 29 22 In
708 3071 39 22 the
764 3072 101 22 classical
880 3072 147 28 department,
1044 3072 67 22 while
1126 3080 69 21 every
1210 3081 52 20 por-

668 3098 49 22 tion
731 3098 26 22 of
767 3105 113 21 grammar
892 3099 46 21 will
950 3100 87 22 receive
1055 3100 29 22 its
1100 3100 44 22 due
1159 3100 64 22 share
1239 3100 27 22 of

668 3126 119 27 attention,
799 3133 68 20 every
876 3133 79 15 means
964 3126 45 22 will
1022 3127 32 21 be-
1059 3127 123 28 employed,
1187 3130 26 19 to
1219 3127 33 22 im
1252 3134 4 10 I
1256 3139 6 4 -

667 3155 52 24 part
728 3155 26 19 to-
761 3152 38 22 the
808 3153 74 28 pupils
891 3153 56 22 such
958 3160 13 14 a
980 3153 133 28 knowledge
1122 3154 27 22 of
1160 3153 43 23 the-
1209 3161 53 15 con-

668 3181 55 20 duct
738 3180 26 21 of
781 3180 39 21 the
838 3183 64 24 great
921 3187 53 15 men
992 3180 26 22 of
1039 3181 122 32 antiquity;,
1178 3181 28 22 of
1223 3181 39 22 the

668 3206 105 27 opinions
783 3206 26 22 of
819 3207 29 21 its
857 3206 161 28 philosophers,
1032 3207 47 23 and
1088 3208 26 22 of
1125 3208 39 22 the
1173 3208 89 22 routine

668 3230 28 24 of
712 3233 29 22 its
760 3233 105 28 ordinary
882 3233 47 28 life,
945 3240 24 15 as
987 3233 45 23 will
1049 3237 42 19 not
1107 3235 66 21 leave
1191 3235 69 26 them,

668 3260 67 22 when
744 3260 96 28 perhaps
849 3260 79 27 nearly
938 3260 30 22 all
977 3260 38 22 the
1025 3264 68 19 terms
1103 3261 26 22 of
1140 3261 38 22 the
1187 3261 75 23 Greek

668 3287 47 22 and
724 3287 68 22 Latin
801 3287 62 23 have-
868 3287 69 23 faded
945 3287 59 23 from
1014 3287 56 23 their
1080 3288 126 22 memories.

696 3313 45 23 Mr.
754 3313 73 23 Grace
836 3314 19 22 is
865 3320 73 16 aware
955 3315 26 21 of
992 3315 42 21 the-
1046 3315 111 28 difficulty
1171 3315 30 22 he
1217 3315 45 22 will

669 3343 125 21 encounter
810 3341 60 22 from
888 3341 39 22 the
945 3345 62 19 want
1025 3342 26 22 of
1070 3343 124 21 assistants.
1223 3342 37 22 He

668 3367 46 23 will
724 3367 128 23 endeavour
861 3371 23 19 to
892 3368 74 22 lessen
976 3368 44 22 this
1029 3369 24 22 in
1060 3369 94 22 thefirst
1160 3369 101 22 instance

668 3394 31 32 by
709 3399 159 24 arrangement
874 3403 6 19 ;
895 3395 47 22 and
951 3395 65 23 when
1026 3395 29 23 he
1065 3403 42 15 can
1120 3403 95 20 procure
1225 3395 36 22 the

669 3421 38 22 aid
716 3422 27 22 of
754 3425 128 24 competent
890 3429 100 25 persons,
1001 3423 28 21 he
1039 3422 45 22 will
1101 3423 60 21 avail
1173 3422 91 22 himself

670 3448 30 21 of
707 3448 24 27 it,
750 3449 115 27 confining
879 3449 94 22 himself
989 3453 24 18 to
1029 3456 13 15 a
1055 3450 94 26 general
1162 3449 100 28 superin-

669 3475 113 23 tendence
788 3475 25 22 of
823 3476 39 22 the
870 3475 174 29 establishment,
1053 3476 46 22 and
1108 3480 22 18 to
1138 3476 38 22 the
1183 3476 79 27 higher

670 3501 112 23 branches
792 3503 29 21 of
829 3503 127 22 education.

698 3528 23 22 A
731 3529 65 21 small
804 3530 89 27 portion
904 3530 27 21 of
941 3529 38 23 the
989 3529 120 28 scriptures
1117 3529 47 23 will
1171 3529 29 23 be
1207 3528 55 23 read

672 3554 67 28 daily,
746 3562 60 21 upon
814 3555 74 23 which
894 3556 39 23 the
939 3556 101 22 students
1047 3556 45 22 will
1097 3556 29 22 be
1133 3555 126 27 examined,

670 3581 48 21 and
733 3589 61 20 upon
812 3582 99 28 Sunday,
931 3583 39 22 the
987 3583 73 28 pupils
1079 3583 75 21 whose
1171 3585 90 26 parents

670 3608 56 21 wish
735 3609 24 26 it,
771 3609 44 22 will
823 3609 30 22 be
863 3610 117 22 convened
994 3611 74 21 Before
1083 3609 76 23 divine
1169 3609 90 27 service,

670 3634 36 21 for
715 3634 38 22 the
770 3643 95 20 purpose
879 3637 26 21 of
918 3637 116 27 repeating
1049 3637 42 22 the-
1103 3636 85 23 church
1202 3638 59 20 cate-

672 3660 70 23 chism
752 3662 46 22 and
806 3665 38 19 the
855 3663 79 22 collect
943 3663 34 22 for
987 3663 38 22 the
1035 3663 51 28 day.

698 3687 23 21 A
729 3688 89 27 printed
828 3696 57 21 copy
902 3690 26 22 of
944 3690 45 22 Mr.
1007 3690 92 22 Grace's
1114 3688 146 24 testimonials

670 3720 54 21 may
738 3715 29 21 be
781 3722 53 15 seen
849 3719 24 19 at
887 3717 38 22 the
943 3717 63 21 office
1023 3717 25 22 of
1062 3717 45 21 tMs
1118 3723 76 21 paper.
1224 3715 36 22 He

670 3739 41 23 has
721 3741 69 22 much
798 3742 102 27 pleasure
915 3743 25 21 in
954 3743 145 27 mentioning
1111 3746 51 18 that
1175 3743 29 21 he
1221 3742 39 22 has

670 3766 78 23 shown
758 3768 61 22 them
828 3771 23 19 to
862 3769 40 23 Dr.
913 3769 83 32 Eyans,
1013 3770 49 22 who
1075 3769 120 28 expressed
1204 3768 56 22 him-

670 3793 45 22 self
726 3794 104 28 satisfied,
848 3796 58 22 from
921 3797 34 21 his
969 3797 132 26 knowledge
1117 3796 28 22 of
1160 3802 62 15 some
1239 3795 23 21 of

669 3820 39 22 the
717 3821 131 26 gentlemen
857 3822 50 22 who
917 3823 58 22 have
984 3822 116 23 furnished
1109 3822 69 22 them.

880 3877 165 25 WANTED,

670 3908 164 51 SEVERAL
858 3909 154 23 SAWYERS.
1049 3909 77 29 Apply
1143 3912 23 19 to
1182 3909 24 23 T.
1224 3910 32 22 M.

735 3936 133 23 Partridge
879 3937 45 23 and
935 3937 38 22 Co.
1260 3939 13 19 L

678 3990 3 5 ,
694 3970 65 27 April
771 3973 31 24 11,
815 3973 60 21 1810.
1041 3972 12 15 *
1261 3959 14 36 ft

1258 3996 17 14 it
1274 3997 2 11 1

1302 414 217 50 STATIONERY
1547 417 61 22 FOR
1749 417 42 22 AT
1817 418 64 23 THE

1388 443 143 23 GAZETTE
1568 444 151 23 OFFICE:—

1439 485 136 15 WHOLESALE
1590 486 46 15 AND
1650 485 89 15 RRTAIL,

1325 508 56 23 Fine
1389 509 47 23 laid
1445 514 55 25 pott,

1308 544 4 2 -
1326 535 55 23 Fine
1390 537 62 22 thick
1461 546 62 15 wove
1533 542 78 24 quarto
1620 541 54 25 post,

1324 561 63 26 Ditto
1443 565 55 22 ditto
1531 570 78 17 octavo
1619 566 44 26 do.,

1326 589 115 28 Superfine
1451 599 61 18 w.ove
1523 596 78 24 quarto
1610 593 57 22 satin
1675 595 57 25 post,

1325 615 63 24 Ditto
1444 619 54 21 ditto
1526 622 78 19 octavo
1615 619 60 26 ditto,

1323 640 64 26 Ditto
1397 644 50 23 thin
1456 645 45 22 laid
1510 649 79 24 quarto
1599 646 62 27 ditto,

1323 669 65 24 Ditto
1418 679 3 4 •
1444 672 55 22 ditto
1509 676 80 19 octavo
1598 672 61 27 ditto,
1719 681 4 9 >

1326 697 115 28 Superfine
1453 699 61 28 large
1528 699 49 23 thin
1589 700 52 21 blue
1658 705 59 16 wove
1731 701 77 26 quarto
1822 702 56 25 pest,

1302 725 105 27 stamped,

1323 750 118 29 Superfine
1450 752 45 23 laid
1504 753 106 28 foolscap,

1313 796 4 7 ,
1325 777 72 28 Large
1408 779 47 22 thin
1466 783 78 24 quarto
1554 784 56 24 post,

1324 804 59 23 Note
1392 813 75 21 paper,

1324 831 80 23 Brown
1414 841 74 20 paper,
1497 834 100 28 imperial
1606 841 57 21 cap.,

1325 858 47 28 Bag
1380 859 64 28 ditto,

1325 885 62 23 Kent
1396 887 62 27 ditto,

1324 911 70 29 Royal
1405 913 67 28 hand,

1324 939 99 23 Lumber
1432 940 62 28 ditto,

1324 965 55 24 Blue
1389 967 73 28 demy,

1324 993 74 28 Demy
1405 994 97 28 blotting
1507 1001 76 21 paper,

1324 1019 88 24 Double
1420 1029 81 20 crown,

1324 1047 68 22 Small
1402 1048 66 28 hand,

1326 1074 85 28 Crown,

1324 1101 73 22 Blank
1408 1102 68 28 cards,

1324 1128 149 24 Memoranda
1481 1129 78 28 books,

1324 1155 47 22 Pen
1380 1156 95 28 holders,
1487 1157 69 22 wafer
1566 1159 89 25 stamps,
1663 1155 50 22 lead
1723 1155 90 28 pencils,
1824 1155 57 23 slate

1298 1182 59 28 ditto,
1376 1183 66 22 India
1460 1183 87 27 rubber,
1568 1184 85 26 scaling
1668 1189 56 21 wax,
1745 1182 62 23 ofilce
1825 1190 56 21 pen-

1298 1209 83 28 knives,
1392 1211 42 22 &c.
1444 1210 40 23 &c.
1496 1211 40 22 &c.

1328 1264 238 23 COMMERCIAL
1581 1265 67 22 INN
1660 1265 19 23 &
1694 1263 155 23 TAVERN.

1298 1305 89 48 MR.
1399 1306 35 21 W.
1445 1306 123 22 ELSDON
1576 1306 53 27 begs
1634 1308 23 19 to
1662 1305 83 22 inform
1752 1305 33 22 his
1794 1304 86 23 friends

1369 1332 46 22 and
1421 1332 36 23 the
1465 1333 81 27 public,
1554 1333 48 22 that
1608 1333 38 22 the
1652 1332 69 22 above
1728 1332 68 22 house
1802 1332 19 21 is
1828 1339 52 15 now

1298 1365 63 21 open,
1372 1360 46 21 and
1422 1360 81 26 parties
1507 1360 104 28 favoring
1615 1360 46 21 him
1666 1358 54 23 with
1727 1359 152 27 theirpatron-

1297 1392 39 21 age
1353 1386 45 22 will
1417 1386 46 22 hnd
1483 1394 67 20 every
1567 1386 189 23 accommodation
1772 1386 34 21 for
1820 1386 59 22 their

1297 1413 99 27 comfort,
1405 1414 94 27 coupled
1508 1414 54 21 with
1571 1414 136 22 moderation
1718 1413 24 21 in
1752 1412 98 28 charges.

1322 1446 84 29 Wines,
1417 1448 80 27 spirits,
1507 1447 47 22 and
1563 1447 84 23 bottled
1658 1447 34 22 ale
1707 1447 51 22 and-
1768 1449 73 25 porter
1856 1447 27 22 of

1298 1474 111 22 excellent
1418 1475 92 27 quality.

1323 1508 54 21 Cold
1387 1509 71 26 joints
1467 1508 83 29 always
1564 1508 80 28 ready;
1663 1508 46 22 and
1723 1515 29 15 an
1768 1507 111 27 Ordinary

1296 1534 60 28 daily
1365 1538 24 19 at
1396 1535 52 28 five,
1457 1542 55 21 p.m.

1322 1569 124 22 Harmonic
1455 1569 110 27 meetings
1581 1576 66 20 every
1656 1569 108 27 Saturday
1775 1569 103 27 evening.

1295 1623 63 23 THE
1380 1625 89 22 FIRST
1492 1625 81 22 SHOP
1597 1624 123 23 OPENED
1744 1624 34 22 IN
1798 1624 83 22 PORT

1493 1651 188 24 NICHOLSON.

1337 1693 59 22 The
1409 1692 143 23 Britannia
1567 1693 83 23 Hotel
1664 1694 55 21 and
1737 1693 97 21 Stores.

1295 1734 182 49 JPIEECE
1491 1736 55 26 begs
1563 1739 22 18 to
1602 1735 79 22 inform
1695 1734 36 22 his
1740 1734 84 22 friends
1834 1734 46 22 and

1334 1772 11 11 •
1363 1760 37 23 the
1410 1762 81 27 public,
1502 1762 50 22 that
1560 1763 34 21 his
1603 1763 70 21 Stores
1681 1769 38 15 are
1726 1769 50 14 now
1784 1762 94 27 opened,

1295 1788 43 22 and
1348 1788 49 22 that
1404 1789 32 27 by
1445 1789 110 23 attention
1565 1790 45 22 and
1624 1788 107 28 diligence
1740 1788 28 22 he
1777 1788 69 28 hopes
1857 1792 22 18 to

1295 1816 66 21 merit
1369 1816 58 22 their
1435 1819 130 25 patronage.

1321 1849 21 22 J.
1354 1850 85 23 Pierce
1449 1851 54 27 begs
1513 1853 23 20 to
1545 1851 85 22 submit
1642 1849 35 23 the
1685 1849 117 28 following,
1808 1849 39 22 list
1857 1850 27 22 of

1294 1876 70 28 goods
1371 1885 5 14 :
1378 1889 32 5 —

1323 1911 117 23 Groceries
1450 1911 26 23 of
1487 1911 29 23 all
1526 1911 73 23 kinds.

1321 1938 79 28 Bread,
1411 1939 64 27 flour,
1487 1940 45 21 and
1541 1939 91 22 biscuit.*

1321 1966 85 27 Spirits,
1423 1966 75 27 wines,
1516 1967 34 21 ale
1569 1967 45 21 and
1629 1968 79 25 porter,
1725 1965 24 23 in
1766 1965 51 23 cask
1833 1966 47 22 and

1293 1992 77 23 bottle.

1287 2031 10 10 x
1305 2020 78 25 Yovk
1389 2021 45 21 and
1582 2020 71 25 hams,
1660 2019 28 21 in-
1691 2019 60 26 good
1757 2019 122 23 condition.

1312 2045 183 28 'Haberdashery
1505 2042 67 24 of^all
1582 2045 70 21 kinds.

1321 2071 164 28 Ironmongery
1493 2071 46 23 and
1550 2072 91 26 cutlery.

1319 2097 66 23 Nails
1394 2098 70 22 direct
1473 2098 58 22 from
1540 2098 38 22 the
1587 2098 115 22 Britannia
1711 2097 81 23 works-

1319 2131 23 22 J.
1357 2132 87 33 Pjercb
1457 2132 71 28 hopes
1537 2132 48 21 that
1594 2132 38 21 the
1646 2132 138 27 competitive
1794 2135 85 23 system

1293 2158 25 21 of
1329 2158 94 28 puffing,
1434 2166 23 15 so
1467 2159 70 21 much
1546 2158 107 28 practised
1662 2158 23 21 in
1695 2158 38 22 the
1749 2158 36 22 old
1799 2159 77 27 world,

1292 2181 46 26 wilt
1353 2193 70 15 never
1438 2186 28 22 be
1481 2185 134 23 introduced
1630 2186 21 21 in
1667 2185 44 22 this
1728 2186 97 27 Colony;
1848 2186 30 22 he

1292 2212 112 23 therefore
1412 2212 93 23 refrains
1514 2213 59 22 from
1583 2212 143 28 introducing
1738 2213 76 27 prices,
1831 2213 48 22 and

1292 2240 86 27 merely
1387 2240 81 22 invites
1478 2247 13 15 a
1501 2240 58 23 trial.
1569 2263 2 4 .

1319 2273 55 23 Port
1383 2274 131 28 Nicholson,
1526 2275 65 28 April
1599 2276 34 25 13,
1644 2275 60 21 1840.

1291 2332 92 21 PORT
1402 2334 198 19 NICHOLSON
1620 2332 152 25 TAVERN,
1791 2333 86 20 EAT-

1322 2360 67 21 ING
1403 2360 122 26 HOUSE,
1540 2361 22 20 &
1576 2360 129 21 COFFEE
1720 2360 123 21 ROOMS.

1292 2401 35 48 J
1356 2400 106 23 ALLEN
1479 2402 55 26 begs
1549 2404 23 19 to
1586 2399 80 24 inform
1682 2399 37 23 his
1732 2400 92 22 friends-
1831 2400 46 22 and

1331 2439 12 11 •
1373 2428 38 23 the
1421 2428 81 28 public,
1519 2428 49 21 that
1575 2428 30 22 he
1615 2426 37 23 has
1662 2427 89 27 opened
1759 2426 37 23 tlxe
1805 2427 79 22 above-

1291 2454 77 28 house,
1379 2459 55 18 next
1443 2455 55 22 door
1507 2458 24 19 to
1541 2456 44 21 Mr.
1602 2455 22 22 J.
1637 2454 96 27 Telford,
1749 2454 45 22 and
1806 2454 72 28 hopes

1291 2482 30 28 by
1330 2482 64 22 strict
1402 2482 110 23 attention
1523 2485 22 20 to
1555 2485 60 20 meet
1626 2481 51 22 with
1687 2489 15 14 a
1710 2480 64 23 share
1784 2481 26 23 of
1820 2482 58 27 pub-

1290 2508 29 23 lic
1329 2512 130 24 patronage.

1317 2543 30 22 In
1357 2545 127 21 connexion
1495 2545 53 21 with
1557 2545 37 21 the
1604 2543 75 28 above,
1698 2544 21 21 J.
1730 2543 29 22 A.
1773 2544 41 21 has
1829 2543 47 22 also

1291 2572 88 26 opened
1387 2571 35 22 his
1431 2572 132 21 Butcher's
1576 2572 60 22 Shop
1648 2571 45 21 and
1707 2571 110 22 Grocery
1831 2571 46 22 and

1290 2598 126 22 Provision
1430 2598 157 28 Warehouse,
1603 2597 70 23 where
1691 2597 37 22 the
1743 2598 74 27 public
1833 2605 43 14 can

1289 2625 28 22 be
1335 2625 102 28 supplied
1450 2625 53 23 with
1519 2630 61 18 meat
1599 2625 43 22 and
1655 2625 31 22 all
1702 2625 66 22 kinds
1783 2625 26 21 of
1824 2632 52 20 pro-

1290 2652 92 23 visions.

1439 2708 64 23 MR.
1524 2710 30 20 T.
1571 2708 155 22 ROSKEM.

1291 2745 108 48 BEGS
1410 2748 21 19 to
1436 2745 84 22 inform
1526 2745 37 22 the
1568 2743 79 30 public,
1654 2744 50 22 that
1709 2745 28 21 he
1743 2744 39 23 has
1789 2745 87 27 opened

1368 2779 14 14 a
1397 2772 63 23 Store
1476 2775 23 19 at
1514 2772 38 21 the
1568 2774 54 20 west
1636 2771 43 22 end
1697 2771 26 22 of
1738 2771 37 22 the
1789 2771 84 28 Beach,

1290 2797 75 23 where
1374 2799 29 22 he
1414 2799 64 22 offers
1494 2799 36 22 for
1545 2799 53 27 sale,
1616 2800 21 19 at
1650 2798 129 23 reasonable
1794 2799 80 27 prices,

1290 2825 38 22 the
1338 2826 203 23 undermentioned
1550 2826 86 22 articles
1643 2832 4 14 :

1317 2859 86 28 Spirits,
1419 2859 128 27 (wholesale
1557 2860 45 22 and
1611 2859 80 26 retail.)

1316 2886 54 27 Tea,
1378 2887 75 27 coffee,
1460 2894 73 21 sugar,
1540 2887 97 26 tobacco,
1644 2886 46 22 and
1696 2886 75 27 cigars,
1782 2886 91 26 (retail.)

1317 2912 76 24 Prime
1409 2921 49 15 rose
1473 2914 59 22 Cork
1545 2914 80 27 butter,
1641 2912 87 29 cheese,
1744 2913 68 28 hams,
1829 2913 46 22 and

1289 2940 64 28 pork.

1317 2967 70 23 Flour
1396 2967 45 23 and
1448 2967 89 23 biscuit.

1317 2993 106 29 Vinegar,
1434 3002 85 19 sauces,
1529 2993 105 28 mustard,
1643 2994 92 28 pickles,
1746 2994 39 22 &c.

1406 3029 80 20 sperm*
1497 3021 44 29 dip,
1553 3023 44 21 and
1607 3021 74 22 mould
1690 3021 95 22 candles.

1317 3047 73 28 Lamp
1399 3048 140 22 andlinseed
1549 3049 34 26 oil,
1596 3048 42 22 and
1646 3048 82 26 paints.

1316 3075 83 26 Prints,
1410 3075 81 22 fustian
1501 3079 109 23 trowsers,
1620 3075 107 26 blankets,
1739 3075 39 21 &c.

1316 3101 23 22 A
1349 3103 85 26 variety
1444 3102 26 21 of
1480 3102 122 27 hardware,
1613 3101 42 21 and
1661 3101 100 27 superior
1766 3100 108 23 Sheffield

1290 3129 95 27 cutlery.

1317 3156 25 21 A-
1358 3155 103 28 quantity
1479 3155 27 22 of
1524 3153 91 30 mangel
1630 3153 82 23 wurzel
1730 3153 44 23 and
1788 3153 86 28 garden

1279 3193 2 21 I
1289 3182 72 23 seeds.

1494 3216 57 16 ALSO
1566 3217 30 15 ON
1611 3216 60 19 SALE,

1279 3247 2 13 i
1316 3244 23 21 A
1349 3242 64 23 small
1423 3246 47 19 cart
1479 3243 54 23 with
1543 3243 95 27 harness,
1651 3242 46 23 and
1708 3249 13 15 a
1730 3244 53 26 tent,
1794 3241 80 23 twelve

1289 3270 47 23 feet
1343 3270 32 28 by
1386 3270 67 28 eight.

1466 3305 15 14 A
1500 3305 57 15 BOAT
1577 3304 43 16 FOR
1636 3303 65 15 HIREi

1289 3331 46 23 No.
1344 3333 21 26 3,
1375 3334 55 20 west
1439 3332 45 22 end
1493 3332 26 22 of
1530 3331 38 23 the
1577 3330 79 27 Beach,

1317 3358 55 22 Port
1389 3358 131 29 Nicholson,
1541 3359 56 28 May
1615 3357 42 27 7th,
1677 3356 61 23 ]'840.

1292 3416 44 47 C
1336 3418 2 4 1
1363 3416 22 21 J.
1397 3416 98 22 STONE
1504 3416 54 26 begs
1568 3418 22 19 to
1599 3414 81 23 inform
1690 3414 37 22 the
1737 3414 80 28 public,
1826 3412 50 24 tliat

1339 3452 15 11 *>
1381 3442 34 23 his
1424 3450 50 15 new
1484 3443 65 22 Store
1557 3442 18 22 is
1585 3449 47 16 now
1643 3449 59 20 open
1710 3442 34 21 for
1753 3440 38 23 the
1798 3441 46 22 sale
1853 3441 26 22 of

1291 3468 170 33 Ironmongery,
1476 3469 130 27 Hardware,
1621 3468 95 28 Cutlery,
1731 3469 39 21 &c.
1798 3467 23 23 A
1837 3468 39 22 list

1291 3495 26 22 of
1328 3503 14 14 a
1349 3496 44 22 few
1403 3496 87 22 articles
1500 3496 24 22 in
1532 3496 62 22 stock
1603 3495 18 22 is
1629 3495 117 27 appended
1752 3503 5 13 :

1318 3529 81 28 Locks,
1408 3529 87 28 hinges,
1505 3529 65 28 nails,
1580 3535 84 21 screws,
1675 3528 46 22 and
1728 3528 77 23 brads-

1319 3557 141 27 Carpenter's
1469 3557 65 21 tools.

1317 3582 55 23 Iron
1382 3587 36 18 tea
1426 3583 82 23 kettles
1517 3583 45 22 and
1571 3588 127 21 saucepans.

1317 3609 132 23 Percussion
1460 3610 45 22 and
1514 3609 51 23 flint
1573 3616 61 21 guns.

1319 3636 56 22 Shot
1383 3637 58 21 belts
1450 3637 45 22 and
1504 3637 90 28 powder
1603 3635 72 22 flasks.

1319 3663 54 22 Gun
1382 3664 94 27 nipples,
1486 3663 107 27 ramrods,
1603 3662 41 22 and
1654 3662 220 32 wadding.puncnes.

1319 3690 149 27 Gunpowder,
1480 3691 57 26 shot,
1548 3690 67 25 flints,
1625 3689 44 21 and
1679 3696 125 21 percussion
1815 3696 60 20 caps.

1317 3716 104 23 Window
1436 3717 68 28 glass,
1519 3717 66 23 white
1601 3715 54 28 lead,
1674 3715 85 23 linseed
1775 3716 37 27 oil,
1831 3715 45 23 and

1291 3743 129 29 whitening.

1318 3770 57 22 Blue
1384 3771 45 22 and
1438 3771 39 22 red
1486 3770 84 23 twilled
1579 3776 65 21 serge*
1648 3769 78 23 shirts..

1319 3797 92 28 Pickles,
1422 3798 47 26 ink,
1479 3797 112 28 blacking,
1603 3796 109 28 crockery,
1724 3797 39 21 &c.
1775 3797 40 21 &c.

1318 3824 91 22 Timber
1418 3825 26 21 of
1456 3825 29 21 all
1495 3824 66 22 kinds
1570 3831 29 15 on
1609 3823 49 26 sale,
1674 3823 44 22 and
1728 3822 119 28 delivered,
1858 3823 21 22 if

1290 3851 111 28 required.

1279 3878 2 41 j
1319 3885 54 22 Port
1382 3884 130 28 Nicholson,
1524 3884 55 28 May
1588 3884 32 22 22.

1291 3942 183 50 WANTED,
1496 3949 13 14 a
1531 3942 92 22 number
1646 3942 26 20 of
1691 3942 183 22 BiurK-M.vKcns.

1390 3968 73 29 Apply
1474 3972 23 19 at
1506 3969 37 22 the
1712 3968 74 23 Olliu\
1801 3969 5 22 /

1966 420 99 20 BANK
2080 420 44 21 OP
2137 420 92 21 PORT
2243 421 205 22 NICHOLSON.

1914 452 135 23 CAPITAL
2064 452 103 28 £50.000,
2187 453 36 23 IN
2240 455 62 20 2.500
2320 454 121 24 SHARES
2460 456 40 23 OF

2127 480 46 22 £20
2189 479 97 28 EACH;

1912 513 36 22 To
1955 513 29 22 be
1992 512 118 23 increased
2120 516 22 19 at
2151 514 39 21 the
2199 513 119 23 discretion
2333 514 26 22 of
2371 515 37 22 the
2424 516 77 22 Direc-

1941 543 51 22 tors,
2001 539 33 27 by,
2040 539 42 22 the-
2088 540 58 22 issue
2156 541 27 21 of
2192 541 83 22 £1.000
2283 540 123 24 additional
2413 542 89 29 Shares,

1941 570 22 19 to
1974 566 27 23 be
2010 565 48 23 sold
2067 566 37 23 for
2112 566 37 23 the
2159 566 84 23 benefit
2253 568 26 21 of
2289 567 38 23 the
2336 568 73 23 Bank.

1947 621 51 24 The
2009 620 137 33 advantages
2157 622 114 31 produced
2281 622 33 31 by
2322 629 15 17 a
2343 622 74 25 Local
2424 624 76 31 Bank,

1911 654 57 24 both
1989 661 24 17 as
2032 662 14 15 a
2066 655 119 30 profitable
2208 657 139 23 investment
2364 657 25 23 of
2410 658 90 31 capital,

1911 688 47 24 and
1975 695 24 15 as
2018 695 14 15 a
2050 695 79 16 means
2152 688 27 24 of
2199 688 195 25 accommodation
2416 695 23 18 to
2462 691 39 24 the

1911 721 148 30 community,
2068 728 39 16 are
2119 725 36 20 too
2167 720 203 31 well-established
2377 727 24 19 to
2412 725 89 29 require

1911 762 45 24 any
1975 759 113 18 comment
2105 759 25 19 at
2151 759 101 27 present.
2287 754 77 25 There
2386 756 20 23 is
2429 761 41 19 not
2488 766 14 15 a

1910 787 79 32 single-
1995 786 90 24 British
2098 787 89 32 Colony
2199 788 26 24 of
2233 795 46 24 any
2284 788 142 31 importance
2432 790 67 23 with-

1910 826 41 19 out
1961 824 24 21 at
1994 820 59 24 least
2064 828 43 16 one
2119 822 57 23 such
2188 820 76 30 Bank,
2283 822 45 23 and
2339 822 25 24 in
2384 830 66 24 every
2462 824 38 23 in-

1910 858 78 20 stance
1999 854 64 24 these
2074 854 142 24 institutions
2226 862 37 16 are
2269 862 30 16 no
2309 855 47 23 less
2368 863 14 16 a
2389 864 79 16 source
2476 857 26 23 of

1909 888 69 30 profit
1990 891 22 18 to
2025 887 37 24 the
2075 887 164 24 Shareholders
2259 888 53 24 than
2332 888 26 23 of
2372 888 87 25 benefit
2476 894 24 20 to
2514 900 2 7 '

1911 920 39 23 the
1969 920 147 31 community.
2157 921 30 24 In
2206 921 53 28 fact,
2274 921 69 23 while
2360 921 39 25 the
2418 922 82 24 Banks

1911 953 74 24 which
2007 953 57 24 have
2091 953 58 24 been
2177 953 138 24 established
2341 955 32 31 by
2400 955 101 31 English

1911 986 83 32 capital
2005 986 24 23 in
2041 986 38 24 the
2091 986 162 25 Australasian
2264 987 108 25 Colonies
2392 988 74 24 divide
2478 994 24 19 at

1900 1028 2 16 ;
1911 1020 39 23 the
1961 1024 86 19 utmost
2057 1019 61 24 from
2129 1021 15 24 7
2156 1025 24 19 to
2194 1022 31 23 10
2236 1028 41 24 per
2288 1025 70 26 cent.,
2377 1021 38 24 the
2432 1022 70 31 profit

1911 1053 27 23 of
1951 1054 38 22 the
2002 1052 71 24 Local
2085 1053 80 23 Banks
2183 1061 95 24 average
2295 1055 61 23 from
2377 1057 29 22 15
2426 1059 22 19 to
2467 1057 35 23 20

1910 1094 42 23 per
1964 1090 59 19 cent.
2059 1086 59 23 This
2130 1087 120 24 difference
2260 1088 21 22 is
2292 1088 73 31 easily
2377 1089 126 24 accounted

1911 1120 38 22 for-
1955 1128 7 15 :
1986 1127 67 23 every
2072 1120 126 24 individual
2215 1120 24 23 in
2257 1128 14 16 a
2285 1121 90 30 Colony
2386 1121 116 33 naturally

1910 1153 88 30 prefers
2020 1160 14 15 a
2055 1152 69 24 Bank
2142 1153 56 24 with
2218 1153 75 24 whose
2311 1154 127 32 Managers
2456 1156 46 23 and

1911 1185 146 32 Proprietors
2067 1186 30 22 he
2116 1186 20 22 is
2154 1186 142 32 acquainted,
2316 1188 46 22 and
2379 1188 25 22 in
2427 1188 75 24 which

1911 1218 30 24 he
1952 1218 95 23 himself
2060 1226 54 24 may
2125 1219 57 24 have
2195 1228 14 15 a
2220 1219 70 24 direct
2305 1220 104 29 interest,
2421 1225 22 19 to
2457 1229 43 16 one

1912 1251 126 25 conducted
2048 1252 31 30 by
2097 1257 124 27 strangers.
2257 1252 36 24 In-
2300 1253 66 24 order
2381 1258 23 20 to
2422 1262 79 16 secure

1912 1290 23 18 to
1947 1285 38 23 the
1996 1285 113 32 proposed
2123 1285 70 24 Batik
2210 1285 46 24 this
2274 1287 131 31 advantage-
2419 1288 25 23 in
2461 1288 40 23 the

1910 1318 79 24 fullest
2001 1318 89 31 degree,
2108 1319 37 23 the
2158 1319 78 24 shares
2248 1319 56 23 have
2323 1320 59 24 been
2399 1321 62 23 fixed
2478 1326 24 19 at

1911 1352 58 23 such
1980 1359 29 16 an
2020 1356 101 25 amount,
2133 1360 25 15 as
2172 1357 23 20 to
2207 1351 65 24 allow
2283 1361 45 22 any
2342 1353 120 32 Capitalist
2476 1355 24 23 in

1910 1385 39 23 the
1966 1384 85 32 Colony
2064 1389 23 20 to
2098 1386 94 24 become
2204 1393 13 16 a
2224 1385 162 26 Shareholder.
2422 1387 77 32 Every

1911 1426 50 22 one,
1974 1418 119 30 therefore,
2113 1419 46 23 will
2177 1419 58 24 have
2253 1427 28 15 an
2299 1421 96 22 interest
2417 1421 24 23 in
2460 1421 39 24 the

1909 1452 133 31 prosperity
2047 1452 46 23 and
2104 1452 101 31 stability
2217 1452 26 23 of
2257 1452 37 24 the
2306 1452 78 30 Bank,
2397 1454 45 22 and
2453 1455 47 23 will

1909 1485 54 31 give
1973 1485 18 23 it
2003 1493 14 15 a
2026 1485 131 31 preference
2168 1485 57 24 both
2242 1486 25 23 in
2283 1485 99 33 making
2398 1487 102 31 deposits

1910 1519 46 23 and
1968 1518 134 31 circulating
2112 1520 29 22 its
2153 1524 74 18 notes.

1945 1551 50 24 The
2008 1551 90 33 Capital
2111 1552 24 24 of
2149 1553 40 22 the
2200 1551 69 25 Bank
2279 1551 43 25 has
2333 1553 60 23 been
2404 1553 62 24 fixed
2477 1558 24 19 at

1909 1586 125 28 £50.000,
2046 1594 14 15 a
2071 1593 51 16 sum
2133 1586 75 23 which
2219 1586 19 23 it
2248 1586 20 22 is
2279 1586 110 23 assumed
2406 1587 46 23 will
2469 1587 30 23 be
2508 1593 7 3 '"

1911 1619 113 23 sufficient
2041 1619 36 23 for
2095 1619 38 23 the
2144 1623 94 27 present
2247 1624 72 18 wants
2339 1619 25 24 of
2379 1619 38 25 the
2436 1628 63 16 com-

1910 1652 97 30 munity.
2043 1652 60 24 This
2116 1652 90 32 Capital
2218 1659 49 22 can,
2285 1652 113 30 however,
2417 1653 29 23 be
2462 1654 37 23 in-

1911 1684 92 25 creased
2016 1689 23 19 at
2050 1685 38 24 the
2101 1685 122 24 discretion
2235 1685 24 23 of
2273 1685 39 24 the
2326 1685 127 31 Directors,
2468 1687 32 31 by

1911 1718 40 25 the
1961 1719 61 23 issue
2039 1718 25 24 of
2081 1721 73 22 1.000
2174 1718 121 25 additional
2316 1719 94 30 Shares,
2428 1724 24 19 to
2471 1720 29 24 be

1911 1752 106 32 disposed
2039 1751 26 25 of
2090 1752 35 24 for
2146 1752 40 24 the
2208 1751 84 24 benefit
2311 1753 26 23 of
2356 1752 38 24 the
2413 1753 86 24 Share-

1909 1784 92 25 holders
2010 1795 6 19 ;
2036 1784 45 25 and
2091 1786 25 23 it-
2123 1786 19 23 is
2161 1785 111 32 proposed
2287 1785 51 24 that
2349 1785 38 24 the
2399 1786 67 24 Deed
2478 1787 26 23 of

1911 1819 136 24 Settlement
2058 1818 59 24 shall
2128 1819 92 23 contain
2232 1826 13 16 a
2255 1819 124 31 provision,
2398 1819 102 24 authori-

1909 1854 54 29 sing
1973 1852 38 23 the
2022 1852 108 31 majority
2140 1852 26 24 of
2180 1852 38 24 the
2238 1852 165 24 Shareholders
2421 1857 22 19 to
2462 1853 38 23 in-

1910 1892 77 18 crease
2005 1885 38 24 the
2064 1885 89 31 Capital
2167 1890 24 20 to
2202 1885 57 23 such
2268 1885 90 24 further
2370 1890 94 20 amount
2476 1895 25 15 as

1909 1926 54 25 may
1973 1919 25 22 in
2010 1918 59 25 their
2081 1920 92 30 opinion
2183 1920 30 23 be
2227 1918 105 31 justified
2347 1919 35 32 by,
2391 1919 38 24 the
2441 1927 58 24 aug-

1909 1951 92 25 mented
2012 1951 108 25 demands
2132 1953 26 23 of
2173 1952 39 24 the
2224 1951 95 32 Colony.

1944 1984 50 25 The
2006 1985 106 24 business
2124 1986 25 23 of
2164 1985 39 24 the
2215 1984 69 25 Bank
2297 1986 48 23 will
2362 1986 30 23 be
2411 1986 89 32 strictly

1909 2019 51 23 that
1977 2019 25 23 of
2024 2026 14 16 a
2060 2019 69 23 Bank
2147 2019 26 23 of
2194 2017 115 26 Discount
2327 2018 47 25 and
2390 2019 109 31 Deposit.

1911 2052 51 23 The
1972 2055 49 18 rate
2034 2051 25 23 of
2072 2051 105 23 discount
2188 2056 23 17 to
2222 2051 28 22 be
2263 2054 32 19 10
2305 2054 112 27 percent.
2427 2061 7 19 ;
2454 2053 45 23 and
2507 2068 4 2 -

1912 2087 14 21 5
1938 2090 40 25 per
1987 2087 58 20 cent,
2053 2083 49 23 will
2112 2083 28 23 be
2152 2083 94 24 allowed
2257 2091 62 23 upon
2332 2083 99 32 deposits
2443 2084 36 24 for
2488 2093 15 15 a
2511 2087 4 9 '

1909 2117 80 29 longer
2000 2117 80 30 period
2091 2116 54 24 than
2158 2124 14 15 a
2182 2115 86 30 month,
2269 2129 36 4 —
2305 2121 40 20 ncrt
2357 2121 23 20 to
2391 2117 35 24 be^
2431 2118 69 23 with-

1911 2150 76 24 drawn
1998 2150 73 23 under
2084 2151 30 23 10
2126 2150 64 31 days'
2202 2150 82 24 notice.

2072 2209 265 26 REGULATIONS,

1945 2244 29 24 I.»
1974 2256 31 3 —
2005 2242 50 24 The
2064 2244 90 31 Capital
2165 2244 27 23 of
2206 2243 37 23 the
2253 2243 120 32 Company
2379 2247 23 20 to
2413 2245 88 24 consist

1910 2277 26 24 of
1951 2277 121 29 £50.000,
2085 2277 25 23 in
2121 2279 77 22 2.500
2211 2276 85 24 Shares
2308 2278 27 23 of
2348 2278 56 23 £20
2416 2278 65 25 each.

1944 2311 23 23 2.
1969 2322 34 5 —
2005 2310 52 24 One
2067 2310 77 31 pound
2154 2318 42 23 per
2208 2310 65 24 share
2285 2314 24 20 to
2326 2311 30 23 be
2373 2311 56 32 paid
2445 2319 55 24 pre-

1909 2345 64 22 vious
1985 2348 23 19 to
2020 2343 38 24 the
2071 2343 95 24 election
2178 2343 26 25 of
2217 2343 127 30 Directors,
2358 2345 26 23 of
2398 2344 75 24 which
2486 2353 16 16 a

1909 2377 84 25 week's
2002 2377 77 31 public
2092 2378 74 22 notice
2183 2376 47 25 will
2246 2376 29 24 be
2292 2378 71 30 given
2371 2386 6 21 ;
2397 2378 45 24 and
2460 2379 38 24 £1

1909 2410 123 25 additional
2050 2415 24 19 at
2091 2409 39 25 the
2148 2410 128 32 expiration,
2295 2410 26 23 of
2342 2411 57 23 each
2415 2412 85 24 month,

1908 2445 59 23 from
1978 2444 53 23 that-
2038 2444 85 31 period,
2141 2443 61 25 until
2217 2444 36 24 £5
2266 2443 44 24 has
2321 2444 59 24 been
2391 2445 55 30 paid
2456 2453 41 24 up.

1944 2478 24 23 3.
1968 2489 35 5 —
2003 2477 99 24 Further
2113 2477 56 24 calls
2182 2482 23 19 to
2217 2477 29 23 be
2263 2477 69 24 made
2349 2482 24 19 at
2391 2478 39 23 the
2448 2478 51 24 dis-

1909 2511 86 25 cretion
2009 2510 25 24 of
2048 2510 39 24 the
2104 2511 134 28 Directors;
2258 2510 46 24 and
2316 2511 64 23 three
2396 2511 103 24 months'

1907 2545 106 31 previous
2030 2545 75 22 notice
2123 2545 27 22 of
2164 2543 57 24 each
2238 2544 44 23 call
2300 2548 23 19 to
2341 2544 31 24 be
2389 2545 69 31 given
2473 2546 27 23 in

1907 2579 40 23 the
1988 2577 57 24 New
2057 2578 102 23 Zealand

1942 2612 25 23 4.
1967 2623 34 4 —
2001 2611 38 23 No
2050 2619 83 23 person
2144 2615 24 20 to
2179 2611 29 24 be
2225 2610 95 25 allowed
2337 2614 24 20 to
2379 2611 120 24 subscribe

1907 2645 36 25 for
1953 2652 63 16 more
2027 2644 57 24 than
2094 2647 31 21 50
2138 2644 94 24 Shares.

1942 2680 29 21 5.-
1971 2691 30 3 —
2001 2677 51 24 The
2065 2677 98 24 Officers
2176 2677 25 24 of
2215 2677 39 24 the
2265 2677 126 32 Company*
2401 2682 22 19 to
2445 2687 55 15 con-

1906 2713 44 23 sist
1966 2711 26 23 of
2012 2712 53 22 nine
2084 2710 119 24 Directors
2222 2711 45 23 and
2284 2719 15 15 a
2318 2712 104 29 Cashier,
2442 2712 56 23 with

1906 2744 64 25 such'
1981 2745 123 23 assistance
2121 2751 26 16 as
2166 2745 39 23 the
2223 2743 120 25 Directors
2361 2753 54 23 may
2432 2745 67 24 deem

1905 2785 129 22 necessary.

1941 2812 22 23 6.
1965 2823 34 5 —
2000 2811 51 23 The
2069 2811 120 24 Directors
2208 2815 22 19 to
2248 2811 29 23 be
2296 2810 88 25 elected
2401 2811 36 24 for
2453 2819 45 16 one

1905 2852 61 25 year,
1978 2844 32 31 by
2020 2844 39 23 the
2071 2843 163 25 Shareholders
2245 2852 5 21 ;
2271 2849 24 19 at
2311 2844 39 24 the
2369 2846 130 30 expiration

1906 2879 27 24 of
1946 2878 49 23 that
2011 2877 87 31 period,
2118 2885 43 16 one
2179 2877 62 23 third
2258 2877 27 24 of
2299 2877 40 24 tlxe
2354 2879 106 28 number,
2472 2882 25 19 to

1905 2913 30 23 be
1945 2911 141 23 determined
2095 2911 31 31 by
2138 2911 42 29 lot,
2200 2910 58 24 shall
2276 2912 78 28 retire,
2373 2912 46 22 and
2436 2912 61 23 their

1905 2946 64 31 place
1985 2944 30 23 be
2031 2944 64 24 filled
2111 2945 36 30 by-
2160 2943 64 25 fresh
2237 2945 105 28 election,
2343 2957 35 4 —
2379 2945 38 23 the
2428 2946 69 23 retir-

1906 2980 40 30 ing
1956 2978 120 24 Directors
2087 2981 22 20 to
2120 2978 30 24 be
2163 2977 90 31 capable
2267 2978 26 23 of
2306 2978 145 24 re-election.

1940 3012 23 25 7.
1965 3023 34 4 —
2000 3011 51 23 The
2071 3011 96 24 Cashier
2185 3014 23 19 to
2221 3011 28 23 be
2268 3011 124 31 appointed
2406 3012 33 30 by
2458 3012 39 23 the

1905 3046 126 27 Directors,
2045 3044 46 23 and
2100 3044 130 24 removable
2243 3048 23 19 at
2276 3044 61 23 their
2348 3045 114 30 pleasure.

1940 3079 23 22 8.
1965 3091 34 3 —
2001 3077 165 26 Qualification
2183 3077 27 23 of
2228 3077 122 24 Directors
2368 3082 23 19 to
2412 3078 28 23 be
2467 3080 30 22 15

1907 3113 93 24 Shares.

1939 3145 24 24 9.
1964 3157 35 5 —
2000 3143 36 24 In'
2041 3143 31 24 all
2083 3145 112 30 meetings
2208 3143 24 23 of
2246 3143 175 30 Shareliolders,
2437 3145 67 23 Pro-

1905 3178 97 33 prietors
2020 3181 23 20 to
2058 3177 58 23 have
2128 3185 44 16 one
2184 3180 49 20 vote
2244 3177 36 23 for
2292 3185 72 22 every
2373 3180 15 21 5
2401 3178 101 24 Shares*-

1942 3213 38 22 10:
1982 3223 35 4 —
2017 3211 38 23 No
2062 3211 48 23 Bill
2121 3214 25 20 to
2156 3211 30 23 be
2194 3209 134 25 discounted
2335 3215 82 27 except
2421 3211 76 24 under

1905 3246 42 23 the
1955 3244 103 24 sanction
2077 3244 24 23 of
2116 3244 64 24 three
2199 3244 25 23 of
2239 3244 38 23 the
2295 3244 136 29 Directors;
2454 3252 45 16 nor

1905 3279 21 24 if
1936 3277 102 32 objected
2048 3280 24 21 to
2082 3277 32 31 by.
2125 3285 45 16 one
2180 3277 27 23 of
2215 3277 63 24 three
2290 3277 26 24 of
2325 3277 38 24 the
2375 3277 122 24 Directors

1905 3315 101 29 present.

1942 3346 39 22 11.
1982 3357 34 3 —
2016 3343 119 32 Meetings
2146 3348 24 19 to
2180 3343 30 24 be
2224 3343 55 24 held
2295 3343 148 32 half-yearly,
2462 3345 37 22 for

1906 3379 147 29 thepurpose
2065 3377 25 23 of
2105 3378 117 30 declaring
2232 3376 138 30 Dividends,
2384 3378 42 22 &c.

1942 3412 39 23 12.
1982 3423 35 4 —
2017 3410 25 24 A
2064 3414 127 21 statement
2210 3411 24 23 of
2254 3411 40 23 the
2316 3410 76 24 affairs
2411 3411 26 23 of
2459 3411 40 23 the

1907 3443 68 26 Bxink
1986 3448 24 19 to
2025 3444 29 23 be
2072 3444 46 24 laid
2135 3444 79 24 before
2232 3443 38 24 the
2290 3443 165 24 Shareholders
2474 3448 28 19 ab

1906 3477 55 25 each
1985 3477 57 23 such
2065 3477 141 31 half-yearly
2227 3477 109 31 meeting,
2359 3477 45 23 and
2427 3477 72 23 after-

1905 3510 74 25 wards
2007 3510 122 31 published
2156 3512 26 22 in
2210 3510 36 24 the
2283 3510 16 13 '*
2309 3510 59 23 New
2396 3510 104 23 Zealand

1940 3603 24 24 A
1975 3602 70 25 Deed'
2054 3604 25 23 of
2094 3604 144 28 Settlement,
2255 3607 24 19 to
2289 3603 30 23 be
2332 3602 81 32 signed
2422 3602 32 31 by.
2466 3602 39 24 all'

1908 3638 37 23 the
1965 3636 173 31 Shareholders,
2159 3636 137 31 embodying
2316 3636 65 23 these
2398 3635 47 23 and
2466 3635 33 23 all

1907 3669 64 26 other
1987 3678 122 23 necessary
2119 3669 148 32 regulations,
2285 3669 47 23 will
2346 3668 29 24 be
2386 3668 117 32 prepared-

1906 3712 25 16 as
1943 3703 102 32 speedily
2056 3712 25 16 as
2091 3703 110 32 possible.

1924 3762 258 25 PROPOSITIONS
2194 3769 33 16 at
2239 3769 53 16 the
2305 3761 174 24 MEETING.

1941 3799 22 21 1.
1966 3809 34 4 —
2001 3796 65 24 That
2071 3796 37 24 the
2114 3797 139 30 Prospectus
2260 3802 52 16 now
2319 3795 54 23 read
2379 3795 29 23 be
2415 3795 83 31 adopt-

1907 3829 28 26 ed
1945 3829 46 24 and
2001 3829 98 32 printed.

1940 3865 23 22 2.
1965 3874 35 5 —
2001 3863 63 24 That
2086 3863 98 30 Captain
2208 3861 101 24 Edward
2335 3860 94 24 Daniell
2451 3862 47 23 and

1906 3895 99 26 Messrs.
2018 3896 130 30 Partridge,
2163 3894 71 28 Watt,
2248 3894 88 28 Millar,
2350 3893 44 24 and
2405 3894 93 29 Pierce,

1907 3930 28 24 do
1951 3928 59 24 form
2029 3936 13 16 a
2061 3928 144 26 Provisional
2216 3927 137 26 Coomittee
2365 3931 22 20 to
2400 3935 66 23 carry
2478 3928 19 24 it

1908 3965 47 23 into
1968 3962 73 25 effect.
