3520 4660
2945 3121 172 26 NATIONAL
3141 3121 230 27 ASSOCIATION.

2928 3188 22 24 A
2972 3187 109 31 meeting
3098 3188 26 24 of
3145 3187 44 25 the
3213 3187 89 25 Oxford
3325 3187 100 25 Branch

2896 3231 27 25 of
2940 3231 43 25 the
2990 3256 4 3 .
3003 3231 154 25 Association
3176 3238 50 17 was
3239 3230 58 25 held
3308 3238 33 17 on
3352 3231 72 24 Mon-

2896 3274 46 31 day
2957 3274 82 32 night.
3084 3274 107 32 Reports
3213 3274 65 25 from
3293 3273 44 26 the
3359 3274 66 25 dele-

2897 3321 67 28 gates
2971 3339 3 3 .
2985 3318 52 24 who
3057 3318 50 24 had
3129 3318 114 24 attended
3259 3318 122 30 meetings
3399 3319 26 23 at

2897 3361 123 31 Bangiora
3037 3361 49 24 and
3097 3360 132 34 Amberley
3241 3368 60 17 were
3316 3361 110 25 received

2897 3405 48 23 and
2961 3404 134 24 discussed.
3147 3404 24 23 It
3197 3412 53 17 was.
3272 3404 101 24 decided
3400 3406 26 23 to

2898 3448 48 25 call
2962 3455 15 17 a
2988 3449 95 30 general
3092 3448 109 31 meeting
3217 3448 38 25 for
3267 3448 42 25 the
3317 3448 104 26 election

2899 3492 25 24 of
2947 3492 141 25 committee
3105 3492 49 24 and
3176 3492 71 25 other
3271 3492 121 26 business.

2547 3519 117 24 BIRTH.

2371 3580 109 26 Gobton.
2482 3594 33 5 —
2516 3579 132 36 Julj;,2nd.
2668 3580 26 24 at
2719 3578 76 27 View.-
2801 3578 68 30 .Hill,

2341 3621 38 23 the
2390 3620 56 24 wife
2463 3620 26 24 of
2506 3619 24 24 J.
2543 3619 31 24 R.
2588 3618 105 26 Gorton,
2714 3618 27 24 of
2762 3625 15 17 a
2800 3625 53 17 son.

2931 3626 181 25 RANGIORA
3156 3626 238 25 PROHIBITION

3088 3666 153 25 LEAGUE.

2932 3733 22 23 A
2970 3730 107 33 meeting
3094 3732 27 24 of
3135 3732 42 24 the
3194 3733 99 30 Laague
3305 3740 50 17 was
3367 3733 57 24 held

2900 3772 26 25 m
2943 3772 43 25 the
3004 3772 127 31 Wesleyan
3150 3771 156 27 Schoolroom
3318 3780 32 18 on
3360 3772 69 25 Mon-

2900 3813 54 32 day,
2973 3812 42 26 the
3024 3812 59 25 Rev.
3101 3812 29 24 P.
3148 3812 36 25 R..
3192 3812 89 26 Monro
3292 3813 132 32 presiding.

2900 3857 24 25 It
2941 3865 51 17 was
3008 3856 101 26 decided
3124 3859 27 22 to
3175 3857 55 31 give
3248 3857 43 25 the
3313 3857 60 26 Rev.
3396 3858 31 23 L.

2901 3898 35 23 M.
2960 3898 58 25 Isitt
3041 3906 16 16 a
3073 3897 83 32 public
3183 3899 123 30 reception
3333 3899 26 23 m
3387 3898 44 24 the

2900 3935 66 25 Drill
2983 3935 61 25 Hall
3074 3943 31 17 on
3130 3935 60 33 July
3191 3935 5 14 7
3207 3935 4 7 '
3218 3935 69 27 17th.
3305 3937 48 24 and
3378 3936 53 25 also

2901 3971 72 28 make
2985 3975 185 31 arrangements
3181 3974 37 26 for
3234 3974 54 26 him
3297 3975 26 25 to
3334 3972 98 30 address

2902 4024 14 16 a
2927 4015 81 33 public
3028 4015 109 33 meeting
3159 4017 26 24 at
3204 4015 93 26 Oxford
3314 4017 40 25 the
3366 4025 65 17 same

2902 4057 106 26 week.'-''
3023 4057 96 26 Officers
3119 4055 52 27 i'6f
3188 4057 41 26 the
3251 4057 100 32 League
3373 4066 59 17 were

2902 4095 125 26 elected—
3027 4096 53 24 Rev
3090 4095 29 25 P.
3140 4095 32 25 R.
3192 4094 90 27 Monrb
3298 4095 131 32 president,

2902 4134 43 26 the
2957 4135 53 25 Rev
3028 4134 29 26 T.
3079 4134 32 26 Gc.
3124 4134 60 26 Carr
3206 4135 50 25 and
3279 4134 40 26 Mr
3331 4135 28 25 T.
3371 4135 60 25 Keir
3431 4137 16 28 ':{

2903 4169 207 36 vice-presideiits,
3130 4172 49 26 and
3196 4173 40 25 Mr
3246 4174 35 24 H.
3293 4174 32 25 L.
3337 4174 97 31 Rogers'

2903 4214 129 29 secretary.
3076 4212 22 24 A
3121 4212 138 25 committee
3282 4212 27 25 of
3319 4225 4 4 •
3330 4212 38 25 six
3384 4220 49 18 was

2895 4262 4 9 •
3056 4256 25 22 to
3091 4261 82 25 'carry
3262 4253 172 33 the'frbpbsed

2903 4295 131 30 reception.
3079 4294 26 24 It
3127 4302 50 17 was
3199 4295 109 23 resolved
3325 4296 27 23 to
3373 4294 61 25 hold

2905 4341 17 18 a,
2931 4332 110 31 meeting
3058 4335 60 21 next
3139 4332 74 24 week-
3226 4334 26 21 at
3267 4332 132 24 'Feirisider
3406 4339 28 17 m
3434 4332 5 9 :

2897 4370 113 33 .support
3018 4371 25 25 of
3053 4370 164 35 P,ronibition}
3225 4372 6 15 :
3229 4367 27 29 $d
3267 4369 69 40 b|i,d
3336 4363 6 17 f
3337 4367 99 35 dr6i^tl

2905 4413 32 30 by
2949 4410 81 25 MrT.
3051 4410 32 25 E.
3107 4411 90 32 Taylor
3217 4410 49 25 and
3282 4402 98 34 Others.
3415 4412 22 24 A
3450 4421 5 24 ;

2985 4451 101 24 amount
3093 4450 43 26 -of
3149 4450 95 26 routine
3268 4449 113 27 Business
3396 4455 39 21 dc-
3449 4460 6 3 -

2906 4490 88 32 cupiad
2999 4492 4 3 '
3016 4485 129 31 'attention
3181 4490 49 25 and
3258 4491 42 24 the
3327 4488 110 34 meetiiig

2906 4528 157 24 fermina'tefli
3094 4530 5 16 :
3152 4537 4 15 ;
3264 4529 6 13 '
3340 4532 2 4 '
3349 4526 3 14 :
3398 4527 3 5 '

2341 3693 79 110 The
2446 3693 159 110 Oxford
2631 3693 237 110 Observer.

2341 3803 279 109 PUBLISHED
2651 3803 217 109 WEEKLY.

2367 3912 172 21 SATURDAY
2592 3912 78 21 JULY
2720 3912 48 24 4th,
2807 3912 54 19 1896

2382 4020 57 32 We
2467 4020 79 33 have
2584 4022 62 31 und
2649 4033 32 27 ci;
2716 4022 112 31 review
2855 4031 19 22 a

2341 4062 163 39 pamphlet,
2534 4064 33 29 of
2598 4065 48 32 48.
2653 4092 5 5 ,
2680 4075 96 29 pages
2827 4064 48 29 il-

2341 4103 165 39 lustrated,,
2568 4104 104 35 issued
2720 4106 43 41 by
2770 4127 7 3 -
2777 4132 3 10 :
2820 4105 54 34 the

2344 4144 220 32 Christchurch
2571 4166 2 10 :
2585 4146 85 31 Meat
2703 4146 171 41 Company,

2347 4185 129 29 entitled
2503 4186 156 40 Islington
2688 4188 183 32 Fertilisers.

2345 4225 47 30 On
2422 4226 52 29 the
2502 4228 136 40 opening
2659 4239 80 31 page
2766 4230 26 30 it
2819 4229 56 44 l^as

2345 4277 18 20 a
2386 4277 78 29 very
2493 4271 197 38 appropriate
2715 4272 160 39 quotatipn

2344 4308 79 31 from
2454 4307 98 32 Swift.
2556 4328 42 4 —
2720 4313 38 29 he
2790 4313 85 40 gives

2344 4347 26 30 it
2396 4347 49 32 for
2465 4347 49 32 his
2540 4351 135 39 opinion,
2707 4353 69 30 that
2797 4353 78 31 who-

2345 4398 76 21 ever
2439 4389 103 32 would
2566 4393 90 31 make
2676 4394 63 31 two
2761 4405 70 21 ears
2845 4396 30 30 of

2345 4440 74 20 corn
2448 4440 35 21 or
2517 4436 62 28 two
2609 4435 106 31 blades
2737 4437 33 30 of
2790 4444 85 36 grass

2345 4481 87 30 grow
2452 4482 85 30 upon
2558 4485 19 19 a
2597 4476 72 40 spot
2704 4477 32 30 of
2757 4479 118 37 ground

2345 4513 102 31 where
2475 4514 75 40 only
2572 4525 59 21 one
2638 4515 19 19 v
2657 4527 85 29 grew
2762 4518 113 38 before,

2900 209 104 30 would
3017 209 127 33 deserve
3165 211 102 31 better
3286 210 36 32 of
3345 219 89 21 man-

2902 250 85 37 kind,
3010 243 58 43 an<j
3102 252 41 31 do
3163 263 83 21 more
3287 249 147 36 essential

2899 293 118 31 service
3046 297 31 26 to
3104 293 50 33 his
3176 294 151 40 Goutttry,
3354 294 78 30 than

2898 333 54 30 the
2975 333 98 32 whole
3100 345 71 20 race
3198 336 36 30 of
3257 335 176 41 politician*

2900 376 56 38 put
3161 374 74 33 This
3248 376 55 31 the
3325 374 104 33 writer

2898 409 106 37 ciaiins
3019 427 57 20 can
3101 417 39 31 be
3163 417 81 32 done
3269 418 76 32 with
3374 419 54 31 the

2895 463 57 25 USe
2966 456 36 30 of
3017 458 134 31 suitable
3171 452 185 48 fertilisers.
3396 459 33 30 It

2897 498 96 42 refers
3006 500 34 29 to
3063 500 54 30 the
3140 499 149 32 immense
3314 500 114 31 strides

2896 538 90 31 made
3011 539 34 30 m
3078 538 210 42 Agricultural
3316 540 109 34 Chem-

2895 580 80 44 istry
2989 578 113 43 during
3130 580 52 32 the
3208 585 71 38 past
3305 585 122 39 twenty

2894 631 90 29 years
2994 632 9 25 ;
3046 622 60 30 and
3142 622 53 31 the
3222 618 204 46 adaptability

2894 662 34 30 of
2948 659 156 44 Islington
3117 663 176 36 Fertilisers
3306 668 34 28 to
3353 675 70 21 var-

2893 702 77 37 ious;;
2976 704 112 32 classes
3112 705 37 31 of
3164 705 72 31 land
3265 707 61 30 and
3354 716 71 32 par-

2893 745 110 30 ticular
3017 756 100 30 crops,
3137 747 26 29 it
3183 747 66 31 also
3262 748 163 40 impresses

2894 785 53 31 the
2974 786 115 31 farmer
3108 787 70 30 that
3198 788 27 30 if
3244 787 39 31 he
3310 788 114 31 desires

2893 833 33 23 to
2940 827 134 40 produce
3088 828 82 40 good
3184 838 88 31 crops
3286 828 40 32 he
3340 835 83 30 must

2893 872 116 27 restore
3023 872 34 28 to
3072 870 53 30 the
3133 869 75 31 land
3222 870 83 32 what
3319 870 105 32 chem-

2893 909 59 31 ical
2973 915 148 37 property
3147 911 57 31 has
3225 912 78 31 been
3330 912 94 31 taken

2891 950 80 31 from
3006 952 26 30 it
3072 952 44 40 by
3157 953 141 39 previous
3334 964 90 32 crops

2892 992 102 30 which
3022 1002 57 21 can
3113 994 75 39 only
3208 994 39 29 be
3275 994 78 31 done
3381 996 43 40 by

2892 1033 93 39 using
3017 1034 54 29 the
3098 1034 87 39 right
3225 1045 142 22 manures
3391 1040 33 26 at

2893 1072 54 31 the
2981 1074 85 38 right
3094 1076 85 36 time,
3200 1076 34 29 m
3261 1076 53 31 the
3337 1077 86 39 right

2893 1114 167 38 condition,
3084 1116 63 29 and
3189 1117 33 30 m
3243 1116 52 31 the
3336 1118 87 39 right

2894 1156 154 40 quantity.
3110 1156 28 31 A
3165 1157 93 32 series
3282 1158 33 31 of
3335 1159 87 31 short

2893 1196 122 30 articles
3056 1197 106 31 follow
3216 1209 41 20 on
3297 1200 125 30 various

2893 1236 148 31 chemical
3061 1240 171 39 properties
3255 1239 100 31 which
3370 1251 53 20 are

2893 1279 169 39 important
3105 1281 146 31 elements
3293 1282 32 30 m
3368 1283 53 31 the

2895 1319 179 32 cultivation
3104 1323 32 29 of
3171 1323 124 34 ccarels,
3323 1334 98 29 grass,

2894 1371 80 29 rape,
2997 1364 131 39 turnips,
3153 1364 148 37 mangles,
3329 1370 95 33 pota-

2894 1404 65 28 toes
2975 1403 56 30 &c.
3047 1404 60 30 and
3120 1404 88 31 when
3222 1404 76 41 they
3312 1405 111 31 should

2895 1443 37 30 be
2947 1444 124 39 applied
3099 1445 54 31 &c.
3181 1446 76 30 with
3286 1456 18 20 a
3328 1446 96 30 tabu-

2894 1484 84 31 lated
2992 1490 106 36 report
3120 1487 108 36 copied
3239 1515 3 4 .
3251 1488 81 30 from
3349 1488 73 31 'The

2894 1526 91 30 Mark
3012 1527 87 32 Lane
3133 1528 136 40 Express
3271 1531 8 12 7
3313 1530 35 29 of
3371 1540 52 20 ex-

2894 1567 164 39 periments
3082 1568 79 31 tried
3195 1569 76 30 with
3300 1570 122 30 various

2893 1607 164 31 chemicals
3081 1609 109 41 giving
3231 1610 81 31 their
3352 1621 71 20 res-

2893 1650 120 39 pective
3036 1651 111 31 results
3183 1651 99 31 which
3311 1651 112 32 should

2893 1691 37 30 be
2957 1690 189 43 thoroughly
3174 1693 186 31 understood
3380 1695 43 39 by

2893 1731 42 31 all
2961 1733 141 31 farmers.
3153 1735 32 29 A
3218 1734 87 31 short
3333 1745 89 31 essay

2892 1784 40 20 on
2947 1775 65 30 The
3025 1776 127 39 Liming
3162 1777 33 29 of
3211 1777 87 29 Land
3311 1777 27 30 is
3352 1777 71 29 well

2891 1815 98 29 worth
3024 1817 131 39 reading
3181 1817 76 30 with
3288 1817 134 40 thought

2891 1856 61 30 and
2966 1857 106 40 acting
3092 1867 92 30 upon.
3227 1857 64 31 The
3319 1858 103 30 writer

2892 1897 56 31 has
2969 1898 89 31 made
3088 1909 19 19 a
3142 1898 171 39 digression
3340 1899 80 30 from

2891 1938 52 32 the
2966 1939 90 31 usual
3064 1952 5 7 v
3094 1940 81 40 style
3201 1940 44 41 by
3271 1941 151 39 inserting

2891 1990 19 19 a
2950 1982 150 38 complete
3140 1982 53 30 list
3234 1982 34 30 of
3305 1982 115 30 entries

2891 2021 78 30 with
3003 2022 55 30 the
3109 2022 134 31 winners
3278 2022 33 31 of
3365 2022 55 30 the

2891 2063 98 35 prizes
3023 2067 33 25 at
3088 2063 54 30 the
3176 2064 112 29 winter
3319 2064 101 29 shows

2891 2102 72 31 held
2985 2104 34 29 m
3054 2104 230 36 Ckristchurch,
3327 2104 91 37 Gore,

2891 2142 61 31 and
2966 2144 209 40 Invercargill,
3217 2145 54 30 the
3284 2144 163 40 analysis*

2890 2185 33 31 of
2957 2185 101 33 which
3092 2196 100 22 &nows
3227 2186 84 31 there
3338 2196 81 22 were

2890 2229 60 29 402
2965 2230 123 36 entries,
3107 2229 38 31 79
3156 2229 98 39 prizes
3269 2229 151 35 awarded,

2891 2269 40 30 54
2964 2269 33 30 of
3032 2269 100 31 which
3163 2279 79 21 were
3272 2279 71 21 won
3379 2269 41 39 by
3443 2286 12 13 *

2890 2309 153 41 Islington
3071 2311 118 35 clients,
3204 2320 47 20 or:
3267 2302 188 47 equalr-^r*'

2891 2352 38 29 68
2931 2351 18 40 J
2972 2361 56 30 per
3056 2354 70 28 cent
3154 2351 34 30 of
3210 2351 55 30 the
3292 2352 126 29 awards.

2890 2393 41 29 As
2945 2393 27 29 is
2985 2393 91 29 usual
3098 2403 47 19 we
3170 2392 62 30 find
3257 2401 18 20 a
3289 2392 129 30 number

2891 2434 32 30 of
2947 2433 205 31 testimonials
3178 2433 82 31 from
3286 2433 131 30 farmers

2891 2476 69 30 who
2978 2476 79 30 have
3071 2476 76 30 used
3170 2474 155 40 Islington
3340 2474 79 30 Fer-

2891 2517 114 30 tilisers
3037 2516 77 30 with
3146 2515 193 40 exceptional
3366 2525 54 19 re-

2892 2558 86 29 sults,
3020 2556 65 30 The
3098 2557 82 29 book
3206 2556 124 30 finishes
3344 2556 76 29 with

2894 2598 98 38 postal
3004 2601 83 28 rates
3107 2598 51 30 for
3184 2596 76 32 New
3274 2596 146 37 Zealand,

2893 2640 116 30 United
3036 2639 166 40 Kingdom,
3229 2638 54 31 &c.
3316 2638 58 30 and
3403 2649 17 18 a

2894 2681 143 32 calendar
3058 2681 47 30 for
3133 2681 80 30 1896
3239 2681 62 30 and
3329 2680 90 31 1897.

2895 2723 54 31 We
2963 2726 113 27 cannot
3090 2721 38 31 do
3153 2722 162 30 otherwise
3343 2721 75 30 than

2895 2765 210 39 congratulate
3120 2763 64 31 The
3199 2762 221 31 Christchurch

2895 2805 83 29 Meat
2992 2804 159 39 Company
3166 2814 40 19 on
3229 2804 54 29 the
3297 2807 127 25 amount

2895 2845 34 30 of
2949 2845 134 40 thought
3111 2845 62 29 and
3207 2843 86 30 work
3319 2843 102 31 which

2895 2887 54 31 has
3004 2887 75 30 been
3116 2885 123 40 applied
3273 2888 34 27 to
3341 2885 81 29 issue

2894 2928 83 30 what
2996 2928 27 30 is
3036 2927 212 40 undoubtedly
3275 2927 53 29 the
3352 2927 68 29 best

2895 2968 34 30 of
2945 2969 42 29 its
3007 2968 77 30 kind
3105 2978 72 20 ever
3198 2967 172 40 published.

1205 67 171 35 OXJOKD
1411 69 229 35 OBSMVIR
1701 65 241 39 SATURDAY.
1982 58 110 39 JULY
2154 67 32 37 4,
2249 67 80 33 11$$

2360 203 254 52 OXFORD
2654 201 206 53 RiMSON

2459 298 291 39 FACTORY.
2873 282 4 68 \

2588 361 29 22 ♦
2694 370 39 7 —
2844 376 13 14 .:
2874 370 3 21 I

2336 430 127 59 BACON
2491 432 51 25 and
2574 431 81 31 hams,
2689 432 53 28 thif
2761 434 108 24 season's
2874 433 3 14 1

2395 472 66 22 cure,
2495 465 61 29 lard,
2579 465 55 25 *xl«
2650 473 86 24 grease
2747 473 16 18 a
2778 466 100 32 special:

2335 497 147 33 compound.
2874 495 4 33 \

2392 557 42 47 J.
2500 557 309 50 PAELANE
2874 554 5 50 !

2512 637 102 32 East
2658 636 167 44 Q:sJfor<i.

2414 725 32 5 —
2446 725 7 5 -
2499 725 2 5 •
2706 739 2 2 .
2736 728 16 4 —
2837 727 24 14 r~*

2431 774 136 46 TOR
2590 775 181 45 SALE.

2530 838 140 31 CHEAP

2333 919 184 79 iWELL
2545 921 80 29 built
2660 921 104 36 house,
2794 932 69 19 con-

2386 960 122 41 taining
2514 961 23 29 4
2547 971 102 21 rooms
2660 962 62 29 and
2731 961 134 42 scullery

2335 1001 73 30 Iron
2423 1002 69 30 roof
2505 1002 59 29 and
2592 1003 69 30 bow
2681 1003 133 30 window
2832 1008 33 25 to

2331 1040 86 31 front
2430 1052 96 26 room,
2556 1043 40 38 ]^
2609 1053 86 20 acres
2720 1044 33 29 of
2780 1043 82 39 land,

2331 1083 118 40 garden
2476 1083 107 39 neatly
2625 1084 136 39 planted.
2803 1085 62 29 400

2332 1123 104 40 gallon
2460 1123 69 32 iron
2557 1124 86 37 tank,
2680 1125 99 30 stable
2804 1125 63 30 and

2331 1164 67 31 loft.

2332 1205 61 30 For
2420 1206 121 30 further
2554 1207 187 38 particulars
2770 1208 95 39 apply

2414 1254 66 31 ME
2495 1256 112 31 THOS
2624 1257 111 30 SHEA

2496 1297 160 32 Terminus
2684 1299 96 31 Hotel

2620 1339 90 31 West
2725 1341 131 31 Oxford.

2331 1485 123 46 J-T.
2481 1486 200 56 Brown,
2703 1489 41 44 &
2765 1489 96 45 Son

2385 1553 110 21 TIMBER
2504 1555 18 19 4
2532 1554 73 21 COAL
2618 1555 183 22 MERCHANTS.

2505 1591 164 23 IMPORTKES

2331 1627 36 28 Of
2392 1627 144 30 TIMBER
2564 1630 54 27 and
2647 1630 49 28 All
2725 1631 89 28 Kinds
2837 1631 28 28 of

2384 1675 187 29 BUILDING
2594 1677 222 28 MATERIALS.

2519 1722 151 29 CORNER

2331 1764 164 26 COLOMBO
2535 1767 19 23 &
2582 1766 98 26 TUAM
2709 1766 155 27 STREETS

2487 1809 194 26 Cbbistohuboh

2332 2073 230 28 CANTERBUEY
2581 2077 94 24 LAND
2692 2075 169 26 DISTRICT.

2334 2161 122 27 SMALL
2489 2162 155 26 GRAZING
2680 2163 75 25 RUN
2787 2158 68 30 FDR

2375 2202 111 28 LEASE
2510 2203 45 27 ON
2578 2204 239 27 APPLICATION.

2333 2280 43 58 IT
2388 2280 21 25 is
2421 2280 92 32 hereby
2523 2281 102 25 notified
2635 2282 26 24 m
2674 2284 74 22 terms
2760 2282 28 25 of

2468 2313 55 30 Act,
2646 2315 50 24 and
2790 2315 72 24 Land

2333 2346 36 25 for
2381 2346 162 26 Settlements
2554 2348 55 30 Act,
2741 2348 56 25 that
2820 2347 43 27 the

2334 2380 216 24 undermentioned

2390 2411 117 26 SMALL
2541 2412 153 26 GRAZING
2736 2413 71 25 RUN

2334 2445 61 25 Will
2406 2445 30 25 be
2458 2454 62 23 open
2542 2447 39 24 for
2602 2447 149 32 application
2771 2455 32 16 on
2814 2446 49 25 and

2334 2479 63 24 after
2407 2479 230 30 WEDNESDAY,
2656 2480 59 32 May
2727 2482 38 26 13,
2778 2481 84 24 1896:-

2369 2511 144 25 SECTION
2525 2513 81 24 36589
2618 2513 47 23 and
2676 2513 49 24 Lot
2737 2513 23 25 2.
2773 2513 90 31 Ashley

2335 2543 81 32 Gorge
2430 2543 154 31 Settlement,
2608 2553 61 16 near
2689 2545 63 24 East
2764 2545 99 25 Oxford.

2330 2571 72 30 'Area
2410 2578 64 24 915a
2486 2578 28 23 2r
2522 2578 40 31 2p.
2573 2578 104 24 Annual
2682 2579 54 23 rent
2747 2578 50 25 £81
2811 2579 52 23 11s.

2367 2644 87 24 Forms
2467 2644 27 24 of
2503 2644 153 31 application,
2677 2644 71 33 plans
2760 2646 49 23 and
2819 2644 46 25 full

2334 2677 143 31 particulars
2501 2685 58 24 may
2581 2677 31 26 be
2634 2678 115 25 obtained
2770 2680 26 23 at
2814 2677 51 26 this

2335 2710 77 24 office.

2499 2740 84 29 J.W.
2604 2744 30 25 A.
2652 2744 197 26 MARCHANT.

2433 2776 188 25 Commissioner
2632 2778 25 23 of
2675 2771 86 31 (jiaym
2775 2778 82 24 Lands

2335 2808 102 26 District
2449 2809 85 24 Lands
2551 2810 50 23 and
2621 2811 94 29 Survey
2735 2810 82 28 Office,

2411 2840 184 30 Christchurch,
2608 2842 70 31 April
2698 2843 39 27 13,
2761 2843 71 24 1896.

2466 2979 258 47 NOTICE-
2825 2989 3 43 ;

2336 3109 151 59 HAVING
2498 3109 49 25 had
2558 3108 73 33 sheep
2665 3108 100 26 worried
2776 3116 33 18 on
2825 3116 41 24 my

2399 3143 94 25 section
2509 3148 23 19 at
2550 3142 143 30 Woodside,
2712 3151 48 23 any
2776 3150 90 24 person

2334 3176 77 24 found
2428 3177 148 30 trespassing
2604 3175 61 26 with
2689 3176 48 30 dog
2762 3183 28 16 or
2818 3183 49 23 gun

2334 3209 49 25 will
2411 3208 31 25 be
2475 3208 153 32 prosecuted,
2663 3207 50 25 and
2746 3215 48 24 any
2820 3207 48 32 dog

2336 3247 92 32 caught
2446 3247 50 25 will
2511 3247 30 25 be
2559 3246 137 32 destroyed.
2736 3268 2 2 .

2562 3319 30 24 R.
2611 3317 158 30 BOWMAN,

2694 3378 141 25 Woodside.

1917 217 127 23 DOUBLI
2065 217 111 29 WipTH

1793 261 195 46 DRESS
2040 261 256 50 TWEIDS

1953 332 82 40 (half
2048 332 96 41 price)

1790 380 120 32 Melton
1927 381 112 32 Tweed
2054 380 52 33 6d.
2123 382 101 31 worth
2239 384 62 42 IQJ.
2311 403 2 2 ■

1776 427 116 34 Melton
1908 428 113 33 Tweed
2037 431 44 31 la.
2096 427 101 35 wortt
2212 432 44 32 Is.
2268 433 49 40 6d;

1771 511 3 4 ,
1789 481 102 32 better
1913 481 91 40 y^lue
2028 481 77 30 than
2129 481 167 42 travelling
2313 490 3 8 '

1851 536 126 41 drapers
1991 535 65 32 will
2068 537 73 40 give
2155 544 70 24 You.
2313 538 4 36 \

1877 657 81 30 New
1979 657 80 33 This
2075 657 129 35 JSeason

1775 703 34 33 7&
1831 705 42 31 6d
1913 706 146 31 Reduced
2073 706 80 31 from
2210 708 55 31 12s
2286 711 19 29 6

1771 767 42 29 15
1835 767 42 30 6d
2000 791 19 13 „
2103 792 17 15 „
2210 770 54 30 20s
2285 765 20 36 6

1789 867 236 30 MANOHESTEB
2042 869 245 28 DEPARTMENT.

1772 921 115 38 Prints,
1908 923 113 32 checks
2036 924 61 30 and
2119 925 113 40 stripes

1772 975 97 32 Table
1891 976 160 38 Damasks,
2073 977 228 33 unbleached-

1853 1027 114 40 special
1988 1028 93 31 value
2096 1027 82 32 from
2193 1029 46 40 1/-

1771 1082 116 29 Brown
1922 1082 137 31 Holland
2094 1094 77 30 very
2206 1085 98 39 cheap

1771 1132 191 32 Flannelette
1978 1134 59 30 and
2053 1134 150 40 Shirting,
2224 1135 81 40 good

1852 1184 91 31 value
1962 1185 80 30 from
2064 1186 51 30 4d.

1771 1233 94 32 Floor
1886 1234 91 32 Cloth
1997 1236 82 41 good
2100 1240 33 27 at
2155 1236 49 32 9d.

1768 1285 91 33 Wide
1879 1287 113 31 Forfar
2013 1292 33 26 at
2068 1289 50 31 6d.

2010 1346 2 2 ■
2022 1346 28 20 ♦

1809 1393 118 33 BOY'S
1958 1395 303 32 DEPARTMENT.

1772 1452 202 423 fT
1989 1500 56 18 now
2054 1493 116 26 continue
2181 1496 25 22 to
2217 1494 87 26 devote

1952 1523 22 28 X
2010 1526 98 32 Special
2125 1527 131 26 Attention
2277 1532 27 21 to

1949 1558 52 25 this
2015 1558 170 32 Department,
2197 1562 50 22 and
2264 1568 40 18 am

1995 1617 73 22 NOW
2095 1616 154 25 OFFERING

2034 1694 102 21 LARGE
2150 1696 75 21 LINE

2004 1770 141 21 KNICKER
2164 1772 85 21 SUITS

1952 1805 26 21 at
1991 1805 41 21 the
2050 1805 117 26 following
2179 1805 124 21 SPECIAL

1952 1841 151 20 PRICES:—
2264 1856 2 19 (

1828 1884 33 20 To
1870 1883 29 22 fit
1905 1884 62 27 Boys
1976 1885 13 19 3
1998 1884 72 20 Years
2080 1884 35 27 5/6
2143 1884 14 20 5
2166 1885 71 21 Years
2251 1884 36 28 5/6

1986 1918 14 23 7
2011 1918 71 22 Years
2091 1918 36 28 5/6
2145 1919 14 21 9
2168 1919 72 22 Years
2254 1918 35 29 5/6

1803 1972 32 26 R.
1853 1972 34 26 H.
1905 1972 90 26 Parish
2011 1981 51 17 was
2079 1974 42 24 the
2137 1976 93 29 largest
2245 1982 58 23 pur-

1771 2015 87 25 chaser
1869 2017 27 23 at
1906 2016 42 24 the
1957 2016 51 24 sale
2019 2016 28 24 of
2055 2016 34 24 H.
2103 2016 78 31 Olney
2190 2016 49 25 and
2246 2016 57 25 Co's

1771 2058 129 26 wholesale
1917 2059 70 25 stock
2004 2059 28 25 of
2042 2059 118 32 Drapery,
2190 2060 114 32 securing

1771 2102 26 24 at
1814 2108 131 18 enormous
1964 2102 156 24 concessions
2131 2102 65 25 from
2214 2103 88 24 landed

1771 2145 61 28 cost,
1850 2144 43 25 the
1910 2144 79 26 whole
2005 2144 25 27 of
2046 2145 43 25 the
2106 2145 75 32 goods
2197 2146 28 25 m
2235 2153 69 19 some

1772 2187 27 27 cf
1813 2187 43 26 the
1872 2189 67 25 most
1955 2188 136 33 important
2108 2189 115 30 sections,
2246 2197 57 19 con-

1773 2233 88 31 sisting
1877 2233 28 25 of
1915 2233 104 32 jackets,
2037 2241 81 24 capes,
2146 2242 55 17 new
2218 2242 85 17 season

1772 2274 57 26 Pelt
1845 2275 73 30 Hats,
1935 2275 116 30 Flowers,
2069 2276 128 30 Feathers,
2216 2276 88 32 Wings

1772 2318 73 29 Lace,
1864 2318 114 33 Hosiery,
2008 2319 195 33 Haberdashery,
2225 2320 81 25 Trim-

1772 2362 77 31 ming.
1868 2362 116 30 Buttons,
2004 2362 74 30 Silks,
2091 2363 113 30 Plushes,
2218 2364 87 24 Hand-

1772 2404 129 31 kerchiefs,
1918 2405 51 25 and
1985 2406 99 31 general
2109 2406 83 31 goods.
2228 2407 78 25 These

1773 2449 111 31 together
1900 2449 62 24 with
1978 2457 134 18 numerous
2129 2450 72 25 other
2223 2451 81 32 equal-

1773 2499 17 23 y
1805 2492 120 25 desirable
1941 2492 72 30 lines,
2042 2493 50 25 will
2119 2494 27 23 be
2164 2492 141 27 submitted

1773 2536 38 24 for
1828 2536 57 28 sale,
1904 2538 27 22 at
1946 2536 80 27 prices
2044 2536 27 24 m
2088 2544 76 23 many
2181 2537 125 25 instances

1773 2577 49 25 less
1839 2578 63 24 than
1918 2578 56 25 half
1999 2578 43 25 the
2059 2579 105 32 original
2192 2581 53 23 cost
2255 2588 6 21 ;
2292 2587 14 17 a

1786 2630 56 24 arge
1855 2627 93 27 variety
1960 2623 27 24 of
1995 2623 115 28 Buttons,
2128 2625 25 23 at
2169 2632 45 16 one
2224 2632 83 24 penny

1773 2674 44 24 per
1833 2666 66 25 card.

1912 2773 119 40 Special
2053 2774 61 29 line
2138 2774 33 29 of

1797 2838 99 39 BLACK
1929 2837 166 40 FOOTBALL
2133 2839 151 45 JERSEYS,

1979 2910 44 30 6s.
2051 2910 49 29 6d.

1827 2959 129 21 KAIAPOI
2016 2960 168 21 MANTJFACT
2188 2961 57 20 DRjl
2242 2961 4 8 1
2247 2976 5 6 .

1855 3005 92 31 Made
1977 3011 32 25 to
2037 3016 58 30 my
2124 3006 97 31 order.

1843 3075 55 47 B.
1939 3077 56 45 fl.
2027 3075 214 48 PARISH

1903 3153 101 49 !asi
2034 3154 162 47 Oxford

1830 3308 193 41 HUSIGAL
2063 3308 179 42 TUITION

1774 3376 139 38 PIANO,
1943 3376 185 37 SINGING,
2151 3377 155 37 VIOLIN,

1816 3414 146 35 ORGIAN
2026 3416 86 33 ETC.
2174 3419 92 31 ETC.

1878 3495 63 31 MR
1978 3496 30 32 S.
2039 3496 180 35 MAYSON.

1777 3559 65 31 Has
1877 3560 160 30 vacancies
2065 3559 48 32 for
2133 3561 101 41 jmpils
2276 3562 32 30 m

1904 3607 97 30 above
2037 3608 144 39 subjects.

1798 3671 2 1 ■
1841 3676 3 3 .
1970 3671 2 2 ■
1980 3668 2 2 ■
2126 3671 1 1 ■
2159 3662 3 16 !

1875 3722 87 25 Terms
1990 3731 32 16 on
2051 3722 188 32 application..:
2262 3743 3 7 ,

1779 3808 188 45 Pianos
1989 3808 99 44 and
2114 3807 196 58 Organs

1908 3874 78 26 tuned
2003 3875 49 25 and
2068 3875 120 31 repaired.
2261 3881 3 15 ;

1779 3937 116 26 AGENT
1912 3938 68 25 FOE
1997 3938 136 26 MILNER
2145 3940 166 27 THOMSON

1926 4024 84 43 FOR
2053 4025 114 45 SALE
2260 4047 4 24 i

1814 4079 49 24 AN
1877 4079 155 24 UPRIGHT
2045 4080 118 25 GRAND
2174 4082 106 25 PIANO

1774 4146 209 29 /.Instruments
1994 4155 45 17 can
2051 4147 31 26 be
2098 4149 120 31 procured
2228 4154 34 21 ori
2272 4150 42 25 the

1772 4190 68 25 ,time
1856 4193 118 27 payment
1985 4192 97 30 system.

1925 4230 74 25 From
2011 4232 34 23 £1
2063 4239 16 17 a
2090 4231 93 26 month.
2259 4239 3 13 •

1818 4328 4 4 ■
1833 4341 5 4 .
1850 4319 115 26 SHEET
1978 4320 107 25 MUSIG
2095 4320 37 24 IN
2143 4320 108 25 STOCK

1785 4364 143 39 SONGS,
2150 4366 167 33 DUETTS

1932 4415 119 26 VIOLIN
2064 4415 115 26 SOLOS.
2256 4402 4 25 '

1785 4463 269 35 Addre»s.--Opposite
2082 4465 73 26 Bank
2172 4465 27 25 of
2225 4465 31 26 N.
2287 4466 30 25 Z.

1979 4519 147 27 OXFORD.

1210 205 246 50 KAIAPOI
1497 204 250 51 TWEEBS.

1188 304 3 5 ,
1211 285 84 22 SUITS
1304 286 86 21 MADE
1400 286 38 21 TO
1447 286 144 23 MEASURE
1605 286 84 20 FROM
1704 288 39 22 60s

1209 342 121 82 PULL
1345 342 190 44 RAN£#pf
1538 343 66 41 |bjs
1617 343 140 53 Swwon'j

1288 384 146 33 Patterns
1453 389 34 26 to
1516 386 93 31 hand.

1311 479 37 33 B.
1382 480 33 29 H
1436 480 198 32 PARISH'S
1751 466 4 56 |

1352 540 92 27 EAST
1458 540 149 27 OXFORD.

1299 592 74 22 WHO
1388 592 134 23 INTENDS
1537 593 38 22 TO
1590 593 74 22 SELL

1196 661 2 13 :
1207 642 177 30 seasonable
1392 642 97 40 goods
1498 648 33 25 at
1536 641 101 42 prices
1645 643 99 31 below

1205 692 69 31 that
1292 693 35 31 of
1340 699 62 36 any
1425 693 222 33 Christchurcfe
1673 695 68 34 firm

1247 1178 167 36 -A-liL
1454 1179 240 36 WOOL

1203 1309 131 40 cheaper
1347 1309 77 31 than
1438 1320 57 21 can
1516 1310 37 32 be
1564 1312 172 39 purchased

1203 1364 33 26 at
1263 1361 123 30 auction
1415 1372 36 19 or
1468 1362 82 29 from
1586 1363 150 30 itinerant

1384 1409 137 40 drapers:

1344 1500 36 6 —
1459 1494 28 20 ♦
1546 1502 58 6 —

1300 1553 340 42 PARISH'S

1211 1614 188 550 §
1447 1836 261 47 YOUTHS'

1478 1934 65 36 Ml
1572 1934 105 37 Wool

1411 2018 177 24 COLONIAL
1611 2019 128 25 TWEED

1456 2091 217 34 SUITS

1246 2178 127 35 From
1397 2176 90 43 12/6
1508 2185 72 33 per
1602 2178 94 40 suit.

1274 2243 80 33 (three
1363 2244 136 31 garments,
1517 2242 80 25 worth
1609 2243 66 32 255.)

1210 2288 92 25 Cannot
1313 2289 26 23 be
1346 2288 136 32 purchased
1493 2291 25 21 at
1534 2287 170 25 Christchurch
1715 2296 27 15 or

1182 2353 2 10 t
1322 2331 122 25 elsewhere
1456 2334 25 21 at
1488 2331 36 24 the
1531 2331 78 31 price.

1216 2390 21 30 M
1249 2389 131 32 AMens
1395 2390 100 31 Black
1505 2389 69 31 S.B.
1584 2390 58 30 Sac
1652 2389 90 32 Coats

1306 2432 50 30 for
1379 2432 127 40 Sunday
1520 2431 63 30 and
1605 2432 138 38 Holiday-

1210 2483 80 20 wear
1298 2472 146 31 Reduced
1451 2473 83 30 from
1546 2471 67 41 25/-
1625 2475 33 28 to
1667 2471 74 41 15/6

1252 2579 54 39 R.
1334 2579 57 39 H.
1425 2579 277 40 PARISH'S

1210 2650 227 32 WARG-AINS
1463 2651 50 30 for
1542 2651 63 31 this
1631 2651 108 30 month

1183 2736 109 217 £
1368 2771 178 25 COLONIAL
1575 2773 125 24 TWELD

1402 2836 184 25 TBOUSERS
1623 2837 35 23 6s.

1417 2902 69 25 ALL
1532 2902 106 25 WOOL.

1182 2979 2 4 .
1209 2953 65 28 Fur
1287 2952 81 30 lined
1378 2952 103 30 cloaks
1492 2953 134 30 reduced
1636 2952 56 31 17s
1702 2953 39 30 6d

1243 2998 218 32 Christchurch
1474 3000 83 40 price
1569 3000 63 31 275.
1650 2999 48 31 6d.

1259 3080 98 33 Black
1384 3082 163 32 Matallase
1584 3082 107 41 Capes,

1182 3148 2 18 s
1345 3131 93 31 latest
1468 3131 132 32 fashion.

1182 3188 2 26 ;
1210 3179 47 29 £5
1280 3180 43 29 ss.
1345 3180 50 29 Od.
1438 3180 50 29 for
1530 3181 47 28 £2
1603 3181 65 29 10s.
1691 3180 50 29 Od.

1182 3219 2 29 I-
1210 3227 49 29 £4
1279 3227 45 30 4s.
1346 3227 50 30 Od.
1438 3228 50 30 for
1530 3228 47 30 £2
1608 3229 45 29 os.
1690 3228 50 30 Od.

1182 3277 2 42 ;
1211 3273 46 29 £3
1281 3274 43 30 3s.
1348 3273 50 31 od.
1440 3273 51 31 for
1532 3274 46 31 £1
1602 3274 65 31 10s.
1689 3274 52 36 od.

1212 3321 78 30 E.ich
1297 3321 30 40 ly
1334 3322 145 30 trimmed
1487 3322 77 30 with
1571 3322 103 31 velvet
1682 3322 62 30 and

1182 3395 2 16 L
1345 3373 58 40 jet,
1421 3373 88 31 Satin
1522 3374 84 30 lined

1214 3476 119 31 Double
1347 3477 99 31 width
1462 3476 105 32 Check
1581 3476 163 32 Costumes

1370 3524 112 32 Tweed
1511 3526 68 38 6^d.
1673 3512 16 49 .'
1696 3514 13 47 .'

1214 3573 117 31 Melton
1352 3573 145 38 Tweeds,-
1510 3575 49 31 6d.
1581 3585 56 30 per
1657 3576 87 40 yard.

1214 3660 102 31 White
1347 3660 152 32 Blankets
1532 3661 44 32 7s.
1605 3662 49 31 6d.
1689 3673 57 30 per

1216 3708 76 40 pair.
1348 3709 101 40 Large
1486 3709 67 31 Size
1584 3710 161 38 Blankets,

1183 3772 3 12 >
1319 3755 63 29 10s.
1407 3755 49 30 6d.
1488 3764 56 30 per
1564 3756 77 40 pair.

1183 3821 5 23 j
1216 3802 67 40 Boy
1319 3801 81 31 Pilot
1414 3802 128 31 Jackets
1557 3804 35 29 6s
1607 3803 48 31 6d.
1671 3804 75 31 each

1183 3895 6 15 0
1259 3891 49 29 All
1329 3891 92 30 these'
1436 3892 95 39 goods
1553 3903 52 19 are
1619 3892 129 39 cheaper

1217 3939 75 29 than
1315 3949 57 20 can
1393 3939 38 30 be
1453 3940 171 39 purchased
1639 3944 32 25 at
1686 3950 62 31 any

1219 3985 222 32 Christchurch
1471 3988 117 39 Selling
1619 3988 44 30 off
1689 3977 60 43 Es-'

1219 4032 199 33 tablishment
1440 4044 35 20 or
1494 4034 80 31 from
1601 4035 156 35 itinerant.

1184 4103 6 5 .
1223 4083 137 34 drapers.

1250 4156 216 54 Blankets,
1503 4156 219 54 Blanks,

1290 4229 63 31 For
1375 4232 43 29 7s.
1442 4230 50 32 9d.
1514 4240 56 30 per
1590 4229 78 41 pair.

1183 4297 15 31 ■-'
1226 4298 30 44 I)
1279 4298 83 38 pairs
1384 4299 36 29 of
1436 4299 86 38 large
1542 4297 150 32 Blankets
1703 4299 50 31 for

1183 4349 9 20 i,
1226 4344 28 31 U
1301 4347 18 20 a
1339 4338 113 30 double
1473 4334 132 34 bedl^fbr
1620 4337 66 41 20/-
1736 4338 4 7 l

1183 4415 11 17 «
1223 4392 203 35 CHEAPER
1446 4396 77 30 than
1537 4405 58 22 can
1618 4396 134 42 be-pui-

1222 4453 113 31 chased
1376 4455 82 31 from
1474 4454 129 34 -.ANY-
1634 4455 119 34 Christ-

1223 4515 116 31 church
1360 4516 117 32 House.
1494 4543 2 1 .
1516 4516 10 31 .'
1539 4547 1 1 .
1571 4541 1 1 .

701 214 4 3 '
740 230 5 45 ;
764 195 308 71 WAITED.
1108 208 25 15 *••
1168 242 2 2 ■
1188 225 6 43 ;

646 312 53 32 nrp
715 314 123 38 Djarchj^s.e
855 324 28 14 a.
881 315 77 29 .farm
973 316 38 37 ,i£
1028 315 44 24 the
1089 315 94 28 Oxford

694 341 137 39 District.7
842 343 114 42 Forward
971 347 139 37 pnee^nd
1127 355 55 26 par-
1190 355 4 18 i

647 380 101 30 ticulars
766 385 27 25 to
821 381 47 30 the'
868 383 80 14 ■'"■"■""
1029 383 5 5 '
1126 384 3 4 '
1190 383 4 28 \

667 418 154 40 OFFICE
836 427 52 33 OF
901 427 101 39 THI§
1016 426 143 32 PAPER

687 581 469 58 HOLBROOK

872 679 69 22 AND

679 729 459 54 VALLANCE

741 896 121 25 TIMBER
887 896 195 25 MERCHANTS

708 947 200 32 COOPER'S
960 947 154 32 CREEK.

748 1006 141 34 VIEW
931 1007 140 39 HILL,

645 1125 84 60 BEG
752 1129 26 21 to
797 1126 112 25 intimate
928 1128 26 23 to
982 1127 43 24 the
1048 1126 81 32 public
1152 1126 27 26 of

696 1159 92 26 Oxford
802 1159 49 25 and
868 1160 166 32 surrounding
1049 1160 126 30 Districts,

646 1190 54 28 that
712 1201 36 16 we
766 1192 64 26 have
853 1193 155 25 commenced
1019 1193 118 24 Business
1149 1201 27 17 as

645 1225 163 30 iaw-millefs,
832 1225 49 25 and
900 1225 76 32 hopes
996 1225 32 33 by
1051 1226 70 24 strict
1138 1229 37 22 at-

646 1259 94 25 tention
749 1260 25 23 to
786 1258 115 26 Business
917 1262 25 21 to
954 1258 29 26 be
994 1259 113 25 favoured
1115 1260 60 24 with

645 1293 63 25 their
734 1293 108 31 support.
888 1292 83 25 White
994 1293 66 31 pine,
1090 1293 84 29 Bimu,

645 1326 72 24 Birch
728 1333 50 17 ana
790 1325 58 25 Coal
870 1325 37 32 pit
918 1334 72 24 props
1002 1326 27 24 m
1039 1334 48 24 any
1098 1334 77 24 quan-

645 1363 35 27 ty.

645 1486 221 26 PREVENTION
882 1486 33 26 IS
931 1486 139 26 BETTER
1081 1486 93 26 THAN

870 1528 107 24 €URE.

755 1599 54 25 that
820 1599 43 25 the
874 1599 130 24 Influenza
1015 1599 127 31 Epidemic
1152 1599 23 24 is

646 1624 31 34 ll
717 1632 75 26 about
811 1633 41 24 the
869 1632 181 32 neighbouring
1067 1632 108 25 districts

645 1675 32 16 no
688 1665 74 26 home
773 1665 87 26 should
871 1665 30 25 be
912 1665 104 26 without
1027 1665 43 26 the
1089 1665 86 32 Platy-

646 1707 45 24 pus
696 1699 85 25 Brand
792 1700 25 24 of
828 1699 153 32 Eucalyptus
990 1698 122 26 Globulus
1123 1699 52 24 Ex-

646 1734 63 24 tract
721 1734 25 23 to
757 1732 31 25 be
799 1732 75 26 taken
886 1740 67 24 upon
969 1740 80 24 tugar,
1070 1740 29 17 or
1114 1732 26 25 m
1160 1740 16 17 a

646 1765 64 27 little
721 1765 70 25 milk.
826 1766 51 24 The
888 1769 66 21 most
967 1765 148 25 convenient
1126 1765 50 25 and

646 1800 111 30 pleasant
768 1806 54 24 way
833 1804 26 20 to
871 1800 56 24 take
949 1799 154 31 Eucalyptus
1115 1799 22 24 is
1149 1799 27 23 m

646 1832 32 25 he
689 1832 118 31 Platypus
819 1831 85 25 Brand
923 1831 27 26 of
967 1831 145 32 Euacyptus
1131 1831 44 24 Ju-

644 1864 81 33 jubes,
735 1865 59 31 they
805 1872 41 17 are
853 1865 27 23 m
890 1864 61 25 such
961 1872 15 16 a
981 1864 124 31 palatable
1112 1864 64 25 form

646 1898 111 32 pleasant
798 1898 27 24 to
857 1898 71 28 taste,
968 1897 130 31 antiseptic
1127 1897 50 24 and

647 1930 138 26 stimulant.
829 1930 115 32 Sprinkle
966 1938 62 25 your
1053 1930 123 26 handker-

647 1964 67 25 chief
722 1963 49 25 and
789 1971 83 18 rooms
883 1963 59 26 with
961 1964 42 25 the
1021 1963 42 26 oil.

649 2017 26 24 BE
685 2015 58 25 SURE
750 2016 43 24 YOU
803 2015 116 26 PURCHASE
928 2015 46 25 THE
983 2015 114 25 PLATYPUS
1106 2015 72 25 BRAND

724 2060 31 25 R.
767 2060 91 25 Parish
869 2060 81 31 Agent
961 2059 39 25 for
1011 2059 101 25 Oxford.

648 2104 75 24 Office
731 2104 38 24 No
778 2105 14 21 9
805 2103 134 25 Cathedral
954 2111 36 24 sq.
1002 2102 177 26 Christchuroh

707 2246 69 45 £5
807 2246 315 45 REWARD.

683 2342 53 25 The
753 2342 75 24 above
844 2343 95 23 reward
950 2342 53 24 will
1022 2342 30 24 be
1071 2343 72 30 given
1154 2343 28 23 to

651 2383 96 23 anyone
763 2383 85 23 gmng
872 2375 159 24 information
1060 2376 54 23 that
1131 2375 49 24 will

650 2408 53 25 lead
715 2410 25 22 to
760 2408 43 24 the
823 2407 139 25 conviction
982 2406 27 25 of
1034 2408 42 24 the
1092 2415 88 23 person

650 2443 53 23 who
720 2441 126 31 destroyed
864 2448 43 23 my
914 2439 4 13 :
926 2440 76 29 fence,
1020 2448 33 17 on
1070 2449 43 23 my
1124 2448 57 17 sec-

651 2475 52 25 tion
720 2476 26 23 at
763 2474 70 25 West
850 2474 100 25 Oxford.

820 2559 131 25 JOSEPH
968 2558 114 25 URICK.

681 2696 239 46 CANCER
950 2696 204 46 CURED

830 2782 148 21 WITHOUT

651 2826 27 28 A
701 2824 211 30 SURGICAL
941 2823 240 30 OPERATION

683 2878 50 24 For
744 2877 100 32 further
857 2878 151 31 particulars
1023 2878 73 31 apply
1112 2881 23 20 to
1147 2877 35 23 iht

703 2928 78 25 OFFI
804 2928 43 25 CE
871 2928 43 25 OF
938 2927 83 26 THIS
1038 2927 128 24 PAPER.

695 3017 54 45 T.
785 3015 354 55 KENNEDY,

772 3080 284 32 BLACKSMITH.

653 3140 81 39 Begs
748 3142 33 27 to
796 3138 140 30 intimate
968 3141 33 26 to
1015 3136 53 31 the
1079 3136 104 40 public

654 3182 32 28 of
714 3180 118 30 Oxford
877 3178 61 29 and
978 3178 205 38 surrounding

653 3222 130 30 District
796 3221 69 29 that
876 3218 39 30 he
926 3219 55 29 has
990 3219 194 30 commenced

653 3263 139 30 business
828 3272 32 19 as
907 3259 134 31 General
1076 3259 108 31 Black-

654 3303 98 38 smith,
802 3308 76 24 next
909 3304 33 27 to
971 3301 50 29 Mr
1048 3301 136 40 Lough's

654 3345 80 30 Near
752 3344 69 31 Sale
836 3343 108 36 Yards,
959 3342 77 30 East
1051 3342 132 35 Oxford,

654 3386 61 29 and.
742 3386 95 38 hopes
866 3386 41 36 by
922 3384 87 29 strict
1034 3384 150 28 attention

655 3430 31 27 to
719 3426 148 36 business,
895 3428 33 26 to
962 3424 38 30 be
1035 3424 150 30 favoured

655 3468 74 31 with
743 3468 82 31 their
839 3469 139 37 support.

695 3509 38 31 N.
754 3508 36 31 B.
816 3509 133 39 Shoeing
976 3518 19 19 a
1015 3507 167 39 speciality.

766 3633 313 47 WANTED.

661 3757 176 60 WANTED,
868 3765 14 16 a
911 3760 84 27 strong
1024 3755 82 24 useful
1135 3756 52 30 boy,

729 3791 76 25 about
823 3791 30 23 15
878 3798 69 23 years
961 3788 42 31 ,of.
1021 3796 53 24 age.
1120 3788 69 24 Must

658 3825 29 25 be
703 3824 53 25 able
773 3827 26 22 to
816 3822 68 29 milk,
903 3822 92 26 attend;
1006 3826 26 20 to
1044 3821 85 25 horses
1141 3821 48 24 and

656 3859 110 31 buggies,
810 3857 48 24 and
895 3856 29 24 be
959 3854 122 33 generally
1109 3854 80 25 useful

657 3892 76 24 about
753 3891 42 24 the
813 3890 85 24 house.
935 3887 83 32 Apply
1035 3890 26 23 at
1078 3895 67 21 once,
1164 3889 26 22 to

776 3968 2 2 .
791 3948 51 25 Mrs
877 3948 84 24 Dixon

857 4017 197 27 EYREWELL

892 4085 98 25 WEST
1019 4083 172 25 EYEETON.

734 4186 355 52 ■-NOTICE.'.

663 4311 133 58 OWING
808 4313 26 23 to
848 4312 80 31 Sheep
935 4311 103 31 :having
1057 4310 65 26 been,
1131 4317 62 16 wor-

725 4344 53 25 ried
806 4351 35 18 on
866 4344 102 25 Luers's
997 4343 68 25 Bush
1091 4341 102 28 section,

663 4376 127 27 POISON
806 4376 51 26 will
874 4377 29 25 be
920 4377 52 25 laid
988 4375 63 27 from
1067 4374 50 26 this
1129 4374 64 30 date,

663 4411 49 24 and
727 4418 49 25 any
792 4411 60 32 dogs
877 4411 78 26 found
978 4408 102 28 ttierebn
1096 4407 52 27 will
1164 4407 31 26 be

664 4443 135 33 destroyed.
841 4466 3 2 .
872 4464 3 4 .

778 4520 114 27 LUEHS
910 4522 19 24 &
947 4512 137 34 BROWN.'

89 214 386 36 WAIMAKABIRI-ASHLEY
494 214 124 26 WATER

216 260 131 29 SUPPLY
361 258 123 28 BOARD.

213 305 132 27 WATER
374 301 134 28 SUPPLY

122 422 65 28 ALL
204 419 158 27 PERSONS
388 418 76 26 found
484 418 135 35 damaging

84 464 31 18 or
133 454 139 33 tampering
282 453 66 25 with,
355 460 49 24 any
422 453 100 31 portion
539 454 27 25 of
576 454 42 24 the

86 489 116 31 Cooper's
214 486 79 27 Creek
313 486 86 24 Water
420 486 76 27 Race,
519 486 52 25 will
589 486 29 24 be

87 520 143 35 prosecuted
241 527 28 17 as
280 520 41 24 the
331 518 61 26 Law
402 518 100 25 directs.

124 554 26 26 It
160 554 23 25 is
202 554 47 25 the-
264 552 124 26 intention
407 553 28 23 of
453 553 43 23 the
500 552 79 25 Board
592 555 26 22 to

83 585 90 35 rigidly
185 585 97 27 enforce
293 586 43 25 the
346 585 138 33 provisions
508 585 28 26 of

86 622 85 25 Water
183 621 95 31 Supply
296 618 80 29 Act,'!'
387 618 66 31 ieitby
459 618 121 26 reference
592 621 26 23 to

85 657 109 29 trespass
223 660 67 24 upon
321 659 48 24 any
396 652 112 32 portions
531 653 25 23 of
576 652 43 24 thr

86 686 90 28 Works
187 686 32 33 by
230 685 83 30 cattle,
336 684 87 26 horses
433 693 29 17 or
477 692 52 25 any
564 684 56 26 othe

82 721 116 26 •nimals.
502 722 2 4 '
513 741 2 2 

86 755 39 32 By
157 754 69 24 order

151 797 35 26 G.
213 794 175 27 JOHNSTON
407 781 177 42 WEBSTER^

278 839 128 32 Engineer
421 840 26 23 to
463 837 44 26 the
521 836 97 26 Boarde

209 963 288 33 UNRESEEVED

84 1037 346 46 CLEARING
456 1036 159 47 SALE

334 1114 39 21 OF

87 1157 166 32 HORSES
275 1156 251 33 FURNITURE
549 1166 69 22 and

260 1214 192 32 EFFECTS.

86 1317 45 25 Mb
142 1311 137 31 INGRAM
289 1312 160 25 hasreoeived
457 1312 161 24 instructions

83 1357 66 25 from
256 1356 33 24 E.
302 1352 139 33 Weylandt,
453 1351 54 25 who
519 1352 22 24 is
551 1352 66 24 leav-

84 1397 47 32 ing
138 1396 42 25 the
191 1396 104 27 district,
308 1396 35 23 to,
345 1393 61 25 hold
417 1402 14 14 a
442 1392 109 31 clearing
566 1391 52 25 sale

83 1437 31 26 of
126 1436 40 26 his
186 1434 144 28 Household
349 1433 133 25 Furniture
493 1433 19 24 &
524 1432 93 25 Effects

85 1486 95 26 Howes
185 1487 55 28 etc.,
248 1486 27 24 at
282 1484 38 25 his
329 1481 129 27 residence
458 1481 58 27 East
526 1479 91 27 Oxford

150 1603 192 36 MONDAY,
363 1601 110 31 JULY
495 1601 72 35 6th,

122 1740 178 33 Commencing
310 1740 26 24 at
349 1739 31 25 12
392 1738 98 26 O'clock
502 1735 82 35 sharp.

120 1797 102 29 Horses,
246 1797 85 30 Traps,
358 1796 121 28 Harness,
507 1793 111 27 Saddles,

87 1839 146 26 Household
240 1839 141 28 Furniture,
391 1837 86 29 Piano,
490 1836 129 31 Telescope

89 1883 97 28 -Table,
200 1883 71 24 Suite
278 1883 27 23 m
316 1881 102 28 leather,
428 1882 15 23 8
455 1880 76 25 Chest
543 1880 75 24 draw-

87 1932 51 22 ers,
160 1923 94 26 Marble
274 1921 78 31 ciock,
383 1921 133 25 Furniture
535 1920 27 25 of
582 1920 38 25 six

88 1975 89 23 rooms,
201 1966 132 28 Bedstead,
359 1965 146 29 Chiffoneer,
529 1964 89 25 Crock-

89 2018 53 24 ery,
160 2010 49 24 and
225 2010 112 24 sundries
360 2010 40 23 too
425 2007 149 25 uumberous
594 2010 26 21 to

86 2050 179 33 particularise.

387 2090 8 14 t

175 2167 168 32 HORSES
365 2172 32 26 at
420 2168 18 30 2
453 2177 71 31 p.m.

156 2295 182 30 Luncheon
371 2294 177 30 Provided.

197 2372 111 40 John
343 2370 177 42 mcmAffl

332 2432 279 31 AUCTIONEER

193 2580 329 48 TENDERS.

91 2689 216 81 TENDERS
319 2689 47 30 for
381 2690 124 38 cutting
519 2688 104 30 fences

178 2731 62 30 and
261 2730 164 40 Grubbing
460 2729 95 31 Gorse
583 2740 39 20 on

91 2772 179 31 Starvation
288 2772 71 36 Hill,
375 2772 42 29 all
439 2772 130 38 wishing
591 2775 32 25 to

90 2813 176 29 TENDER
288 2823 55 18 can
360 2815 79 26 meet
453 2822 48 18 me
513 2822 39 19 on
571 2812 52 28 the

89 2853 80 37 Hill,
182 2853 119 30 Oxford
313 2853 95 38 Road,
416 2863 40 19 on
462 2852 161 40 Thursday

90 2895 79 40 July
185 2895 62 30 9th.
272 2899 31 26 at
324 2896 37 31 11
390 2905 69 20 a.m.

257 2954 30 29 J.
310 2953 49 29 W.
381 2952 176 34 FOSTER,

439 3003 163 40 Rangiora.

92 3149 244 44 PUBLIC
372 3149 251 44 NOTICE.

159 3247 170 30 OXFORD
364 3245 199 31 LIBRARY.

139 3328 195 30 Subscribers
348 3339 51 19 are
418 3329 160 39 requested
592 3332 33 27 to

96 3375 108 24 return
219 3370 41 28 all
274 3370 95 28 books
384 3372 32 26 to
431 3370 52 29 the
494 3369 131 41 Library

99 3420 34 20 as
149 3420 73 20 soon
234 3419 32 20 as
281 3410 81 37 read,
376 3410 115 39 parties
500 3410 125 41 lending

99 3452 54 29 the
169 3461 80 21 same
263 3454 34 27 to
321 3451 63 31 Sub
412 3461 35 20 or
474 3462 61 20 non
551 3452 74 31 Sub-

99 3493 132 30 scribers
258 3493 63 29 -will
348 3494 32 28 m
410 3493 40 29 all
480 3504 82 19 cases
588 3495 37 29 be

101 3534 133 40 charged
249 3534 73 30 with
336 3544 18 20 a
368 3534 59 30 fine
442 3534 34 31 of
486 3545 57 20 one
555 3535 71 30 shil-

101 3581 65 39 ling
176 3581 31 29 m
233 3581 136 29 addition
387 3585 32 26 to
447 3581 80 30 their
555 3582 71 30 sub-

104 3622 172 39 scriptions.

265 3670 50 39 By
336 3670 89 30 order

224 3728 40 30 H.
286 3729 27 29 J.
338 3728 140 36 Laming,

414 3781 80 30 Hon.
519 3781 66 31 Sec.

101 3839 79 41 July
204 3840 74 30 13th
294 3841 86 30 1896.

103 3970 122 51 KAIAPOI
238 3983 22 38 &
266 3983 124 39 ASHLEY
402 3976 228 47 ELECTORATES

319 4034 31 17 L_
350 4038 37 19 «*»
448 4037 1 13 ;
449 4047 38 3 —
487 4047 8 4 .
508 4039 2 4 •
526 4037 2 3 ■

120 4092 8 7 v
157 4070 28 29 A
206 4071 157 39 PUBLIC,
380 4070 193 33 MEETING

103 4131 32 30 of
166 4137 175 35 supporters
371 4133 35 30 of
431 4134 50 29 the
487 4150 6 10 *
508 4138 124 36 present

102 4179 210 31 Government
325 4181 61 29 will
402 4182 37 28 be
454 4181 71 29 held
538 4183 33 28 m
581 4183 51 29 the

104 4230 131 40 Library
251 4242 47 19 on*
305 4231 167 42 Thursday,
484 4231 75 42 July
569 4233 63 37 9th,

104 4283 33 24 at
149 4280 17 28 8
178 4289 70 28 p.rn,
265 4280 143 31 Business
409 4299 37 4 —
446 4284 5 19 :
451 4285 32 26 to
496 4282 138 29 consider

106 4329 51 28 Mr
171 4329 136 29 Renners
318 4333 151 38 proposal,
486 4332 54 30 the
553 4332 81 30 Ran-

108 4379 85 40 giora
207 4379 107 32 liberal
322 4382 146 40 platform
479 4382 61 32 and
547 4383 89 31 other

105 4436 138 27 Matters.
278 4430 10 12 ''
334 4429 40 13 w
391 4440 2 2 '
411 4432 3 9 :
458 4440 2 2 '
474 4433 8 9 J
485 4431 2 6 '
491 4429 5 13 ;
499 4443 2 5 '
505 4435 3 7 ;

189 4482 11 2 ..
237 4471 16 21 .-_
265 4473 2 1 ■
295 4463 6 6 -
330 4472 43 19 .....-•■
390 4480 3 5 .
430 4492 3 4 _
453 4463 25 22 !.■■
501 4478 3 3 .
520 4463 4 22 i
566 4482 2 2 .
582 4465 14 22 ;.
623 4463 3 4 '

352 4497 31 31 0.
406 4498 123 38 Lugak;
547 4500 66 32 Sec.
