2529 4029
1900 126 132 32 impossible
2045 141 7 15 v
2052 130 24 20 to
2096 127 122 32 approach-
2233 127 60 27 their
2310 128 66 26 lands
2386 129 99 30 -without

1900 159 76 29 roads,
1989 158 75 24 which
2075 159 54 31 they
2140 161 68 24 could
2220 166 41 20 not
2270 161 82 33 .dfqrd
2369 167 24 20 to
2411 166 72 30 make,

1900 191 46 24 and
1958 192 35 23 for
2004 192 38 23 the
2059 192 99 32 making
2175 194 25 22 of
2217 194 72 24 which
2302 202 4 22 {
2311 195 64 24 there
2392 203 46 17 was
2456 206 27 17 no

1900 223 58 25 fund
1970 224 93 24 secured
2074 224 31 32 by
2118 225 38 24 the
2176 225 117 33 Company
2305 235 27 17 or
2351 228 117 26 otherwise
2475 241 7 20 ;

1902 256 45 25 and
1970 256 75 32 lastly,
2067 257 59 24 after
2148 265 62 17 some
2232 260 46 24 had
2305 261 108 31 occupied
2441 265 42 24 and

1901 289 91 25 cleared
2010 289 61 30 land,
2085 290 53 32 they
2151 308 12 14 v
2158 291 57 24 have
2233 291 57 24 been
2312 294 82 23 turned
2415 302 67 26 away,

1902 323 76 24 whilst
1989 322 77 25 others
2075 323 49 24 who
2136 324 84 31 sought
2227 329 24 19 to
2264 325 52 23 take
2326 328 127 29 possession
2462 331 24 23 of

1902 357 100 24 sections
2013 355 58 25 have
2082 356 56 24 been
2154 357 120 24 forbidden
2294 363 23 18 to
2330 358 26 24 do
2369 368 25 15 so
2405 359 29 31 by
2443 361 40 25 the

1902 388 104 29 Natives,
2018 388 50 25 who
2080 390 112 30 appeared
2204 390 53 24 with
2279 391 49 24 Mr.
2342 392 140 26 Shortland'a

1902 421 89 25 wicked
2003 421 168 25 Proclamation
2185 423 23 23 in
2227 423 70 29 hand,
2308 432 26 16 as
2352 432 13 16 a
2372 425 111 31 justifica-

1902 455 49 23 tion
1962 455 35 23 for
2008 455 59 23 their
2078 455 144 32 proceeding.
2258 456 48 25 But
2326 456 87 33 though
2424 458 60 26 beset

1902 488 32 31 by
1945 488 129 23 difficulties
2095 488 73 24 which
2189 489 88 24 neither
2295 489 40 25 the
2353 490 90 25 settlers
2462 493 23 24 of

1903 521 60 23 New
1974 521 124 31 Plymouth
2111 529 40 16 nor
2163 521 26 24 of
2203 521 88 25 Nelson
2311 530 41 16 can
2362 524 30 24 be
2403 524 48 24 said
2462 531 21 19 to

1904 553 58 24 have
1973 554 99 24 suffered
2088 555 25 23 in
2130 562 44 23 any
2185 554 82 32 degree
2286 555 87 32 worthy
2385 556 25 25 of
2424 564 59 19 com-

1904 587 98 30 parison,
2014 595 33 16 we
2058 587 86 24 believe
2155 588 137 30 agriculture
2311 589 47 24 sfill
2370 596 23 18 to
2406 590 27 23 be
2445 599 38 17 ex-

1903 620 102 31 tending,
2018 620 44 23 and
2074 620 50 24 that
2133 621 18 23 it
2163 621 46 23 will
2229 621 28 24 do
2276 630 26 15 so
2322 623 90 32 rapidly
2424 624 59 25 when

1904 653 38 22 the
1955 653 83 24 Native
2050 654 104 30 question
2166 654 26 23 of
2201 654 61 24 titles
2274 659 22 19 to
2307 655 53 24 land
2373 658 20 21 is
2405 658 80 25 settled

1903 686 46 23 and
1970 686 121 32 especially
2115 686 20 24 if
2157 695 42 15 our
2220 688 86 24 friends
2328 689 23 23 in
2379 689 107 31 England

1903 719 75 23 would
1989 720 81 23 induce
2090 728 15 15 a
2122 720 77 23 useful
2217 720 59 24 class
2293 722 26 23 of
2334 728 95 26 country
2439 729 45 18 set-

1904 752 56 23 tlers
1971 758 23 18 to
2002 753 51 31 join
2067 761 42 15 our
2129 753 137 31 settlement,
2279 762 26 16 or
2323 754 29 32 by
2365 757 99 30 forming
2474 766 12 16 a

1904 785 67 24 Loan
1983 786 119 32 Company
2114 794 66 16 cause
2192 787 56 24 such
2260 796 14 15 a
2284 788 60 31 body
2354 794 24 19 to
2399 789 27 24 be
2438 797 47 17 cre-

1905 818 52 23 ated
1968 824 39 19 out
2018 820 25 23 of
2051 820 46 26 .the
2117 827 121 17 numerous
2256 822 60 31 good
2335 823 91 23 settlers
2438 823 48 24 who

1904 851 55 24 with
1970 852 41 24 fair
2022 858 118 26 prospects
2152 853 73 27 w.ould
2233 854 85 32 readily
2328 856 52 23 take
2392 863 14 16 a
2418 863 69 18 coun-

1905 889 36 27 try
1959 885 46 24 life.
2040 886 58 29 &The
2119 891 99 26 greatest
2235 888 177 24 inconvenience
2429 888 57 26 from

1905 918 73 24 which
1989 918 39 24 the
2039 919 90 23 settlers
2142 926 37 16 are
2199 919 73 31 likely
2283 925 23 18 to
2326 921 78 30 suffer,
2418 921 19 23 is
2448 923 39 24 the

1904 956 61 18 want
1975 951 26 23 of
2015 959 15 16 a
2040 952 60 30 good
2119 952 70 23 Flour
2208 952 62 24 Mill.
2307 954 75 24 There
2401 956 20 22 is
2439 963 47 17 now

1904 992 31 15 an
1955 984 112 24 excellent
2093 985 99 31 opening
2216 986 35 23 for
2271 994 13 16 a
2304 989 57 29 good
2381 989 107 30 practical

1905 1016 46 25 and
1977 1018 122 31 ingenious
2128 1018 74 23 miller
2234 1020 51 23 with
2324 1029 13 15 a
2373 1021 114 25 moderate

1905 1050 93 31 capital.
2051 1051 40 23 He
2114 1051 72 31 might
2208 1052 73 24 either
2301 1053 62 24 drive
2384 1055 36 23 his
2441 1056 47 24 mill

1904 1084 31 31 by
1946 1084 60 23 wind
2018 1091 25 16 or
2054 1089 78 24 water,
2143 1085 42 24 but
2205 1085 80 25 should
2302 1088 64 23 avoid
2379 1093 72 18 steam
2463 1098 24 15 as

1905 1125 13 15 a
1930 1117 56 23 rock
1999 1124 60 25 upon
2071 1117 73 24 which
2156 1126 26 16 so
2194 1126 68 24 many
2273 1120 89 24 settlers
2375 1122 25 23 in
2412 1129 76 25 young

1905 1150 100 24 colonies
2015 1151 57 23 have
2084 1151 104 24 wrecked
2201 1152 58 23 their
2271 1154 92 24 vessels.

1939 1183 78 25 Those
2041 1185 49 23 who
2114 1184 57 24 have
2194 1186 100 24 resorted
2314 1192 22 18 to
2354 1186 68 25 stock
2431 1187 55 26 have

1905 1217 70 23 found
1987 1217 39 24 the
2036 1218 61 31 early
2118 1226 111 24 expences
2250 1225 91 25 greater
2358 1221 57 23 than
2435 1222 51 31 they

1905 1250 45 24 had
1970 1251 146 31 anticipated,
2135 1251 43 23 and
2197 1251 57 25 have
2274 1253 31 23 all
2317 1253 98 24 suffered
2426 1262 60 17 more

1905 1291 26 16 or
1942 1284 47 23 less
2000 1283 47 24 loss
2057 1285 22 22 in
2092 1284 168 32 acclimatizing
2271 1286 69 32 sheep
2350 1288 44 22 and
2403 1288 66 24 cattle
2479 1298 6 19 ;

1905 1317 42 23 but
1960 1316 51 31 they
2024 1325 38 15 are
2073 1318 111 30 sanguine
2196 1318 46 24 still
2260 1319 48 23 that
2328 1320 37 24 the
2387 1322 99 25 increase

1905 1350 47 23 will
1974 1350 29 23 be
2025 1351 151 31 satisfactory,
2198 1352 121 32 especially
2342 1354 66 24 when
2435 1354 51 33 they

1905 1391 131 15 commence
2056 1388 22 19 to
2100 1384 68 24 breed
2186 1384 59 25 from
2265 1386 67 24 stock
2344 1387 57 24 born
2412 1388 24 23 in
2448 1389 37 24 the

1906 1416 97 32 Colony.
2039 1417 63 24 That
2121 1418 58 23 from
2191 1418 73 25 which
2276 1420 38 23 the
2332 1421 155 25 stock-owner

1905 1450 20 22 is
1949 1454 60 19 most
2031 1450 101 31 severely
2154 1451 117 32 suffering,
2290 1454 20 22 is
2328 1453 38 25 the
2388 1460 60 18 want
2467 1457 23 22 of

1905 1483 114 24 sufficient
2029 1491 68 23 space
2108 1491 59 24 upon
2179 1484 73 25 which
2269 1491 23 18 to
2312 1487 120 32 depasture
2453 1488 34 24 his

1904 1516 76 24 flocks
1989 1516 45 24 and
2044 1517 76 25 herds.
2169 1518 57 24 This
2236 1519 122 32 deficiency
2370 1521 116 31 precludes

1905 1549 39 25 the
1956 1550 127 31 possibility
2095 1551 26 23 of
2128 1551 112 32 fattening
2249 1553 67 24 cattle
2324 1561 60 24 upon
2397 1556 86 23 natural

1904 1588 130 26 pasturage,
2047 1584 44 24 and
2102 1589 64 26 great
2177 1585 123 32 deficiency
2321 1587 24 23 in
2362 1588 84 30 weight
2467 1589 18 23 is

1905 1616 39 23 the
1957 1624 155 24 consequence
2123 1622 23 19 at
2157 1618 38 23 the
2206 1619 54 23 time
2279 1620 26 23 of
2329 1620 155 33 slaughtering

1905 1650 39 23 the
1963 1650 102 30 animals,
2085 1651 73 23 which
2176 1651 21 23 is
2215 1660 14 15 a
2245 1652 46 24 loss
2309 1653 24 24 in
2350 1655 46 23 fact
2417 1659 21 19 to
2450 1655 36 24 the

1905 1683 102 24 breeder.
2050 1683 52 24 The
2112 1684 63 32 dairy
2186 1685 97 31 produce
2292 1687 20 23 is
2322 1686 46 25 also
2378 1688 58 23 from
2449 1688 36 24 the

1904 1724 64 16 same
1978 1725 68 15 cause
2058 1717 105 24 deficient
2173 1727 5 20 ;
2199 1719 40 23 but
2252 1719 36 24 the
2300 1728 79 16 source
2391 1721 26 24 of
2425 1721 60 24 these

1905 1750 57 23 evils
1973 1758 33 15 we
2018 1751 58 31 hope
2088 1751 45 24 will
2145 1752 28 23 be
2184 1752 104 24 removed
2300 1753 30 31 by
2340 1754 37 23 the
2388 1756 97 29 opening

1905 1784 25 22 of
1945 1784 99 23 Palliser
2056 1784 51 32 Bay
2119 1789 21 19 to
2154 1784 37 24 the
2203 1785 90 25 settlers
2306 1786 45 24 this
2361 1795 89 17 season.

1938 1817 100 31 Though
2050 1825 41 16 our
2103 1818 64 23 stock
2180 1826 38 16 are
2230 1825 39 18 not
2279 1828 25 15 as
2323 1821 31 23 fat
2373 1829 33 16 we
2426 1821 57 32 hope

1903 1849 78 25 before
2002 1850 55 31 long
2075 1850 54 32 they
2145 1851 46 24 will
2206 1852 35 29 be,
2262 1859 38 25 yet
2321 1861 31 16 we
2372 1855 55 23 hear
2439 1855 47 23 that

1903 1884 101 28 visitors,
2017 1884 49 23 who
2086 1884 56 24 have
2161 1885 108 25 travelled
2287 1887 77 31 nearly
2384 1887 31 24 all
2434 1895 51 16 over

1903 1916 39 24 the
1953 1917 75 30 globe,
2041 1917 89 24 declare
2141 1918 54 31 they
2206 1918 57 25 have
2282 1925 41 19 not
2340 1920 73 25 tasted
2429 1921 54 24 such

1902 1954 62 19 meat
1975 1958 24 15 or
2011 1951 56 23 such
2079 1951 83 29 butter,
2173 1952 45 23 and
2229 1959 33 17 we
2274 1961 52 23 may
2332 1954 52 30 add,
2397 1962 25 15 or
2431 1954 53 25 such

1902 1983 129 30 vegetables
2042 1991 26 15 as
2079 1984 54 29 they
2144 1985 57 22 have
2212 1985 50 22 had-
2267 1986 25 22 in
2312 1987 60 24 Port
2387 1986 96 25 Nichol-

1902 2022 50 20 son,
1963 2015 62 23 since
2038 2015 59 30 they-
2104 2014 40 24 left
2155 2015 118 30 England.

1938 2072 91 23 Certain
2039 2071 136 24 resolutions
2182 2072 123 25 submitted
2316 2074 31 32 by
2355 2074 128 32 deputation
2493 2093 2 3 .

1902 2109 23 19 to
1945 2105 39 23 the
2004 2106 138 30 Company's
2153 2106 85 31 Agent,
2252 2114 28 16 on
2302 2106 38 25 the
2358 2107 88 32 subject
2463 2109 23 23 of

1902 2139 101 31 opening
2009 2139 37 22 the
2054 2139 116 31 Wyderop
2178 2139 83 32 Valley
2269 2144 23 20 at
2299 2148 29 16 an
2337 2141 62 32 early
2408 2142 75 30 period

1902 2177 23 17 to
1937 2172 137 28 settlement,
2087 2172 85 24 will'be
2182 2172 71 25 found
2264 2174 22 23 in
2296 2175 95 23 another
2403 2179 49 26 part
2462 2175 23 23 of

1902 2205 101 31 to-day's
2014 2213 77 23 paper.
2128 2206 44 23 We
2182 2214 38 15 are
2231 2206 53 32 glad
2295 2212 23 19 to
2326 2208 47 23 find
2386 2207 49 24 that
2446 2208 36 23 the

1904 2238 115 24 Colonists
2031 2238 57 24 have
2107 2240 94 30 pressed
2212 2240 46 24 this
2276 2245 81 19 matter
2375 2248 60 25 upon
2448 2241 35 23 the

1902 2272 111 23 attention
2027 2273 24 22 of
2067 2272 38 23 the
2121 2273 124 31 Company,
2258 2273 97 33 through
2373 2274 59 25 their
2449 2283 34 15 re-

1902 2304 75 24 sident
1987 2310 77 27 agent.
2100 2306 51 24 The
2163 2306 115 33 Wyderop
2289 2307 83 32 Valley
2380 2313 102 27 presents

1902 2346 123 16 numerous
2037 2339 137 31 advantages
2186 2344 22 19 to
2222 2340 37 24 the
2272 2340 103 30 Settlers,
2386 2341 44 24 and
2441 2341 42 24 had

1902 2372 30 23 its
1943 2372 79 24 merits
2039 2373 58 23 been
2116 2372 83 25 known
2210 2378 24 19 at
2253 2381 29 17 an
2294 2374 81 25 earlier
2394 2374 58 29 date,
2464 2375 19 23 ii

1902 2405 38 24 the
1961 2405 108 24 direction
2091 2407 25 22 in
2136 2406 72 24 which
2222 2407 37 23 the
2278 2407 114 25 Colonists
2405 2408 24 23 of
2446 2408 35 23 tho

1901 2439 51 23 first
1960 2438 45 24 and
2011 2439 118 32 Principal
2137 2440 142 29 Settlement,
2289 2441 74 24 would
2371 2441 111 25 undoubt-

1902 2472 53 30 edly
1963 2472 56 24 have
2031 2473 85 31 sought
2126 2478 23 19 to
2158 2473 57 24 have
2227 2474 106 24 obtained
2340 2474 59 25 their
2410 2474 71 25 lands.

1902 2505 74 32 Many
1986 2511 61 19 most
2065 2511 60 19 trust
2135 2507 86 31 worthy
2231 2508 128 30 gentlemen
2377 2508 57 24 have
2445 2515 36 17 re-

1901 2539 79 30 ported
1992 2547 60 23 upon
2071 2540 31 23 its
2114 2540 85 24 merits.
2236 2540 66 32 They
2314 2541 30 24 all
2357 2549 69 25 agree
2438 2540 47 25 that

1900 2573 19 22 it
1931 2574 103 22 contains
2045 2581 70 24 many
2125 2573 104 25 hundred
2240 2574 132 30 thousands,
2386 2574 25 24 of
2422 2582 61 16 acres

1901 2606 27 23 of
1942 2606 47 23 fine
2001 2606 74 24 fertile
2095 2607 44 23 and
2151 2607 50 24 well
2212 2607 99 24 watered
2328 2607 55 25 land
2391 2617 7 20 ;
2419 2607 67 24 about

1901 2638 168 26 three-fourths
2087 2640 27 24 of
2133 2639 73 25 which
2228 2641 20 23 is
2266 2640 48 25 free
2332 2641 57 24 from
2406 2640 77 25 forest.

1902 2672 24 24 It
1933 2673 47 24 will
1987 2673 28 23 be
2024 2673 71 31 easily
2105 2673 142 33 approached
2255 2674 59 24 from
2325 2674 57 25 Port
2391 2674 92 25 Nichol-

1901 2714 51 21 son,
1963 2706 31 32 by
2005 2706 39 24 the
2060 2707 55 23 road
2133 2707 73 24 which
2226 2708 20 23 is
2264 2708 69 31 being
2351 2716 51 16 now
2422 2708 63 23 made

1901 2748 32 23 up
1944 2739 38 24 the
1993 2739 69 30 Hutt,
2075 2741 44 23 and
2132 2741 19 23 is
2168 2741 85 24 distant
2265 2741 53 32 only
2330 2741 68 24 about
2415 2741 68 32 thirty

1902 2772 75 25 miles.
2020 2773 49 24 Not
2088 2774 53 32 only
2152 2774 60 31 does,
2225 2775 18 23 it
2261 2780 91 25 present
2370 2775 38 24 the
2428 2779 57 19 most

1902 2806 111 24 available
2024 2806 54 25 laud
2089 2807 55 24 both
2155 2808 36 23 for
2203 2808 37 23 the
2252 2808 177 31 agriculturalist
2439 2807 44 24 and

1901 2840 128 29 stockmen,
2038 2840 41 24 but
2086 2841 18 24 it
2112 2842 20 23 is
2141 2841 38 24 the
2191 2841 57 32 high
2256 2841 55 25 road
2321 2846 23 20 to
2352 2842 65 24 other
2424 2841 62 32 larg?

1900 2873 101 24 districts
2013 2872 30 25 oh
2055 2874 38 23 the
2106 2874 59 24 East
2176 2875 76 29 Coast,
2263 2875 45 24 and
2320 2880 24 20 to
2355 2876 37 23 the
2404 2881 78 18 source

1900 2907 27 23 of
1937 2906 37 24 the
1987 2907 133 24 Manawatu
2130 2908 69 24 river.

1320 767 181 29 Arrangements
1519 767 59 22 have
1596 767 58 22 been
1673 767 24 22 in
1709 773 108 24 progress
1829 767 46 22 and

1289 806 35 16 are
1336 806 53 16 now
1408 799 133 31 completed,
1553 799 31 31 by
1596 799 73 23 which
1688 799 39 23 the
1744 799 48 23 flax
1810 798 65 24 when

1289 832 107 31 prepared
1408 832 30 30 by
1446 832 37 23 the
1494 832 95 23 Natives
1596 833 21 22 is
1628 832 95 31 pressed
1730 832 47 23 and
1785 832 89 31 packed

1289 872 23 17 so
1325 872 25 16 as
1363 869 22 19 to
1397 865 73 23 arrive
1483 865 24 23 in
1518 865 109 30 England
1638 866 24 22 in
1674 865 74 23 better
1759 864 116 24 condition

1289 898 33 23 for
1340 897 104 31 working
1465 905 38 23 up,
1509 918 5 8 ,
1524 898 45 23 and
1592 903 23 18 at
1634 906 15 15 a
1666 898 46 23 less
1734 905 100 24 expense
1854 898 21 23 of

1289 931 83 31 freight
1385 930 55 24 than
1451 938 46 16 was
1509 930 107 32 formerly
1628 931 39 23 the
1683 939 61 16 case.
1782 931 23 23 A
1818 931 57 23 little

1289 971 63 17 more
1365 964 78 31 public
1453 964 111 23 attention
1576 969 21 18 to
1610 964 38 23 the
1662 964 97 31 subject,
1773 964 47 23 and
1838 964 37 23 the

1289 998 124 23 assistance
1433 996 72 24 which
1526 997 157 32 co-operation
1709 997 76 23 would
1806 997 69 32 easily

1289 1030 79 29 afford,
1381 1030 46 23 will
1444 1037 96 25 procure
1559 1030 36 24 for
1615 1030 38 23 the
1672 1030 81 31 colony
1773 1030 39 24 the
1831 1030 43 24 full

1289 1063 125 27 advantage
1428 1064 26 23 of
1469 1071 13 15 a
1493 1071 54 19 very
1558 1064 118 23 extensive
1687 1069 91 21 export.

1547 1126 70 20 OIL.

1325 1182 50 24 The
1389 1182 71 24 whale
1471 1183 102 24 fisheries
1585 1184 47 23 still
1644 1184 107 24 continue
1770 1192 103 23 prosper-

1292 1224 48 20 ous,
1352 1215 44 24 and
1417 1216 67 24 small
1495 1217 57 23 craft
1573 1224 37 16 are
1623 1217 140 31 continually
1777 1218 96 31 arriving

1292 1250 22 22 in
1327 1257 41 15 our
1378 1249 101 24 harbour
1490 1250 53 23 with
1555 1250 38 23 the
1604 1251 100 30 produce
1716 1251 26 23 of
1751 1250 60 24 their
1823 1259 50 15 suc-

1292 1290 57 15 cess.
1386 1282 24 24 It
1421 1283 20 22 is
1459 1288 40 18 not
1510 1283 103 29 doomed,
1626 1283 111 30 however,
1750 1288 24 19 to
1787 1285 86 22 remain

1292 1316 54 30 long
1357 1316 23 23 in
1393 1315 39 24 the
1445 1316 95 31 Colony.
1577 1316 50 24 The
1647 1316 67 31 Tyne,
1728 1317 145 24 commanded

1292 1349 29 31 by
1330 1349 66 31 Capt.
1407 1349 139 29 Robertson,
1554 1350 73 23 whom
1637 1357 34 16 we
1681 1350 29 23 all
1721 1350 55 23 look
1783 1358 61 24 upon
1852 1359 21 16 as

1292 1390 42 15 one
1345 1383 26 22 of
1380 1382 123 29 ourselves,
1516 1383 71 23 sailed
1598 1389 76 25 yester
1683 1383 36 30 lay
1730 1384 35 22 for
1778 1384 95 29 Nelson,

1292 1420 22 18 to
1326 1415 84 24 deliver
1423 1415 37 24 the
1473 1416 124 23 remainder
1607 1416 25 23 of
1641 1416 36 23 his
1689 1416 103 32 English
1800 1425 73 23 cargo.

1292 1448 76 24 While
1379 1449 55 23 here
1447 1449 96 31 Captain
1561 1449 131 24 Robertson
1705 1450 96 23 secured
1814 1458 59 16 some

1292 1481 71 31 thirty
1374 1487 54 18 tuns
1439 1482 26 23 of
1474 1483 36 28 oil,
1523 1483 45 22 and
1579 1483 118 31 arranged,
1712 1491 62 23 upon
1787 1484 86 31 leaving

1292 1514 96 30 Nelson,
1406 1519 24 19 to
1447 1516 53 22 visit
1522 1515 88 32 Kapiti,
1629 1516 46 24 and
1697 1516 64 24 there
1783 1517 90 24 embark

1293 1548 69 24 about
1371 1553 96 26 seventy
1479 1553 51 19 tuns
1550 1556 70 17 more.
1665 1549 39 24 He
1720 1554 92 19 returns
1823 1551 50 24 here

1292 1582 62 29 then,
1366 1582 73 24 hence
1577 1587 21 18 to
1617 1583 58 23 Port
1691 1582 89 33 Phillip
1801 1588 22 19 to
1843 1584 30 24 fill

1292 1623 30 23 up
1345 1615 54 23 with
1417 1615 66 29 wool,
1505 1615 41 24 and
1565 1623 32 15 we
1614 1616 65 31 hope,
1700 1616 47 23 will
1764 1625 44 23 pay
1822 1625 26 16 us
1862 1626 11 15 a

1292 1648 76 24 fourth
1382 1650 54 22 visit
1447 1657 29 14 on
1485 1648 36 24 his
1532 1649 128 23 homeward
1672 1650 77 23 bound
1759 1658 105 20 passage.

1325 1688 50 24 The
1387 1689 52 31 brig
1449 1688 94 30 Nelson,
1557 1690 78 23 owned
1648 1690 29 31 by
1691 1690 100 25 Messrs.
1804 1691 73 25 Waitt

1292 1723 43 22 and
1348 1721 82 31 Tyser,
1444 1723 54 22 sails
1517 1723 45 25 this
1575 1723 42 31 day
1629 1723 36 24 for
1676 1723 108 30 London,
1797 1725 77 30 direct,

1291 1755 53 23 with
1357 1764 12 14 a
1380 1756 42 22 full
1436 1764 66 22 cargo
1514 1757 24 22 of
1547 1756 38 29 oil,
1596 1757 65 28 bone,
1672 1757 44 23 and
1725 1758 56 23 flax.
1818 1758 58 24 This

1288 1790 21 22 is
1322 1789 38 23 the
1371 1789 85 23 second
1473 1789 72 24 vessel
1563 1789 137 32 despatched
1705 1794 5 3 '
1718 1791 46 23 this
1781 1799 53 23 year
1846 1792 30 31 by

1291 1822 37 23 the
1340 1830 62 15 same
1408 1822 66 24 iirm.
1510 1822 100 31 Though
1622 1824 38 22 the
1672 1822 121 33 Clydeside
1803 1825 70 23 sailed

1289 1855 54 31 only
1355 1864 13 15 a
1379 1856 43 23 few
1434 1855 89 24 months
1542 1856 69 29 since,
1624 1856 39 23 the
1674 1857 31 23 oil
1723 1857 42 24 she
1785 1858 45 24 had
1846 1867 29 15 on

1289 1888 70 24 board
1370 1897 45 15 was
1429 1888 68 24 taken
1508 1889 44 23 last
1563 1897 89 21 seavon,
1665 1890 39 23 the
1717 1896 60 18 most
1788 1899 84 16 unsuc-

1289 1922 84 25 cessful
1392 1930 56 21 year
1465 1930 52 15 ever
1534 1922 83 24 known
1637 1923 29 31 by
1677 1923 39 24 the
1737 1924 96 24 whalers
1845 1933 29 16 on

1289 1963 42 16 our
1343 1961 70 18 coast.
1450 1955 24 24 It
1482 1955 44 24 will
1539 1956 27 23 be
1578 1964 53 16 seen
1643 1955 29 31 by
1681 1965 42 15 our
1735 1958 139 31 advertising

1277 1987 122 38 Columns,
1412 1989 51 23 that
1474 1988 36 24 the
1521 1987 67 32 Lady
1597 1988 83 31 Leigh,
1694 1991 20 21 is
1735 1991 135 28 advertised,

1289 2014 34 39 Dg'
1331 2021 40 24 the
1389 2028 61 15 same
1467 2021 58 27 firm,
1539 2025 22 19 to
1574 2020 74 24 follow
1665 2021 38 24 the
1721 2021 97 29 Nelson,
1829 2023 43 23 and

1289 2061 32 16 ws
1333 2053 139 23 understand
1484 2062 13 14 a
1509 2060 67 24 cargo
1589 2053 24 24 of
1630 2054 39 28 oil,
1681 2053 67 30 bone,
1761 2054 45 24 and
1818 2055 54 29 flax,

1288 2085 25 25 )
1328 2086 91 31 already
1431 2086 93 23 secured
1543 2086 35 24 for
1598 2086 48 25 her.
1693 2087 45 23 We
1759 2087 58 24 have
1836 2094 38 19 not

1286 2119 59 25 been
1357 2119 50 24 able
1419 2125 23 18 to
1454 2124 110 19 ascertain
1578 2119 37 25 the
1627 2121 105 31 quantity
1744 2121 26 23 of
1789 2121 31 23 oil
1830 2122 44 23 and

1289 2153 58 24 bone
1359 2149 72 35 likely
1443 2158 23 18 to
1483 2153 26 23 be
1521 2153 95 31 shipped
1627 2154 59 23 from
1698 2154 54 23 here
1764 2154 46 23 this
1822 2163 51 15 sea-

1277 2186 2 5 '
1289 2193 50 16 son.
1376 2186 48 24 But
1434 2194 34 15 we
1486 2186 57 24 hear
1550 2187 64 23 there
1626 2194 39 17 are
1676 2187 64 32 large
1751 2189 123 30 quantities

1288 2224 24 19 at
1323 2220 38 23 the
1379 2220 98 23 stations
1496 2219 68 32 ready
1577 2224 22 19 to
1618 2220 30 24 be
1667 2220 96 32 shipped
1775 2220 35 25 for
1828 2222 45 23 this

1277 2257 4 6 '
1288 2257 59 26 port.
1382 2253 25 23 A
1418 2253 75 23 vessel
1510 2253 20 23 is
1543 2253 109 31 expected
1672 2253 31 32 by
1715 2254 49 24 Mr.
1778 2254 94 32 Lewyn,

1287 2286 60 23 from
1357 2286 103 31 Sydney,
1472 2290 22 19 to
1509 2286 52 24 take
1573 2287 24 23 in
1608 2286 52 25 four
1671 2287 104 24 hundred
1787 2293 52 19 tuns
1851 2289 26 23 of

1289 2318 37 29 oil,
1340 2326 50 17 now
1401 2320 71 31 ready
1477 2320 24 23 in
1512 2320 38 23 the
1563 2320 91 29 Straits,
1664 2320 45 24 and
1720 2321 25 23 in
1756 2321 47 23 this
1814 2326 58 27 port,

1288 2353 54 23 with
1353 2352 73 24 which
1438 2353 41 24 she
1485 2354 21 23 is
1515 2357 23 19 to
1545 2353 97 32 proceed
1650 2358 22 19 to
1684 2353 101 25 London
1793 2354 78 25 direct.

1288 2385 44 25 We
1344 2386 83 24 should
1437 2394 49 23 say,
1498 2387 49 23 that
1556 2386 60 24 from
1628 2387 44 24 five
1690 2392 23 19 to
1725 2387 64 32 eight
1801 2388 71 32 ships,

1277 2419 4 6 *
1288 2419 47 24 will
1345 2419 29 23 be
1393 2419 135 32 despatched
1547 2424 24 19 to
1583 2420 108 32 England
1702 2421 56 23 with
1770 2429 42 16 our
1824 2429 48 16 own

1288 2452 99 32 produce
1398 2452 46 24 this
1455 2460 88 17 season.
1580 2453 59 24 This
1650 2462 92 16 success
1754 2455 46 23 will
1817 2454 56 25 have

1286 2485 85 33 proved
1383 2494 14 15 a
1408 2490 61 20 most
1479 2486 77 32 timely
1564 2486 68 25 relief
1641 2492 23 19 to
1672 2487 46 24 this
1728 2488 143 30 settlement;

1287 2519 39 24 the
1336 2519 54 32 only
1396 2520 88 31 ground
1494 2520 34 23 for
1535 2520 167 31 apprehension
1710 2521 22 23 is
1741 2523 131 30 respecting

1287 2552 39 24 the
1338 2552 43 25 due
1401 2553 83 31 supply
1497 2553 24 23 of
1536 2561 82 25 proper
1630 2553 68 24 casks
1719 2555 25 23 in
1754 2555 75 24 which
1850 2560 22 19 to

1288 2586 52 31 ship
1347 2586 40 24 oil.
1422 2586 52 24 The
1484 2587 111 23 cessation
1604 2587 26 23 of
1636 2588 137 31 emigration
1780 2593 23 19 to
1812 2589 59 24 New

1287 2619 75 24 South
1380 2619 80 25 Wales
1478 2619 43 24 and
1542 2620 45 24 this
1606 2621 83 29 island,
1709 2621 106 32 destroys
1834 2622 38 24 the

1287 2652 139 24 economical
1444 2654 147 31 opportunity
1602 2654 75 24 which
1688 2655 19 23 it
1724 2654 102 25 afforded
1837 2655 36 25 for

1286 2685 146 33 introducing
1448 2687 46 24 this
1510 2695 122 23 necessary
1642 2687 112 33 package.
1792 2688 80 25 Possi-

1286 2719 39 31 bly
1336 2719 66 23 when
1420 2721 161 30 experiencing
1601 2728 14 16 a
1632 2721 117 24 sufficient
1765 2730 108 23 pressure

1286 2760 33 16 we
1330 2752 60 24 shall
1401 2752 110 30 discover,
1523 2754 49 24 that
1582 2761 33 17 we
1627 2762 44 16 can
1681 2755 68 24 make
1758 2756 114 24 servicea-

1286 2786 37 24 ble
1335 2786 68 24 casks
1413 2792 39 18 out
1460 2788 24 22 of
1494 2788 37 23 the
1543 2788 82 24 timber
1632 2788 26 24 of
1667 2788 38 24 the
1719 2789 96 31 Colony,
1828 2789 45 24 and

1286 2824 23 19 at
1317 2819 116 24 moderate
1443 2821 71 31 price.
1538 2821 30 24 In
1578 2821 38 24 the
1622 2822 132 30 meantime,
1764 2830 35 16 we
1806 2822 67 25 think

1284 2852 52 24 well
1347 2857 23 19 to
1383 2853 72 32 notify
1468 2862 41 16 our
1519 2854 108 32 probable
1635 2860 69 25 want,
1713 2856 26 23 in
1751 2855 40 25 the
1801 2855 71 33 hopes

1286 2886 49 25 that
1354 2887 19 22 it
1390 2894 53 24 may
1460 2887 29 24 be
1509 2888 108 29 satisfied,
1629 2888 31 32 by
1679 2896 42 16 our
1741 2889 88 24 friends
1848 2890 24 23 in

1283 2919 111 32 England
1405 2920 81 31 taking
1498 2928 66 24 every
1573 2922 146 31 opportunity
1729 2922 26 24 of
1764 2922 109 32 shipping

1284 2953 80 31 goods,
1376 2961 27 16 so
1414 2954 36 24 far
1461 2962 25 15 as
1498 2955 99 31 possible
1614 2955 24 23 in
1650 2955 51 24 first
1712 2960 49 19 rate
1774 2955 97 24 London

1284 2987 32 23 oil
1328 2986 75 24 c<tsks.
1441 2987 43 24 We
1493 2988 73 24 would
1573 2995 62 17 warn
1642 2988 63 24 them
1714 2989 50 23 that
1775 2989 96 23 inferior

1284 3019 69 24 casks
1364 3019 46 24 will
1418 3028 70 16 never
1500 3021 27 24 be
1537 3021 98 24 saleable
1647 3029 25 16 as
1679 3022 56 30 they
1742 3029 40 17 ar
1793 3022 78 24 value-

1283 3054 47 24 less
1342 3053 34 23 for
1389 3054 38 23 the
1439 3054 115 31 shipment
1564 3054 27 24 of
1610 3062 29 16 an
1658 3055 79 24 article
1755 3062 27 17 so
1799 3055 73 32 likely

1284 3092 23 19 to
1319 3086 52 24 leak
1383 3091 41 19 out
1434 3094 26 16 as
1472 3087 37 24 oil.
1562 3096 2 9 '

1317 3125 51 24 The
1378 3133 92 16 success
1477 3126 26 23 of
1507 3125 45 25 this
1561 3134 82 16 season
1652 3126 45 24 and
1707 3127 40 24 the
1756 3127 115 33 improve-

1283 3163 63 20 ment
1363 3159 23 23 in
1396 3158 41 24 the
1448 3158 97 25 conduct
1556 3160 26 24 of
1597 3159 38 25 the
1646 3160 102 32 whaling
1764 3162 105 29 stations,

1282 3192 72 31 likely
1366 3196 23 21 to
1403 3192 78 24 attend
1491 3192 76 25 future
1578 3194 138 31 operations,
1728 3194 66 25 leads
1804 3202 27 17 us
1843 3199 24 20 to

1283 3225 59 33 hope
1361 3225 49 24 that
1429 3230 56 20 next
1503 3234 81 16 season
1595 3227 46 23 will
1658 3232 49 25 not,
1720 3232 24 20 at
1763 3228 66 29 least,
1841 3228 29 24 he

1282 3258 166 25 Unsuccessful.
1483 3259 44 24 We
1538 3265 59 20 trust
1608 3268 42 16 our
1660 3260 89 25 friends
1766 3262 25 23 in
1803 3261 66 32 Eng-

1281 3292 54 26 land
1350 3292 49 24 .will
1417 3292 55 24 take
1492 3301 51 16 care
1564 3298 26 20 to
1608 3294 94 31 provide
1720 3302 29 16 us
1766 3295 57 23 with
1839 3295 31 24 all

1282 3325 91 26 articles
1385 3332 120 25 necessary
1517 3331 23 19 to
1551 3327 81 24 enable
1649 3335 28 16 us
1694 3332 25 19 to
1731 3336 85 19 secure,
1824 3328 45 24 this

1281 3359 76 32 staple
1368 3359 26 24 of
1403 3358 39 25 the
1455 3359 95 32 Colouy.
1580 3359 51 25 The
1639 3360 48 24 flax
1697 3361 64 24 trade
1768 3362 23 23 is
1797 3360 72 33 likely

1281 3397 23 20 to
1316 3393 102 23 increase
1429 3393 157 31 considerably
1597 3393 84 31 during
1692 3394 40 23 the
1749 3398 57 20 next
1818 3402 50 17 sea-

1281 3433 50 22 son,
1341 3425 48 24 and
1405 3433 35 17 we
1456 3425 67 32 hope,
1537 3426 63 24 there
1618 3426 47 25 will
1681 3426 31 25 be
1731 3435 30 16 no
1781 3428 53 24 lack
1846 3429 26 23 of

1281 3460 40 25 the
1334 3459 91 24 articles
1437 3459 105 31 required
1561 3464 22 19 to
1595 3459 77 25 barter
1689 3460 37 24 for
1737 3460 48 24 this
1796 3461 73 32 staple

1281 3492 45 25 and
1336 3492 35 25 for
1383 3491 148 30 agricultural
1542 3492 108 29 produce.

1324 3555 257 28 AGRICULTURE
1599 3556 74 25 AND
1690 3557 125 26 STOCK.

1296 3619 6 4 '
1314 3614 78 24 Those
1414 3613 51 25 who
1488 3613 56 25 have
1561 3614 67 24 made
1647 3614 140 31 agriculture
1808 3616 59 24 their

1279 3649 98 33 pursuit,
1397 3647 44 24 and
1460 3646 56 25 have
1533 3647 47 24 had
1599 3648 116 24 sufficient
1733 3650 135 31 experience

1280 3685 38 21 ate
1336 3682 62 31 quite
1416 3679 102 25 satisfied
1537 3680 55 24 with
1611 3681 39 24 the
1670 3681 104 32 yielding
1790 3683 25 23 of
1829 3683 38 24 the

1280 3715 51 26 soil.
1366 3713 66 32 Very
1442 3722 68 23 many
1521 3721 63 17 more
1601 3714 75 25 would
1695 3715 56 31 long
1771 3724 39 16 ere
1822 3717 45 23 this

1279 3749 58 25 have
1348 3748 93 24 become
1452 3747 133 30 successful,
1594 3747 129 32 andbjippy
1735 3748 132 26 cultivators

1279 3782 26 24 of
1370 3781 51 29 soil,
1434 3781 76 24 rather
1521 3780 56 24 than
1587 3785 76 20 waste-
1673 3781 61 24 their
1745 3782 129 25 substance'

1279 3815 45 25 and
1345 3815 105 31 energies
1467 3814 25 24 in
1510 3814 107 30 idleness,
1638 3814 46 24 had
1698 3814 62 32 -they
1771 3816 47 24 had
1834 3824 31 16 an

1279 3849 93 31 qption;
1392 3848 42 23 but
1445 3847 55 31 they
1509 3847 58 24 have
1579 3847 46 24 had
1636 3855 30 16 no
1669 3847 105 27 .choice;
1793 3850 25 23 in
1829 3849 38 25 the

1279 3873 52 40 fi^st
1342 3881 65 32 place
1424 3880 55 33 they
1490 3880 99 25 suffered
1605 3880 118 25 front-the
1740 3881 63 34 slow,
1813 3890 54 25 prp-

1278 3915 67 32 gjeaa
1356 3914 55 27 with
1429 3914 74 26 which
1520 3913 39 26 the
1567 3915 93 33 'survey
1671 3914 145 32 department
1825 3918 51 23 ne-\

1399 3945 277 34 protded*;;.*econdiy,
1694 3948 54 24 thfcv
1759 3948 73 25 found
1848 3950 20 23 it

707 2416 52 25 Ten
770 2424 26 16 or
807 2416 81 24 twelve
898 2424 66 23 years
976 2425 51 22 ago,
1039 2417 66 28 Flax,
1122 2421 23 19 to
1157 2417 39 24 the
1216 2426 42 15 ex-

675 2453 47 20 tent
744 2449 26 25 of
795 2450 89 23 several
905 2450 104 24 hundred
1030 2455 52 18 tons
1102 2457 41 24 per
1166 2458 92 23 annum,

673 2481 122 33 (prepared
806 2482 31 32 by
849 2482 38 25 the
899 2482 99 33 natives)
1019 2491 46 16 was
1085 2483 69 24 taken
1171 2483 37 25 off
1221 2484 37 24 the

673 2521 63 19 coast
759 2517 25 23 of
803 2516 59 24 New
880 2516 102 24 Zealand
998 2516 31 32 by
1049 2517 93 31 Sydney
1164 2517 94 30 traders,

673 2550 44 24 and
729 2549 80 25 served
821 2553 23 20 to
856 2549 67 24 make
936 2558 30 23 up
978 2558 13 16 a
1003 2558 67 24 cargo
1082 2551 35 23 for
1129 2549 107 33 England
1249 2560 6 20 ;

673 2583 41 24 but
724 2583 40 24 the
775 2583 76 24 native
862 2583 89 32 finding
962 2583 54 32 they
1036 2591 58 17 were
1112 2589 40 18 not
1171 2585 87 23 suffici-

673 2616 62 31 ently
746 2617 53 30 paid
811 2616 132 25 abandoned
955 2617 39 23 the
1006 2617 63 24 trade
1081 2617 134 30 altogether.

706 2650 67 31 They
783 2650 59 24 have
851 2657 51 16 now
914 2650 58 24 been
983 2650 127 32 persuaded
1122 2655 24 19 to
1166 2658 90 17 resume

672 2683 26 29 it,
707 2683 73 24 under
799 2683 38 25 the
855 2683 147 25 inducement
1022 2684 26 23 of
1063 2692 13 16 a
1094 2683 75 25 better
1187 2685 69 31 price.

672 2716 63 30 And,
747 2724 33 17 we
792 2716 95 30 believe,
900 2717 17 23 it
928 2718 20 23 is
959 2722 41 19 not
1011 2718 164 31 exaggerating
1183 2722 24 19 to
1218 2726 39 24 say

673 2749 49 24 that
741 2758 70 23 many
832 2749 116 25 hundreds
968 2751 26 23 of
1009 2750 61 24 them
1082 2758 38 17 are
1132 2755 24 19 at
1167 2756 90 26 present

674 2782 117 32 employed
811 2784 25 23 in
855 2784 125 31 preparing
995 2784 20 23 it
1034 2792 31 15 on
1084 2784 38 24 the
1143 2784 80 24 shores
1235 2785 22 23 of

674 2816 86 25 Cook's
772 2817 93 28 Straits,
877 2817 44 23 and
933 2825 26 15 as
971 2825 67 23 many
1049 2817 124 24 thousands
1183 2818 74 32 might

672 2850 29 23 be
711 2854 36 20 set
758 2855 23 19 to
795 2849 63 24 work
870 2858 30 15 on
911 2850 106 25 different
1028 2856 63 26 parts
1102 2851 26 23 of
1143 2850 38 25 the
1194 2856 62 20 coast

670 2883 22 24 if
706 2883 44 25 due
762 2888 191 26 encouragement
964 2892 58 16 were
1034 2885 67 29 given
1114 2883 70 26 them.

705 2916 61 25 Flax
776 2925 26 16 as
814 2924 51 17 now
875 2916 93 25 dressed
980 2917 41 24 has
1030 2918 53 31 only
1091 2918 101 31 recently
1200 2918 56 24 been

672 2949 118 33 exported.
818 2950 37 25 As
865 2950 111 31 prepared
987 2951 107 30 hitherto,
1102 2951 19 23 it
1129 2950 125 26 demanded

670 2991 64 16 more
744 2983 81 25 labour
835 2982 56 26 than
904 2983 38 25 the
954 2985 87 23 natives
1053 2993 38 16 are
1102 2984 112 32 prepared
1233 2991 23 18 to

672 3016 85 25 bestow
768 3024 60 25 upon
841 3017 46 24 this
903 3018 87 29 article,
1009 3018 66 24 while
1095 3018 39 25 the
1152 3017 104 33 shippers

671 3057 37 17 are
721 3050 26 24 of
762 3050 100 32 opinion,
874 3050 50 25 that
935 3052 23 23 in
971 3052 30 23 its
1013 3055 93 27 present
1125 3056 59 20 state
1195 3052 19 24 it
1232 3052 21 24 is

670 3083 71 32 really
752 3092 63 16 more
827 3083 110 25 available
948 3086 36 22 tor
994 3084 40 24 the
1044 3092 112 26 purposes
1176 3085 26 23 of
1217 3085 39 25 the

670 3117 176 29 manufacturer,
862 3117 56 24 than
931 3118 26 24 in
969 3117 38 25 the
1020 3118 121 24 condition,
1147 3119 24 23 in
1182 3119 74 24 which

670 3150 18 23 it
699 3149 56 25 used
765 3149 111 32 formerly
884 3155 23 19 to
918 3151 29 24 be
966 3152 118 30 exported.
1133 3151 51 24 The
1205 3152 50 25 first

670 3182 114 33 shipment
796 3183 26 24 of
830 3183 68 31 Flax,
908 3192 26 16 as
946 3192 51 17 now
1005 3184 119 33 prepared,
1137 3193 45 16 was
1190 3186 65 24 made

669 3217 24 23 in
704 3216 39 24 the
763 3216 125 32 Clydeside.
933 3217 49 24 She
1001 3222 61 20 went
1077 3222 25 21 to
1118 3217 92 33 Sydney
1231 3224 23 19 to

669 3249 33 24 fill
730 3257 32 25 up
786 3250 55 23 with
868 3250 65 30 wool,
955 3250 46 25 and
1027 3251 66 24 while
1121 3251 71 30 there,
1216 3252 38 25 the

669 3283 86 32 sample
776 3290 47 17 was
843 3283 119 25 estimated
986 3289 23 19 to
1029 3283 28 25 be
1079 3285 70 24 about
1170 3290 84 28 twenty

668 3316 89 32 pounds
768 3324 41 24 per
821 3321 47 20 ton.
903 3339 4 4 .
915 3317 25 25 A
959 3321 40 20 ton
1020 3325 46 16 was
1086 3317 71 25 taken
1172 3318 32 33 by
1215 3319 39 25 the

668 3348 87 25 Sisters
768 3355 22 19 to
801 3350 93 25 Hobart
905 3350 82 29 Town,
997 3351 45 23 and
1055 3350 49 26 sold
1122 3351 87 33 readily
1227 3358 26 19 at

669 3384 133 29 twenty-six
825 3384 97 32 pounds.
948 3402 3 4 .
969 3383 52 25 The
1041 3383 66 33 Lady
1126 3383 76 33 Leigh
1212 3386 41 25 has

669 3415 69 25 taken
759 3416 69 24 about
846 3417 71 32 thirty
935 3422 52 20 tons
1009 3423 23 18 to
1054 3417 100 32 Sydney,
1168 3419 41 23 but
1220 3427 30 17 no

669 3453 76 27 report
756 3449 26 24 of
792 3450 43 24 the
851 3451 63 31 price
934 3450 107 25 obtained
1053 3450 66 25 could
1137 3450 59 26 have
1215 3458 38 26 yet

667 3482 98 24 reached
775 3482 40 24 the
826 3483 98 32 Colony.
971 3483 52 25 The
1044 3481 96 32 Sisters,
1159 3492 41 18 on-
1209 3485 42 26 her

667 3515 50 24 last
722 3520 95 28 Voyage,
828 3516 75 25 would
914 3516 57 25 have
983 3516 70 26 taken
1065 3525 14 17 a
1096 3518 156 26 considerable

667 3550 111 30 quantity,
790 3549 43 25 but
843 3557 47 17 was
898 3550 80 32 nearly
988 3550 62 25 filled
1062 3550 66 26 while
1137 3551 54 25 here
1199 3553 53 25 with

667 3590 68 23 cargo
745 3582 35 25 for
792 3583 97 24 Nelson.
924 3583 58 29 She,
992 3584 113 30 however,
1117 3584 54 25 took
1184 3586 69 25 about

667 3615 63 25 three
741 3620 53 19 tons
804 3616 37 24 for
851 3616 94 24 Hobart
955 3616 81 31 Town,
1048 3618 41 24 her
1105 3617 56 25 final
1181 3619 71 26 desti-

666 3649 87 24 nation.
789 3649 52 24 The
851 3648 89 25 Nelson
950 3649 43 24 has
1005 3658 30 16 on
1046 3650 71 26 board
1128 3651 70 26 about
1208 3654 43 24 five

666 3686 59 25 tons,
738 3681 95 33 shipped
844 3682 31 31 by
892 3682 98 26 Messrs.
1002 3683 134 34 Ridgways,
1149 3685 55 33 Guy
1205 3691 47 27 ton,

666 3715 43 24 and
722 3715 52 29 Co.,
787 3714 45 25 arid
843 3722 34 16 we
886 3713 59 34 hope
953 3724 44 22 pur
1009 3717 86 25 friends
1107 3718 24 23 in
1142 3718 110 33 England

665 3748 46 24 will
722 3746 82 26 liasten
815 3753 24 19 to
849 3748 85 24 inform
945 3743 40 30 tKe
993 3749 117 25 Colonists
1116 3751 39 24 the
1166 3754 86 25 reward

665 3782 54 31 they
738 3789 54 23 may
809 3786 83 27 expect
911 3786 24 19 to
952 3782 78 25 obtain
1046 3784 35 23 for
1097 3791 30 16 an
1139 3786 78 24 article
1228 3788 26 24 of

665 3815 38 24 the
714 3814 65 30 kind,
792 3815 45 23 and
849 3815 39 24 the
896 3816 112 31 probable
1019 3822 79 20 extent
1115 3817 25 25 of
1154 3817 97 28 demand

665 3848 73 25 which
746 3856 55 24 .may
815 3849 27 24 be
853 3849 110 31 expected
974 3849 73 25 there.

698 3881 51 25 The
761 3881 113 25 obstacles
884 3878 75 28 which
971 3891 44 19 are.
1022 3884 25 23 in
1060 3884 38 24 the
1110 3891 49 26 way
1171 3885 33 25 of-
1212 3886 39 26 the

663 3915 136 24 Phormium
809 3915 84 24 Tenax
903 3915 122 33 becoming
1074 3917 64 32 large
1149 3918 47 26 and
1206 3918 45 28 ira-

1937 2947 102 24 Another
2050 2948 125 31 advantage
2187 2948 25 24 of
2230 2953 69 26 great,
2305 2949 140 32 importance
2457 2949 26 29 is,

1900 2980 50 23 that
1962 2981 18 23 it
1995 2981 20 22 is
2028 2989 13 15 a
2052 2981 90 24 district
2160 2983 24 22 in
2196 2981 74 24 which
2278 2981 43 24 few
2333 2982 96 24 Natives
2449 2990 34 16 re-

1900 3014 58 29 side,
1970 3014 44 24 and
2026 3014 95 32 settling
2131 3015 23 23 in
2173 3015 19 23 it
2203 3022 43 17 can
2257 3016 23 23 in
2292 3016 83 24 nowise
2388 3015 95 32 damage

1900 3047 61 24 their
1978 3048 103 24 interest.
2127 3048 67 32 They
2206 3056 51 24 may
2269 3048 28 25 be
2315 3048 123 32 instigated
2456 3050 28 30 by

1898 3080 46 24 bad
1954 3089 59 21 men,
2028 3085 22 20 to
2069 3081 92 25 become
2178 3082 152 24 troublesome
2342 3082 64 25 there
2424 3082 58 24 like-

1900 3115 62 28 wise,
1974 3115 42 23 but
2034 3114 83 25 should
2135 3115 61 32 they,
2208 3116 39 23 the
2265 3115 161 25 Government,
2438 3115 44 24 will

1898 3148 65 29 then,
1985 3148 106 32 perhaps,
2116 3156 61 17 more
2205 3149 57 32 fully
2290 3150 128 32 appreciate
2445 3148 36 24 the

1899 3181 118 25 character
2029 3182 25 24 of
2073 3182 40 24 the
2137 3182 78 25 claims
2236 3182 74 25 which
2332 3182 38 25 the
2389 3182 92 25 Natives

1898 3214 60 24 have
1968 3215 59 25 been
2037 3220 61 20 most
2115 3216 175 32 mischievously
2301 3216 97 24 induoed
2410 3220 21 19 to
2443 3222 36 16 as-

1898 3253 56 20 sert.
1989 3249 26 24 It
2031 3249 47 24 will
2089 3249 55 24 then
2162 3250 30 23 be
2203 3257 54 16 seen
2277 3249 50 24 that
2339 3250 53 31 they
2403 3248 28 24 do
2442 3252 37 19 not

1898 3282 87 32 merely
1996 3282 129 24 endeavour
2136 3287 22 19 to
2170 3283 65 23 avoid
2245 3283 70 31 being
2325 3281 151 34 dispossessed

1898 3315 26 24 of
1933 3316 66 23 lands
2011 3316 74 23 which
2096 3316 55 31 they
2161 3316 59 24 have
2225 3316 24 23 in
2261 3316 133 32 occupation
2406 3323 25 16 or
2442 3322 35 17 are

1897 3348 74 32 likely
1977 3353 23 19 to
2012 3356 94 25 occupy,
2118 3349 41 24 but
2166 3349 66 24 claim
2239 3354 97 27 country
2344 3349 73 25 which
2429 3348 50 31 they

1898 3389 39 16 are
1947 3390 70 16 never
2033 3382 48 24 like
2100 3386 23 20 to
2134 3383 97 31 require,
2243 3383 45 24 and
2308 3388 24 19 to
2343 3382 74 25 which
2427 3382 51 30 they

1897 3415 59 24 have
1967 3423 29 16 no
2013 3416 74 23 better
2097 3415 75 32 claim,
2185 3415 56 25 than
2259 3416 69 31 being
2344 3415 94 25 enabled
2456 3418 21 19 to

1897 3449 44 23 call
1953 3449 137 24 themselves
2110 3448 36 24 the
2159 3449 89 24 natives
2260 3449 25 24 of
2301 3447 57 27 New'
2358 3447 116 27 Zealand.

1897 3482 66 24 Such
1973 3490 13 16 a
1997 3482 110 32 principle
2115 3489 25 16 as
2150 3482 86 31 having
2246 3483 130 31 accidently
2382 3482 56 24 been
2449 3487 28 17 on

1897 3515 40 24 the
1948 3520 52 26 spot
2010 3515 52 24 first
2080 3515 43 24 has
2138 3523 73 17 never
2226 3516 59 25 been
2302 3513 133 35 recognized
2452 3520 24 17 as

1897 3548 113 32 affording
2020 3556 14 16 a
2045 3548 49 24 title
2112 3553 24 19 to
2150 3548 119 26 unlimited
2281 3550 108 24 districts.
2424 3545 52 26 Had

1897 3583 18 23 it
1931 3582 67 28 been,
2015 3580 256 27 nineteen-twentieth's
2289 3583 26 24 of
2328 3583 37 24 the
2383 3584 61 30 parts
2454 3578 24 25 of

1897 3615 39 25 the
1946 3615 75 32 globe,
2034 3620 22 19 at
2068 3620 93 27 present
2171 3616 124 31 inhabited,
2307 3616 75 24 would
2398 3619 23 19 to
2431 3612 44 25 (hit
2487 3633 7 5 .

1897 3649 42 31 day
1951 3649 57 24 have
2020 3649 116 24 remained
2145 3649 138 25 wilderness.

1930 3682 51 24 The
1989 3682 97 24 Settlers
2092 3682 59 24 have
2161 3682 99 33 brought
2267 3683 38 24 the
2317 3686 81 20 matter
2404 3678 77 27 under,

1896 3715 39 24 the
1942 3719 110 20 attention
2058 3715 26 24 of
2086 3715 40 24 the
2132 3715 139 33 Company's
2275 3712 200 35 Agentatafitting

1896 3753 108 24 moment,
2013 3748 36 24 for
2059 3748 30 24 he
2100 3743 47 30 will
2152 3744 27 31 dif
2187 3755 79 19 course
2275 3750 60 22 seize
2345 3748 39 24 die
2394 3751 80 26 oppor-

1896 3783 75 30 tunity
1982 3781 99 24 afforded
2093 3786 25 19 to
2128 3783 111 24 transmit
2251 3782 38 23 the
2300 3781 134 24 resolutions
2444 3777 30 31 by

1896 3816 39 24 the
1954 3814 95 30 Nelson,
2071 3815 84 32 sailing
2175 3815 46 24 this
2234 3814 49 32 'day
2302 3815 36 23 for
2358 3810 114 33 England.

1896 3849 53 24 The
1961 3847 115 26 Colonists
2097 3856 47 20 are.
2154 3848 71 32 really
2225 3842 38 30 V
2279 3847 93 24 distress
2392 3844 84 30 arising

1896 3887 41 19 out
1947 3882 26 24 of
1981 3884 41 22 hot
2030 3880 88 33 having
2126 3878 124 32 thVjwwer.
2259 3879 24 25 of
2292 3880 118 30 obtaining
2420 3875 54 26 such
2490 3901 4 3 .

1895 3914 67 25 lands
1980 3922 26 16 as
2018 3922 43 19 can
2078 3915 30 24 be
2125 3911 153 36 prjMiireckin
2297 3912 40 25 the
2336 3917 5 13 1
2354 3910 119 33 Wyderop.
2488 3918 5 4 -

1896 3948 53 24 The
1960 3952 59 20 town
2027 3948 20 23 it
2055 3943 286 37 now^u*tound^Uh'i
2342 3940 52 29 took
2401 3940 73 27 which

557 37 242 49 Ctyttftto
825 38 211 42 Zealand
1062 37 188 49 <Sfc?ssit4
1250 37 121 49 jwto
1394 36 305 47 WUlUmton
1725 34 255 50 &tctatoK.

669 132 56 20 ways
733 126 43 21 and
785 120 47 30 Co.^
840 124 195 27 Agontt.-t-26AQ0
1042 140 7 15 ;*Xnf,;
1053 121 72 27 *Xnf,
1139 124 39 20 100
1196 129 59 16 cases

670 153 92 24 Geneva,
771 153 42 20 200
823 154 62 19 casks
895 158 55 19 Deer,
961 153 13 20 8
983 152 35 21 do.
1027 150 81 23 refined
1117 157 70 19 augar,
1198 151 13 20 8
1220 150 35 21 do.

670 180 80 21 British
760 180 25 21 P.
796 180 66 24 Rum,-
870 181 14 20 2
891 180 35 21 do.
936 179 87 26 brandy,
1035 180 40 20 148
1085 178 65 24 dealt,
1160 178 28 20 35
1198 179 66 20 cases'*

669 208 55 24 beer,
736 208 26 20 35
776 213 60 14 case*
844 207 64 23 yrine,
921 206 28 21 36
959 206 80 21 barrels
1055 207 26 20 20
1091 204 14 26 i
1119 205 43 24 do.,
1173 206 14 20 8
1201 211 54 21 pun-

669 236 79 19 cheons
759 235 26 19 10
795 234 166 26 caslctwhiilcey,
971 234 28 20 40
1006 234 86 24 barrels,
1104 233 26 20 18

668 262 27 20 54
705 263 77 23 stoves,
793 262 27 20 32
834 264 77 24 grates,
922 261 13 20 2
950 262 77 24 store*,
1042 261 25 20 18
1082 265 62 21 camp
1154 265 73 20 ovens,
1241 260 14 21 2

668 291 75 24 crates,
754 289 13 20 2
777 294 65 19 cases,
857 289 14 20 3
881 288 68 24 casks,
965 288 26 20 23
1001 288 60 26 kegs,
1075 288 27 20 30
1117 293 58 14 cases
1189 283 64 29 glass,

670 316 12 20 6
691 315 65 25 bales,
768 317 12 19 8
790 322 66 17 cases,
868 316 12 20 1
890 315 49 24 box,
955 315 54 21 1165
1018 315 44 25 flag
1076 317 80 21 stones,
1166 314 28 21 50
1208 314 47 21 bar-

668 343 41 20 rels
726 343 62 26 pork,
802 343 28 21 50
839 342 16 24 &
868 343 80 20 barrels
959 342 43 25 do.,
1014 343 112 25 Ridgway*
1135 341 43 20 and
1192 341 35 21 Co.

670 371 26 20 19
719 376 66 19 cases,
806 369 139 26 Boddington.
975 371 26 20 35
1025 369 112 26 packages,
1161 369 13 19 2
1199 374 56 14 cases

668 397 75 24 bacon,
754 398 12 21 7
776 397 62 21 casks
847 397 61 24 wine,
917 398 14 20 5
942 403 58 15 cases
1008 397 44 23 do..
1060 397 39 20 200
1109 395 80 21 barrels
1194 395 61 25 flour,

669 425 13 19 2
692 425 70 21 chests
771 427 42 21 tea,
828 425 28 19 13
870 430 59 15 cases
942 425 45 26 gin,
997 424 13 20 4
1025 430 59 14 cases
1093 419 80 26 refined

673 452 11 20 1
694 458 56 17 case,
763 452 22 20 C.
797 453 89 19 Saxton.
914 452 14 20 2
943 458 58 14 cases
1009 451 75 24 bacon,
1098 451 14 19 4
1122 451 35 19 do.
1168 449 60 25 wine,
1243 451 12 19 2

668 479 61 20 hhds.
741 479 12 21 7
764 479 110 26 packages,
885 479 27 20 20
922 485 58 14 cases
994 479 80 26 spirits,
1086 477 28 22 86
1125 477 62 21 casks
1200 477 55 24 beer,

670 507 12 24 p
693 507 11 24 4
719 506 111 27 packages,
841 507 11 19 1
864 512 47 14 case
926 507 10 19 1
948 506 51 20 cask
1012 505 151 24 merchandise,
1175 505 11 19 1
1202 510 54 20 pun-

669 533 76 24 cheon,
754 533 26 21 16
789 533 67 24 casks,
867 534 12 20 3
889 533 110 26 packages.
1011 533 103 21 OrdeK
1115 533 26 19 l9
1149 531 107 27 packages,

672 561 33 19 W.
717 560 91 27 Oapper.
839 561 10 19 1
860 560 42 26 bag
910 560 165 27 confectionary,
1086 561 13 19 3
1109 565 66 18 cases,
1188 559 10 19 1
1209 559 47 19 bale

668 587 123 25 moleskins,
799 589 10 19 1
820 594 48 14 case
878 587 57 24 beer,
942 588 12 20 4
964 587 112 27 packages,
1082 589 13 19 5
1107 586 68 24 casks,
1183 586 11 20 1
1202 590 54 20 cafe,

670 616 12 19 2
701 615 110 26 packages,
830 616 26 19 12
874 621 55 18 axes,
942 616 10 19 1
971 621 55 18 case,
1036 616 14 19 4
1067 614 109 27 packages,
1189 614 11 19 1
1218 613 40 20 box

668 642 64 20 silver
744 642 65 27 plate,
825 643 13 19 2
852 642 61 20 casks
928 642 102 26 whiskey,
1046 643 13 19 2
1069 641 68 24 casks,
1153 641 19 19 1~
1180 640 57 24 box,-
1246 641 10 20 1

668 669 49 22 box,
738 670 11 19 1
761 669 66 24 chest,
845 670 13 19 6
870 669 110 26 packages,
999 670 11 19 1
1022 670 48 24 box,
1089 670 10 19 1
1111 668 43 24 do.,
1166 669 12 19 2
1192 674 64 18 cases,

670 696 30 20 As
708 696 126 21 Addressed.
865 697 10 19 1
887 703 56 18 case,
964 696 118 21 Simmonds
1092 695 18 26 if
1121 695 108 26 Hoggard.

670 724 26 20 12
705 730 58 14 cases
773 724 61 23 wine,
844 724 26 20 F.
881 725 28 20 D.
920 724 54 21 Bell.
1004 724 12 21 7
1025 724 111 26 packages,
1146 723 29 20 D.
1186 723 73 20 Moore

670 751 18 26 Sf
703 752 35 19 Co.
768 752 10 19 1
790 752 49 23 box,
856 751 23 21 C.
894 752 70 20 Breet.
994 752 13 19 2
1022 757 66 18 cases,
1103 750 27 19 16
1145 750 112 26 packages,

673 779 34 20 W.
715 779 87 25 Bishop.
834 779 9 20 1
855 785 54 18 case,
923 779 22 20 C.
959 779 69 20 Mills.
1059 778 11 20 6
1080 783 58 16 cases
1148 777 74 24 books,
1232 778 25 19 F.

672 806 25 21 V.
712 806 118 21 Martin.
830 806 30 21 lo
875 806 82 23 trunks,
969 806 28 20 A.
1012 806 105 24 Perry.
1119 805 11 20 l
1147 804 59 25 cask,
1225 805 32 21 W.

669 834 99 19 JDieJcson.
797 834 26 19 50
848 834 76 23 boxes,-
945 833 85 21 Samuel
1048 830 129 23 Sevans.l
1203 838 55 18 case,

672 861 67 20 Union
755 861 68 20 Bank.
854 860 124 26 Passengers
1008 860 43 21 Mr.
1067 860 41 21 and
1122 858 54 21 Mrs.
1193 858 67 21 Cred-

670 888 56 24 land,
737 887 41 21 and
789 888 11 20 1
811 888 65 24 child,
889 888 44 20 Mr.
944 888 43 20 and
995 888 56 20 Mrs.
1062 886 86 28 Spinks,
1159 886 43 21 and
1218 889 41 18 two

670 915 120 26 daughters,
806 915 55 20 Mrs.
877 914 116 25 Johnston,
1005 912 55 23 Mrs.
1077 915 74 25 Byass,
1161 914 43 19 and
1218 916 42 18 two

670 942 120 26 daughters,
801 942 43 21 Mr.
856 942 43 20 and
908 942 54 21 Mrs.
980 942 86 21 Trotter
1074 942 43 21 and
1126 942 13 19 4
1157 941 101 25 children,

671 970 53 20 Miss
735 970 132 26 Thompson,
877 969 89 21 Messrs.
982 970 91 23 Budder,
1084 968 55 24 Bell,
1158 968 102 25 Withers,

671 997 66 25 Hent,
749 997 83 25 Frazer,
844 996 83 26 Pearee,
935 997 88 21 Messrs.
1036 997 101 23 Hentrae,
1145 996 115 25 Atkinson,

672 1025 75 26 Sharp,
781 1023 93 27 Pagden,
1034 1020 109 28 Fletcher/
1167 1023 93 25 Walton,

672 1052 108 25 Windsor,
791 1051 43 21 and
844 1051 56 21 Mrs.
910 1051 75 21 Blake.
1093 1070 2 9 ,

813 1118 140 19 outwartis,
978 1117 145 16 coastwise.

683 1145 44 22 .In
746 1150 47 16 thb
969 1151 46 15 for
1034 1145 60 21 Port
1119 1143 68 21 Lbvy
1212 1149 50 15 and

671 1172 140 21 Akaroa.
814 1173 69 20 Waitt
902 1173 43 20 and
964 1174 71 24 Tyser,
1053 1173 87 26 Agents.
1169 1171 12 21 8
1199 1171 63 21 hhds.

671 1200 62 27 pork,
748 1201 13 19 2
778 1200 36 20 do.
830 1200 82 25 arrack,
928 1201 13 19 5
955 1200 53 26 bags
1025 1201 50 23 rice,
1086 1201 13 19 4
1117 1199 35 20 do.
1164 1204 68 21 sugar,
1249 1199 13 21 8

671 1234 60 16 cans,
737 1227 66 26 paint,
821 1228 13 20 4
851 1227 52 26 kegs
919 1228 92 27 powder,
1030 1229 26 19 14
1070 1227 56 21 bolts
1137 1232 93 18 canvass,
1238 1243 3 7 ,
1251 1227 10 19 1

670 1255 46 21 bale
726 1255 65 26 slops,
803 1256 11 19 1
825 1261 48 15 case
884 1255 42 25 do.,
940 1256 9 20 1
967 1261 48 15 case
1023 1255 69 26 prints
1102 1254 41 20 and
1154 1254 74 24 calico,
1249 1255 13 19 3

671 1283 89 20 anchors
773 1282 43 20 and
825 1283 80 24 chains,
922 1283 13 19 4
946 1282 53 21 coils
1009 1288 58 21 rope,
1084 1284 12 19 2
1107 1281 50 26 kegs
1168 1281 61 24 nails,
1250 1282 10 19 1

671 1310 39 26 bag
721 1310 43 23 do.,
775 1310 12 20 2
797 1310 51 26 bags
858 1316 68 20 sugar,
936 1311 11 19 5
960 1310 78 20 barrels
1048 1311 61 22 flour,
1120 1309 27 20 20
1157 1309 51 26 bags
1218 1309 43 23 do.,

672 1339 12 19 4
701 1338 66 19 boxes
780 1344 59 19 soap,
851 1338 11 19 1
881 1344 46 13 case
947 1344 59 18 saws,
1023 1338 14 19 3
1051 1338 51 26 kegs
1119 1337 61 22 nails,
1194 1337 11 19 1
1221 1336 41 27 keg

672 1365 66 24 seeds,
748 1366 14 19 4
773 1365 61 20 casks
844 1365 80 20 bottled
934 1366 41 23 ale,
987 1366 10 19 1
1007 1371 32 21 qr.
1050 1366 50 20 cask
1110 1364 60 23 wine,
1183 1364 10 20 1
1204 1364 59 20 chest

672 1395 40 21 tea,
733 1393 24 20 14
775 1392 50 26 bags
835 1399 70 19 sugar,
922 1394 13 19 2
947 1399 58 14 cases
1022 1393 63 25 glass,
1098 1392 11 19 1
1128 1386 49 25 cask
1188 1392 43 25 do.,
1251 1392 10 20 1

674 1421 10 19 1
694 1420 55 20 flour
760 1420 53 24 mill,
823 1421 12 18 5
847 1420 78 20 barrels
935 1420 62 26 pork,
1008 1421 12 19 2
1032 1420 60 20 casks
1102 1419 67 25 slops.

700 1448 28 20 In
741 1453 48 14 the
1009 1453 47 14 for
1067 1447 48 20 Kai
1130 1446 79 21 Kora.
1239 1447 23 20 /.

675 1474 71 24 Wade,
767 1475 77 25 Agent.
874 1474 20 21 A
912 1475 97 26 quantity
1027 1475 25 20 of
1073 1474 86 23 shooks,
1171 1475 13 19 2
1203 1474 60 21 casks

672 1505 55 24 port,
740 1502 10 19 1
762 1502 50 20 cask
822 1508 55 14 rum.
907 1502 114 26 Passenger
1050 1502 43 21 Mr.
1103 1501 23 20 J.
1138 1502 73 20 Wade.

712 1636 68 21 AND
795 1636 217 21 WELLINGTON
1030 1635 186 22 SPECTATOR.

755 1702 156 26 Wednesday,
928 1704 137 22 September
1079 1704 33 24 20,
1131 1704 24 20 18
1162 1705 29 20 43.

715 1747 234 43 '..EXPORT.
971 1759 51 25 OF
1048 1759 121 25 FLAX.

708 1817 24 25 It
741 1818 21 24 is
773 1826 14 16 a
798 1818 76 31 happy
886 1818 149 25 coincidence,
1041 1818 50 25 that
1101 1819 24 22 in
1139 1818 36 24 the
1198 1824 66 19 same*

675 1852 62 23 week
748 1852 25 23 in
785 1852 74 23 which
879 1852 38 23 the
941 1859 60 17 news
1022 1852 88 24 arrived
1133 1852 54 24 here
1208 1853 25 23 of
1249 1862 13 14 a

677 1885 128 24 favourable
826 1885 88 31 change
935 1886 23 23 in
981 1886 37 23 the
1037 1886 166 28 Government,
1223 1886 41 27 the.

675 1918 51 24 first
738 1918 25 24 of
777 1926 15 16 a
802 1918 98 24 number
911 1919 25 23 of
951 1919 88 23 vessels
1059 1918 72 24 which
1152 1919 47 23 will
1218 1919 43 24 sail

677 1951 57 24 from
745 1951 71 24 hence
827 1951 81 24 loaded
920 1952 55 24 with
987 1952 37 24 the
1035 1959 83 25 proper
1129 1957 93 27 exports
1238 1954 25 23 of

677 1984 44 25 this
740 1989 97 26 country
850 1985 82 32 .leaves
952 1985 38 24 the
1008 1991 60 26 port.
1105 1984 50 24 The
1172 1985 92 25 Nelson.

675 2019 84 22 carries
771 2022 23 18 to
812 2017 110 31 England
935 2026 13 14 a
960 2018 44 23 full
1019 2026 67 22 cargo
1098 2017 26 23 of
1193 2018 65 28 bone,

675 2050 44 24 and
729 2050 47 24 flax
787 2059 13 20 ;.
813 2050 45 26 and
870 2057 98 24 conveys
987 2055 22 18 to
1022 2050 64 24 those
1098 2050 49 22 who
1157 2050 61 24 -take
1230 2059 28 15 an

675 2085 94 22 interest
780 2083 23 24 in
816 2083 38 23 the
875 2083 76 24 affairs
973 2083 25 24 of
1019 2083 44 24 the-
1079 2083 124 29 Colonists,
1222 2085 38 22 the

675 2117 106 30 cheering
794 2116 148 31 intelligence
950 2116 49 24 that
1010 2116 59 25 their
1080 2116 77 25 efforts
1168 2123 23 17 at
1208 2125 51 24 pro-

675 2149 93 24 duction
790 2150 45 23 and
857 2154 82 26 export
961 2158 38 15 are
1023 2150 126 31 beginning
1178 2155 24 18 to
1229 2151 29 23 be

675 2183 103 26 crowned
787 2183 54 23 with
862 2191 99 15 success.
1010 2183 51 23 The
1079 2184 139 30 importance
1237 2184 26 23 of

676 2216 36 24 the
724 2216 158 24 manufacture
893 2217 25 23 of
934 2216 67 29 Flax,
1015 2217 43 23 and
1072 2217 38 23 the
1129 2217 132 31 increasing

675 2250 94 23 interest
780 2249 55 24 with
847 2249 71 24 which
933 2251 28 22 its
975 2258 106 23 progress
1093 2251 19 22 is
1125 2250 133 32 deservedly

675 2282 116 31 regarded,
815 2291 25 15 as
863 2283 109 31 probably
996 2283 38 24 tbe
1058 2288 59 19 most
1136 2285 124 24 .extensive

675 2316 155 24 manufacture
848 2319 36 21 for
902 2322 81 25 export
1003 2316 72 25 which
1096 2316 47 24 this
1164 2322 97 27 country

674 2349 45 24 will
741 2358 93 24 possess
855 2349 37 24 for
911 2358 69 23 many
997 2358 68 23 years
1084 2356 23 17 to
1130 2358 72 22 come,
1215 2351 45 24 will

670 2382 83 31 justify
764 2391 42 16 our
818 2384 115 29 reverting
943 2384 67 29 again
1023 2388 23 19 to
1060 2383 36 24 the
1109 2383 98 30 subject.

1319 126 45 23 Ist.
1383 124 53 24 The
1446 125 144 30 uncertainty
1599 124 71 35 of^its
1688 125 106 27 yaluHn
1804 125 67 32 Eng-

1280 157 67 38 land,
1361 157 45 24 and
1715 152 9 35 !;

1317 190 56 24 2ud.
1393 189 51 25 The
1465 190 72 30 heavy
1556 197 114 24 expenses
1693 190 122 32 attending
1834 192 37 23 the

1283 223 116 31 shipment
1418 223 87 30 arising
1523 227 40 20 out
1582 223 26 23 of
1623 223 42 24 the
1680 228 62 19 want
1760 223 27 24 of
1801 224 70 30 really

1280 256 113 32 .powerful
1404 255 117 24 machines
1540 256 55 23 with
1618 256 74 24 which
1711 260 24 20 to
1756 264 115 24 compress

1281 289 41 24 the
1333 288 71 29 bales,
1416 289 78 28 before
1505 289 44 23 and
1560 288 63 24 after-
1631 289 110 30 shipping
1752 289 73 24 them.

1285 647 2 3 .
1321 625 58 24 The-
1383 630 51 19 cost
1453 626 25 23 of
1493 625 38 24 the
1549 625 68 32 hemp
1636 625 66 24 made
1723 626 26 23 in
1767 625 47 24 this
1826 633 47 23 way

1286 666 37 16 we
1334 658 30 24 do
1375 663 40 18 not
1437 658 89 31 exactly
1538 658 75 30 know,
1625 658 42 24 but
1678 660 19 22 it
1708 659 21 23 is
1751 664 41 18 not
1803 658 70 31 likely

1286 696 23 20 to
1321 691 28 25 be
1361 696 90 26 greater
1464 692 53 24 than
1530 693 49 23 that
1591 692 25 24 of
1625 693 122 31 preparing
1756 700 47 21 any
1810 691 63 25 other

1286 725 68 23 fibre.

1280 349 4 3 .
1319 328 28 24 In
1359 328 102 24 addition
1474 333 22 19 to
1508 329 37 23 the
1555 328 82 31 supply
1647 328 60 24 from
1716 329 38 23 the
1764 329 108 28 Natives,

1281 361 90 25 several
1383 362 116 23 machines
1510 361 35 24 for
1565 362 124 31 preparing
1709 361 40 24 the
1765 361 59 24 fibre
1835 369 38 16 are

1276 394 160 32 successfully
1447 399 24 19 at
1491 394 70 29 work,
1575 394 55 24 such
1652 402 26 16 as
1700 394 49 24 Mr.
1763 394 110 24 Hender-

1284 427 63 24 son's
1359 432 24 19 at
1394 427 96 29 Nelson,
1504 427 46 24 Mr.
1565 427 112 24 Kebbel's
1688 432 24 19 at
1732 427 141 29 Manawatu,

1285 460 48 24 Mr;
1359 460 154 24 Mathieson's
1536 464 23 19 at
1582 460 57 24 Port
1669 454 137 35 Nicholson,
1829 460 44 24 and

1284 493 89 24 several
1385 493 85 24 others.
1507 493 49 24 The
1569 493 99 31 samples
1686 493 66 24 made
1764 493 32 31 by
1808 493 65 24 these

1286 526 115 24 machines
1422 526 83 31 closely
1517 526 111 24 resemble
1649 534 42 16 one
1713 526 105 29 another,
1831 526 42 24 and

1286 568 31 15 we
1331 559 85 24 believe
1430 559 56 24 have
1498 560 55 22 been
1567 559 93 24 worked
1670 560 48 23 into
1731 567 56 23 rope
1799 559 72 23 which

1286 593 42 23 has
1341 592 56 24 been
1409 592 113 30 approved
1538 593 31 23 of.

81 121 274 27 GARDENER'S'

235 199 3 5 ,
274 185 148 17 DECEMBER.

90 216 70 25 Plant
177 221 41 19 out
238 216 82 30 celery,
340 216 51 31 give
411 224 14 15 a
442 215 58 32 good
517 214 84 32 supply
618 214 23 23 of

53 254 69 19 water
134 249 58 25 after
203 249 114 32 planting.

87 281 94 32 Kidney
193 282 71 23 beans
286 289 51 23 may
350 289 49 16 now
417 282 29 23 be
463 280 93 32 planted
573 280 38 24 for
628 288 13 15 a

52 314 46 24 late
111 322 61 25 crop.

87 347 75 31 Begin
173 352 23 19 to
216 348 55 24 look
292 356 53 16 over
365 347 79 31 peach,
456 347 123 28 nectarine,
597 346 44 23 and

52 381 86 30 apricot
152 385 60 20 trees
220 391 8 18 ;
246 381 45 25 rub
310 380 35 24 off
353 381 38 23 the
411 387 49 16 new
477 379 129 31 advancing
616 379 25 23 ill

52 413 81 31 placed
155 413 47 25 fore
223 414 64 31 right
308 413 86 29 shoots,
418 412 67 29 buds,
507 412 44 23 and
575 411 66 24 other

52 446 112 31 irregular
174 447 111 30 growths,
294 446 45 24 and
350 446 31 23 all
391 453 77 23 young
480 445 78 23 shoots
566 444 75 24 which

52 487 39 16 are
101 479 89 24 useless
202 479 44 24 and
258 486 39 16 are
316 479 97 24 situated
430 479 26 23 in
473 479 77 30 places
565 478 76 24 where

52 512 55 30 they
131 517 83 19 cannot
238 512 116 31 regularly
381 512 27 24 be
434 511 88 24 trained
550 515 24 20 to
603 510 38 25 the

52 545 130 31 espalierts.

86 577 149 32 Disbudding
246 579 66 22 vines
323 578 90 30 against
424 577 117 32 espalierts
559 576 82 24 should

52 611 28 23 be
91 610 83 24 looked
193 618 54 16 over
263 611 47 26 this
329 610 87 29 month,
437 619 24 15 as
483 610 52 31 they
547 609 45 24 will
613 609 28 24 be

52 644 129 30 advancing
192 644 24 24 in
235 644 87 31 growth
334 652 26 17 or
372 644 78 23 shoots
460 652 6 19 ;
486 643 38 24 the
536 643 105 31 dressing

52 677 35 24 for
99 677 140 30 disbudding
257 682 23 18 at
301 677 39 23 the
359 677 61 31 early
432 684 89 21 season,
533 677 21 23 is
573 681 22 18 to
613 675 28 24 be

52 710 131 32 performed
195 710 55 23 with
262 710 38 24 the
312 710 72 31 finger
395 710 45 24 and
451 710 79 23 thumb
541 709 100 31 rubbing

54 742 39 24 the
102 743 78 23 shoots
193 743 86 32 closely
291 743 38 24 off.
366 743 50 23 The
425 744 52 22 vine
484 743 19 23 is
510 751 14 15 a
534 743 107 30 creeping

52 776 74 32 plant,
139 776 113 31 throwing
264 782 40 17 out
314 776 40 23 the
366 780 57 20 most
435 776 119 23 succulant
562 775 79 24 shoots

53 815 25 17 at
91 809 37 24 the
139 810 122 29 extremity
272 809 28 23 of
317 809 30 23 its
359 809 110 23 branches
479 817 6 20 ;
505 809 22 23 in
540 809 101 30 training

53 842 46 23 this
112 846 54 25 tree,
178 843 19 22 it
208 843 21 22 is
241 849 120 23 necessary
374 846 23 19 to
409 841 58 32 keep
479 842 63 23 three
554 841 87 32 princi-

53 875 37 32 ple
113 874 87 31 objects
224 876 22 22 in
270 876 64 22 view.
371 875 47 23 For
440 875 39 23 the
501 882 100 23 purpose
619 875 22 23 of

53 908 118 30 obtaining
189 916 14 15 a
223 908 63 30 large
298 909 104 29 quantity
414 908 25 23 of
453 908 63 28 fruit,
529 908 30 23 its
575 907 66 24 mode

53 941 26 23 of
88 941 95 30 bearing
195 940 83 24 should
288 941 29 23 be
324 942 51 22 first
386 940 69 24 taken
467 942 47 22 into
524 941 117 23 consider-

53 975 70 28 ation,
136 973 44 24 and
192 973 39 25 the
251 974 76 31 object
345 974 26 23 of
385 974 38 23 the
444 974 120 23 cultivator
580 978 61 19 must

52 1007 139 31 necessarily
202 1006 28 24 be
242 1012 23 18 to
277 1007 78 24 obtain
374 1006 37 24 the
423 1011 101 26 greatest
535 1008 106 31 quantity

53 1039 27 24 of
89 1040 94 31 bearing
202 1040 65 24 wood
286 1040 25 23 of
330 1040 66 32 equal
416 1040 153 25 distribution.
607 1039 34 24 To

53 1072 55 25 take
119 1073 35 24 off
162 1073 38 24 the
213 1078 38 27 top
263 1074 26 23 of
306 1074 54 23 each
381 1074 84 23 branch
477 1074 97 31 bearing
585 1073 56 24 fruit

52 1110 23 20 at
87 1105 39 25 the
137 1106 85 24 second
233 1114 25 16 or
271 1106 60 24 third
349 1107 60 32 joint
420 1107 71 23 above
507 1107 36 24 the
555 1114 86 24 upper-

52 1143 60 20 most
134 1139 85 29 bunch,
239 1145 81 26 except
344 1139 56 24 such
423 1140 113 24 branches
559 1148 25 16 as
604 1147 37 17 are

53 1172 103 24 destined
167 1177 24 19 to
202 1173 88 23 remain
303 1173 35 23 for
349 1173 95 31 fruiting
456 1173 37 23 the
506 1173 135 31 succeeding

52 1213 61 23 year,
127 1205 73 24 which
212 1206 68 23 latter
293 1210 61 19 must
365 1206 28 23 be
406 1206 101 31 exposed
517 1206 44 24 and
573 1206 31 31 by
614 1214 27 15 no

52 1246 79 16 means
152 1238 89 32 topped,
256 1239 35 24 for
308 1239 21 23 if
348 1239 38 24 the
407 1247 40 23 sap
459 1239 28 24 be
499 1239 102 24 checked
618 1240 23 23 in

53 1272 73 28 these,
137 1279 69 24 many
219 1272 25 23 of
253 1272 60 24 their
324 1272 59 24 buds
395 1272 45 25 will
453 1273 64 23 burst
529 1273 38 24 the
581 1281 60 15 same

52 1312 89 22 season,
160 1305 53 24 and-
229 1305 38 24 the
290 1305 56 24 fruit
364 1305 24 24 of
409 1311 56 19 next
484 1314 53 23 year
555 1307 29 23 be
602 1306 39 24 de-

52 1338 102 27 stroyed.

140 1411 295 23 METEOROLOGICAL
449 1412 108 22 TABLE.

68 1443 45 21 For
122 1443 38 21 the
168 1444 58 20 week
235 1444 76 22 ending
323 1444 117 22 Thursday,
451 1445 57 21 Sept.
522 1445 33 21 14,
567 1445 62 21 1843.

113 2564 171 24 SHIPPING
303 2564 274 25 INTELLIGENCE.

274 2618 144 20 ARRIVED.

79 2650 121 27 September
213 2650 35 24 16,
260 2649 62 27 sloop
330 2645 70 31 Roykl
414 2650 102 26 William,
528 2651 38 25 43,
585 2653 58 23 tons,

51 2677 85 25 Lovett,
145 2678 57 21 from
213 2677 92 22 Nelson.

80 2705 122 27 September
220 2705 36 25 18,
265 2705 106 20 schooner
386 2705 63 25 Kate,
461 2706 35 24 62,
512 2705 131 27 M'Farlana,

49 2733 57 20 from
114 2733 38 20 the
160 2734 70 19 coast.

79 2760 132 27 September,
221 2760 36 24 19,
267 2759 106 22 schooner
385 2760 110 26 Industry,
506 2761 34 25 24,
559 2761 84 27 Wylde,

51 2788 56 20 from
117 2787 43 21 Kai
169 2786 70 22 Kora.

294 2835 117 21 SAILED.

79 2867 121 28 September
211 2868 34 24 19,
256 2868 81 27 barque
350 2869 64 25 Tynt,
423 2869 42 21 428
475 2871 58 23 tons,
551 2869 92 22 Robert*

49 2901 47 19 on,
107 2895 36 23 for
152 2895 90 22 Nelson.

278 2941 35 21 IN
327 2941 87 22 PORT.

75 2975 87 27 Barque
198 2975 135 27 IndeOtnity,
371 2977 42 20 450
445 2979 58 23 tons,
540 2978 102 26 refitting.

47 3003 95 26 Agents,
153 3003 115 28 Ridgways
277 3003 43 21 and
331 3003 40 22 Co.

76 3031 112 21 Schooner
209 3031 61 26 Ann,
294 3032 28 20 22
343 3034 59 19 tons.
431 3032 54 21 Laid
508 3039 38 20 up.

75 3058 111 21 Schooner
211 3059 65 26 Erin,
303 3060 27 20 25
356 3062 58 18 tons.
442 3060 54 22 Laid
506 3066 36 21 up.

61 3108 7 4 ,
77 3085 52 26 Brig
145 3087 83 23 Lunar,
242 3087 41 21 165
304 3089 58 22 tons,
383 3087 86 21 Barker.
499 3087 86 22 Rhodes
600 3089 42 20 and

47 3113 94 26 Agents.

75 3140 111 21 Schooner
192 3141 73 20 Maori
272 3141 74 28 Davit,
355 3142 25 20 15
387 3144 59 19 tons.
475 3142 124 27 Repairing.

76 3167 53 26 Brig
145 3167 88 26 Nelson,
245 3169 41 20 153
306 3171 58 24 tons,
376 3169 118 22 Maclaren.
522 3170 68 21 Waitt
600 3171 42 20 and

46 3194 75 27 Tjser,
135 3191 92 30 Agents!
257 3195 97 27 Loading
362 3196 35 21 for
406 3197 99 21 London.

76 3221 86 28 Barque
185 3222 74 26 Mary,
284 3224 41 20 534
350 3226 57 23 tons,
430 3224 77 22 Grant.
549 3225 92 26 Agents,

46 3249 116 27 Ridgways
172 3250 20 19 &
202 3249 41 22 Co.

74 3276 53 27 Brig
135 3276 75 26 Guide,
221 3278 40 21 147
272 3280 57 22 tons,
340 3278 83 23 Pearee.
454 3279 100 27 Morgan,
562 3280 78 26 Agent.

75 3304 91 21 H.M.S;
176 3304 75 21 North
261 3305 60 25 Star,
333 3307 26 20 28
369 3313 61 21 guni,
445 3307 35 22 Sir
489 3307 26 22 E.
526 3307 80 22 Home.

75 3331 110 22 Schooner
195 3332 77 23 Helton
281 3333 88 25 Packet,
380 3335 26 20 20
418 3336 57 24 tons,
485 3334 104 22 Jackson.
616 3335 24 21 J.

46 3359 35 21 M.
93 3358 88 27 Taylor,
192 3359 80 26 Agent.

74 3386 125 26 Brigaatine
207 3383 64 24 'Star
294 3388 27 24 of
343 3389 64 20 China
408 3400 6 14 t
434 3390 40 20 112
489 3392 57 22 tons,
564 3390 75 21 Ward.

47 3414 36 21 W.
100 3414 144 24 Fitzherbert,
253 3414 81 26 Agent.

75 3442 110 21 Schooner
199 3442 95 24 Aurora,
310 3443 28 20 50
353 3445 59 23 tons,
430 3443 77 22 Smith.
536 3445 103 27 Captain,

47 3469 79 26 Agent.

75 3496 126 27 Brigantine
216 3497 107 26 Deborah,
341 3497 39 21 121
397 3501 57 25 tons,
472 3499 70 26 Wing,
572 3500 22 22 J.
606 3500 33 22 M.

45 3524 87 27 Taylor,
140 3524 80 27 Agent.
491 3544 3 4 .

73 3552 115 30 Schooner,
193 3552 126 25 Richmond,
330 3553 36 25 30,
378 3552 83 23 Brown.
512 3572 3 4 .

74 3579 53 27 Ship
138 3580 87 26 Ursula,
233 3581 43 20 490
286 3582 58 23 ton?,
355 3579 89 23 Martin.
454 3600 3 3 .
474 3581 111 28 Ridgways
597 3583 42 20 and

46 3606 48 25 Co.,
106 3608 91 25 Agents.
228 3617 9 12 -.
418 3606 3 4 '
567 3624 9 9 ,

72 3634 127 26 Brigantine
205 3635 68 26 Ariel,
286 3635 40 21 104
336 3637 57 24 tons,
409 3635 143 22 Gruikshank.
581 3637 57 27 Cap-

45 3662 51 23 tain,
107 3663 79 25 Agent.

75 3689 65 27 Sloop
152 3690 68 25 Royal
232 3690 102 25 William,
341 3691 28 20 43
373 3692 60 24 ions,
440 3690 84 22 Loittt.
547 3691 90 26 Agents,

46 3715 94 22 Wallace
150 3718 18 19 &
181 3717 41 21 Co.

73 3743 108 22 Schooner
199 3745 64 25 Kate,
281 3746 27 19 62
325 3748 58 22 tons,
397 3744 131 23 M'Farland,
557 3747 80 26 Agent,

45 3769 126 22 Macbattie.
238 3784 6 4 -
503 3793 4 5 .
555 3784 9 8 -
581 3792 4 4 .
598 3790 4 7 ,
642 3772 2 32 j

73 3797 109 22 Schooner
199 3798 109 28 Industry,
326 3800 28 21 24
373 3802 56 24 tons,
446 3799 83 28 Wylde.
553 3797 88 32 ~Agent,.

45 3823 22 20 J.
79 3824 76 19 Wade.
196 3823 4 4 '
395 3825 4 4 '

221 3876 125 23 CUSTOM
352 3878 120 22 HOUSE.

69 1527 49 17 1148.

156 1507 52 16 Time
214 1507 22 16 of

152 1528 89 16 Observa-

170 1548 47 18 tion.

270 1516 55 18 Baro-

265 1540 64 14 meter.

347 1518 84 16 Thermo-

357 1540 65 15 meter.

459 1508 57 36 fig

558 1528 63 18 Wad.

57 1605 78 21 rrlday...

173 1608 11 16 9

173 1629 56 20 Ip.m.

173 1650 11 16 4

174 1671 10 16 9

174 1692 47 20 lp.ra

142 1734 7 18 ;.
174 1734 10 14 9

174 1755 55 19 lp.m.

173 1796 11 16 9

173 1817 56 20 lp.m.

173 1859 11 15 0

172 1880 56 21 lp.m.

172 1922 12 15 9

172 1942 56 20 Ipm.

172 1984 11 16 9

173 2005 55 21 lp.m.

253 1605 1 23 |
269 1608 59 16 29.580

269 1629 59 17 29.500

269 1650 59 18 29.600

269 1671 59 17 29.730

269 1692 59 16 29.740

269 1713 59 16 59.740

372 1608 37 17 51.5

372 1630 26 16 52.

372 1651 38 16 53.5

373 1672 25 16 51.

372 1693 26 16 59.

372 1714 26 16 61.

539 1611 60 17 S.S.E.

538 1633 62 16 S.S.E.

538 1654 60 16 S.S.E.

539 1675 89 20 Easterly.

533 1694 94 25 {Easterly.

533 1721 3 16 I
539 1716 89 20 Easterly.

539 1735 76 19 N.NAV.

532 1755 99 23 iN.-b'yW."

537 1779 52 16 N.W.
600 1791 5 4 .

537 1800 65 17 North.

538 1821 65 17 North.

537 1841 66 18 North.

537 1862 66 18 North.

538 1883 65 18 North.

537 1904 66 18 North.

537 1925 68 17 North.

537 1946 67 17 North.

537 1967 67 17 North.

538 1988 67 17 North.

532 2005 71 26 jNorth.

532 2029 71 18 [North.

57 1666 23 18 Idt

468 1633 37 16 .04

468 1695 36 17 0.11

57 1730 78 19 lunday..

459 1758 57 16 None.
524 1760 4 3 '

137 1770 2 13 i

57 1792 77 22 Konday.

57 1855 77 20 raaiday

57 1916 35 19 Pad

268 1796 60 18 29.830

269 1817 65 17 28.830'

269 1838 60 18 29.820

269 1859 59 18 29.815

269 1880 59 18 29.820

267 1901 61 18 39.820

269 1922 59 18 29.910

268 1942 60 19 29.915

268 1963 59 19 29.915

268 1984 60 19 29.710

268 2006 60 17 29.615

257 2026 71 18 .29.430

372 1797 37 18 52.5

372 1819 37 17 56.5

372 1839 37 17 58.5

372 1862 26 15 55.

371 1882 27 17 58.

372 1903 26 17 58.
428 1910 3 3 -

372 1925 26 16 55.

372 1945 27 16 50.

371 1966 42 16 60.-

371 1987 27 16 56.

370 2007 29 17 v.

371 2029 40 16 53.6

457 1821 59 16 None.

467 1884 38 17 0.08

467 1946 37 17 O.SJ

57 1980 75 18 Chun...

458 2008 58 18 None.

56 2083 78 21 Friday...

56 2146 25 17 tot

56 2209 78 19 luntey..

56 2270 78 22 Monday.

174 2087 11 15 9

174 2108 55 21 Ip.m.

174 2151 11 15 s

174 2172 55 19 Ip.m.

174 2193 10 15 4

174 2213 10 17 J

174 2235 57 21 Ip.m.

172 2276 13 17 9

175 2297 56 21 Ip.m.

174 2340 11 16 9

174 2361 57 21 Ip.m.

174 2403 11 16 9

174 2423 57 22 Ip.m.

174 2466 11 16 9

174 2487 58 20 Ip.m.

386 2068 127 20 EEMAftXS.

257 2089 56 18 Fresh
319 2090 64 17 breeze
390 2090 38 17 and
435 2090 48 18 rain.

299 2110 35 17 Do.
377 2111 33 17 Do.
454 2111 35 18 Do.

299 2131 34 17 Do.
376 2132 34 17 Do.
452 2132 33 17 Do.

256 2152 55 21 Light
317 2153 64 17 breeze
388 2153 36 17 and
433 2157 45 16 very
483 2154 42 17 fln.

302 2172 35 18 Do.
381 2173 33 18 Do.
457 2174 34 17 Do.

300 2193 32 18 Do.
378 2194 34 17 Do.
455 2195 34 17 Do.

300 2215 34 16 Do.
377 2215 32 18 Do.
452 2216 35 17 Do.

299 2235 35 18 Do.
377 2236 34 17 Do.
454 2236 35 18 Do.

301 2257 33 16 Do.
377 2257 33 18 Do.
455 2257 34 18 Do.

301 2276 34 18 Do.
377 2278 33 17 Do.
454 2278 34 18 Do.

257 2297 94 18 Moderate
358 2299 63 17 breeze
428 2299 38 17 and
472 2304 44 17 vary
523 2300 41 18 fln*.

301 2319 34 17 Do.
379 2320 33 17 Do.
454 2320 35 19 Do.

257 2339 94 19 Moderate
358 2341 63 17 breeze
428 2341 36 17 and
470 2343 88 17 overeut.

301 2360 34 18 Do.
378 2362 34 17 Do.
454 2363 35 17 Do*

301 2382 34 17 Do.
378 2382 35 20 Do.
455 2383 35 18 Do.

257 2402 94 19 Moderate
357 2403 64 18 breeze
428 2404 36 17 and
471 2409 44 15 very
520 2404 43 18 fin*.

301 2423 38 18 Do..
377 2424 34 18 Do.
453 2424 34 18 Do.

301 2445 34 16 Do.
377 2445 35 17 Do.
454 2445 35 18 Do.

257 2464 54 22 Light
317 2465 64 18 breeze
387 2466 36 17 and
429 2468 91 16 overcast.

301 2486 33 17 Do.
377 2486 35 18 Do.
453 2487 46 19 rain.

300 2507 34 18 Do.
377 2508 28 17 Do
454 2508 87 19 showery.

56 2333 78 22 Cueiiday

56 2396 38 18 lf4

64 2460 37 17 hnr
115 2471 19 7 ...
