2529 4029
1905 137 74 30 might
1987 137 31 23 be
2023 134 202 34 'establishedy-Sna
2242 141 70 24 much
2331 147 84 26 respect
2434 143 44 30 for,

1906 170 59 26 and.-,
1975 170 129 24 confidence
2132 172 24 22 in
2184 171 36 25 Ito
2243 173 91 25 British
2351 176 86 28 nation,'
2440 167 40 33 ■'&

1906 202 94 23 secured
2000 213 32 6 —
2033 203 48 23 that
2104 211 40 16 our
2167 205 71 24 future
2266 208 138 25 intercourse
2426 208 55 24 with

1906 234 123 31 Polynesia
2046 234 81 31 would,
2147 236 35 24 for
2201 246 21 14 a.
2229 238 80 32 length
2450 236 30 28 fee

1905 267 117 28 rendered,
2022 269 71 23 easier
2102 269 45 23 and
2158 270 109 32 infinitely
2278 279 63 17 more
2349 279 82 23 secure,

1905 299 51 24 well
1966 308 27 16 as
2004 300 130 24 creditable.

2036 340 134 33 few-ships,
2184 342 24 30 9/
2221 364 3 6 ,
2230 349 65 21 war.;
2295 341 72 29 which
2375 343 56 26 have
2436 341 66 38 -t&i\

1904 372 89 24 raained
1994 379 4 8 :
2003 372 84 33 during
2093 382 47 23 Any
2153 374 78 32 leng.h
2241 375 33 23 of.
2282 375 58 24 time
2347 383 81 25 among
2431 376 63 26 ihe>*

1903 404 93 29 islands,
2008 405 61 24 have
2078 407 55 23 been
2146 406 106 33 occupied
2257 406 38 35 •by
2434 410 58 24 aftd/-

1903 439 132 35 surveying,
2057 443 24 19 to
2100 445 37 18 an'
2147 445 82 21 extent
2241 440 59 24 that
2310 440 41 24 has
2362 434 132 38 interfert^

1903 469 53 24 with
1963 470 38 23 the
2010 478 90 17 earnest
2104 472 164 25 consideration
2274 474 28 30 qf
2296 493 10 11 v
2308 474 63 30 pther
2378 479 101 20 matters.

1904 502 47 24 But
1961 502 23 24 in
1997 511 14 15 a
2022 504 59 31 ship,
2093 505 118 31 employed
2219 514 28 16 as
2259 506 14 24 I
2285 507 56 23 have
2357 507 137 30 describqdV,

1903 542 13 15 a
1938 543 107 23 surveyor
2064 537 73 31 might
2155 538 28 23 be
2199 539 131 29 embarked*
2337 532 151 35 ,whd,'would.

1903 567 56 24 have
1975 568 75 31 ample
2070 572 163 29 opportunities
2250 572 30 23 of
2294 573 125 32 increasing
2426 570 59 27 .oW

1902 600 133 31 knowledge
2044 602 26 23 of
2085 603 48 24 that
2145 610 75 17 ocean.
2262 605 55 23 And
2327 605 20 23 if
2360 613 14 16 aya
2369 608 3 6 v
2382 606 98 24 sensible
2486 618 4 4 •

1902 640 59 22 man,
1975 634 75 23 whose
2063 636 88 23 natural
2160 636 76 31 ability
2245 636 50 24 hud'
2299 633 62 27 been'
2367 638 126 31 improyed*

1903 666 29 30 by
1955 674 29 15 an
2009 667 118 24 education
2156 669 152 24 unattainable
2337 670 28 30 by
2392 671 88 29 &ailor3J
2490 671 3 7 '

1902 698 67 24 could
1977 699 28 23 be
2018 700 102 31 tempted,
2128 706 23 19 to
2163 701 52 24 bear
2222 701 40 24 the
2271 702 69 27 trials,
2353 702 43 24 and
2410 704 76 28 losses,

1902 732 25 22 of
1942 740 13 14 a
1972 732 55 31 long
2045 740 51 16 sea-
2098 741 92 24 voyage,
2209 735 21 23 in
2251 743 13 15 a
2275 735 76 31 busily
2358 736 128 31 .employed'

1902 764 59 31 ship,
1983 765 50 23 how
2053 766 66 24 much
2140 767 72 31 might
2221 768 92 23 science
2325 768 64 31 profit
2400 762 81 38 byVha

1902 797 91 24 labours
2005 799 26 23 of
2045 798 64 25 three
2120 808 26 16 or
2157 801 50 23 four
2217 800 57 24 such
2287 801 83 30 years?
2407 794 94 44 'JBKjL

1935 835 43 24 We
1991 836 56 24 have
2059 838 97 31 thought
2168 839 18 23 it
2196 840 77 30 fitting
2288 845 23 18 to
2330 840 84 24 confine
2426 826 77 40 M?^*

1902 868 80 30 selves,
1996 878 30 15 on
2036 870 47 23 this
2095 873 110 27 occasion,
2217 877 23 18 to
2252 881 15 14 a
2278 873 60 24 brief
2353 873 127 24 considera-

1902 902 47 22 tion
1960 902 24 23 of
1999 903 60 24 what
2079 903 37 24 the
2137 904 71 31 newly
2225 906 122 31 appointed
2366 906 117 24 Governor

1902 933 40 24 has
1954 935 67 25 done.
2056 935 44 25 We
2111 937 85 23 believe
2208 938 49 23 that
2271 939 98 31 Captain
2377 938 103 32 Fitzroy,
2488 943 4 4 '

1901 975 57 16 even
1975 968 95 24 without
2088 969 37 24 the
2138 970 83 24 beacon
2240 971 24 23 of
2281 976 51 25 past
2349 973 132 30 experience

1901 1001 23 22 in
1938 1000 56 24 New
2007 1001 108 30 Zealand,
2128 1007 23 19 to
2164 1010 57 16 warn
2233 1003 50 24 him
2304 1005 24 22 of
2341 1004 39 23 the
2396 1004 85 30 shoals,

1900 1034 46 23 will
1956 1034 71 32 judge
2038 1035 35 23 for
2085 1034 99 31 himself,
2196 1036 96 24 without
2302 1037 119 32 prejudice,
2434 1038 46 24 and
2488 1041 5 11 v

1901 1066 53 23 with
1978 1067 44 23 due
2044 1068 154 30 deliberation,
2221 1077 26 16 as
2270 1075 25 19 to
2315 1071 58 23 what
2391 1071 20 23 is
2431 1072 61 23 now'

1900 1101 105 29 required
2017 1101 25 23 of
2057 1101 47 23 him
2116 1102 24 23 in
2151 1102 94 24 relation
2266 1108 23 19 to
2305 1104 58 24 New
2373 1104 109 26 Zealand.

1899 1133 23 23 A
1933 1133 83 31 golden
2027 1135 145 32 opportunity
2183 1141 103 26 presents
2297 1137 65 24 itself
2378 1138 34 23 for

1900 1170 21 18 to
1934 1167 67 23 make
2015 1167 56 24 New
2085 1168 99 25 Zealand
2199 1169 59 24 what
2278 1170 94 31 popular
2388 1172 94 30 opinion

1899 1206 74 16 seems
1996 1205 23 18 to
2040 1208 94 24 presage
2157 1202 25 23 of
2207 1203 17 23 it
2224 1215 34 5 —
2259 1210 14 16 a
2295 1204 82 23 second
2405 1204 74 25 Great

1900 1231 99 26 Britain.
2001 1246 35 4 —
2036 1233 57 24 New
2105 1234 102 24 Zealand
2216 1234 107 25 Journal.

1932 1270 58 24 The
2009 1271 100 24 Whale
2128 1273 115 24 Fishery
2257 1282 30 16 of
2307 1282 51 17 the
2376 1276 115 25 United.

1900 1303 112 24 Stated.
2014 1317 33 4 —
2048 1305 69 23 From
2130 1314 13 14 a
2160 1314 67 23 paper
2247 1309 120 29 presented
2383 1314 21 18 to
2416 1310 63 24 Con-
2487 1327 3 4 •

1898 1344 64 22 gress
1971 1337 30 30 by
2010 1337 47 24 Mr.
2068 1338 77 24 James
2153 1339 95 29 Arnold,
2259 1341 26 22 of
2295 1341 185 33 Massachusetts,

1899 1377 27 15 on
1953 1370 45 23 this
2022 1371 94 31 subject,
2140 1372 19 23 it
2178 1380 93 24 appears
2295 1374 48 24 that
2362 1375 35 24 the
2408 1377 77 29 whale,

1898 1402 86 32 fishery
2008 1404 25 23 of
2053 1405 38 23 the
2111 1405 85 24 United
2217 1407 78 23 States
2315 1408 97 32 employs
2431 1410 55 30 65,0:

1899 1435 71 32 ships,
1982 1436 25 24 of
2017 1445 13 15 a
2038 1437 87 24 burden
2135 1438 25 23 of
2170 1440 105 28 193,000
2286 1445 58 25 tons,
2354 1443 41 22 and
2404 1443 73 23 which

1897 1476 57 23 gave
1965 1469 152 32 employment
2129 1476 23 18 to
2168 1473 86 28 16,000
2266 1475 88 31 people.
2388 1475 36 24 Of
2433 1476 46 24 this

1899 1503 95 23 number
2006 1504 25 23 of
2038 1504 71 31 ships,
2117 1506 50 22 360
2179 1513 55 16 were
2247 1508 103 29 engaged
2361 1509 22 22 in
2393 1507 87 33 fishing

1897 1535 35 23 for
1950 1536 37 23 the
2005 1544 76 23 sperm
2102 1537 79 30 whale,
2199 1541 51 27 290,
2266 1540 35 23 for
2319 1540 38 23 the
2374 1548 104 19 common

1899 1568 79 25 whale.
2015 1570 51 23 The
2073 1571 83 31 capital
2165 1572 118 31 employed
2293 1574 23 22 in
2325 1574 43 23 this
2375 1576 103 31 quantity

1897 1602 25 28 of
1941 1602 107 33 shipping
2068 1604 45 23 and
2132 1605 31 23 its
2183 1605 65 23 outfit
2266 1614 46 15 was
2331 1607 110 24 reckoned
2455 1614 26 20 to

1897 1642 92 17 amount
2026 1642 22 18 to
2078 1638 149 29 20,120,000
2262 1639 91 30 dollars,
2384 1641 102 25 whereof

1899 1669 149 28 10,610,000
2067 1678 58 16 were
2143 1671 104 31 required
2265 1673 36 23 for
2323 1675 63 22 outfit
2405 1675 76 24 alone.

1897 1701 29 24 In
1939 1702 36 23 the
1987 1703 68 24 white
2067 1703 71 24 whale
2149 1704 83 32 fishery
2245 1705 38 24 the
2295 1706 101 24 duration
2408 1708 25 23 of
2447 1716 32 16 an

1896 1735 107 31 ordinary
2014 1743 86 24 voyage
2113 1744 45 16 was
2168 1737 68 25 about
2247 1737 65 25 three
2323 1746 71 25 years,
2403 1737 85 28 whilst

1895 1767 26 24 in
1938 1768 39 24 the
1995 1776 105 17 common
2116 1769 72 25 whale
2205 1770 85 33 fishery
2302 1773 18 23 it
2338 1773 51 32 only
2406 1773 74 27 lasted

1895 1801 69 25 about
1972 1807 82 27 twenty
2065 1803 100 25 months.
2200 1804 50 24 The
2258 1807 105 31 quantity
2372 1807 24 24 of
2403 1815 76 24 sperm

1896 1834 31 23 oil
1945 1835 106 25 obtained
2062 1836 59 25 from
2139 1837 40 24 the
2193 1838 49 24 first
2254 1839 26 23 of
2297 1839 64 25 these
2377 1840 103 25 fisheries

1895 1869 124 23 amounted
2039 1874 23 18 to
2073 1871 135 29 5,018,076
2224 1871 90 32 gallons
2335 1873 25 24 in
2370 1873 37 25 the
2424 1882 66 25 year,

1899 1903 71 27 1841,
1984 1903 82 28 which,
2085 1908 23 19 at
2125 1905 33 23 95
2170 1909 62 19 cents
2251 1913 41 23 per
2302 1905 83 32 gallon,
2405 1908 74 24 would

1895 1934 98 31 produce
2005 1937 135 28 4,767,172
2148 1937 89 30 dollars,
2248 1940 134 29 6,531,462
2388 1941 90 31 gallons

1896 1967 25 24 of
1930 1969 61 22 train
2003 1969 31 24 oil
2044 1976 55 22 was,
2116 1970 98 30 besides,
2225 1970 116 32 obtained,
2357 1973 79 30 which,
2455 1979 25 19 at

1895 2002 32 22 S3
1940 2003 214 28 i-3-centsj-woald
2163 2003 241 32 ?roducey2il7?;is4
2414 2007 60 25 dohr.

1896 2033 88 26 besides
1994 2035 153 29 414,679f0r
2159 2038 135 28 2,07,3,480
2304 2037 44 27 lbs.
2361 2040 25 23 of
2394 2039 84 26 whale-

1893 2066 68 25 bone.
1997 2066 50 25 The
2059 2069 93 30 general
2168 2070 98 31 produce
2278 2071 26 23 of
2320 2072 62 24 these
2391 2073 87 32 figures
2486 2082 5 15 .'

1894 2099 74 24 would
1989 2102 52 29 give
2060 2103 136 29 7,359,022
2215 2104 93 30 dollars,
2328 2106 97 25 whereof
2439 2107 39 24 the

1894 2140 59 17 crew
1965 2134 45 24 and
2023 2135 88 23 officers
2121 2136 102 24 received
2234 2137 72 25 about
2314 2140 33 23 30
2365 2147 39 24 per
2415 2145 61 20 cent,

1893 2174 26 16 or
1939 2168 144 30 2,207,706,
2094 2169 36 24 for
2147 2169 58 24 their
2217 2177 84 25 wages.
2337 2172 28 24 In
2382 2173 96 32 looking

1893 2204 23 19 at
1928 2200 38 24 the
1978 2201 91 24 articles
2081 2203 104 31 required
2196 2203 34 24 for
2247 2205 38 23 the
2298 2205 65 25 outfit
2374 2207 24 23 of
2412 2207 66 24 these

1892 2233 64 31 ships
1968 2235 19 22 it
1998 2235 46 22 will
2064 2235 28 24 be
2104 2244 63 21 seen,
2180 2237 47 24 that
2247 2238 134 30 2,752,757
2393 2239 84 25 dollars

1892 2274 38 16 are
1954 2268 105 31 required
2080 2269 35 24 for
2138 2270 145 31 agricultural
2307 2272 96 31 produce
2431 2274 45 24 and

1892 2301 71 28 wood,
1978 2302 109 28 724,0,00
2099 2303 35 23 for
2146 2303 64 24 other
2219 2312 57 24 pure
2288 2304 122 26 American
2421 2315 54 24 pro-

1892 2333 114 31 ductions,
2020 2337 134 28 2,304,300
2167 2336 83 25 dollars
2258 2338 37 24 for
2307 2340 87 24 articles
2403 2341 73 24 which

1891 2367 110 24 America
2013 2376 42 16 can
2066 2370 117 32 generally
2193 2371 108 31 produce,
2313 2372 40 25 but
2365 2373 22 24 of
2402 2374 74 24 which

1890 2408 64 16 some
1975 2404 133 30 proportion
2121 2405 174 32 'occasionally
2318 2414 73 17 comes
2415 2407 60 25 from

1890 2433 93 33 Europe
1994 2444 7 19 ;
2028 2437 134 28 1,964,720
2179 2431 87 31 'dollars
2287 2439 36 24 for
2344 2440 87 24 articles
2451 2441 27 25 of

1890 2468 74 23 which
1984 2468 38 24 the
2041 2474 91 26 greater
2149 2475 51 26 part
2219 2479 83 17 comes,
2307 2473 58 24 from
2383 2474 90 30 abroad,

1890 2501 85 31 though
1984 2510 63 15 some
2055 2503 26 24 of
2090 2503 64 24 them
2160 2511 38 17 are
2206 2505 115 32 produced
2330 2507 23 24 in
2361 2507 113 31 America,

1889 2535 57 23 such
1958 2543 24 15 as
1995 2537 179 32 copper-plates,
2184 2538 65 29 nails,
2259 2539 113 30 sailcloth,
2381 2541 92 30 oakum,

1890 2568 117 30 molasses,
2034 2570 45 24 and
2099 2578 70 24 sugar
2177 2579 6 21 ;
2207 2572 110 29 645,570
2337 2574 81 24 dollars
2438 2575 36 24 for

1889 2602 91 24 articles
1996 2602 75 25 which
2088 2611 54 24 may
2163 2605 28 23 be
2210 2606 106 31 required
2334 2611 22 19 to
2373 2607 27 24 be
2417 2616 57 24 pur-

1888 2635 84 24 chased
1984 2644 28 15 on
2026 2636 36 24 the
2074 2645 95 23 voyage,
2182 2638 44 24 and
2238 2639 135 30 2,877,928
2381 2641 91 30 dollars,

1887 2668 36 23 for
1935 2677 67 24 every
2015 2670 64 24 other
2098 2671 107 32 shipping
2216 2673 119 31 requisite.
2370 2674 24 24 If
2408 2675 20 24 it
2445 2675 29 25 be

1887 2703 165 30 remembered,
2060 2704 50 23 that
2121 2704 39 24 the
2169 2706 199 25 abovementioned
2375 2708 98 31 produce
2479 2723 6 2 -

1888 2743 45 15 was
1953 2736 97 31 brought
2068 2742 24 19 to
2112 2738 38 24 the
2170 2738 87 25 United
2279 2739 77 26 States
2372 2741 29 31 by
2421 2744 50 23 222

1886 2768 73 32 ships,
1970 2771 48 22 and
2029 2770 49 24 that
2095 2772 24 23 in
2132 2771 38 25 the
2187 2780 53 24 year
2248 2774 81 30 .1840,
2342 2776 46 24 223
2400 2775 73 32 ships,

1886 2802 112 33 similarly
2007 2805 106 28 manned,
2126 2805 112 25 delivered
2248 2805 39 25 the
2293 2809 69 23 'same
2369 2810 104 31 quantity

1886 2835 25 24 of
1927 2844 75 23 sperm
2024 2837 44 24 and
2080 2838 71 24 whale
2172 2839 36 29 oil,
2220 2840 20 23 it
2257 2840 47 24 will
2322 2849 81 25 appear
2423 2842 50 25 that

1886 2869 136 30 7,000,000
2040 2871 92 29 dollars,
2145 2873 81 30 capital
2245 2874 127 32 employed,
2379 2876 26 23 in
2426 2876 47 25 this

1885 2902 92 32 fishery,
1991 2908 62 19 must
2073 2904 57 24 have
2140 2904 122 34 produced,
2275 2907 57 24 aftei
2351 2908 122 33 deducting

1885 2943 111 24 expenses
2009 2937 25 23 of
2049 2936 39 24 the
2100 2938 89 25 officers
2209 2939 45 24 and
2266 2948 66 22 crew,
2345 2949 13 16 a
2369 2943 66 30 profit
2446 2943 27 23 of

1884 2971 144 27 5,150,000.
2064 2970 30 23 In
2113 2971 64 24 these
2194 2972 148 27 calculations
2359 2974 37 25 the
2409 2983 62 17 wear

1883 3002 45 23 and
1940 3007 48 19 tear
1996 3004 26 22 of
2030 3004 51 31 ship
2092 3004 45 24 and
2145 3005 145 32 implements
2299 3015 38 17 are
2349 3012 39 20 not
2398 3008 71 25 taken

1882 3035 48 24 into
1952 3036 38 23 the
2011 3042 103 20 account.
2151 3039 162 26 Nevertheless
2334 3041 19 24 it
2369 3042 19 23 is
2405 3043 64 30 quite

1883 3068 68 30 clear,
1961 3070 52 24 that
2024 3078 56 16 even
2087 3071 95 32 making
2189 3072 37 24 the
2233 3078 62 20 most
2305 3074 79 25 liberal
2390 3075 78 24 allow-

1882 3110 69 16 ances
1960 3103 36 24 for
2009 3103 64 25 these
2081 3105 183 31 circumstances,
2274 3106 40 26 the
2325 3108 82 34 capital
2417 3117 49 17 em-

1881 3136 82 31 ployed
1975 3138 24 22 in
2011 3137 45 24 this
2069 3138 63 24 trade
2142 3139 25 24 in
2176 3139 109 26 America
2295 3146 63 20 must
2367 3142 98 32 produce

1881 3169 105 31 splendid
1997 3171 103 25 interest.
2102 3184 33 5 —
2135 3172 70 24 From
2212 3173 38 24 tht
2259 3173 115 26 Prussian
2384 3175 82 26 Stoats

1880 3202 109 32 Zeitung.

1914 3241 116 26 Curious
2048 3243 77 25 Fact.
2127 3256 35 5 —
2163 3243 74 26 There
2258 3253 47 17 was
2325 3251 28 20 to,
2367 3247 26 26 be
2412 3256 56 17 seen

1879 3274 44 24 last
1935 3276 80 31 spring
2029 3277 24 24 in
2062 3276 40 26 the
2113 3277 71 24 house
2202 3279 25 24 of
2243 3279 51 26 Mr.
2309 3280 85 31 Brook,
2411 3290 52 20 sur-

1878 3315 69 24 geon,
1960 3309 26 24 of
1995 3310 132 30 Stanstead,
2139 3310 83 31 Essex,
2236 3320 15 16 a
2257 3313 80 25 robins
2347 3319 50 21 nest
2408 3315 58 26 buUt
2477 3332 1 7 ,

1878 3341 101 25 between
1993 3343 38 24 the
2043 3343 153 26 candlesticks
2215 3353 29 17 on
2263 3347 40 24 the
2319 3348 146 33 mantelpiece

1878 3383 54 16 over
1943 3376 39 24 the
1994 3376 94 25 kitchen
2099 3378 41 24 fire
2152 3378 70 32 pl^ce.
2242 3380 26 24 It
2278 3380 52 26 had'
2337 3381 49 25 four
2396 3389 64 27 eggs,

1878 3408 76 25 which
1963 3417 62 17 were
2035 3411 25 24 in
2071 3419 14 16 a
2097 3416 60 21 state
2167 3413 24 23 of
2200 3413 140 24 incubation.

1911 3447 153 32 Poor-law,
2083 3449 74 26 Cork
2158 3463 33 5 —
2191 3451 23 25 A
2234 3453 110 31 startling
2353 3454 50 28 fact;
2413 3456 48 23 wai

1877 3481 135 26 announced
2024 3487 24 20 at
2069 3482 40 26 the
2128 3483 101 34 meeting
2248 3486 25 23 of
2294 3486 38 24 the
2350 3486 118 33 poor-law,

1874 3514 125 32 guardians
2019 3520 23 21 at
2060 3516 72 31 Cork,
2145 3518 49 24 that
2212 3519 55 31 they
2276 3526 60 17 were
2344 3520 115 29 £80,000

1875 3548 24 23 in
1911 3547 61 31 debt,
1984 3549 117 31 £10,000
2113 3551 29 27 of.
2154 3552 78 26 which,
2237 3559 48 17 was
2305 3552 81 24 dueOtb
2400 3553 60 25 their

1875 3585 131 27 treasurer;
2027 3583 39 25 the
2076 3583 49 26 fact
2134 3585 71 31 being
2220 3582 51 28 that
2293 3585 39 24 the
2344 3585 116 26 collectors

1875 3613 66 26 could
1954 3620 40 20 not
2011 3622 40 26 get
2068 3618 24 25 in
2111 3618 40 24 the
2167 3622 46 20 tax.

1908 3653 52 24 The
1994 3654 75 33 flying
2219 3663 53 24 sayi
2292 3656 55 25 Sam
2360 3656 97 33 Rogen.

1874 3686 42 24 has
1928 3687 54 32 only
1991 3696 43 17 one
2044 3689 88 24 feature
2141 3689 139 32 resembling
2288 3698 15 15 a
2312 3689 63 26 bird:
2386 3691 21 24 it
2415 3691 43 24 has

1873 3724 41 27 got
1924 3720 69 37 aJbV/
1993 3734 33 5 —
2026 3722 23 24 in
2061 3722 143 33 parliament.
2361 3721 33 25 '.
2406 3739 11 9 v

1907 3759 93 28 Great
2020 3761 64 25 Firs
2109 3766 27 20 in
2165 3760 242 30 Manchese*.'^A\
2417 3763 40 25 de-

1873 3794 109 24 structive
2001 3794 43 24 fire
2064 3794 72 25 broke
2156 3799 40 19 out
2213 3795 24 24 in
2257 3795 167 33 tbe.pjetfiises
2434 3799 28 24 of

1874 3825 98 26 Messrs.
1998 3827 99 32 Clayton
2116 3827 45 24 and
2184 3827 146 36 Gladstone^
2348 3830 111 26 Norfolk-

1873 3863 78 26 street,
1975 3860 157 30 Manchester,
2156 3860 73 26 which
2252 3863 115 25 extended
2385 3868 24 21 to
2419 3865 43 30 thf

1872 3893 169 33 neighbouring
2051 3893 140 33 Itnildiofi^
2196 3895 44 24 and
2258 3903 48 17 was
2324 3901 41 21 not
2383 3895 77 34 exfcte?

1871 3926 168 33 guished-was
2050 3927 19 24 it
2079 3927 46 27 bad
2137 3926 122 36 4«i^oyed
2268 3930 61 25 from
2345 3920 131 44 £80,0^0-

1871 3963 24 22 to
1906 3959 116 31 £4QOOO
2033 3961 72 25 worth
2116 3961 27 25 of
2156 3967 117 30 property.

664 125 3 19 t
693 123 71 24 burns
785 125 132 34 brilliantly,
940 130 44 24 and
1007 129 50 25 Mb
1082 133 67 23 Saint
1169 133 104 25 deserves

664 154 3 23 F
693 156 71 24 credit
775 158 35 23 for
829 160 38 24 the
884 167 65 28 great
968 163 87 24 trouble
1075 165 29 24 he
1123 165 42 24 has
1185 165 53 25 had'
1249 167 24 23 in

663 205 2 10 ,
692 188 108 34 bringing
811 192 18 23 it
839 191 78 27 abodt.
938 198 6 9 :
941 192 63 30 '7h'e
1022 196 89 25 dresses
1123 196 45 26 and
1178 201 93 30 scenery'

663 234 2 5 •
692 228 38 17 are
741 223 71 32 really
823 224 220 32 excellfnti'and'the
1053 231 136 29 performers
1199 233 73 22 mani-

664 253 95 33 festly
770 256 136 34 improving.
942 260 51 24 The
1006 256 99 30 Theatre
1116 264 45 24 will
1174 272 58 24 open
1244 272 27 16 on

663 292 2 17 :
681 286 127 34 -Saturday
825 292 98 31 evening
942 298 62 25 next,
1018 299 23 19 at
1058 293 79 33 |past
1148 298 16 23 6
1176 297 95 29 o'clock,

690 321 46 23 and
754 328 26 17 as
802 322 37 25 the
858 325 77 30 pieces
953 333 38 17 are
1011 326 80 33 highly
1101 330 126 28 attractive,

690 353 67 24 make
770 362 29 16 no
811 356 70 24 doubt
897 358 42 24 but
958 359 60 24 what
1036 360 38 24 the
1091 361 75 24 house
1180 362 47 24 will
1244 362 27 23 be

690 387 110 25 crowded.

784 443 183 28 POLICE
997 449 175 27 COURT.

756 503 124 32 Monday,
891 506 159 27 September
1065 512 39 27 18,
1119 513 73 24 1843.

722 540 97 26 Thomas
829 542 61 24 Rose
901 552 46 16 was
959 545 60 24 fined
1033 549 50 23 10s.
1097 549 44 24 and
1162 554 61 19 costs
1234 551 34 23 for

686 573 70 32 being
767 574 76 25 drunk
854 577 44 23 and
910 577 133 33 disorderly,
1055 581 49 23 and
1112 582 23 23 in
1147 583 89 24 default
1247 584 21 22 of

686 612 108 26 payment
806 610 131 24 committed
948 616 23 18 to
983 612 37 23 the
1032 613 55 23 cells
1099 614 35 24 for
1145 617 33 22 24
1190 616 77 23 hours.

719 651 34 5 —
763 639 79 32 Joyce,
854 650 13 14 a
875 647 60 19 mate
947 644 27 23 of
984 645 37 22 the
1027 646 75 28 Ariel,
1112 655 51 16 now
1173 650 25 22 in
1209 653 59 26 port,

686 678 45 17 was
743 673 98 31 charged
849 674 34 32 .by
893 688 35 4 —
928 693 7 7 .
949 676 125 31 Thomson,
1086 687 14 15 a
1110 687 125 26 passenger
1246 683 22 22 in

686 704 49 24 that
746 707 82 28 vessel,
841 707 54 24 with
906 708 85 33 having
1011 711 84 24 robbed
1107 713 48 24 him
1167 715 25 22 of
1207 716 59 22 vari-

685 746 41 15 ous
738 739 87 31 trifling
836 741 90 24 articles
939 742 122 33 belonging
1072 746 55 23 both
1143 751 23 19 to
1177 747 91 25 himself

684 771 45 23 and
751 773 85 30 parties
858 773 36 24 for
917 775 72 24 whom
1013 777 28 23 he
1065 786 44 15 was
1133 781 134 23 concerned.

685 804 94 23 Several
792 806 117 24 witnesses
921 815 58 17 were
991 810 71 23 called
1075 811 29 30 by
1118 811 47 24 Mr.
1180 813 87 24 Thom-

684 845 49 21 son,
747 838 43 22 and
804 842 194 24 cross-examined
1010 843 30 30 by
1052 843 48 25 Mr.
1114 844 62 24 Ross
1190 853 28 16 on
1231 847 37 22 the

684 875 51 27 part
747 871 26 22 of
787 871 38 24 the
843 874 111 30 prisoner.
991 875 70 25 Their
1081 878 108 24 evidence
1209 885 59 18 went

660 920 3 2 ■
684 909 22 18 to
719 904 62 23 show
792 906 96 31 nothing
899 908 89 29 against
1000 909 38 24 the
1056 912 104 28 accused,
1173 912 45 23 and
1231 913 37 22 the

684 944 51 16 case
749 945 44 15 was
806 939 146 33 accordingly,
963 941 127 26 dismissed.

721 969 101 25 William
834 970 100 26 Jackson
947 982 43 16 was
1003 976 60 24 fined
1084 979 51 22 10s.
1149 978 45 23 and
1206 984 61 18 costs

683 1003 35 23 for
731 1004 68 30 being
817 1005 73 23 drunk
912 1007 45 24 and
976 1008 131 32 disorderly,
1121 1011 45 23 and
1184 1013 24 21 in
1226 1012 39 23 de-

683 1036 57 23 fault
752 1037 25 23 of
792 1044 106 25 payment
917 1042 131 24 committed
1067 1048 23 19 to
1109 1043 39 24 the
1164 1044 55 24 cells
1231 1045 35 22 for

684 1071 33 22 24
728 1070 78 24 hours.

965 1104 22 16 »
1023 1116 3 5 .—.
1026 1109 31 6 —

717 1126 38 23 On
770 1127 101 32 Monday
883 1129 50 29 last,
954 1139 13 14 a
985 1132 131 30 deputation
1137 1135 80 23 waited
1236 1142 28 16 on

684 1158 38 24 the
742 1160 139 32 Company's
905 1163 117 31 Principal
1044 1165 86 31 Agent,
1151 1168 54 23 with
1227 1168 37 23 the

682 1192 120 31 subjoined
814 1194 143 26 resolutions.
960 1209 33 5 —

717 1225 15 12 *•
745 1228 21 22 1.
786 1226 149 26 Resolved—
936 1229 62 25 That
1031 1231 85 32 though
1138 1234 37 23 the
1199 1234 65 23 lands

681 1258 74 23 which
768 1259 56 24 have
836 1261 57 23 been
904 1264 111 30 surveyed
1026 1265 44 23 and
1081 1266 98 24 selected
1191 1268 23 22 in
1226 1268 38 23 the

682 1291 64 24 First
757 1292 45 24 and
815 1293 115 32 Principal
939 1295 135 26 Settlement
1082 1305 60 18 must
1153 1300 111 24 hereafter

682 1325 27 23 be
721 1325 38 24 the
771 1332 59 17 most
841 1327 112 31 valuable,
966 1330 54 31 they
1030 1339 37 15 are
1080 1337 39 18 not
1138 1341 25 15 so
1183 1334 80 23 imme-

681 1358 83 31 diately
774 1360 109 24 available
894 1361 36 24 for
942 1362 38 24 the
991 1371 41 16 use
1043 1364 24 24 of
1082 1365 37 23 the
1137 1367 92 23 settlers
1238 1375 25 15 as

681 1392 65 23 other
756 1393 66 27 laqds
833 1393 23 23 in
869 1394 38 23 the
925 1396 129 25 immediate
1075 1398 187 30 neighbourhood

681 1424 24 24 of
721 1425 57 24 Port

782 1457 148 27 Hesolved—
931 1462 62 24 That
1013 1463 37 24 the
1065 1464 92 24 settlers
1166 1466 26 23 of
1206 1466 57 24 Port

679 1491 127 25 Nicholson
818 1494 88 30 require
926 1495 154 33 immediately
1098 1506 29 16 an
1145 1501 117 22 extensive

679 1525 89 24 district
779 1527 24 22 in
816 1527 70 23 which
900 1533 22 18 to
935 1528 120 32 depasture
1064 1531 59 24 their
1132 1533 130 30 increasing

678 1558 74 24 flocks
764 1559 46 23 and
1233 1563 5 9 '

778 1593 115 24 Resolved
894 1607 34 4 —
928 1595 61 24 That
1002 1597 38 23 the
1047 1597 134 32 Wairarapa
1189 1599 73 30 valley

677 1624 20 25 is
709 1630 40 19 not
761 1626 53 31 only
826 1627 25 23 of
865 1628 110 24 immense
987 1635 85 24 extent,
1086 1631 40 24 but
1139 1633 38 22 the
1190 1633 78 27 outlet,

677 1666 25 16 or
712 1659 99 24 readiest
821 1668 78 15 means
911 1662 26 23 of
953 1665 189 24 communication
1156 1667 53 24 with
1222 1666 38 23 the

676 1691 65 24 other
751 1692 64 31 large
827 1695 154 32 surrounding
992 1696 108 31 districts,
1120 1699 45 23 and
1177 1700 83 24 affords

676 1725 38 24 the
726 1731 101 25 greatest
837 1727 147 33 advantages,
997 1730 34 24 for
1043 1731 129 24 immediate
1192 1741 68 16 occu-

675 1759 85 30 pation,
773 1759 61 24 alike
844 1760 36 24 for
892 1760 38 25 the
941 1760 148 33 agricultural
1100 1764 44 24 and
1160 1767 107 29 pastoral,

674 1791 87 30 settler,
773 1793 26 23 of
813 1800 44 24 any
869 1794 89 25 district
967 1801 37 26 yet
1022 1797 117 25 described
1154 1799 35 24 hr
1203 1800 56 26 New

674 1824 101 25 Zealand
782 1835 7 19 ;
808 1827 45 23 and
865 1827 49 24 that
925 1829 17 23 it
953 1834 39 18 not
1004 1830 53 32 only
1067 1832 21 23 is
1100 1831 61 25 close
1173 1838 37 25 to,,
1218 1834 41 23 but

674 1865 40 17 can
727 1858 27 24 be
767 1861 142 30 approached
919 1862 59 24 from
989 1863 58 25 Port
1057 1864 127 26 Nicholson
1204 1867 54 23 with

672 1891 87 32 facility
768 1892 32 31 by

768 1925 149 25 Resolved—
918 1927 62 25 That
989 1929 38 24 the
1037 1930 139 33 Company's
1189 1934 69 23 Prin-

672 1957 58 31 cipal
742 1958 80 30 Agent
832 1959 29 24 be
882 1962 119 29 requested
1023 1969 23 17 to
1061 1964 70 31 adopt
1140 1965 118 28 forthwith

670 1990 160 24 thetneasnre
836 1998 155 26 necessary-to
997 1996 86 23 tender
1091 1995 167 34 approa«fiiWe
1266 2009 2 3 ■

672 2023 44 22 and
740 2028 23 18 to
779 2031 58 24 open
855 2024 35 25 for
906 2026 48 24 sale
973 2026 38 25 the
1022 2028 89 26 district
1123 2031 25 24 of
1167 2031 89 26 Wairai

705 2089 52 24 The
778 2090 139 33 Company's
937 2093 118 32 Principal
1077 2096 80 31 Agent
1173 2099 82 32 stated,

672 2122 23 24 in
714 2123 72 31 reply,
811 2123 47 25 that
876 2125 29 24 he
923 2125 47 25 had
987 2127 56 32 long
1060 2129 59 24 been
1130 2131 126 32 impressed

672 2156 53 23 with
737 2157 39 23 the
788 2157 139 31 importance
939 2160 26 23 of
980 2161 38 23 the
1031 2162 132 35 Wairarapa
1182 2165 73 32 valley

672 2193 21 19 to
706 2189 39 24 the
754 2190 59 24 Port
825 2191 127 25 Nicholson
972 2195 140 31 settlement;
1138 2198 45 24 and
1206 2199 49 24 that

670 2222 29 24 he
710 2223 46 24 had
766 2224 111 25 addresed
889 2226 38 24 the
938 2227 58 24 New
1015 2230 99 24 Zealand
1137 2232 118 32 Company

670 2258 118 23 semetime
806 2259 63 23 since
884 2267 63 23 upon
966 2261 38 24 the
1023 2263 98 31 subject.
1168 2265 85 25 Mean-

670 2290 75 29 while,
783 2292 155 25 considerable
973 2303 106 24 progress
1114 2297 45 25 had
1197 2299 56 25 been

670 2323 65 24 made
744 2325 24 23 in
780 2325 122 33 rendering
913 2327 38 24 the
968 2328 89 25 district
1077 2332 175 31 approachable,

669 2357 44 23 and
729 2358 142 32 twenty-five
887 2368 53 16 men
961 2369 58 17 were
1039 2371 51 17 now
1109 2367 103 30 engaged
1229 2368 24 23 in

668 2391 89 32 cutting
768 2391 40 25 the
819 2393 55 24 road
890 2402 30 24 up
942 2395 38 23 the
999 2396 61 25 Hutt
1068 2407 7 19 ;
1095 2399 44 24 and
1157 2399 36 24 for
1213 2401 40 23 the

667 2430 92 24 present
770 2425 29 24 he
811 2426 38 24 did
860 2431 40 20 not
909 2427 71 25 think
990 2428 29 25 he
1034 2430 45 25 had
1091 2432 115 32 authority
1217 2435 36 22 for

667 2456 69 32 doing
747 2466 64 17 more
819 2469 6 20 ;
840 2460 41 24 but
891 2461 29 24 he
933 2461 126 33 thought-it
1070 2473 55 23 very
1143 2467 109 31 probable

666 2490 49 25 that
735 2497 22 18 at
780 2501 30 16 an
829 2494 64 31 early
915 2496 79 31 period
1016 2497 28 24 he
1064 2498 83 26 should
1164 2501 88 24 receive

665 2524 92 26 definite
768 2526 149 25 instructions
928 2529 59 24 from
999 2531 38 23 the
1057 2532 130 30 Directors,
1206 2535 45 23 and

665 2557 49 24 that
731 2559 82 24 should
830 2560 53 32 they
902 2561 27 24 be
945 2563 25 23 in
988 2565 138 25 accordance
1144 2568 55 23 with
1215 2569 36 23 his

664 2598 48 16 own
722 2593 76 29 views,
808 2593 28 25 he
846 2594 73 25 would
928 2595 82 26 hasten
1018 2604 23 17 to
1051 2604 60 19 meet
1122 2600 16 24 tl
1147 2609 12 15 c
1170 2602 81 23 wishes

663 2625 26 23 of
702 2625 40 24 the
764 2627 91 24 settlers
876 2632 22 19 to
917 2628 39 24 the
974 2635 84 20 utmost
1081 2638 78 20 extent
1178 2636 25 23 in
1215 2633 35 26 h'w

661 2666 84 23 power.

938 2699 56 19 f^—,
1044 2701 3 5 •

664 2718 29 20 To
701 2718 36 21 the
749 2719 79 21 Editor
836 2720 29 26 */
873 2722 36 20 the
938 2724 53 21 New
998 2725 96 23 Zealand
1105 2726 87 23 Gazette
1206 2729 44 21 and

819 2748 126 27 Wellington

696 2781 54 30 Sir,
751 2795 34 5 —
786 2783 29 24 In
838 2792 57 24 your
917 2794 70 24 paper
1010 2788 27 24 of
1060 2789 55 32 July
1128 2792 23 28 8,
1175 2794 73 28 1843,

660 2814 87 32 (which
770 2825 29 15 on
820 2823 96 19 account
933 2820 24 24 of
984 2821 38 24 the
1041 2822 102 26 distance
1164 2825 26 24 of
1210 2833 39 25 my

660 2849 118 24 residence
792 2850 12 26 I
817 2851 57 24 have
886 2852 53 32 only
953 2855 100 32 recently,
1063 2857 67 32 seen)
1152 2858 64 25 there
1227 2861 21 23 is

660 2882 38 24 the
714 2882 117 34 following
843 2885 152 27 observation.
997 2901 34 5 —
1057 2889 24 25 It
1103 2899 74 16 seems
1199 2893 49 24 that

660 2915 38 24 the
710 2916 124 33 Wesleyan
845 2919 142 34 Missionary
1000 2923 92 32 Society
1104 2924 53 24 does
1164 2928 82 29 permit

659 2949 37 24 the
709 2957 41 17 use
759 2951 27 23 of
799 2953 139 31 gunpowder
949 2963 26 15 as
991 2964 29 15 an
1039 2957 78 24 article
1129 2959 27 23 of
1169 2959 77 25 barter

657 2982 55 25 with
723 2983 38 24 the
931 2988 67 30 Now,
1011 2990 13 23 I
1037 2992 105 24 consider
1154 2993 18 24 it
1184 2999 23 19 to
1217 2994 28 24 be

656 3023 40 24 my
707 3017 64 32 duty,
783 3026 27 16 as
822 3019 37 24 the
872 3021 84 25 official
967 3026 177 28 representative
1164 3028 28 23 of
1206 3028 39 23 the

658 3049 122 33 Wesleyan
794 3052 139 34 Missionary
947 3056 99 33 Society,
1060 3063 23 19 to
1095 3059 82 25 inform
1191 3069 52 23 you,

656 3083 46 23 and
723 3089 24 19 to
770 3085 45 32 beg
836 3087 50 24 that
907 3096 46 23 you
970 3091 47 23 will
1037 3092 49 24 also
1105 3093 82 25 inform
1205 3095 39 24 the

656 3117 77 30 public
745 3118 99 33 through
856 3120 38 25 the
909 3122 101 26 medium
1029 3126 25 23 of
1068 3134 58 23 your
1140 3127 102 32 journal,

656 3150 49 23 that
717 3152 89 24 neither
817 3154 97 31 powder,
928 3156 58 30 shot,
1000 3166 42 16 nor
1060 3160 44 23 fire
1121 3168 70 24 arms,
1204 3171 39 16 are

655 3183 95 25 allowed
760 3185 31 31 by
801 3186 36 24 the
850 3188 92 32 Society
955 3194 22 19 to
989 3191 28 23 be
1029 3193 55 23 used
1096 3193 35 25 for
1148 3195 76 25 barter
1232 3206 7 19 ;

656 3224 41 16 nor
709 3225 39 16 are
762 3215 60 28 their
839 3221 162 26 Missionaries
1017 3227 121 30 permitted
1156 3229 23 24 in
1196 3237 45 24 any

655 3257 48 24 way
716 3251 113 26 whatever
841 3258 23 19 to
876 3256 83 31 supply
971 3257 64 25 those
1050 3260 92 26 articles
1159 3266 24 21 to
1202 3263 39 25 the

654 3284 96 26 natives.
787 3286 63 31 And,
867 3287 14 25 I
893 3289 74 24 would
979 3290 87 26 further
1076 3294 102 32 observe,
1191 3297 50 24 that

653 3323 33 17 we
698 3325 38 17 are
747 3323 41 20 not
798 3320 93 26 allowed
903 3326 23 21 to
947 3326 97 29 practise
1062 3326 76 26 barter
1158 3336 83 26 except

652 3350 36 24 for
700 3351 39 24 the
749 3360 99 25 purpose
858 3355 26 24 of
888 3358 126 32 procuring
1022 3359 36 24 for
1065 3362 118 30 ourselves
1195 3364 44 24 and

651 3385 98 24 families
765 3386 66 25 those
846 3392 141 23 necessaries
1010 3393 26 24 of
1055 3393 41 26 life
1113 3396 78 25 which,
1200 3397 38 25 the

651 3418 88 24 natives
750 3419 58 26 have
820 3426 23 19 to
855 3422 90 33 dispose
957 3425 30 24 of.

684 3451 35 24 Be
719 3454 73 32 gging
801 3454 36 25 &r
848 3457 85 31 myself
941 3458 44 25 and
997 3460 113 26 Brethren
1124 3467 23 20 to
1158 3472 80 18 assure

650 3492 45 23 you
705 3486 47 24 and
763 3487 39 25 the
813 3489 85 31 public,
912 3491 27 24 of
953 3500 42 17 onr
1015 3494 56 25 wish
1090 3500 23 20 to
1124 3502 112 27 promote,

650 3519 30 31 by
698 3527 70 25 every
785 3529 79 18 means
884 3525 25 23 in
928 3533 44 17 our
987 3535 84 24 power,
1091 3538 14 16 a
1115 3531 88 32 feeling
1213 3532 28 24 of

649 3553 120 32 cordiality
780 3555 43 25 and
835 3557 60 30 good
905 3559 47 24 will
970 3560 101 27 between
1090 3563 39 24 ttie
1147 3566 89 24 natives

649 3586 44 24 and
704 3587 100 26 settlers.

783 3621 14 25 I
809 3624 93 30 remain^
916 3625 48 31 Sir,
978 3635 4 5 •
1133 3637 16 12 *,

850 3657 66 26 Your
928 3660 106 27 obedient
1044 3669 100 25 servant,
1169 3660 5 10 '
1183 3671 2 4 '
1201 3690 3 3 .

948 3694 72 26 John
1039 3696 138 38 Whiter

649 3753 20 3 ._
714 3754 29 10 _,
898 3726 123 28 Chairman
1034 3731 26 24 of
1074 3731 39 26 the
1124 3731 108 26 District.

649 3757 53 21 New
714 3756 133 32 Plymouth,
860 3759 65 33 Sept.
938 3762 25 28 9,
977 3764 73 24 1843.
1167 3782 6 3 .
1212 3782 5 8 ,

699 3819 199 30 ENGLISH
926 3825 251 30 EXTRACTS.

675 3874 58 26 Tax
744 3875 67 26 New
823 3877 194 30 Governor.—
1015 3881 26 25 A
1050 3882 182 26 new.Governor

648 3914 34 18 aas
692 3908 60 25 been
763 3909 85 26 chosen
857 3911 53 27 for
910 3911 54 27 New
975 3914 104 25 Zealand
1090 3915 76 26 iirthe
1175 3917 57 26 d4pt

648 3936 395 46 »*'ti;Q#msfoss'Fsr#,
1055 3947 26 26 of
1099 3928 144 62 th^el;

1271 142 3 14 i
1300 128 73 33 Navy,
1385 131 69 32 lately
1465 135 101 23 member
1576 134 35 23 for
1620 133 39 24 the
1670 135 47 30 city
1730 136 24 23 of
1762 135 113 26 Durham.

1271 185 2 5 ,
1300 160 42 26 We
1355 163 46 24 hail
1417 165 46 23 this
1481 167 154 30 appointment
1653 167 53 23 with
1726 169 148 25 satisfaction.

1300 193 96 32 Captain
1417 197 92 32 Fitzroy
1519 199 42 23 has
1579 198 89 31 already
1679 205 40 17 not
1730 201 54 30 only
1795 201 79 25 distin-

1298 227 96 30 guished
1415 230 94 24 himself
1527 239 25 15 as
1573 239 12 15 a
1605 239 91 16 seaman
1713 233 26 23 of
1756 234 55 23 skill
1830 236 46 22 and

1298 260 95 30 science,
1406 260 105 33 (matters
1521 263 72 24 which
1605 271 29 24 go
1647 264 40 24 but
1699 273 13 15 a
1723 265 59 24 little
1794 274 48 24 way
1853 274 23 17 to

1298 294 121 24 constitute
1428 302 14 16 a
1452 295 67 24 claim
1535 300 23 19 to
1571 300 35 19 act
1617 296 38 24 the
1670 297 143 31 diplomatist,
1824 301 25 22 in
1862 309 14 15 a

1297 328 138 31 community
1446 328 26 24 of
1486 329 96 23 various-
1594 329 114 29 interests;
1721 338 25 15 or
1756 331 40 23 the
1806 332 70 29 guide

1297 357 44 24 and
1351 357 76 27 leader
1445 360 26 24 of
1477 358 25 26 'a
1519 361 100 31 colony,)
1631 361 48 30 but,
1692 358 24 27 hi
1728 364 38 22 the
1778 365 98 24 nautical

1297 392 123 24 narratives
1431 392 72 25 which
1514 393 28 24 he
1555 394 39 24 has
1603 400 42 25 put
1650 394 61 25 forth
1719 401 23 18 to
1751 396 38 23 the
1798 398 76 28 world,

1297 422 28 24 he
1336 423 41 25 has
1388 425 115 25 exhibited
1514 427 68 23 much
1589 426 129 33 judgment,
1730 436 14 16 a
1755 429 55 24 wide
1819 431 56 22 view

1297 454 25 25 of
1330 456 38 24 the
1375 458 142 25 commercial
1526 459 45 24 and
1582 460 97 31 political
1691 461 107 25 relations
1806 464 26 22 of
1838 464 36 23 the

1297 491 113 23 countries
1430 491 38 28 he;
1476 492 41 24 has
1538 493 114 31 explored,
1663 494 46 23 and
1729 500 39 18 not
1786 504 14 14 a
1817 496 57 24 little

1297 528 141 19 earnestness
1448 525 24 23 in
1490 527 134 30 suggesting
1635 534 113 17 measures
1760 528 27 23 of
1801 529 73 31 policy

1296 554 44 23 and
1351 556 170 31 improvement.
1558 558 28 24 In
1601 561 62 22 1826
1674 559 96 32 Captain
1781 561 93 32 Fitzroy

1296 589 157 30 accompanied
1465 590 37 23 the
1521 592 128 30 expedition
1659 593 26 22 of
1695 593 37 24 the
1746 593 129 26 Adventure

1295 620 44 23 and
1358 620 89 33 Beagle,
1461 623 72 23 under
1554 624 94 32 Captain
1661 625 86 32 Phillip
1761 626 71 32 King,
1851 633 23 18 to

1295 659 87 26 survey,
1388 655 38 23 the
1437 660 74 19 coasts
1523 657 26 22 of
1557 657 72 24 South
1641 659 115 24 America.
1792 660 37 23 On
1838 660 35 23 his

1295 690 84 25 return,
1387 688 24 23 in
1424 689 116 23 command
1552 690 25 23 of
1587 690 37 24 the
1637 690 91 32 Beagle,
1736 692 29 23 he
1777 692 97 32 brought

1295 718 73 30 home,
1390 725 24 19 at
1436 721 35 23 his
1491 729 49 16 own
1560 730 98 23 expense
1669 740 2 4 .
1678 725 45 22 and
1746 725 57 29 risk,
1822 726 52 24 four

1297 753 87 23 natives
1413 754 25 23 of
1465 753 55 24 Ten
1525 762 14 15 a
1572 755 35 23 del
1634 755 89 32 Fuego,
1747 758 72 23 whom
1846 759 28 23 he

1295 784 155 26 endeavoured
1469 791 24 19 to
1512 787 100 30 educate,
1632 789 25 23 in
1678 789 65 24 order
1761 791 55 28 that,
1836 799 38 16 re-

1295 819 92 30 turning
1399 823 23 19 to
1444 819 58 24 their
1513 827 50 16 own
1584 826 100 26 country,
1699 822 53 31 they
1764 824 72 31 might
1847 825 27 23 be

1294 850 25 24 of
1333 859 41 15 use
1392 852 24 23 in
1438 854 128 30 improving
1585 853 38 25 the
1641 855 160 25 characteOof
1815 857 58 24 their

1294 884 104 30 ignorant
1407 891 154 25 counirymen.
1597 887 96 32 Feeling
1701 888 94 25 himself
1799 890 74 24 bound

1294 921 22 18 to
1336 916 59 24 fulfil
1418 918 37 23 the
1476 919 122 31 obligation
1615 921 28 23 he
1663 921 46 23 had
1726 922 100 31 imposed
1844 932 29 15 on

1293 947 93 27 Kimself
1394 951 25 23 in
1431 952 79 30 regard
1521 958 23 17 to
1557 953 62 24 these
1638 953 123 33 Fuegians,
1776 956 96 31 Captain

1293 982 94 32 Fitzroy
1399 991 44 16 was
1467 993 28 14 on
1516 985 39 24 the
1577 987 62 30 point
1660 987 25 23 of
1704 987 83 33 taking
1805 995 38 18 out
1859 1000 14 14 a

1291 1023 96 24 passage
1406 1017 35 23 for
1463 1017 94 25 himself
1577 1020 43 23 and
1639 1020 36 23 his
1695 1026 105 26 proteges
1817 1024 24 23 in
1859 1033 14 14 a

1291 1049 87 31 private
1390 1050 74 23 vessel
1481 1051 34 23 for
1535 1052 70 23 South
1627 1054 114 29 America,
1763 1055 63 24 when
1843 1057 28 23 he

1292 1089 45 15 was
1357 1083 120 33 appointed
1495 1084 29 30 by
1543 1085 37 23 the
1598 1086 137 32 Admiralty,
1756 1088 33 30 (in
1809 1089 61 32 July,

1293 1115 85 32 1831,)
1395 1121 24 18 to
1441 1116 38 25 the
1497 1118 117 24 command
1632 1119 25 23 of
1677 1121 38 22 the
1732 1120 90 32 Beagle,
1848 1129 23 17 to

1290 1149 95 30 proceed
1409 1154 21 18 to
1454 1149 112 31 Madeira,
1594 1152 38 23 the
1660 1153 62 31 Cape
1744 1154 28 23 de
1796 1155 75 25 Verde

1291 1181 98 30 Islands,
1403 1183 118 24 Fernando
1543 1184 115 31 Noronha,
1678 1186 45 24 and
1743 1187 37 24 the
1798 1188 72 25 South

1290 1214 132 25 American-
1432 1217 83 23 station
1524 1226 6 20 ;
1550 1217 81 30 where,
1643 1219 57 24 after
1712 1220 157 33 determining,

1290 1248 23 23 in
1325 1248 38 23 the
1382 1249 49 23 first
1451 1250 71 30 place,
1536 1250 38 24 the
1585 1257 67 18 exact
1661 1253 118 30 longitude
1790 1254 24 24 of
1823 1255 46 24 Rio

1290 1280 28 24 de
1328 1280 99 31 Janeiro',
1439 1282 60 24 from
1509 1283 74 23 which
1593 1284 32 23 all
1635 1286 110 23 meridian
1757 1287 112 25 distances

1290 1315 23 22 in
1337 1315 74 23 South
1432 1315 109 24 America
1562 1324 37 15 are
1624 1319 126 29 measured,
1774 1320 28 22 he
1824 1328 45 17 was

1290 1347 98 24 directed
1400 1353 23 18 to
1433 1353 76 26 report
1521 1349 110 32 minutely
1641 1358 62 23 upon
1716 1352 37 23 the
1768 1353 102 30 physical

1290 1381 115 23 character
1417 1381 24 23 of
1459 1381 38 23 the
1509 1388 70 23 coast,
1590 1383 44 23 and
1645 1391 28 16 on
1695 1384 38 24 the
1744 1386 70 24 rivers
1826 1388 43 23 and

1290 1414 118 28 harbours,
1418 1414 61 24 from
1491 1415 38 23 the
1540 1415 45 24 Rio
1592 1416 28 23 de
1631 1416 66 25 Plata
1707 1423 23 18 to
1738 1419 38 22 the
1787 1419 82 25 Straits

1290 1447 23 22 of
1324 1447 145 31 Magalhaen,
1479 1448 43 23 and
1532 1448 57 24 from
1598 1449 80 25 thence
1688 1455 21 19 to
1718 1452 134 31 Valparaiso
1860 1464 7 19 ;

1289 1481 44 22 and
1345 1480 85 31 finally,
1443 1485 23 19 to
1478 1482 96 30 proceed
1585 1490 28 16 on
1626 1483 35 24 his
1672 1488 78 20 return
1761 1485 66 25 home
1839 1487 30 31 by

1289 1513 123 31 Polynesia
1424 1515 43 22 and
1481 1515 35 23 the
1527 1516 73 23 South
1610 1516 65 30 Seas,
1684 1518 137 33 completing
1831 1521 38 23 the

1289 1554 84 24 voyage
1385 1548 72 23 round
1476 1548 38 23 the
1526 1549 76 25 world.
1638 1549 52 25 The
1701 1553 109 30 prugciple
1821 1553 48 25 laid

1288 1579 65 24 down
1371 1581 31 31 by
1413 1581 38 24 the
1469 1582 130 31 Admiralty
1611 1583 35 24 for
1659 1584 168 31 the^^guidance
1846 1588 25 22 of

1289 1613 96 32 Captain
1397 1614 94 31 Fitzroy
1499 1623 52 21 was,
1561 1616 48 23 that
1643 1617 114 25 whatever
1768 1627 43 15 was
1819 1628 49 16 now

1288 1646 57 24 done
1357 1647 82 24 should
1450 1649 28 22 be
1489 1649 79 31 finally
1575 1650 63 28 done,
1721 1652 37 23 the
1771 1654 96 23 minute-

1287 1687 53 16 ness
1358 1680 26 24 of
1401 1681 37 23 the
1458 1687 88 26 reports
1564 1682 116 25 furnished
1699 1685 29 30 by
1742 1685 38 24 the
1799 1687 68 23 Com-

1286 1714 93 23 mander
1399 1715 76 31 amply
1491 1716 84 30 proved
1591 1715 37 24 his
1649 1718 102 31 capacity
1770 1723 21 19 to
1809 1720 59 24 fulfil

1286 1746 130 30 directions,
1427 1747 70 24 based
1509 1756 61 24 upon
1582 1749 37 24 the
1632 1750 131 25 confidence
1774 1755 95 28 reposed

1286 1780 23 23 in
1331 1779 37 24 his
1389 1781 145 33 seamanship
1556 1781 44 25 and
1622 1784 92 30 general
1736 1785 130 31 qualilities.

1288 1812 75 25 While
1380 1813 37 25 Ms
1429 1816 108 22 attention
1556 1823 45 17 was
1620 1817 99 25 directed
1734 1822 22 20 to
1775 1825 92 19 matters

1286 1854 61 16 more
1359 1847 128 38 especially^
1588 1850 72 23 under
1671 1850 36 24 his
1726 1853 105 30 province

1283 1883 17 20 fc
1312 1888 93 16 seaman
1424 1881 43 23 and
1487 1889 82 24 survey
1571 1890 23 16 or
1595 1896 11 15 h
1615 1883 38 25 the
1673 1885 154 25 examination
1845 1887 25 24 of

1335 1913 57 24 tides
1405 1914 44 23 and
1461 1920 111 24 currents,
1583 1916 37 23 the
1631 1918 91 30 periods
1734 1920 45 23 and
1798 1920 69 25 limits

1286 1946 25 24 of
1319 1946 39 24 the
1372 1955 123 16 monsoons
1512 1949 45 23 and
1579 1949 60 23 trade
1659 1951 78 29 winds,
1751 1952 38 24 the
1809 1953 58 24 reefs

1283 1979 170 31 %ad_shojls,ln
1464 1980 41 31 hjs^
1512 1979 272 36 tracj^ndj.generally,
1796 1990 21 19 to
1827 1986 40 25 the

1284 2011 103 33 physical
1395 2013 132 31 geography
1537 2014 26 23 of
1571 2014 37 24 the
1616 2017 114 23 countries
1739 2015 30 25 he
1779 2018 87 30 visited,

1290 2046 30 25 iis
1342 2046 113 24 narrative
1473 2047 116 24 embraces
1608 2049 136 33 interesting
1761 2052 67 23 views
1841 2053 25 23 of

1279 2075 43 27 4he
1339 2078 101 32 political
1452 2080 43 23 and
1516 2080 69 24 moral
1600 2081 114 25 condition
1727 2083 25 24 of
1761 2084 38 24 the
1810 2086 54 23 abo-

1376 2111 175 26 inhabitahtsof
1556 2114 107 25 America
1674 2117 45 22 and
1728 2116 136 33 Polynesia;

1283 2146 44 23 and
1339 2146 38 23 the
1389 2146 110 24 scientific
1510 2148 130 24 researches
1651 2149 25 23 of
1686 2150 38 23 the
1739 2151 132 30 naturalist/

1272 2200 2 3 .
1284 2178 47 25 Mr.
1346 2179 95 23 Charles
1460 2179 103 30 Darwin,
1577 2181 50 24 who
1649 2184 158 31 accompanied
1827 2185 37 24 the

1283 2212 137 31 expedition,
1433 2212 57 25 have
1509 2214 99 24 resulted
1626 2216 24 22 in
1661 2224 13 15 a
1688 2217 101 24 valuable
1810 2225 54 17 con-

1283 2246 108 24 tribution
1410 2250 22 19 to
1445 2246 38 24 the
1500 2248 95 31 zoology
1606 2249 26 23 of
1648 2257 42 16 one
1712 2250 25 24 of
1752 2250 37 25 the
1806 2257 58 19 most

1279 2279 138 31 interesting
1426 2279 100 25 districts
1533 2282 25 23 of
1565 2282 38 23 the
1612 2283 69 23 world
1682 2296 33 4 —
1718 2284 36 24 the
1764 2284 100 33 Pampas

1282 2313 43 23 and
1338 2313 40 23 the
1387 2313 119 31 provinces
1521 2315 122 31 bordering
1655 2324 29 15 on
1696 2317 39 24 the
1746 2317 46 24 Rio
1803 2318 26 25 de
1841 2320 23 23 la

1282 2346 67 24 Plata
1349 2359 33 5 —
1384 2347 38 23 the
1433 2352 95 27 country
1540 2348 26 24 of
1582 2348 37 25 the
1637 2350 170 31 Megatherium
1819 2353 54 24 and'

1281 2379 38 25 the
1328 2380 133 24 Mastodon.

1313 2413 31 24 In
1356 2414 37 23 the
1406 2421 79 17 course
1497 2414 26 24 of
1531 2415 37 23 his
1580 2423 92 26 voyage,
1686 2418 67 32 Capt.
1768 2419 92 32 Fitzroy

1280 2447 88 29 visited,
1390 2448 25 23 in
1438 2447 135 31 December,
1596 2452 73 28 1835,
1695 2452 37 23 the
1755 2453 107 24 northern

1279 2485 51 26 part
1348 2481 27 23 of
1390 2481 58 23 New,
1462 2481 102 25 Zealand
1565 2495 33 5 —
1598 2484 37 23 the
1657 2484 52 32 Bay
1719 2485 25 24 of
1761 2485 101 32 Islands,

1271 2514 52 23 -and
1346 2514 38 24 the
1407 2515 90 23 various
1519 2517 136 31 missionary
1677 2518 140 25 settlements
1838 2525 23 19 at

1279 2546 146 32 Rangihoua,
1439 2548 119 30 Waimate,
1579 2550 43 24 &c.
1629 2559 3 5 •
1659 2551 50 24 The
1731 2553 95 24 conduct
1838 2555 26 23 of

1279 2580 37 24 the
1335 2581 154 24 missionaries
1507 2583 20 23 is
1550 2583 115 25 discussed
1683 2586 24 23 in
1756 2586 43 25 fair
1815 2588 45 23 and

1278 2614 79 24 liberal
1379 2615 73 31 spirit,
1473 2615 45 24 and
1539 2615 38 25 the
1594 2618 92 31 general
1702 2619 117 25 character
1836 2621 26 24 of

1279 2647 63 24 those
1360 2649 102 31 portions
1473 2649 26 23 of
1514 2649 44 24 the-
1573 2656 94 27 country
1679 2652 28 24 he
1728 2654 87 30 visited,
1834 2663 25 15 as

1278 2681 49 24 well
1339 2689 25 16 as
1377 2682 38 23 the
1431 2682 134 31 disposition
1577 2684 24 24 of
1611 2685 38 23 the
1660 2686 95 29 natives,
1768 2687 43 23 and
1821 2688 38 24 the

1278 2715 140 31 capabilities
1430 2715 25 24 of
1464 2715 57 24 New
1533 2717 108 30 Zealand,
1655 2719 34 23 for
1700 2720 158 30 colonization,

1278 2755 37 17 are
1335 2749 68 23 dwelt
1424 2757 59 23 upon
1500 2750 26 23 in
1537 2758 14 16 a
1568 2758 94 18 manner
1679 2753 75 24 which
1766 2755 93 24 evinced

1277 2781 48 24 that
1337 2782 28 23 he
1376 2790 47 15 was
1433 2783 58 32 fully
1502 2784 124 31 impressed
1639 2786 54 23 with
1703 2787 37 23 the
1752 2795 105 24 prospec-

1276 2814 45 25 tive
1340 2816 65 23 value
1422 2816 25 23 of
1465 2818 38 22 the
1523 2818 80 31 colony
1624 2824 22 18 to
1666 2820 73 24 Great
1760 2821 95 25 Britain.

1276 2848 50 24 The
1345 2853 42 19 two
1408 2849 104 32 chapters
1521 2868 4 4 .
1533 2851 94 24 devoted
1639 2858 22 18 to
1681 2853 57 26 New
1756 2854 101 25 Zealand

1275 2889 37 17 are
1323 2882 90 31 worthy,
1424 2883 25 24 of
1464 2884 109 24 attentive
1585 2886 164 24 consideration
1762 2896 54 16 even
1833 2894 24 18 at

1274 2915 45 24 this
1331 2917 61 23 time.
1430 2917 52 23 The
1498 2922 100 19 contrast
1608 2919 26 23 of
1651 2920 38 24 the
1707 2928 83 24 savage
1803 2922 52 23 cha-

1273 2953 73 19 racter
1358 2950 26 22 of
1391 2950 39 23 the
1441 2951 75 23 native
1528 2951 58 23 New
1597 2952 134 30 Zealander,
1744 2954 54 24 with
1808 2955 48 24 that

1274 2983 24 23 of
1317 2983 39 23 the
1378 2984 90 23 ancient
1492 2983 81 25 Briton
1591 2993 24 15 as
1636 2985 117 26 described
1770 2988 29 30 by
1817 2989 38 23 Sir

1272 3016 77 24 James
1361 3016 139 30 Macintosh,
1514 3018 44 23 and
1570 3018 25 24 of
1604 3018 37 24 the
1654 3021 106 23 missions
1770 3021 26 23 of
1806 3021 47 26 Mr.

1274 3049 108 24 Marsden
1393 3051 45 22 and
1457 3051 36 23 his
1511 3051 120 30 followers,
1645 3053 53 23 with
1711 3053 48 24 that
1777 3054 26 24 of
1816 3056 36 23 St.

1271 3084 130 29 Augustine
1416 3089 22 18 to
1457 3092 42 16 our
1519 3092 52 16 own
1587 3091 95 26 country
1694 3087 24 23 in
1736 3085 39 27 the
1791 3089 62 24 sixth

1271 3122 101 26 century,
1383 3117 70 24 afford
1463 3126 15 15 a
1483 3118 43 23 fair
1538 3119 114 31 specimen
1661 3120 26 24 of
1692 3120 38 24 the
1737 3121 116 25 character

1270 3150 23 23 of
1302 3150 40 24 the
1359 3150 103 25 author's
1483 3152 71 29 mind,
1566 3152 44 24 and
1622 3153 24 24 of
1660 3153 38 25 the
1718 3155 55 24 wide
1785 3156 68 24 views

1269 3183 27 24 he
1308 3192 83 22 seems,
1404 3193 30 16 on
1452 3185 32 24 all
1504 3186 124 30 occasions,
1639 3186 107 33 disposed
1765 3193 22 20 to
1800 3190 52 24 take

1269 3217 28 27 of.
1308 3218 72 24 social
1396 3226 117 24 progress.
1547 3219 26 25 A
1583 3223 134 28 suggestion
1733 3222 73 24 which
1822 3223 30 24 he

1267 3251 88 29 makes,
1367 3260 26 16 as
1406 3256 22 20 to
1439 3253 40 23 the
1490 3254 114 31 necessity
1615 3254 35 24 for
1667 3263 14 15 a
1693 3256 94 30 vigilant
1799 3264 51 16 sur-

1267 3292 40 24 vey
1319 3284 46 24 and
1376 3286 203 31 superintendence
1588 3287 26 24 of
1623 3287 30 25 all
1662 3288 39 24 the
1711 3289 139 31 Polynesian

1266 3326 80 24 group,
1368 3319 30 31 by
1410 3319 38 24 the
1468 3320 90 25 British
1580 3320 166 31 Government,
1764 3322 86 32 though

1266 3352 88 24 written
1372 3353 25 24 in
1418 3354 72 29 1835,
1510 3361 52 26 may
1573 3354 28 24 be
1619 3355 83 31 quoted
1723 3362 57 17 even
1800 3364 50 16 now

1266 3385 53 24 with
1331 3385 134 33 advantage^
1465 3399 29 5 —

1367 3425 76 26 great,
1456 3420 52 25 deal
1528 3421 26 24 of
1579 3421 120 32 prudence,
1723 3422 45 24 and
1789 3424 59 30 good

1264 3458 167 26 management,
1444 3454 20 23 is
1481 3454 106 32 required
1603 3455 25 23 in
1646 3454 39 25 the
1703 3456 145 26 commander

1264 3485 25 23 of
1304 3494 14 15 a
1337 3487 158 29 man-of-war,
1516 3488 51 24 who
1584 3487 42 25 hat
1643 3496 46 23 any
1707 3489 106 25 business
1819 3490 32 25 'of

1264 3526 155 26 consequence
1430 3526 23 19 to
1469 3526 102 19 transact
1582 3520 59 28 .with
1658 3522 39 24 the
1718 3524 88 24 natives
1821 3525 30 24 of

1264 3552 130 31 Polynesia,
1401 3557 32 21 'or
1441 3554 52 24 who
1504 3554 42 25 has
1559 3559 22 19 to
1597 3554 51 26 deal
1666 3557 57 23 with
1742 3557 37 24 his
1798 3566 48 16 own

1262 3591 150 27 countrymen
1421 3588 23 23 in
1457 3587 50 24 that
1516 3588 86 25 distant
1613 3590 88 31 region.
1738 3590 23 24 A
1773 3590 73 33 single

1262 3618 60 33 ship,
1333 3621 103 29 assisted,
1446 3621 100 33 perhaps
1563 3622 30 31 by
1612 3623 99 30 tenders,
1730 3624 80 32 might,
1829 3625 20 24 if

1262 3650 50 27 well
1314 3659 10 8 0
1334 3654 159 30 commanded,-
1515 3656 28 23 do
1565 3663 64 18 more
1650 3657 61 32 good
1730 3658 23 24 io
1773 3667 13 14 a
1804 3658 42 24 few

1260 3694 68 24 years
1339 3695 86 25 among
1432 3687 39 25 the
1483 3688 87 26 islands
1582 3690 24 24 of
1615 3690 101 33 pacific,
1728 3691 56 24 than
1803 3699 40 17 can

1261 3727 49 21 pow
1320 3720 29 25 be
1360 3722 72 31 easily
1441 3722 127 33 imagined.
1592 3742 4 5 ,
1607 3723 48 25 But
1665 3724 56 24 then
1732 3724 41 24 she
1784 3731 62 19 must

1260 3750 29 29 he
1298 3754 141 33 stationary;
1458 3761 40 19 not
1518 3757 51 25 that
1580 3756 40 26 she
1630 3757 82 25 should
1723 3759 87 25 remain
1819 3760 31 29 in,

1260 3787 204 33 Some/.-place-rrfar.
1480 3790 59 24 from
1558 3790 94 26 itr-^her
1667 3791 74 32 wings
1763 3792 82 26 should*

1260 3819 86 26 seldom
1357 3826 64 24 rest;
1439 3822 15 24 I
1464 3830 68 18 mean
1548 3823 53 33 only
1625 3823 49 25 that
1695 3823 44 27 she
1762 3825 81 26 should

1260 3853 50 32 May
1319 3854 268 41 inthe;Pacific^during
1598 3856 62 25 three
1672 3865 27 16 or
1710 3858 50 24 four
1768 3867 73 23 years.

1259 3883 166 44 jEn^a^ume\
1433 3895 38 23 so;
1477 3887 74 27 ianch
1566 3889 157 30 information;
1728 3891 77 33 might
1813 3893 30 24 be

1259 3919 159 33 gajj&d^and
1439 3929 26 17 so
1465 3943 6 7 4
1485 3922 71 26 much
1558 3922 114 26 -diffused
1700 3929 84 28 amdng
1792 3930 4 5 •
1806 3926 37 24 the

1259 3952 106 31 fcatiyM-;
1378 3954 56 26 such
1446 3962 14 18 a
1470 3959 87 28 system
1566 3956 277 34 trf-Trfgilantinspeetion

587 30 99 49 ®&
707 34 129 49 Mm
852 36 429 54 M&m*mytm
1303 44 91 39 ant>
1420 45 298 48 mminqton
1740 45 252 50 *ptctator.

89 118 147 31 exceeda^the
246 117 103 32 capacity
359 117 26 24 of
400 117 44 25 the
441 125 8 10 T
450 118 67 26 iands
536 123 24 21 to
571 125 95 27 support

88 158 27 26 it;
128 152 43 25 and
182 158 34 17 we
226 158 39 15 are
275 157 52 16 aure
339 150 49 23 that
393 152 103 23 -statioas
502 152 35 24 for
548 152 38 24 the
599 154 67 23 relief

84 189 26 24 of
117 187 64 24 those
191 185 24 23 in
226 183 39 22 the
277 182 183 31 neighbourhood
473 185 27 23 of
514 185 149 32 Wellington;

88 218 68 27 would
168 215 150 30 immediately
329 215 29 23 be
368 216 95 30 for-med,
476 218 64 23 could
559 218 38 24 the
610 219 54 24 Set-

88 253 50 25 tlers
154 248 95 33 proceed
260 247 54 24 with
326 250 150 23 convenience
495 255 24 19 to
537 251 39 23 the
587 252 76 32 valley

87 288 22 22 in
119 283 116 31 question;
249 280 45 24 and
305 281 141 30 agriculture,
449 283 26 24 to
487 291 13 16 a
511 282 63 33 large
584 290 79 19 extent

85 316 62 27 «ould
168 314 44 25 and
223 313 73 24 would
312 313 28 24 be
357 316 99 29 pursued
476 316 31 31 by
519 317 38 23 the
577 317 85 25 Stock-

87 354 88 21 masters
192 346 83 24 settled
292 347 23 23 in
334 347 48 24 that
401 348 95 29 district,
509 357 25 16 as
552 349 39 24 the
608 349 54 26 land

86 384 57 24 there
152 381 19 23 is
182 379 144 31 remarkably
336 380 44 23 and
388 381 154 32 immediately
550 383 110 24 available

86 417 31 24 for
128 413 47 25 that

113 468 63 25 New
192 466 151 25 Wesleyan
371 467 117 31 Chapei,,
510 469 149 31 Taranaki,

86 502 57 26 New
161 500 154 29 Plymouth.
317 512 33 4 —
352 500 40 23 On
410 501 104 32 Sunday,
526 504 133 31 September

86 538 34 26 10,
138 541 13 16 a
169 536 54 20 neat
249 533 153 23 commodious
431 539 66 19 stone
523 535 87 32 Chapel
635 538 24 23 in

85 570 107 26 Courtney
215 565 83 29 Street,
322 573 46 16 was
396 567 87 31 opened
511 568 34 23 for
573 569 85 25 Divine

84 600 92 27 Service,
189 598 69 24 when
269 598 64 24 three
350 606 103 18 sermons
471 607 58 17 were
545 603 114 30 preached

84 640 20 19 to
113 634 60 29 large
183 631 52 25 and,
239 632 142 31 respectable,
397 634 174 30 congregations
582 644 7 20 ;
608 636 50 24 that

82 669 21 23 in
113 665 35 25 the
159 665 106 30 m6rning
282 665 31 31 by
324 666 38 23 the
380 666 62 24 Rev.
454 666 62 24 John
534 667 122 33 Wbiteley,

84 699 114 26 Chairman
210 697 26 24 of
251 697 39 24 the
301 698 111 31 District;
432 699 49 24 that
493 701 24 22 in
536 700 39 24 the
585 702 71 24 after-

83 739 52 18 noon
145 730 31 31 by
187 730 38 24 the
237 730 60 24 Rev.
310 731 61 23 John
389 732 89 24 Aldred
488 742 6 20 ;
515 733 47 24 that
582 735 22 23 in
619 735 37 25 the

82 765 89 30 evening
180 763 31 31 by
222 763 38 24 the
273 764 58 23 Rev.
346 765 94 24 Samuel
456 765 112 26 Ironside.
605 768 51 24 The

81 798 123 24 collections
216 796 121 24 amounted
350 802 21 18 to
383 799 64 23 £12.
456 815 4 4 .
472 799 38 28 By
520 800 44 23 this
576 808 80 17 means

79 829 185 26 accommodation
276 830 20 23 is
306 831 67 29 given
389 831 45 24 and
447 834 162 29 opportunities
621 835 35 23 af-

79 863 73 25 forded
164 867 22 20 to
197 862 38 24 the
247 863 89 24 settlers
349 864 34 23 for
401 864 97 33 hearing
517 866 37 24 the
566 867 88 32 gospel.

79 897 31 24 As
122 897 36 22 the
169 896 98 31 opening
279 897 97 23 services
388 896 60 25 weire
458 899 54 24 held
524 899 81 33 during
617 900 42 25 the.

79 930 85 30 sittings
176 928 25 23 of
211 928 38 25 the
260 930 83 23 annual
352 930 99 25 District
457 932 111 32 Meeting,
580 933 76 25 others

80 970 51 16 were
142 960 47 25 also
201 963 135 30 performed,
349 964 44 23 and
411 965 59 24 from
489 966 38 23 the
545 967 111 24 hallowed

79 995 104 24 influence
204 996 118 31 attending
341 997 69 30 them,
423 1007 26 15 as
469 999 49 23 well
537 1007 25 16 as
583 1005 23 18 at
618 1000 38 24 the

79 1028 92 32 opening
182 1035 112 22 sermons,
305 1030 40 23 the
363 1031 71 24 result
447 1032 23 23 of
486 1033 68 22 much
565 1033 58 31 good
636 1034 19 23 is

79 1060 129 32 anticipated
219 1061 30 31 by
261 1062 38 23 the
311 1064 100 30 Society.

107 1117 22 24 A
145 1121 54 20 neat
215 1117 122 32 Wesleyan
357 1120 95 31 Chapel,
465 1121 58 23 built
543 1121 26 24 of
582 1123 71 30 wood,

78 1151 36 24 has
125 1150 55 24 been
193 1151 34 23 for
239 1158 14 16 a
261 1151 43 24 few
317 1152 75 23 weelcs
413 1158 52 26 past
476 1161 57 23 open
545 1156 23 22 in
583 1155 71 24 Man-

77 1191 46 17 ners
142 1184 83 28 Street,
238 1184 35 23 Te
295 1185 47 24 Aro
362 1186 61 29 Flat,
444 1194 28 16 on
494 1187 37 23 the
550 1190 104 23 reserved

77 1218 38 23 site
138 1217 24 23 of
182 1226 13 14 a
217 1217 92 24 market
330 1217 72 33 place.
451 1219 24 24 It
497 1228 44 15 was
565 1222 88 24 erected

77 1251 25 30 by
123 1250 121 31 voluntary
271 1252 160 31 subscription,
455 1254 45 22 aud
527 1254 19 23 is
574 1254 79 33 highly

76 1283 115 25 creditable
203 1288 26 24 to.
237 1285 39 23 the
289 1286 111 23 members
412 1287 26 22 of
448 1287 48 26 that
507 1287 66 31 body.

105 1342 67 24 Some
183 1343 116 24 workmen
312 1350 37 18 are
361 1353 49 15 now
430 1346 116 31 employed
559 1347 93 32 digging

77 1381 34 19 out
122 1384 13 15 a
146 1376 134 24 foundation
293 1378 34 23 for
345 1378 38 24 the
404 1380 86 23 Scotch
510 1380 99 29 Church,
623 1389 28 16 on

75 1409 108 24 Lambton
195 1410 78 31 Quay.
310 1411 51 24 The
378 1418 92 24 present
489 1413 103 32 building
607 1415 44 23 will

76 1443 24 23 be
110 1443 24 23 of
147 1443 72 28 wood,
232 1443 113 25 sufficient
356 1445 68 23 funds
443 1451 40 19 not
500 1447 84 31 having
594 1448 57 24 been

75 1475 102 24 collected
188 1481 23 18 to
219 1476 79 24 enable
305 1477 38 24 the
356 1478 136 24 Committee
504 1481 25 22 of
538 1480 113 32 Manage-

75 1513 57 19 ment
142 1513 22 19 to
176 1515 60 17 erect
248 1518 13 14 a
272 1518 63 16 more
347 1511 136 24 substantial
496 1513 84 23 edifice.

104 1560 34 31 By
146 1560 37 23 the
191 1560 51 32 ship
253 1560 90 31 Ursula,
352 1570 33 16 we
394 1563 57 25 have
461 1565 96 24 London
567 1574 82 24 papers

74 1598 19 19 to
105 1593 36 24 the
161 1594 59 24 20th
237 1595 25 23 of
278 1595 64 31 May,
361 1598 127 31 consisting
506 1600 25 22 of
547 1598 102 26 Colonial

75 1626 105 29 Gazettes,
204 1627 58 24 New
284 1628 103 24 Zealand
404 1630 119 31 'Journals,
558 1633 90 31 Weekly

74 1659 132 31 Chronicles,
220 1662 38 25 be
284 1661 42 24 We
339 1662 56 25 have
407 1664 53 31 only
471 1667 101 23 received
584 1668 64 23 three

72 1693 101 23 numbers
192 1694 26 24 of
239 1694 38 24 the
295 1695 59 23 New
373 1696 106 25 Zealand
497 1698 104 31 Journal,
622 1709 25 16 so

72 1726 43 23 that
137 1727 86 24 several
244 1736 39 15 are
303 1730 101 30 wanting
427 1737 22 18 to
472 1732 110 31 complete
605 1742 42 16 our

72 1758 53 25 file's.
131 1768 25 29 -4j
177 1760 50 24 The
253 1760 103 25 William
378 1762 97 25 Stoveld
496 1766 69 23 sailed
587 1767 59 24 from

72 1792 88 25 London
182 1794 37 23 for
241 1794 58 24 New
319 1795 132 31 Plymouth,
474 1798 54 24 with
548 1807 98 24 passen-

70 1833 46 23 gers
140 1826 45 24 and
206 1836 14 15 a
245 1829 92 30 general
360 1837 75 23 cargo,
462 1831 102 25 fourteen
589 1833 57 31 days

70 1859 70 24 before
151 1859 39 24 the
210 1859 85 26 Ursula
312 1861 49 26 left.
403 1863 79 29 Trade,
489 1866 115 24 remained
621 1868 25 23 in

71 1892 32 24 the
125 1901 62 17 same
215 1894 128 31 deplorable
371 1901 58 19 state
453 1897 25 24 of
503 1898 140 32 depression.

70 1925 57 24 With
140 1927 125 24 thousands
277 1936 29 15 on
328 1929 38 23 the
383 1937 69 23 verge
472 1931 26 24 of
512 1934 131 28 starvation,

68 1966 25 15 tn
114 1960 110 23 immense
241 1960 111 28 .increase.
366 1962 28 22 .©£
418 1964 111 29 taxation,
550 1966 45 22 and
615 1974 29 16 an

70 1987 110 33 awraafty'
187 1988 144 34 tiecreasing-*
338 1997 107 26 reVetfue;
468 1995 133 26 thTTaffalrs
622 1997 26 25 of

69 2021 36 23 the
115 2021 198 35 Mother-country
323 2031 62 18 must
402 2034 56 16 soon
470 2027 29 25 be
510 2029 99 32 brought
620 2036 23 19 to

68 2062 13 15 a
91 2056 68 23 crisis.
194 2056 53 24 The
257 2058 109 30 agitation
377 2059 36 23 for
433 2068 14 15 a
467 2061 86 32 Repeal
565 2064 26 23 of
605 2064 39 25 the

69 2087 54 24 Corn
136 2087 74 31 Laws,
223 2090 44 23 and
288 2091 47 24 also
356 2092 34 23 for
411 2093 38 24 the
470 2095 140 26 obtainment
621 2099 25 23 of

68 2120 34 24 the
113 2121 102 31 Charter,
227 2131 46 16 was
286 2124 68 32 being
371 2127 86 24 carried
478 2136 29 15 on
520 2134 22 19 to
555 2138 13 15 a
578 2137 65 25 great

68 2159 77 24 extent,
168 2156 44 23 and
230 2157 112 25 immense
364 2161 113 31 meetings
502 2170 59 17 were
582 2165 61 32 daily

67 2186 45 24 held
124 2188 21 23 in
159 2189 29 23 all
201 2190 36 24 the
249 2190 63 32 large
324 2197 70 19 towns
408 2194 25 23 of
449 2195 38 23 the
499 2195 118 33 kingdom.

96 2244 47 24 The
168 2244 85 26 Ursula
281 2248 71 31 spoke
380 2250 39 23 the
448 2250 83 34 barque
560 2254 80 32 Famn,

67 2277 88 32 Captain
177 2278 107 33 Bennett,
302 2282 59 24 from
380 2284 94 31 Sydney
493 2291 23 18 to
534 2286 105 32 London,

66 2310 25 24 all
102 2311 54 30 well,
169 2313 44 24 and
223 2319 43 26 put
276 2315 78 24 letters
366 2324 28 16 on
405 2317 71 25 board
485 2324 42 19 two
539 2328 25 16 or
576 2321 70 25 three-

66 2343 46 32 days
130 2345 77 26 before
227 2349 104 31 entering
349 2357 41 16 our
410 2357 59 24 port,
489 2360 26 16 so
532 2353 50 25 that
601 2352 40 28 the'

65 2383 52 19 news
129 2379 26 24 of
169 2379 40 25 her
227 2381 48 24 safe
294 2383 81 24 arrival
394 2384 47 24 will
459 2386 101 31 speedily
571 2390 67 23 reach

65 2409 105 33 England.

91 2466 47 24 The
148 2468 55 23 mail
215 2468 73 25 which
309 2470 38 25 the
366 2471 119 32 Clydeside
504 2475 53 24 took
569 2485 32 23 up
614 2482 22 19 to

64 2498 82 34 Sydney
157 2501 59 25 from
228 2502 45 24 this
291 2504 71 32 place,
375 2506 44 23 and
440 2506 72 26 which
531 2517 47 17 was
589 2511 48 23 for-

62 2532 78 25 warded
152 2539 22 19 to
187 2535 98 25 London
296 2545 40 24 per
349 2538 102 26 H.M.S.
463 2540 115 32 Faaorite,
592 2544 45 25 had

62 2565 84 26 reached
156 2569 31 22 its
198 2569 144 31 destination,
356 2572 43 25 and
411 2581 101 17 answers
523 2582 21 17 to
556 2577 80 25 letters

63 2605 47 18 nave
120 2600 57 25 been
188 2604 103 24 received
303 2605 23 23 in
337 2611 79 19 return
429 2607 30 32 by
470 2608 39 24 the
523 2608 93 27 Ursula.

88 2658 33 24 On
134 2659 113 33 Saturday
258 2664 98 32 evening
366 2664 52 30 last,
430 2674 14 15 a
453 2666 52 25 boat
518 2668 52 23 with
583 2669 51 24 four

60 2697 45 18 men
114 2692 122 34 belonging
248 2701 22 18 to
290 2697 37 23 the
347 2697 110 26 schooner
477 2699 75 31 Ariel,
571 2700 63 33 (who

60 2731 27 16 we
97 2725 82 26 believe
190 2735 59 18 were
269 2730 138 25 intoxicated
423 2738 25 17 at
458 2733 40 24 the
510 2734 65 31 time)
587 2743 47 17 was

59 2762 56 27 upset
125 2767 62 18 some
197 2762 103 24 distance
311 2764 58 24 from
391 2764 39 25 the
446 2766 75 25 shore.
557 2769 76 25 Three

60 2792 20 22 of
93 2792 35 24 the
143 2801 54 17 men
214 2802 59 17 were
291 2797 139 25 wscued'in
448 2799 30 24 all
496 2801 137 34 probability

58 2823 49 26 from
119 2833 13 16 a
142 2833 85 27 watery
237 2837 70 22 grave
318 2830 31 31 by
361 2830 38 25 the
410 2840 59 16 crew
481 2834 26 24 of
521 2843 14 16 a
545 2835 86 26 whale-

59 2863 49 24 ooat,
119 2859 71 26 which
203 2862 45 23 had
260 2864 89 24 arrived
360 2865 23 24 in
404 2865 40 25 the
461 2875 80 17 course
553 2869 26 23 of
594 2870 38 24 the

57 2889 36 33 day
111 2893 58 26 from
197 2895 142 34 Wairarapa,
363 2899 45 23 and
431 2899 38 25 the
491 2901 65 25 other
583 2910 47 18 was

57 2924 87 33 dragged
154 2928 49 24 into
216 2929 35 24 Te
261 2929 50 26 Aro
331 2931 52 25 Pah
401 2932 32 33 by
444 2942 63 17 some
524 2935 104 27 Natives.

57 2957 43 26 The
110 2960 100 27 Maories
222 2962 57 33 kept
290 2964 38 24 the
338 2973 57 24 poor
413 2967 76 25 fellow
508 2969 24 24 in
543 2978 15 15 a
568 2971 62 24 close

56 2991 35 24 hut
101 2993 32 24 till
140 2995 15 23 6
167 2995 88 25 o'clock
268 3005 29 16 on
310 2999 94 32 Sunday
414 3001 74 31 night,
498 3002 44 24 and
554 3005 73 24 would

55 3030 32 17 not
96 3028 83 30 permit
187 3029 47 24 him
246 3035 24 18 to
281 3039 36 22 go-
326 3032 100 25 -without
446 3035 51 23 first
515 3038 115 30 receiving

56 3064 34 17 one
100 3061 82 30 pound.
219 3061 140 35 Eventually
369 3067 183 26 weunderatand
565 3079 63 16 some

55 3091 62 26 friend
129 3093 71 24 found
209 3094 39 24 the
259 3101 91 30 money,
362 3099 45 23 and
416 3099 31 24 he
467 3108 46 17 was
529 3102 53 25 then
594 3105 33 23 al-

53 3122 61 28 Wed
126 3131 23 18 to
160 3126 96 32 depart.,
267 3128 5 3 '
283 3129 45 24 We
338 3131 92 25 wonder
441 3127 19 31 if
476 3134 38 25 the
531 3136 97 25 Natives

53 3157 36 24 had
101 3158 69 25 taken
182 3167 13 17 a
206 3160 69 32 fancy
286 3166 23 20 to
321 3171 43 16 one
375 3164 25 24 of
415 3165 37 24 his
469 3174 60 17 arms
541 3177 26 15 or
577 3170 50 32 legs

53 3197 20 17 as
81 3197 105 27 payment
196 3193 36 25 for
244 3195 66 25 what-
320 3196 53 33 they
383 3198 45 24 had
444 3200 70 30 done,
525 3202 104 26 whether

54 3223 30 24 the
89 3226 137 25 .authorities
234 3228 74 25 would
316 3230 57 24 have
382 3232 122 26 interfered
514 3234 5 25 !
547 3236 80 32 Query

53 3263 30 18 are
92 3259 35 24 the
138 3260 103 26 Maories
253 3270 52 17 ever
317 3264 23 23 in
352 3265 38 23 the
404 3273 86 25 wrong.

79 3307 46 27 The
143 3311 98 25 whalers
260 3313 28 24 of
302 3314 88 33 Kapiti,
403 3324 34 17 we
455 3326 40 17 are
514 3320 67 31 given
602 3326 23 21 to

53 3343 132 31 understand,
198 3345 57 26 have
267 3347 56 25 been
330 3349 116 26 fortunate
453 3352 23 24 in
481 3352 39 25 the
526 3355 97 25 number

53 3374 19 22 of
84 3375 77 27 whales
173 3379 55 32 they
238 3380 58 25 have
317 3383 100 32 caught;
439 3385 102 26 Gillotfs
557 3394 66 24 party

52 3410 69 44 Javing
132 3411 104 26 obtained
250 3416 48 23 120
310 3420 54 20 tuns
375 3418 26 24 of
415 3419 40 30 oil,
467 3420 45 25 and
530 3421 92 26 Haims'

53 3443 24 20 50
87 3446 49 22 tuns
145 3446 54 24 with
213 3446 57 26 dead
283 3456 55 17 ones
349 3455 40 20 not
408 3453 59 24 tried
487 3458 46 21 out.
571 3456 59 26 The.

52 3476 88 25 "'faeries
150 3486 39 17 are
201 3487 51 18 now
259 3486 24 19 at
291 3482 38 25 the
336 3483 68 31 close,
414 3486 50 25 and.
469 3487 49 25 Mr.
528 3488 94 26 Wade's

51 3511 54 29 P»«y
113 3510 58 26 from
182 3513 142 34 Wairarapa,
336 3516 41 25 has
389 3520 91 25 arrived
490 3521 26 24 in
525 3527 60 27 port.

77 3564 44 28 The
140 3569 129 35 Indemnity
279 3581 47 17 was
345 3576 73 32 safely
429 3578 111 27 launched
559 3582 59 25 from

51 3604 38 42 jw.
101 3604 148 26 Mathieson's
261 3607 44 32 slip
326 3616 30 16 on
374 3609 95 35 Sunday
481 3613 58 31 last;
561 3614 57 27 after

49 3636 71 43 JJing
136 3637 132 34 undergone
290 3649 14 16 a
323 3642 114 33 thorough
454 3647 82 32 repair.
574 3649 44 25 We

50 3669 69 42 jeueve
137 3670 243 37 Messrs.^Ridgways,
393 3677 104 34 Guyton,
506 3682 44 25 and
563 3683 52 28 Co.,

48 3789 67 50 rtJ*v
128 3794 20 45 J
148 3795 16 24 h
162 3829 7 6 .
165 3801 60 20 eatre
243 3807 13 15 oPßnedo
258 3808 14 23 P
274 3802 57 23 Bned
348 3804 68 30 ag^n
433 3804 46 28 last
499 3808 65 31 night
577 3809 36 25 for
