4126 6023
76 4955 264 58 Lyell
393 4955 316 58 Times.

129 5064 207 35 SATURDAY,
357 5052 149 42 MARCH
513 5052 46 47 20,
574 5052 77 47 1886.

111 5149 59 28 The
184 5148 103 30 United
299 5149 98 36 Alpine
407 5154 108 25 returns
525 5152 42 28 for
576 5153 47 28 the
634 5155 74 28 week

75 5186 69 28 from
167 5186 97 37 plates,
288 5185 117 29 berdans
428 5188 55 27 and
506 5189 110 36 ripples,
639 5200 70 19 were

75 5225 108 29 4370/8.
197 5224 138 36 amalgam
348 5225 70 30 from
431 5226 52 30 200
504 5230 62 27 tons
586 5228 30 29 of
632 5234 76 25 stone

75 5269 52 32 put
137 5263 128 36 through.

111 5311 58 29 The
182 5310 129 31 tributors
324 5312 27 27 in
366 5312 46 28 the
426 5312 103 29 United
542 5313 75 39 Italy
635 5314 70 30 have

76 5350 178 30 commenced
267 5350 74 29 work
354 5360 36 20 on
404 5351 71 29 their
487 5352 108 38 portion
615 5354 30 29 of
662 5354 46 30 the

75 5390 84 28 mine.
195 5389 59 28 The
266 5398 65 19 men
344 5393 51 33 put
406 5399 36 19 on
455 5390 36 36 by
505 5391 46 28 the
572 5400 134 29 company

75 5426 70 32 have
174 5426 68 31 been
273 5427 122 38 engaged
424 5427 100 38 during
553 5429 48 30 the
633 5431 75 29 week

77 5468 146 38 procuring
234 5466 46 30 the
294 5478 143 27 necessary
449 5467 99 31 timber
560 5470 41 29 for
621 5472 87 28 winze

77 5506 55 29 and
145 5506 55 28 will
213 5510 67 24 start
293 5506 109 36 sinking
412 5512 65 23 next
488 5508 83 28 week.

112 5553 34 29 In
160 5553 46 29 the
219 5553 58 37 Tyr
288 5553 114 29 Connell
423 5553 37 30 all
482 5553 89 30 hands
595 5564 45 20 are
662 5566 30 19 en-

75 5591 87 37 gaged
174 5591 128 35 blocking
314 5595 48 24 out
372 5595 87 30 stone,
468 5592 55 28 and
535 5597 75 24 extra
619 5593 89 28 hands

76 5630 70 30 have
178 5630 68 29 been
274 5633 50 35 put
348 5639 36 20 on
404 5633 27 27 to
450 5630 98 30 extend
568 5631 46 30 the
633 5632 74 29 main

75 5669 68 28 level
156 5679 35 18 on
205 5669 47 28 the
266 5669 99 29 leader.
403 5670 57 28 The
470 5675 78 24 stone
561 5672 111 34 coming
680 5676 28 23 to

74 5716 77 30 grass
163 5706 78 29 looks
259 5706 172 37 remarkably
452 5706 70 35 well,
545 5708 55 28 and
621 5708 87 30 under

75 5747 47 29 the
152 5751 192 32 management
375 5746 31 29 of
438 5746 44 30 Mr
510 5746 76 30 John
618 5747 89 39 Kelly,

75 5785 156 38 operations
242 5785 28 30 in
284 5785 47 29 the
346 5786 73 28 mine
432 5795 45 19 are
499 5785 82 35 being
601 5787 105 28 carried

75 5830 48 26 out
153 5824 28 31 in
212 5835 15 20 a
257 5824 168 40 thoroughly
454 5825 158 40 systematic
653 5825 54 33 and

71 5866 171 36 expeditious
254 5875 123 19 manuer.

785 226 123 30 Another
937 228 105 37 change
1071 229 51 30 lias
1151 240 78 20 come
1254 232 57 29 into
1336 232 45 30 the

750 270 117 31 country
897 266 80 35 being
1007 278 70 23 gone
1110 270 116 33 through
1266 272 30 26 in
1335 273 46 26 the

752 303 132 33 Larnach,
899 305 46 28 the
964 315 64 19 men
1041 306 103 35 having
1157 312 56 24 met
1226 308 66 29 with
1314 309 67 29 slate

749 344 157 32 formation,
933 345 55 27 and
1007 345 45 29 the
1071 346 93 28 inflow
1183 348 29 27 of
1226 352 86 24 water
1330 349 50 27 has

749 382 103 29 ceased.
889 383 21 27 A
925 386 80 35 nasty
1018 384 121 28 accident
1153 386 127 28 occurred
1292 389 27 25 to
1329 396 50 19 one

748 421 30 29 of
804 422 46 28 the
881 431 63 19 men
975 424 98 28 named
1103 423 76 29 John
1205 425 115 29 Roberts
1345 437 34 18 011

747 459 144 35 Thursday
908 461 87 31 night,
1018 471 16 18 a
1059 462 73 34 piece
1157 463 30 26 of
1208 464 66 26 slate
1300 473 77 19 came

747 506 77 28 away
839 497 71 28 from
929 497 44 29 the
993 498 63 36 pick
1078 499 53 28 and
1159 498 92 30 struck
1273 500 59 29 him
1350 502 28 27 in

746 534 47 30 the
805 545 57 27 eye,
877 536 166 36 fortunately
1056 536 116 30 without
1191 538 114 34 causing
1322 548 54 27 any

746 575 101 29 serious
860 575 91 36 injury
972 578 28 26 to
1022 575 47 30 the
1091 576 133 38 eyesight,
1247 577 55 29 and
1324 578 54 29 will

746 614 159 28 necessitate
931 615 134 28 cessation
1095 616 71 28 from
1194 616 75 28 work
1294 617 43 28 for
1362 628 16 18 a

746 652 95 36 couple
854 652 31 27 of
892 652 88 28 shifts.

780 699 98 36 Owing
889 701 28 26 to
930 698 46 29 the
993 698 176 31 unfavorable
1191 703 70 26 state
1282 701 31 28 of
1331 701 47 28 the

746 738 120 29 wenthar
878 748 35 18 on
928 738 31 28 St
969 737 132 29 Patrick's
1110 738 71 37 Day,
1192 739 46 29 the
1249 740 128 28 stewards

746 776 30 29 of
785 776 47 30 the
844 776 111 29 Central
970 776 94 28 Buller
1085 776 72 30 Race
1178 778 68 28 Club
1266 778 110 29 decided

747 818 28 25 to
798 818 132 33 postpone
949 814 47 29 the
1014 815 122 36 meeting
1153 816 72 28 until
1245 816 131 36 Monday,

745 852 46 30 the
805 852 64 30 12th
882 852 87 39 April.

781 902 43 29 Mr
837 902 152 34 O'Connor,
1002 901 68 29 M.IT
1086 902 32 28 R.
1138 902 42 28 for
1200 902 103 32 Buller,
1327 903 50 29 has

745 940 67 29 been
837 940 146 28 successful
1007 941 27 28 in
1060 940 141 35 obtaining
1222 951 16 18 a
1264 950 62 19 sum
1351 943 28 27 of

747 980 72 27 £i)00
831 978 66 28 from
911 978 47 28 the
979 979 188 28 Government
1188 979 41 28 for
1248 978 46 29 the
1315 989 45 26 pur-

744 1027 65 26 pose
832 1016 30 30 of
882 1017 187 36 constructing
1092 1027 16 19 a
1132 1017 76 29 track
1233 1021 27 26 to
1285 1018 91 29 White

745 1054 89 29 Horse
847 1054 123 33 Terrace,
984 1055 173 28 Matakitaki.

780 1101 27 29 It
828 1101 24 30 is
873 1100 88 29 stated
983 1101 61 29 that
1063 1101 46 29 the
1134 1102 69 29 East
1223 1102 53 29 and
1299 1102 77 29 West

745 1140 83 29 Coast
861 1140 123 36 Railway
1014 1140 168 29 Guarontors
1212 1141 164 30 Committee

745 1178 69 29 have
821 1179 176 28 information
1004 1179 61 28 that
1070 1188 16 19 a
1093 1180 130 36 powerful
1233 1180 141 36 syndicate

744 1217 29 27 in
798 1216 116 28 London
934 1217 23 26 is
976 1218 28 26 in
1024 1220 90 32 treaty
1132 1218 65 26 with
1225 1218 46 28 the
1294 1220 59 26 Com-

745 1254 94 30 mittee
852 1253 54 31 and
925 1253 47 30 the
984 1254 189 30 Government
1185 1254 41 30 for
1246 1255 47 29 the
1312 1265 47 19 con-

745 1297 132 26 struction
908 1294 30 29 of
964 1293 47 29 the
1042 1294 64 28 line.
1150 1294 57 30 The
1237 1294 140 38 foregoing

744 1332 179 29 information
936 1333 23 28 is
969 1332 82 30 dated
1063 1333 203 35 Christchurch,
1281 1334 94 29 March

746 1371 74 29 16th.

779 1418 38 28 At
840 1417 47 30 the
910 1421 111 33 present
1042 1419 66 28 time
1131 1419 79 36 Lyell
1231 1420 24 28 is
1278 1420 96 29 visited

746 1455 65 30 with
823 1465 36 20 an
869 1455 132 38 epidemic
1011 1456 28 28 in
1050 1456 47 29 the
1108 1456 83 39 shape
1200 1458 30 28 of
1232 1457 145 38 whooping

746 1495 87 35 cough
847 1504 101 27 among
960 1494 47 31 the
1020 1495 133 36 children,
1166 1496 55 30 and
1239 1496 99 37 hardly
1360 1507 16 20 a

748 1533 98 36 family
861 1534 49 27 has
922 1534 116 35 escaped
1057 1535 47 27 the
1125 1536 148 28 visitation.
1318 1536 58 28 The

746 1571 104 28 disease
863 1571 23 28 is
899 1580 77 19 more
988 1571 184 37 disagreeable
1183 1573 67 28 than
1263 1573 96 33 danger-

746 1618 59 24 ous,
828 1613 94 33 except
943 1610 28 27 in
990 1609 47 29 the
1058 1619 60 19 case
1143 1610 30 29 of
1193 1620 67 27 very
1283 1621 94 27 young

746 1648 132 34 children,
899 1648 61 29 who
982 1657 46 20 are
1047 1648 100 29 unable
1172 1653 28 25 to
1224 1649 81 29 stand
1329 1649 47 30 the

745 1686 182 28 convulsions.
980 1686 58 28 The
1069 1688 162 27 attendance
1264 1692 29 24 at
1327 1688 47 29 the

746 1724 76 30 State
837 1724 99 29 School
948 1724 42 30 for
1011 1724 46 30 the
1077 1728 61 34 past
1158 1726 109 33 month,
1287 1727 90 35 owing

745 1765 29 26 to
786 1762 56 28 this
859 1771 89 23 cause,
969 1762 50 28 has
1034 1762 69 30 been
1122 1773 68 27 very
1209 1773 116 27 meagre,
1346 1774 30 19 as

745 1804 49 26 out
806 1800 31 29 of
845 1811 17 18 a
880 1801 50 28 roll
944 1801 32 29 of
984 1802 44 33 46,
1045 1801 66 36 only
1129 1802 40 28 six
1188 1811 70 21 were
1276 1802 60 29 able
1349 1806 28 26 to

744 1842 50 35 put
805 1839 30 28 in
847 1848 36 20 an
895 1848 167 29 appearance
1073 1849 37 20 on
1122 1849 75 21 some
1210 1841 148 29 occasions.

780 1887 45 29 Mr
847 1886 75 30 John
947 1888 118 33 Oxnam,
1089 1888 64 30 who
1174 1892 57 26 met
1252 1889 66 29 with
1341 1899 35 19 an

744 1925 124 29 accident
891 1930 29 23 at
944 1926 118 28 Newton
1085 1926 94 36 bridge
1204 1927 93 36 lately,
1320 1936 56 19 was

744 1963 139 38 conveyed
908 1968 28 25 to
961 1963 79 38 Lyell
1061 1964 52 30 last
1136 1964 122 39 Sunday,
1279 1965 56 30 and
1353 1966 24 28 is

744 2011 63 19 now
819 2002 88 28 under
919 2003 47 29 the
986 2007 150 26 treatment
1155 2006 27 26 of
1202 2004 42 28 Dr
1265 2005 111 29 Levien.

744 2039 59 30 The
826 2039 136 40 principal
985 2040 113 39 injuries
1121 2041 124 31 received
1269 2052 70 20 were
1361 2052 16 20 a

744 2089 92 19 severe
860 2078 90 31 bruise
974 2090 37 19 on
1035 2081 47 29 the
1101 2081 90 35 ankle,
1212 2080 46 32 the
1278 2091 51 28 cap
1351 2083 29 29 of

743 2116 71 29 knee
826 2117 148 38 displaced,
988 2118 47 29 the
1047 2122 54 25 two
1113 2119 56 28 ribs
1190 2121 71 28 close
1282 2124 28 25 to
1331 2121 46 27 the

744 2156 136 28 vertebrae
922 2156 134 38 violently
1091 2157 182 38 compressed,
1318 2158 56 30 and

743 2193 110 36 general
884 2194 93 36 injury
1006 2198 29 25 to
1064 2195 47 28 the
1149 2200 112 32 system.
1323 2197 54 27 His

743 2230 116 32 medical
884 2232 109 31 adviser
1018 2234 193 30 recommends
1243 2235 134 39 complete

742 2270 145 36 inactivity
898 2271 43 28 for
953 2272 76 28 three
1042 2273 89 27 week*
1143 2283 31 19 or
1186 2284 16 18 a
1218 2276 107 26 month.

776 2318 34 30 In
824 2327 49 21 our
884 2322 92 34 report
988 2319 31 30 of
1028 2318 46 32 the
1088 2320 175 38 proceedings
1280 2321 31 30 of
1329 2321 47 31 the

742 2356 149 37 Hampden
905 2358 147 35 Licensing
1065 2360 165 28 Committee
1241 2361 53 27 last
1304 2361 72 28 issue

741 2404 41 20 we
795 2395 174 37 erroneously
981 2395 89 29 stated
1083 2395 60 31 that
1164 2397 44 28 Mr
1229 2397 145 38 M'Gregor

742 2434 123 37 objected
883 2437 27 27 to
934 2434 48 30 the
1005 2436 129 35 granting
1158 2437 30 29 of
1209 2436 115 30 licenses
1348 2441 28 27 to

741 2473 238 28 accommodation
992 2473 84 29 house
1088 2474 113 37 keepers
1219 2476 108 27 instead
1348 2477 30 27 of

741 2510 136 38 objecting
902 2513 29 27 to
948 2511 47 29 the
1014 2512 128 36 granting
1160 2512 30 31 of
1205 2513 168 30 conditional

741 2549 115 30 licenses
894 2553 28 26 to
957 2559 107 21 owners
1101 2551 30 30 of
1164 2553 210 30 accomodation

742 2589 107 29 houses.

775 2636 51 28 We
844 2636 69 29 have
934 2635 122 30 received
1075 2646 53 27 per,
1141 2638 76 28 favor
1234 2639 31 27 of
1280 2639 45 28 Mr
1343 2640 30 29 C.

741 2673 115 33 Neville,
866 2674 48 29 the
925 2675 115 29 Newton
1051 2675 64 30 Flat
1122 2676 45 29 list
1175 2677 31 28 of
1208 2677 167 30 subscribers

740 2717 29 26 to
778 2713 79 37 Lyell
865 2713 116 30 District
986 2714 129 38 Horpital
1122 2715 82 30 Fund
1211 2717 163 37 amounting

741 2755 28 24 to
785 2752 54 28 i!ls
859 2753 30 26 5s
913 2752 44 27 6d.
1005 2753 58 28 The
1085 2753 46 28 list
1155 2753 31 29 of
1206 2755 165 29 subscribers

741 2789 57 30 will
811 2798 102 30 appear
924 2790 29 29 iu
966 2798 50 21 our
1028 2795 64 25 next
1105 2792 82 29 issue.

776 2828 58 30 Our
863 2829 103 29 Nelson
978 2828 3 39 .
995 2830 213 37 correspondent

743 2866 91 28 writes
845 2869 29 25 to
886 2866 48 29 the
947 2867 131 29 Motueka
1091 2868 104 29 Herald
1209 2879 30 18 as
1253 2870 121 29 follows:

743 2903 70 29 —ln
833 2903 61 30 well
913 2904 139 36 regulated
1073 2905 103 37 society
1197 2906 76 30 there
1295 2908 24 28 is
1340 2917 36 19 no

743 2943 84 28 crime
840 2952 30 19 so
883 2942 136 38 irritating
1030 2953 31 19 as
1082 2948 77 33 petty
1178 2944 120 39 larceny.
1341 2947 35 28 In

743 2980 138 30 literature
894 2990 71 19 none
978 2982 29 27 in
1019 2982 68 28 such
1102 2983 51 28 bad
1166 2983 69 29 form
1258 2994 29 19 as
1310 2985 52 37 clip-

742 3020 67 36 ping
843 3020 168 36 paragraphs
1046 3021 73 29 foom
1164 3030 210 29 contemporary

738 3058 125 36 journals
870 3058 115 29 without
994 3058 223 38 acknowledging
1226 3061 47 28 the
1282 3071 94 19 source

741 3096 31 30 of
792 3096 187 30 information.
1026 3097 60 29 The
1146 3098 65 38 Slop
1236 3099 105 30 Bucket

741 3135 88 29 revels
840 3134 31 30 in
885 3135 107 38 getting
1010 3135 66 31 hold
1098 3137 27 29 of
1143 3141 77 26 outre
1242 3139 134 34 murders,

741 3173 127 34 suicides,
880 3174 56 28 and
953 3174 169 37 elopements
1144 3176 42 28 for
1207 3177 47 27 the
1275 3177 101 29 benefit

739 3211 32 31 of
776 3211 78 32 those
863 3211 110 31 readers
979 3213 63 29 who
1049 3213 104 36 delight
1159 3214 28 30 in
1193 3214 47 30 the
1247 3214 129 37 horrible,

739 3251 56 28 and
808 3251 157 29 sometimes
978 3252 36 36 by
1026 3253 115 29 mistake
1152 3254 67 37 clips
1228 3263 17 20 a
1259 3255 116 29 sensible

738 3292 104 27 extract
854 3289 71 30 from
938 3289 79 30 other
1028 3300 106 27 papers,
1146 3291 52 30 but
1209 3301 84 19 never
1302 3293 75 37 gives

739 3329 47 29 the
798 3329 97 35 origin.
939 3329 39 29 As
997 3339 35 19 an
1052 3329 124 32 instance
1199 3341 30 20 in
1254 3332 79 37 point
1357 3332 15 29 I

739 3367 56 28 will
814 3366 63 29 take
896 3367 54 28 last
971 3367 150 37 Tuesday's
1141 3370 73 28 issue
1235 3371 30 26 in
1286 3371 90 28 which

738 3404 88 30 under
840 3404 47 31 the
907 3404 76 38 guise
1004 3405 31 30 of
1052 3416 17 19 a
1091 3406 88 36 letter,
1200 3408 91 29 which
1310 3409 66 37 they

739 3444 117 36 vaguely
878 3444 140 29 described
1041 3455 31 18 as
1094 3446 82 37 being
1199 3447 83 28 taken
1303 3448 71 29 from

771 3491 15 19 a
800 3482 75 29 West
889 3482 82 29 Coast
1122 3484 67 36 they
1210 3486 77 36 cooly
1308 3486 68 28 stole

740 3529 16 20 a
769 3529 42 29 pa;
819 3520 103 37 agrapli
934 3520 71 29 from
1019 3531 48 28 my
1077 3522 106 37 weekly
1192 3524 184 29 contribution

741 3563 28 26 to
781 3559 47 30 the
845 3559 79 38 Lyell
944 3559 102 31 Times.
1090 3561 59 30 The
1167 3562 98 30 Editor
1284 3564 31 29 of
1330 3563 46 30 the

772 3599 67 37 Slop
1025 3609 66 29 may
1112 3602 160 37 innocently
1294 3602 82 37 plead

740 3637 146 38 ignorance
901 3638 30 29 of
943 3639 172 36 journalistic
1136 3641 140 36 etiquette,
1290 3641 48 29 but
1360 3641 16 29 I

740 3686 68 28 gave
821 3677 60 28 him
894 3677 85 28 credit
992 3678 41 28 for
1054 3678 103 38 having
1178 3689 16 18 a
1215 3680 87 28 better
1320 3680 40 28 dis-

741 3715 173 30 crimination
927 3725 30 20 as
970 3719 28 26 to
1010 3715 48 31 the
1067 3721 106 26 custom
1183 3718 192 38 appertaining

741 3757 28 24 to
783 3754 45 27 the
838 3754 68 27 laws
918 3754 30 27 of
957 3763 91 19 meum
1062 3755 55 28 and
1126 3759 80 24 tuum
1216 3757 30 27 in
1252 3757 106 35 journal-

739 3791 54 30 ism
806 3790 68 31 than
887 3790 69 31 that.
992 3792 25 30 A
1065 3793 75 30 West
1164 3794 82 29 Coast
1266 3803 84 30 paper

739 3841 66 26 may
818 3841 82 18 mean
913 3841 54 26 any
979 3841 49 24 rag
1040 3832 144 36 published
1195 3834 121 28 between
1329 3834 47 29 the

743 3868 87 28 North
844 3868 73 37 Cape
930 3868 54 28 and
998 3870 186 35 Invercargill,
1198 3881 28 19 so
1240 3872 46 28 the
1306 3872 55 28 indi-

741 3907 92 29 cation
845 3907 80 37 given
939 3917 56 20 was
1007 3917 35 20 no
1055 3908 90 35 guide,
1183 3909 104 29 Should
1308 3910 66 29 such

741 3954 35 19 an
807 3946 122 27 instance
959 3946 31 27 of
1017 3947 88 28 moral
1129 3948 139 35 turpitude
1293 3949 81 34 again

741 3983 110 39 happen
864 3983 14 28 I
892 3982 72 31 shall
978 3983 30 30 be
1028 3985 151 37 compelled
1199 3989 28 26 to
1249 3985 125 30 abandon

741 4032 49 28 my
802 4022 79 30 usual
902 4022 154 38 amiability
1075 4024 55 29 and
1151 4024 100 38 mildly
1273 4028 103 34 protest

741 4061 107 34 against
861 4061 47 28 the
920 4063 228 28 unceremonious
1160 4064 176 36 proceedings
1349 4065 30 28 of

740 4098 47 28 the
799 4099 118 35 premier
925 4099 111 36 journal
1049 4100 30 28 of
1086 4100 46 28 the
1143 4102 136 34 province.
1316 4102 58 28 The

741 4136 57 39 slop
811 4135 99 31 bucket
920 4136 25 30 is
953 4137 75 38 quite
1040 4137 131 30 welcome
1185 4142 27 26 to
1225 4139 54 37 clip
1300 4139 76 30 what

741 4175 35 29 he
788 4175 68 29 likes
868 4176 71 28 from
952 4185 49 27 my
1011 4177 229 36 correspondence
1252 4187 6 24 ;
1277 4179 22 28 it
1309 4189 65 26 may

741 4223 77 21 serve
829 4216 29 27 to
870 4213 141 38 enlighten
1023 4214 43 30 his
1079 4215 117 36 readers,
1209 4216 56 30 and
1275 4221 28 25 to
1312 4216 62 38 give

741 4253 59 28 him
815 4263 35 18 an
872 4253 104 35 insight
997 4255 58 27 into
1076 4255 46 27 the
1145 4256 183 28 construction
1350 4256 29 28 of

741 4291 46 29 the
796 4290 118 38 English
924 4290 143 38 language,
1076 4291 49 30 but
1134 4292 14 29 I
1157 4292 68 30 have
1234 4303 15 19 a
1256 4296 120 34 parent's

741 4329 142 30 solicitude
892 4329 42 30 for
946 4340 48 27 my
1009 4330 132 38 offspring
1162 4333 54 28 and
1238 4333 88 37 object
1345 4336 28 26 to

741 4368 103 36 having
854 4368 47 30 the
910 4369 116 37 product
1035 4369 31 30 of
1070 4379 49 28 my
1129 4370 131 38 thoughts
1269 4371 104 31 diluted

741 4408 66 29 with
819 4408 44 29 his
875 4408 98 29 humid
985 4408 84 29 ideas.
1100 4409 71 29 Verb
1184 4420 59 27 sap.

775 4446 236 35 Complimentary
1040 4447 113 35 railway
1183 4457 92 24 passes
1305 4458 69 19 were

741 4482 82 36 given
847 4483 36 36 by
906 4483 48 29 the
978 4483 189 31 Government
1191 4489 28 27 to
1244 4486 129 29 Cardinal

743 4521 97 28 Moran
853 4521 55 28 and
921 4521 104 36 Bishop
1035 4522 97 35 Barry.

776 4559 177 34 Parliament,
979 4559 89 30 which
1094 4563 28 26 at
1146 4564 109 33 present
1279 4561 95 30 stands

741 4597 152 37 prorouged
906 4601 28 24 to
949 4597 95 29 March
1059 4599 41 33 15,
1113 4600 56 27 will
1188 4599 31 29 be
1233 4601 86 28 called
1333 4604 26 26 to-

741 4635 96 35 gether
848 4635 75 37 early
936 4635 28 28 in
979 4636 76 36 May,
1067 4637 130 36 provided
1214 4637 77 30 there
1303 4639 23 28 is
1339 4648 36 19 no

742 4672 171 30 dissolution.

776 4711 89 30 There
889 4711 24 29 is
934 4715 30 26 at
982 4715 109 34 present
1112 4722 17 20 a
1146 4714 81 29 small
1249 4715 64 28 rash
1340 4724 34 20 on

742 4751 122 30 between
905 4751 165 37 Barrytown
1110 4753 54 28 ancl
1208 4754 166 29 Razorback.

742 4790 91 27 There
863 4790 23 27 is
910 4798 36 19 no
981 4790 84 28 doubt
1089 4800 30 18 as
1145 4795 26 24 to
1202 4793 47 26 the
1279 4793 97 35 highly

742 4826 150 30 auriferous
914 4826 141 30 character
1067 4828 31 28 of
1114 4827 46 30 the
1173 4832 126 34 country,
1317 4830 56 28 and

742 4866 77 29 there
839 4865 24 29 is
883 4865 133 30 therefore
1030 4876 15 19 a
1058 4867 163 37 probability
1239 4868 31 29 of
1285 4878 69 19 some-

741 4904 80 38 thing
841 4904 70 37 good
924 4904 80 37 being
1023 4905 101 29 struck.
1161 4906 29 28 If
1204 4906 61 29 that
1276 4907 98 29 should

741 4944 94 33 result,
856 4944 23 28 it
899 4943 80 29 could
1000 4948 49 25 not
1071 4944 110 38 happen
1204 4950 29 24 at
1254 4955 16 19 a
1289 4946 87 29 better

743 4981 76 29 time.

776 5019 58 30 The
849 5019 139 38 Westport
1002 5020 64 29 Star
1079 5021 30 28 of
1117 5021 63 29 15th
1194 5021 55 29 inst
1261 5030 115 28 says:—

742 5058 50 29 We
805 5058 168 33 understand
986 5059 60 29 that
1059 5059 23 28 if
1098 5069 35 20 an
1145 5060 78 29 effort
1241 5061 24 28 is
1282 5060 90 35 made,

742 5096 142 38 profitable
901 5097 75 30 work
989 5106 51 21 can
1059 5097 32 30 be
1104 5099 84 28 found
1201 5103 29 24 at
1248 5109 67 19 once
1333 5100 42 28 for

743 5146 75 19 some
837 5136 61 38 fifty
927 5146 66 21 men
1015 5141 29 26 at
1067 5138 46 29 the
1137 5139 71 37 Cape
1229 5139 144 29 Foulwind

743 5174 115 35 Quarry.
894 5175 58 27 The
978 5176 123 28 Member
1124 5177 42 27 for
1190 5179 47 26 the
1261 5178 114 27 District

743 5221 62 27 says
825 5211 46 33 he.
881 5212 55 28 will
955 5216 50 33 put
1026 5213 84 29 about
1129 5215 90 27 £4OOO
1239 5214 88 29 worth
1348 5214 30 28 of

743 5251 109 38 County
864 5250 75 30 work
952 5251 29 29 in
993 5251 74 29 hand
1080 5251 123 40 directly.
1239 5253 44 38 By
1295 5253 77 31 these

743 5289 55 28 and
819 5289 78 29 other
909 5299 96 19 means
1017 5300 41 19 we
1070 5291 70 36 hope
1154 5296 27 24 to
1203 5302 44 18 see
1261 5293 46 29 the
1325 5302 33 18 un-

743 5327 143 37 employed
905 5327 141 35 absorbed,
1066 5329 55 28 and
1145 5339 30 19 so
1195 5339 112 26 remoye
1327 5331 47 27 the

743 5374 80 21 cause
835 5366 42 29 for
889 5367 150 37 complaint
1051 5367 61 31 that
1122 5369 24 28 is
1159 5373 116 25 current.

778 5404 58 28 The
849 5405 127 30 Minister
988 5405 32 29 of
1026 5406 120 29 Defence
1159 5407 59 33 has,
1237 5408 68 27 after
1326 5407 48 30 full

744 5442 207 36 consideration,
964 5442 111 31 decided
1089 5447 28 27 to
1130 5445 93 29 confer
1240 5445 46 30 the
1308 5446 66 29 New

745 5482 119 30 Zealand
876 5493 73 20 cross
961 5493 36 20 on
1007 5484 236 30 Lieutenant-Col.
1254 5485 122 32 Thomas

745 5520 169 34 M'Donnell,
927 5522 32 26 of
967 5522 47 28 the
1031 5523 67 27 New
1120 5524 120 28 Zealand
1266 5525 108 27 Militia.

745 5558 55 33 Col,
815 5559 182 29 M'Donnell's
1018 5560 106 37 gallant
1144 5560 117 30 conduct
1278 5561 98 36 during

744 5596 46 27 the
805 5597 86 27 Maori
904 5606 56 19 war
972 5607 37 18 on
1023 5599 45 27 the
1082 5599 77 27 West
1171 5600 83 27 Coast
1268 5600 66 28 lives
1347 5601 28 27 in

745 5633 45 30 the
802 5634 172 30 recollection
988 5635 30 30 of
1028 5635 37 30 all
1084 5635 45 30 old
1149 5636 106 29 settlers
1277 5637 28 28 in
1329 5638 46 28 the

744 5673 107 35 colony,
864 5674 55 27 and
931 5684 75 19 some
1019 5675 30 28 of
1060 5675 45 28 the
1122 5675 96 28 earlier
1237 5676 137 29 instances

743 5710 29 28 in
790 5710 89 28 wliich
899 5711 35 28 he
956 5712 197 32 distinguished
1174 5713 113 28 himself
1302 5724 70 17 were

743 5748 83 30 borne
850 5749 149 38 testimony
1023 5755 28 25 to
1077 5750 35 37 by
1134 5751 130 30 Generals
1286 5752 88 31 Chute

743 5788 54 28 and
810 5788 145 33 Cameron,
967 5788 88 28 under
1072 5790 90 28 whom
1183 5790 46 29 the
1252 5792 123 28 Colonial

743 5826 94 36 forces,
861 5826 181 32 commanded
1063 5826 36 40 by
1122 5828 58 30 Col.
1205 5829 169 36 M'Donnell,

742 5877 70 20 were
827 5868 116 36 serving.

1397 227 7 27 '
1452 232 58 29 The
1540 232 166 34 Wellington
1737 234 211 38 correspondent
1979 235 30 29 of
2035 244 16 19 a

1398 266 4 48 [
1417 273 131 26 southern
1573 282 84 26 paper
1680 274 136 27 furnishes
1841 274 46 27 the
1911 275 140 35 following

1416 310 69 28 facts
1497 309 145 38 regarding
1654 310 47 30 the
1715 311 52 29 last
1781 315 45 25 ten
1845 312 122 28 months'
1986 304 50 37 rail-

1416 357 60 27 way
1485 358 117 19 revenue
1609 351 217 28 returns:—One
1833 351 108 28 curious
1947 352 102 28 feature

1415 386 23 28 is
1451 387 61 28 that
1525 387 46 28 the
1585 387 124 29 decrease
1722 388 28 28 in
1764 389 45 28 the
1821 390 115 37 receipts
1949 390 99 28 almost

1416 427 106 35 exactly
1553 427 124 29 balances
1708 428 45 29 the
1785 428 125 30 decrease
1944 430 29 28 in
2005 439 28 19 ex-

1416 465 149 34 penditure,
1589 466 63 27 thus
1665 467 109 33 leaving
1786 477 15 17 a
1815 472 59 23 nett
1894 468 81 35 profit
1991 468 58 35 just

1415 501 81 28 about
1510 501 46 29 the
1569 512 76 18 same
1654 513 29 18 as
1696 505 50 27 last
1754 514 74 25 year.
1865 505 57 27 The
1933 505 114 36 mileage

1414 548 70 27 open
1506 548 31 22 is,
1558 540 133 35 however,
1705 543 33 26 33
1751 543 78 27 miles
1845 543 103 33 longer,
1967 542 80 36 being

1414 586 61 20 now
1499 579 67 29 1503
1585 580 86 29 miles.
1708 580 58 29 The
1785 581 67 28 total
1871 581 115 37 receipts
2007 582 40 29 for

1416 617 31 27 10
1473 618 111 28 months
1609 619 149 29 amounted
1784 620 145 35 £864,135,
1957 620 87 30 which

1413 655 23 26 is
1450 655 82 28 about
1555 656 90 28 £SOOO
1666 657 52 28 less
1732 658 66 27 than
1812 658 42 28 for
1876 658 46 28 the
1945 668 85 20 corres-

1413 693 122 35 ponding
1549 695 32 26 10
1595 694 111 28 months
1719 695 31 27 of
1758 696 47 27 the
1826 695 127 37 previous
1971 705 73 27 year.

1413 731 58 29 The
1484 731 123 37 working
1619 743 131 27 expenses
1758 734 131 29 absorbed
1901 736 143 33 £774,997,

1414 769 88 29 which
1523 770 58 29 also
1594 771 23 28 is
1630 772 82 28 about
1727 773 91 28 .£SOOO
1836 773 53 28 less
1907 773 67 29 than
1999 775 45 28 the

1412 812 116 23 amount
1548 809 41 27 for
1608 810 46 27 the
1677 810 59 28 first
1759 812 32 27 10
1811 811 111 28 months
1944 813 30 28 of
1993 813 51 28 last

1412 854 74 27 year,
1508 848 197 36 consequently
1718 848 47 27 the
1787 849 69 28 ratio
1870 850 30 27 of
1913 851 112 35 expendi-

1412 888 59 25 ture
1491 888 27 25 to
1539 893 117 22 revenue
1677 886 24 30 is
1714 886 154 38 practically
1885 888 159 35 indentical,

1413 923 62 33 viz.,
1496 924 34 27 G6
1550 933 48 27 per
1616 928 82 30 cent.,
1717 925 55 29 and
1794 926 65 34 also,
1882 936 29 19 as
1934 928 110 37 already

1412 961 96 33 stated,
1523 961 46 28 the
1582 966 59 24 nett
1653 964 81 35 profit
1747 964 30 28 of
1796 964 45 28 the
1856 965 86 28 traffic
1955 966 89 28 shows

1412 1008 15 17 a
1440 999 185 28 considerable
1638 1001 121 29 increase
1772 1002 29 27 in
1814 1003 36 27 all
1870 1003 107 33 classes,
1997 1004 45 28 the

1411 1037 147 35 respective
1588 1039 134 28 increases
1751 1039 82 36 being
1862 1051 30 18 as
1921 1041 121 30 follows:

1413 1076 112 30 122,290
1561 1084 76 19 more
1673 1086 169 26 passengers,
1879 1081 51 26 180
1967 1089 76 19 more

1411 1112 111 37 parcels,
1544 1114 56 32 &c.,
1613 1114 96 34 75,438
1722 1124 75 19 more
1815 1116 53 28 live
1891 1116 85 34 stock,
1990 1118 53 28 and

1411 1153 95 31 55,996
1536 1154 62 26 tons
1628 1162 75 20 more
1733 1154 93 34 goods.
1863 1155 58 29 The
1953 1156 89 29 North

1412 1190 94 28 Island
1532 1191 127 36 railways
1684 1192 106 37 display
1814 1203 37 19 an
1872 1195 120 29 increase
2018 1197 29 28 of

1412 1229 119 30 £32,000
1556 1229 27 26 in
1609 1229 122 36 receipts,
1756 1231 48 27 the
1835 1232 88 27 South
1949 1233 94 27 Island

1411 1264 69 30 lines
1492 1274 16 20 a
1520 1264 96 39 falling
1626 1265 40 30 off
1675 1267 30 29 of
1715 1268 38 29 £3
1760 1269 82 33 /,000.
1878 1269 108 38 Taking
1999 1270 45 30 the

1411 1304 152 29 individual
1576 1306 127 35 sections,
1717 1307 66 38 they
1795 1308 61 34 give
1876 1308 46 30 the
1941 1309 87 31 follow-

1411 1343 48 35 ing
1482 1343 98 28 results
1591 1352 6 20 :
1622 1345 344 31 Increases—Kawakawa
1990 1350 52 27 and

1412 1382 174 36 Whangarei,
1607 1384 108 34 £1000;
1734 1385 152 35 Auckland,
1911 1387 133 33 £15,000;

1413 1420 111 35 Napier,
1567 1423 106 30 £'9000;
1719 1422 177 37 Wellington,
1936 1426 106 28 £7000:

1412 1457 166 37 Wanganui,
1621 1460 111 33 £1000;
1776 1461 172 37 Greyinouth
1992 1464 52 27 and

1412 1496 146 38 Westport,
1601 1497 67 30 each
1711 1499 99 29 £*3ooo.
1863 1500 182 31 Decreases—

1412 1536 226 34 Hurumn-Bluff,
1654 1538 134 33 £44,000;
1808 1539 105 34 Picton,
1928 1541 81 29 £3OO.

1445 1581 59 29 The
1515 1581 76 29 three
1605 1582 111 29 Musket
1725 1584 77 34 colts,
1812 1584 130 35 Trenton,
1953 1586 73 29 Thun-

1411 1619 114 34 derbolt,
1539 1620 55 28 and
1608 1621 189 34 Nordenfeldt,
1811 1622 70 29 have
1896 1624 103 29 started
2016 1625 28 28 in

1413 1659 32 27 15
1461 1667 84 24 races,
1565 1658 30 28 in
1614 1658 91 30 which
1730 1660 67 37 they
1820 1660 71 30 have
1915 1671 63 21 won
2003 1665 41 28 13.

1411 1696 57 28 The
1482 1700 53 24 two
1547 1706 76 18 races
1635 1698 54 28 lost
1701 1708 68 18 were
1779 1699 47 28 the
1838 1699 129 29 Dunedin
1978 1701 67 37 Cup,

1411 1734 29 28 in
1449 1734 88 29 which
1546 1735 120 28 Trenton
1678 1744 49 20 ran
1739 1737 101 27 second
1850 1741 28 25 to
1887 1738 158 37 Vanguard,

1412 1772 53 28 and
1480 1773 46 27 the
1544 1773 193 38 Hawkesbury
1758 1775 130 34 Guineas,
1906 1777 28 28 in
1955 1778 90 29 which

1412 1810 180 30 Nordenfeldt
1602 1821 56 19 was
1668 1812 47 29 left
1723 1816 29 26 at
1760 1813 46 30 the
1818 1817 69 33 post.
1924 1815 104 31 Norden-

1411 1848 67 30 feldt
1491 1849 50 29 has
1553 1859 61 20 won
1628 1850 53 29 five
1694 1860 76 20 races
1782 1855 48 26 out
1842 1853 31 28 of
1891 1854 50 34 six,
1963 1855 65 29 Tren-

1412 1892 48 26 ton
1473 1888 76 30 three
1562 1891 47 27 out
1621 1888 31 31 of
1660 1889 71 36 four,
1743 1890 92 31 whilst
1856 1891 189 33 Thunderbolt

1412 1926 80 28 holds
1505 1937 36 17 an
1553 1927 138 29 unbeaten
1704 1930 157 34 certificate,
1872 1931 102 37 having
1984 1943 61 18 won

1411 1964 38 29 all
1461 1964 47 29 the
1520 1964 54 30 five
1586 1965 35 29 he
1636 1966 104 29 started
1755 1967 50 28 for.

1447 2012 103 29 Messrs
1562 2013 144 30 Wbitaker
1724 2015 55 28 and
1798 2015 107 30 Russell
1924 2017 70 30 have
2007 2028 26 20 re-

1413 2050 92 29 ceived
1518 2060 16 19 a
1547 2051 154 37 cablegram
1710 2055 175 36 announcing
1893 2056 61 29 that
1964 2057 28 28 in
2001 2057 46 29 the

1412 2100 61 19 case
1497 2091 30 28 of
1548 2091 89 36 Bryce
1659 2101 26 20 v.
1708 2092 112 30 Rusden
1840 2094 42 29 for
1902 2095 74 36 libel,
2000 2097 48 29 the

1412 2129 84 27 Court
1510 2129 127 29 awarded
1649 2130 123 36 plaintiff
1785 2133 91 27 £SOOO
1889 2133 139 36 damages.

1448 2175 44 28 Mr
1511 2176 34 29 G.
1566 2176 31 29 C.
1620 2177 136 29 Bowman
1781 2178 51 29 has
1852 2180 126 36 resigned
2000 2182 46 29 the

1412 2214 193 37 appointment
1629 2215 30 28 of
1680 2215 72 38 legal
1781 2226 132 28 manager
1942 2219 31 27 of
2001 2220 46 28 the

1413 2252 199 37 Keep-it-Dark
1635 2253 153 39 Company,
1810 2256 55 29 and
1887 2256 45 30 Mr
1950 2257 43 31 W.
2018 2258 27 30 J.

1413 2291 173 28 Hindmarsh
1608 2292 49 27 has
1675 2293 68 28 been
1763 2295 149 35 appointed
1925 2300 102 33 tempor-

1412 2329 70 37 arily
1495 2332 28 27 to
1536 2328 47 31 the
1597 2330 85 30 office.

1445 2377 60 28 The
1536 2379 68 27 New
1629 2379 121 28 Zealand
1780 2381 188 29 Government
1997 2393 32 19 an-

1411 2424 107 21 nounce
1541 2414 29 31 in
1594 2415 93 31 Home
1712 2426 98 30 papers
1829 2419 62 29 that
1910 2419 67 39 they
2000 2431 46 21 are

1411 2456 130 35 prepared
1564 2459 27 26 to
1614 2458 136 28 entertain
1773 2458 181 37 applications
1974 2460 70 30 from

1412 2493 127 28 Farmers
1559 2493 55 28 and
1635 2495 208 35 Agriculturists
1867 2497 43 28 for
1930 2500 115 28 assisted

1411 2540 128 28 passages
1553 2537 27 23 to
1600 2532 67 29 New
1685 2533 122 29 Zealand
1826 2535 67 29 with
1906 2545 17 19 a
1937 2537 68 29 view
2019 2542 27 25 to

1411 2570 73 29 their
1496 2570 96 37 taking
1612 2580 37 28 up
1662 2572 55 29 and
1736 2573 111 38 settling
1860 2584 36 19 on
1916 2575 46 30 the
1981 2576 65 31 land

1412 2608 85 30 there.

1446 2657 24 28 A
1492 2657 161 29 Melbourne
1673 2660 213 36 correspondent
1906 2662 93 29 writes
2018 2664 30 28 of

1412 2695 96 35 Cooks,
1531 2695 46 30 the
1598 2705 129 29 manager
1745 2698 31 29 of
1794 2698 47 30 the
1864 2700 87 29 South
1974 2701 53 30 Aus-

1413 2736 78 28 tralia
1513 2735 90 33 Bank,
1625 2736 62 29 that
1706 2737 35 28 he
1763 2737 55 30 had
1842 2739 165 31 established
2028 2751 17 19 a

1411 2774 156 35 reputation
1580 2777 27 24 ot
1619 2774 81 34 being
1712 2784 36 18 an
1761 2779 76 25 extra
1847 2777 96 36 steady
1952 2787 93 27 young

1412 2821 66 19 man
1490 2811 67 29 with
1570 2815 94 34 strong
1675 2813 127 37 religious
1815 2815 166 36 tendencies,
1990 2817 55 30 and

1412 2860 55 18 was
1480 2860 16 18 a
1509 2850 200 37 distinguished
1731 2857 98 31 patron
1848 2854 30 28 of
1892 2864 17 19 a
1932 2855 113 37 Sunday

1412 2888 101 27 school.
1550 2888 57 28 The
1621 2889 80 27 mode
1714 2890 28 26 in
1761 2890 88 28 which
1870 2892 35 27 he
1927 2892 128 36 brought'

1412 2925 115 29 disaster
1538 2935 36 19 on
1588 2925 45 29 the
1647 2927 81 27 Bank
1740 2928 24 28 is
1776 2929 137 36 supposed
1934 2934 28 25 to
1975 2930 69 30 have

1412 2964 68 29 been
1494 2963 37 37 by
1543 2966 130 34 granting
1684 2966 74 36 large
1778 2967 149 30 overdrafts
1940 2972 27 25 to
1980 2971 64 27 nine

1412 3002 202 29 friends—men
1650 3003 31 29 of
1707 3008 83 25 straw
1791 3006 97 28 —who
1923 3008 121 36 engaged

1412 3041 103 36 largely
1528 3041 29 28 in
1569 3041 108 37 mining
1699 3043 184 36 speculations
1896 3046 54 27 and
1964 3047 81 28 made

1412 3087 61 28 way
1487 3079 66 28 with
1567 3080 136 32 £170,000
1715 3080 30 29 of
1759 3081 46 28 the
1819 3082 103 30 Bank's
1934 3093 110 28 money.

1412 3117 58 29 The
1491 3126 96 20 names
1609 3118 31 29 of
1649 3118 46 30 the
1713 3120 65 28 nine
1797 3121 156 36 gentlemen
1974 3123 70 30 have

1412 3156 68 28 been
1493 3157 131 36 carefully
1636 3157 143 36 withheld,
1799 3161 246 37 notwithstanding

1412 3204 16 18 a
1441 3194 170 28 determined
1632 3196 79 28 effort
1729 3196 78 29 made
1826 3198 37 36 by
1884 3199 47 28 the
1953 3200 75 29 share-

1413 3233 108 30 holders
1534 3237 28 26 to
1575 3233 70 30 have
1659 3234 77 30 them
1748 3236 135 30 revealed.
1920 3237 87 31 There
2020 3239 24 29 is

1412 3272 55 28 still
1482 3282 15 18 a
1510 3277 95 29 strong
1625 3273 121 28 demand
1759 3275 80 29 made
1858 3281 27 23 to
1905 3276 70 30 have
1997 3278 46 28 the

1412 3319 96 20 names
1529 3310 154 38 published,
1705 3311 115 30 because
1839 3316 29 27 at
1889 3319 109 33 present
2011 3316 33 28 50

1412 3349 110 37 leading
1542 3351 174 28 commercial
1729 3353 95 35 people
1842 3363 46 19 are
1907 3354 136 38 subjected

1412 3390 28 25 to
1452 3396 82 26 grave
1547 3388 160 29 discomfort
1720 3389 118 36 through
1852 3391 81 37 being
1945 3393 101 29 named

1412 3435 30 20 as
1456 3426 137 30 members
1606 3427 31 29 of
1647 3427 45 29 the
1705 3428 141 36 syndicate
1856 3429 31 30 of
1896 3432 72 28 nine.

1447 3473 75 36 Very
1543 3474 110 36 general
1674 3475 180 34 gratification
1868 3478 56 28 will
1945 3478 33 28 be
1998 3478 48 30 felt

1413 3511 168 34 throughout
1594 3513 47 28 the
1654 3513 98 36 colony
1766 3519 28 23 at
1807 3515 46 28 the
1866 3525 75 19 news
1954 3517 62 28 that
2030 3527 15 19 a

1415 3551 66 28 New
1503 3551 120 29 Zealand
1646 3551 65 30 bred
1735 3552 80 30 horse
1839 3554 50 30 has
1913 3564 61 20 won
1999 3556 47 30 the

1414 3589 155 38 Champion
1589 3590 105 30 Stakes.
1731 3592 57 29 The
1808 3593 76 30 Hon.
1907 3595 27 28 J.
1954 3595 92 29 White

1412 3635 75 22 must
1508 3629 32 28 be
1561 3629 66 29 both
1647 3629 47 30 the
1715 3629 115 32 luckiest
1844 3642 64 19 man
1927 3634 54 29 and
2000 3635 47 28 the

1413 3667 58 29 best
1489 3667 83 37 judge
1593 3669 30 29 of
1640 3668 149 31 horseflesh
1802 3670 30 29 in
1851 3671 46 30 the
1918 3673 128 35 colonies,

1412 3705 112 38 looking
1536 3710 28 26 at
1574 3706 42 30 his
1628 3708 205 38 extraordinary
1843 3718 107 22 success
1959 3711 29 29 in
1999 3711 47 30 the

1413 3748 75 31 great
1500 3755 75 19 races
1588 3755 35 19 on
1637 3746 46 28 the
1697 3746 79 30 other
1788 3748 66 29 side.
1891 3750 57 28 The
1967 3750 76 29 three

1414 3782 111 28 Musket
1533 3783 68 28 colts
1612 3783 233 38 Martini-Henry,
1858 3786 187 35 Nordenfeldt,

1412 3821 55 29 and
1493 3821 166 36 Matchlock,
1685 3824 153 37 purchased
1863 3824 36 39 by
1928 3825 59 31 him
2019 3831 28 26 at

1412 3860 125 28 different
1562 3861 80 28 times
1666 3863 69 27 from
1760 3863 47 27 the
1833 3864 68 28 New
1926 3866 120 28 Zealand

1413 3897 69 30 Stud
1495 3898 152 38 Company,
1661 3899 70 30 have
1743 3899 122 31 between
1888 3903 77 28 them
1984 3913 61 19 won

1412 3936 100 29 almost
1538 3946 82 27 every
1639 3946 52 21 one
1710 3939 31 28 of
1762 3939 47 29 the
1830 3945 73 24 most
1923 3943 123 28 valuable

1412 3974 91 28 stakes
1515 3975 28 27 in
1557 3975 147 35 Australia,
1724 3976 142 38 including
1885 3979 47 28 the
1950 3980 94 28 A.J.C.

1412 4012 93 38 Derby
1531 4012 108 38 (twice),
1659 4014 47 30 the
1726 4014 161 32 Melbourne
1908 4017 69 38 Cup,
1999 4018 46 29 the

1412 4052 103 29 V.R.C.
1526 4052 40 30 St.
1578 4052 87 37 Leger
1676 4054 109 35 (twice),
1795 4055 47 29 the
1853 4056 191 38 Hawkesbury

1413 4090 130 32 Guineas,
1579 4091 55 27 and
1664 4091 46 28 the
1746 4092 154 37 Champion
1938 4096 105 28 Stakes.

1414 4126 165 35 Matchlock,
1592 4127 64 30 who
1668 4137 37 20 on
1719 4129 137 38 Saturday
1868 4134 50 34 put
1931 4132 47 29 the
1990 4133 55 29 seal

1412 4176 36 19 on
1462 4166 133 30 Musket's
1608 4167 73 30 fame
1693 4177 31 20 as
1737 4178 16 19 a
1765 4169 63 35 sire,
1841 4179 50 19 ran
1901 4170 53 30 five
1965 4171 80 30 times

1411 4214 31 19 as
1463 4214 16 20 a
1501 4209 53 24 two
1574 4215 67 27 year
1660 4206 45 29 old
1727 4207 54 28 and
1804 4218 61 19 won
1889 4211 89 33 twice,
2002 4211 43 28 his

1412 4244 124 29 victories
1548 4244 82 37 being
1642 4245 28 28 in
1684 4245 46 30 the
1743 4246 75 29 Trial
1829 4247 97 30 Stakes
1936 4249 54 29 and
2000 4249 45 29 the

1412 4282 122 36 Nursery
1547 4283 147 37 Handicap
1708 4287 28 26 at
1749 4285 47 28 the
1808 4286 95 28 A.J.C.
1922 4287 123 29 Autumn

1413 4320 129 35 Meeting.
1579 4321 44 29 He
1637 4324 56 27 met
1706 4323 65 29 with
1783 4332 33 20 an
1827 4324 125 31 accident
1961 4326 29 28 in
2000 4325 46 30 the

1411 4359 76 37 early
1499 4363 62 32 part
1573 4360 30 28 of
1612 4360 55 30 this
1680 4371 107 25 season,
1800 4363 56 28 and
1868 4363 47 29 did
1928 4369 48 24 not
1994 4374 51 19 run

1411 4399 29 28 in
1453 4407 55 29 any
1520 4398 30 30 of
1560 4398 46 30 the
1619 4404 77 33 great
1715 4404 94 27 events
1827 4402 31 29 of
1875 4402 47 30 the
1943 4404 101 38 spring.

1412 4437 27 28 It
1451 4437 24 27 is
1489 4447 66 25 very
1567 4438 171 29 remarkable
1751 4441 61 27 that
1818 4442 57 35 just
1886 4451 29 19 as
1925 4442 102 29 Norden-

1412 4473 77 34 feldt,
1511 4475 63 27 who
1593 4482 57 21 was
1667 4476 135 29 reckoned
1821 4487 16 18 a
1851 4480 135 35 certainty
2005 4480 42 27 for

1412 4512 47 29 the
1490 4513 39 28 St.
1555 4513 88 33 Leger
1666 4514 55 28 and
1751 4515 164 37 Champion,
1946 4517 98 29 breaks

1412 4550 89 33 down,
1516 4550 164 35 Matchlock,
1696 4553 115 28 another
1833 4555 30 26 of
1874 4555 44 27 Mr
1931 4555 115 29 White's

1412 4591 73 27 team
1498 4588 99 30 should
1611 4589 32 30 be
1655 4590 118 36 brought
1785 4595 48 26 out
1853 4592 29 29 in
1895 4593 67 30 such
1975 4593 70 31 form

1412 4637 30 17 as
1454 4630 28 24 to
1495 4626 32 28 be
1541 4626 60 28 able
1614 4630 28 25 to
1654 4629 54 27 win
1721 4628 64 29 both
1800 4630 77 28 these
1888 4635 105 25 events.

1447 4672 35 29 In
1494 4672 71 30 view
1578 4673 29 28 of
1619 4673 47 30 the
1687 4675 110 35 general
1819 4675 116 31 election
1955 4677 89 29 which

1412 4716 75 23 must
1499 4720 77 20 come
1589 4721 97 20 sooner
1699 4722 30 19 or
1741 4713 70 30 later
1823 4714 55 29 this
1890 4725 74 27 year,
1981 4717 23 28 it
2022 4716 23 29 is

1411 4750 132 29 desirable
1564 4751 73 36 (says
1656 4751 48 29 the
1727 4752 87 38 Otago
1838 4753 83 39 Daily
1942 4755 101 37 Times)

1412 4789 61 28 that
1485 4797 90 20 voters
1591 4790 101 28 should
1711 4790 63 29 take
1795 4802 36 18 an
1852 4793 77 36 early
1948 4804 79 26 oppor-

1412 4828 92 35 tunity
1517 4827 29 27 of
1556 4827 143 36 satisfying
1710 4828 165 30 themselves
1891 4831 62 28 that
1974 4832 71 27 their

1412 4873 96 20 names
1529 4873 46 21 are
1600 4865 128 37 properly
1749 4875 35 20 on
1805 4867 47 29 the
1874 4868 51 29 roll
1950 4868 29 30 of
2000 4868 46 31 the

1411 4903 107 30 district
1529 4903 28 28 in
1571 4903 88 29 which
1673 4904 65 37 they
1758 4905 97 29 reside.
1900 4907 44 28 An
1965 4907 66 30 alter-

1412 4943 75 28 ation
1499 4941 23 29 is
1539 4951 146 28 necessary
1705 4943 29 28 in
1756 4944 46 29 the
1825 4954 59 20 case
1904 4946 30 28 of
1952 4946 94 38 people

1412 4980 61 29 who
1486 4981 70 27 have
1574 4980 123 36 changed
1718 4981 72 29 their
1811 4983 138 30 residence
1971 4984 74 29 since

1412 5018 52 28 last
1475 5018 127 33 election,
1616 5028 68 19 even
1697 5019 105 36 though
1818 5020 66 37 they
1903 5030 66 28 may
1990 5022 54 29 still

1412 5057 53 29 live
1475 5058 28 28 in
1517 5057 47 29 the
1576 5066 76 19 same
1664 5057 124 36 district;
1808 5059 55 28 and
1885 5068 39 21 we
1946 5060 80 30 under-

1412 5095 81 29 stand
1505 5096 62 28 that
1579 5095 46 29 the
1638 5095 60 29 rule
1710 5096 29 28 in
1753 5096 54 30 this
1820 5101 104 33 respect
1938 5099 55 28 will
2013 5099 32 28 be

1412 5134 127 30 enforced
1553 5144 75 20 more
1641 5135 105 38 strictly
1760 5136 68 29 than
1842 5137 79 29 could
1932 5137 32 30 be
1974 5138 71 29 done

1411 5175 29 26 in
1454 5175 76 27 1884.
1567 5174 74 35 Very
1653 5174 69 28 little
1736 5174 67 29 time
1816 5176 109 36 elapsed
1936 5187 36 19 on
1986 5178 60 28 that

1410 5211 126 28 occasion
1547 5210 123 29 between
1684 5211 46 28 the
1743 5211 105 37 issuing
1861 5214 29 26 of
1905 5214 47 28 the
1972 5215 75 27 writs

1411 5249 54 29 and
1480 5249 45 30 the
1545 5248 125 35 election,
1692 5249 56 29 and
1769 5250 47 30 the
1841 5256 206 32 arrangements

1413 5298 69 18 were
1492 5288 165 36 necessarily
1670 5288 120 29 hurried.
1827 5290 56 29 But
1899 5291 56 29 this
1976 5293 67 27 time

1412 5326 47 29 the
1488 5326 161 28 authorities
1676 5335 46 19 are
1748 5326 85 38 likely
1860 5332 29 25 to
1913 5329 33 28 be
1970 5339 75 19 more

1412 5365 143 34 stringent,
1570 5364 54 29 and
1636 5365 20 28 it
1669 5363 117 32 behoves
1798 5366 37 29 all
1848 5366 62 31 who
1928 5367 69 30 wish
2018 5371 28 27 to

1411 5405 117 27 exercise
1552 5403 71 29 their
1646 5404 136 28 franchise
1807 5409 28 24 to
1859 5409 134 26 ascertain
2017 5407 29 28 in

1411 5442 70 37 good
1494 5443 66 27 time
1573 5441 62 30 that
1647 5441 71 30 their
1738 5442 186 37 qualification
1944 5446 24 28 is
1990 5454 42 20 cor-

1412 5481 86 38 rectly
1511 5480 89 32 stated
1612 5491 35 20 on
1661 5481 46 31 the
1726 5481 60 31 roll.

1446 5522 43 26 Au
1503 5521 138 33 exchange
1654 5530 62 26 says
1734 5522 209 30 :—Journalists
1964 5533 44 20 are
2030 5535 16 18 a

1412 5558 65 36 long
1484 5557 130 37 suffering
1624 5558 54 29 and
1689 5559 104 36 patient
1803 5560 78 29 class.
1918 5561 27 29 It
1955 5562 23 28 is
1986 5562 59 29 said

1412 5596 99 27 indeed
1531 5596 60 28 that
1614 5599 91 25 recent
1726 5599 154 28 researches
1900 5599 71 29 have
1993 5601 39 28 dis-

1412 5633 89 29 closed
1520 5634 47 28 the
1588 5633 56 29 fact
1661 5634 61 28 that
1743 5634 54 29 Job
1818 5635 113 30 himself
1950 5647 55 20 was
2026 5648 16 19 a

1412 5672 120 31 member
1544 5672 30 29 of
1584 5672 46 29 the
1642 5672 154 38 fraternity,
1809 5675 55 30 and
1876 5686 76 20 some
1969 5676 74 31 color

1411 5712 24 26 is
1447 5712 80 33 given
1546 5714 28 24 to
1593 5711 56 27 this
1668 5712 97 35 theory
1786 5713 34 35 by
1840 5714 44 27 his
1903 5715 142 35 expressed

1412 5748 68 30 wish
1489 5748 59 30 that
1558 5747 44 31 his
1610 5748 145 39 adversary
1763 5751 89 29 would
1861 5752 75 30 write
1943 5762 16 20 a
1967 5752 78 35 book,

1412 5788 55 28 and
1479 5789 27 27 of
1519 5797 94 19 course
1626 5788 47 28 the
1686 5790 65 35 only
1771 5790 116 35 possible
1908 5792 136 28 inference

1412 5830 27 25 to
1452 5825 33 30 be
1501 5826 94 30 drawn
1618 5826 35 38 by
1675 5827 45 29 the
1743 5827 129 39 ordinary
1890 5830 109 29 student
2022 5830 23 29 is

1413 5867 60 31 that
1486 5866 46 32 the
1544 5877 67 20 man
1623 5867 30 29 of
1666 5867 39 31 Uz
1718 5866 105 34 desired
1837 5874 27 26 to
1878 5870 114 30 criticise
2013 5869 31 31 it.

2086 237 43 28 Hp
2141 246 66 24 was,
2221 237 32 29 l>e
2267 238 20 28 it
2300 237 92 34 noted,
2414 247 17 19 a
2452 247 66 19 man
2539 238 31 30 of
2591 239 39 29 Uz
2663 241 52 29 and

2084 277 133 28 therefore
2247 277 113 28 entitled
2390 281 28 25 to
2448 286 48 20 use
2526 278 47 29 the
2602 279 113 30 editoral

2228 315 94 28 Under
2332 315 46 28 the
2387 320 69 25 most
2463 317 93 35 trying
2561 317 154 29 conditions

2083 353 46 29 the
2137 353 145 38 journalist
2291 353 30 29 of
2326 354 95 37 to-day
2430 364 51 20 can
2491 355 61 37 give
2561 355 55 31 Job
2625 357 90 37 points

2083 392 29 28 in
2137 393 44 27 the
2207 395 98 26 matter
2329 393 33 28 of
2382 394 123 36 patience
2529 394 55 29 and
2606 395 55 28 still
2683 395 32 30 be

2082 432 91 36 polite.
2211 432 93 29 Listen
2317 442 30 20 ro
2367 432 47 29 the
2436 443 117 20 manner
2576 433 28 31 in
2627 434 87 30 which

2082 480 49 18 our
2143 472 110 27 brother
2266 472 29 27 of
2306 472 45 27 the
2362 472 150 28 Ellesmere
2526 473 150 34 Guardian,
2686 474 29 29 iii

2081 509 95 33 noting
2188 508 47 28 the
2249 510 54 26 fact
2315 508 60 28 tint
2396 510 116 28 another
2531 514 111 32 quarter
2660 512 55 27 had

2080 546 119 37 expired,
2213 546 90 28 would
2317 546 173 37 respectfully
2503 548 89 29 solicit
2604 554 109 32 prompt

2081 585 158 29 settlement
2256 585 30 29 of
2305 585 36 29 all
2362 590 129 25 accounts
2656 587 59 31 The

2080 633 130 27 expenses
2221 626 26 27 of
2270 625 164 34 conducting
2454 634 17 19 a
2488 634 161 29 newspaper
2668 636 46 19 are

2080 671 65 27 very
2159 662 97 36 heavy,
2269 663 55 27 and
2338 663 46 28 the
2397 668 131 23 accounts
2547 665 106 34 though
2672 665 27 28 in-

2080 699 150 37 dividually
2243 699 102 37 trifling
2359 709 33 19 an
2406 704 123 29 amount,
2548 706 47 32 yet
2616 703 28 27 in
2666 702 47 29 the

2080 743 142 31 aggregate
2235 738 81 29 make
2329 748 16 19 a
2358 748 60 19 sum
2434 739 88 29 which
2533 739 24 30 if
2573 739 97 38 lodged
2684 744 28 26 to

2079 786 49 20 our
2140 778 85 28 credit
2237 781 29 25 at
2279 778 46 28 the
2343 778 91 33 Bank,
2453 778 90 29 would
2565 778 80 29 make
2666 779 48 28 the

2080 816 73 27 work
2166 816 30 27 of
2202 816 164 35 journalism
2380 817 83 27 much
2476 817 53 28 less
2548 818 163 36 unpleasant

2080 853 67 28 than
2159 854 22 27 it
2296 855 87 27 There
2406 855 22 27 is
2451 864 36 19 no
2508 855 104 28 bluster
2631 856 83 28 about

2080 891 53 29 this
2158 891 54 29 and
2237 892 67 29 such
2329 901 36 20 an
2387 893 97 38 appeal
2503 893 99 29 should
2619 893 58 30 find
2697 903 17 19 a

2080 931 82 36 ready
2174 940 137 27 response.

2112 979 58 27 The
2188 978 59 28 rifle
2260 979 162 29 association
2441 980 120 36 meeting
2582 984 29 25 at
2629 981 62 29 Wan-

2079 1018 81 33 ganui
2181 1017 51 27 has
2253 1027 78 18 come
2355 1021 28 24 to
2404 1027 17 19 a
2444 1018 82 33 close,
2548 1020 56 27 and
2624 1028 88 19 seems

2079 1060 26 23 to
2119 1055 69 27 have
2201 1054 67 29 been
2282 1065 52 18 one
2348 1056 31 27 of
2389 1056 46 28 the
2448 1060 73 26 most
2539 1057 172 39 satisfactory

2079 1101 62 19 ever
2154 1093 62 27 held
2236 1093 28 27 in
2285 1093 67 27 New
2366 1094 129 28 Zealand.
2531 1096 24 26 A
2574 1095 62 27 trial
2654 1103 58 21 was

2079 1130 79 28 made
2179 1130 30 28 of
2227 1130 46 29 the
2298 1131 143 28 Auckland
2454 1131 81 29 made
2556 1133 156 29 amunition

2079 1169 54 28 and
2145 1168 102 38 proved
2267 1178 15 20 a
2305 1170 136 37 complete
2460 1171 106 35 failure,
2588 1172 48 29 the
2655 1171 57 30 first

2079 1207 62 29 shot
2155 1207 66 28 fired
2236 1207 76 29 burst
2323 1218 15 18 a
2349 1208 119 34 carbine,
2477 1219 16 18 a
2505 1209 99 30 second
2614 1210 98 29 breech

2079 1246 80 33 being
2170 1246 116 34 injured,
2307 1246 54 27 and
2374 1256 15 18 a
2402 1247 128 28 hammer
2547 1256 56 19 was
2621 1247 89 29 blown

2079 1282 75 30 clean
2178 1282 45 35 off,
2243 1282 81 30 while
2347 1293 76 20 some
2442 1284 31 29 of
2487 1284 48 30 the
2557 1285 155 30 volunteers

2081 1322 53 29 had
2156 1322 72 29 their
2248 1322 139 38 eyebrows
2408 1324 103 35 singed,
2524 1324 56 30 and
2601 1324 48 31 the
2670 1335 27 20 ex-

2080 1361 135 36 periment
2244 1362 54 28 had
2329 1366 27 25 to
2386 1362 32 30 be
2450 1363 123 38 stopped.
2621 1364 91 29 About

2080 1399 75 28 time.

2114 1446 35 28 In
2169 1447 161 28 connection
2345 1448 66 29 with
2432 1448 45 29 Sir
2493 1448 94 30 Julius
2604 1449 111 37 Vogel's

2080 1486 91 28 recent
2193 1484 122 37 meeting
2334 1489 29 26 at
2375 1486 144 29 Auckland
2541 1487 47 29 the
2611 1496 85 21 corres-

2080 1522 122 39 pondent
2232 1524 30 30 of
2294 1524 47 30 tlie
2377 1526 89 36 Otago
2503 1526 83 38 Daily
2621 1526 93 30 Times

2081 1562 167 27 writes:—A
2262 1572 66 27 very
2341 1564 70 28 little
2424 1564 91 28 would
2525 1564 69 29 have
2604 1566 111 28 sufficed

2081 1604 27 24 to
2127 1600 71 27 raise
2220 1599 47 29 the
2280 1600 101 28 demon
2399 1601 31 28 of
2448 1601 117 34 discord,
2586 1602 90 29 which
2691 1602 21 29 it

2081 1637 88 29 would
2191 1637 70 30 have
2274 1639 125 36 required
2412 1639 37 28 all
2468 1640 45 28 Sir
2535 1640 101 29 Julius'
2659 1643 56 27 tact

2082 1681 26 24 to
2132 1675 83 37 allay.
2251 1677 36 28 At
2310 1681 22 25 it
2355 1687 66 23 was,
2442 1677 119 38 through
2581 1679 44 30 his
2648 1679 65 30 bold

2082 1714 150 32 frankness,
2246 1715 42 28 his
2298 1715 137 36 judicious
2453 1719 148 27 treatment
2618 1727 37 18 on
2673 1718 44 28 his

2081 1752 111 37 subject,
2206 1753 54 29 and
2274 1757 189 26 consummate
2486 1757 64 32 tact,
2569 1755 45 30 Sir
2626 1755 91 30 Julius

2081 1790 147 29 succeeded
2246 1792 29 27 in
2296 1792 146 35 snatching
2463 1802 18 19 a
2498 1793 106 37 victory
2625 1794 91 30 where

2082 1829 34 29 he
2140 1829 91 36 might
2254 1829 71 29 hav»
2357 1830 165 37 anticipated
2554 1841 16 19 a
2600 1832 117 37 possible

2082 1867 98 35 defeat,
2207 1868 55 28 and
2285 1868 101 28 retired
2415 1869 72 28 from
2511 1869 48 29 the
2587 1870 129 37 platform

2082 1917 75 18 more
2171 1906 68 29 than
2252 1907 122 29 satisfied
2387 1907 65 29 with
2465 1907 48 30 the
2525 1911 72 27 most
2614 1909 101 30 cordial

2082 1946 135 35 reception
2242 1945 36 28 he
2302 1945 50 28 has
2376 1955 65 18 ever
2468 1947 124 28 received
2616 1952 30 24 at
2668 1948 48 28 the

2082 1983 89 28 hands
2192 1982 31 30 of
2240 1983 48 29 the
2310 1982 96 39 people
2425 1983 30 28 of
2472 1983 155 30 Auckland.
2663 1984 54 29 His

2082 2023 105 35 victory
2206 2022 23 28 is
2249 2022 47 29 the
2315 2032 77 19 more
2412 2022 171 30 remarkable
2601 2023 62 30 that
2681 2023 35 30 he

2082 2059 201 38 unflinchingly
2301 2060 152 30 advocated
2465 2061 49 29 the
2533 2063 186 28 construction

2082 2100 30 28 of
2129 2099 48 30 the
2199 2100 68 30 East
2289 2100 54 29 and
2357 2100 27 30 W
2385 2099 7 19 r
2392 2103 43 27 est
2453 2100 83 30 Coast
2557 2100 113 38 railway
2690 2100 30 31 of

2082 2138 47 28 the
2152 2138 104 29 Middle
2270 2138 106 33 Island,
2388 2138 49 28 the
2458 2148 75 18 mere
2553 2140 125 28 mention
2691 2140 29 28 of

2082 2175 89 30 which
2186 2176 48 28 has
2247 2176 120 29 hitherto
2381 2176 68 29 been
2462 2176 140 32 sufficient
2614 2181 28 27 to
2655 2177 59 30 lash

2081 2223 36 19 an
2129 2214 145 28 Auckland
2287 2215 130 28 audience
2429 2215 60 28 into
2501 2215 105 35 frenzy.

2280 2304 235 29 LATEST

2115 2361 245 41 CABLE
2449 2363 240 41 NEWS.

2376 2464 128 35 London,
2524 2464 97 31 March
2640 2467 42 29 16.

2115 2512 28 28 It
2155 2511 23 29 is
2190 2512 169 28 understood
2373 2513 62 28 that
2458 2513 45 28 Mr
2521 2514 196 29 Chamberlain

2080 2560 117 28 dissents
2211 2560 71 28 from
2295 2560 47 29 the
2355 2560 73 29 Irish
2441 2561 90 37 policy
2552 2561 166 30 formulated

2079 2608 37 37 by
2129 2608 45 29 Mr
2187 2608 160 35 Gladstone,
2361 2608 55 30 and
2438 2609 35 30 he
2493 2609 23 29 is
2539 2610 129 38 expected
2689 2613 29 27 to

2079 2655 92 35 resign
2183 2656 30 27 in
2230 2665 197 27 consequence.

2114 2702 34 29 In
2162 2702 47 30 the
2230 2702 95 30 Honse
2346 2702 31 30 of
2393 2702 151 30 Commons
2564 2703 55 31 last
2639 2704 79 38 night

2080 2751 44 28 Mr
2138 2751 121 29 Osborne
2273 2752 126 36 Morgan,
2414 2752 253 38 Under-Secretary
2675 2754 43 29 for

2078 2798 48 28 the
2139 2798 136 35 Colonies,
2288 2798 126 38 replying
2426 2802 28 26 to
2467 2808 16 20 a
2496 2800 127 37 question
2645 2800 72 29 from

2080 2847 44 28 Sir
2153 2846 124 29 William
2307 2847 115 34 Arthur,
2453 2848 89 28 stated
2580 2848 62 30 that
2680 2858 38 21 no

2073 2892 124 29 decision
2212 2894 89 27 would
2315 2894 32 27 be
2360 2902 78 19 come
2452 2897 28 25 to
2492 2895 67 28 with
2573 2896 97 36 regard
2686 2899 30 26 to

2079 2940 153 36 separation
2246 2939 27 28 in
2288 2939 175 36 Queensland
2476 2941 71 28 until
2556 2941 48 29 the
2613 2942 102 38 receipt

2078 2986 30 29 of
2119 2996 15 19 a
2146 2986 146 29 memorial
2304 2987 70 29 from
2388 2988 48 29 the
2458 2988 129 31 colonists
2608 2998 36 21 on
2666 2989 48 30 the

2079 3033 113 38 subject.

2587 3084 92 29 Later.

2113 3129 58 30 The
2193 3129 86 38 Right
2301 3130 73 30 Hon.
2397 3131 104 38 Joseph
2524 3131 193 31 Chamberlain

2081 3179 152 34 (President
2263 3180 31 27 of
2319 3179 48 29 the
2404 3181 85 28 Local
2526 3182 191 29 Government

2079 3225 100 37 Board)
2221 3226 54 29 and
2315 3226 47 29 the
2393 3227 86 38 Right
2510 3228 75 29 Hon.
2616 3229 35 28 G.
2684 3229 32 30 O.

2079 3275 151 36 Trevelyan
2246 3276 154 37 (Secretary
2416 3277 42 28 for
2477 3277 143 37 Scotland)
2644 3277 70 31 have

2079 3322 129 29 tendered
2221 3322 70 29 their
2303 3323 191 36 resignations.

2243 3372 257 34 Constantinople,
2521 3373 97 29 March
2639 3375 41 28 16.

2114 3417 97 29 Prince
2239 3417 155 30 Alexander
2423 3418 31 29 of
2483 3419 131 35 Bulgaria
2653 3430 62 20 now

2080 3466 133 29 demands
2235 3471 29 25 to
2287 3467 34 29 be
2345 3469 148 35 appointed
2520 3469 143 30 Governor
2690 3470 30 29 of

2080 3513 146 29 Roumelia
2238 3513 42 29 for
2291 3514 44 28 his
2348 3515 45 29 life
2406 3516 76 33 time,
2500 3516 108 29 instead
2628 3517 35 29 of
2677 3517 43 29 for

2082 3570 16 20 a
2111 3563 69 27 term
2194 3560 31 30 of
2235 3564 45 27 ten
2290 3571 80 28 years
2391 3562 67 38 only
2479 3572 31 20 as
2531 3563 133 39 provided
2682 3564 37 39 by

2079 3609 48 29 the
2140 3612 158 33 agreement
2311 3610 67 29 with
2392 3610 46 30 the
2454 3611 91 29 Porte.

2301 3701 202 29 LATEST

2097 3753 376 42 AUSTRALIAN
2524 3756 175 42 NEWS.

2313 3867 190 35 Melbourne,
2522 3868 98 29 March
2639 3871 42 27 16.

2114 3912 59 30 The
2199 3913 67 29 New
2296 3913 120 30 Zealand
2447 3914 189 31 Government
2665 3915 52 30 has

2081 3960 141 36 definitely
2235 3961 124 29 declined
2372 3967 27 23 to
2412 3962 62 28 take
2487 3965 60 34 part
2557 3963 28 28 in
2594 3963 48 28 the
2658 3972 45 28 pro-

2077 4007 89 38 jected
2188 4007 167 30 Conference
2376 4008 30 29 of
2416 4008 125 30 Colonial
2557 4009 158 30 Governors

2080 4056 54 29 and
2148 4056 135 29 Premiers
2295 4056 90 30 which
2399 4057 23 29 is
2434 4061 27 26 to
2475 4057 32 30 be
2526 4058 140 31 convened
2684 4058 30 30 in

2081 4104 78 27 order
2171 4106 29 25 to
2211 4104 102 28 discuss
2321 4104 46 28 the
2378 4104 109 30 defence
2496 4105 30 28 of
2533 4105 47 29 the
2588 4106 127 28 Colonies

2080 4150 55 29 and
2159 4149 78 30 other
2259 4150 124 29 schemes
2407 4150 31 30 of
2457 4151 110 37 general
2590 4152 124 29 interest.

2081 4198 27 29 It
2126 4199 23 27 is
2170 4202 48 25 not
2242 4199 141 36 generally
2409 4200 131 37 expected
2563 4200 62 30 that
2649 4201 69 29 New

2082 4245 87 30 South
2184 4245 93 30 Wales
2289 4256 31 19 or
2333 4246 87 29 South
2433 4247 139 30 Australia
2584 4247 56 31 will
2655 4247 62 40 join

2084 4294 45 28 the
2148 4294 173 28 Conference.

2115 4341 59 30 The
2204 4350 62 21 new
2296 4341 141 31 Victorian
2468 4342 169 31 Parliament
2660 4353 57 20 was

2082 4389 104 37 opened
2196 4389 96 39 to-day
2301 4389 37 39 by
2346 4390 192 36 Commission,
2549 4391 70 30 after
2627 4392 91 29 which

2080 4438 47 28 the
2141 4438 136 29 members
2290 4447 71 21 were
2374 4448 89 20 sworn
2476 4439 39 30 in.
2551 4440 46 29 Mr
2609 4441 110 30 Lawlor

2080 4492 56 20 was
2160 4484 197 36 unanimously
2381 4486 145 28 re-elected
2551 4487 120 37 Speaker
2691 4488 30 28 of

2080 4531 47 29 the
2166 4531 95 29 Honse
2299 4532 29 28 of
2364 4532 248 37 Representatives.
2672 4535 45 29 An

2080 4577 196 37 adjournment
2287 4577 57 30 will
2356 4577 34 30 be
2402 4578 82 30 made
2496 4580 71 29 until
2579 4580 74 31 June
2666 4583 52 34 Ist,

2080 4626 29 27 in
2134 4625 79 29 order
2232 4628 28 26 to
2282 4626 95 29 enable
2399 4626 140 30 Ministers
2559 4632 29 26 to
2609 4632 109 27 mature

2079 4672 73 29 their
2167 4672 99 38 policy.

2371 4720 130 35 Hobart,
2522 4722 97 30 March
2639 4724 43 30 17.

2114 4768 121 30 Further
2255 4769 186 30 examination
2463 4769 89 31 shows
2571 4770 62 31 that
2652 4771 66 39 only

2080 4818 54 24 two
2146 4825 65 19 men
2225 4825 34 18 on
2273 4816 86 28 board
2372 4817 47 28 the
2432 4818 141 28 Diamond
2595 4828 45 19 are
2662 4818 41 30 suf-

2079 4860 89 37 fering
2179 4861 73 30 from
2264 4861 116 38 typhoid
2392 4862 75 30 fever
2479 4863 57 30 and
2548 4873 85 21 seven
2644 4864 71 31 from

2080 4910 98 37 simple
2190 4910 82 34 fever,
2286 4910 47 29 the
2346 4912 157 36 remaining
2509 4912 76 37 eight
2595 4913 120 37 patients

2080 4968 46 20 are
2155 4959 174 36 progressing
2357 4959 108 37 rapidly
2498 4960 120 30 towards
2650 4971 48 20 con-

2080 5006 167 27 valescence.

2115 5102 89 30 There
2228 5102 24 28 is
2275 5110 63 20 now
2364 5106 28 25 at
2413 5102 47 29 the
2481 5102 162 32 Melbourne
2661 5106 36 29 Ex-

2082 5142 117 30 hibition
2217 5141 131 38 Building
2366 5141 41 30 for
2418 5151 17 20 a
2446 5141 52 31 few
2510 5141 69 40 days
2595 5143 75 39 prior
2687 5147 29 27 to

2082 5182 35 28 its
2141 5182 81 33 being
2244 5181 153 28 forwarded
2421 5184 28 26 to
2468 5182 112 36 Europe
2600 5192 17 19 a
2639 5184 76 35 giant

2082 5223 89 32 topaz,
2193 5218 135 36 supposed
2349 5222 28 24 to
2398 5218 31 28 be
2442 5219 47 27 the
2508 5219 101 36 largest
2621 5220 29 28 in
2670 5221 47 28 the

2081 5256 95 31 world.
2212 5256 60 29 The
2284 5256 89 38 Argus
2385 5265 62 29 says
2460 5255 22 30 it
2491 5256 50 29 has
2554 5256 48 30 the
2614 5257 103 38 perfect

2081 5295 158 37 crystalline
2261 5293 81 36 form,
2362 5295 54 29 and
2441 5296 104 38 weighs
2568 5306 66 21 over
2656 5297 63 30 four

2081 5334 107 36 pounds
2211 5333 183 37 avoirdupois.
2432 5334 28 28 It
2482 5344 57 19 was
2562 5335 85 28 found
2677 5335 37 37 by

2082 5372 46 30 the
2141 5381 92 21 owner
2246 5372 28 28 in
2287 5370 114 31 alluvial
2420 5371 126 37 tin-drift,
2560 5375 28 27 at
2600 5382 18 20 a
2631 5372 84 40 depth

2082 5412 30 28 of
2121 5412 76 28 three
2209 5412 54 28 feet
2281 5411 71 28 from
2366 5411 47 29 the
2432 5411 113 34 surface,
2568 5421 36 20 on
2625 5422 52 20 one
2689 5413 31 29 of

2080 5449 46 29 his
2149 5450 41 28 tin
2213 5449 90 27 mines
2327 5450 28 27 at
2379 5449 47 28 the
2447 5449 70 29 East
2538 5449 91 35 Coast,
2648 5450 48 30 Tas-

2081 5489 102 36 mania,
2197 5488 28 30 in
2239 5489 76 30 1883.
2351 5487 58 31 The
2429 5497 82 21 name
2524 5488 31 30 of
2564 5488 55 31 this
2636 5489 78 39 giant

2081 5532 152 33 gem-stone
2266 5529 24 28 is
2350 5529 123 27 Kateena
2668 5530 47 29 the

2081 5565 168 30 Tasmanian
2273 5566 91 28 native
2388 5574 82 20 name
2491 5567 42 27 for
2686 5568 31 28 of

2082 5605 46 28 the
2266 5604 228 36 Accompanying
2510 5605 23 28 it
2550 5605 24 28 is
2585 5614 17 19 a
2614 5605 80 37 photo-

2081 5642 86 37 graph
2181 5642 30 28 of
2221 5641 46 28 the
2279 5650 72 27 gem,
2366 5641 54 28 and
2433 5642 57 27 also
2502 5651 17 18 a
2530 5642 184 38 photograph,

2081 5680 83 30 taken
2178 5680 36 37 by
2228 5680 45 29 Mr
2290 5679 112 34 Wintle,
2419 5680 105 36 F.L.S.,
2538 5680 32 30 of
2585 5680 47 31 the
2653 5685 61 35 spot

2082 5719 89 27 where
2182 5719 23 27 it
2216 5728 57 18 was
2286 5719 94 32 found,
2395 5719 65 27 with
2474 5729 64 18 men
2550 5720 122 35 engaged
2684 5722 28 26 in

2082 5756 38 30 tin
2148 5756 109 38 mining
2286 5755 165 39 operations.
2487 5756 100 30 Beside
2616 5756 23 30 it
2668 5767 46 19 are

2080 5795 103 29 several
2197 5796 111 28 smaller
2321 5798 119 34 tapazes,
2461 5795 125 38 showing
2598 5796 47 30 the
2658 5796 56 30 size

2080 5834 54 29 and
2163 5834 72 29 form
2260 5835 27 27 in
2315 5834 90 29 which
2436 5834 65 38 they
2531 5844 46 21 are
2606 5836 109 38 usually

2080 5873 136 31 obtained.

2872 242 191 33 REEFTON
3100 244 164 35 LETTER.

2823 332 85 37 (from
2921 341 56 21 our
2988 341 62 22 own
3063 338 253 36 correspondent.)

3009 387 143 36 Reefton,
3167 389 96 29 March
3278 390 73 30 17th.

2785 432 25 30 A
2829 432 96 32 visible
2946 434 202 40 improvement
3172 435 29 32 in
3222 436 92 32 affairs
3335 438 50 30 has

2751 481 72 28 beetf
2832 491 65 19 seen
2910 483 54 27 and
2976 483 49 29 felt
3042 485 74 28 since
3131 485 45 28 the
3196 487 99 35 partial
3312 486 57 29 rain-

2750 527 49 28 fall
2820 536 40 20 we
2881 529 177 36 experienced
3076 531 126 37 previous
3221 536 27 25 to
3272 533 47 29 the
3340 534 29 28 be-

2750 575 117 37 ginning
2878 576 30 28 of
2913 576 56 30 this
2978 576 87 30 week.
3100 578 120 30 Alluvial
3231 580 89 29 mines
3329 580 55 30 had

2752 632 15 19 a
2788 623 103 31 chance
2914 625 31 30 of
2960 626 183 39 washing-up,
3165 628 55 29 and
3239 629 46 29 the
3307 630 77 29 effect

2751 679 56 21 was
2819 672 122 36 speedily
2952 679 134 31 apparent
3096 675 28 28 in
3142 674 46 30 the
3201 676 88 29 bustle
3301 677 83 29 about

2750 717 47 30 the
2819 721 94 32 stores,
2935 720 55 28 and
3013 720 47 28 the
3077 721 89 38 heavy
3185 723 97 29 loaded
3303 724 64 37 pack-

2750 764 94 30 horses
2868 765 120 39 heading
3011 767 42 30 for
3076 768 48 29 the
3152 768 103 31 distant
3277 770 104 38 gullies.

2750 812 59 29 The
2833 813 100 38 supply
2956 824 57 19 was
3036 816 121 37 scarcely
3183 817 136 31 sufficient
3342 819 41 29 for

2750 869 76 19 some
2839 860 31 28 of
2878 861 48 28 the
2938 862 83 33 mills,
3034 862 49 28 but
3096 863 47 28 the
3156 865 113 35 copious
3275 866 106 28 rainfall

2751 907 30 30 of
2790 907 54 30 tins
2858 907 75 30 week
2946 907 23 31 is
2982 917 37 30 up
3028 912 29 26 to
3065 909 37 30 all
3110 910 208 38 requirements,
3328 914 53 29 and

2750 956 22 28 it
2783 955 56 29 will
2852 965 67 19 soon
2933 956 32 29 be
2978 956 117 31 difficult
3112 963 29 24 to
3153 959 150 37 immagine
3317 961 63 29 how

2749 1002 119 35 drought
2881 1004 52 28 and
2947 1003 69 29 bush
3036 1005 64 29 fires
3117 1006 81 28 could
3220 1007 94 29 obtain
3336 1009 46 28 the

2750 1053 121 34 mastery
2891 1049 75 31 here.
3001 1051 59 30 The
3081 1052 80 31 effect
3179 1053 30 29 of
3223 1055 105 36 getting
3347 1056 35 28 all

2749 1096 47 28 the
2820 1096 76 28 mills
2919 1098 130 37 running,
3073 1100 62 27 that
3157 1100 71 29 have
3249 1102 134 33 available

2749 1147 87 31 stone,
2849 1143 55 30 will
2925 1143 33 30 be
2971 1143 47 31 the
3031 1146 170 37 resumption
3219 1147 32 29 of
3265 1148 77 29 work
3354 1150 27 28 in

2749 1191 47 30 the
2808 1190 100 35 mines,
2929 1192 55 29 and
2997 1192 47 30 the
3062 1193 158 38 absorption
3240 1195 31 30 of
3280 1196 37 29 all
3336 1196 46 30 the

2748 1229 79 29 labor
2837 1230 30 27 in
2877 1230 49 28 the
2938 1230 115 34 district,
3065 1232 43 28 for
3128 1242 87 27 many
3226 1233 70 30 have
3315 1235 66 30 been

2749 1267 54 28 idle
2813 1267 101 36 during
2925 1267 77 29 these
3011 1277 124 20 summer
3144 1271 121 27 months.
3302 1273 64 29 Boat-

2749 1307 91 28 man's
2861 1305 87 31 Creek
2968 1305 25 31 is
3011 1316 62 21 now
3092 1307 29 30 in
3140 1307 36 30 its
3194 1309 108 31 normal
3321 1320 46 21 con-

2750 1346 96 34 dition,
2871 1345 56 29 and
2951 1345 47 30 the
3017 1347 140 30 Welcome
3180 1347 108 40 battery
3309 1350 24 29 is
3357 1356 26 24 at

2750 1384 54 30 last
2833 1385 29 28 in
2891 1383 51 30 full
2972 1384 98 36 swing,
3110 1395 17 20 a
3163 1389 220 29 consummation

2750 1422 130 36 devoutly
2899 1423 104 28 wished
3027 1424 43 29 for
3091 1424 115 30 months
3229 1435 60 28 ago.
3325 1427 58 29 The

2750 1464 108 25 returns
2882 1460 70 28 from
2975 1461 55 29 this
3051 1462 114 29 favorite
3187 1468 129 33 property
3339 1474 40 19 an

2750 1497 138 39 predicted
2910 1502 29 25 ta
2957 1498 33 30 be
3003 1508 65 28 very
3086 1500 81 36 good,
3188 1501 54 29 and
3256 1505 28 26 to
3296 1511 69 20 some-

2750 1536 76 30 what
2837 1537 138 38 approach
2987 1537 47 31 the
3046 1538 167 32 sensational
3225 1540 87 38 yields
3324 1541 60 30 that

2751 1576 130 28 heralded
2893 1575 30 28 in
2935 1577 47 28 the
2994 1576 70 37 busy
3076 1582 83 24 Mines
3176 1578 101 30 known
3295 1589 30 20 as
3338 1580 46 30 the

2752 1615 17 14 44

2786 1652 25 28 A
2835 1660 100 26 survey
2954 1652 31 28 of
3002 1652 56 28 this
3075 1656 162 36 company's
3257 1659 128 33 property

2752 1689 51 31 has
2822 1689 68 30 been
2910 1690 82 30 made
3005 1690 37 37 by
3056 1691 45 29 Mr
3119 1692 137 35 Watkins,
3277 1694 42 29 for
3339 1694 47 29 the

2753 1727 110 30 Eureka
2877 1737 145 28 company,
3035 1729 30 29 in
3087 1729 79 29 order
3186 1734 29 26 to
3235 1731 151 29 determine

2753 1765 47 29 the
2812 1765 117 38 position
2943 1766 31 30 of
2983 1767 47 29 the
3041 1767 60 30 reef
3110 1768 54 29 and
3183 1771 28 27 at
3223 1769 75 29 what
3310 1770 76 37 point

2753 1804 56 29 and
2821 1804 80 36 angle
2913 1805 22 28 it
2947 1805 24 28 is
2984 1804 83 38 likely
3083 1809 29 26 to
3132 1806 33 29 be
3188 1810 57 27 met
3268 1809 67 28 with
3357 1809 29 28 in

2753 1842 48 29 the
2813 1842 82 30 latter
2913 1845 161 35 company's
3091 1845 116 35 ground.
3243 1845 59 30 The
3320 1846 67 31 time

2753 1880 43 29 for
2807 1880 170 38 resumption
2989 1882 31 29 of
3029 1882 75 30 work
3115 1882 28 30 in
3157 1883 48 30 the
3214 1884 112 29 Eureka
3338 1885 49 29 has

2753 1924 49 24 not
2815 1919 67 31 been
2892 1920 110 30 decided
3015 1931 46 25 on,
3072 1920 50 31 but
3131 1922 48 30 the
3187 1923 200 31 consideration

2754 1958 32 27 of
2796 1958 56 28 this
2863 1967 109 27 survey,
2984 1959 24 27 if
3017 1960 148 33 favorable,
3186 1961 57 28 will
3256 1962 131 35 probably

2753 1995 73 30 have
2838 1995 47 30 the
2897 1995 80 31 effect
2988 1996 31 29 of
3026 1997 113 36 causing
3151 1998 192 30 shareholders
3359 2003 29 26 to

2753 2033 82 30 make
2848 2044 16 19 a
2877 2039 95 33 strong
2984 2035 79 30 effort
3076 2042 28 23 to
3117 2046 108 20 resume
3238 2039 84 33 work,
3332 2039 56 28 and

2755 2080 119 22 uncover
2885 2073 47 29 the
2944 2073 61 29 lode
3017 2074 63 29 that
3101 2075 47 29 the
3167 2075 68 30 least
3254 2077 134 37 sanguine

2754 2115 128 33 amongst
2905 2112 78 30 them
3010 2113 51 30 has
3085 2114 120 38 implicit
3233 2115 69 31 faith
3331 2115 57 30 will

2754 2150 157 36 eventually
2935 2150 34 29 be
2991 2152 86 28 found
3099 2153 31 28 in
3157 2153 48 29 the
3228 2157 161 34 company's

2753 2187 116 38 ground.

2788 2226 59 28 The
2871 2227 82 35 Fiery
2974 2228 24 28 is
3019 2228 57 28 still
3097 2228 108 37 driving
3226 2233 28 25 to
3273 2233 117 26 connect

2753 2263 68 31 with
2845 2264 47 31 the
2916 2265 81 31 north
3022 2266 98 35 winze,
3144 2268 128 39 carrying
3295 2277 17 21 a
3336 2268 53 30 fair

2753 2304 60 28 reef
2821 2305 38 27 all
2871 2305 47 28 the
2931 2305 67 28 time
3011 2306 28 27 in
3052 2306 48 28 the
3119 2307 69 28 face.
3225 2308 129 35 Progress
3366 2308 24 28 is

2755 2341 151 30 somewhat
2926 2343 76 34 slow,
3022 2343 48 29 the
3087 2345 42 28 air
3145 2344 84 38 being
3249 2345 67 35 dull,
3335 2346 55 28 and

2754 2381 71 28 until
2846 2381 85 37 lately
2950 2385 83 26 water
3052 2383 43 28 for
3115 2383 123 37 winding
3259 2394 131 28 purposes

2754 2426 57 20 was
2823 2418 94 37 barely
2930 2420 138 28 sufficient
3079 2420 43 28 for
3132 2421 49 28 the
3193 2421 76 37 daily
3279 2424 109 35 supply.

2789 2456 59 31 The
2855 2456 75 31 work
2938 2458 31 30 of
2974 2457 104 39 bailing
3087 2462 49 27 out
3143 2459 47 31 the
3199 2460 191 32 intermediate

2754 2496 55 28 and
2821 2496 98 33 winze,
2932 2496 43 29 for
2991 2497 47 29 the
3060 2507 117 27 purpose
3199 2500 31 28 of
3248 2501 114 34 making
3374 2510 16 19 a

2755 2533 162 29 connection
2939 2534 66 29 with
3020 2535 47 29 the
3080 2536 52 28 rise
3154 2536 72 30 from
3238 2538 47 28 the
3307 2538 83 29 lower

2755 2573 79 33 level,
2846 2573 24 27 is
2883 2573 56 29 still
2950 2574 83 36 going
3045 2583 35 19 on
3091 2579 30 24 at
3130 2575 47 29 the
3185 2575 204 31 Just-in-Time.

2755 2611 69 29 Foul
2837 2612 40 28 air
2898 2611 51 29 has
2967 2612 134 30 hindered
3118 2614 47 30 the
3178 2614 84 33 work,
3281 2615 50 30 but
3342 2616 48 30 the

2755 2650 130 29 welcome
2906 2651 106 35 change
3026 2661 28 19 ?n
3068 2653 48 29 the
3127 2654 122 29 weather
3268 2654 51 30 has
3338 2655 34 29 im-

2755 2688 102 37 proved
2870 2693 114 25 matters
2995 2690 29 27 in
3037 2691 61 28 that
3110 2697 114 31 respect.

2788 2726 60 31 The
2859 2730 78 27 stone
2949 2727 30 30 in
2992 2727 46 30 the
3052 2728 122 36 Reform,
3187 2730 89 29 which
3290 2730 42 30 for
3341 2731 47 30 the

2754 2766 53 28 last
2819 2766 51 28 few
2882 2766 55 29 feet
2948 2767 51 28 has
3018 2767 68 30 been
3099 2768 103 29 broken
3222 2770 55 28 and
3294 2771 91 34 small,

2754 2803 51 29 has
2824 2804 81 33 again
2930 2805 128 29 assumed
3078 2814 18 20 a
3115 2806 70 29 solid
3208 2816 179 28 appearance,

2754 2841 56 31 and
2830 2841 90 31 shows
2941 2852 82 29 every
3035 2843 59 37 sign
3113 2844 31 30 of
3163 2846 163 37 continuing
3338 2856 32 20 un-

2753 2880 113 29 altered.
2903 2881 71 29 Over
3000 2883 37 28 60
3059 2882 55 30 feet
3137 2883 71 29 have
3231 2894 63 20 now
3320 2885 68 29 been

2753 2918 96 28 driven
2861 2928 37 19 on
2910 2919 48 29 the
2970 2919 72 34 lode,
3061 2921 89 28 which
3163 2922 23 28 is
3245 2922 54 29 feet
3317 2923 70 29 wide

2753 2955 30 28 in
2804 2955 47 29 the
2870 2955 67 37 face,
2960 2957 55 29 and
3034 2957 48 30 the
3098 2958 76 29 show
3194 2959 31 28 of
3245 2960 63 35 gold
3330 2959 57 29 still

2753 2994 80 36 good.
2868 2994 124 38 Judging
3020 2995 72 30 from
3115 2997 49 29 the
3187 2997 121 38 locality,
3339 2999 47 29 the

2753 3032 84 37 ready
2860 3041 98 21 means
2981 3034 47 29 the
3058 3043 137 29 company
3224 3044 107 29 possess
3360 3037 30 29 of

2754 3070 101 37 raising
2874 3071 73 29 their
2958 3072 73 32 stuff,
3054 3072 71 30 their
3146 3074 72 29 close
3238 3076 149 36 proximity

2753 3108 55 29 and
2826 3110 161 29 connection
3006 3111 66 28 with
3085 3121 17 19 a
3115 3112 116 37 battery,
3251 3114 67 28 with
3339 3114 47 28 the

2754 3147 136 30 favorable
2903 3157 169 30 appearance
3091 3150 31 28 of
3131 3150 47 30 the
3195 3150 61 31 lode
3275 3152 111 37 already

2753 3187 164 31 uncovered,
2931 3187 55 29 and
2998 3187 47 30 the
3058 3192 92 26 extent
3162 3189 85 37 likely
3254 3195 47 30 yet
3313 3194 29 26 to
3353 3191 34 29 be

2753 3224 146 38 explored;
2915 3225 117 37 judging
3044 3226 70 29 from
3127 3228 77 28 these
3222 3228 164 30 indications

2754 3263 21 30 it
2795 3264 24 29 is
2838 3263 85 39 likely
2936 3268 29 27 to
2977 3269 145 26 eventuate
3135 3265 61 31 that
3218 3267 29 29 in
3268 3267 48 31 the
3335 3277 34 20 im-

2754 3303 118 28 mediate
2885 3303 91 29 future
2989 3304 47 28 the
3050 3305 113 28 Reform
3176 3307 55 27 will
3251 3312 78 23 enter
3340 3308 47 28 the

2754 3340 60 30 lists
2826 3350 30 20 as
2869 3350 17 20 a
2898 3340 246 40 dividend-paying
3156 3343 84 30 mine.

2790 3380 83 29 Some
2903 3382 50 27 stir
2976 3381 51 30 has
3055 3382 68 29 been
3152 3383 100 29 caused
3275 3394 36 19 on
3341 3383 47 30 the

2755 3426 83 26 range
2850 3417 123 31 between
2986 3419 160 29 Boatman's
3167 3421 86 28 Creek
3266 3422 56 27 and
3340 3423 47 28 the

2755 3455 150 31 Left-hand
2917 3456 109 31 Branch
3040 3457 37 38 by
3089 3458 47 30 the
3152 3458 108 38 finding
3271 3460 32 29 of
3311 3470 76 20 some

2755 3503 66 28 very
2844 3495 59 28 rich
2926 3497 159 35 specimens.
3122 3497 59 28 The
3209 3499 107 35 ground
3336 3499 52 28 has

2754 3532 38 29 all
2815 3531 69 30 been
2907 3533 105 37 pegged
3035 3537 48 26 out
3105 3534 102 34 before,
3232 3536 55 28 and
3311 3536 74 30 loose

2755 3573 88 33 stone,
2872 3572 161 38 containing
3061 3571 73 39 gold,
3157 3572 88 31 found
3275 3583 35 20 on
3340 3575 47 29 the

2755 3610 120 36 surface;
2896 3611 106 37 getting
3023 3620 36 21 on
3077 3611 48 30 the
3143 3613 78 29 track
3240 3613 31 30 of
3287 3614 66 34 this,
3371 3624 15 20 a

2755 3650 159 36 systematic
2925 3650 96 29 search
3029 3651 115 29 enabled
3155 3651 101 30 Messrs
3266 3653 122 38 Heaphy

2755 3687 55 30 and
2824 3687 162 39 M'Cafferty
2997 3691 29 27 to
3038 3698 119 21 uncover
3164 3690 47 30 the
3222 3691 62 30 lode
3296 3691 89 30 which

2755 3726 66 37 they
2833 3726 71 30 have
2922 3727 92 30 traced
3025 3728 44 29 for
3085 3728 84 29 about
3187 3731 51 28 100
3256 3730 64 33 feet,
3332 3731 56 28 and

2754 3765 23 29 it
2788 3764 91 30 shows
2889 3765 31 29 in
2931 3766 92 37 places
3039 3766 175 38 remarkably
3225 3768 72 36 good
3313 3769 73 35 gold.

2755 3803 58 28 The
2824 3803 61 28 reef
2894 3804 24 26 is
2929 3803 90 33 small,
3031 3804 58 32 but,
3102 3805 72 27 until
3191 3806 22 28 it
3225 3806 24 28 is
3266 3807 72 27 sunk
3351 3816 35 18 on

2754 3840 43 31 for
2809 3850 76 21 6ome
2897 3840 132 38 distance,
3040 3841 24 32 it
3075 3842 91 31 would
3184 3843 33 31 be
3231 3848 157 35 premature

2755 3883 28 25 to
2812 3889 157 28 pronounce
2997 3890 36 19 on
3063 3881 36 29 its
3132 3882 132 37 stability.
3300 3884 87 28 Three

2755 3916 87 31 leases
2854 3917 70 30 have
2939 3917 68 30 been
3019 3917 82 30 taken
3113 3928 38 29 up
3163 3921 29 27 in
3204 3920 47 29 the
3264 3920 122 38 vicinity.

2790 3956 35 29 In
2839 3956 114 38 Murray
2964 3956 88 30 Greek
3063 3957 48 30 the
3130 3961 74 27 most
3216 3959 172 37 satisfactory

2755 3994 82 28 items
2866 3994 31 29 of
2922 3995 109 36 mining
3063 3996 173 36 intelligence
3265 4006 46 20 are
3340 3998 48 29 the

2755 4032 106 38 weekly
2873 4035 110 27 returns
2993 4032 72 30 from
3078 4032 48 31 the
3141 4034 96 30 Venus
3248 4035 140 38 crushing,

2755 4071 71 30 from
2850 4071 90 30 which
2960 4081 66 28 may
3047 4072 33 30 be
3103 4073 131 37 gathered
3255 4074 62 30 that
3340 4075 48 30 the

2755 4110 177 35 cleaning-up
2955 4110 57 28 will
3035 4111 129 29 establish
3188 4112 49 28 the
3261 4113 75 35 yield
3360 4118 30 24 at

2755 4156 64 19 over
2831 4156 37 19 an
2880 4156 87 20 ounce
2974 4150 29 25 to
3011 4147 47 29 the
3072 4151 58 31 ton,
3139 4158 18 19 a
3165 4149 98 36 highly
3274 4150 114 37 pabable

2754 4185 74 38 yield
2840 4184 55 31 and
2907 4184 69 39 fully
2995 4195 42 29 up
3050 4189 30 27 to
3097 4187 195 38 expectations.
3328 4188 58 30 The

2755 4227 91 35 stopes
2870 4234 45 19 are
2939 4225 37 28 all
3000 4225 120 29 manned
3151 4236 62 19 now
3242 4227 68 29 with
3339 4229 48 28 the

2755 4264 136 29 intention
2915 4263 31 29 of
2965 4262 117 39 keeping
3101 4264 47 30 the
3167 4264 61 30 mill
3249 4266 83 37 going
3358 4276 30 19 as

2755 4301 66 37 long
2844 4311 31 19 as
2895 4302 126 36 possible.
3058 4303 107 28 Fifteen
3186 4304 84 28 heads
3291 4314 47 19 are
3359 4305 29 28 in

2757 4348 57 25 use,
2827 4339 50 31 but
2888 4340 48 30 the
2948 4339 108 39 battery
3067 4340 24 30 is
3103 4341 115 39 steadily
3226 4342 114 38 gaining
3352 4353 36 20 on

2755 4378 47 32 the
2830 4379 85 34 mine,
2944 4378 49 31 the
3017 4379 59 29 reef
3096 4379 82 38 being
3200 4382 92 28 small.
3327 4382 59 30 The

2755 4416 106 40 weekly
2878 4417 101 39 supply
2999 4418 31 30 of
3044 4421 78 27 stone
3143 4419 91 31 would
3253 4420 133 38 probably

2754 4456 69 37 keep
2835 4460 47 25 ten
2894 4457 85 28 heads
2990 4457 30 29 in
3032 4458 151 35 operation,
3195 4458 50 30 but
3261 4459 47 29 the
3326 4460 62 29 mill

2753 4493 56 29 will
2821 4493 84 37 likely
2915 4493 35 28 be
2962 4494 96 29 halted
3069 4495 43 28 for
3122 4504 18 19 a
3151 4496 77 32 time,
3245 4497 82 28 when
3340 4499 48 27 the

2753 4540 108 21 reserve
2881 4532 24 28 is
2917 4531 150 30 exhausted
3079 4532 30 29 in
3129 4532 80 36 order
3231 4536 28 28 to
3280 4533 41 31 fill
3340 4535 48 31 the

2753 4569 139 37 paddocks
2904 4570 42 28 for
2958 4580 16 18 a
2986 4570 73 28 fresh
3073 4574 78 25 start.

2788 4607 163 39 Operations
2963 4608 29 29 in
3010 4607 47 31 the
3069 4608 109 31 Golden
3189 4609 132 31 Treasure
3340 4620 46 21 are

2753 4647 56 28 still
2821 4646 127 30 confined
2960 4651 28 25 to
3001 4649 181 36 prospecting.
3219 4650 43 28 No
3280 4659 107 20 success

2753 4683 52 30 has
2828 4683 130 30 attended
2981 4684 49 28 the
3052 4685 94 29 search
3167 4686 43 28 for
3233 4686 47 30 the
3304 4688 82 28 north

2753 4722 80 31 block
2854 4731 65 22 over
2937 4722 70 31 level
3021 4723 52 30 No.
3086 4725 25 28 3.
3148 4724 75 30 Here
3240 4725 48 30 the
3310 4726 77 30 block

2753 4761 113 35 started,
2887 4761 54 30 and
2954 4771 17 20 a
2983 4761 54 30 rise
3049 4772 57 20 was
3123 4766 51 35 put
3194 4772 39 29 up
3250 4764 136 30 overhead

2753 4800 30 29 in
2795 4800 47 31 the
2852 4800 72 38 hope
2935 4800 32 30 of
2974 4800 107 39 finding
3093 4811 17 20 a
3121 4802 188 31 continuation
3321 4804 31 30 of
3364 4804 22 30 it

2753 4842 30 24 to
2805 4838 49 28 the
2875 4839 115 28 surface.
3028 4839 120 37 Seventy
3168 4841 54 28 feet
3244 4841 71 28 from
3339 4843 47 27 the

2755 4875 70 30 level
2837 4875 47 31 the
2901 4875 56 30 line
2979 4876 28 30 of
3026 4877 60 29 reef
3101 4886 56 20 was
3175 4878 95 29 driven
3289 4887 36 20 on
3345 4879 43 29 for

2754 4916 34 28 30
2799 4915 64 34 feet,
2876 4915 55 29 and
2944 4916 67 29 then
3023 4916 178 30 cross-cutted
3219 4917 59 29 into
3299 4917 87 30 either

2753 4953 73 35 wall,
2850 4953 62 31 that
2935 4958 29 26 to
2990 4954 48 30 the
3064 4958 67 26 west
3161 4954 82 38 being
3271 4965 62 20 now
3357 4956 27 29 in

2753 4991 85 29 hand.
2875 4992 35 28 In
2922 4992 49 29 the
2983 4993 84 29 lower
3080 4993 201 33 intermediate,
3294 4995 91 28 where

2753 5029 47 29 the
2814 5028 54 30 last
2880 5034 73 25 trace
2965 5031 31 28 of
3004 5030 48 29 the
3064 5031 80 28 block
3162 5040 56 20 was
3230 5032 94 33 found,
3338 5033 47 28 the

2753 5067 95 30 search
2867 5067 43 30 for
2931 5068 22 29 it
2972 5078 57 19 was
3040 5069 173 35 unavailing;
3232 5074 79 25 stone
3331 5080 55 19 was

2753 5106 94 33 found,
2859 5106 50 29 but
2920 5106 117 30 without
3047 5107 73 35 gold.
3157 5107 58 30 The
3235 5109 76 28 walls
3329 5109 54 32 had

2753 5144 54 30 lost
2826 5144 73 30 their
2920 5144 80 30 usual
3019 5145 132 35 underlie,
3164 5146 56 29 and
3237 5156 17 19 a
3272 5147 112 31 decided

2752 5184 106 36 change
2870 5184 135 36 appeared
3017 5184 30 29 in
3059 5184 48 30 the
3117 5189 124 33 country,
3250 5185 46 30 the
3306 5186 79 30 effect

2752 5222 163 35 apparently
2924 5224 27 25 oi
2958 5231 17 18 a
2982 5222 182 28 disturbance.
3183 5224 202 36 Cross-cutting

2752 5261 29 26 to
2798 5257 48 31 the
2866 5261 69 27 west
2953 5259 73 29 from
3047 5259 47 29 the
3114 5259 54 30 low
3188 5261 71 29 level
3278 5261 24 29 is
3323 5271 62 21 now

2752 5297 81 37 being
2845 5297 79 30 tried.

2786 5336 58 28 The
2865 5336 159 36 Inglewood
3047 5338 24 27 is
3094 5338 58 28 still
3174 5338 139 37 crushing,
3338 5341 47 28 the

2751 5377 109 26 returns
2871 5374 71 29 from
2956 5374 46 29 the
3016 5375 87 37 plates
3115 5375 153 38 indicating
3284 5387 15 19 a
3312 5379 72 36 yield

2751 5412 32 30 of
2798 5412 69 37 fully
2888 5422 36 20 an
2937 5423 86 20 ounce
3044 5419 29 24 to
3094 5414 46 31 the
3160 5419 58 26 ton.
3255 5417 58 30 The
3331 5419 58 29 reef

2751 5450 30 28 in
2794 5450 55 29 this
2862 5450 75 29 mine
2950 5452 146 29 resembles
3114 5454 47 27 the
3178 5454 93 29 blocks
3290 5457 29 27 in
3338 5457 47 28 the

2751 5489 162 31 Boatman's
2925 5489 114 36 district,
3052 5490 42 31 for
3107 5491 22 30 it
3141 5492 24 29 is
3179 5502 65 30 very
3265 5494 80 31 liable
3357 5499 28 26 to

2751 5530 93 37 pinch.
2880 5531 59 28 One
2959 5530 55 38 day
3035 5531 91 30 shows
3145 5543 17 19 a
3183 5534 69 35 good
3277 5536 58 29 face
3359 5537 31 28 of

2751 5572 79 24 stone
2848 5568 29 27 in
2895 5568 37 27 all
2944 5568 48 28 the
3004 5573 100 32 stopes,
3117 5571 48 28 the
3183 5576 66 25 next
3266 5574 78 28 there
3363 5576 22 26 is

2753 5615 65 27 very
2849 5606 70 29 little
2943 5608 58 27 reef
3027 5608 104 29 visible.
3167 5610 59 29 The
3256 5612 129 30 foot-wall

2752 5643 88 28 Varies
2853 5644 47 27 the
2915 5649 82 29 most,
3010 5646 22 27 it
3053 5645 81 35 being
3151 5649 173 36 continually
3337 5660 32 18 un-

2751 5681 127 39 dulating
2890 5682 54 30 and
2957 5682 120 38 forming
3091 5683 90 39 ridges
3198 5687 55 29 and
3273 5687 115 31 hollows

2751 5730 37 18 on
2800 5721 90 28 which
2904 5722 46 28 the
2961 5723 59 28 reef
3028 5723 24 28 is
3063 5723 94 33 found,
3173 5735 65 20 ever
3249 5728 139 35 widening

2752 5757 55 30 and
2836 5759 180 37 contracting.
3052 5760 44 29 No
3125 5762 79 28 other
3233 5763 76 28 work
3338 5764 50 29 but

2752 5797 109 38 stoping
2884 5798 23 28 is
2931 5798 163 38 proceeding
3122 5800 29 29 in
3182 5800 48 30 the
3260 5803 75 30 mine
3358 5810 29 23 at

2753 5841 118 32 present,
2882 5836 38 28 all
2932 5837 92 29 efforts
3035 5838 82 36 being
3135 5840 65 28 used
3219 5844 29 24 to
3260 5841 68 37 keep
3341 5843 46 28 the

2753 5875 106 40 battery
2872 5876 68 39 fully
2953 5876 126 39 supplied
3092 5877 66 32 with
3171 5882 86 29 stoue.

3458 247 57 27 The
3531 246 209 38 Keep-it-Dark,
3759 248 91 33 owing
3862 252 28 23 to
3910 257 75 20 some
4005 250 39 29 dis-

3423 292 65 31 pute
3501 287 28 28 in
3543 287 46 28 the
3610 291 102 24 matter
3732 286 31 29 of
3774 296 99 27 wages,
3893 296 45 21 are
3957 288 100 37 calling

3425 326 41 27 for
3489 326 110 26 tenders
3621 326 41 26 for
3686 325 111 34 sinking
3818 326 46 27 the
3884 327 76 26 main
3984 328 73 28 shaft

3423 364 51 29 180
3495 364 62 28 feet.
3593 363 59 29 The
3666 367 91 33 stopes
3769 363 96 36 betray
3884 373 36 20 no
3942 365 115 35 change,

3421 403 54 27 and
3490 404 46 26 the
3545 403 114 34 battery,
3671 403 53 27 like
3736 403 46 27 the
3793 404 80 32 mint,
3884 404 23 27 is
3917 407 140 35 stamping

3421 446 48 25 out
3482 442 35 29 its
3530 441 128 37 monthly
3672 440 120 36 shilling.

3456 481 57 28 The
3526 480 76 29 work
3614 481 31 27 of
3651 480 106 35 bailing
3769 481 46 28 the
3834 481 74 29 shaft
3920 481 51 31 has
3983 494 54 19 com-

3420 519 114 27 menced
3548 523 30 22 at
3587 519 47 27 the
3648 519 54 27 Nil.
3739 519 89 28 There
3838 520 23 27 is
3872 530 16 17 a
3899 522 157 33 fortnight's

3421 555 104 34 bailing
3542 555 131 36 probably
3695 557 28 27 in
3746 556 46 29 the
3812 558 117 36 ground.
3967 559 88 29 When

3420 594 56 29 this
3495 596 23 27 is
3541 594 202 38 accomplished
3763 604 76 20 some
3853 597 102 36 repairs
3968 601 27 25 to
4009 598 47 29 the

3419 634 75 29 shaft
3512 634 56 29 will
3588 634 33 29 be
3643 634 129 29 executed
3785 634 128 38 previous
3931 640 28 25 to
3971 636 84 39 doing

3419 682 56 26 any
3487 673 75 28 work
3571 673 96 28 below.

3454 710 58 28 The
3525 711 152 28 Inkerman
3689 712 24 27 is
3722 720 63 19 now
3792 712 130 34 crushing
3933 714 31 26 16
3972 713 84 29 hours

3419 748 92 37 a-day.
3548 750 36 28 At
3609 748 54 30 this
3684 753 59 25 rate
3767 749 47 29 the
3839 749 139 38 paddocks
4000 752 57 29 wi'l

3420 797 66 19 soon
3501 788 31 28 be
3550 788 130 37 emptied,
3701 788 42 30 for
3755 788 47 30 the
3816 789 98 38 supply
3935 790 31 29 of
3979 794 77 27 stone

3421 825 69 29 from
3504 827 46 27 the
3564 827 75 28 mine
3652 827 23 28 is
3695 827 124 36 growing
3840 832 86 29 scant,
3939 828 55 29 and
4007 830 49 29 the

3422 863 81 28 lower
3524 865 54 27 end
3598 867 27 26 of
3646 865 48 28 the
3718 865 78 28 block
3820 875 90 19 seems
3933 870 29 25 to
3986 868 70 28 have

3421 901 68 28 been
3520 901 124 30 reached.
3681 903 41 28 Its
3752 903 201 33 continuation,
3983 905 55 29 how-

3421 950 71 22 ever,
3506 941 23 28 is
3541 941 57 30 still
3610 952 16 18 a
3639 947 102 24 matter
3759 942 31 29 of
3805 943 183 38 uncertainty,
4008 944 48 30 but

3423 979 45 28 the
3490 980 76 28 work
3588 981 31 28 of
3635 981 47 28 the
3695 985 66 25 next
3772 982 100 29 month
3893 982 56 29 will
3969 984 71 29 deter-

3423 1017 73 28 mine
3510 1018 69 28 that.

3456 1056 37 28 At
3505 1056 47 28 the
3571 1056 96 35 Globe,
3680 1065 68 21 once
3760 1066 51 20 our
3824 1058 76 28 main
3919 1058 71 38 hope
4002 1060 55 28 and

3422 1098 71 31 stay,
3509 1094 48 28 but
3570 1095 61 27 four
3642 1104 65 18 men
3720 1105 46 18 are
3785 1097 123 33 eugaged
3921 1103 120 30 prospect-

3422 1130 55 34 ing.
3521 1131 82 29 News
3626 1133 72 27 from
3722 1133 63 29 that
3816 1138 112 31 quarter
3957 1135 23 27 is
4009 1139 50 25 not

3422 1168 138 38 cheering,
3574 1169 59 35 but,
3679 1170 71 38 hope
3762 1172 109 37 springs

3916 1211 109 29 THADY.

3524 1296 123 30 NOTES
3666 1296 106 32 FROM
3792 1300 160 28 NELSON.

3482 1385 85 34 (from
3586 1394 56 19 our
3661 1394 63 19 own
3742 1390 255 34 correspondent.)

3681 1463 142 33 Tuesday,
3837 1465 97 28 March
3949 1467 74 28 16tli.

3583 1520 61 22 LAW
3662 1521 81 21 COSTS
3761 1523 135 22 LOOMING.

3454 1559 60 30 The
3534 1560 62 29 Nile
3618 1564 83 26 street
3722 1561 154 38 triumphal
3898 1563 66 30 arch
3984 1564 58 30 busi-

3421 1607 63 18 ness
3509 1608 79 18 came
3612 1599 92 28 before
3729 1600 48 28 the
3797 1601 65 35 City
3884 1602 116 29 Council
4017 1610 42 22 tor

3422 1635 203 30 consideration
3637 1639 29 26 at
3679 1636 71 30 their
3762 1637 79 29 usual
3856 1641 130 33 meeting,
4000 1643 55 27 and

3421 1683 16 19 a
3461 1674 83 28 claim
3569 1674 71 28 from
3666 1675 47 28 the
3727 1676 132 29 deceased
3882 1678 88 36 Holly
3972 1680 86 28 well's

3421 1712 230 36 representatives
3665 1722 57 19 was
3735 1714 60 29 first
3807 1714 150 31 discussed.
3995 1718 63 29 The

3422 1750 138 28 Council's
3572 1750 116 37 lawyers
3700 1751 112 29 advised
3833 1754 61 28 that
3915 1755 66 37 they
4000 1756 57 29 had

3422 1796 37 21 no
3472 1788 71 33 legal
3560 1788 94 34 claim,
3667 1798 30 19 as
3719 1789 46 29 the
3785 1790 130 30 deceased
3934 1794 56 28 and
4009 1795 47 28 the

3421 1826 81 29 other
3520 1826 108 36 injured
3649 1836 65 19 men
3737 1837 70 20 were
3829 1834 48 24 not
3899 1831 29 28 in
3941 1831 46 29 the
4000 1842 38 18 em-

3422 1864 65 38 ploy
3499 1865 30 28 of
3538 1865 47 28 the
3598 1864 126 29 Council.
3760 1865 39 30 Of
3818 1877 94 20 course
3931 1869 48 29 the
3994 1870 48 29 law-

3421 1912 64 28 yers
3498 1902 91 29 would
3606 1903 62 37 give
3685 1904 63 29 that
3760 1905 125 37 opinion,
3898 1907 23 29 if
3931 1908 67 38 they
4011 1910 47 27 did

3422 1942 145 29 otherwise
3579 1942 68 36 they
3659 1944 90 27 would
3762 1944 32 29 be
3809 1945 89 38 guilty
3911 1947 30 28 of
3951 1958 15 18 a
3975 1958 83 24 grave

3422 1980 104 27 offence
3539 1986 109 29 against
3661 1982 47 26 the
3719 1982 219 30 time-honoured
3950 1991 107 24 custom

3423 2018 30 29 of
3470 2018 125 37 lawyers,
3609 2017 92 30 whose
3722 2020 78 29 creed
3813 2020 23 30 is
3848 2021 154 39 litigation;
4023 2034 35 20 no

3423 2061 102 24 matter
3537 2057 74 28 what
3624 2066 66 27 may
3703 2057 33 29 be
3749 2059 48 29 the
3810 2062 95 27 merits
3917 2063 31 27 of
3957 2073 17 18 a
3987 2073 71 19 case.

3425 2094 74 30 Such
3524 2104 36 20 an
3585 2097 180 36 opportunity
3788 2100 28 26 of
3846 2102 126 35 entering
4000 2102 60 29 into

3423 2135 73 28 their
3508 2134 157 29 costs-book
3684 2135 38 29 fat
3736 2136 56 29 fees
3805 2138 106 30 seldom
3924 2151 92 19 comes
4030 2144 29 26 in

3424 2172 47 28 the
3491 2181 62 27 way
3572 2172 32 27 of
3621 2182 16 18 a
3658 2172 71 34 legal
3751 2175 63 28 firm
3835 2177 28 26 in
3878 2177 112 34 Nelson,
4004 2180 56 27 and

3424 2210 67 36 they
3504 2210 81 29 could
3597 2215 48 24 not
3659 2211 70 29 have
3743 2212 67 29 been
3820 2217 130 34 expected
3962 2221 28 25 to
3999 2219 60 32 give

3425 2257 55 27 auy
3504 2253 79 23 otner
3607 2249 94 27 advice
3725 2255 28 23 at
3775 2251 47 28 the
3844 2259 111 29 present
3971 2260 88 31 stage.

3426 2286 52 30 We
3508 2297 67 27 may
3599 2286 135 32 therefore
3758 2295 96 33 expect
3877 2302 16 19 a
3917 2294 83 29 series

3425 2328 134 33 Supreme
3575 2327 85 27 Court
3672 2328 115 33 actions,
3800 2331 90 27 which
3900 2332 54 28 will
3963 2333 98 28 absorb

3425 2363 47 30 the
3485 2363 82 29 funds
3580 2364 30 29 of
3625 2363 47 30 the
3692 2369 167 35 ratepayers,
3872 2369 55 29 and
3948 2375 95 25 eventu-

3425 2404 57 28 allv
3505 2405 60 33 give
3590 2405 168 27 satisfaction
3785 2410 27 24 to
3837 2408 118 36 nobody.
4001 2412 59 27 The

3425 2440 71 37 legal
3522 2440 120 29 advisers
3672 2443 27 27 of
3729 2443 48 28 the
3807 2444 179 37 Corporation
4010 2457 50 27 say

3426 2479 76 30 there
3516 2479 23 30 is
3552 2490 36 19 no
3601 2490 62 19 case
3681 2482 109 34 against
3810 2483 72 30 their
3901 2484 105 32 clients.
4046 2487 13 29 I

3426 2528 46 18 am
3484 2528 37 18 no
3534 2519 111 35 lawyer,
3659 2520 48 27 but
3720 2531 30 17 as
3762 2531 17 18 a
3800 2523 123 35 layman,
3937 2526 65 27 with
4024 2537 36 16 an

3426 2566 116 26 average
3550 2561 117 25 amount
3677 2558 30 28 of
3717 2568 128 21 common
3856 2570 87 26 sense,
3955 2563 15 28 I
3980 2563 81 29 think

3425 2596 78 28 there
3517 2596 24 28 is
3554 2606 16 18 a
3583 2606 71 24 case,
3663 2598 56 28 and
3732 2598 79 29 when
3823 2599 47 29 the
3877 2601 83 36 judge
3969 2612 91 19 comes

3425 2639 28 25 to
3473 2644 62 19 sum
3558 2643 47 29 up,
3618 2636 57 28 and
3694 2636 47 29 the
3760 2638 63 37 jury
3842 2642 29 26 to
3883 2645 93 24 return
3990 2642 71 28 their

3425 2673 112 33 verdict,
3551 2674 14 27 I
3579 2674 79 28 tlnnk
3670 2675 22 28 it
3705 2676 57 28 will
3774 2686 109 20 assume
3895 2681 159 33 something

3425 2711 30 29 of
3473 2712 55 27 this
3549 2713 70 27 form
3633 2720 6 20 :
3687 2713 59 29 The
3767 2714 162 32 defendants
3949 2719 29 27 in
4000 2719 58 28 this

3425 2760 60 19 case
3505 2749 153 31 undertook
3677 2761 16 19 a
3714 2753 104 29 certain
3840 2756 84 31 work,
3949 2761 29 25 to
4001 2758 58 33 wit,

3423 2789 49 28 the
3484 2789 123 35 building
3616 2790 31 27 of
3656 2800 17 18 a
3685 2790 76 29 brick
3774 2793 115 34 culvert,
3902 2796 47 27 the
3961 2796 96 33 design

3424 2826 54 29 and
3492 2826 164 38 description
3669 2827 30 29 of
3717 2829 90 29 which
3830 2832 75 28 work
3924 2842 56 19 was
3999 2843 45 28 pre-

3423 2866 84 37 pared
3521 2866 36 36 by
3569 2866 87 33 them,
3668 2867 55 28 and
3736 2868 47 29 the
3802 2871 126 29 material
3947 2873 41 27 for
4009 2873 47 27 the

3422 2913 77 19 same
3512 2913 57 19 was
3579 2904 58 28 also
3657 2906 130 35 provided
3807 2907 37 35 by
3865 2909 46 27 the
3931 2911 59 27 said
4011 2911 30 28 de-

3421 2941 139 32 fendants,
3572 2941 63 29 who
3647 2942 58 29 also
3713 2946 148 34 appointed
3869 2956 36 17 an
3919 2947 138 37 inspector

3422 2982 29 25 to
3463 2977 84 30 direct
3559 2978 48 29 the
3616 2987 116 21 manner
3743 2980 29 28 in
3785 2981 92 30 which
3899 2985 47 28 the
3968 2986 72 35 plain-

3423 3017 55 28 tiffs
3497 3017 98 28 should
3614 3027 78 27 carry
3713 3027 36 20 on
3769 3019 48 29 the
3838 3022 59 28 said
3915 3023 74 29 work
4002 3024 54 28 and

3421 3064 49 19 use
3485 3055 46 28 the
3544 3055 58 28 said
3617 3056 155 35 materials;
3792 3058 46 29 the
3848 3060 58 28 said
3919 3066 139 31 inspector

3421 3093 104 34 having
3546 3102 91 28 power
3658 3097 28 25 to
3703 3097 108 35 compel
3823 3097 47 29 the
3882 3099 132 36 plaintiffs
4028 3106 28 22 to

3421 3132 59 36 pull
3495 3131 79 29 down
3589 3141 55 27 any
3657 3132 128 30 deficient
3797 3136 75 28 work
3884 3137 55 28 and
3952 3138 106 29 rebuild

3423 3170 49 29 the
3484 3180 76 20 same
3572 3174 29 25 to
3614 3170 42 30 his
3677 3172 168 30 satisfaction
3856 3183 7 25 ;
3885 3175 55 29 and
3960 3177 28 28 in
4011 3177 47 29 the

3421 3210 189 35 performance
3624 3210 30 28 of
3673 3211 46 27 the
3733 3212 60 28 said
3804 3214 76 27 work
3901 3215 89 28 under
4009 3217 49 28 the

3421 3246 60 30 said
3494 3247 169 38 supervision
3682 3248 47 28 the
3753 3254 135 27 structure
3911 3254 147 37 collapsed,

3421 3287 113 35 causing
3546 3286 47 30 the
3607 3287 112 38 injuries
3738 3290 175 37 complained
3926 3294 36 27 of.
3999 3293 59 30 The

3421 3325 19 27 d
3456 3325 138 27 fendant's
3618 3326 81 27 claim
3719 3327 61 29 that
3801 3330 47 26 the
3869 3331 109 35 injured
3993 3341 65 18 men

3422 3372 70 21 were
3513 3363 146 37 employed
3680 3363 37 39 by
3736 3365 47 30 the
3805 3372 169 26 contractors
3997 3370 23 29 is
4033 3370 31 30 of

3422 3412 36 17 no
3472 3402 81 32 avail,
3567 3412 30 18 as
3609 3403 47 28 the
3669 3414 81 19 cause
3762 3407 31 26 of
3810 3407 46 28 the
3870 3409 124 28 accident
4004 3419 56 19 was

3421 3439 88 36 faulty
3534 3440 94 36 design
3647 3441 56 28 and
3722 3441 148 32 inefficient
3891 3446 164 35 inspection.

3422 3478 114 30 Verdict
3556 3479 41 29 for
3616 3480 121 36 plaintiff
3745 3481 41 29 for
3798 3483 130 35 damages
3941 3485 117 29 claimed

3422 3517 55 27 and
3491 3521 71 24 costs
3574 3526 36 19 on
3622 3518 109 36 highest
3877 3523 137 36 Applause
4027 3525 31 28 in

3422 3555 95 33 Court,
3538 3555 92 28 which
3654 3565 57 20 was
3734 3560 138 36 promptly
3896 3562 162 36 suppressed

3422 3593 36 38 by
3472 3593 46 29 the
3530 3594 154 35 intelligent
3696 3596 136 31 members
3853 3598 31 30 of
3900 3599 46 30 the
3960 3600 97 37 police,

3422 3633 63 28 who
3509 3642 69 20 were
3604 3636 180 35 conspicuous
3808 3637 37 37 by
3868 3638 71 29 their
3964 3641 97 35 manly

3423 3671 113 38 bearing
3557 3672 28 28 in
3606 3673 46 29 the
3672 3674 92 37 trying
3776 3676 92 29 ordeal
3880 3678 66 36 they
3960 3678 54 29 had
4029 3684 29 24 to

3422 3709 90 30 suffer.
3552 3710 48 29 We
3612 3715 101 27 cannot
3725 3713 81 29 allow
3823 3715 54 29 this
3890 3718 125 28 occasion
4029 3723 28 23 to

3422 3757 64 29 pass
3498 3748 118 31 without
3627 3751 158 37 remarking
3804 3753 61 30 that
3877 3763 81 30 every
3970 3756 86 29 credit

3421 3788 24 27 is
3466 3788 54 27 due
3539 3792 28 24 to
3588 3789 48 28 the
3656 3789 108 34 gallant
3783 3792 138 36 inspector
3941 3794 56 28 and
4010 3795 47 28 the

3423 3824 87 30 active
3522 3825 56 28 and
3595 3828 167 34 respectable
3783 3829 105 29 officers
3908 3832 87 28 under
4014 3833 43 27 his

3423 3864 157 34 command,
3595 3864 41 30 for
3648 3866 48 29 the
3715 3867 85 37 really
3819 3869 104 30 artistic
3941 3880 117 21 manner

3424 3902 30 27 in
3477 3902 91 28 which
3593 3904 72 28 their
3688 3906 52 27 No.
3767 3908 30 26 11
3830 3908 125 29 bluchers
3985 3919 72 18 were

3423 3939 141 38 polished;
3589 3941 67 37 they
3680 3951 70 21 were
3769 3944 87 38 really
3873 3946 183 37 resplendent.

3425 3978 96 35 (Thus,
3542 3979 48 29 the
3611 3980 65 37 Slop
3696 3981 127 36 Bucket.)
3859 3985 58 28 But
3938 3985 55 29 this
4005 3986 23 28 is
4041 3995 17 20 a

3423 4016 160 36 digression,
3605 4018 56 29 and
3685 4019 15 28 I
3719 4024 75 25 must
3811 4025 46 32 get
3878 4023 70 29 back
3967 4027 28 25 to
4009 4024 47 29 tlio

3425 4054 123 30 Council.

3523 4112 205 23 SYMPATHISING
3746 4115 63 21 CITY
3827 4116 133 22 FATHERS.

3458 4150 79 28 Then
3550 4159 77 20 came
3640 4161 75 19 some
3725 4154 87 36 really
3820 4156 147 29 creditable
3979 4158 63 27 char-

3424 4187 82 31 itable
3518 4191 156 29 utterinces
3695 4190 72 31 from
3787 4192 47 30 the
3847 4194 109 30 various
3969 4205 63 20 mem-

3424 4227 61 29 bers
3495 4236 8 25 ;
3521 4227 93 30 whose
3636 4229 87 30 desire
3744 4231 23 29 it
3779 4241 56 19 was
3848 4236 28 25 to
3888 4234 67 28 send
3967 4236 90 28 round

3424 4265 48 30 the
3492 4265 48 30 hat
3561 4269 28 27 to
3608 4267 98 31 collect
3727 4269 110 36 enough
3858 4275 29 25 to
3907 4272 90 30 solace
4010 4274 48 29 the

3424 4304 108 37 injured
3544 4314 76 20 ones.
3656 4307 67 29 This
3735 4309 92 28 would
3840 4320 83 18 mean
3935 4311 30 29 in
3977 4312 80 29 effect

3425 4342 61 30 that
3497 4343 48 29 the
3565 4343 116 30 Council
3699 4346 69 29 wish
3786 4347 47 29 the
3854 4354 158 32 ratepayers
4031 4355 28 25 to

3424 4381 139 31 subscribe
3595 4383 168 39 voluntarily
3786 4385 62 30 that
3871 4388 91 29 which
3992 4389 67 37 they

3424 4420 56 29 will
3492 4422 158 37 eventually
3661 4422 71 31 have
3745 4428 29 26 to
3781 4434 55 29 pay
3845 4428 213 37 compulsorily;

3424 4459 68 29 with
3516 4460 55 30 this
3597 4461 154 36 difference,
3775 4464 63 30 that
3860 4466 30 28 in
3911 4467 47 28 the
3979 4467 82 30 latter

3424 4506 61 19 case
3496 4498 49 28 the
3558 4499 101 35 special
3671 4504 58 24 rate
3742 4503 91 27 would
3845 4503 33 28 be
3896 4504 163 29 distributed

3424 4534 120 39 equally,
3557 4535 55 30 and
3624 4536 29 29 in
3674 4537 47 30 the
3741 4538 80 30 other
3833 4549 62 21 case
3907 4542 31 28 in
3950 4543 94 28 accord-

3424 4582 68 19 ance
3513 4574 68 28 with
3601 4575 47 28 the
3672 4575 154 37 burgesses'
3849 4581 156 36 generosity
4027 4591 32 18 or

3423 4610 157 38 stinginess,
3592 4622 31 20 or
3634 4622 31 20 as
3678 4613 73 30 their
3767 4615 115 38 feelings
3894 4617 90 37 might
3996 4619 62 29 lead

3423 4650 86 28 them.
3547 4651 36 28 So
3604 4651 62 29 that
3686 4653 56 28 this
3762 4654 118 30 childish
3899 4661 118 32 attempt
4029 4663 29 23 to

3422 4687 84 29 evade
3518 4697 17 19 a
3547 4688 110 29 lawsuit
3664 4699 57 19 was
3730 4691 123 35 shelyed.
3888 4694 79 28 Then
3977 4704 79 19 came

3422 4734 36 21 on
3471 4725 47 30 the
3530 4727 127 36 question
3675 4728 31 30 of
3723 4728 47 30 the
3791 4731 134 37 evening:
3974 4733 84 29 What

3422 4767 29 26 to
3472 4764 35 30 do
3528 4765 68 29 with
3617 4766 48 29 the
3691 4766 91 31 bricks
3803 4770 30 28 in
3857 4771 47 29 the

3422 4802 58 31 The
3492 4805 57 35 city
3559 4806 131 35 engineer
3700 4808 111 30 wanted
3829 4812 30 27 to
3877 4820 34 26 go
3933 4819 35 21 on
3988 4811 67 30 with

3422 4841 47 28 the
3490 4842 75 27 work
3586 4848 29 23 at
3636 4844 44 27 his
3699 4854 64 19 own
3782 4847 56 28 risk
3857 4849 56 27 and
3930 4859 127 26 expense.

3423 4878 82 29 Some
3518 4881 125 28 cautious
3655 4882 92 36 spirits
3759 4885 110 28 wanted
3881 4894 77 20 more
4012 4896 29 20 ex-

3422 4921 59 33 pert
3527 4918 134 37 opinions,
3675 4921 55 28 and
3742 4931 77 20 some
3831 4923 133 30 admirers
3975 4926 64 28 coul
4047 4926 12 28 1

3421 4959 50 25 not
3486 4956 80 30 think
3587 4957 72 30 their
3679 4968 133 28 survej'or
3824 4971 56 20 was
3893 4972 103 29 wrong,
4009 4965 50 29 but

3422 4994 93 29 rather
3536 4998 29 25 to
3586 4995 33 29 be
3640 4997 134 30 condoled
3793 5000 67 29 with
3882 5001 42 29 for
3944 5002 43 29 his
4000 5003 40 28 dis-

3422 5033 200 36 appointment,
3634 5035 57 29 and
3702 5036 47 28 the
3762 5037 166 31 obstructive
3940 5041 118 28 attitude

3422 5071 30 27 of
3460 5070 47 29 the
3520 5075 176 27 contractors.
3732 5075 80 30 Then
3824 5076 47 31 the
3889 5078 153 31 demonstra-

3421 5108 55 29 tive
3489 5110 151 30 councillor
3659 5112 71 29 from
3750 5113 48 30 the
3819 5116 66 29 Port
3907 5118 94 28 struck
4023 5128 37 19 an

3421 5147 127 34 attitude,
3561 5149 57 29 and
3629 5160 69 26 gave
3710 5152 74 29 forth
3796 5153 47 29 the
3862 5156 150 29 sentiment
4032 5157 29 29 of

3422 5186 46 30 the
3480 5188 126 36 evening.
3671 5190 87 31 There
3768 5193 23 28 is
3803 5192 48 30 but
3859 5203 51 21 one
3920 5198 138 34 engineer,

3420 5225 56 27 and
3489 5226 105 28 Howell
3606 5229 24 26 is
3651 5228 44 28 his
3892 5233 64 28 And
3968 5235 22 27 it
4003 5245 57 17 was

3420 5262 124 29 resolved
3558 5264 62 30 that
3631 5266 92 38 owing
3737 5271 28 24 to
3778 5267 46 29 the
3833 5269 146 30 distressed
3989 5275 71 26 state

3422 5301 30 29 of
3470 5301 48 29 the
3539 5304 151 34 engineer's
3709 5306 89 35 mind,
3810 5308 56 29 and
3888 5309 47 30 the
3953 5310 107 30 unkind

3422 5341 103 29 verdict
3548 5343 31 27 of
3600 5344 46 28 the
3670 5349 136 25 coroner's
3827 5348 74 36 jury,
3926 5349 62 30 that
4012 5351 47 28 the

3421 5379 80 36 plans
3514 5380 56 28 and
3582 5381 200 36 specifications
3794 5385 101 29 should
3907 5386 33 29 be
3953 5393 61 24 sent
4029 5393 28 24 to

3424 5418 44 29 Mr
3481 5418 127 31 Blackett
3626 5421 29 28 in
3676 5421 179 39 Wellington,
3868 5426 55 29 and
3942 5427 43 29 for
4005 5428 56 29 fear

3422 5457 60 28 that
3494 5461 76 33 great
3582 5459 143 38 authority
3736 5461 98 29 should
3847 5469 48 23 not
3907 5465 34 28 be
3958 5466 61 29 able
4031 5470 28 25 to

3422 5499 103 26 master
3548 5496 48 30 the
3620 5497 117 38 original
3761 5503 162 38 conception
3954 5504 31 30 of
4012 5505 47 30 the

3422 5536 119 35 culvert;
3561 5537 46 30 the
3626 5538 127 38 designer
3763 5541 32 29 of
3813 5542 46 30 the
3871 5546 186 29 construction

3422 5575 99 27 should
3542 5586 171 28 accompany
3732 5580 78 27 them
3822 5586 29 22 to
3871 5584 110 35 explaiu
4001 5585 57 27 and

3422 5613 118 29 declaim
3563 5624 36 19 on
3620 5615 73 30 their
3712 5622 97 24 merits
3828 5619 56 29 and
3906 5622 152 37 ingenuity,

3424 5652 54 26 and
3502 5657 93 23 return
3622 5657 28 24 to
3675 5654 46 28 the
3748 5656 95 28 bosom
3867 5660 32 25 of
3926 5661 47 26 the
4002 5662 57 30 citv

3423 5689 103 31 fathers
3556 5690 67 32 with
3655 5692 129 37 blushing
3817 5695 101 31 honors
3949 5708 35 19 on
4015 5699 44 29 his

3422 5729 84 27 brow.
3542 5731 89 29 There
3645 5732 23 28 is
3680 5742 16 18 a
3709 5735 110 28 curious
3835 5737 114 35 parallel
3968 5739 28 27 in
4009 5739 47 28 the

3423 5765 90 37 public
3524 5767 107 37 history
3644 5770 30 27 of
3685 5770 46 29 the
3753 5773 130 34 engineer
3900 5780 30 22 to
3943 5775 46 29 the
4001 5777 56 34 city

3422 5804 56 30 and
3502 5805 46 29 the
3577 5809 129 35 engineer
3730 5815 28 25 to
3783 5812 46 29 the
3854 5813 107 37 colony.
3998 5815 58 28 The

3422 5843 102 28 former
3543 5845 112 30 learned
3674 5849 75 27 what
3769 5850 69 28 little
3857 5852 35 28 he
3914 5852 95 30 knows
4030 5854 31 28 of

3422 5882 47 30 the
3489 5883 152 39 profession
3662 5885 37 40 by
3720 5889 220 37 experimenting
3961 5897 28 26 at
4010 5892 47 31 the

1374 91 115 38 THE
1546 92 185 39 LYELL
1786 92 185 46 TIMES,
2029 94 306 48 SATURDAY,
2397 94 193 42 MARCH
2646 110 55 34 20,
2761 99 101 40 1886.

195 214 234 33 Government
451 213 149 33 Notices.

186 337 23 28 v
213 357 6 8 -
581 336 17 30 R-

133 424 157 29 MISSING
316 423 167 30 FRIENDS
510 423 148 30 NOTICE.

82 517 284 65 INFORMATION
387 518 151 36 respecting
550 517 46 29 the
608 517 85 30 where-

154 556 96 31 about*
262 557 54 30 and
328 557 159 38 occupation
500 557 31 28 of
545 556 47 29 the
611 557 81 29 under-

80 596 158 29 mentioned
250 606 111 26 persona
380 597 23 28 is
425 595 162 30 WANTED
608 595 36 37 by
663 596 47 29 the

80 635 142 36 Secretary
235 634 30 29 of
274 634 46 29 the
334 635 117 28 General
465 635 64 28 Post
541 634 99 29 Office:

79 681 77 29 John
180 681 144 30 Cameron.
360 681 75 29 Cook
458 690 31 20 or
507 679 91 31 baker.
634 681 56 29 Emi-

115 721 94 33 grated
228 726 27 24 to
268 721 66 29 New
348 720 119 30 Zealand
479 724 54 26 two
552 729 80 28 jears
649 730 59 25 ago.

115 759 53 28 His
174 759 118 33 brother,
301 759 127 29 Kenneth
438 760 143 34 Cameron,
589 759 102 30 Mother-

115 797 70 29 well.
199 797 135 33 Scotland,
346 797 129 37 inquires.

80 835 130 28 Charles
228 835 106 31 Beale,
346 845 49 19 son
408 835 31 29 of
455 834 76 30 John
543 834 91 35 Beale,
648 835 62 38 ship

115 874 150 34 agent,late
274 874 31 30 of
311 874 166 38 Bishopgate
487 877 89 31 street,
586 873 122 30 London.

116 913 90 29 Sailed
236 923 30 19 ns
296 912 103 30 nnder:
436 913 121 29 Steward
588 914 29 28 in
647 913 62 37 ship

298 952 69 28 from
406 951 123 34 London,
559 951 92 29 bound
681 955 28 25 to

115 989 151 36 Lyttelton,
296 989 28 29 in
352 990 75 28 1855.
463 990 99 29 Would
587 998 60 20 now
678 989 31 29 be

114 1027 83 28 about
225 1027 61 36 fifty
314 1037 79 26 years
421 1027 54 29 old.
512 1029 54 27 His
589 1028 119 32 brother,

114 1065 105 33 George
232 1064 92 34 Beale,
336 1074 61 20 now
408 1065 30 29 of
444 1065 42 33 24,
498 1065 105 29 Middle
611 1065 97 33 Street,

114 1103 128 34 Redfern,
258 1103 119 37 Sydney,
390 1102 136 38 enquires.

80 1141 133 30 William
243 1142 145 34 Bellamy,
418 1142 30 29 of
475 1142 153 38 Liverpool,
658 1142 52 29 last

114 1180 84 28 heard
223 1181 30 28 of
272 1182 28 27 in
324 1182 75 33 1884,
420 1180 29 29 in
467 1181 47 28 the
538 1181 170 37 Canterbury

115 1217 113 30 district.

80 1255 116 31 Robert
226 1256 120 35 Michie,
375 1266 31 21 or
435 1256 115 30 Robert
580 1256 128 30 Mitchie

117 1296 109 34 M'Bey,
239 1296 31 30 of
278 1296 223 35 Aberdeenshire,
515 1296 52 30 last
585 1296 83 30 heard
683 1296 29 29 of

115 1333 28 30 in
155 1334 205 34 Christchurch,
368 1335 27 29 in
408 1335 104 34 March,
523 1335 76 29 1879.
631 1335 79 29 Then

115 1373 143 37 employed
279 1373 27 28 in
319 1383 17 19 a
355 1383 94 27 grocer
468 1373 56 30 and
543 1373 78 38 spirit
639 1382 52 21 mer-

115 1410 108 29 chant's
235 1410 217 31 establishment.

80 1447 127 30 Findlay
226 1447 129 36 M'Lean,
375 1448 167 36 Scotchman,
560 1458 50 28 age
628 1448 82 31 about

115 1487 61 37 fifty
188 1497 89 27 years.
312 1487 60 30 Tall
385 1487 55 31 and
451 1488 93 31 rather
555 1498 75 28 grey.
666 1488 44 30 He

115 1526 23 26 is
150 1535 16 18 a
179 1526 143 35 shepherd.
359 1527 44 28 He
416 1536 56 19 was
484 1526 52 29 last
548 1537 62 18 seen
624 1531 29 25 at
661 1527 47 28 the

114 1563 168 28 Caledonian
306 1568 98 31 sports,
424 1564 29 28 in
474 1564 177 35 Wellington,
675 1573 36 19 on

114 1601 68 28 New
205 1601 84 28 Years
311 1601 72 36 Day,
404 1604 76 27 1881.
516 1602 133 39 Inquired
669 1602 41 29 for

113 1639 36 36 by
162 1639 139 29 Christina
315 1640 125 29 M'Lean.

114 1677 93 29 Sarah
220 1677 55 28 and
289 1677 84 29 Mary
392 1679 123 33 Roger?,
534 1679 133 37 supposed
680 1682 28 25 to

113 1714 70 30 have
196 1714 49 30 left
256 1715 127 36 Glasgow
396 1716 41 29 for
450 1717 67 29 New
530 1717 120 30 Zealand
663 1726 49 29 per

112 1752 137 38 emigrant
261 1753 62 36 ship
334 1754 28 28 in
376 1755 76 29 1874.

301 1791 39 31 H.
359 1792 35 30 G.
413 1792 227 36 YOUNGMAN,

498 1831 177 29 Postmaster.

243 1909 119 31 Public
383 1910 153 31 Notices.

224 1990 341 34 NOTIFICATION.

98 2079 147 50 CP

331 2203 111 21 MESSRS.

73 2242 416 55 HALLkNSTEIN
541 2242 162 57 BROS.

89 2311 96 30 Desire
199 2316 27 25 to
240 2311 101 31 inform
355 2312 47 30 the
414 2312 135 31 residents
562 2313 31 30 of
610 2313 79 39 Lyell

139 2350 55 28 and
207 2350 185 37 surrounding
404 2351 120 29 districts
542 2352 61 28 that
621 2363 16 17 a

106 2396 228 32 RETAIL
426 2397 245 33 BRANCH

330 2445 35 22 OF
382 2445 57 21 THE

208 2482 116 39 NEW
345 2482 224 41 ZEALAND

73 2535 307 79 Clothing
409 2537 298 78 Factory

307 2634 60 23 HAS
390 2634 82 23 BEEN

73 2675 141 55 Opened
231 2675 37 43 in
294 2676 91 42 New
409 2676 193 55 Buildings
620 2690 87 29 near

138 2731 148 53 Empire
312 2732 118 48 Hotel,
456 2732 183 52 Westport.

199 2837 46 29 All
269 2837 93 29 Goods
573 2837 100 30 Prices.

73 2911 45 31 All
131 2912 111 31 Gooods
254 2921 45 21 are
313 2912 114 30 Marked
445 2912 30 31 in
496 2912 79 31 Plain
596 2914 114 36 Figures

373 2951 41 29 for

73 2996 239 43 SSTNETT
353 2997 136 39 CASH
537 2997 171 41 ONLY!

73 3080 63 37 Any
149 3080 94 30 article
262 3080 164 39 purchased,
439 3081 55 29 and
507 3084 50 26 not
569 3083 137 38 approved

71 3119 38 33 of,
135 3119 55 30 will
214 3119 33 30 be
271 3119 159 38 exchanged
454 3120 68 31 with
553 3121 47 30 the
630 3131 77 20 same

71 3163 131 31 coartesy
216 3158 65 28 with
296 3158 88 29 which
397 3163 21 24 it
431 3168 56 20 was
505 3159 68 33 sold,
586 3169 31 18 or
628 3160 24 28 if
661 3161 30 28 de-

133 3196 71 30 sired
218 3196 46 31 the
277 3205 101 30 money
390 3196 56 31 will
459 3196 33 31 be
503 3197 139 32 returned.

72 3235 62 29 The
146 3244 110 21 success
268 3236 89 28 which
371 3236 51 29 has
434 3237 128 29 attended
576 3237 47 30 the
638 3238 68 29 New

108 3272 121 30 Zealand
254 3274 130 34 Clothing
408 3274 141 38 Factory's
579 3276 92 29 Retail

143 3312 142 30 Branches
307 3314 29 28 in
367 3313 139 40 Duneding
532 3313 103 32 Christ*

177 3351 115 31 church,
317 3352 176 37 Wellington,
512 3353 71 29 Auck-

210 3388 77 35 land,
299 3389 56 30 and
372 3390 79 30 other
470 3393 97 33 towns,

240 3428 77 30 leads
323 3428 45 29 the
375 3430 163 36 proprietors

282 3470 29 25 to
322 3465 103 31 believe
438 3467 60 30 that

310 3504 76 31 there
391 3505 84 30 exists

384 3554 17 19 a

73 3582 252 40 Praiseworthy
336 3582 111 34 desire
458 3592 46 24 on
512 3584 60 33 the
583 3587 78 38 part
672 3585 38 33 of

122 3628 60 33 the
195 3627 116 41 public
323 3629 37 31 to
372 3634 189 37 encourage
572 3631 87 33 New

205 3673 152 33 Zealand
380 3674 199 35 Industries.

77 3723 156 36 Especially
245 3723 91 29 where
349 3724 123 38 superior
482 3725 166 36 advantages
661 3737 45 19 are

110 3759 111 35 offered,
235 3760 55 30 and
307 3770 69 29 your
388 3766 112 35 support
512 3764 23 28 is
548 3764 124 30 solicited

179 3809 36 20 on
228 3798 54 32 this
300 3801 216 37 understanding
527 3803 75 38 only.

164 3851 39 33 T.
221 3852 437 45 BLENNERHASSETT,

274 3898 132 37 Manager
417 3899 140 39 Westport
569 3900 119 30 Branch.

76 3972 155 32 Wholesale
245 3973 96 31 Stocks
354 3978 29 26 to
395 3975 82 30 select
489 3977 70 28 trom
570 3977 28 29 in
612 3977 37 29 all
656 3986 51 21 our

76 4012 150 31 Branches.
263 4013 85 30 NOW
367 4015 110 35 OPEN,
501 4016 54 29 and
574 4016 47 30 the
640 4017 66 38 only

221 4052 111 29 address
344 4053 29 28 in
386 4053 139 37 Westport
537 4055 23 28 is

76 4100 88 42 New
171 4101 180 51 Buildings
362 4114 83 29 near
453 4104 140 48 Empire
602 4105 105 41 Hotel

77 4201 248 35 CALENDAR
340 4202 91 36 FOR
448 4203 93 35 THE
565 4205 135 34 WEEK

247 4290 154 23 FEBRUARY.
404 4292 138 22 —MARCH.
