4126 6023
71 238 117 27 expense
209 226 28 29 of
254 225 45 29 the
322 225 55 37 city
396 235 13 19 r
417 229 145 35 itepayers,
583 225 53 29 and
659 225 46 29 the

70 267 89 31 latter,
183 274 34 18 on
231 274 16 18 a
260 265 90 33 larger
372 264 80 32 scale,
471 269 28 22 at
519 265 46 26 the
588 274 117 26 expense

72 305 29 29 of
112 305 45 27 the
177 304 108 34 colony,
306 302 49 29 but
377 302 65 29 then
463 302 34 29 he
517 302 55 29 had
595 312 16 19 a
633 302 73 37 large

73 342 65 29 staff
148 342 29 28 of
187 340 97 29 skilled
296 345 108 32 experts
417 339 87 29 under
522 341 73 32 him,,
605 341 54 27 and
672 341 34 27 he

73 382 23 27 is
109 380 46 30 the
169 378 134 32 Gamaliel
317 382 27 25 at
358 378 91 30 whose
463 378 52 30 feet
527 387 51 21 our
586 377 122 39 budding

73 420 96 35 genius
183 423 50 25 sat.
271 418 57 29 The
342 418 89 29 action
447 418 30 28 of
493 418 45 29 the
558 418 105 29 council
678 419 27 27 in

75 458 55 28 this
139 457 79 29 latest
226 456 148 29 resolution
381 457 28 27 in
419 457 149 36 extremely
576 457 131 33 childish;

74 497 28 29 in
116 497 63 35 fact,
193 497 23 29 it
237 495 75 30 leads
332 505 52 20 one
405 499 28 26 to
447 495 46 30 the
513 495 83 30 belief
605 495 62 30 that
678 499 28 26 at

75 537 90 28 future
179 536 134 34 meetings
326 535 77 28 there
416 535 56 28 will
485 535 32 28 be
530 535 133 36 provided

183 594 142 21 THIRTEEN
344 594 121 22 BOTTLES
484 594 33 21 OF
536 594 59 21 PAP.

74 634 42 29 for
140 634 46 28 the
210 643 97 27 mayor
334 633 54 29 and
413 634 172 33 councillors,
609 633 55 29 and
693 643 16 18 a

75 672 94 37 couple
182 672 29 28 of
220 676 54 24 wet
287 679 103 27 nurses,
404 672 28 28 in
445 672 46 28 the
511 671 84 37 shape
616 671 31 29 of
662 671 47 28 the

75 711 100 28 editors
188 710 29 29 of
228 710 45 29 the
287 709 70 30 local
370 719 106 27 papers,
491 713 29 26 to
532 709 99 29 dandle
642 709 68 28 milk

76 747 56 30 and
152 751 104 35 watery
269 749 106 28 articles
388 747 90 30 before
498 748 75 29 them
593 751 28 26 to
642 746 67 38 keep

75 787 78 30 them
177 787 72 30 from
273 791 105 33 getting
402 787 100 29 fretful.
545 786 92 37 [Since
661 786 47 29 the

77 825 87 30 above
193 834 57 21 was
279 826 109 29 written
425 825 46 29 the
502 833 130 29 surveyor
660 824 50 28 has

76 864 99 29 usited
205 863 168 37 Wellington
409 864 54 28 and
495 863 137 32 returned,
665 862 45 30 the

77 902 103 28 verdict
204 902 139 34 following
364 901 68 28 him.
468 901 68 28 This
553 902 111 35 opinion
685 901 30 27 of

78 940 45 30 Mr
135 939 151 31 Blackett's
298 949 57 20 was
374 938 124 31 received
517 948 35 20 on
566 949 16 19 a
600 938 111 38 Friday,

78 979 55 29 and
144 979 157 37 religiously
313 979 113 29 ordered
438 983 28 25 to
479 978 33 29 be
531 978 65 37 kept
614 982 96 30 secret,

78 1018 42 30 till
142 1028 16 20 a
179 1018 101 38 special
303 1018 120 36 meeting
444 1026 57 21 was
524 1016 64 31 held
609 1026 36 21 on
665 1015 47 31 the

78 1057 124 38 Monday
215 1057 126 37 evening,
354 1057 49 29 but
415 1057 23 29 it
449 1066 57 19 was
514 1055 198 30 unreasonable

79 1100 27 26 to
120 1106 115 28 suppose
257 1096 61 29 that
332 1097 32 27 12
385 1095 164 30 councillors
569 1094 80 29 could
671 1104 26 19 re-

80 1135 70 28 frain
171 1135 70 28 from
255 1134 96 36 letting
364 1134 47 28 the
423 1136 43 25 cat
487 1137 47 25 out
547 1133 31 28 of
594 1132 46 29 the
661 1132 52 36 bag

79 1172 43 31 for
135 1172 76 31 three
224 1172 77 37 days,
315 1172 54 29 and
381 1172 22 28 it
413 1180 57 20 was
483 1180 35 20 an
537 1179 70 29 open
626 1174 86 26 secret

80 1222 37 20 on
144 1212 47 31 the
214 1211 136 37 Saturday
371 1210 80 38 night
473 1210 61 30 that
555 1210 47 30 the
622 1213 91 34 report

80 1259 57 19 was
150 1258 85 20 worse
247 1249 69 28 than
328 1258 49 26 my
390 1248 165 37 predictions
567 1248 56 28 had
635 1248 77 28 been.

80 1288 64 30 And
168 1287 46 31 the
235 1288 105 28 council
363 1286 113 30 babbled
496 1294 77 26 away
598 1285 55 29 like
677 1294 36 20 an

80 1327 90 28 infant
191 1325 94 29 school
304 1334 37 20 on
365 1325 134 35 anything
517 1323 50 30 but
586 1324 46 28 the
657 1323 55 30 real

79 1365 126 29 business
235 1363 66 37 they
327 1363 85 36 ought
435 1365 29 27 to
494 1362 70 29 have
589 1361 123 30 tackled:

82 1404 72 29 their
165 1412 63 21 own
240 1402 181 37 resignations
433 1401 56 29 and
506 1401 78 29 those
597 1401 29 29 of
645 1401 70 29 their

81 1441 71 29 Btaff.
188 1441 59 28 The
260 1449 96 27 mayor
368 1440 44 28 led
424 1440 40 28 off
475 1439 37 35 by
529 1439 185 34 endeavoring

82 1482 29 27 to
123 1487 97 22 excuse
240 1477 113 31 himself
362 1476 55 32 and
435 1477 47 29 the
501 1476 136 39 engineer,
659 1476 55 29 and

82 1518 46 30 the
141 1517 106 31 council
268 1516 124 30 followed
414 1516 63 33 suit,
491 1516 54 28 and
558 1516 66 36 they
647 1515 66 29 then

81 1556 83 30 made
176 1565 37 29 up
226 1555 70 30 their
308 1555 92 29 minds
412 1558 28 26 to
459 1554 75 29 build
552 1553 46 29 the
611 1553 103 30 culvert

80 1596 70 30 with
162 1595 61 29 iron
235 1594 111 37 girders,
361 1594 54 29 and
428 1593 65 37 only
506 1593 61 29 half
583 1593 47 29 the
648 1593 64 34 size,

82 1643 30 19 as
125 1633 47 29 the
184 1633 83 28 funds
287 1633 42 27 for
341 1633 47 27 the
402 1632 78 27 other
493 1631 60 27 half
571 1631 55 29 had
645 1631 69 28 been

81 1670 110 33 washed
216 1670 80 31 down
318 1668 49 33 the
385 1668 107 31 Maitai.
531 1668 14 30 I
567 1671 94 37 expect
685 1671 29 27 to

82 1712 67 29 hear
160 1711 30 29 of
200 1720 16 19 a
228 1710 174 38 indignation
423 1709 122 37 meeting
557 1708 81 38 being
652 1708 63 29 held

83 1748 115 39 shortly.
201 1748 10 40 J

561 1784 117 30 Korari.

83 1885 232 31 PREDICTION
335 1885 48 29 OF
401 1883 148 30 EVENTS
569 1883 47 30 OF
635 1882 77 30 THE

204 1932 102 31 NEXT
325 1931 112 32 FIFTY
456 1930 129 32 YEARS.

142 2027 96 40 [From
251 2027 47 30 the
311 2026 102 32 Times,
426 2025 63 31 Jan.
505 2026 50 34 Ist,
570 2024 88 40 1935.J

118 2076 53 30 Let
191 2085 33 20 us
243 2075 98 30 review
362 2074 47 30 the
430 2076 95 28 events
547 2073 31 29 of
598 2072 47 30 the
665 2072 52 30 last

84 2115 62 37 fil'iy
175 2124 88 28 years.
307 2114 90 28 About
428 2114 67 28 1890
524 2112 47 30 the
628 2112 87 29 Earth

84 2154 131 29 Currents
255 2161 70 21 were
338 2151 166 34 discovered,
514 2151 52 29 and
581 2159 63 20 man
657 2150 60 29 first

84 2192 112 28 learned
216 2191 61 29 tliat
299 2191 47 28 the
368 2191 107 35 mighty
495 2190 86 28 forces
595 2192 28 26 at
642 2188 75 29 work

84 2230 29 28 in
135 2230 47 29 the
204 2229 101 29 earth's
326 2232 91 26 centre
430 2227 89 38 might
538 2227 33 30 be
583 2227 80 30 made
688 2232 28 24 to

85 2269 145 37 supersede
243 2268 43 29 his
299 2267 144 30 miserable
456 2267 88 30 round
565 2266 30 30 of
611 2265 107 38 mining

85 2307 55 29 and
163 2307 119 35 burning
306 2306 68 34 coal,
404 2305 35 30 bo
440 2305 28 22 ;,;
472 2314 36 28 ug
539 2308 93 30 water,
663 2304 54 29 and

85 2345 108 35 driving
213 2344 170 36 machinery.
419 2343 87 33 Then,
529 2344 29 27 in
578 2344 41 28 '95
640 2342 61 29 chro-

84 2383 86 29 matic
189 2382 192 37 photography
394 2381 100 29 almost
512 2380 62 29 beat
595 2380 121 37 painters

85 2425 51 25 out
155 2420 31 30 of
203 2420 48 29 the
270 2420 73 28 field.
379 2418 88 35 Then,
485 2420 29 26 in
529 2427 15 20 a
557 2418 51 28 few
628 2426 89 30 years,

86 2460 48 29 the
154 2461 106 27 moon's
281 2457 171 30 inhabitants
472 2466 69 20 were
563 2456 60 30 first
644 2465 73 21 seen.

85 2499 59 27 The
171 2497 124 37 Simplex
319 2496 172 36 Calculating
515 2495 137 34 Machine,
682 2495 37 36 by

88 2535 91 30 which
198 2545 40 20 we
252 2533 143 38 supersede
415 2533 126 30 one-half
555 2533 47 28 the
621 2532 97 35 clerks,

86 2584 57 19 was
160 2573 139 33 invented,
313 2573 54 28 and
386 2572 46 29 the
444 2580 96 20 means
553 2572 29 28 of
598 2580 105 27 preserv-

87 2612 48 36 ing
147 2615 74 25 meat
234 2611 54 28 and
301 2610 154 37 vegetables
463 2609 73 29 f.esh
547 2608 172 37 indefinitely

86 2649 166 32 discovered.
289 2649 57 30 Our
358 2651 109 36 present
484 2647 41 31 del
529 2648 5 16 :
538 2648 75 30 cious
625 2646 94 31 dunks

87 2690 65 29 took
172 2690 47 28 the
231 2689 76 36 place
327 2688 30 28 of
370 2688 46 28 the
435 2687 45 29 old

87 2728 57 28 The
158 2735 108 30 process
278 2728 27 26 ot
318 2725 164 36 electrically
494 2724 150 37 producing
652 2723 67 29 steel

88 2766 55 30 and
156 2765 163 30 aluminium
329 2773 56 20 was
394 2773 43 28 pei
444 2763 94 30 fected.
576 2762 64 38 Slag
649 2761 71 30 wool

88 2805 65 29 took
165 2805 46 28 the
224 2805 76 36 place
313 2803 30 29 of
361 2803 65 28 fibre
446 2802 41 28 for
505 2806 139 30 garments
665 2798 55 31 and

87 2852 91 29 paper.
215 2842 58 29 The
303 2850 59 19 new
387 2840 86 29 cereal
505 2840 137 37 displaced
673 2838 47 29 the

88 2890 119 27 meagre,
231 2878 199 31 old-fashioned
459 2878 100 34 wheat,
588 2877 54 29 and
672 2876 47 29 the

84 2927 62 20 new
170 2921 73 26 roots
267 2918 46 28 the
338 2916 55 33 old,
421 2916 70 36 tiny,
519 2914 200 37 slow-growing
725 2914 1 48 J

87 2960 103 33 potato.
227 2956 112 33 Sewage
350 2954 23 28 is
392 2963 60 19 now
499 2953 146 29 converted
691 2955 28 25 at

89 3003 83 27 every
190 2992 102 30 central
311 2991 110 32 station,
435 2991 54 29 and
511 3000 49 20 our
577 2991 85 28 rivers
674 2998 45 21 are

88 3040 67 29 pure
168 3030 55 29 and
235 3029 157 36 abounding
404 3029 66 29 with
482 3029 63 29 fish.
582 3027 102 30 Smoke
696 3029 24 28 is

89 3069 141 31 abolished
243 3068 67 31 with
323 3068 67 30 coal.
426 3067 123 38 Heating
571 3066 54 31 and
638 3066 68 38 light-

89 3113 56 31 ing,
171 3108 125 32 cooking,
321 3107 84 33 mills,
430 3107 129 35 smelling
585 3106 135 32 furnaces,

90 3146 55 28 and
158 3145 73 29 work
251 3146 31 27 of
291 3145 36 28 all
340 3148 69 24 sorts
428 3144 130 28 achieved
576 3144 37 35 by
633 3143 73 27 noise-

91 3184 62 33 less,
174 3183 117 38 cleanly,
309 3182 101 30 almost
430 3182 111 28 costless
562 3180 158 36 electricity.

90 3222 60 30 The
179 3222 188 30 Government
397 3220 172 30 waterworks
599 3229 45 19 are
675 3219 30 29 ad-

91 3261 124 33 mirable,
238 3260 54 30 and
311 3260 46 29 the
370 3259 70 29 local
458 3259 161 29 authorities
637 3258 87 29 under

91 3300 87 28 direct
191 3299 105 29 control
314 3299 29 28 of
354 3298 46 29 the
421 3301 167 33 ratepayers.
623 3296 101 36 Wages

92 3337 71 30 have
176 3340 48 27 not
236 3335 81 35 risen,
331 3335 49 30 but
393 3335 46 30 the
461 3339 59 26 cost
532 3334 30 31 of
570 3334 86 38 living
673 3333 51 29 has

91 3376 145 31 decreased
252 3375 205 30 three-fourths.
493 3374 76 34 This,
588 3373 68 30 with
674 3382 51 21 our

91 3416 120 36 gigantic
231 3415 98 35 colony
348 3414 30 29 of
395 3414 101 33 Africa,
520 3412 55 29 and
599 3422 50 19 our
668 3415 41 25 tea-

92 3454 152 38 producing
258 3451 134 36 Buvmah,
405 3450 88 31 works
503 3454 28 26 to
541 3450 124 30 decrease
675 3458 50 20 our

91 3492 158 38 pauperism
268 3491 71 29 until
351 3491 23 28 it
386 3491 24 28 is
429 3500 48 20 cor
484 3489 70 29 fined
567 3492 28 26 to
614 3488 47 30 the
679 3488 45 29 old

93 3530 55 30 and
161 3530 67 35 sick,
241 3530 62 28 who
318 3538 45 20 are
376 3528 36 30 all
433 3527 132 39 provided
576 3528 41 28 for
628 3526 37 37 by
678 3526 47 29 the

92 3574 81 28 rates,
193 3578 63 20 now
269 3577 30 19 so
312 3577 66 27 very
397 3567 78 36 light.
512 3566 51 29 We
582 3565 70 29 have
672 3565 53 29 lost

92 3611 86 25 water
207 3606 56 29 and
301 3614 48 29 gas
378 3604 167 38 companies,
576 3603 150 36 heriditary

93 3645 162 35 legislators,
275 3654 66 22 war,
365 3642 181 38 complicated
569 3642 71 34 legal
663 3650 45 28 pro-

94 3684 107 34 cedure,
317 3681 62 34 dut,
394 3681 104 34 smoke,
517 3680 54 29 and
589 3678 135 30 ill-health

96 3722 151 39 (London's
265 3720 154 31 death-rate
431 3719 82 37 being
529 3718 64 38 only
612 3720 46 28 ten
677 3726 48 29 per

94 3761 160 35 thousand).
289 3760 52 28 We
348 3759 71 29 have
428 3758 100 38 gained
535 3758 79 36 lighi,
622 3756 104 34 health,

94 3807 94 29 peace,
200 3797 171 44 arbitration,
392 3796 106 37 plenty,
510 3795 138 29 universal
659 3794 52 28 free-

94 3836 86 35 trade,
205 3836 87 37 cheap
316 3833 62 31 food
402 3833 56 31 and
488 3833 131 36 clo'b'ng,
648 3831 78 38 rapid

95 3876 108 33 transit,
224 3875 54 28 and
303 3873 123 29 national
450 3872 154 29 education.
639 3871 87 28 These

95 3923 46 21 are
165 3913 66 37 only
255 3922 16 20 a
296 3911 52 30 few
372 3911 30 29 of
422 3910 47 31 the
494 3913 33 27 si'
533 3909 58 30 ides
616 3909 30 29 in
675 3912 51 30 art,

94 3951 202 32 manufacture,
339 3958 162 23 commerce,
548 3948 56 28 and
645 3947 81 29 social

94 3990 114 29 science.

128 4027 126 32 Abroad:
273 4026 109 38 Turkey
390 4025 52 31 lias
451 4023 185 41 disappeared,
647 4023 82 32 Ind'a

94 4069 24 28 is
147 4067 110 37 rapidly
286 4065 154 37 advancing
469 4074 37 19 on
537 4064 112 33 Siberia,
674 4063 55 28 and

95 4105 124 38 working
241 4104 37 31 its
299 4103 117 30 mineral
438 4102 111 36 wealth,
570 4101 99 30 Russia
689 4110 26 21 re-

95 4145 119 34 -I.'eating
226 4147 28 24 to
268 4144 110 34 Europe
391 4146 28 24 to
432 4142 113 34 develop
554 4141 50 27 her
611 4140 118 28 Turkish

96 4189 147 21 resources.
280 4178 46 30 AH
346 4178 92 30 Africa
458 4178 24 30 is
506 4176 135 39 English;
659 4177 51 28 Aus-

96 4220 112 29 tralasia
227 4220 24 28 is
271 4217 109 39 rapidly
399 4217 143 36 becoming
563 4225 52 21 one
636 4216 31 30 of
683 4215 46 31 the

96 4258 86 30 Great
195 4258 118 33 Powers,
325 4256 104 28 France
442 4255 23 29 is
478 4263 16 20 a
505 4255 161 36 Monarchy,
676 4255 54 27 and

97 4297 151 36 Germany,
352 4293 110 36 Russia,
486 4294 23 29 is
539 4303 17 20 a
586 4292 141 39 Republic.

97 4336 59 28 The
169 4335 75 37 daily
262 4334 53 29 fast
328 4333 75 37 ships
423 4336 28 27 to
464 4332 126 29 Ameiica
608 4331 78 37 bring
698 4340 32 20 us

97 4383 66 28 very
176 4383 66 20 near
254 4382 50 21 our
316 4381 109 21 cousms
442 4371 85 35 there,
543 4371 55 29 and
615 4380 40 19 we
674 4379 55 24 aie,

97 4413 56 30 and
172 4422 47 20 are
241 4412 7 28 !
253 4410 4 38 :
261 4411 64 37 kely
346 4415 28 26 to
395 4410 31 29 be
447 4410 42 29 for
501 4420 16 19 a
529 4411 64 36 long
612 4410 77 33 time,
702 4413 28 24 at

97 4459 83 30 peace
204 4451 68 29 with
297 4450 47 29 the
367 4449 94 34 world,
487 4448 54 29 and
571 4457 160 29 prosperous

98 4490 88 29 under
198 4499 50 21 our
259 4488 71 39 good
348 4488 66 38 k'ng
431 4487 55 31 and
506 4486 134 32 refoimed
652 4486 65 39 legis-

99 4528 97 27 lature.

134 4625 59 28 The
215 4623 120 29 weather
355 4623 23 28 is
398 4632 30 19 so
447 4621 61 30 cold
520 4624 29 26 at
571 4621 67 28 New
658 4619 75 30 York

99 4663 63 28 that
181 4660 96 38 people
298 4659 70 28 have
388 4659 68 28 been
478 4658 153 28 frostbitten
653 4658 80 27 wlrle

99 4699 122 38 crossing
234 4697 140 38 Brooklyn
386 4696 110 39 Bridge.

135 4748 75 29 John
223 4746 81 34 Cibb,
326 4755 15 20 a
362 4745 159 36 prominent
541 4743 145 29 merchant
706 4743 30 28 of

100 4787 41 31 St.
154 4785 110 36 John's,
278 4785 50 29 has
346 4783 61 36 fled,
430 4783 108 39 leaving
557 4781 129 31 evidence
706 4781 30 30 of

99 4828 91 35 heavy
202 4826 136 35 forgeries.

135 4872 103 29 Efforts
259 4880 46 20 are
322 4871 33 28 be
359 4871 5 18 ?
367 4879 37 27 ng
417 4869 81 29 made
519 4872 28 25 to
567 4868 98 28 induce
687 4868 46 28 the

103 4910 142 31 Mormons
269 4914 29 25 to
322 4908 56 37 buy
405 4917 51 21 one
482 4907 30 29 of
533 4907 46 30 the
603 4905 130 30 Hawiian

101 4949 111 29 Islands
238 4952 28 25 to
294 4947 129 29 colonise.
458 4946 59 28 The
547 4945 134 36 objection
711 4944 23 27 is

101 4988 63 31 that
192 4986 61 32 the'
270 4986 146 32 Hawaiian
446 4984 66 30 laws
543 4983 87 31 forbid
660 4982 58 39 poly-

103 5037 91 28 gamy.

137 5075 58 30 The
226 5082 115 21 rumour
370 5082 23 19 is
423 5073 110 28 cuvent
623 5069 112 38 Sydney

104 5115 100 36 (wiites
212 5114 47 29 the
266 5122 42 20 coi
313 5111 164 38 respondent
487 5110 30 29 of
522 5110 47 29 the
576 5108 118 30 Melboir.
701 5118 34 19 ne

102 5153 67 37 Age)
185 5152 59 29 that
257 5151 105 37 Bishop
373 5151 129 32 Pearson,
525 5148 30 30 of
574 5146 160 34 Newcastle,

103 5193 23 29 is
139 5192 84 37 likely
237 5195 28 26 to
278 5189 112 31 succeed
404 5188 104 38 Bishop
522 5188 165 30 Moorhouse
706 5196 29 18 'n

103 5232 54 29 the.
163 5240 43 18 see
219 5230 30 28 of
255 5229 169 28 Melbourne.

138 5277 120 30 Wallace
272 5277 70 28 Ross
366 5274 55 30 and
446 5273 128 34 Plaisted,
600 5280 134 25 oars-oien,

102 5315 95 30 intend
205 5318 67 26 next
279 5315 106 36 August
395 5317 28 24 to
431 5322 34 28 go
482 5311 117 35 through
618 5311 118 34 Niagara

105 5354 144 38 whirlpool
261 5354 28 29 in
303 5363 16 20 a
332 5353 71 29 boat.
440 5351 77 37 They
530 5350 102 30 bel'eve
650 5348 86 32 Webb

103 5403 56 19 was
184 5392 127 29 drowned
332 5390 118 35 through
472 5399 35 19 an
529 5389 132 32 accident,
682 5389 54 27 and

104 5432 61 29 that
185 5432 47 28 the
253 5430 65 28 boat
339 5428 67 37 they
428 5428 67 28 have
518 5426 156 30 contracted
695 5427 42 29 for

105 5470 54 30 will
173 5478 105 27 convey
291 5468 77 28 them
381 5466 86 37 safely
487 5465 127 38 through.

141 5519 45 30 Mr
198 5516 152 40 Sprecldes,
362 5515 30 30 of
398 5515 46 30 the
458 5515 115 30 Oceanic
583 5514 153 39 Company,

106 5560 50 28 has
169 5559 67 28 been
254 5555 152 30 instiacted
427 5555 36 37 by
484 5555 45 29 the
552 5563 136 29 company
708 5558 28 25 to

107 5597 70 28 have
198 5595 70 29 built
289 5602 35 20 an
338 5595 59 26 iron
411 5597 117 24 steamer
546 5594 40 26 for
604 5594 46 27 the
669 5593 50 27 Aus-

106 5634 99 29 tralian
220 5632 86 35 trade,
320 5632 30 29 of
359 5632 69 29 4000
442 5634 61 27 tons
521 5640 76 28 gross
616 5630 121 35 register,

107 5672 55 30 and
176 5672 97 35 engine
286 5680 91 28 power
389 5674 27 25 to
427 5671 60 36 give
501 5680 16 19 a
529 5670 82 37 speed
619 5668 81 38 equal
709 5672 28 24 to

107 5712 62 29 that
181 5711 30 30 of
221 5710 45 30 the
280 5709 134 31 Alameda
432 5709 54 30 and
505 5708 134 39 Maiposa.
677 5707 61 29 The

106 5760 59 18 new
197 5749 152 36 steamship
379 5750 23 26 is
435 5754 28 23 to
493 5748 33 28 be
555 5747 102 29 named
692 5746 46 28 the

106 5788 129 29 Sonoma.

129 5861 207 38 [Continuation
350 5860 29 29 of
392 5861 88 28 News,
496 5869 43 19 see
559 5858 47 28 4th
622 5855 92 40 Page.]

1293 76 117 38 THE
1463 73 188 41 LYELL
1701 69 187 45 TIMES,
1942 64 311 48 SATURDAY,
2310 64 193 41 MARCH
2558 76 59 33 20,
2675 64 102 37 1886.

902 211 119 34 Public
1038 211 152 33 Notices.

805 428 40 28 IN
871 426 79 30 THE
971 424 175 31 DISTRICT
1172 423 124 30 COURT
1320 423 47 29 OF

873 477 221 36 WESTLAND,
1124 475 159 31 HOLDEN
1320 475 48 28 AT

875 531 211 31 WESTPORT.

805 654 35 28 In
853 654 46 29 the
913 653 103 28 Matter
1028 652 30 29 of
1073 652 47 29 the
1168 650 110 36 Mining
1289 650 60 29 Com-

874 705 94 38 panies
987 704 62 34 Act,
1185 701 55 30 and
1258 701 93 30 amend-

873 759 111 31 ments;
1004 753 64 37 and,

806 823 35 28 In
871 823 47 28 the
950 822 102 30 Matter
1082 823 28 27 of
1141 819 48 30 the
1220 818 151 31 UNITED

875 873 165 30 VICTORY
1058 870 148 39 QUARTZ
1227 872 144 29 MINING

875 922 188 38 COMPANY,
1104 922 172 31 LIMITED
1327 922 44 37 (In

877 978 210 35 Liquidation).

741 1102 180 31 TSTOTICE
943 1101 24 29 is
991 1099 159 31 HEREBY
1170 1098 121 31 GIVEN
1312 1098 63 30 that

845 1154 46 28 the
922 1151 227 31 STATEMENT
1177 1150 33 30 of
1236 1150 137 30 ASSETS

739 1208 31 30 of
791 1207 48 30 the
863 1204 199 33 above-named
1093 1204 154 38 Company,
1278 1202 56 31 and
1357 1211 17 21 a

740 1259 84 29 LIST
836 1258 31 29 of
876 1258 46 29 the
940 1257 124 29 DEBTS
1082 1255 153 30 PROVED
1254 1254 118 32 therein,

740 1311 55 29 and
816 1311 47 29 the
885 1310 85 29 LIST
994 1309 31 31 of
1042 1306 332 32 CONTRIBUTORS

740 1361 152 40 comprised
905 1361 28 29 in
947 1360 66 31 such
1035 1361 158 33 statement,
1206 1367 30 20 as
1248 1356 126 40 required

739 1416 37 37 by
789 1416 117 29 sections
918 1416 34 28 95
965 1413 55 31 and
1033 1415 34 28 96
1081 1412 32 30 of
1120 1412 48 30 the
1180 1410 60 31 said
1254 1411 58 35 Act,
1328 1419 46 22 are

740 1476 61 20 now
827 1465 99 38 lodged
948 1465 31 28 in
1002 1473 49 28 my
1083 1462 88 34 office,
1201 1462 173 29 Palmerston

742 1520 98 33 Street,
853 1519 149 37 Westport.
1037 1516 74 34 And,
1128 1514 117 36 further,
1263 1514 62 31 that
1337 1523 38 21 on

740 1570 218 36 THURSDAY,
975 1570 47 30 the
1036 1567 118 32 SIXTH
1166 1566 54 40 day
1238 1565 31 31 of
1285 1565 89 35 MAY,

742 1625 75 31 188G,
847 1624 47 28 the
918 1622 59 29 said
1001 1620 86 30 LIST
1116 1619 35 30 of
1168 1618 184 31 CONTRIBU-

740 1674 138 32 TORS
907 1672 58 32 will
993 1671 34 32 be
1057 1669 172 34 SETTLED
1259 1668 38 41 by
1327 1667 48 33 the

742 1728 58 28 Cou
801 1737 13 10 v
815 1730 21 26 t.
872 1726 72 34 And,
969 1725 115 34 further,
1107 1725 63 29 that
1189 1732 37 21 on
1245 1723 48 29 the
1316 1722 59 29 said

741 1779 72 30 sixth
834 1778 54 37 day
909 1777 30 30 of
956 1777 76 37 May,
1054 1777 78 34 1886,
1151 1784 32 21 or
1204 1783 56 29 any
1280 1773 55 39 day
1346 1776 29 27 to

742 1829 90 30 which
852 1829 68 29 such
942 1828 113 36 settling
1072 1826 72 29 shall
1164 1826 34 29 be
1216 1825 159 37 adjourned,

741 1890 55 29 any
820 1881 148 38 objections
992 1883 28 26 to
1039 1879 48 30 the
1112 1878 59 31 said
1190 1877 48 31 list
1262 1876 38 39 by
1321 1885 55 29 any

742 1932 168 33 contributor
922 1940 31 23 or
965 1930 118 33 creditor
1099 1930 57 32 will
1172 1928 34 32 be
1223 1928 87 31 heard
1322 1928 54 31 and

742 1986 173 37 adjudicated
927 1994 74 28 upon
1013 1985 37 35 by
1062 1984 47 29 the
1122 1983 93 29 Court.

777 2052 90 31 Dated
889 2054 29 28 at
937 2050 149 38 Westport,
1106 2048 56 32 this
1182 2046 192 32 TWELVTH

742 2106 54 37 day
808 2106 30 29 of
848 2104 144 35 MARCH,
1007 2104 77 29 1886.

887 2168 174 32 ZOFFANY
1078 2168 31 31 C.
1128 2167 146 35 HORNE,

1171 2219 171 38 Liquidator.

777 2277 27 30 J.
823 2276 27 31 J.
872 2275 163 34 Moinihan,

854 2328 137 33 Solicitor,
1021 2326 150 38 Westporfc.

881 2411 175 30 CENTRAL
1074 2409 156 30 BULLER

745 2459 247 63 Amateur
1018 2457 125 31 race
1172 2455 209 31 meeting

955 2499 40 27 To
1007 2497 33 29 be
1052 2496 66 29 held
1131 2499 28 26 at

790 2546 78 28 THE
887 2544 132 29 THREE
1039 2542 141 31 RIVERS
1199 2540 125 36 PL\IN,

924 2592 131 27 Central
1073 2591 127 30 Buller,

780 2640 43 31 On
842 2638 173 34 MONDAY,
1040 2637 64 30 12th
1124 2636 124 34 APRIL,
1269 2636 77 29 1886.

983 2716 152 29 Stewards
1145 2721 7 21 :

747 2765 101 30 Messrs
860 2764 27 30 J.
901 2763 78 38 Edge
1081 2761 101 30 Messrs
1194 2760 35 29 R.
1242 2758 115 31 Perkins

858 2805 27 28 J.
899 2803 96 30 James
1191 2800 32 28 T.
1237 2798 145 38 p'Rourke

858 2842 33 29 0.
906 2840 98 38 Lynch
1192 2838 40 28 M.
1245 2837 86 29 Dunn

967 2878 96 29 James
1075 2876 121 30 Lowick.

860 2918 95 28 Judge
967 2924 7 21 :
995 2916 44 28 Mr
1052 2916 84 28 Owen
1149 2913 108 37 Lynch.

850 2955 130 29 Starter
993 2961 7 21 :
1020 2953 45 29 Mr
1076 2953 32 28 T.
1122 2951 154 30 o'Rourke.

764 2993 96 28 Clerk
879 3001 33 20 of
931 3000 55 21 the
1005 2991 114 29 Course
1133 2997 7 22 :
1160 2989 46 30 Mr
1219 2989 27 29 J.
1259 2989 104 29 James.

759 3032 97 29 Clerk
874 3039 34 20 of
926 3038 55 21 the
1001 3029 105 29 Scales
1120 3036 7 21 :
1150 3027 45 30 Mr
1207 3026 30 31 J.
1250 3026 121 31 Lowick.

816 3070 204 29 llandicapper
1030 3075 7 22 :
1058 3067 45 29 Mr
1113 3067 32 29 T.
1159 3066 154 30 o'Rourke.

765 3109 158 28 Honorary
941 3109 185 26 Treasurer:
1155 3106 45 28 Mr
1211 3106 28 28 J.
1252 3104 114 30 Lowick

748 3184 133 28 Handicp
900 3183 84 28 Hack
1007 3181 79 29 Race
1110 3180 31 30 of
1163 3182 15 27 5
1203 3189 72 20 sovs.
1311 3180 74 29 Once

784 3222 90 30 round
886 3222 46 29 the
945 3229 104 21 course.
1088 3220 64 28 Post
1162 3224 90 32 entry,
1266 3219 56 29 10s.

750 3262 95 28 Lyell
864 3266 56 24 and
938 3261 119 28 Buller
1075 3259 93 29 Plate
1188 3257 148 30 Handicap
1359 3257 27 30 of

786 3301 32 27 10
831 3309 29 19 so
863 3308 39 20 vs.
939 3300 33 34 H
985 3298 89 29 miles.
1110 3297 190 33 Nomination,
1320 3297 66 33 10s;

785 3340 174 34 acceptance,
972 3337 56 28 10s.

751 3377 150 29 Handicap
919 3375 83 31 Hack
1021 3374 77 31 Race
1113 3373 30 32 of
1152 3375 15 29 5
1180 3382 71 22 sovs.
1288 3373 16 37 f
1322 3372 64 31 mile

786 3415 78 28 heats
905 3415 117 28 without
1063 3413 198 37 dismounting.
1322 3412 64 30 Post

786 3455 89 35 entry,
889 3453 55 29 10s.

752 3492 151 29 Handicap
927 3491 85 29 Hack
1042 3489 78 29 Race
1150 3489 31 30 of
1203 3490 15 28 5
1246 3497 71 21 sovs.
1355 3489 31 36 1^

786 3530 89 28 miles.
912 3530 67 29 Post
990 3532 90 33 entry,
1094 3529 56 27 10s.

753 3569 150 28 Handicap
915 3568 84 28 Hack
1011 3567 78 29 Race
1106 3566 30 30 of
1147 3566 15 29 5
1175 3575 72 21 sovs.
1284 3566 14 29 1
1312 3564 74 31 mile.

788 3607 65 28 Post
865 3610 90 32 entry,
969 3606 56 28 10s.

752 3644 191 29 Consolation
955 3643 151 30 Handicap
1113 3642 31 29 of
1150 3643 16 28 5
1179 3650 72 22 sovs.
1282 3642 15 29 1
1307 3640 76 31 mile.

786 3683 101 37 Entry,
901 3683 56 30 10s.
993 3682 56 29 For
1061 3682 37 28 all
1110 3681 98 29 beaten
1221 3680 103 29 horses.

978 3728 155 31 ALFRED
1152 3727 132 35 SMITH,

1110 3768 76 28 Hon.
1200 3767 153 35 Secretary.

1538 207 9 10 '
1562 204 121 35 Public
1706 201 152 36 Notices.

1590 284 249 33 notice.

1394 366 40 29 To
1448 365 46 29 the
1508 364 173 30 inhabitants
1688 366 28 26 ot
1728 361 80 37 Lyell
1818 359 55 29 and
1883 355 130 32 surround-

1625 403 48 37 ing
1684 400 116 30 district.

1534 456 366 63 HENRY^rOUNG

1397 540 133 59 BEGS
1543 543 29 24 to
1584 539 126 28 intimate
1729 536 61 28 that
1809 535 36 28 he
1869 531 111 30 intends
2002 533 29 26 to

1493 580 69 26 start
1574 575 117 38 Baking,
1704 573 55 31 and
1771 573 37 37 by
1830 571 103 38 paying
1956 568 77 29 strict

1397 618 135 28 attention
1544 620 29 25 to
1585 616 44 28 his
1650 615 123 28 business
1794 616 29 24 to
1844 609 82 30 merit
1947 618 16 19 a
1982 607 51 29 fair

1397 655 80 28 share
1492 655 30 27 of
1531 655 124 35 support.
1691 651 58 28 The
1762 650 72 37 price
1846 648 57 29 will
1914 647 33 29 be

1496 724 24 37 4
1522 709 51 40 lb.
1595 707 147 41 LOAF
1802 729 14 7 -
1872 702 62 51 gd.

1432 803 39 29 H.
1489 801 133 31 YOUNG
1635 799 111 30 intends
1758 802 29 26 to
1801 796 99 39 supply
1913 795 47 30 the
1966 802 68 28 very

1397 842 60 30 best
1468 841 106 38 quality
1585 839 31 30 of
1626 838 91 31 bread.
1754 837 24 28 A
1785 837 75 35 large
1870 836 165 28 assortment

1397 881 31 29 of
1449 880 82 29 small
1554 878 86 37 goods
1668 876 82 29 made
1780 884 83 26 every
1886 870 148 37 Saturday.

1399 917 125 37 Nothing
1543 916 52 29 but
1614 916 47 29 the
1685 914 60 28 best
1768 912 168 37 ingredients
1958 909 76 32 used,

1400 956 56 31 and
1468 955 163 39 everything
1643 952 60 32 sold
1717 956 28 26 at
1756 951 142 38 Westport
1909 948 97 39 prices.

1399 1041 200 27 CHRISTENING,
1630 1038 143 27 WEDDING,
1802 1036 56 22 AND
1895 1032 140 23 BIRTHDAY

1484 1080 89 22 CAKES
1589 1079 78 21 MADE
1685 1078 36 22 ON
1738 1077 57 20 THE
1814 1074 139 23 SHORTEST

1589 1117 131 22 POSSIBLE
1739 1115 111 22 NOTICE.

1434 1188 72 30 Note
1519 1187 48 31 the
1580 1185 155 31 Address

1401 1240 111 53 ALL
1533 1236 242 56 NATIONS
1804 1230 230 58 BAKERY

1472 1307 140 37 (Opposite
1623 1305 28 29 J.
1665 1305 90 37 Ryan,
1770 1300 196 38 Storekeeper.)

1480 1389 50 38 G.
1579 1387 45 39 C.
1669 1383 291 46 BOWMAN,

1410 1485 44 55 A
1462 1482 233 35 UCTIONEER,
1715 1477 321 70 gHAREBROKER,

1557 1578 114 33 Mining
1689 1587 56 21 and
1764 1577 119 31 Genral

1419 1635 337 31 COMMISSION
1823 1632 198 32 AGENT,

1539 1698 172 34 Broadway,
1755 1697 146 29 Reefton.

1422 1788 130 39 POST
1592 1787 196 39 OFFICE
1830 1783 190 44 HOTEL,

1609 1844 110 30 LYE
1740 1844 24 29 L
1782 1844 24 28 L
1826 1863 8 9 .

1453 1942 229 43 PETER
1709 1936 283 46 MANGOS

1406 2006 143 71 BEGS
1568 2008 29 26 to
1609 2006 104 28 inform
1731 2004 46 28 his
1793 2003 104 28 iriends
1918 2001 56 29 and
1994 2001 47 28 the

1510 2043 93 40 public
1623 2043 63 30 that
1709 2042 45 30 his
1773 2050 61 20 new
1854 2038 187 32 commodious

1577 2082 87 30 Hotel
1675 2083 25 27 is
1712 2090 63 20 now
1787 2089 82 28 open.

1404 2123 154 30 Travellers
1576 2122 56 29 and
1649 2122 110 28 visitors
1777 2123 29 26 to
1825 2119 56 30 this
1898 2116 133 31 establish

1439 2165 79 27 ment
1529 2161 57 29 will
1597 2160 60 29 find
1667 2159 73 31 their
1749 2158 118 30 comfort
1876 2156 55 29 and
1944 2165 47 20 con-

1474 2200 132 29 venience
1615 2197 168 37 thoroughly
1792 2195 131 31 attended
1935 2198 38 25 to.

1405 2238 60 31 The
1476 2238 149 31 bedrooms
1645 2246 47 21 are
1702 2237 78 36 lofty,
1794 2234 56 29 and
1862 2233 64 30 well
1938 2232 105 39 lighted

1608 2276 56 31 and
1683 2274 160 31 ventilated.

1439 2354 209 31 Comfortable
1676 2352 129 29 Parlors
1824 2352 63 26 'and
1907 2349 86 29 First-

1625 2399 82 21 class
1724 2390 106 28 Table.

1424 2431 60 31 One
1506 2430 31 30 of
1556 2429 127 30 Alcock's
1697 2427 79 30 Prize
1789 2425 118 31 Billiard
1919 2424 107 30 Tables.

1407 2509 60 29 The
1479 2509 57 28 Bar
1547 2508 24 28 is
1584 2506 113 31 stocked
1707 2504 68 31 with
1788 2504 74 34 Ales,
1872 2503 106 34 Wines,
1991 2502 52 29 and

1460 2546 99 38 Spirits
1571 2547 30 28 of
1617 2543 168 39 guaranteed
1803 2542 103 29 brands
1918 2542 75 36 only.

1442 2585 24 29 A
1483 2585 145 28 first-class
1648 2581 184 30 sixteen-stall
1844 2580 89 30 stable
1945 2581 73 27 iscon-

1408 2622 99 31 nected
1519 2622 68 30 with
1601 2622 57 29 this
1672 2620 85 30 hotel.

1660 2658 125 32 PETER
1810 2655 167 35 MANGOS,

1844 2697 155 32 Proprieor.

1514 2780 177 35 JAMES
1728 2776 212 41 INGLIS,

1414 2855 312 64 gHAREBROKER
1756 2855 20 27 &
1807 2849 235 33 COMMISSION

1625 2929 207 34 AGENT,

1486 3009 116 31 Cliff
1639 3008 160 33 Street,
1835 3006 141 29 Lyell.

1537 3091 121 35 JOHN
1693 3089 226 40 FENNELL,

1414 3155 197 62 Q.ENER
1620 3154 56 28 AL
1733 3150 309 64 gTOREKEEPER.

1497 3241 86 31 Wine
1600 3249 57 21 and
1677 3240 95 29 Spirit
1794 3239 172 29 Merchant.

1448 3355 104 38 Money
1569 3353 105 39 always
1694 3352 30 30 in
1745 3350 76 31 hand
1840 3349 42 31 for
1900 3348 114 39 cashing

1667 3393 128 37 cheques.

1448 3507 111 31 Liberal
1571 3506 136 31 advances
1719 3505 82 29 made
1816 3513 37 20 on
1865 3503 108 39 parcels
1986 3502 30 30 of

1628 3544 120 30 retorted
1761 3543 74 37 gold.

1559 3639 81 38 Cliff
1655 3638 123 46 Street,
1801 3636 109 48 Lyell.

1649 3729 37 41 [A
1721 3726 99 40 Card.]

1415 3773 40 29 To
1467 3772 48 29 the
1527 3771 101 28 Ladies
1641 3771 29 28 of
1679 3768 89 37 Lyell,
1783 3766 127 33 Reefton,
1923 3765 55 29 and
1990 3773 43 21 sur-

1414 3805 3 36 r
1448 3824 8 6 -
1588 3807 138 34 rounding
1738 3805 138 28 districts:

1484 3845 188 69 Messrs
1700 3845 35 28 e.
1760 3843 27 29 j.
1815 3839 167 33 warner

1592 3885 56 29 and
1672 3883 66 33 CO.,
1763 3882 31 29 of
1820 3880 161 32 NELSON,

1414 3944 13 4 -
1484 3924 89 29 desire
1585 3926 28 26 to
1625 3921 129 31 intimate
1766 3921 62 28 that
1847 3919 66 30 with
1933 3918 48 29 the

1484 3961 127 37 gplendid
1628 3959 127 29 facilities
1774 3959 67 34 they
1862 3965 118 27 possess,

1484 4000 68 37 they
1573 4008 50 20 can
1649 3999 29 28 at
1699 4006 17 20 a
1735 3996 52 30 few
1800 3996 84 29 hours
1896 3993 84 35 notic,

1484 4039 69 30 send
1564 4048 50 28 per
1626 4036 83 31 coach
1723 4039 29 27 to
1764 4044 55 28 any
1840 4033 111 31 address
1964 4042 17 20 a

1484 4078 136 36 complete
1639 4078 122 26 costume
1781 4073 81 28 made
1883 4073 30 27 in
1933 4072 47 28 the

1484 4125 68 28 very
1563 4116 82 29 latest
1654 4113 79 38 style,
1743 4111 67 31 with
1818 4111 49 29 hat
1876 4119 31 21 or
1913 4109 50 31 bon-

1484 4158 49 24 net
1541 4154 55 27 and
1607 4153 93 35 gloves
1708 4155 28 24 to
1746 4150 102 32 match,
1856 4150 126 34 together

1484 4190 69 31 with
1562 4198 82 29 every
1653 4188 129 38 requisite
1794 4187 29 28 in
1836 4186 75 33 hose,
1924 4194 42 20 cor-

1486 4234 64 30 sets,
1579 4227 220 35 underclothing,
1824 4226 55 34 &c.,
1910 4224 72 30 their

1484 4269 89 37 prices
1602 4267 82 35 being
1714 4268 73 25 most
1811 4262 169 30 reasonable.

1486 4307 83 30 Their
1590 4304 79 31 stock
1681 4302 149 38 comprises
1843 4311 81 27 every
1938 4309 27 21 ar-

1485 4346 62 29 ticle
1576 4346 30 27 in
1636 4342 119 31 General
1782 4342 133 36 Drapery,
1939 4340 27 28 in-

1485 4384 112 36 cluding
1608 4391 17 21 a
1637 4380 125 40 splendid
1780 4382 165 27 assortment
1955 4377 31 31 of

1487 4424 90 29 Men's
1601 4421 55 30 and
1681 4420 83 37 Ljys'
1790 4418 191 37 Re;,dy-made

1486 4461 140 37 Clothing,
1651 4467 132 28 mercery,
1809 4459 56 32 &c.,
1889 4457 92 28 orders

1486 4502 42 29 for
1540 4500 91 29 which
1637 4499 56 28 will
1702 4498 102 29 receive
1819 4499 109 35 prompt
1941 4499 26 26 at-

1486 4540 116 28 tention.
1639 4538 125 26 Patterns
1773 4535 30 27 of
1812 4539 101 22 newest
1923 4543 38 18 ma-

1487 4575 93 32 terials
1593 4577 61 27 sent
1672 4576 62 36 post
1754 4572 54 29 free
1830 4571 37 38 by
1886 4574 94 26 return

1486 4616 77 34 mail,
1570 4614 55 32 and
1634 4614 85 30 ladies
1726 4612 114 34 sending
1846 4621 118 20 measure-

1486 4659 92 24 ments
1591 4654 27 27 of
1639 4653 104 27 dresses
1762 4660 51 18 can
1826 4650 107 34 depend
1947 4659 35 17 on

1488 4692 126 36 securing
1625 4699 17 21 a
1663 4687 131 41 perfectly
1812 4687 92 36 fitting
1924 4695 42 21 cos-

1488 4735 86 28 tume.

1523 4808 96 31 Please
1632 4806 66 31 send
1716 4806 82 29 alow*
1809 4814 70 28 your
1891 4803 92 30 orders

1488 4852 29 25 at
1526 4857 76 23 once,
1613 4851 28 24 to
1651 4846 80 28 avoid
1745 4845 89 35 delay,
1848 4844 54 27 and
1912 4854 57 18 care-

1488 4873 70 48 fiilly
1571 4888 65 25 note
1649 4883 46 28 the
1709 4882 128 28 address:

1420 4934 41 31 E.
1476 4932 29 33 J.
1522 4928 201 35 WARNER
1739 4927 28 33 &
1786 4927 80 38 CO.,
2020 4925 37 33 of

1791 4963 140 32 Nelson.

752 3835 352 64 Larsen's
1175 3834 211 73 Punt,

886 3921 155 30 BULLER
1058 3919 197 32 CROSSING.

757 4015 108 61 THE
884 4014 141 40 following
1037 4014 116 31 SCALE
1166 4013 31 32 of
1211 4012 177 31 CHARGES

856 4055 56 28 will
941 4055 34 29 be
1004 4054 132 30 collected
1167 4057 30 26 at
1225 4053 48 28 the
1303 4052 86 29 above

757 4093 72 30 Punt

1315 4137 21 21 s.
1362 4128 26 30 a.

755 4168 96 37 Every
863 4176 146 29 passenger
1019 4167 105 29 carried
1136 4175 66 21 over
1293 4181 9 6 -
1320 4167 19 27 0
1373 4168 17 25 6

863 4207 89 34 horse,
962 4205 55 31 and
1027 4215 67 21 man
1103 4205 29 29 in
1140 4204 99 39 charge
1321 4203 16 30 1
1373 4204 17 29 6

862 4246 173 36 pack-horse,
1044 4244 99 29 loaded
1153 4261 8 5 -
1292 4259 9 6 -
1320 4244 16 27 1
1371 4244 17 27 6

863 4283 151 30 additional
1033 4283 91 34 horse,
1143 4291 32 20 or
1185 4280 72 31 head
1277 4280 31 30 of

894 4326 75 34 great
981 4322 82 30 cattle
1322 4320 18 29 0
1374 4320 17 28 6

863 4361 94 38 sheep,
966 4370 48 29 per
1026 4360 72 30 head
1321 4359 19 28 0
1374 4359 16 27 2

863 4401 56 37 pig,
931 4410 48 28 per
990 4400 72 29 head
1320 4398 19 29 0
1373 4397 17 29 3

865 4439 118 29 vehicles
1000 4448 37 20 on
1053 4440 16 27 2
1081 4437 109 33 wheels,
1209 4436 95 30 drawn

895 4477 38 39 by
946 4487 51 21 one
1010 4476 90 36 horse,
1115 4475 91 31 driver
1217 4475 72 31 inclu-

896 4516 62 32 ded,
972 4516 96 28 loaded
1081 4525 31 19 or
1124 4518 95 33 empty
1294 4532 9 5 -
1324 4513 14 28 1
1374 4514 17 28 6

865 4553 151 29 additional
1057 4553 80 28 horse
1181 4551 124 37 drawing

896 4601 77 22 same
1321 4588 19 32 0
1374 4588 18 31 6

866 4633 83 28 coach
969 4641 32 19 or
1011 4640 125 26 waggon,
1157 4630 98 29 loaded
1274 4640 32 18 or

896 4671 105 34 empty,
1007 4668 67 28 with
1080 4669 18 26 2
1105 4668 103 33 horses,
1216 4667 91 28 driver

896 4706 139 36 included,
1065 4714 161 30 passengers
1256 4708 51 27 not

897 4745 129 29 included
1324 4744 17 28 2
1374 4744 20 28 0

866 4783 152 31 additional
1029 4783 80 30 horse
1323 4782 19 30 0
1376 4783 17 29 6

866 4824 90 33 horse,
967 4822 79 37 dray,
1060 4822 55 30 and
1133 4821 99 34 driver,
1250 4820 57 31 and

898 4865 94 24 return
1006 4870 76 19 same
1094 4860 213 35 day....
1326 4861 17 26 2
1376 4861 18 28 0

761 4899 134 37 Ferrying
919 4897 85 39 goods
1020 4897 82 30 when
1122 4896 48 30 the
1191 4905 99 29 convey-

796 4948 66 18 ance
887 4938 30 27 in
941 4937 88 28 which
1054 4936 67 36 they
1141 4936 72 28 have
1237 4935 70 28 been

797 4975 118 38 brought
941 4977 30 28 to
1000 4974 47 31 the
1070 4974 73 38 ferry
1166 4972 66 31 does
1260 4976 50 26 not

797 5024 82 24 cross,
892 5023 49 29 per
952 5017 58 30 ton,
1024 5014 42 29 Ist
1078 5016 16 27 5
1106 5016 61 27 cwt.
1205 5030 9 6 -
1325 5013 18 29 0
1378 5013 17 29 6

796 5054 93 36 Every
901 5054 16 28 5
930 5056 62 25 cwt.
1007 5061 65 21 over
1206 5067 8 6 -
1253 5067 8 6 -
1298 5067 9 6 -
1326 5052 18 27 0
1379 5052 16 26 3

764 5091 119 34 Timber,
895 5100 48 29 per
957 5091 50 29 100
1023 5090 55 30 feet
1327 5090 18 28 0
1380 5090 15 28 6

800 5130 139 35 (Charges,
952 5130 70 30 after
1039 5129 78 34 dark,
1129 5136 52 22 one
1193 5127 62 30 half
1263 5127 97 36 more.)

1511 5058 79 32 MR.
1608 5057 29 33 J.
1652 5056 30 33 J.
1699 5054 265 40 MOYNIHAN,

1423 5123 252 65 gARRISTER
1703 5122 80 30 AND
1822 5120 233 66 gOLICITOE.

1423 5217 215 30 Commissioner
1658 5214 32 31 of
1704 5214 47 28 the
1771 5214 135 37 Supreme
1924 5213 85 28 Court
2029 5212 30 29 of

1674 5253 132 29 Victoria.

1487 5302 68 37 May
1572 5301 34 29 be
1624 5298 152 31 Consulted
1793 5302 30 25 at
1840 5297 44 29 bis
1902 5297 95 34 Office,

1425 5352 254 33 PALMERSTGN
1691 5350 155 35 STREET,
1855 5349 203 32 WESTPORT

765 5212 214 42 WOLF
1045 5212 152 40 AND
1270 5210 124 47 CO.,

892 5275 181 31 Wholesale
1085 5282 58 21 and
1157 5273 108 29 Retail

764 5319 631 66 JJUTCHERS.

865 5416 115 30 Dealers
991 5416 30 29 in
1034 5414 38 29 all
1084 5413 181 38 descriptions
1277 5411 31 30 of

781 5465 104 31 FARM
921 5464 79 30 AND
1036 5461 120 31 DAIRY
1191 5459 192 31 PRODUCE.

764 5546 100 30 Hotels
871 5544 56 31 and
940 5542 131 32 Families
1078 5539 101 31 waited
1191 5549 37 20 on
1240 5538 42 31 for
1289 5537 106 31 Orders.

798 5621 101 31 Orders
918 5617 139 32 delivered
1076 5621 28 26 to
1125 5616 38 29 all
1184 5617 76 37 parts
1272 5624 16 20 o
1318 5614 48 29 the

1023 5657 125 28 Distiict.

938 5736 73 28 Note
1025 5735 48 28 the
1086 5733 124 29 Address

784 5775 115 32 rs\v
918 5773 107 29 OLF
1096 5771 114 28 AND
1292 5769 92 34 CO.,

819 5816 73 28 Next
915 5812 47 31 tlie
988 5812 190 28 Government
1195 5808 156 37 Buildiugs,

914 5852 86 28 Cliff
1020 5851 119 29 Street,
1159 5849 104 28 Lyell.

1717 5594 56 18 AND

1510 5637 132 38 YEAR
1661 5635 125 39 BOOK
1806 5634 52 40 for
1879 5634 96 38 1886.

1428 5748 168 34 Containing
1617 5747 125 27 valuable
1764 5745 188 28 information.
2001 5743 59 28 The

1481 5787 67 28 Best
1560 5784 110 30 Garden
1684 5782 136 31 Calendar
1832 5791 63 20 ever
1907 5782 101 29 issued.

1430 5840 51 37 On
1510 5839 79 38 Sale
1618 5840 36 35 at
1681 5835 97 45 Lyell
1808 5835 113 37 Times
1950 5834 110 37 Office.

2235 193 119 32 Public
2378 192 150 32 Notices.

2069 276 161 38 FERN
2278 273 154 40 FL'AT
2479 270 219 46 HOTEL,

2226 337 124 29 UPPER
2381 336 164 28 BULLER.

2069 444 109 59 THE
2193 442 84 30 above
2290 440 176 30 well-known
2483 440 73 28 hotel
2576 440 23 28 is
2621 439 81 33 again

2159 481 87 29 under
2255 480 46 29 the
2312 482 194 34 management
2515 479 28 26 of
2554 478 43 28 Mr
2610 477 92 28 Alfred

2070 521 101 35 Smith,
2182 521 46 30 the
2241 520 100 30 former
2354 519 158 38 proprietor.

2103 625 93 36 Every
2209 623 237 30 accommodation
2455 622 54 29 and
2523 621 181 29 convenience

2070 663 40 29 for
2123 663 141 28 travellers
2276 661 120 28 between
2410 661 47 28 the
2469 661 77 26 West
2559 660 81 27 Coast
2651 659 53 27 and

2072 701 111 34 Nelson,
2204 699 152 37 Hampden
2377 696 173 34 Matakitaki,
2573 697 130 36 Glenroy,

2072 740 116 33 Maruia,
2202 738 54 29 and
2267 738 47 28 the
2328 738 83 28 Owen
2425 736 89 28 Reefs.

2073 853 159 29 Newman's
2246 851 89 38 Royal
2358 850 69 31 Mail
2446 849 71 30 Line
2537 849 29 30 of
2584 847 121 31 Coaches

2107 893 80 27 make
2211 893 56 27 this
2288 891 138 35 hostelery
2445 890 48 27 the
2514 888 59 28 first
2594 887 77 35 day's

2141 933 75 34 stage
2229 929 71 30 from
2310 928 77 29 West
2395 927 82 29 Coast
2486 928 28 27 to
2525 925 112 29 Nelson.

2107 1044 124 30 Tourists
2244 1052 51 20 can
2307 1041 34 30 be
2353 1039 133 40 provided
2497 1039 67 30 with
2575 1048 82 27 every
2667 1048 26 19 re-

2074 1083 153 38 quirement
2239 1083 42 28 for
2291 1081 113 34 visiting
2416 1080 47 28 the
2476 1079 76 29 lakes
2564 1079 55 29 and
2632 1086 55 29 mag-

2073 1122 112 28 nificent
2197 1119 183 36 surrounding
2392 1122 124 32 country.

2107 1161 105 27 Horses
2225 1159 55 28 and
2298 1158 145 36 equipages
2457 1166 15 18 a
2486 1155 151 37 speciality.

2256 1217 189 41 ALFRED
2467 1216 164 47 SMITH,

2509 1261 165 37 Proprietor.

2073 1348 209 39 BROWN'S
2303 1347 119 38 BOOT
2449 1344 260 39 EMPORIUM

2324 1404 134 30 LYELL.

2075 1511 43 67 J
2153 1510 141 32 BROWN
2308 1510 30 30 in
2349 1507 138 40 thanking
2498 1507 45 31 his
2560 1516 150 22 numerous

2172 1555 149 25 customers
2352 1550 41 27 for
2421 1553 64 32 past
2513 1548 120 33 favours,
2656 1547 56 28 and

2075 1589 106 39 hoping
2205 1589 42 30 for
2268 1598 17 21 a
2306 1589 183 30 continuance
2509 1586 31 30 of
2557 1586 48 31 the
2623 1595 87 25 same,

2075 1630 99 27 wishes
2186 1632 46 24 too
2245 1629 52 27 call
2310 1629 73 27 their
2401 1627 136 28 attention
2550 1629 30 24 to
2593 1625 44 28 his
2649 1635 62 19 new

2075 1665 78 30 stock
2174 1665 31 31 of
2226 1665 110 30 Ladies'
2360 1663 98 30 Maids'
2482 1663 55 29 and
2556 1662 155 30 Children's

2075 1707 86 29 Boots
2181 1706 31 29 in
2233 1709 77 34 great
2331 1705 115 37 variety.
2482 1703 77 33 Also,
2573 1702 43 31 his
2634 1702 76 38 large

2076 1745 56 28 and
2144 1745 96 28 varied
2254 1743 78 29 stock
2345 1744 29 28 of

2076 1796 121 38 Men.s,
2208 1795 142 32 Youths'
2364 1794 28 33 &
2404 1794 101 39 Boys'
2522 1794 107 31 Boots
2641 1792 71 32 and

2334 1830 118 32 Shoes.

2077 1933 87 30 Fresh
2178 1932 92 31 Goods
2284 1933 120 37 arriving
2423 1931 137 38 monthly,
2573 1930 90 30 which
2677 1930 35 29 he

2112 1973 22 28 is
2148 1973 116 35 offering
2277 1976 28 26 at
2317 1973 88 36 prices
2418 1975 29 26 to
2457 1972 54 28 suit
2524 1971 48 28 the
2585 1971 92 29 times.

2078 2011 46 28 All
2146 2010 140 37 imported
2319 2010 85 35 goods
2433 2009 117 28 marked
2579 2009 34 28 in.
2635 2008 78 36 plain

2338 2048 111 37 figures.

2113 2127 131 29 N.B.A
2256 2126 100 38 supply
2369 2126 30 29 of
2419 2126 90 30 North
2522 2124 105 30 British
2641 2126 74 28 Gum

2078 2166 86 29 Boots
2190 2165 56 29 and
2270 2166 71 28 Own
2366 2165 83 29 Make
2468 2164 184 37 Watertights
2677 2164 24 29 al-

2078 2214 75 27 ways
2166 2213 36 19 on
2215 2204 84 31 hand.

2113 2243 118 36 Repairs
2242 2242 144 38 promptly
2395 2241 131 31 executed
2540 2241 55 30 and
2607 2241 108 30 elastics

2079 2282 132 29 inserted.

2106 2358 72 29 Note
2191 2358 48 29 the
2249 2357 273 29 Address:JOHN
2542 2356 150 34 BROWN,

2080 2405 89 31 Boot
2193 2405 28 31 &
2248 2404 211 32 Shoemaker
2480 2404 27 30 &
2536 2404 179 39 Importer,

2145 2449 141 36 (Opposite
2300 2448 81 29 Bank
2393 2448 31 29 of
2433 2448 69 29 New
2515 2448 141 35 Zealand.)

2199 2530 188 39 JAMES
2427 2529 172 43 RYAN,

2083 2619 88 62 Q.E
2179 2619 89 28 NER
2275 2619 24 28 A
2305 2619 24 28 L
2402 2617 315 63 gTOREKEEPER,

2232 2697 85 28 Cliff
2341 2696 121 33 Street,
2481 2696 87 27 Lyel.

2081 2851 93 30 Goods
2188 2850 133 38 carefully
2334 2849 106 39 packed
2453 2853 28 25 to
2494 2849 37 29 all
2543 2852 77 34 parts
2632 2849 30 29 of
2671 2849 46 29 the

2340 2889 116 30 district.

2098 3042 104 29 BANK
2222 3042 113 29 PRICE
2354 3042 120 29 GIVEN
2495 3041 74 29 FOR
2588 3040 110 30 GOLD.

2241 3125 315 31 TEMPERANCE

2083 3174 336 56 BOARDING
2482 3171 235 56 HOUSE

2165 3244 80 37 (Late
2257 3243 153 30 Alhaxnbra
2429 3242 94 35 Hotel,
2537 3242 101 38 Lyell.)

2082 3349 206 65 ANTONIO
2301 3346 262 39 ACCOLINObegs
2577 3349 28 27 to
2617 3345 103 31 inform

2178 3390 48 29 the
2246 3388 173 30 inhabitants
2440 3386 33 31 of
2489 3387 80 38 Lyell
2587 3386 56 30 and
2662 3395 44 21 sur-

2083 3428 140 37 rounding
2247 3428 108 28 district
2379 3427 62 28 that
2464 3426 36 28 he
2525 3426 51 28 has
2598 3435 63 19 now
2680 3435 27 18 re-

2083 3466 107 39 opened
2201 3466 49 29 the
2262 3465 86 30 above
2361 3464 179 31 well-known
2549 3463 135 38 premises
2692 3472 30 20 as

2083 3515 17 21 a
2112 3505 159 30 First-class

2083 3556 177 48 Boarding
2274 3555 119 39 House
2410 3553 70 40 and
2499 3553 223 40 Restaurant.

2155 3666 88 30 Meals
2257 3669 28 26 at
2299 3666 35 28 all
2348 3665 94 29 hours.
2479 3663 79 30 Good
2570 3663 82 29 Beds.

2085 3706 151 29 Extensive
2267 3705 55 28 and
2361 3703 197 30 Commodious
2596 3701 127 38 Stabling

2276 3742 259 32 Accommodation.

2264 3795 170 30 ANTONIO
2453 3794 199 32 ACCOLINO,

2521 3832 166 36 Proprietor.

2106 3917 113 38 NEW
2260 3915 138 40 CHUM
2435 3913 269 46 BUTCHERY,

2298 3978 64 32 LI
2382 3978 25 31 E
2425 3977 88 32 LL.

2182 4084 206 43 JAMES
2438 4082 185 49 EDGE,

2458 4157 80 26 AND
2581 4156 143 27 RETAIL

2235 4232 339 34 BUTCHER.

2085 4347 101 30 Hotels
2198 4345 56 30 ami
2266 4343 132 31 Families
2418 4341 101 31 waited
2541 4352 37 21 on
2591 4342 83 38 Daily
2686 4343 39 29 for

2352 4381 111 32 Orders.

2138 4482 77 32 Meat
2227 4479 147 33 Delivered
2393 4482 27 26 to
2434 4478 37 30 all
2491 4480 76 37 parts
2579 4479 28 30 of
2627 4478 46 30 the

2346 4519 126 30 District.

2088 4628 118 32 NEW
2251 4625 156 35 CHUM
2447 4622 277 35 BUTCHERY.

2156 4672 129 32 Opposite
2295 4668 154 28 Afhambra
2459 4667 95 29 Hotel,
2569 4667 88 34 Lyell.

2151 4759 217 40 FORSYTH
2390 4760 27 36 &
2441 4756 232 47 MASTERS,

2090 4827 294 63 WHOLESALE
2411 4826 21 29 &
2460 4824 142 32 RETAIL
2620 4824 85 31 IRON-

2314 4864 192 31 MONGERS,

2243 4918 168 33 Broadway,
2431 4916 144 35 Reefton,

2094 4972 79 29 Have
2187 4980 35 20 on
2236 4969 73 29 hand
2328 4968 137 37 imported
2486 4967 85 29 direct
2587 4967 71 28 from
2681 4967 47 29 the

2144 5010 93 30 Home
2251 5008 130 34 markets,
2394 5017 16 19 a
2422 5007 89 36 Large
2523 5006 55 30 and
2592 5006 66 30 Well-

2279 5047 122 28 assorted
2421 5047 83 28 Stock
2517 5047 30 28 of

2093 5109 167 41 Builders'
2276 5107 219 49 Furnishing,
2509 5106 137 49 Mining
2659 5106 70 39 and

2199 5169 148 43 General
2368 5169 258 50 Ironmongery,

2095 5249 99 28 Which
2217 5249 66 34 they
2303 5256 44 19 are
2368 5246 134 37 prepared
2525 5249 27 24 to
2575 5245 50 27 sell
2646 5248 28 24 to
2687 5253 27 19 re-

2107 5287 104 29 sidents
2223 5287 30 28 of
2262 5285 78 37 Lyell
2354 5289 28 24 at
2392 5283 151 37 extremely
2555 5283 53 28 low
2620 5282 96 38 prices.

2097 5382 153 29 Bickford's
2263 5381 81 33 Fuse,
2357 5379 93 30 Hall's
2466 5379 126 34 Blasting
2605 5377 125 34 Powder,

2097 5421 122 34 Octagon
2233 5419 82 33 Steel,
2329 5419 91 27 Ames'
2443 5417 125 33 Shovels,
2589 5416 66 28 Pick
2674 5416 56 28 and

2098 5459 137 28 Hammer
2246 5457 135 31 Handles,
2395 5456 55 31 &c.,
2461 5458 95 32 agents
2568 5454 42 30 for
2620 5454 110 29 Nobel's

2333 5494 162 39 Dynamite.

2098 5560 159 33 Furniture,
2288 5558 134 33 Bedding.
2453 5557 114 33 Lamps,
2609 5555 121 37 Cutlery,

2099 5599 171 35 Carpenters'
2284 5597 91 31 Tools,
2393 5596 104 30 Paints,
2519 5595 66 31 Oils,
2608 5594 122 32 Colours,

2236 5635 94 36 Fancy
2342 5633 90 35 Ware,
2446 5633 62 33 &c.;
2527 5632 67 33 also,

2103 5687 21 29 A
2138 5687 87 36 Large
2237 5686 175 29 Assortment
2430 5684 29 29 of
2476 5682 167 31 Galvanised
2656 5683 74 32 IVon,

2202 5726 145 29 Bessemer
2359 5724 54 29 and
2432 5722 103 38 Plough
2556 5722 74 30 Steel

2289 5781 103 28 WIRE
2412 5779 129 28 ROPES.

2203 5834 59 28 SSS
2293 5832 175 30 OCTAGON
2496 5830 129 29 STEEL.

2844 5025 187 39 GEORGE
3061 5024 42 38 E.
3127 5021 193 46 LEVIEN,

2766 5088 124 30 Member
2900 5088 29 28 of
2935 5087 46 29 the
2989 5084 236 31 Pharmaceutical
3231 5083 108 37 Society
3345 5082 56 29 and

2852 5125 238 30 Pharmaceutical
3107 5125 167 28 Conference
3286 5123 30 28 of

2973 5165 85 28 Great
3075 5163 117 33 Britain,

2770 5222 203 61 SURGEON
3011 5220 175 30 DENTIST,
3216 5218 183 34 CHEMIST,

2928 5259 79 28 AND
3027 5257 205 33 DRUGGIST,

2981 5304 206 34 (REGISTERED.)

2766 5395 56 28 For
2834 5395 34 26 20
2879 5402 79 28 years
2976 5392 150 37 practising
3147 5392 30 27 in
3195 5391 206 33 Marlborough,

2767 5432 55 29 and
2834 5432 55 29 late
2902 5430 32 29 of
2952 5431 103 28 Nelson
3075 5430 130 33 districts,
3218 5430 23 26 is
3260 5438 63 19 now
3342 5438 45 27 pre-

2865 5470 83 37 pared
2961 5473 28 25 to
3004 5469 94 28 attend
3112 5469 128 36 patients,
3253 5468 54 27 and

2803 5528 71 31 CAN
2906 5527 52 31 BE
2988 5525 225 32 CONSULTED
3250 5524 118 30 DAILY

2770 5644 97 29 Rooms
2892 5651 29 20 in
2946 5642 186 29 Commercial
3163 5640 111 33 Hotel,
3298 5638 103 29 Lyell.

2803 5738 102 29 Advice
2925 5738 92 28 Gratis
3035 5737 71 27 from
3126 5738 16 26 9
3162 5738 27 25 to
3210 5735 31 27 11
3260 5743 75 23 a.m.,
3349 5731 54 30 and

2768 5777 71 28 from
2853 5778 16 26 2
2881 5779 28 25 to
2923 5778 14 25 5
2957 5783 66 28 p.m.

2984 5828 32 27 G.
3036 5826 33 28 E.
3090 5824 156 34 LEVIEN,
3267 5822 101 30 MT.S.

3235 185 118 29 Public
3383 185 150 29 Notices.

2742 270 15 28 9
2844 270 22 37 ft

3005 451 246 64 JOHN
3312 449 452 61 FENNELL

2740 552 60 27 Has
2812 550 86 29 much
2916 550 124 36 pleasure
3060 550 29 26 in
3110 548 177 34 announcing
3306 551 28 23 to
3354 545 47 28 the
3422 545 172 28 inhabitants
3615 545 30 28 of
3666 545 80 34 Lyell
3770 544 56 28 and
3850 543 185 35 surrounding

2965 587 120 30 districts
3107 587 47 29 the
3177 584 102 30 arrival
3303 585 31 28 of
3354 583 44 28 his
3421 583 88 28 NEW
3541 582 125 29 GOODS
3697 582 42 28 for
3762 582 47 28 the

2838 666 88 42 |S*
2953 661 287 42 CHRISTMAS
3279 661 102 39 AND
3424 659 116 39 NEW
3581 659 134 39 YEAR
3757 659 177 38 TRADE.

3378 765 23 25 o

2742 807 86 40 The
2849 808 116 41 Stock
2983 808 32 39 is
3041 822 84 25 now
3143 807 190 52 complete
3353 806 36 39 in
3409 818 112 38 every
3539 804 129 46 detail,
3690 802 74 40 and
3796 802 65 39 the
3890 801 146 52 quality

2840 863 32 40 is
2891 863 41 40 of
2954 863 65 40 the
3046 863 84 40 best
3158 861 223 53 procurable
3404 860 94 40 from
3518 859 66 40 the
3605 858 127 40 Home
3752 856 183 40 Markets.

3379 927 22 26 o

2911 1006 35 30 In
2959 1007 47 30 the
3020 1007 109 30 Ladles'
3144 1007 183 38 Department
3341 1006 47 30 the
3400 1005 142 37 following
3555 1004 95 30 Goods
3662 1014 46 20 are
3722 1004 149 29 shown:

2743 1064 150 39 DRESS
2907 1064 288 47 MATERIALS,
3403 1061 215 47 CORSETS,

2902 1126 285 47 MILLINERY,
3524 1124 189 44 GLOVES,

3022 1187 240 48 MANTLES,
3643 1183 159 47 LACES,

3142 1251 219 47 HOSIERY,
3723 1247 237 42 FLOWERS,
3981 1248 59 37 &c.

2848 1414 35 29 In
2896 1414 48 29 the
2958 1413 188 30 Gentlemen's
3159 1411 186 40 Department
3358 1422 16 20 a
3386 1413 88 36 Large
3490 1411 81 31 Stock
3585 1412 51 29 has
3648 1411 69 30 been
3730 1410 56 30 laid
3798 1411 40 34 in,
3850 1410 91 30 which

2747 1474 134 41 WILL
2907 1473 66 41 BE
3002 1472 130 43 SOLD
3157 1473 62 41 AT
3254 1472 179 42 PRICES
3471 1472 62 40 TO
3575 1472 115 39 SUIT
3727 1470 103 41 THE
3857 1470 169 40 iTIMEB

2834 1647 106 39 Bovs'
3085 1647 72 39 and
3273 1646 141 40 Youths'
3596 1646 169 52 Clothing
3966 1657 9 27 o

2939 1820 96 29 Direct
3048 1819 200 38 Importations
3260 1818 71 28 from
3344 1816 47 30 the
3658 1813 151 36 consisting
3821 1812 31 29 of

2751 1886 139 47 Prints,
2912 1885 175 48 Sateens,
3105 1884 75 40 and
3195 1883 230 49 Twillettes;
3447 1883 150 40 French
3611 1881 180 47 Merinos,
3808 1880 232 43 Cretonnes;

2783 1940 161 43 Curtain
2968 1940 146 48 Laces;
3144 1938 132 41 White
3302 1939 174 48 Calicos;
3504 1938 128 40 Toilet
3652 1936 126 53 Quilts
3795 1935 211 53 Sheetings.

3201 2028 24 28 A
3238 2026 132 37 Splendid
3382 2026 176 27 Assortment
3572 2024 29 27 of

2752 2095 133 50 Black,
2925 2095 114 47 Ecru,
3076 2091 76 42 and
3186 2090 134 42 White
3369 2090 24 40 L
3406 2103 89 27 aces
3514 2103 9 35 ;
3568 2088 173 40 Ribbons
3760 2102 9 35 ;
3815 2086 118 41 Black
3967 2086 74 41 and

3045 2147 191 42 Coloured
3264 2146 81 41 Silk
3374 2145 106 46 Mits,
3501 2144 75 40 and
3596 2145 153 39 Gloves.

2789 2322 247 66 JOHN
3074 2317 467 71 FENNELL,
3582 2315 152 63 Cliff
3770 2315 235 63 Street.

2756 2488 141 63 The
2934 2485 364 76 Hampden
3342 2480 467 76 Co-operative
3853 2479 193 61 Store

3051 2580 362 74 Company,
3451 2574 315 61 Limited.

2755 2775 110 63 THE
2879 2775 85 30 above
2975 2773 145 36 Company
3128 2773 24 29 is
3164 2780 63 21 now
3237 2769 150 39 supplying
3399 2768 47 30 the
3459 2766 142 39 following
3617 2766 85 37 goods
3712 2769 28 27 at
3752 2776 16 20 a
3782 2765 83 38 slight
3879 2765 123 29 advance
4016 2772 36 20 on

3227 2809 149 30 NELSON
3392 2808 186 28 PRICES:

2756 2879 602 58 Groceries
3409 2875 244 55 and.

3367 2961 690 55 Provisions

2958 3050 37 30 Of
3005 3050 61 28 first
3079 3049 69 29 class
3161 3047 115 38 quality.
3313 3046 25 28 A
3350 3045 89 36 Large
3453 3045 55 28 and
3521 3043 101 30 Varied
3636 3045 174 28 Assortment
3823 3043 30 30 of

2755 3109 203 52 Crockery,
2994 3106 172 41 Earthen
3195 3105 77 39 and
3303 3104 230 45 Glassware,
3570 3101 282 52 Ironmongery,
3883 3102 81 46 &c.,
3985 3101 68 39 &c.

2757 3257 125 40 Men's
2916 3255 76 40 arid
3029 3254 114 52 Boys'
3183 3250 273 54 Kaipoi-made
3505 3248 207 53 Clothing;
3759 3248 115 47 Hats,
3912 3248 140 48 Shirts,

2856 3308 358 46 Under-Flannels;
3269 3307 177 37 Drawers
3480 3304 74 39 and
3589 3304 146 47 Moles;
3777 3303 176 47 Tweeds,

2954 3362 177 54 Hosiery,
3154 3360 210 48 Blankets;
3394 3358 163 49 Calicos,
3580 3357 140 49 Prints,
3743 3357 92 40 Flan-

3167 3417 93 45 nels,
3281 3417 80 44 &c.,
3383 3415 65 38 &c.
3502 3414 93 38 Also

2921 3496 156 47 Wheat,
3123 3494 110 46 Oats,
3280 3492 116 47 Bran,
3430 3490 119 41 Chaff
3570 3490 76 39 and
3679 3490 194 40 Potatoes.

2794 3647 99 30 Orders
2905 3641 197 40 accompanied
3118 3641 38 38 by
3169 3640 65 29 cash
3246 3639 176 30 remittances
3439 3638 163 38 punctually
3621 3637 131 30 attended
3765 3641 38 30 to,
3817 3637 57 30 and
3892 3637 86 38 goods
3997 3638 44 28 des-

2759 3685 118 39 patched
2891 3688 28 25 at
2931 3693 17 20 a
2960 3685 140 26 moments
3111 3681 100 28 notice.

2794 3723 85 31 Local
2896 3722 129 39 produce,
3043 3718 142 37 including
3203 3718 104 34 Hides,
3328 3715 94 35 Skins,
3447 3715 96 34 Wool,
3563 3715 126 33 Butter,
3703 3716 57 33 &c.,
3773 3716 56 33 &c.,
3848 3715 154 38 purchased
4015 3715 42 28 for

2760 3764 82 31 Cash.

3639 3793 34 28 li.
3694 3793 131 33 M'NEE,
3843 3793 108 28 Lessee.

2795 3838 172 31 Murchison,
2980 3835 66 31 15th
3058 3834 85 35 June,
3159 3834 76 29 1885.

3341 4042 130 43 TRY

2763 4184 37 77 a
2842 4188 364 71 KIRK
3232 4186 637 68 PATRICK

3792 4186 77 66 K
3877 4186 16 29 3
3901 4186 71 64 S

3024 4790 83 43 IT
3182 4789 74 43 IS
3332 4788 154 42 THE
3561 4788 233 42 BEST.-

3431 5024 319 42 BELFAST
3800 5021 259 48 HOTEL,

3622 5092 113 30 GIBBB
3753 5090 122 32 TOWS.

3602 5146 186 29 Eight-Mile
3807 5146 88 28 Road.

3433 5230 7 22 I
3453 5230 11 45 j
3476 5225 67 27 IHE
3549 5226 186 35 undersigned
3743 5226 104 34 having
3854 5222 130 30 removed
3991 5223 71 27 from

3523 5276 66 28 Zala
3602 5276 85 29 Town
3701 5276 55 28 and
3769 5275 107 29 erected
3894 5283 61 19 new
3973 5283 71 28 prem-

3433 5324 53 27 ises
3506 5333 30 18 as
3556 5324 95 32 above,
3669 5324 25 27 is
3717 5333 62 19 now
3798 5321 132 39 prepared
3950 5327 28 22 to
3998 5321 67 28 offer

3433 5372 135 30 excellent
3608 5371 240 31 accommodation
3878 5375 28 25 to
3945 5370 119 29 visitors,

3433 5419 138 33 boarders,
3585 5419 55 28 and
3653 5419 47 28 the
3712 5419 92 36 public
3817 5418 150 36 generally.

3434 5516 75 29 Ales
3530 5515 100 29 Wines
3648 5523 56 21 and
3723 5515 113 29 Spiriis
3860 5522 34 20 of
3918 5522 56 20 tiie
3996 5519 70 22 best

3583 5565 154 35 Qualities
3750 5573 71 19 only
3836 5572 80 19 kkpt.

3557 5659 30 40 C
3590 5659 122 52 liargcs
3739 5659 43 38 M
3783 5658 60 38 ode
3845 5662 84 34 rate.

3611 5779 123 28 PETER
3754 5777 243 29 ARMSTRONG,

3868 5825 164 35 Proprietor.
