4126 6023
133 209 60 35 HE
213 209 188 35 GUESSED
421 209 98 33 HED
551 209 143 37 FIGHT.

136 301 163 33 Politeness
314 311 57 22 was
386 300 73 33 born
475 300 29 33 in
520 300 69 41 him,
609 301 56 33 and
689 301 37 35 be

95 343 133 33 couldn't
250 343 68 42 help
338 349 22 27 it
422 343 48 33 He
493 344 108 32 drifted
625 345 64 32 into
710 358 15 20 a

96 387 167 43 prominent
274 390 78 30 town
364 386 29 34 in
407 386 50 35 the
466 388 87 32 south
564 398 70 23 soon
645 388 77 35 afer

95 430 174 33 Johnston's
283 431 167 39 surrender,
464 432 56 32 and
535 431 100 34 before
655 444 58 33 any

94 475 103 41 body's
210 479 59 29 lem
273 484 52 33 per
339 474 54 34 had
409 475 99 33 cooled
524 476 94 34 down.
675 477 50 33 He

89 530 59 20 was
160 518 78 33 after
251 524 111 34 cotton,
376 520 55 32 and
459 520 37 33 he
522 520 41 32 let
587 520 51 33 the
666 522 58 33 fact

94 561 36 33 be
142 562 114 33 known.
302 562 46 33 He
360 573 57 22 was
428 565 73 31 from
514 564 210 40 Connecticut,

94 605 56 32 and
167 605 35 34 he
216 605 49 34 did
280 612 54 27 not
348 612 47 36 try
411 611 32 28 to
458 608 117 32 conceal
590 608 33 32 it.
677 609 46 32 He

92 648 103 33 hadn't
219 649 73 33 been
319 649 30 34 iu
370 651 51 33 the
445 656 78 27 town
548 657 59 25 two
635 651 89 33 hour?

94 692 100 34 before
226 705 38 22 an
298 697 15 15 14
623 696 99 42 pulled

95 735 44 32 his
154 746 80 25 nose.

131 781 17 17 11
346 781 62 36 said
420 782 50 34 the
482 793 63 23 man
557 782 74 34 from
643 783 61 33 Ton

90 824 140 32 necticut.
304 826 71 32 Was
389 827 65 31 that
468 827 162 31 accidental

157 866 60 35 No'
231 868 60 36 sir!
305 868 59 42 No,
492 880 56 24 was
562 868 52 36 the
633 870 89 35 fierce

91 910 149 43 rejoinder

129 956 17 17 H
158 954 59 34 Did
233 956 24 34 it
270 967 15 23 a
302 967 135 30 purpose,
449 956 36 34 eh

129 999 19 17 u
170 1000 41 32 Of
233 1012 105 23 course
353 1001 14 32 I

130 1044 17 16 M
159 1042 88 40 Well,
261 1044 17 32 I
291 1044 152 33 should'nt
465 1054 18 23 a
502 1044 128 40 thought
654 1045 24 32 it
693 1046 32 31 of

90 1095 59 31 you
163 1087 7 31 I
210 1086 49 34 I'll
276 1098 65 30 pass
365 1087 25 33 it
411 1098 70 23 oyer
504 1098 32 22 as
558 1099 19 22 a
601 1099 67 23 case
692 1089 30 33 of

92 1136 169 38 temporary

132 1175 45 32 An
195 1177 75 30 hour
282 1175 84 38 later,
379 1185 32 22 as
422 1174 37 33 he
469 1178 46 29 sat
526 1174 30 33 in
569 1175 52 32 the
631 1176 91 39 hotel,

91 1228 18 24 a
122 1218 148 35 fire-eater
292 1218 183 42 approached
497 1219 58 34 him
570 1220 58 33 and
653 1226 67 35 spat

91 1273 39 22 on
144 1261 45 35 bis
201 1263 86 35 boots
299 1262 59 34 and
372 1263 85 33 stood
477 1263 58 33 and
562 1264 102 42 glared
688 1268 32 29 at

93 1305 60 35 bim

160 1352 68 34 Tou
242 1355 78 30 must
332 1351 73 34 have
417 1362 18 23 a
450 1351 114 35 wobble
586 1355 33 30 to
644 1364 76 30 your

92 1398 111 38 tongue
229 1397 25 31 if
278 1407 59 30 you
365 1396 80 32 can't
471 1395 60 42 spit
559 1397 163 41 straighter

91 1438 72 33 than
292 1439 63 33 said
374 1439 52 33 the
450 1447 68 23 man
539 1438 78 33 from
644 1440 59 32 Con-

91 1482 140 33 necticut.

159 1526 16 33 I
190 1530 97 30 meant
300 1538 41 29 so,
352 1527 97 33 sir—l
459 1531 99 30 meant

131 1573 17 17 11
162 1571 129 35 Wanted
307 1577 32 29 to
353 1576 51 35 Ret
417 1583 47 23 me
475 1572 75 42 mad,
560 1573 36 34 eh

131 1617 17 15 u
160 1614 72 41 Yes,
245 1616 42 33 sir
299 1620 8 29 I
347 1616 72 38 Yes,
433 1616 40 33 sir

132 1660 18 18 u
159 1658 67 33 You
242 1659 151 34 shouldn't
406 1660 39 33 do
457 1670 43 23 so.
540 1660 99 34 When
665 1660 55 34 I'm

91 1702 106 33 roused
212 1702 55 33 I'm
280 1714 19 22 a
311 1703 70 33 bard
394 1713 67 23 man
472 1708 32 28 to
515 1703 115 34 handle.
672 1704 48 32 I'll

93 1756 107 24 excuse
214 1747 59 34 this
286 1758 38 22 on
343 1746 52 34 the
417 1747 131 42 grounds
571 1748 66 34 that
660 1760 59 32 you

92 1790 84 33 don't
190 1791 85 32 know
294 1801 46 23 me

131 1833 38 35 In
183 1833 52 35 the
244 1835 154 35 afternoon
411 1834 37 35 be
460 1846 57 23 was
528 1835 85 44 given
625 1848 18 23 a
655 1836 65 35 hint

94 1877 63 33 that
170 1878 37 33 he
223 1879 53 32 bad
293 1880 95 31 better
403 1880 82 32 leave
509 1879 52 33 the
585 1884 80 28 town
689 1889 30 24 at

92 1933 82 30 once,
187 1922 68 43 and,
267 1922 82 36 when
360 1922 37 37 he
407 1922 166 45 demurred,
582 1935 19 24 a
612 1924 104 45 lawyer

91 1970 67 29 sent
171 1967 58 32 him
244 1978 17 22 a
275 1967 152 38 challenge

129 2010 17 17 M
160 2008 115 34 What's
283 2011 25 31 it
319 2010 48 33 fur
425 2009 89 35 asked
524 2009 52 37 the
585 2010 134 43 Yankee,

89 2062 33 23 as
136 2051 37 34 he
185 2052 70 33 rrad
268 2053 51 32 the
333 2053 126 32 missive.

130 2098 17 17 u
159 2096 69 35 Yon
238 2097 127 34 insulted
378 2096 69 43 him,
456 2097 58 36 and
526 2098 37 35 he
576 2098 143 36 demands

317 2142 151 40 explained
480 2143 51 33 the
541 2152 170 32 messenger

129 2185 17 17 u
156 2185 87 32 Can't
258 2185 14 32 I
287 2195 70 32 argy
373 2185 51 34 the
437 2196 66 24 case
517 2186 71 33 with
613 2187 60 33 him

129 2228 17 16 41
158 2227 58 40 No,
230 2228 40 32 sir

130 2274 16 16 *
155 2271 130 44 S'pose'n
297 2272 18 35 I
320 2271 65 44 give
396 2272 59 36 him
464 2273 77 35 sdol.
555 2277 32 31 to
595 2274 87 34 settle
690 2274 25 35 ?'

221 2321 92 28 wants
328 2322 31 26 to
374 2318 82 39 fight,
470 2320 49 30 sir.
573 2319 69 32 And
657 2329 60 31 you

89 2362 79 30 must
181 2358 97 36 either
291 2359 74 43 fight
378 2371 34 23 or
426 2359 36 36 he
477 2361 55 33 will
552 2360 166 42 horsewhip

89 2414 59 32 you

157 2448 99 34 Warm
271 2459 46 23 me
331 2460 40 33 up
383 2449 69 34 with
465 2461 19 23 a
496 2450 130 34 rawhide
636 2450 37 35 eh

223 2493 57 31 will

129 2536 17 16 M
158 2534 96 34 Shoo!
296 2535 53 34 but
362 2536 93 35 who'd
477 2547 17 23 a
517 2536 130 45 thought
669 2537 25 33 it
710 2537 7 30 1

87 2578 70 43 Say,
171 2579 48 32 l'il
230 2578 50 44 gin
296 2580 59 33 him

257 2622 70 34 You
348 2623 131 34 likewise
493 2624 94 34 insult

129 2666 17 18 M
156 2665 58 42 Do,
226 2666 56 35 eh!
322 2666 18 35 I
353 2677 78 25 swan
446 2667 16 33 I
472 2668 95 34 didn't
578 2679 85 24 mean
675 2672 40 31 to.

89 2710 82 33 Then
187 2710 64 33 I've
263 2715 52 37 got
329 2716 33 27 to
382 2712 75 42 fight

130 2753 19 17 '•
159 2752 69 34 You
244 2753 71 34 ha?e

129 2798 18 17 11
157 2796 73 43 May
244 2801 52 40 get
310 2797 99 42 killed,
423 2809 36 25 or
482 2798 52 36 kill
557 2799 52 35 the
630 2801 88 35 other

129 2929 17 16 **
161 2928 86 42 Well,
261 2930 55 32 I'm
332 2930 105 33 kinder
448 2941 94 32 sorry.
594 2933 18 31 I
630 2943 89 23 never

88 2971 58 34 had
160 2971 54 35 but
229 2984 56 23 one
299 2973 75 43 fight
386 2973 30 34 in
432 2985 47 33 my
493 2975 60 42 lite,
564 2976 59 34 and
647 2977 71 33 then

88 3015 18 33 I
120 3020 52 37 got
182 3017 102 33 licked.
326 3018 18 33 I
352 3018 84 33 don't
446 3024 77 28 want
536 3023 32 30 to
584 3020 35 33 be
635 3020 84 40 hurt,

86 3059 60 32 and
161 3059 17 32 I
199 3060 83 33 don't
305 3065 78 29 want
406 3068 32 26 to
461 3062 97 43 injure
578 3063 139 43 anybody

86 3101 72 37 else,
171 3105 136 31 and—

128 3146 18 18 *
156 3144 99 36 You'll
271 3147 70 33 wait
353 3151 32 29 to
405 3148 37 34 be
466 3148 250 44 horsewhipped/'

156 3188 18 34 I
187 3189 100 35 rather
299 3202 88 30 guess
400 3196 62 29 not.
513 3193 17 34 I
551 3203 89 33 guess
668 3192 45 34 I'll

87 3232 83 42 fight
233 3234 48 34 l'Jl
310 3236 106 34 choose
442 3237 78 34 rifles
545 3241 33 29 at
605 3242 112 37 twenty

86 3286 95 32 paces,
195 3278 58 33 and
268 3290 58 29 you
340 3289 53 23 can
408 3280 68 42 pick
489 3284 55 30 out
556 3291 79 32 your
648 3291 66 23 own

84 3321 125 40 ground.
250 3321 71 34 Just
335 3322 40 32 let
389 3333 46 23 me
449 3325 83 32 know
550 3323 85 35 when
652 3324 24 32 it
691 3325 27 31 is

80 3367 33 31 to
126 3375 82 23 come
221 3365 50 42 off,
283 3367 57 34 and
356 3366 47 35 I'll
421 3371 49 41 try
485 3373 31 30 to
532 3368 36 35 be
581 3368 97 35 thar.''

125 3408 31 33 It
166 3419 81 24 came
260 3412 43 31 off
311 3416 70 29 next
395 3414 143 41 morning.
591 3413 51 33 He
657 3424 57 22 was

81 3452 79 34 thar.
217 3453 83 44 They
323 3455 110 33 offered
459 3456 59 34 bim
540 3467 38 22 an
609 3467 108 31 oppora

87 3496 99 42 tunity
201 3500 31 30 to
246 3498 180 42 appologise,
438 3499 56 35 but
513 3501 38 34 he
574 3501 144 33 would'nt

87 3541 88 34 touch
190 3542 31 32 it.
264 3542 50 35 He
327 3544 85 33 stood
438 3556 41 29 up
502 3557 33 22 as
559 3545 64 34 stiff
645 3556 32 22 as
700 3556 18 21 a

85 3596 63 22 new
174 3585 71 34 barn
274 3587 81 40 door,
381 3588 57 33 and
468 3589 90 35 bored
579 3601 19 22 a
622 3589 96 33 bullet

87 3629 126 42 through
228 3629 45 34 his
287 3631 92 33 man's
388 3632 146 42 shoulder,
547 3634 58 33 and
631 3645 83 22 came

85 3674 43 32 off
140 3674 125 33 without
278 3685 17 23 a
309 3676 115 33 scratch
440 3677 126 34 himself.

153 3716 83 35 Bern'
250 3728 33 23 as
297 3718 17 34 I
327 3729 47 23 am
388 3723 54 31 out
466 3721 69 34 here
560 3732 75 30 now,
656 3721 59 34 and

81 3761 80 33 bein'
171 3773 32 21 as
219 3763 158 41 somebody
403 3763 62 35 else
487 3775 66 32 may
579 3768 80 30 want
685 3768 31 29 to

77 3805 163 41 horsewhip
255 3817 47 22 me
315 3810 171 39 to«morrer,
497 3809 145 34 would'nt
657 3808 59 33 this

81 3851 37 32 be
131 3862 18 20 a
159 3851 75 39 food
250 3850 71 34 time
335 3852 50 33 fur
399 3852 58 33 him
471 3857 31 29 to
514 3854 79 33 show
608 3864 41 31 up
659 3853 57 33 and

82 3902 72 22 save
168 3892 72 32 time
307 3893 36 32 he
356 3894 91 32 asked
461 3906 34 21 as
509 3896 37 32 he
562 3896 102 31 leaned
676 3904 38 23 on

80 3935 46 34 his
141 3935 63 35 rifle
214 3933 57 38 and
284 3936 104 36 looked
403 3939 114 34 around
529 3939 68 34 him.

123 3980 50 32 No
188 3991 57 22 one
268 3980 115 33 showed
408 3994 51 29 up.
510 3984 62 32 The
595 3983 123 32 Yankee

82 4024 81 34 liked
178 4024 51 33 the
240 4028 91 36 town,
344 4026 57 33 and
410 4029 68 30 sent
492 4027 47 32 for
549 4027 45 33 his
605 4026 110 43 family.

81 4067 64 33 The
174 4068 105 43 people
308 4068 79 34 liked
415 4069 52 33 the
493 4070 135 37 Yankee,
659 4071 57 33 ard

83 4112 85 35 made
191 4111 59 35 him
276 4116 188 38 postmaster,
487 4114 59 35 and
569 4114 37 36 he
629 4114 87 36 stuck

83 4156 85 34 there
182 4156 77 33 until
275 4157 55 31 five
344 4168 85 29 years
442 4168 64 29 ago.

118 4237 89 30 Facca
230 4238 116 29 volcano
369 4237 52 30 has
444 4238 103 31 broken
574 4243 49 28 out
650 4250 68 22 near

85 4274 174 35 Guatemala,
271 4275 159 39 destroying
442 4277 98 39 totally
553 4278 47 31 the
618 4279 99 38 village

83 4314 29 30 of
125 4314 56 30 San
193 4313 128 30 Vincent.

119 4351 59 29 The
191 4351 169 36 Wellington
377 4351 162 32 Exhibition
551 4354 165 32 Committee

84 4389 72 31 have
177 4389 125 31 declared
322 4395 55 26 two
395 4390 32 32 of
441 4391 47 32 the
499 4401 94 32 essays
609 4403 37 23 on
668 4394 47 32 the

85 4429 150 29 industries
263 4429 31 30 of
320 4429 47 30 the
391 4431 99 37 colony
515 4434 90 35 equal.
641 4434 77 39 They

86 4476 72 20 were
181 4466 85 30 found
288 4469 31 27 to
341 4468 34 29 be
404 4470 110 29 written
537 4470 37 39 by
596 4472 120 31 William

87 4505 90 30 Reeve
185 4505 150 36 Haselden,
342 4506 32 31 of
377 4507 147 38 Westport,
534 4509 55 30 and
598 4511 119 31 Richard

86 4544 117 33 Winter,
227 4543 89 29 editor
335 4545 31 28 of
382 4546 47 28 the
450 4546 193 38 Marlborough
662 4550 36 29 Ex-

85 4589 87 30 press.
207 4579 59 31 The
289 4581 74 32 third
387 4582 24 32 is
428 4582 38 40 by
487 4584 104 40 George
615 4586 103 33 Robert

85 4621 84 33 Hart,
193 4619 33 31 of
243 4620 47 30 the
315 4621 80 30 Press
417 4631 169 30 newspaper,
613 4626 88 30 Christ-

85 4657 115 31 church.
235 4657 59 32 The
312 4659 188 32 Government
520 4662 71 30 have
603 4663 113 32 decided

85 4700 30 26 to
127 4696 61 34 give
200 4699 28 26 to
240 4697 66 30 each
326 4697 32 30 of
371 4699 48 29 the
437 4699 61 30 first
509 4710 16 19 a
537 4701 63 37 gold
612 4704 102 33 medal,

83 4734 56 31 and
150 4737 29 28 to
192 4734 90 31 divide
288 4735 48 30 the
346 4745 109 30 money.
490 4738 59 32 The
561 4749 93 30 essays
662 4742 55 30 will

87 4773 132 39 probably
230 4774 34 30 be
275 4775 153 38 published.

118 4812 26 28 A
167 4814 214 36 correspondent
402 4815 31 28 of
452 4815 47 30 the
523 4816 87 38 Otago
634 4818 83 39 Daily

85 4849 106 38 Times,
215 4851 157 32 writes:—l
396 4854 91 31 would
506 4858 49 28 not
572 4855 84 33 touch
680 4867 35 22 on

85 4889 49 28 the
146 4890 103 35 subject
269 4890 32 28 of
315 4890 47 29 the
374 4892 68 28 East
462 4894 56 28 and
539 4895 76 28 West
633 4896 83 29 Coast

84 4925 123 39 railway.
259 4926 169 40 Wellington
456 4928 95 33 knows
585 4932 131 40 perfectly

85 4965 63 31 well
168 4965 62 31 that
248 4966 50 32 she
318 4967 24 31 is
353 4967 48 32 the
421 4968 73 32 chief
511 4970 91 32 feeder
620 4972 31 30 of
667 4973 48 30 the

85 5011 149 22 numerous
245 5004 78 29 West
334 5005 82 30 Coast
429 5009 89 27 towns
535 5009 55 28 and
603 5010 110 30 Nelson.

85 5040 205 40 Consequently
311 5041 47 32 she
378 5042 84 40 fights
473 5043 52 32 fair
542 5045 56 31 and
615 5047 57 32 foul
683 5052 30 27 to

85 5080 71 29 have
178 5080 57 30 this
246 5081 110 30 scheme
376 5082 47 29 fall
442 5083 128 39 through.
606 5086 61 36 We,
687 5089 31 28 of

86 5118 98 38 Otago,
205 5118 79 33 allow
302 5120 138 31 ourselves
451 5125 29 27 to
497 5122 34 32 be
549 5123 111 33 blinded
677 5125 38 40 by

85 5157 179 37 Wellington,
290 5158 53 37 (for
365 5160 31 29 of
411 5169 95 22 course
527 5162 49 31 she
598 5163 117 39 direotly

87 5195 113 31 invokes
211 5205 51 21 our
273 5196 55 37 aid)
341 5198 56 30 and
414 5198 66 30 with
492 5199 78 31 them
582 5200 89 32 throw
683 5212 31 21 as

86 5235 84 29 much
189 5235 61 30 cold
269 5239 85 27 water
365 5246 35 20 on
412 5237 56 31 this
489 5242 48 34 pet
556 5240 111 31 scheme
687 5242 31 30 of

86 5273 171 37 Canterbury
268 5274 55 28 and
335 5274 103 29 Nelson
450 5284 32 20 as
490 5280 75 25 must
574 5278 81 29 make
667 5280 48 28 the

87 5309 92 32 hearts
200 5310 30 31 of
245 5310 47 32 the
309 5311 230 39 Welliugtonians
555 5315 107 38 rejoice.
699 5316 15 32 I

87 5359 47 19 am
146 5353 48 26 not
206 5351 147 29 interested
365 5351 30 29 in
414 5352 47 29 the
474 5353 128 37 slightest
617 5355 98 36 degree

86 5396 30 20 m
134 5386 55 30 this
207 5388 126 35 railroad,
345 5388 50 30 but
412 5398 31 20 as
454 5399 36 19 an
502 5391 140 37 impartial
659 5393 55 29 and

87 5424 187 32 disinterested
294 5426 88 36 Otago
402 5428 120 29 resident
539 5429 16 28 I
572 5434 76 25 must
666 5440 49 28 say

85 5463 24 30 it
120 5463 90 30 shows
222 5473 66 29 very
301 5464 53 30 bad
366 5474 36 20 on
414 5474 50 21 our
483 5470 63 35 part
557 5470 29 27 to
603 5468 70 35 fight
685 5478 29 21 so

85 5501 70 31 hard
165 5503 106 36 against
278 5503 56 29 this
342 5504 112 37 railway
462 5506 135 37 proposal.
617 5506 98 38 Surely

85 5543 29 27 to
142 5541 134 37 goodness
304 5541 25 30 if
355 5551 50 21 our
434 5543 87 37 Otago
550 5544 112 31 Central
690 5546 24 30 is

85 5579 109 38 worthy
206 5579 31 32 of
245 5581 196 34 construction,
454 5582 83 30 much
550 5593 76 21 more
647 5584 67 31 then

84 5617 100 28 should
196 5617 33 29 be
247 5618 47 29 the
311 5619 70 28 East
392 5619 55 28 and
466 5620 76 28 West
555 5621 83 28 Coast
649 5623 64 28 line.

85 5654 57 31 But
161 5654 61 32 that
241 5655 24 31 is
284 5654 46 33 the
351 5664 78 31 way;
448 5656 47 32 the
513 5657 89 32 whole
621 5658 30 32 of
666 5659 47 31 the

85 5695 99 39 colony
197 5696 76 36 (with
286 5696 47 30 the
345 5697 140 37 exception
498 5697 31 30 of
537 5699 136 30 ourselves
687 5700 30 29 of

84 5734 104 38 course)
201 5735 24 30 is
236 5734 82 31 death
328 5745 35 21 on
375 5746 49 20 our
433 5736 89 38 Otago
530 5737 119 33 Central,
659 5739 54 30 and

84 5783 41 20 we
144 5774 29 29 in
194 5783 51 20 our
261 5779 64 26 turn
344 5776 62 29 take
419 5776 70 35 good
510 5786 60 19 care
591 5780 29 26 to
641 5778 72 29 howl

83 5812 82 30 down
184 5819 82 32 every
285 5813 79 32 other
384 5814 111 31 scheme
517 5814 62 32 that
598 5815 115 32 benefits

83 5861 49 19 our
144 5852 173 39 neighbours.

1312 77 118 41 THE
1484 78 185 42 LYELL
1721 80 184 49 TIMES,
1960 82 305 51 SATURDAY,
2319 86 190 42 MARCH
2564 101 60 36 20.
2680 91 103 40 1886.

3402 5740 114 28 Printed
3529 5741 56 28 and
3598 5741 148 37 published
3764 5742 37 38 by
3815 5743 49 30 the
3877 5745 165 37 proprietor,

3435 5778 107 30 Walter
3554 5780 96 34 Atkin,
3663 5785 30 25 at
3704 5781 49 30 the
3768 5782 163 37 Registered
3954 5786 86 30 Office

3436 5818 80 28 oitlie
3554 5820 80 35 Lyell
3770 5821 68 28 Cliff
3843 5823 99 31 Street,
3949 5825 91 36 Lyell,

3436 5856 111 38 County
3561 5858 30 29 of
3601 5858 103 35 Buller,
3714 5859 109 39 Colony
3836 5862 28 28 ot
3876 5861 68 30 N.Z.

828 204 176 41 Westport
1019 206 304 32 Advertisements.

755 282 334 58 GILMER'S
1141 284 241 67 HOTEL,

994 386 156 28 WESTPORT,

779 456 146 40 Corner
951 456 43 40 of
1020 457 239 39 Palmerston
1284 457 76 40 and

870 510 212 42 Wakefield
1109 512 159 48 Streets,

756 601 277 62 CONVENIENT
1054 605 29 28 to
1101 603 47 30 the
1162 603 154 39 Telegraph
1329 603 53 30 and

843 642 65 27 Post
922 642 108 33 Offices,
1043 642 55 28 and
1110 643 95 35 nearly
1219 643 122 36 opposite
1355 646 27 25 to

753 678 33 31 be
800 679 77 31 R.M.
891 680 86 30 Court
992 679 56 31 and
1067 679 82 31 H.M.
1163 680 138 33 Customs.

754 786 178 43 Gilmer's
953 786 176 44 Masonic
1153 788 129 50 Hotel,

1267 851 114 22 NELSON.

753 880 179 42 Gilmer's
958 880 130 50 Hotel,

1201 943 180 21 GREYMOUTH.

753 973 178 41 Gilmer's
951 973 121 54 Royal
1091 973 87 43 Oak
1197 974 130 49 Hotel,

1188 1036 193 22 WELLINGTON.

784 1142 79 30 Good
884 1143 237 30 accommodation
1139 1143 42 30 for
1200 1143 181 30 Commercial

750 1180 160 33 Travellers,
924 1181 66 28 with
1004 1181 105 37 sample
1120 1190 92 19 rooms
1225 1182 139 36 provided.

784 1219 25 30 A
833 1219 88 39 Night
943 1219 97 32 Porter
1063 1219 102 39 always
1190 1229 36 22 on
1250 1220 48 31 the
1322 1230 45 30 pre-

750 1258 92 29 mises.

784 1296 127 35 Booking
930 1296 85 30 Office
1033 1296 42 30 for
1087 1296 46 31 the
1146 1296 169 35 Charleston,
1328 1298 36 29 Ad-

750 1334 113 37 dison's,
877 1335 115 30 Reefton
1004 1335 56 31 and
1078 1336 80 38 Lyell
1171 1336 130 31 Coaches.

785 1375 78 29 Good
875 1374 129 38 stabling,
1017 1376 68 28 with
1099 1375 76 38 eight
1194 1376 80 30 horse
1295 1376 87 35 stalls,

750 1413 129 29 attached
891 1416 29 26 to
932 1413 47 29 the
991 1414 141 36 premises.

957 1468 122 34 JOHN
1098 1469 190 41 GILMER,

1184 1515 164 36 Proprietor.

940 1598 242 61 STRUT
1199 1598 183 42 HEES

895 1693 89 34 HAS
999 1694 66 33 ON
1085 1694 151 33 SALE—

802 1767 237 54 Corrugated
1060 1769 99 49 Iron,

801 1830 202 56 Crockery,

803 1894 323 56 Paperhangings,

801 1958 134 42 White
954 1961 121 47 Lead,

801 2021 94 49 Oils,

800 2083 222 50 Varnishes,

801 2148 125 40 Doors
939 2150 76 40 and
1034 2150 154 49 Sashes,

801 2212 169 52 Cutlery,

801 2275 464 56 Cutlery-Electroplate;
1293 2277 75 42 and

801 2339 240 42 Brushware.

789 2469 320 39 PALMERSTON
1152 2471 194 48 STREET,

962 2532 215 29 WESTPORT.

786 2612 291 62 Thomas
1102 2613 246 75 James,

880 2726 266 49 SADDLER,
1174 2726 82 49 &c.,

751 2811 220 32 TMPORTER
988 2820 56 21 and
1069 2812 314 32 MANUFACTURER

1049 2873 35 22 OF

750 2921 61 39 All
843 2920 254 53 descriptions
1115 2921 42 40 of
1183 2922 198 52 Saddlery,

800 2982 185 51 Harness,
1004 2984 111 54 Long
1125 2984 76 41 and
1220 2984 116 43 Short

849 3047 203 52 Leggings,
1124 3048 158 52 Plough,

896 3109 32 40 &
946 3109 108 40 Back
1080 3109 154 50 Chains,

943 3170 160 52 Traces,
1119 3174 67 40 &c.

746 3299 116 40 Repairs
873 3300 103 39 Neatly
988 3301 57 31 and
1063 3301 146 40 Promptly
1230 3302 151 31 Executed.

746 3414 177 40 Up-country
934 3414 95 32 orders
1045 3415 142 39 promptly
1199 3416 131 33 attended
1343 3421 38 27 to.

745 3527 51 31 ON
815 3528 207 31 SALE—Steel
1052 3528 138 37 Polished,
1220 3530 56 30 and
1307 3530 75 31 Solid

814 3567 91 29 Silver
931 3567 71 35 Bits,
1034 3568 132 37 Stirrups,
1198 3569 56 29 and
1284 3569 97 38 Spurs,

814 3605 104 38 Riding
939 3605 125 36 Saddles,
1085 3606 74 30 Pack
1181 3607 124 35 Saddles,
1326 3608 56 30 and

814 3644 99 38 Whips
925 3645 32 29 of
969 3645 38 28 all
1019 3645 188 37 descriptions.

959 3984 208 35 IMPORTER,

745 4074 314 65 WHOLESALE
1086 4076 129 43 WINE,
1242 4078 113 34 SPIBI

843 4239 198 41 Provision
1061 4240 216 41 Merchant.

783 4441 319 38 PALMERSTON
1144 4442 193 48 STREET,

953 4537 216 28 WESTPORT.

1492 208 146 33 Reefton
1663 209 295 36 Advertisements

1530 289 56 41 W.
1625 290 304 51 HINDMARSH,

1439 410 297 63 JIHAREBfiOKEE,
1761 411 182 38 MINING,
1966 414 78 30 AND

1502 489 167 42 General
1694 490 260 44 Commission

1660 583 138 55 Agent,

1444 712 288 51 BROADWAY,
1760 715 246 50 REEFTON,

1532 824 140 36 (Opposite
1690 824 138 30 Southern
1841 826 82 29 Cross

1673 879 104 39 Hotel.)

1411 962 340 64 Dawson's
1815 965 224 77 Hotel,

1506 1067 224 35 BROADWAY,
1756 1069 188 30 REEFTON.

1411 1181 89 28 fTlhe
1520 1182 236 29 accommodation
1778 1185 127 36 supplied
1925 1185 37 37 by
1987 1186 56 28 this

1418 1226 38 15 -*•
1500 1219 85 31 house
1599 1225 102 27 cannot
1713 1221 32 32 be
1758 1223 146 37 surpassed
1925 1223 30 31 in
1975 1224 68 32 New

1410 1259 129 29 Zealand.

1412 1363 175 54 Booking
1620 1367 122 41 Office
1777 1368 57 41 for
1869 1369 174 41 Mitchell

1459 1418 76 39 and
1580 1422 232 51 Campbell's
1870 1424 122 51 Royal

1510 1471 95 45 Mail
1635 1476 98 41 Line
1754 1476 44 41 of
1824 1477 96 53 Grey-

1563 1532 132 38 mouth
1712 1532 188 40 Coaches*

1445 1661 67 29 This
1525 1661 86 30 Hotel
1751 1661 102 30 known
1876 1661 168 39 throughout

1413 1699 68 30 New
1493 1701 120 28 Zealand
1625 1701 43 28 for
1686 1700 36 29 its
1741 1701 236 30 accommodation
1990 1702 54 29 and

1411 1739 183 30 convenience
1604 1739 43 30 for
1664 1740 113 29 tourists
1795 1739 56 30 and
1869 1739 175 31 commercial

1411 1778 150 30 travellers.

1608 1823 126 41 JOHN
1754 1824 212 51 DAWSON,

1845 1882 165 34 Proprietor.

1573 1966 309 33 STEVENSON'S

1415 2025 366 64 M'Gaffin's
1817 2028 227 75 Hotel,

1516 2132 224 35 BROADWAY,
1758 2132 187 31 REEFTON.

1413 2262 123 63 THIS
1549 2262 181 38 Magnificent
1741 2262 86 32 Hotel
1838 2263 58 30 will
1916 2263 34 32 be
1961 2263 85 32 found

1502 2302 102 38 replete
1617 2302 68 31 with

1507 2374 92 23 EVERY
1617 2375 127 22 COMFORT
1761 2375 56 22 AND
1835 2376 118 22 MODERN

1625 2415 207 22 CONVENIENCE.

1445 2521 133 33 Tourists,
1603 2522 176 29 commercial
1808 2522 152 34 travellers,
1991 2523 55 28 and

1411 2559 93 30 others
1513 2559 55 30 will
1582 2559 64 30 here
1658 2559 59 30 find
1730 2568 83 29 every
1825 2560 138 31 attention
1973 2569 54 22 com-

1410 2597 84 30 bined
1505 2598 68 29 with
1587 2598 83 31 home
1682 2599 138 29 comforts.

1411 2710 158 41 Booking
1585 2711 108 33 Office
1704 2711 54 33 for
1768 2711 172 34 Newman
1951 2712 95 34 Bros'

1437 2756 110 38 Royal
1559 2756 87 31 Mail
1658 2756 86 31 Line
1758 2755 40 32 of
1804 2756 133 31 Nelson
1950 2758 70 30 and

1553 2800 175 42 Westport
1739 2800 165 34 Coaches.

1471 2892 161 42 JAMES
1676 2892 307 52 STEVENSON,

1636 2954 181 21 PROPRIETOR.

1411 3028 252 65 City
1686 3028 358 56 Hotel

1441 3108 290 50 BROADWAY,
1762 3109 249 44 REEFTON.

1411 3237 284 62 COMMERCIAL
1714 3238 165 35 Travellers,
1903 3240 141 35 Families,

1499 3277 55 29 and
1573 3277 48 31 the
1640 3277 93 38 public
1750 3278 143 37 generally
1911 3278 58 29 will
1987 3279 57 29 find

1409 3315 56 29 this
1476 3315 177 30 well-known
1671 3316 86 29 Hotel
1774 3316 79 32 fitted
1872 3316 69 30 with
1961 3327 83 28 eyery

1409 3353 113 30 modern
1535 3355 184 29 convenience
1729 3354 56 29 and
1795 3355 196 38 requirement.

1457 3468 87 40 The
1576 3469 257 53 Proprietress
1862 3469 33 40 is
1919 3470 103 41 deter-

1409 3523 128 41 mined
1564 3529 40 35 to
1622 3537 111 39 spare
1751 3537 50 27 no
1820 3538 165 39 expense
2003 3525 38 42 in

1408 3577 156 54 making
1580 3577 78 41 this
1678 3578 117 40 Hotel
1815 3579 227 56 thoroughly

1408 3632 112 53 equal
1538 3638 40 35 to
1596 3633 50 42 all
1664 3633 288 53 requirements.

1407 3760 93 37 Local,
1518 3761 126 32 Colonial
1667 3763 56 30 and
1985 3765 56 31 and

1527 3801 164 36 periodicals
1701 3802 139 38 regularly
1851 3803 74 29 filed.

1573 3856 153 43 ALICE
1751 3857 239 51 NEVILLE,

1846 3920 194 39 Proprietress.

862 4768 156 40 PETER
1044 4768 215 50 MULVAY,

742 4855 248 67 PLUMBEE,
1019 4856 239 41 TINSMITH,
1286 4859 89 34 AND

915 4897 222 34 GASFITTER,
1149 4898 57 29 and

821 4979 475 50 COPPERWORKER,

773 5094 216 39 Palmerston
1014 5094 123 49 Street,
1156 5095 186 48 Westport,

856 5200 142 40 (Opposite
1011 5201 129 32 Gilmer's
1151 5202 107 38 Hotel.)

742 5350 95 38 Every
853 5351 180 38 description
1048 5352 33 32 of
1103 5352 179 34 Holloware*
1297 5353 58 33 Tin-

780 5394 116 32 -Bmiths'
912 5394 113 41 Goods,
1040 5396 57 32 and
1117 5396 216 42 Ironmongery

937 5438 73 40 kept
1030 5438 32 33 in
1081 5438 95 33 stock.

869 5572 26 31 A
907 5573 88 41 Large
1008 5574 200 39 Consignment
1220 5573 31 32 of

784 5636 187 43 STOYES
996 5638 103 41 AND
1132 5637 199 42 RANGES

947 5728 62 22 NOW
1027 5728 33 22 TO
1079 5727 86 22 HAND.

924 5852 45 30 All
987 5852 86 30 Work
1085 5852 183 31 Guaranteed.

2244 218 119 31 Public
2380 218 152 32 Notices.

2206 296 130 43 JOHN
2380 297 190 51 MUNRO,

2128 424 180 32 ENERAL
2338 424 247 39 MERCHANT
2614 429 90 31 AND

2284 504 210 41 IMPORTER,

2170 617 243 45 Palmerston
2465 621 141 51 Street,

2280 743 219 27 WESTPORT.

2116 841 248 32 JOHNSTON
2441 844 43 30 W
2486 844 172 33 ATKINS

2285 916 109 31 CIVIL
2411 919 81 29 AND

2070 991 74 62 M
2156 992 144 32 INING
2370 994 58 61 Jjl
2443 995 262 37 NGINEEftS,

2257 1078 182 22 AUTHORISED
2460 1080 56 20 AND

2072 1122 280 42 LICENSED
2377 1123 329 44 SURVEYORS

2070 1213 133 40 Working
2227 1215 83 29 Plans
2332 1216 55 29 and
2411 1215 109 31 Details
2544 1216 31 30 of
2598 1216 110 39 Miinng

2103 1255 164 38 Machinery
2279 1255 135 38 prepared
2423 1256 56 30 and
2486 1256 47 30 the
2541 1257 133 30 Erection

2156 1295 109 36 Mining
2278 1295 162 38 Machinery
2451 1295 171 38 supervised.

2070 1373 119 36 Surveys
2201 1371 43 31 for
2254 1371 110 39 Mining
2373 1372 167 39 Companies
2549 1373 159 31 contracted

2070 1411 39 29 for
2123 1411 35 37 by
2170 1411 48 30 the
2229 1420 74 28 year.
2341 1413 121 35 Surveys
2470 1413 83 29 made
2562 1413 89 30 under
2660 1413 48 30 the

2242 1449 81 30 Land
2335 1450 129 30 Transfer
2472 1451 62 29 Act.

2318 1527 138 31 Address:

2070 1564 169 36 Broadway,
2258 1564 135 31 Reefton
2403 1575 8 28 ;
2437 1575 58 21 and
2520 1566 188 31 Commercial

2273 1606 111 35 Hotel,
2403 1606 97 31 Lyeli.

2105 1679 292 33 N.B.—lnstructions
2410 1682 49 31 left
2471 1686 29 28 at
2512 1683 91 31 Times
2613 1683 95 37 Office,

2070 1725 16 22 i.
2094 1719 65 34 yell,
2172 1719 56 30 will
2241 1721 104 29 receive
2353 1721 161 31 immediate
2526 1723 148 30 attention.

2202 1804 382 63 Newman's

2074 1917 95 67 R°

2181 1918 99 31 YAL

2412 1920 88 30 AIL

2542 1922 61 63 L
2616 1921 54 31 IN

2272 2012 50 30 OF
2340 2012 178 31 COACHES

2106 2106 254 32 Thrice-Weekly
2384 2107 124 32 Service
2529 2107 145 33 Between

2159 2156 106 34 Lyell,
2279 2156 135 28 Reefton
2425 2164 57 21 and
2495 2157 129 30 Nelson.

2073 2248 93 30 Leave
2186 2248 83 38 Lyell
2285 2249 44 29 for
2346 2250 106 29 Nelson
2468 2259 84 29 every
2573 2251 137 39 Tuesday,

2073 2297 148 39 Thursday
2228 2298 56 30 and
2294 2298 149 39 Saturday,
2453 2302 30 28 at
2493 2301 64 30 2.30
2564 2309 60 30 p.m
2626 2321 18 14 M
2654 2300 56 31 and

2074 2345 80 36 Lyell
2166 2345 41 28 for
2220 2345 140 37 Westport
2372 2347 56 28 and
2441 2347 128 35 Reefton,
2588 2358 37 19 on
2639 2348 52 29 Sun-

2073 2391 65 40 day,
2150 2391 177 40 Wednesday
2340 2392 55 31 and
2409 2393 113 40 Friday,
2529 2398 31 27 at
2571 2395 63 30 9.30
2643 2404 66 21 a.m.

2074 2479 165 37 Passengers
2265 2480 103 29 booked
2399 2481 43 30 for
2471 2481 152 38 Hampden
2653 2485 56 27 and

2193 2527 81 29 other
2284 2528 195 29 intermediate
2491 2528 103 37 places.

2244 2603 132 30 Booking
2397 2605 139 30 Offices:

2074 2660 139 38 Westport
2475 2662 134 30 Gilmer's
2622 2662 87 31 Hotel

2073 2708 118 31 Reefton
2434 2709 178 32 Stevenson's
2624 2711 86 31 Hotel

2073 2756 105 29 Nelson
2486 2759 125 28 Masonic
2624 2759 85 31 Hotel

2105 2851 47 30 All
2162 2852 108 38 parcels
2284 2855 76 27 must
2371 2852 33 31 be
2419 2853 124 37 prepaid,
2562 2854 148 30 otherwise

2204 2900 70 38 they
2285 2900 57 31 will
2354 2900 33 30 be
2399 2900 50 30 left
2461 2900 114 31 behind.

2396 2956 39 30 H.
2455 2956 186 35 NEWMAN,

2506 2994 160 38 Proprietor

2135 3085 149 28 LADIES'
2304 3087 22 26 0
2336 3085 16 28 t
2373 3085 275 29 GENTLEMEN'S

2075 3135 198 64 gADr
2442 3137 264 59 hacks,

2205 3227 95 38 (Qiaec
2310 3226 56 31 and
2378 3227 200 33 Well-broken)

2070 3288 75 30 FOR
2157 3288 98 30 HIRE
2268 3289 51 29 BY
2331 3289 80 29 THE
2425 3289 284 31 UNDERSIGNED

2189 3340 43 30 At
2249 3340 170 30 Inangahua
2436 3340 153 31 Junction.

2103 3443 115 30 Horse's
2230 3446 61 27 sent
2302 3445 38 35 Jto
2353 3442 80 37 Lyell
2445 3445 30 28 at
2493 3452 17 21 a
2522 3446 151 28 moment's

2335 3481 102 30 notice.

2069 3568 198 49 Courtney's
2275 3568 302 40 Accommodation
2585 3568 121 41 House

2068 3626 114 38 Having
2205 3626 86 39 lately
2310 3626 71 30 been
2402 3627 193 38 considerably
2616 3627 90 31 added

2067 3668 29 26 to
2115 3666 57 28 and
2188 3665 156 37 improved,
2357 3666 24 28 is
2399 3675 64 20 now
2475 3675 53 19 one
2540 3666 31 29 of
2585 3666 49 29 the
2645 3666 62 31 best

2067 3703 149 38 appointed
2227 3704 57 29 and
2295 3706 73 27 most
2381 3703 179 31 comfortable
2578 3704 127 31 roadside

2177 3742 111 31 house's
2300 3751 37 21 on
2349 3742 48 30 the
2409 3742 80 31 West
2500 3742 93 31 Coast.

2082 3855 242 37 f;ria;ncis
2374 3855 315 44 Courtney,

2291 3922 193 28 Proprietor.

1738 4040 118 57 THE

1402 4176 329 43 PRINTING
1778 4177 129 42 AND
1956 4178 426 43 PUBLISHING
2431 4178 269 50 OFFICE,

1818 4295 147 33 CUFF
2001 4297 71 36 ST.,
2107 4296 181 33 LYELL.

1404 4496 246 57 The
1802 4497 355 67 Lyell

1469 4629 39 40 Is
1524 4642 75 28 one
1616 4628 43 41 of
1671 4628 66 42 the
1755 4629 86 41 best
1859 4630 98 42 local
1975 4632 190 42 mediums
2182 4633 57 41 for
2256 4634 249 57 distributing
2522 4651 118 36 news,

1646 4721 341 50 Advertisements,
2008 4724 76 40 and
2103 4724 170 53 subjects
2291 4725 43 41 of
2347 4726 98 43 local

1842 4811 171 49 interest,
2034 4812 234 53 throughout

1632 4901 66 40 the
1734 4902 131 39 Buller
1898 4905 78 38 and
2013 4905 223 50 Inangahua
2271 4906 199 40 Counties.

1449 5115 171 56 Charges
1637 5115 57 42 for
1712 5115 180 56 standing
1908 5117 331 50 advertisements,
2259 5131 91 41 very
2364 5119 238 41 reasonable.

1451 5207 81 52 job,
1579 5207 122 50 Plain,
1738 5208 77 41 and
1858 5209 49 40 all
1941 5208 112 43 kinds
2091 5208 43 43 of
2162 5209 180 55 printing,
2380 5208 185 43 executed
2608 5209 92 42 with

1400 5278 185 51 despatch
1605 5284 41 31 at
1663 5278 66 37 the
1747 5277 131 39 lowest
1896 5278 138 50 prices.

1447 5364 336 42 Communication
1801 5365 51 53 by
1869 5373 88 45 post
1970 5379 43 28 or
2028 5366 88 40 wire
2136 5367 193 52 promptly
2347 5366 185 41 attended
2550 5372 52 35 to.

1919 5604 254 46 ADDRESS:

1934 5825 224 41 LYELL.

2912 223 119 33 Public
3048 224 153 33 Notices.

2813 302 254 34 POSTAGE
3109 304 188 33 KATES.

2921 444 91 26 TOWK
3037 445 138 26 LETTERS

2772 489 111 33 Posted
2909 494 33 30 at
2963 501 58 31 any
3049 491 72 32 Post
3148 490 94 34 Office
3273 491 101 33 witbin

2732 533 51 33 the
2797 534 105 43 colony
2917 536 48 31 for
2979 534 131 43 delivery
3123 539 32 30 at
3169 546 34 21 or
3213 535 76 32 from
3302 536 72 33 such

2735 577 71 33 Post
2822 578 94 33 Office

2735 638 59 33 Not
2806 640 163 40 exceeding
2984 640 62 32 half
3060 653 37 20 an
3112 653 97 22 ounce
3262 668 32 7 ...
3340 642 34 31 Id

2737 683 166 42 Exceeding
2918 684 64 32 half
2992 694 39 23 an
3045 696 106 28 ounce,
3175 687 55 31 but
3245 689 55 28 not

2770 729 164 38 exceeding
2947 739 59 22 one
3020 739 98 23 ounce
3262 756 32 8 ...
3338 731 36 31 2d

2736 771 56 33 For
2805 782 90 32 every
2912 771 64 33 half
2987 783 96 22 ounce
3097 783 71 22 over
3181 783 59 22 one
3264 798 31 9 ...
3340 774 34 32 Id

2895 845 148 23 COUNTRY
3059 846 138 22 LETTERS

2773 894 108 35 Posted
2897 899 33 30 at
2943 906 59 32 any
3026 899 69 39 post
3107 896 86 35 office
3207 896 104 35 within
3328 896 49 35 the

2732 940 106 41 colony
2867 943 47 28 for
2943 940 134 41 delivery
3102 945 33 27 at
3159 952 35 20 or
3219 942 76 30 from
3321 952 53 31 an)

2733 982 87 34 other
2831 988 66 37 post
2908 982 85 34 office
3008 983 104 34 wilhin
3128 983 52 34 the
3193 985 167 43 colony:—

2739 1027 58 31 Not
2812 1028 163 39 exceeding
2989 1027 62 32 bait
3065 1039 38 21 an
3119 1040 98 21 onuce
3264 1054 21 9 ..
3340 1030 37 31 2d

2739 1070 167 41 Exceeding
2919 1070 61 32 half
2987 1081 45 21 4n
3046 1082 108 30 ounce,
3168 1073 55 32 but
3247 1075 55 29 not

2772 1114 163 41 exceeding
2946 1124 58 22 one
3017 1124 99 23 ounce
3265 1141 32 9 ...
3340 1117 36 31 4ri

2740 1157 55 33 For
2821 1169 89 30 every
2934 1157 65 35 half
3024 1169 97 23 ounce
3144 1171 74 21 over
3245 1171 59 22 one

2773 1211 98 22 ounce
2948 1226 34 10 ...
3107 1227 33 9 ...
3266 1228 31 9 ...
3341 1205 36 30 2d

2861 1274 200 24 AUSTRALIAN
3083 1275 167 23 COLONIES.

2737 1323 63 34 Not
2813 1326 164 43 exceeding
2991 1326 66 33 half
3073 1337 39 23 an
3126 1338 98 22 ounce
3266 1353 33 10 ...
3342 1329 36 32 2d

2738 1369 168 44 Exceeding
2918 1370 67 34 half
3005 1383 39 22 an
3057 1383 107 29 ounce,
3179 1372 56 34 but
3249 1376 55 30 not

2773 1416 164 39 exceeding
2951 1426 58 22 one
3023 1426 97 23 ounce
3265 1443 33 8 ...
3340 1418 38 32 4d

2737 1456 59 34 For
2822 1469 89 32 every
2934 1457 66 34 half
3024 1470 97 23 ounce
3149 1470 72 23 over
3245 1471 59 22 one

2773 1512 99 25 ounce
2949 1527 33 11 ...
3107 1527 34 12 ...
3266 1531 33 8 ...
3342 1506 19 31 2

2755 1572 148 26 ENGLAND
2923 1574 66 25 AND
3010 1574 143 25 FOREIGN
3167 1575 192 25 COUNTRIES.

2793 1636 3 35 ■
2842 1660 5 6 <
2911 1636 59 34 Per
2984 1637 80 33 Half
3086 1637 119 34 Ounce.

2737 1677 115 36 United
2871 1680 160 42 Kingdom,
3057 1681 47 34 via
3126 1684 60 30 San
3207 1681 76 33 Fran-

2774 1723 80 34 cisco
2867 1725 61 32 and
2948 1726 78 32 Suez
3264 1748 36 9 ...
3342 1729 36 30 6d

2737 1766 115 35 United
2879 1769 102 34 States
3007 1769 36 34 of
3074 1769 150 42 America,
3258 1771 46 32 via

2775 1811 59 33 San
2850 1813 164 33 Francisco
3266 1839 33 8 ...
3342 1816 38 31 6d

2735 1854 157 37 Sandwich
2905 1856 131 44 Islands,
3058 1857 47 36 via
3132 1856 61 36 San
3207 1857 76 36 Fran-

2774 1901 81 32 cisco
3104 1928 31 8 ...
3262 1928 33 8 ...
3340 1905 39 30 6d

2737 1941 153 37 Canadian
2925 1944 191 44 Dominions,
3150 1945 48 36 via
3243 1946 61 35 San

2777 1990 165 33 Francisco
3106 2018 33 9 ...
3265 2018 33 9 ...
3342 1994 38 30 8d

2740 2030 112 35 British
2867 2032 160 35 Columbia
3106 2061 34 8 ...
3266 2061 33 8 ...
3352 2036 29 31 Is

2740 2074 87 33 West
2841 2075 105 34 Indies
3105 2103 33 9 ...
3263 2104 33 8 ...
3351 2081 30 31 Is

2739 2117 129 44 Mexico,
2882 2120 47 34 via
2940 2121 59 34 San
3015 2121 167 36 Francisco
3266 2149 32 10 ...
3351 2124 30 32 Js

2738 2163 124 32 Central
2879 2166 141 33 America
3265 2193 33 8 ...
3351 2170 30 29 If

2737 2207 95 33 South
2846 2208 150 39 America,
3007 2208 48 34 via
3066 2209 59 33 San
3137 2209 164 35 Francisco
3351 2213 30 31 lb

2951 2279 219 25 HEWSPAPERS.

2738 2332 110 34 Posted
2875 2344 19 22 a
2932 2344 60 29 any
3016 2334 86 32 office
3126 2334 107 33 within
3254 2337 53 31 the

2774 2376 107 43 colony
2896 2381 48 29 lor
2958 2377 132 43 delivery
3104 2381 34 29 at
3158 2377 53 34 the
3224 2388 82 23 same

2775 2419 87 35 office

2738 2464 110 34 Posted
2872 2468 34 31 at
2929 2476 60 32 any
3014 2464 86 35 office
3124 2465 107 34 within
3253 2467 54 33 the

2774 2509 107 42 colony
2897 2509 47 33 for
2958 2509 132 42 delivery
3104 2514 34 28 at
3148 2520 58 31 any
3219 2510 90 34 other

2776 2551 84 34 office
2874 2551 103 33 within
2991 2551 54 33 the
3058 2552 110 42 colony

2739 2594 174 33 Australian
2925 2595 146 34 Colonies

2739 2638 116 34 United
2870 2639 156 41 Kingdom

2893 2683 59 33 Vi*
2966 2685 60 31 San
3048 2683 176 35 Francisco.

2737 2726 115 34 United
2869 2728 103 33 States
2986 2729 31 31 of
3031 2728 142 34 America

2737 2770 156 32 Sandwich
2907 2770 122 33 Islands

2736 2812 154 35 Canadian
2906 2814 182 34 Dominions

2740 2857 112 33 British
2869 2859 161 33 Columbia

2740 2901 86 34 West
2840 2902 107 35 Indies

2737 2946 123 31 Mexico

2736 2988 124 32 Central
2874 2989 143 33 America

2734 3031 98 34 South
2847 3033 159 34 Amerrica

2931 3105 86 24 BOOK
3039 3106 142 22 PACKETS

2738 3146 108 33 Posted
2871 3149 33 30 at
2925 3158 59 32 any
3009 3149 84 31 office
3119 3150 105 29 within
3252 3149 52 32 the

2773 3191 108 42 colony
2897 3191 47 31 for
2958 3191 132 40 delivery
3103 3196 32 27 at
3151 3192 51 33 the
3213 3203 91 29 same,

2775 3234 104 33 within
2909 3234 53 33 the
2990 3235 117 42 colony,
3136 3234 53 34 the
3223 3236 60 33 Aus-

2773 3278 110 33 tralian
3053 3290 35 21 or
3111 3278 53 35 the
3188 3279 117 34 United

2775 3321 156 41 Kingdom
3013 3348 32 9 ...
3129 3325 55 31 loz

2813 3366 51 33 Do
3012 3392 33 9 ...
3127 3368 56 31 2oz

2813 3410 51 35 Do
3013 3438 32 9 ...
3129 3410 53 40 Jib

2813 3455 50 32 Do
3013 3480 33 9 ...
3132 3456 50 32 lib

2735 3498 99 44 Every
2860 3498 167 34 additional
3048 3498 113 43 pound,
3173 3509 36 23 or
3224 3499 64 34 frac-

2772 3542 97 35 tional
2881 3546 68 40 part
2963 3543 32 32 of
3007 3555 19 22 a
3041 3543 103 42 pouud

2900 3586 59 34 Via
2973 3588 60 32 San
3049 3586 175 35 Francisco.

2734 3629 114 35 United
2876 3630 113 39 States,
3012 3642 91 32 every
3132 3631 52 39 £lb

2732 3674 156 33 Sandwich
2903 3675 119 33 Islands
3140 3699 20 16 „

2733 3717 151 34 Canadian
2900 3717 181 34 Dominions
3141 3742 21 17 „

2733 3760 113 34 British
2863 3760 161 35 Columbia
3142 3787 19 16 „

2735 3805 87 31 West
2836 3805 106 31 Todies

3574 227 118 33 Public
3716 230 153 31 Notices.

3528 307 192 40 SANDER
3739 310 29 38 &
3790 308 125 40 SONS'

3403 377 371 77 Eucalypti

3730 470 308 65 Extract.

3440 641 151 34 (Deutsche
3617 641 74 30 Med.
3714 641 223 33 Wochenschrift
3962 643 78 37 1879)

3407 678 110 34 Mosler,
3532 679 87 33 M.D.,
3633 681 139 29 Professor
3784 688 28 22 at
3822 682 48 28 the
3878 683 163 36 University

3405 716 172 36 Greifswald,
3614 719 152 38 Germany,
3800 725 108 34 reports
3920 729 44 21 :
3981 721 60 29 The

3405 756 148 36 Eucalypti
3572 757 115 28 Extract
3711 760 103 35 proved
3831 761 210 35 magnificently

3405 794 150 29 successful
3584 795 31 28 in
3644 804 67 30 very
3747 806 94 21 severe
3871 798 170 34 contusions,

3406 833 114 34 bruises,
3528 834 119 36 sprains,
3653 835 123 35 wounds,
3783 837 147 37 scaldings,
3936 837 105 30 broken

3406 870 65 33 ribs,
3479 872 55 27 and
3543 872 92 28 limbs.
3666 873 29 28 It
3703 873 158 38 effectually
3870 879 76 32 stays
3953 875 39 28 all
3999 875 28 28 in-

3407 908 174 32 flammation
3594 910 55 30 and
3661 910 134 39 swelling.
3830 912 77 35 Also,
3925 913 49 30 the
3986 922 42 21 ser-

3407 949 73 27 vices
3493 949 110 29 derived
3615 950 73 28 from
3695 951 23 28 it
3725 952 29 26 in
3767 952 36 27 all
3809 952 138 28 disorders
3957 952 31 28 of
3993 953 48 27 the

3407 986 165 39 respiratory
3581 997 108 27 organs,
3700 998 30 19 as
3737 998 94 29 croup,
3841 989 147 38 diptheria,
3999 991 28 27 in-

3407 1024 174 31 flammation
3605 1027 31 29 of
3652 1027 49 29 the
3720 1027 144 29 bronchial
3883 1028 79 30 tubes
3985 1029 56 29 and

3407 1063 90 37 lungs,
3510 1065 113 28 chronic
3642 1066 121 33 catarrh,
3776 1066 161 33 bronchitis,
3955 1068 86 32 colds,

3407 1102 57 33 &c.,
3477 1110 46 21 are
3536 1107 49 24 not
3602 1107 29 24 to
3643 1103 34 28 be
3689 1104 127 37 equalled
3833 1104 38 38 by
3887 1113 57 29 any
3961 1105 80 30 other

3408 1140 195 31 medicament.

3409 1201 134 31 Sander
3559 1202 29 30 &
3601 1202 89 30 Sons
3702 1202 185 40 Eucalypti
3897 1204 147 32 Extract

3441 1249 101 37 Lister,
3561 1250 88 37 M.D.,
3667 1252 148 36 Professor,
3841 1255 56 34 &c.,
3916 1254 126 36 London,

3408 1289 48 28 the
3468 1289 126 36 Leading
3611 1299 118 29 surgeon
3741 1293 31 28 of
3782 1293 46 28 the
3841 1297 110 32 present
3963 1295 79 33 time,

3408 1328 90 29 stated
3511 1331 28 26 at
3551 1328 48 29 the
3610 1328 54 30 last
3681 1331 123 36 meeting
3814 1332 32 28 of
3859 1331 48 30 the
3925 1332 117 29 Clinical

3410 1366 117 39 Society,
3534 1368 126 35 London,
3666 1378 30 20 as
3708 1368 144 39 published
3857 1371 30 28 in
3895 1371 147 30 Gaillard's

3410 1406 118 29 Medical
3545 1407 126 33 Journal,
3684 1408 63 29 that
3758 1409 47 29 the
3821 1409 148 38 Eucalypti
3986 1411 36 28 Ex-

3409 1448 71 24 tract
3491 1445 23 27 is
3527 1444 47 28 the
3586 1445 60 29 best
3657 1446 102 28 known
3777 1448 145 36 antiseptic
3936 1450 107 34 (means

3408 1481 30 31 of
3448 1483 162 38 preventing
3621 1485 206 36 putrefaction).

3410 1543 133 33 Sander
3559 1544 29 32 &
3603 1545 89 31 Sons
3704 1545 186 41 Eucalypti
3900 1547 144 33 Extract

3444 1594 157 36 (American
3614 1594 118 31 Medical
3741 1595 126 37 Journal,
3877 1597 165 35 November,

3409 1634 87 35 1881).
3499 1634 71 28 —In
3581 1634 121 29 diseases
3714 1635 31 29 of
3759 1635 48 30 the
3824 1636 113 38 kidney,
3955 1638 89 29 either

3408 1670 89 29 active
3509 1672 160 35 congestion
3679 1681 32 19 or
3717 1675 177 34 suppression
3907 1676 135 34 (uraemia)

3408 1709 37 28 all
3457 1709 194 35 albuminuria,
3664 1710 111 37 dropsy,
3787 1711 128 34 lithiasis,
3927 1713 117 36 nothing

3409 1747 56 28 will
3476 1748 82 35 equal
3570 1749 30 28 in
3612 1749 36 27 its
3657 1749 92 29 action
3762 1750 150 38 Eucalypti
3921 1752 123 30 Extract.

3409 1786 97 33 Doses,
3531 1785 53 31 five
3608 1790 29 26 to
3661 1787 76 37 eight
3764 1787 83 39 drops
3869 1791 30 27 in
3928 1801 17 19 a
3972 1790 72 31 little

3409 1825 155 28 sweetened
3586 1829 86 25 water
3695 1827 79 29 twice
3800 1836 33 20 or
3855 1829 78 29 three
3963 1830 81 28 times

3409 1862 85 37 daily.

3410 1922 134 32 Sander
3560 1923 28 32 &
3602 1923 89 32 Sons
3703 1925 187 41 Eucalypti
3902 1927 146 34 Extract

3446 1972 94 37 (From
3549 1973 148 31 American
3706 1976 119 30 Medical
3831 1978 128 35 Journal,
3968 1978 77 35 Jan.,

3411 2011 88 35 1882).
3501 2012 137 34 —Pitzer,
3665 2014 88 34 M.D.,
3773 2016 139 28 Professor
3934 2018 111 35 Theory

3411 2048 55 28 and
3479 2049 125 30 Practice
3615 2050 31 29 of
3655 2051 144 34 Medicine,
3810 2053 147 29 American
3968 2055 57 28 Med-

3410 2086 54 28 ical
3476 2086 122 37 College,
3610 2089 148 35 says:—lt
3768 2089 24 30 is
3802 2091 48 28 the
3861 2091 61 30 best
3930 2093 116 36 remedy

3410 2124 103 30 known
3530 2124 30 31 in
3579 2126 226 38 typhomalarial,
3823 2129 116 39 typhoid
3960 2131 86 36 fever,

3410 2164 159 36 erysipelas,
3577 2166 166 36 diphtheria,
3751 2169 99 28 scarlet
3859 2170 82 32 fever,
3951 2171 79 28 small-

3411 2211 62 28 pox,
3487 2202 57 35 &c,;
3562 2203 23 29 it
3602 2203 158 38 effectually
3771 2206 106 29 retards
3894 2207 49 30 the
3962 2208 70 29 disin-

3411 2241 137 35 tegration
3577 2242 31 28 of
3627 2242 48 28 the
3699 2244 104 28 animal
3832 2244 92 35 fluids,
3952 2246 93 29 which

3412 2277 90 38 might
3513 2279 87 29 result
3611 2279 29 30 in
3656 2289 16 20 a
3689 2282 109 35 general
3816 2282 182 40 breaking-up
4017 2286 31 29 of

3411 2317 48 30 the
3472 2317 81 31 blood
3565 2318 57 31 and
3633 2320 30 29 in
3675 2319 93 32 death.

3413 2378 134 32 Sander
3563 2379 29 32 &
3605 2380 90 32 Sons
3706 2381 186 41 Eucalypti
3903 2384 144 32 Extract

3448 2428 97 37 (From
3579 2429 40 30 St.
3655 2430 84 30 Louis
3774 2431 119 32 Electric
3929 2433 118 31 Medical

3412 2467 126 35 Journal,
3568 2468 78 35 Dec.,
3677 2471 88 36 1881).
3815 2472 105 30 Cancer
3942 2474 31 28 of
3999 2473 48 30 the

3413 2506 279 38 Tongue—Patient,*
3697 2509 67 29 Mrs.
3905 2533 7 12 ,
3925 2513 33 27 35
3967 2521 80 27 years

3413 2544 56 28 old.
3516 2545 141 29 Evidence
3680 2547 31 28 of
3731 2548 152 29 scrofulous
3907 2550 140 28 diathesis.

3413 2582 159 30 Prescribed
3589 2583 63 30 four
3673 2584 83 38 drops
3768 2589 28 26 to
3815 2585 33 30 be
3866 2587 83 30 taken
3970 2588 77 29 three

3412 2621 82 29 times
3516 2622 97 36 daily;
3632 2623 67 35 also,
3721 2627 103 33 tongue
3847 2626 101 29 wetted
3971 2627 76 29 three

3412 2659 83 29 times
3535 2660 69 29 with
3644 2661 49 29 the
3732 2662 151 38 Eucalypti
3923 2665 124 28 Extract.

3412 2697 117 30 Treated
3547 2707 31 21 as
3596 2698 87 32 above
3707 2699 43 31 for
3773 2700 63 31 four
3858 2702 100 36 weeks,
3980 2702 67 31 then

3412 2737 162 37 discharged
3586 2739 93 29 cured.

3448 2783 38 37 (J.
3518 2784 37 27 H.
3586 2784 125 38 Ruttley,
3747 2786 87 33 M.D.,
3871 2788 84 34 Prof.,
3991 2791 56 31 &c.,

3412 2821 342 40 Philadelphia).—Since,
3765 2825 29 30 in
3813 2825 48 32 the
3876 2836 63 22 case
3956 2827 31 30 of
4003 2828 44 29 Mr

3412 2862 114 33 Mercer,
3539 2862 31 28 of
3582 2862 120 38 Kerang,
3714 2864 63 29 who
3789 2865 56 28 had
3853 2865 69 29 been
3933 2867 114 29 advised

3410 2898 37 38 by
3469 2899 47 31 the
3542 2900 119 30 Medical
3679 2902 105 30 officers
3804 2903 32 30 of
3849 2904 48 29 the
3921 2905 126 37 Bendigo

3409 2938 130 36 Hospital
3553 2942 28 25 to
3593 2939 72 29 have
3678 2940 44 29 his
3734 2944 101 32 tongue
3843 2944 139 32 removed,
3989 2944 56 28 like

3408 2975 128 36 splendid
3547 2976 101 29 results
3659 2977 71 29 have
3737 2979 122 27 attained
3866 2980 118 35 through
3994 2980 49 30 the

3408 3013 169 37 application
3589 3013 31 30 of
3627 3013 47 31 the
3686 3014 151 39 Eucalypti
3849 3017 126 30 Extract.

3410 3074 134 31 Sander
3559 3074 29 32 &
3602 3075 90 32 Sons
3704 3076 185 40 Encalypti
3900 3078 147 32 Extract

3443 3122 85 28 From
3545 3122 49 29 the
3612 3123 117 29 Clinical
3747 3124 117 34 Record,
3881 3126 32 28 of
3926 3127 119 35 August,

3410 3159 89 36 1881).
3559 3161 126 37 Surgical
3714 3161 90 30 Clinic
3840 3163 31 28 of
3905 3165 142 28 Professor

3410 3198 148 36 M'lntyre,
3589 3199 110 37 College
3728 3201 31 28 of
3791 3200 164 38 Physicians
3991 3203 56 28 and

3410 3236 148 38 Surgeons,
3569 3237 41 30 St.
3620 3238 249 31 Louis—Scirrhus
3877 3241 31 28 of
3913 3241 134 29 Breast-

3409 3275 132 29 Excision
3552 3283 6 21 :
3572 3276 150 37 Eucalypti
3733 3278 117 29 Extract
3861 3279 147 37 employed
4015 3289 32 19 as

3410 3322 92 29 spray,
3526 3314 56 28 and
3606 3314 133 37 dressing.
3775 3316 88 37 Eight
3884 3317 69 36 days
3977 3318 70 29 after

3410 3352 144 37 operation
3566 3353 155 29 Professors
3732 3354 94 29 Bauer
3836 3355 56 28 and
3906 3356 140 36 M'lntyre

3410 3390 83 29 noted
3528 3391 48 29 the
3611 3391 140 37 following
3786 3393 197 30 condition:—
4001 3394 44 30 No

3409 3429 133 39 swelling,
3554 3430 66 30 heat
3632 3441 31 19 or
3674 3431 203 35 discoloration,
3889 3442 68 20 near
3972 3443 32 21 or
4016 3435 30 29 in

3410 3469 47 28 the
3475 3470 111 32 wound,
3604 3470 91 28 which
3713 3471 52 28 has
3776 3472 97 27 united
3890 3473 88 35 fully;
3997 3473 49 27 the

3408 3507 107 37 patient
3526 3507 115 30 allowed
3653 3511 29 26 to
3693 3509 97 30 attend
3798 3513 28 26 to
3836 3509 50 30 her
3891 3509 155 31 household

3409 3546 90 29 duties
3511 3547 93 37 again.

3410 3606 134 33 Sander
3560 3607 29 33 &
3602 3608 90 32 Sons
3704 3608 186 42 Eucalypti
3902 3610 145 33 Extract

3445 3656 126 37 (Clinical
3594 3657 117 35 Record,
3737 3659 76 38 Sept.
3839 3662 208 34 1880).—The

3406 3694 148 30 American
3582 3696 118 30 medical
3730 3698 153 36 profession
3912 3707 72 25 uses,
4015 3701 31 28 in

3406 3734 174 36 gonorrhoea,
3599 3744 31 19 as
3642 3744 37 19 an
3695 3736 144 36 injection,
3852 3746 36 20 an
3907 3737 139 30 emulsion

3406 3771 32 30 of
3457 3781 54 20 one
3529 3781 88 21 ounce
3635 3782 67 29 gum
3723 3774 111 36 Arabic,
3853 3776 31 29 in
3906 3777 35 29 30
3962 3786 32 20 or
4010 3779 37 28 40

3406 3819 103 19 ounces
3520 3811 31 28 of
3559 3815 95 28 water,
3667 3813 112 35 applied
3789 3814 64 28 four
3864 3815 83 28 times
3959 3815 85 37 daily.

3406 3847 87 39 Eight
3511 3847 82 39 drops
3610 3849 83 38 given
3705 3851 147 36 inwardly,
3871 3861 68 21 once
3958 3852 87 39 daily,

3405 3892 130 31 prevents
3546 3888 158 37 effectually
3715 3892 222 30 contamination
3950 3892 32 30 of
3996 3893 48 29 the

3406 3924 83 29 blood
3501 3924 31 29 in
3542 3925 60 28 foul
3614 3926 118 29 disease.

2741 4189 151 64 JOB
2910 4189 461 64 PRINTING

3034 4427 58 37 OF

2790 4636 119 50 Every
2933 4635 209 54 description
3167 4635 161 41 executed

2977 4852 56 34 AT
3059 4852 85 34 THE

2740 5056 311 64 LYELL
3088 5058 283 65 TIMES

2805 5297 186 41 CLIFF
3042 5298 263 50 STREET,

2780 5383 7 5 *
2798 5377 8 13 i
2856 5379 25 11 .i
2937 5372 8 19 I
2961 5372 3 21 i
3102 5381 5 12 J

2986 5514 148 34 LYELL.

3577 4034 293 33 CAUTION.

3406 4085 134 33 Sander
3556 4087 134 34 &Sons
3701 4088 186 42 Eucalypti
3899 4091 145 33 Extract

3440 4135 52 38 (St.
3511 4136 75 32 Lous
3603 4137 118 31 Clinical
3733 4139 116 35 Record,
3866 4139 66 32 Jan.
3951 4142 91 36 1882).

3403 4176 159 34 —Hazard,
3581 4177 78 29 M.D.
3677 4179 73 28 Prof,
3769 4179 33 29 of
3816 4180 153 37 Pathology
3986 4182 56 28 and

3404 4213 128 29 Diseases
3551 4214 32 29 of
3596 4215 47 29 the
3664 4215 89 35 Mind,
3777 4222 103 25 states:
3899 4218 53 29 We
3970 4219 72 28 have

3405 4252 146 29 examined
3568 4253 62 30 half
3642 4263 18 20 a
3672 4255 88 28 dozen
3772 4256 155 37 specimens
3938 4257 32 29 of
3984 4258 38 29 Eu-

3405 4290 103 37 calypti
3514 4292 125 28 Extract.
3662 4292 131 29 Sander's
3799 4295 177 36 preparation
3984 4305 58 20 was

3405 4328 48 29 the
3488 4330 65 37 only
3588 4339 53 21 one
3669 4330 93 31 which
3798 4333 180 38 corresponds
4012 4337 31 28 to

3405 4367 133 29 scientific
3549 4371 77 26 tests.

3439 4405 59 28 Our
3517 4407 177 36 preparation
3716 4408 25 28 is
3764 4407 48 30 the
3836 4408 68 39 only
3923 4409 119 39 existing

3405 4443 110 32 volatile
3534 4449 115 32 extract,
3666 4447 56 30 free
3734 4447 32 29 of
3779 4447 38 30 all
3835 4448 126 31 resinous
3979 4459 61 28 par*

3405 4483 85 28 tides.
3533 4484 46 28 All
3607 4485 82 28 other
3716 4487 190 35 preparations
3935 4488 32 28 of
3991 4488 50 29 the

3405 4520 181 39 Eucalyptus,
3607 4530 37 22 no
3663 4527 102 26 matter
3790 4525 90 29 where
3899 4525 124 31 manufac-

3405 4560 90 33 tured,
3513 4570 47 19 are
3572 4561 94 33 crude,
3678 4562 125 29 resinous
3822 4563 61 32 oils,
3902 4563 140 38 irritating

3405 4596 56 29 and
3478 4596 153 39 blistering,
3649 4599 95 29 rather
3755 4601 115 36 causing
3883 4600 140 30 inflamma-

3405 4636 59 29 tion
3482 4636 69 30 than
3569 4637 113 38 staying
3698 4638 32 34 it,
3742 4637 56 31 and
3816 4638 31 30 of
3861 4638 59 30 real
3937 4639 105 39 danger

3405 4674 24 28 if
3443 4675 162 38 erronously
3623 4676 111 38 applied
3750 4678 31 28 in
3798 4677 94 30 throat
3910 4678 132 34 diseases,

3405 4713 47 29 &c.

3440 4751 43 29 No
3504 4751 102 30 bottles
3623 4753 120 36 genuine
3758 4756 96 35 except
3871 4755 80 29 those
3972 4755 69 29 with

3405 4789 85 30 labels
3511 4789 116 39 bearing
3647 4800 50 21 our
3717 4791 142 38 signature
3883 4793 56 29 and
3963 4794 78 30 trade

3405 4828 91 34 mark,
3518 4829 57 29 and
3593 4830 113 29 secured
3724 4831 108 29 outside
3850 4832 68 29 with
3936 4841 17 20 a
3973 4833 69 36 pink

3407 4875 122 31 wrapper
3558 4867 57 30 and
3642 4876 85 29 green
3762 4868 83 34 band,
3881 4869 48 30 tlie
3958 4870 83 31 latter

3405 4906 115 36 bearing
3531 4916 51 19 our
3593 4907 118 30 location
3725 4908 56 29 and
3793 4909 150 35 signature.

3439 4944 158 28 Directions
3608 4949 42 25 tor
3660 4954 50 20 use
3720 4946 70 28 with
3801 4946 68 29 each
3881 4946 96 30 bottle.

3422 5036 240 28 SANDER
3703 5038 116 27 AND
3859 5038 148 30 SONS

3566 5074 165 36 Sandhurst,
3744 5075 131 31 Victoria.

3448 5180 244 31 DUNCAN
3716 5180 24 37 M
3764 5180 24 37 4
3812 5180 23 37 L
3852 5181 25 30 E
3895 5181 92 36 AN,

3573 5233 101 38 Agent,
3683 5233 183 39 Greymontli.

3403 5328 259 63 PRINTING
3698 5330 53 28 OF
3787 5330 131 32 EVERY
3953 5331 65 31 DES-

3633 5368 180 32 CRIPTION

3703 5453 35 22 AT

3406 5520 67 77 P
3524 5523 140 79 )tlgcll
3680 5523 165 63 ®imcs
3872 5525 165 73 ©ffta,

3524 5646 149 38 CLIFF
3708 5647 206 40 STREET.
