3411 5538
65 166 225 74 Shipping
325 161 315 71 Intelligence.

132 296 94 34 PORT
247 294 48 34 OF
316 289 261 37 CHARLESTON.

262 404 65 26 llion
347 402 104 26 \V.\rin.

44 458 52 25 iiiia
110 458 44 24 D.n
293 458 51 20 4.1.»
370 463 28 14 .».i
543 454 14 21 4
574 453 20 21 .:>
626 456 53 25 p.m.

37 491 95 33 rUodny
306 490 39 23 5.U
371 495 45 17 u.m
545 487 51 22 6.23
628 491 46 24 pin

38 526 103 34 Monday
294 525 51 22 5.5()
370 529 46 18 a.m
546 520 51 25 6.15
628 526 54 26 p.m.

36 554 108 41 Tu.-sJa'y
291 550 17 45 G.
316 550 9 45 4
333 550 8 45 j
371 565 45 17 u.ir.
562 557 35 23 7.5
628 561 54 25 p.m.
691 550 1 45 I

299 613 127 19 AKKIVaL*.

70 643 46 28 Nil.

280 694 165 20 DKIIIiTTRKs.

69 724 46 28 Nil.

247 775 101 18 ylns.i->
365 775 23 16 ::«
408 773 68 18 i«»rt.

73 805 92 27 Wairoa
184 809 84 21 '-utter.

75 841 68 33 Mary
160 859 16 6 -
230 839 79 25 k.-tch.

75 884 55 21 &.ur
139 878 26 23 oi
178 875 134 30 Tasmania,
330 874 117 27 m!i<>u..u\

75 913 58 26 lona
144 910 32 26 set
186 917 71 20 chit
270 915 8 26 (
282 908 96 31 wrick).

78 985 35 21 (>n
131 980 146 32 Wednesday
290 981 40 23 the
341 988 37 16 s.s.
397 978 116 32 Halcyon,
534 985 47 18 was
597 978 32 25 off
651 978 34 24 thi

47 1025 29 26 jio
88 1021 16 19 t.
126 1015 98 32 waiiing
244 1021 29 18 »n
294 1014 150 33 opportunity
461 1018 24 19 to
506 1018 67 21 enter
588 1011 86 24 anddis-

47 1054 85 27 cliargc
144 1056 135 26 passengers
295 1048 44 24 aid
353 1056 75 24 rnrgo.
446 1047 50 25 The
509 1047 181 24 harbor-master

48 1082 157 35 immediately
228 1082 90 27 hoisted
340 1084 39 24 the
400 1083 88 31 danger
508 1081 54 32 flag,
584 1080 40 25 the
640 1081 47 23 6url

46 1121 71 31 being
133 1119 37 26 far
184 1124 39 21 too
234 1119 74 31 heavy
321 1122 24 21 to
359 1118 74 25 admit
449 1117 27 24 of
492 1117 42 25 her
550 1113 142 35 attempting

48 1156 41 25 the
99 1157 110 23 entrance
221 1153 57 27 with
295 1160 48 24 any
364 1152 83 33 degree
470 1155 26 21 of
517 1154 84 28 safety,
644 1151 43 23 she

49 1187 89 34 shortly
150 1190 61 26 after
221 1186 125 37 proceeded
364 1192 27 20 to
412 1187 125 33 Westport,
559 1185 76 24 where
651 1183 40 25 she

50 1227 41 24 haa
101 1224 91 29 arrived
202 1223 31 28 all
244 1223 71 34 right,
331 1222 44 26 and
393 1230 54 26 may
468 1222 26 26 be
510 1218 113 37 expected
639 1219 53 25 here

49 1270 30 15 on
92 1260 40 25 her
142 1266 81 20 return
233 1265 25 20 to
268 1260 63 30 Grey
334 1259 82 26 mouth
427 1267 26 16 as
465 1265 54 17 soon
531 1265 26 16 as
574 1255 40 26 the
633 1262 45 18 wea-

50 1296 53 25 ther
113 1296 65 25 mode
181 1302 62 18 rules

80 1328 40 27 All
132 1333 98 22 matter?
239 1328 25 26 in
275 1329 139 25 connection
436 1326 56 26 with
510 1325 108 35 shipping
639 1324 52 25 here

51 1365 60 27 have
132 1364 56 28 been
209 1368 25 22 at
256 1371 29 17 an
308 1363 73 26 entire
403 1360 126 29 stand-still
548 1359 85 33 during
654 1362 39 22 the

52 1401 65 25 week
127 1411 6 19 ;
160 1400 40 25 the
220 1397 188 33 south-westerly
423 1397 64 32 gales
498 1396 45 26 and
555 1397 75 30 heavy
642 1394 52 25 surf

52 1437 89 30 having
151 1434 77 26 sealed
238 1441 32 26 up
281 1435 37 24 the
331 1436 110 23 entrance
452 1437 25 21 to
487 1433 40 25 the
547 1431 52 32 bay,
611 1428 82 27 which,

52 1469 85 33 during
147 1470 43 26 the
201 1472 52 33 |>ast
273 1472 47 23 two
330 1475 27 18 or
367 1467 65 26 three
442 1467 65 33 days,
518 1467 43 25 has
572 1463 122 37 presented

52 1515 45 17 ww
117 1508 65 24 siicut
193 1508 25 24 of
231 1507 69 24 foam,
336 1502 49 27 iao
396 1505 62 24 craft
470 1503 23 25 in
513 1502 39 27 the
571 1503 51 31 bay.
640 1507 41 17 con-

52 1542 87 31 sisting
148 1542 26 24 of
191 1542 40 24 the
251 1542 53 23 Star
324 1539 26 25 of
371 1538 135 28 Tasmania,
527 1536 102 28 Wairoa,
649 1534 45 25 and

51 1575 69 32 Mary
132 1576 66 26 Ann.
209 1583 39 16 are
254 1573 66 33 lying
331 1571 181 34 comparatively
519 1571 59 28 safe,
581 1568 113 33 although

52 1609 42 26 the
105 1617 69 25 surge
186 1610 41 25 has
237 1608 84 26 caused
332 1614 63 18 some
402 1607 26 25 of
435 1606 40 26 the
486 1605 106 31 mooring
602 1602 59 27 Hues
671 1606 24 22 to

53 1649 59 29 part.
143 1646 23 24 It
186 1645 21 25 is
227 1648 86 22 matter
332 1642 38 26 for
390 1641 185 33 congratulation
593 1640 51 25 that
656 1637 39 27 the

54 1678 46 35 bay
120 1679 42 28 has
179 1681 58 24 been
253 1687 26 18 so
296 1677 62 27 clear
372 1678 27 25 of
414 1678 40 25 the
465 1676 87 26 vessels
561 1675 85 31 during
656 1674 39 25 the

54 1723 79 17 severe
145 1716 107 28 weather,
263 1713 45 26 had
319 1713 18 25 it
346 1712 56 26 been
414 1710 104 28 crowded
536 1719 26 16 as
578 1709 67 26 usual
658 1708 37 27 the

54 1748 125 28 casualties
199 1752 64 24 must
284 1749 59 26 have
364 1748 55 25 been
437 1753 132 23 numerous,
590 1744 45 26 and
647 1752 40 26 pro

56 1783 66 35 ljflbly
133 1786 27 26 of
170 1795 14 17 a
195 1785 88 27 serious
294 1783 125 26 chancier.

45 4158 400 54 CHARLESTON
477 4157 209 50 ARGUS.

155 4285 190 29 SATURDAY,
368 4285 74 25 MAY
461 4287 35 27 11,
515 4288 63 22 1867.

45 4391 42 30 At
99 4400 16 20 a
126 4390 65 30 time
203 4388 77 31 when
295 4389 117 29 sickness
425 4388 23 29 is
460 4387 143 33 becominT
615 4387 72 40 daily

45 4444 71 21 more
128 4431 147 42 prevalent,
288 4432 52 30 and
354 4432 46 29 the
419 4430 52 31 evil
485 4430 24 31 is
527 4430 161 40 aggravated

45 4477 35 40 by
93 4477 47 30 the
152 4475 163 40 inclemency
324 4475 28 29 of
365 4474 45 30 the
419 4484 101 25 season,
532 4474 23 29 it
564 4473 124 31 devolves

44 4531 72 31 upon
130 4530 31 20 us
173 4523 28 27 to
224 4518 108 41 provide
349 4528 71 20 some
443 4517 76 40 place
532 4516 87 32 where
640 4527 48 20 our

44 4564 52 30 less
121 4564 137 29 fortunate
284 4562 123 30 brethren
434 4571 62 28 may
516 4566 27 24 at
565 4561 67 29 least
652 4571 24 19 re-

43 4606 75 32 ceive
130 4605 47 32 the
197 4615 57 20 care
278 4604 52 31 and
344 4608 142 27 treatment
505 4613 136 29 necessary
660 4608 28 24 to

44 4649 70 32 their
132 4649 156 30 restoration
309 4650 29 28 to
360 4648 99 30 health.
500 4646 34 31 In
556 4646 132 42 agitating

45 4694 40 30 for
97 4692 46 31 the
163 4691 180 32 construction
366 4690 30 31 of
415 4702 16 19 a
453 4690 114 41 hospital
581 4691 41 31 for
641 4690 46 31 the

44 4736 75 32 relief
132 4736 30 30 of
172 4736 34 30 all
220 4735 87 31 whose
321 4735 90 41 bodily
426 4735 152 31 infirmities
598 4734 88 30 would

41 4780 87 42 single
140 4779 73 32 them
227 4783 46 26 out
286 4789 28 20 as
327 4779 93 40 fitting
432 4778 142 40 recipients
593 4780 30 30 of
642 4778 45 31 the

43 4824 113 39 charity,
182 4823 76 32 there
283 4823 22 30 is
331 4834 35 19 no
379 4823 85 30 desire
477 4833 33 19 on
525 4833 49 20 our
587 4828 59 34 part
659 4827 27 26 to

43 4867 91 31 saddle
146 4877 53 28 any
213 4866 141 39 particular
374 4867 100 29 section
497 4865 31 29 of
548 4865 46 31 the
616 4875 53 21 com-

43 4910 107 40 munity
163 4909 67 29 with
243 4908 47 30 the
303 4918 113 29 expense
430 4908 32 30 of
475 4908 178 39 maintaining
671 4919 15 18 a

43 4952 85 39 costly
149 4950 207 32 establishment
379 4950 31 32 of
429 4950 55 31 this
497 4954 113 28 'nature.
659 4950 27 30 It

42 4997 48 31 has
103 4994 117 33 hitherto
233 4995 66 30 been
312 4999 162 34 customary,
493 4994 89 31 where
595 4994 75 39 hospi-

43 5039 52 31 tals
119 5037 68 32 have
212 5037 66 30 been
304 5036 106 31 erected
436 5046 31 21 or
485 5037 144 40 supported
650 5036 35 36 by

43 5082 143 38 voluntary
199 5079 203 34 contributions,
417 5079 40 31 for
471 5079 45 31 the
531 5079 105 31 burden
657 5084 29 26 to

44 5128 52 28 rest
109 5124 96 32 almost
217 5122 113 40 entirely
346 5133 70 29 upon
431 5122 45 31 the
490 5122 121 30 business
625 5133 45 29 peo-

42 5169 51 40 ple,
119 5167 53 32 and
192 5167 46 30 the
258 5176 64 29 very
335 5165 67 31 class
423 5166 41 30 for
478 5166 87 30 whose
587 5165 98 31 benefit

43 5213 74 30 these
143 5209 168 33 institutions
336 5220 44 19 are
405 5209 116 32 erected,
546 5208 53 31 and
628 5209 58 29 who

39 5255 101 40 largely
152 5253 69 35 avail
234 5251 158 33 themselves
403 5253 28 30 of
441 5251 47 32 the
498 5252 186 37 convenience,

41 5298 70 33 have
124 5298 28 32 in
166 5307 35 21 no
213 5306 66 22 case,
293 5306 29 20 as
336 5305 14 19 a
361 5294 80 42 body,
456 5295 154 31 subscribed
631 5305 52 30 any

42 5340 178 34 considerable
245 5349 59 21 sum
337 5340 114 29 towards
476 5338 71 30 their
574 5339 95 29 mainte-

41 5395 84 21 nance
138 5396 7 27 ;
163 5382 104 33 indeed,
285 5382 76 32 there
384 5392 14 19 a
401 5392 10 11 r
413 5392 14 19 e
447 5391 82 30 many
552 5382 133 31 instances

41 5429 86 30 where
140 5427 99 31 miofs
254 5426 147 39 pusses"in;.'
415 5424 89 41 ample
519 5436 33 20 m»
555 5438 20 12 -•*■
597 5437 11 16 s
620 5425 65 30 have

40 5472 69 33 befn
123 5471 28 31 fo
162 5482 25 19 nt
198 5471 9 30 1
228 5469 137 40 uuwijling
380 5476 26 24 to
432 5477 49 32 pay
495 5479 15 20 a
532 5469 146 31 rc.»*i:ia!»h

701 165 58 20 sum
775 155 27 28 in
816 158 90 24 return
922 152 40 29 for
975 150 45 29 the
1043 147 91 38 bodily
1148 144 127 31 comforts
1295 138 52 33 and

703 207 39 20 me
755 195 57 31 !ical
823 197 145 28 treatment
980 190 127 31 received.
1150 186 133 30 Whether
1294 185 54 29 this

702 243 128 37 apparent
856 236 152 31 selfishness
1041 233 52 30 anl
1126 230 168 31 indifference
1327 226 22 29 is

703 282 115 41 brought
838 281 82 30 about
942 278 31 40 b,
993 277 45 31 the
1058 273 155 42 negligence
1227 271 31 33 of
1274 270 76 31 those

705 327 59 30 who
778 327 65 28 have
858 325 68 29 been
939 319 140 41 employed
1092 324 28 24 to
1141 326 111 21 canvass
1265 325 15 19 a
1300 313 38 30 dis-

704 371 62 31 trict
780 369 22 31 is
816 379 16 20 a
845 366 130 43 question,
990 364 53 31 and
1054 363 21 30 it
1090 360 88 33 would
1192 366 97 34 appear
1303 360 45 26 not

705 419 26 27 at
745 414 35 31 all
800 411 120 38 unlikely
935 409 56 31 tV.a*
1016 418 15 19 a
1044 409 69 27 want
1131 404 28 30 of
1180 403 55 30 zeal
1249 412 35 20 on
1304 400 46 30 the

707 464 59 34 part
779 458 27 28 of
821 456 45 30 the
880 456 79 28 latter
974 462 67 29 may,
1058 457 26 22 to
1098 461 15 18 a
1127 447 99 31 certain
1250 447 100 27 extent,

706 505 111 27 account
832 500 40 29 for
885 498 44 29 the
944 494 103 38 trifling
1061 502 72 20 sums
1151 487 135 33 obtained.
1327 486 21 28 It

708 546 21 29 is
752 545 40 29 far
805 553 73 20 more
901 549 61 29 easy
981 542 30 26 to
1025 546 60 21 cam
1108 545 15 20 a
1137 531 168 33 commission
1326 529 26 29 in

701 574 1 52 |
708 586 142 36 collecting
863 583 151 33 B'imstVo'ii
1031 576 181 44 townspeople
1227 574 57 30 who
1293 581 59 32 may

701 616 1 52 |
711 634 30 27 he
755 631 35 30 all
803 628 85 30 called
902 636 73 30 upon
989 625 27 28 in
1031 634 15 18 a
1059 623 52 37 day
1126 631 28 18 or
1167 625 63 29 two,
1245 616 64 31 than
1325 620 29 25 to

701 657 1 61 j
712 674 75 31 make
800 672 46 31 the
860 670 84 31 entire
957 665 93 33 circuit
1064 664 27 30 of
1113 674 15 20 a
1144 661 66 32 wide
1223 657 51 34 and
1289 663 51 24 scat-

713 718 72 30 tered
799 716 122 33 district;
940 712 51 31 and
1006 720 28 21 as
1056 719 70 19 more
1148 703 138 44 generally
1307 712 47 18 one

713 757 159 38 interesting
898 753 108 34 himself
1037 752 28 28 in
1092 760 53 28 any
1169 747 65 29 such
1260 747 96 26 matter

712 802 160 39 voluntarily
885 799 54 32 and
960 792 178 46 gratuitjusly
1155 798 140 23 canvasses
1314 787 41 29 his

714 842 288 42 fellow-townspeople,
1016 839 73 29 there
1102 835 23 30 is
1136 835 71 31 little
1221 832 98 30 chance
1330 831 25 28 of

713 893 41 29 his
767 890 82 38 being
861 888 59 31 able
933 896 29 19 or
975 882 93 40 caring
1080 886 28 24 to
1120 879 96 30 devote
1230 879 65 26 time
1305 874 49 30 and

714 947 33 19 no
778 933 71 31 little
879 927 106 34 trouble
1016 926 30 29 in
1077 923 82 40 going
1195 917 162 42 thoroughly

715 977 117 39 through
855 974 45 31 the
923 971 84 32 entire
1028 966 112 33 district.
1200 963 47 30 We
1272 960 85 31 would

713 1023 108 36 suggest
834 1018 60 29 that
908 1016 44 29 the
966 1014 98 29 miners
1077 1009 104 33 should,
1202 1008 26 27 in
1243 1006 46 28 the
1303 1005 56 27 first

715 1063 73 40 place
809 1061 33 29 be
865 1057 85 31 called
972 1065 71 29 upon
1067 1058 29 26 to
1119 1049 150 32 contribute
1292 1046 56 29 then-

715 1109 88 37 quota,
827 1102 52 31 and
902 1111 52 29 any
974 1109 59 20 sum
1051 1093 154 33 subscribed
1231 1091 34 39 by
1288 1089 71 31 them

715 1148 89 30 would
823 1147 34 29 be
877 1140 202 43 supplemented
1095 1139 34 38 by
1143 1141 27 25 at
1192 1145 52 28 any
1258 1137 56 25 rate
1327 1141 34 20 an

715 1190 79 42 equal
819 1192 110 27 amount
951 1187 67 28 from
1042 1183 44 30 the
1100 1176 188 42 townspeople,
1308 1174 52 30 and

717 1232 127 45 probably
865 1232 47 31 the
933 1229 186 32 Government
1143 1221 87 34 would
1251 1219 75 44 place
1345 1228 16 20 a

716 1289 58 20 sum
788 1288 35 19 on
837 1277 45 29 the
903 1274 139 31 estimates
1056 1268 77 39 equal
1155 1271 28 25 to
1195 1269 60 27 that
1275 1263 84 31 raised

717 1322 35 39 by
777 1318 187 41 subscription,
992 1315 42 28 for
1059 1312 45 30 the
1130 1310 119 31 erection
1276 1306 31 31 of
1329 1316 33 20 an

719 1362 123 42 hospital
863 1360 52 32 and
939 1366 103 23 assume
1064 1353 159 32 themselves
1246 1350 45 30 the
1311 1359 39 20 res-

719 1406 156 43 ponsibility
900 1404 31 31 of
959 1402 184 37 management
1174 1395 55 31 and
1254 1392 95 31 mainte-

719 1461 88 21 nance.
847 1449 56 29 Our
923 1443 145 43 neighbors
1090 1444 28 26 at
1143 1439 140 40 Brighton,
1303 1435 61 30 who

719 1495 41 31 for
772 1504 74 20 some
859 1489 106 33 months
980 1488 60 41 past
1063 1485 66 30 have
1152 1478 165 34 endeavored
1339 1482 26 25 to

719 1538 92 31 obtain
843 1535 65 32 such
933 1543 34 20 an
991 1529 162 36 institution,
1179 1526 115 40 [suggest
1320 1522 46 30 the

719 1580 114 31 erection
848 1579 28 29 of
889 1588 32 18 an
935 1572 116 41 hospital
1066 1576 27 25 at
1106 1570 46 29 the
1169 1569 71 37 joint
1254 1576 112 28 expense

719 1623 29 31 of
760 1623 46 32 the
819 1627 54 26 two
886 1618 126 32 districts,
1023 1620 26 25 at
1060 1625 15 19 a
1085 1616 60 39 spot
1155 1609 117 33 situated
1282 1608 85 32 about

720 1667 115 40 midway
849 1665 118 29 between
982 1660 44 29 the
1040 1663 54 25 two
1108 1654 156 41 townships,
1279 1651 53 31 and
1352 1662 15 18 a

721 1710 132 38 receiving
865 1708 82 30 house
960 1703 129 39 affording
1101 1705 154 33 temporary
1267 1705 84 21 accom-

722 1752 132 32 modation
882 1755 28 26 to
932 1745 148 41 incoming
1105 1743 118 40 patients
1249 1740 27 30 in
1304 1738 62 30 each

722 1797 141 40 township.
901 1793 57 32 The
973 1791 60 31 idea
1046 1790 28 31 of
1087 1797 50 22 one
1151 1784 131 37 building
1294 1782 63 32 effec-

722 1842 82 38 tively
817 1837 137 40 managed,
969 1836 42 30 for
1023 1839 54 24 two
1091 1831 119 31 districts
1223 1830 22 29 is
1259 1827 98 31 certain-

724 1884 26 41 ly
764 1883 101 39 worthy
880 1882 29 29 of
919 1877 203 34 consideration,
1143 1871 131 39 although
1287 1871 23 29 it
1329 1880 26 19 re-

722 1928 87 30 mains
821 1936 16 20 a
849 1924 123 41 question
996 1920 121 30 whether
1138 1916 36 29 th.
1205 1912 100 41 rugged
1326 1923 43 19 na-

701 1954 1 61 I
796 1970 30 30 of
836 1969 47 30 the
897 1971 119 32 country,
1032 1962 52 30 and
1098 1958 113 32 difficult
1343 1954 30 31 of

724 2012 221 34 communication
959 2008 123 32 between
1093 2004 44 32 the
1152 2006 52 28 two
1214 1998 154 41 townships,

701 2043 1 47 ,
724 2058 87 30 would
825 2060 47 27 not
884 2055 97 31 render
1002 2050 64 31 such
1091 2060 16 19 a
1133 2048 62 42 plan
1221 2043 150 41 altogether

724 2099 205 44 impracticable.
967 2093 103 33 Should
1085 2093 22 30 it
1123 2091 32 30 be
1175 2091 14 30 f
1192 2088 68 33 mnd
1282 2097 74 21 neces-

722 2154 61 31 sary
805 2147 28 27 to
856 2144 66 29 have
945 2150 15 20 a
973 2137 136 40 receiving
1130 2131 114 42 hospital
1260 2138 27 23 at
1307 2130 62 29 each

723 2187 132 42 township
868 2186 28 31 in
919 2182 158 33 connection
1097 2178 65 32 with
1182 2179 29 35 it,
1234 2175 46 30 the
1299 2184 72 19 same

722 2241 114 31 expense
850 2228 86 32 would
950 2227 33 30 be
996 2222 123 35 incurred
1133 2232 27 20 as
1171 2221 24 31 if
1204 2218 78 33 there
1296 2227 73 21 were

722 2274 106 33 erected
842 2277 52 27 two
908 2271 112 31 distinct
1033 2267 53 31 and
1099 2269 119 36 separate
1230 2260 139 41 hospitals,

722 2319 114 31 without
866 2315 125 39 securing
1021 2312 49 31 the
1106 2319 71 22 same
1208 2306 163 39 advantages

722 2362 87 32 either
821 2362 26 31 hi
862 2359 76 42 point
950 2358 28 31 of
992 2354 180 35 convenience
1185 2361 30 22 or
1239 2348 119 35 effective-

723 2416 69 20 ness.

759 2533 40 39 By
821 2530 208 33 advertisement
1053 2537 40 19 we
1118 2524 88 30 notice
1232 2521 59 31 that
1322 2518 48 32 the

722 2576 64 30 Rev.
801 2575 102 31 Father
913 2574 91 37 Royer
1014 2568 54 32 will
1082 2566 63 32 hold
1157 2567 91 29 divine
1261 2563 108 34 service,

720 2620 30 32 in
764 2618 45 32 the
822 2617 126 38 morning
961 2618 29 28 at
1004 2613 62 32 nine
1079 2608 105 38 o'clock,
1209 2612 28 27 at
1263 2606 108 31 Cluues

720 2661 71 32 hotel
795 2665 10 31 J

720 2705 82 29 hutei,
816 2702 168 29 OKarlcntoa,
1002 2702 29 23 at

721 2745 15 31 7
750 2742 101 33 o'clock
863 2742 28 31 in
907 2741 44 30 the
962 2750 32 20 ev
1003 2747 83 30 »mug.

757 2788 59 31 The
828 2785 120 34 sickness
974 2780 147 43 prevalent,
1141 2778 30 30 in
1194 2776 47 32 the
1259 2774 67 31 fi»nn
1342 2773 28 29 of

721 2832 49 30 low
783 2832 80 34 fever,
879 2827 93 32 shonld
987 2827 109 39 mg<pftt
1113 2822 47 30 the
1183 2817 132 40 necessity
1324 2860 5 7 #
1341 2815 30 32 of

719 2875 119 39 erecting
850 2885 33 19 an
897 2871 114 38 hospital
1026 2869 41 30 for
1082 2867 44 31 the
1139 2860 227 36 accommodation

719 2918 31 32 of
771 2918 131 31 sufferers.
943 2912 30 32 If
992 2912 47 30 the
1065 2910 101 29 miners
1181 2905 87 30 would
1293 2913 74 20 come

719 2961 113 33 forward
846 2960 52 31 pnd
912 2956 138 33 subscribe
1063 2950 125 41 liberally
1202 2952 29 28 to
1244 2958 34 21 an
1292 2946 65 32 insti-

717 3006 91 31 tution
822 3003 86 33 which
923 3003 22 30 is
959 2999 95 40 chiefly
1070 2994 64 35 used
1158 2996 35 39 by
1219 2992 72 31 their
1307 3001 61 19 own

717 3050 77 36 class,
807 3048 77 33 there
898 3057 47 21 can
954 3044 33 32 be
1007 3053 35 21 no
1056 3039 124 44 question
1193 3037 49 31 but
1255 3036 59 30 that
1322 3034 46 30 the

717 3092 180 41 townspeople
910 3088 90 33 would
1014 3088 56 31 also
1090 3083 152 33 contribute
1257 3079 107 39 largely.

717 3137 153 38 Yesterday,
886 3135 49 31 Dr.
952 3133 52 30 Leo
1026 3142 53 18 was
1101 3125 147 34 instructed
1263 3124 35 39 by
1318 3123 46 30 the

716 3182 184 32 Government
930 3182 29 26 to
989 3173 93 33 attend
1127 3181 51 20 one
1224 3165 141 43 Adolphus

717 3224 140 40 Saujoders,
887 3221 86 31 whom
999 3219 34 31 he
1060 3215 83 33 found
1156 3212 130 41 suffering
1297 3209 69 32 from

716 3269 51 32 low
780 3269 80 34 fever,
873 3266 56 32 and
948 3262 51 33 had
1014 3264 22 29 it
1049 3262 71 29 been
1134 3259 26 30 in
1177 3257 41 30 his
1233 3264 86 30 power
1331 3253 35 30 he

715 3312 88 33 would
816 3311 68 31 hate
898 3307 113 33 ordered
1021 3305 40 32 his
1075 3300 113 34 removal
1200 3307 28 23 to
1242 3309 15 21 u
1267 3306 99 34 proper

715 3357 72 34 »Uee
797 3355 29 32 of
839 3353 101 33 shelter
962 3349 107 33 instead
1094 3347 30 30 of
1150 3356 16 19 a
1190 3342 88 32 calico*
1294 3339 70 32 tent.

715 3401 56 30 The
783 3396 160 33 authorities
966 3395 111 30 deserve
1091 3391 47 30 the
1157 3386 99 33 thanks
1270 3384 30 31 of
1319 3384 47 31 the

713 3442 164 39 community
894 3440 40 30 for
948 3438 70 31 their
1030 3433 141 40 humanity
1186 3429 27 32 in
1228 3427 134 43 promptly

713 3486 132 36 affording
869 3482 36 32 all
932 3482 45 31 the
1000 3479 79 32 relief
1101 3477 30 31 in
1150 3474 72 33 their
1232 3481 90 33 power
1335 3475 28 26 to

713 3532 45 29 the
771 3530 56 31 sick
841 3527 52 31 and
913 3527 140 29 destitute.

751 3574 44 30 On
811 3569 168 40 Wednesday
992 3566 76 41 night
1082 3563 59 36 last,
1163 3561 59 30 four
1240 3569 70 24 men,
1327 3568 26 19 re-

713 3617 92 37 siding
817 3617 29 30 in
859 3626 16 19 a
885 3617 57 26 ten*
957 3617 27 25 at
998 3611 44 30 the
1055 3619 58 21 rear
1126 3606 31 31 of
1171 3605 47 31 the
1242 3602 75 31 Bank
1338 3601 28 32 of

714 3661 68 31 New
795 3658 87 32 South
899 3655 98 34 Wales,
1011 3651 134 36 narrowly
1159 3646 112 39 escaped
1284 3644 82 41 being

713 3702 113 33 crushed
840 3708 28 24 to
880 3699 88 33 death,
982 3697 36 41 by
1030 3697 43 29 the
1094 3692 47 33 fall
1155 3691 28 30 of
1197 3702 16 19 a
1225 3689 72 36 large
1307 3693 58 25 tree

712 3758 72 30 upon
797 3746 45 31 the
856 3749 65 26 tent.
973 3742 26 30 It
1026 3739 48 32 fell
1100 3739 121 28 between
1235 3734 47 29 the
1307 3732 59 30 four

713 3801 59 21 men
788 3789 59 30 who
860 3784 114 44 escaped
988 3780 154 42 uninjured.

750 3835 57 31 The
816 3831 68 33 Rev.
901 3831 25 30 J.
943 3828 96 31 White
1054 3824 54 31 will
1126 3821 64 32 hold
1208 3820 90 31 divine
1312 3829 39 21 ser-

713 3878 56 30 vice
779 3878 30 30 at
817 3876 48 32 the
877 3871 184 35 Court-house,
1073 3873 28 26 to
1114 3875 111 22 morrow
1239 3864 123 37 morning

712 3925 30 28 at
769 3921 31 30 11
829 3916 106 34 o'clock,
961 3920 52 26 and
1039 3914 28 30 in
1083 3912 43 29 the
1140 3909 115 36 evening
1274 3911 28 27 at
1314 3909 47 30 the

714 3964 98 33 Casino
825 3963 34 32 de
872 3960 110 36 Venice,
997 3962 28 27 at
1045 3957 15 31 7
1075 3952 108 34 o'clock.

751 4009 42 38 By
818 4005 206 32 advertisement
1037 4002 22 28 it
1082 3997 55 31 will
1159 3997 33 29 be
1216 4005 61 19 seen
1302 3993 61 30 that

716 4050 97 32 Messrs
838 4047 83 32 Mann
943 4044 51 33 and
1008 4044 49 31 Co.
1079 4051 44 22 are
1137 4039 59 30 able
1209 4041 30 27 to
1260 4036 99 41 supply

713 4096 55 30 coal
782 4095 29 30 of
823 4092 70 42 good
906 4089 104 42 quality
1023 4091 28 27 at
1071 4097 16 19 a
1109 4081 153 33 reasonable
1282 4080 79 42 price.

714 4139 48 30 We
775 4148 45 21 are
830 4135 61 41 glad
905 4138 29 27 to
947 4143 43 21 see
1003 4129 113 33 another
1128 4125 32 32 of
1168 4125 47 32 the
1229 4134 135 23 resources

713 4181 32 31 of
753 4181 46 31 the
812 4178 104 32 district
929 4173 157 42 developed.

752 4225 25 31 A
792 4231 103 23 narrow
907 4229 91 29 escape
1011 4218 68 31 from
1091 4213 139 38 drowning
1237 4210 125 31 occurred

713 4279 34 20 on
760 4266 123 38 Tuesday
896 4264 60 35 last,
980 4265 29 27 to
1029 4257 146 35 Constable
1197 4253 159 42 Fitzgerald,

708 4317 37 36 jk\
771 4311 47 39 tjie
841 4308 83 31 Okari
946 4306 91 32 River,
1063 4303 122 30 between
1201 4299 160 32 Charleston

712 4350 54 36 svfid
781 4351 150 41 Wesfcport.
971 4348 57 31 The
1046 4344 137 34 constable
1209 4342 83 40 being
1313 4351 32 21 un-

713 4395 162 41 acquainted
901 4393 65 30 with
990 4391 49 30 the
1064 4389 63 30 road
1146 4398 54 19 was
1227 4395 132 21 unaware,

712 4440 59 31 that
783 4438 46 31 the
841 4447 8 20 1
858 4437 55 31 iver
926 4433 87 33 which
1027 4443 55 19 was
1095 4428 172 41 exceedingly
1282 4428 76 39 rapid

712 4480 52 33 and
778 4479 109 33 swollen
901 4479 35 39 by
949 4478 45 30 the
1008 4476 54 31 late
1076 4474 83 36 rains,
1173 4483 54 20 was
1250 4470 79 32 unfor
1342 4470 16 31 d

712 4525 68 34 able,
794 4523 55 33 and
862 4522 44 32 the
930 4522 74 31 noise
1025 4518 28 32 of
1070 4517 47 31 the
1137 4515 57 32 surf
1214 4513 144 42 prevented

712 4571 42 29 his
780 4567 111 39 hearing
914 4566 45 30 the
985 4562 120 38 warning
1126 4560 29 31 of
1167 4560 48 30 the
1229 4559 130 37 ferryman

711 4610 157 39 cautioning
899 4609 57 31 him
987 4605 104 40 against
1124 4602 160 40 attempting
1314 4599 47 31 the

712 4655 126 39 crossing.
878 4653 95 31 Before
997 4647 127 38 reaching
1142 4646 47 31 the
1212 4643 102 32 middle
1334 4643 30 30 of

711 4700 46 31 the
776 4703 96 26 stream
894 4697 79 30 horse
997 4691 53 33 and
1075 4691 72 31 rider
1164 4698 67 22 were
1254 4686 36 32 all
1312 4686 49 31 but

712 4743 96 39 totally
836 4738 165 41 submerged,
1021 4735 53 31 and
1097 4732 131 39 narrowly
1248 4729 112 40 escaped

710 4787 82 41 being
804 4789 84 36 swept
900 4784 80 31 down
1001 4780 46 31 the
1072 4788 87 31 gorge,
1184 4776 48 31 but
1253 4774 68 30 after
1340 4783 17 21 a

710 4831 65 31 hard
789 4828 117 40 struggle
921 4826 66 38 they
1006 4821 130 40 managed
1162 4825 27 25 to
1212 4818 76 31 reach
1310 4816 46 31 the

710 4873 122 41 opposite
846 4861 59 40 side
919 4868 65 31 with
997 4877 34 20 no
1051 4874 82 22 worse
1153 4862 84 31 result
1253 4860 68 31 than
1341 4870 15 19 a

710 4917 69 38 good
792 4915 125 37 ducking.

746 4959 55 29 The
829 4953 172 38 Canterbury
1015 4950 182 32 Government
1210 4945 66 31 have
1297 4953 46 30 pur-

710 5001 95 31 chased
826 4995 144 37 Peacock's
982 4993 102 33 Wharf,
1100 4990 146 40 Lyttelton,
1259 4987 43 33 for
1309 4985 50 33 the

710 5053 60 22 sum
784 5044 31 29 of
835 5040 135 33 £20,000.

750 5087 126 38 Karlyon
903 5080 138 40 Thursday
1067 5075 125 42 morning
1219 5073 54 32 this
1287 5077 71 26 town

709 5140 54 20 was
795 5127 97 32 visited
924 5126 35 38 by
985 5133 15 19 a
1027 5119 150 33 succession
1215 5118 29 30 of
1271 5116 85 38 heavy

710 5172 108 41 squalls,
852 5170 66 31 with
943 5167 115 32 torrents
1078 5164 29 29 of
1131 5162 57 30 rain
1250 5158 106 32 Several

710 5220 75 27 tents
799 5225 71 20 were
890 5209 143 39 destroyed
1047 5218 29 19 or
1090 5206 88 29 blown
1192 5204 89 30 down,
1302 5201 52 31 and

709 5260 47 30 the
782 5259 145 38 occupants
952 5250 116 41 exposed
1094 5254 28 24 to
1148 5247 46 30 the
1220 5244 136 32 wretched

710 5301 124 33 weather,
851 5299 112 30 without
981 5294 46 32 the
1047 5301 93 21 means
1166 5289 31 30 of
1218 5287 139 40 obtaining

709 5345 102 31 shelter
821 5344 41 29 for
874 5339 103 32 several
992 5338 89 30 hours.
1121 5334 57 30 One
1198 5333 28 28 of
1240 5332 45 29 the
1300 5341 42 20 ves-

709 5388 44 33 sel,
775 5387 28 33 in
817 5386 46 31 the
883 5384 52 41 bay
958 5378 90 42 parted
1071 5378 49 33 her
1142 5375 75 38 lines,
1242 5374 48 32 but
1314 5373 27 31 in-

709 5442 45 21 enr
769 5444 12 9 ••
794 5431 49 30 'mi
859 5431 25 22 r,,
890 5436 72 24 »-tner
982 5425 95 40 injury.

747 5475 38 30 Th
818 5484 12 20 e
855 5482 44 23 :i§
922 5468 74 34 thr««
1022 5467 34 32 ho
1068 5478 5 13 >
1100 5463 120 42 growing
1234 5461 71 31 firms
1323 5469 29 21 in

1377 139 109 34 Nelson,
1512 137 98 30 Messrs
1638 134 97 39 Hurley
1763 130 48 31 and
1834 131 60 36 Son,
1912 127 102 33 Messrs

1379 192 112 37 Hooper
1511 189 51 30 and
1585 188 119 36 Uoclson,
1726 185 54 30 and
1800 183 43 29 Mr
1856 183 25 29 J.
1899 183 115 38 Hooper,

1371 244 71 40 jun.,
1470 242 59 28 who
1543 240 35 30 all
1592 249 71 30 grow
1683 250 34 18 an
1744 236 88 31 article
1855 236 121 37 superior
1989 237 28 25 to

1376 296 46 31 the
1438 292 121 43 English,
1574 291 85 31 which
1675 291 21 29 is
1710 292 59 28 sent
1782 291 46 28 out
1850 287 70 31 here.
1961 285 55 30 The

1376 348 98 40 praises
1488 346 31 30 of
1534 345 104 31 Nelson
1651 344 66 38 hops
1740 352 40 20 are
1802 338 167 41 everywhere
1990 338 25 29 in
2041 338 1 50 (

1378 401 44 30 the
1441 397 149 33 Australian
1606 394 123 33 colonie*.
1830 392 79 40 being
1931 390 84 32 consi-
2041 390 1 42 ,

1377 443 83 32 dered
1474 442 122 42 superior
1609 447 27 25 to
1653 440 73 29 those
1737 437 31 31 of
1776 436 143 34 Fasmauia,
1931 434 84 30 which

1379 487 90 30 realise
1483 496 15 18 a
1509 485 63 39 high
1588 484 72 38 price
1682 484 25 28 in
1733 481 43 29 the
1795 478 108 32 market.
1946 478 27 29 It
1997 487 22 20 is

1378 532 45 29 the
1434 529 108 39 opinion
1558 526 26 29 of
1596 526 154 37 competent
1768 522 93 40 ;udg»3
1881 520 59 32 that
1953 520 66 39 hops

1380 582 88 30 grown
1484 572 26 29 in
1524 572 54 28 this
1594 570 120 40 pioviuce
1730 566 81 32 would
1826 564 139 31 command
1986 573 24 20 ai

1370 606 1 42 I
1380 615 137 32 extensive
1531 613 112 34 market,
1657 613 53 29 a.ii
1725 611 20 28 it
1764 610 17 29 i*
1795 607 148 41 surprising
1963 606 52 31 thai

1370 643 1 53 !
1381 659 46 32 the
1441 660 73 36 great
1534 664 103 22 wee**
1661 653 51 31 whi
1724 653 23 30 -h
1769 653 46 29 ha*
1834 649 121 32 followed
1975 649 30 30 th

1380 703 158 31 cultivation
1552 700 29 30 of
1594 701 45 28 tiie
1653 698 119 36 iudustiy
1788 697 60 30 here
1859 694 47 30 Ikis
1921 700 45 23 not
1980 693 40 29 led

1380 752 29 23 to
1424 745 70 29 their
1512 743 80 37 being
1614 752 91 28 grown
1731 751 33 18 on
1784 751 13 18 it
1813 738 70 38 iargi
1899 736 69 30 scale
1982 735 40 30 for

1381 786 176 43 exportation.
1618 782 110 39 English
1761 781 69 41 tap*,
1863 789 37 20 we
1922 790 45 19 are
1989 777 33 30 in-

1370 814 1 57 I
1382 831 110 36 formed,
1507 827 95 33 realise
1614 828 67 29 from
1697 829 30 27 2s
1742 825 30 29 31
1792 828 29 26 to
1836 823 29 29 2s
1880 822 33 29 Gd
1929 831 46 32 per
1987 821 36 31 lb.

1370 865 1 43 !
1383 878 77 29 here;
1481 874 48 29 but
1551 872 102 30 Nelson
1676 870 66 38 hops
1756 867 82 31 vould
1853 865 31 31 be
1895 865 83 30 worth
1994 865 29 29 3s

1370 910 1 45 |
1385 930 46 22 per
1454 919 35 28 lb.
1504 918 27 27 in
1545 916 45 29 the
1617 912 111 31 colonial
1754 923 21 18 sn
1786 910 76 31 irket,
1886 910 27 28 in
1935 919 77 21 couse

1370 960 116 43 iquei.ee
1506 957 106 34 oftheii
1636 955 122 42 superior
1766 953 112 42 qmlity,
1899 952 54 31 and
1980 951 44 30 the

1385 1007 186 37 hoo-grviwers.
1580 1001 151 38 previously
1742 997 104 31 alluded
1854 1002 35 28 to,
1902 995 120 30 received

1387 1046 135 31 first-class
1536 1044 100 30 medals
1650 1042 67 30 from
1729 1041 100 52 tjfciate
1836 1036 190 32 Intercolonial

1389 1089 163 32 Exhibition,
1572 1086 86 29 which
1670 1084 23 30 is
1712 1080 200 34 amadditional
1933 1091 92 19 reason

1387 1133 61 30 whv
1462 1131 131 31 attention
1608 1128 95 31 should
1719 1127 30 28 be
1766 1127 90 30 drawn
1883 1130 26 24 to
1923 1124 53 30 this
1990 1123 25 31 in-

1388 1168 101 45 dustry,
1505 1174 41 30 for
1560 1173 83 29 whicb
1664 1169 95 32 Nelsoa
1773 1169 22 29 is
1804 1167 162 35 celebrated,
1976 1166 51 29 and

1390 1218 85 31 which
1507 1225 111 33 appears
1643 1211 156 42 suscepftble
1827 1211 30 29 of
1890 1209 139 33 indefinite

1374 1247 3 52 |
1388 1263 139 32 extension
1550 1260 27 32 in
1599 1260 44 30 the
1658 1256 108 34 colouiil
1784 1255 112 31 market.

1426 1319 104 29 Within
1554 1317 46 29 the
1621 1315 51 30 last
1698 1314 97 29 sixteen
1815 1321 77 30 years
1910 1310 47 30 the
1976 1313 54 27 two

1389 1362 116 33 colonies
1519 1361 29 29 of
1559 1359 120 31 Victoria
1691 1357 52 30 and
1756 1356 66 31 New
1837 1352 89 32 South
1942 1351 89 29 Wales

1390 1409 66 30 have
1476 1403 133 41 produced
1622 1413 16 19 a
1651 1400 92 41 supplv
1758 1400 30 29 of
1799 1397 62 41 gold
1874 1395 158 39 amounting

1390 1453 27 29 in
1433 1449 77 30 value
1524 1453 28 24 to
1565 1456 50 19 one
1635 1444 115 31 hundred
1773 1442 52 31 and
1841 1440 59 39 fifty
1917 1437 116 33 millions

1390 1493 118 39 sterling,
1523 1488 148 34 five-sixths
1684 1488 30 29 of
1726 1485 80 32 -finch
1828 1484 47 30 has
1899 1483 67 30 been
1987 1480 47 31 the

1391 1538 114 39 produce
1520 1535 27 29 of
1561 1532 120 32 Victoria
1700 1530 79 31 alone.
1820 1527 57 30 The
1898 1526 96 38 colony
2008 1524 28 30 of

1392 1581 67 30 New
1486 1578 85 30 South
1602 1575 85 29 Wales
1712 1568 28 43 hi
1754 1568 14 43 3
1782 1568 85 43 raised
1893 1570 68 29 from
1989 1568 45 30 the

1392 1622 72 33 earth
1490 1618 146 38 4,617,10:)
1663 1622 59 26 tons
1744 1615 27 30 of
1795 1612 63 37 coal,
1889 1611 95 30 valued
2008 1616 27 23 at

1392 1665 174 38 £2,742.224
1581 1674 5 26 ;
1606 1661 52 31 and
1674 1663 45 28 her
1731 1656 148 35 coal-field*,
1892 1655 77 31 north
1983 1655 52 29 and

1392 1710 78 30 south
1486 1709 29 28 of
1537 1708 46 28 the
1609 1709 60 36 port
1682 1705 31 30 of
1733 1702 111 40 Sydney,
1859 1710 60 30 may
1933 1698 33 30 be
1980 1698 56 30 said

1394 1758 26 26 to
1441 1753 31 30 be
1486 1748 195 33 inexhaustible
1728 1747 52 31 The
1794 1744 40 31 col
1844 1743 65 30 mics
1922 1743 29 29 of
1971 1741 65 30 New

1394 1796 116 33 Zealand
1523 1794 53 31 and
1590 1792 85 33 South
1688 1788 131 35 Australia
1832 1797 45 21 arj
1891 1784 145 41 eminently

1394 1841 107 31 favored
1512 1840 27 29 in
1548 1839 46 30 the
1603 1837 56 30 rich
1670 1837 97 37 variety
1781 1832 30 31 of
1816 1830 70 33 their
1896 1839 138 23 resources.

1395 1885 69 31 New
1477 1880 113 33 Zealand
1604 1880 47 30 has
1665 1879 66 30 risen
1744 1875 92 33 within
1859 1875 45 29 the
1923 1874 52 30 last
1988 1872 49 30 few

1394 1937 76 31 years
1483 1930 28 26 to
1532 1935 32 19 an
1587 1923 143 40 important
1755 1918 115 44 position
1896 1928 28 19 as
1942 1928 16 18 a
1978 1926 44 29 pro-

1395 1971 80 30 ducer
1488 1968 31 31 of
1529 1967 63 41 gold
1605 1965 54 32 and
1674 1963 72 31 wool.
1785 1962 33 30 In
1831 1964 44 26 ten
1889 1969 86 31 years,
1990 1958 46 30 t'te

1395 2014 98 41 colony
1519 2010 29 33 of
1570 2009 86 32 South
1679 2006 132 35 Australia
1836 2004 49 30 has
1911 2001 128 41 exported

1395 2067 96 31 copper
1518 2056 27 28 of
1565 2055 48 29 the
1633 2052 77 32 value
1719 2050 29 32 tof
1760 2047 184 39 £4,751,C38,
1961 2045 78 31 while

1395 2103 46 31 the
1455 2099 116 43 produce
1580 2098 27 30 of
1621 2097 48 31 her
1678 2093 145 34 corn-fields
1832 2092 23 31 is
1863 2089 176 41 unsurpassed

1395 2146 37 39 by
1444 2144 78 30 other
1536 2140 141 32 countries.
1707 2138 53 31 The
1774 2136 93 40 colony
1882 2133 30 30 of
1922 2135 102 36 Queens-

1395 2189 71 33 land,
1481 2186 27 31 in
1524 2184 121 33 addition
1659 2187 29 28 to
1701 2181 44 32 her
1758 2177 115 45 pastoral
1886 2177 54 31 and
1959 2176 66 31 mine-

1397 2232 37 32 ral
1460 2229 107 35 wealth,
1582 2227 57 39 ,has
1666 2223 161 35 established
1846 2223 36 39 by
1896 2219 145 33 successful

1397 2274 169 42 experiment
1580 2272 46 30 her
1639 2269 142 41 capability
1794 2266 30 31 of
1834 2265 121 41 growing
1975 2263 66 30 both

1397 2325 89 26 cotton
1510 2316 54 31 and
1587 2325 87 31 sugar.
1713 2312 57 31 Nor
1782 2320 43 22 are
1839 2309 47 31 the
1907 2316 134 23 resources

1397 2364 28 32 of
1443 2360 140 34 Tasmania
1609 2358 181 41 unimportant
1813 2357 29 28 to
1868 2352 46 31 the
1941 2351 99 31 British

1396 2407 106 29 empire.
1543 2404 58 29 Her
1614 2403 74 33 wool,
1701 2400 84 36 grain,
1797 2398 54 30 and
1863 2397 105 35 timber,
1977 2394 64 30 with

1397 2450 45 30 the
1456 2448 36 31 oil
1506 2447 29 30 of
1549 2445 45 30 her
1608 2445 84 32 whale
1706 2441 127 34 fisheries,
1844 2440 69 30 form
1925 2449 16 20 a
1955 2437 70 32 valua-

1396 2492 41 31 ble
1452 2494 58 36 part
1522 2489 29 29 of
1566 2487 150 32 Australian
1731 2488 116 39 exports.
1877 2482 31 29 Id
1920 2482 47 30 the
1979 2490 63 30 year

1398 2536 77 36 18G5,
1489 2534 45 31 the
1544 2536 107 35 exports
1660 2532 28 30 of
1701 2530 45 30 the
1757 2525 147 35 associated
1914 2525 126 39 colonies,

1397 2580 25 29 in
1450 2578 50 29 five
1527 2574 109 31 articles
1655 2575 28 29 of
1707 2570 168 41 production,
1889 2567 87 31 which
1995 2579 46 19 are

1396 2621 113 31 selected
1524 2619 41 31 for
1579 2617 67 32 their
1659 2614 174 39 conspicuous
1856 2612 79 30 value
1954 2615 29 27 to
1996 2610 46 32 the

1396 2665 91 37 world,
1511 2661 145 33 amounted
1670 2666 28 26 to
1711 2669 72 20 more
1797 2658 64 29 than
1876 2659 165 37 twenty-one

1766 2701 97 30 results
1889 2708 45 21 are
1961 2699 80 40 given

1397 2747 65 29 from
1478 2745 44 31 the
1547 2744 79 29 Ltwl
1937 2747 106 20 '««*"«*

1395 2788 101 30 -w.m»l
1506 2779 435 44 A3W0MME6.120,317
1954 2800 8 19 >
1976 2779 65 30 New

1395 2833 83 28 Sou.h
1521 2816 206 61 Wales-wfkjT
1752 2824 184 35 £1,024,111,
1976 2823 64 38 gold

1397 2875 178 37 £-},Go7.GGS.
1591 2869 215 48 coatsa74.3(>3
1821 2880 5 26 ;
1847 2868 66 31 New
1924 2865 117 33 Zealand

1395 2902 359 53 wool-£l,lll,T(#;<rold
1773 2912 163 36 2.22CJ-74;
1955 2910 85 30 South

1393 2946 356 47 Australia—wooUf&964
1762 2956 61 34 397,
1861 2965 98 30 coppe-
1986 2964 49 22 ore,

1393 3007 153 37 £G18,472,
1562 2993 172 54 graii&ffnll
1757 3000 78 31 kinds
1849 2997 191 37 £1.228,480;

1393 3033 606 63 QueenslaiKl--NV0^485.299,g)1d^101.3.
2000 3033 3 63 f
2003 3041 35 36 )9;

1949 3087 27 29 of
2005 3085 33 31 all

1974 3131 4 31 :
1982 3131 5 11 >
1983 3145 5 12 .
2004 3131 11 31 i
2015 3131 24 31 5;

1394 3165 359 54 *dd,£ll.lGs.»feral,
1771 3175 152 35 6274,31)3:
1944 3183 96 30 copper

1391 3235 54 28 ore,
1490 3222 193 40 £Glß,l7iif
1692 3222 73 42 gra'u
1806 3219 28 30 of
1874 3218 34 30 all
1949 3217 89 36 !:t,ds,

1397 3270 99 41 £1,335
1511 3270 61 29 7**.
1619 3259 79 66 g£

1727 3322 90 31 Times
1828 3319 15 12 "'
1867 3329 59 29 says
1939 3330 5 18 :
1960 3318 78 30 -We

1394 3371 63 29 have
1478 3353 342 64 Reeira'nijAtivc<ting
1831 3362 79 31 series
1924 3363 26 28 of
1970 3372 51 18 sam-

1395 3414 55 39 ples
1477 3413 30 30 of
1746 3409 72 32 Flax,
1846 3406 27 29 sli
1995 3405 43 29 tli■■

1393 3458 63 31 tibre
1485 3458 25 28 in
1536 3440 131 64 differlj
1684 3458 86 34 stage*
1795 3451 31 28 of
1849 3460 109 31 pvepare
1970 3449 67 28 Iness

1391 3501 42 30 for
1458 3510 82 31 paper
1564 3484 128 61 uiajß;
1710 3496 54 31 aid
1790 3494 55 30 also
1870 3492 114 41 samples
2010 3491 28 30 of

1393 3554 80 32 papir
1494 3544 76 30 made
1595 3527 124 50 fjHthe
1734 3540 73 29 fibre.
1846 3536 84 30 These
1950 3535 86 40 proofs

1391 3588 30 30 of
1433 3586 71 32 what
1519 3596 60 30 may
1595 3571 107 46 rlWwe
1716 3581 65 31 with
1804 3580 53 31 this
1880 3578 77 41 plant
1972 3578 65 30 have

1391 3632 67 31 been
1479 3630 121 31 reee'ved
1613 3629 37 37 by*
1663 3626 43 32 Mr
1724 3626 45 29 E.l.
1788 3623 165 33 M'Glashin,
1968 3622 66 35 who,

1391 3673 80 31 about
1485 3684 15 22 a
1512 3682 64 32 year
1589 3663 65 39 a*oJ
1669 3673 61 26 sent
1754 3672 28 26 to
1804 3667 102 30 Britain
1922 3675 16 19 a
1952 3665 83 40 parcel

1390 3719 27 30 of
1430 3718 61 33 fiiix,
1511 3728 28 20 :is
1562 3720 53 28 cut.
1621 3701 60 45 Jit
1695 3713 22 30 is
1731 3709 154 43 impossible
1910 3708 24 31 in
1950 3708 87 32 words

1390 3767 27 24 to
1443 3771 100 28 convey
1556 3760 117 30 accurate
1695 3754 170 33 information
1887 3763 28 19 ns
1937 3758 28 23 to
1990 3752 46 30 the

1390 3813 165 23 appearance
1576 3787 95 49 ofcjie
1698 3799 73 31 fibre,
1798 3797 68 30 after
1891 3795 81 40 being
1997 3795 38 30 for

1395 3840 119 39 l'ifferert
1555 3835 105 52 periSfe'
1694 3844 25 29 in
1764 3841 47 31 the
1845 3850 79 29 paper
1928 3839 108 31 maker's

1395 3892 119 34 breaker,
1545 3901 30 19 or
1605 3878 67 42 art-r
1705 3887 81 35 beiuj
1812 3894 65 20 once
1903 3893 29 19 or
1957 3882 79 32 twice

1395 3935 128 32 bleached.
1546 3935 24 28 V*
1571 3934 7 10 r
1579 3944 14 21 e
1603 3931 81 32 doubt
1695 3935 47 26 not
1753 3930 58 29 that
1822 3928 41 28 Mr
1875 3926 160 30 MGlaslian

1395 3979 49 31 will
1465 3979 93 40 gladly
1571 3975 91 34 enable
1677 3974 76 32 those
1768 3972 58 31 who
1841 3970 53 33 feel
1915 3981 34 20 an
1968 3970 55 31 into-

1395 4025 46 27 rest
1455 4021 86 31 which
1566 4021 102 37 may'be
1682 4015 154 32 stimulated
1859 4014 56 30 into
1938 4014 83 38 practi-

1395 4065 104 32 calness,
1524 4069 28 26 to
1584 4061 119 33 examine
1731 4061 40 29 tor
1797 4057 161 32 themselves
1989 4057 47 30 the

1395 4109 117 32 liferent
1525 4107 110 41 sample*
1651 4106 31 30 of
1693 4104 47 31 the
1754 4103 149 38 flax-;>aper.
1945 4100 26 29 It
1985 4111 49 19 can

1395 4163 27 21 30
1448 4153 57 31 said
1532 4152 66 36 that,
1613 4148 76 51 yhile
1710 4148 89 31 rather
1813 4144 93 41 highly
1921 4144 112 38 colored,

1399 4201 10 24 t
1435 4196 48 30 has
1513 4206 16 19 a
1561 4192 156 40 singularity
1744 4191 30 30 of
1802 4193 109 26 texture
1943 4188 54 30 and
2020 4199 14 19 a

1395 4238 124 40 strength,
1540 4236 85 50 whiej
1644 4239 112 36 suggest
1771 4231 57 33 that
1843 4229 30 32 of
1894 4230 16 29 fl
1929 4240 16 19 x
1961 4231 73 30 there

1395 4283 79 40 night
1499 4283 33 32 be
1553 4279 74 41 ujft<#
1653 4290 61 28 very
1735 4276 131 34 excellent
1892 4284 81 32 paper
1993 4275 42 31 for

1395 4327 142 30 janknotes
1556 4323 57 35 /Hid
1644 4323 77 30 other
1751 4318 97 42 special
1883 4327 129 31 purposes
2029 4328 5 25 ;

1394 4372 71 29 vhiic
1481 4370 44 32 the
1540 4368 78 34 ifecfc'
1632 4370 94 28 assent
1743 4365 66 30 from
1828 4360 100 33 Britain
1946 4361 86 30 would

1394 4414 130 38 issuredly
1653 4420 33 20 an
1710 4407 90 31 article
1825 4406 29 29 of
1879 4414 151 24 commerce,

1394 4457 138 39 supposing
1546 4455 113 32 thatthe
1673 4456 56 26 cost
1740 4452 30 29 of
1783 4448 155 41 production
1953 4447 22 29 is
1987 4452 45 25 not

1394 4501 132 29 jxcessive.
1555 4495 210 35 MrM'Giashan
1780 4494 47 29 has
1841 4489 109 32 himself
1959 4489 73 32 dealt

1394 4544 57 31 vith
1465 4555 15 19 a
1494 4543 58 31 slab
1565 4542 32 31 of
1603 4536 166 48 j-ompressed
1783 4535 74 42 pulp,
1869 4544 29 21 as
1913 4534 100 30 receive
2022 4533 8 30 J-

1398 4598 55 19 rom
1468 4587 47 30 the
1536 4571 79 54 papif
1626 4584 100 29 maker,
1742 4579 53 31 and
1809 4579 47 29 has
1869 4577 91 29 shown
1975 4578 57 29 that

1393 4630 38 31 ;he
1457 4629 119 40 coloring
1599 4629 97 29 matter
1721 4633 51 21 can
1793 4622 32 29 be
1851 4625 45 34 got
1920 4619 44 33 off,
1986 4619 46 31 the

1393 4674 57 40 )ulp
1464 4673 84 40 being
1562 4671 46 32 left
1621 4680 28 21 as
1663 4668 79 31 white
1755 4677 28 19 as
1794 4664 59 30 that
1865 4664 28 28 of
1905 4663 127 39 ordinary

1393 4722 84 26 ;otton
1491 4726 77 30 rags;
1587 4717 47 29 hut
1658 4713 60 30 here
1740 4708 87 41 again,
1848 4706 45 31 the
1907 4706 123 40 question

1392 4761 21 30 )f
1435 4760 47 31 the
1503 4762 56 28 cost
1580 4746 29 43 &
1627 4757 46 31 the
1695 4761 140 29 necessary
1860 4750 75 31 labor
1954 4749 22 29 is
1997 4761 32 18 an

1392 4804 108 31 essentia
1505 4804 6 30 I
1538 4812 57 21 one.
1637 4799 58 31 The
1726 4807 60 21 sum
1813 4804 46 30 per
1884 4792 92 41 pound
2001 4797 30 27 at

1391 4847 81 33 which
1489 4847 45 31 Mr
1550 4844 151 32 M'Glashan
1722 4839 138 32 estimates
1873 4837 48 31 the
1935 4840 56 26 cost
2004 4837 30 31 of

1390 4891 36 31 lis
1439 4881 282 44 extcuderTcfcausmg
1735 4894 30 19 or
1778 4880 147 39 bleaching,
1945 4889 85 21 seems

1389 4943 58 26 irery
1461 4932 52 29 low
1525 4943 7 27 j
1551 4932 48 28 bnt
1620 4938 70 20 more
1713 4928 102 29 cannot
1838 4924 34 29 be
1886 4921 56 30 said
1957 4932 72 28 upon

1388 4976 40 32 :he
1442 4975 82 41 poiut.
1547 4973 47 32 Mr
1602 4967 181 36 M'Glashan's
1793 4964 115 41 samples
1922 4964 107 31 include

1388 5030 68 19 some
1472 5018 62 31 fibre
1550 5016 122 30 bleached
1687 5014 48 30 but
1750 5012 48 30 not
1817 5009 109 38 subject
1940 5012 28 26 to
1982 5007 47 31 the

1387 5062 83 30 action
1484 5060 41 40 [of
1548 5059 44 32 the
1617 5054 130 39 breaker;
1765 5052 55 32 and
1845 5051 53 30 this
1920 5050 22 30 is
1966 5050 49 30 esti-

1386 5106 88 29 mated
1489 5106 35 38 by
1538 5115 14 18 a
1566 5103 113 30 Dundee
1693 5098 197 31 manufacturer
1907 5104 28 20 as
1950 5093 79 40 beiug

1385 5148 83 31 worth
1481 5147 60 32 £2O
1555 5157 15 19 a
1583 5150 52 26 ton.
1677 5141 92 31 Taken
1792 5149 29 20 as
1843 5148 15 19 a
1881 5136 93 38 whole,
1992 5146 37 20 we

1385 5192 64 29 have
1470 5196 45 25 not
1540 5198 59 21 seen
1625 5198 52 29 any
1698 5183 113 40 samples
1836 5181 29 30 of
1896 5180 127 40 prepared

1384 5235 63 29 New
1460 5233 115 32 Zealand
1589 5221 151 40 Flax'more
1755 5225 155 41 suggestive
1933 5222 30 30 of
1982 5223 45 29 the

1383 5279 148 38 possibility
1558 5276 39 29 oL
1616 5272 178 37 establishing
1823 5278 33 20 an
1880 5267 147 41 important

1697 5315 56 33 and
1778 5313 45 30 the
1851 5310 125 42 question
2000 5310 27 29 of

1383 5364 68 31 what
1470 5374 49 19 can
1541 5363 33 29 be
1588 5352 73 39 &one
1676 5359 26 29 in
1717 5357 45 29 the
1776 5359 96 26 matter
1887 5354 20 29 is
1920 5352 105 41 worthy

1380 5408 28 30 of
1433 5409 46 30 the
1505 5388 107 62 deejp
1631 5412 48 23 cot'
1745 5398 85 33 ration
1843 5395 69 34 a'iks
1933 5395 28 32 of
1981 5395 44 31 the

1381 5450 184 34 Government
1581 5446 51 33 and
1646 5448 42 26 »i'<
1707 5442 3 42 <
1717 5474 5 10 4
1745 5442 94 35 tdista.

2039 117 391 33 RESIDENT
2479 118 49 32 MAGISTRATE'S
2550 117 135 33 COURT.

2222 207 92 32 Friday,
2325 207 56 31 May
2402 208 33 29 10,
2449 207 63 23 1867.

2098 259 108 36 (Before
2221 258 109 35 Charles
2344 260 96 34 Broad,
2458 259 74 38 Esq.,
2548 253 83 41 R.M.)

2080 316 93 30 Wilful
2202 318 52 30 and
2280 319 114 39 Corrupt
2422 317 116 39 Perjury.
2542 315 147 29 —Francis

2044 360 109 33 Carroll,
2185 359 113 42 charged
2333 372 34 19 on
2400 359 108 31 remand
2542 358 64 30 with
2637 357 28 30 th
2679 369 12 17 s

2044 403 108 34 iffer.ce,
2167 414 52 19 was
2235 405 102 29 further
2356 402 142 33 remanded
2514 406 26 25 to
2555 400 45 31 the
2618 401 71 34 17th,

2046 447 39 30 hi-;
2114 446 121 43 Worship
2262 449 78 37 being
2366 459 15 18 a
2403 447 103 30 wit:ie><
2528 445 27 31 in
2570 445 44 30 the
2635 455 56 20 ea>e

2045 490 51 30 and
2110 492 191 39 consequently
2327 492 177 37 incompetent
2531 496 7 21 t
2550 499 5 15 >
2582 488 61 29 lie.tr
2663 489 27 28 it.

2049 534 38 29 Mr
2103 532 67 31 lie;-;
2185 534 130 38 a;>|);*;ired
2331 534 39 29 for
2383 534 45 28 the
2450 530 117 35 accused,
2583 530 51 30 and
2655 541 24 19 re-

2056 581 80 35 pioste
2148 578 7 27 t
2171 577 43 30 the
2229 583 74 24 court
2317 581 28 26 to
2359 588 26 18 re
2395 578 58 28 I,tee
2469 576 44 29 the
2528 575 109 28 sureties
2653 574 41 30 for

2049 621 42 29 •he
2116 621 142 37 prisoner's
2284 629 162 32 appearance
2470 624 27 23 to
2521 618 68 34 £25,
2608 617 85 30 which

2050 663 38 30 his
2101 662 124 40 Wor>hip
2241 664 61 29 inim
2315 663 105 31 ;diatelv
2432 659 123 32 assented
2567 664 34 25 to.

2086 705 242 41 Larceny.—Julia
2343 705 141 39 Kennedy,
2507 714 53 19 was
2582 702 111 40 charged

2053 749 58 29 .vith
2125 748 98 38 having
2235 759 34 18 on
2292 750 46 29 the
2362 749 48 29 Bth
2434 748 60 29 inst.
2520 746 108 30 entered
2650 745 44 31 the

2049 792 126 39 premises
2186 791 28 30 of
2228 790 115 31 Thomas
2366 788 118 37 Corbett,
2503 788 102 40 draper,
2632 787 61 30 Coal

2049 840 87 25 street,
2152 836 52 29 and
2219 834 113 39 stealing
2345 834 68 29 from
2427 833 46 29 the
2493 842 70 19 sime
2578 837 52 24 two
2643 831 50 32 silk

2049 878 87 36 scarfs,
2152 879 31 30 of
2194 879 43 31 the
2253 877 119 31 valu-of
2394 877 51 29 12s.
2497 875 55 30 The
2579 875 117 40 prisoner

2050 922 110 38 pleaded
2175 929 45 23 not
2237 921 97 40 guilty.
2387 919 48 31 Mr
2452 920 73 30 Kees,
2541 920 40 28 for
2595 920 45 29 the
2655 920 28 30 de-

2051 964 82 35 fence.
2174 967 107 37 George
2295 965 144 39 Fergu>on,
2461 964 127 38 shopman
2611 966 29 27 to
2656 963 40 32 Mr

2051 1011 116 30 Corbett,
2191 1019 96 20 sworn,
2309 1009 86 28 stated
2416 1009 45 28 the
2482 1007 119 39 prisoner
2623 1018 73 19 came

2052 1054 56 30 into
2122 1053 45 30 the
2181 1056 70 25 store
2267 1061 33 18 on
2319 1050 169 36 Wednesday
2503 1048 120 39 evening,
2645 1051 51 29 and

2053 1096 144 41 purchased
2212 1105 15 19 a
2240 1098 53 27 net,
2308 1092 86 30 wh'cli
2408 1093 46 30 she
2469 1090 46 31 did
2529 1096 46 24 not
2590 1101 51 30 pay
2649 1093 48 34 for,

2055 1142 32 31 he
2108 1138 94 32 turned
2217 1137 40 30 his
2273 1135 64 31 back
2352 1136 41 30 for
2407 1147 14 19 a
2435 1136 50 30 few
2503 1136 120 35 second-;,
2644 1137 50 29 and

2054 1183 108 38 looking
2183 1180 84 31 round
2300 1188 52 20 saw
2385 1180 43 29 the
2461 1178 79 31 scar.'s
2566 1179 130 37 produced

2054 1227 86 30 under
2152 1221 139 44 prisoner's
2306 1222 82 32 cloak.
2428 1222 53 29 She
2495 1221 123 39 inquired
2634 1223 38 30 for
2685 1235 15 18 a

2056 1272 57 40 pair
2131 1270 31 29 of
2173 1269 85 37 boats,
2285 1268 52 30 and
2360 1279 14 18 a
2401 1267 127 31 crinoline
2550 1277 34 18 on
2608 1268 89 30 credit,

2056 1314 85 29 which
2157 1312 104 28 witness
2277 1311 104 30 refused
2397 1311 53 29 her.
2502 1310 56 31 The
2584 1310 118 38 prisoner

2056 1357 48 30 left
2119 1357 43 29 the
2173 1354 76 40 shop,
2265 1352 77 30 when
2359 1354 104 28 witness
2477 1353 83 30 called
2575 1353 46 30 her
2635 1352 66 33 back

2056 1400 54 31 and
2124 1397 151 33 demanded
2289 1395 45 30 the
2345 1394 90 32 scarfs,
2453 1395 84 30 which
2550 1397 45 29 she
2606 1400 27 25 at
2644 1397 57 30 first

2058 1442 94 32 denied
2184 1440 105 38 having,
2317 1439 48 28 but
2391 1438 150 39 ultimately
2567 1447 65 30 gave
2658 1450 43 26 up.

2204 1483 64 31 then
2296 1482 83 29 called
2400 1483 25 29 iti
2453 1493 15 19 a
2494 1481 136 30 constable
2652 1482 52 30 and

2059 1541 63 27 gave
2131 1529 45 30 the
2192 1526 118 41 prisoner
2324 1525 27 30 it
2366 1526 116 40 custody.
2512 1526 38 40 11/
2568 1526 41 28 Mr
2620 1525 86 31 Uec>:

2063 1574 40 30 He
2117 1569 155 33 considered
2287 1569 44 29 the
2347 1569 120 33 prisoner
2481 1580 52 17 was
2554 1569 46 28 the
2625 1579 72 19 worsv
2700 1581 5 8 1

2059 1616 42 30 for
2114 1615 88 39 liquor
2251 1610 104 31 Several
2373 1614 139 27 witnesses
2533 1620 67 19 were
2615 1610 89 37 called,

2061 1659 58 30 who
2145 1667 65 31 gave
2237 1654 45 31 the
2307 1654 89 39 prison
2414 1665 11 19 r
2451 1666 14 18 a
2480 1652 67 41 good
2562 1654 143 31 character.

2062 1703 50 31 His
2127 1699 122 39 worship,
2265 1697 59 31 who
2338 1698 61 30 took
2411 1709 15 19 a
2435 1697 101 31 lenient
2547 1697 66 30 view
2621 1697 30 29 of
2661 1698 46 30 the

2061 1757 68 22 case,
2153 1742 121 33 inflicted
2300 1741 45 30 the
2360 1741 68 40 light
2449 1745 122 25 S2titence
2594 1740 27 29 of
2634 1741 73 30 three

2061 1790 73 36 days'
2150 1787 211 39 imprisonment.

2105 1835 117 36 Larceny
2236 1848 8 3 -
2263 1829 80 31 -John
2360 1829 152 31 Alexander
2526 1828 113 40 Murray
2656 1840 52 19 was

2061 1876 113 40 charged
2200 1872 66 32 with
2279 1873 116 38 steiling
2418 1882 15 19 a
2453 1872 125 39 quantity
2593 1875 27 27 of
2645 1872 63 39 gold

2063 1922 68 29 from
2145 1928 49 21 one
2212 1916 74 31 Alfre
2298 1916 5 28 1
2319 1916 81 37 Jolly,
2416 1927 15 18 a
2449 1916 90 35 miner,
2555 1926 35 18 on
2602 1916 45 29 the
2661 1915 46 29 9th

2063 1963 62 32 inst.
2182 1960 55 30 The
2263 1958 120 39 prisoner
2409 1958 110 40 pleaded
2545 1961 48 27 not
2614 1957 95 40 guilty.

2065 2008 137 30 Detcct'vc
2218 2002 127 31 Lambert
2357 2002 104 39 applied
2479 2003 40 30 for
2533 2011 14 22 a
2562 2002 109 30 remand
2684 2005 27 24 to

2063 2051 90 31 obtain
2169 2047 99 33 certain
2281 2047 134 29 witnesses
2428 2057 32 19 a'i
2473 2047 7 30 1
2496 2046 70 30 wash
2581 2047 45 29 the
2638 2045 69 40 gold.

2064 2095 56 32 The
2130 2093 117 41 prisoner
2258 2100 52 20 was
2320 2090 144 31 remanded
2475 2090 42 32 till
2528 2088 97 42 Friday
2637 2093 73 31 next,

2064 2139 46 30 the
2126 2136 64 31 17th
2208 2136 62 29 inst.

2101 2178 122 35 Assault.
2228 2176 136 31 —Emilia
2395 2176 121 32 Mounce
2548 2188 23 21 v.
2609 2176 102 43 Joseph

2065 2226 119 32 Barnett,
2200 2222 65 30 alias
2279 2220 117 30 Bernard
2411 2220 182 32 Mouchakati.
2633 2221 79 31 From

2068 2271 45 29 the
2127 2267 125 32 evidence
2264 2264 30 32 of
2301 2264 47 30 the
2357 2264 193 39 complainant,
2559 2265 60 31 who
2632 2264 79 41 keeps

2065 2313 47 33 the
2125 2308 126 35 Emerald
2275 2308 52 31 Isle
2341 2307 97 32 Hotel,
2461 2308 23 30 it
2501 2308 132 41 appeared
2652 2310 60 31 that

2065 2358 45 32 the
2124 2353 148 36 defendant
2286 2361 72 22 came
2371 2356 28 27 to
2413 2352 44 30 the
2471 2351 72 31 front
2553 2353 65 29 door
2628 2354 30 29 of
2666 2354 47 30 her

2066 2402 91 41 public
2165 2401 84 29 house
2255 2396 83 31 about
2343 2396 125 37 half-past
2479 2396 73 40 eight
2562 2407 33 19 on
2603 2396 110 40 Sunday

2066 2444 76 41 night
2152 2443 58 36 last,
2223 2439 52 32 and
2284 2439 149 32 demanded
2443 2440 169 35 admittance,
2627 2440 87 32 which

2065 2489 48 31 she
2126 2483 104 34 refused
2244 2483 55 29 him
2315 2494 6 26 ;
2339 2483 35 30 he
2387 2483 65 30 then
2463 2483 95 37 gained
2571 2483 142 31 admission

2065 2535 29 31 at
2107 2531 45 31 the
2163 2527 76 38 back,
2254 2526 54 32 and
2322 2537 33 19 on
2371 2527 49 31 her
2442 2527 118 40 refusing
2581 2525 56 32 him
2657 2527 42 31 fur-

2065 2575 64 30 ther
2153 2581 88 22 access
2265 2570 34 29 he
2324 2569 125 32 knocked
2483 2571 48 29 her
2553 2572 79 28 down
2660 2572 54 29 and

2065 2617 100 33 kicked
2187 2616 48 31 her
2259 2612 82 33 about
2366 2613 46 32 the
2437 2612 62 32 ribs.
2558 2614 23 30 A
2606 2612 109 33 witness

2065 2662 97 31 named
2174 2661 59 29 Mrs
2256 2657 80 32 Flinn
2357 2657 90 32 stated
2471 2657 62 30 that
2555 2657 46 31 the
2624 2657 75 32 defen-

2065 2705 66 31 dant
2143 2713 73 22 came
2229 2704 27 26 to
2270 2701 45 31 the
2330 2701 68 30 back
2412 2701 65 30 door
2491 2700 29 30 of
2532 2701 47 30 the
2588 2701 127 30 Emerald

2057 2746 210 29 -JnWflot«l-on
2282 2743 242 38 Sunday-evening.
2564 2741 92 31 Asked
2674 2744 29 30 fo

2070 2798 15 20 a
2098 2786 91 35 drink,
2202 2783 85 33 which
2301 2785 109 31 witness
2422 2786 91 29 served
2534 2784 65 35 him,
2623 2789 28 25 at
2669 2786 46 29 the

2065 2842 72 19 same
2163 2831 66 29 time
2255 2827 144 42 enquiring
2423 2827 42 32 for
2491 2838 16 19 a
2532 2827 52 39 girl
2616 2828 98 31 named

2066 2875 95 35 Lizzie,
2222 2873 51 32 and
2334 2870 164 33 endeavored
2557 2874 28 30 to
2642 2872 73 31 force

2064 2919 43 29 his
2122 2927 57 29 way
2192 2917 57 29 into
2263 2917 44 29 the
2321 2916 133 34 bedroom,
2473 2914 46 29 the
2533 2913 181 39 complainant

2052 2957 2 45 I
2066 2960 149 33 interfered,
2230 2960 75 31 when
2327 2958 33 32 he
2373 2958 121 32 knocked
2508 2957 46 32 her
2570 2959 77 31 down
2661 2957 52 33 and

2065 3007 27 30 ki
2096 3005 46 30 jke
2152 3004 8 31 1
2181 3004 54 31 her.
2275 3004 55 30 The
2345 3002 148 31 defendant
2508 3004 85 29 stated
2608 3002 59 32 that
2681 3002 34 31 he

2065 3059 52 22 was
2144 3048 110 40 parsing
2279 3047 45 32 the
2356 3047 83 31 honse
2467 3045 78 33 when
2574 3046 46 32 the
2648 3057 50 20 com-

2065 3094 120 37 plainant
2207 3092 83 32 called
2305 3092 53 32 him
2386 3091 37 33 in,
2452 3090 34 32 hj;»
2514 3091 113 33 shouted
2654 3092 61 30 four

2051 3135 3 39 |
2065 3137 102 35 drinks,
2194 3136 52 31 and
2269 3148 52 19 was
2346 3135 82 39 going
2453 3145 81 28 away,
2569 3136 74 29 when
2669 3136 45 29 the

2063 3180 180 37 comphvmnt
2256 3190 12 21 r
2275 3192 9 11 j
2287 3178 123 41 p*»at-3lly
2433 3178 179 40 siappelhim
2632 3179 82 30 about

2051 3226 137 30 ithefae\
2212 3223 95 35 asking
2329 3221 54 31 him
2411 3226 29 27 to
2454 3221 80 31 shout
2559 3224 85 36 again,
2660 3223 52 29 and

2051 3263 3 44 |
2065 3269 57 32 told
2148 3266 55 33 him
2218 3274 48 24 not
2281 3276 25 22 to
2322 3266 31 32 b:
2379 3277 57 19 mea
2447 3277 16 20 i.
2504 3265 67 31 Fine
2583 3266 5 31 1
2600 3266 49 30 20s
2663 3267 50 29 and

2051 3296 3 43 !
2064 3323 29 16 CO
2098 3315 44 24 4s.

2104 3352 325 35 Assault.—Mouchakati
2461 3364 25 20 v.
2524 3352 71 32 Reid.
2659 3352 36 30 Ad-

2064 3399 112 38 journed
2192 3404 26 25 to
2243 3397 46 31 the
2321 3398 60 31 17th
2409 3397 64 38 inst,
2506 3395 45 32 tho
2578 3407 135 20 summons

2064 3446 46 26 not
2125 3443 99 36 having
2240 3440 62 31 bem
2319 3441 101 31 served.

2103 3486 129 31 Assault.-
2246 3485 94 30 -Gilles
2350 3484 34 31 u'e
2411 3495 21 20 v.
2469 3484 27 29 TI
2507 3484 87 30 ivdon.
2654 3483 58 30 The

2063 3529 183 38 complainant
2257 3529 26 30 in
2300 3529 53 30 this
2368 3539 59 19 case
2441 3529 87 29 stated
2543 3527 45 30 the
2602 3525 96 33 circum-

2062 3576 103 28 stance*
2179 3573 28 29 of
2221 3573 43 30 the
2279 3582 65 22 ea<e,
2361 3571 84 29 which
2458 3581 51 20 was
2520 3577 48 23 not
2582 3580 15 19 a
2611 3569 102 31 serious

2062 3627 29 19 or
2105 3620 140 36 aggravate
2255 3616 8 30 1
2278 3626 57 20 one.
2351 3615 51 29 and
2423 3613 139 40 requested
2587 3613 44 30 the
2654 3623 43 28 per-

2063 3661 106 28 mission
2197 3660 29 27 of
2249 3660 44 28 the
2324 3659 86 30 Co'M
2444 3662 26 24 to
2503 3656 137 31 withdraw
2663 3655 44 30 the

2061 3703 105 32 charge,
2188 3703 85 31 whi.-h
2289 3713 52 20 was
2364 3700 118 31 allowed.
2531 3698 177 33 Information

2061 3746 148 30 dismissed.

2291 3797 80 20 CIVIL
2393 3796 87 21 CASKS

2098 3832 108 31 O'Neill
2233 3831 51 30 and
2312 3830 119 32 Gothard
2458 3841 23 18 v.
2510 3828 117 43 Ilaydon
2660 3828 51 31 and

2066 3875 253 32 Bracken.-Settled
2335 3879 48 25 out
2397 3874 31 29 <>f
2441 3874 90 30 Court.

2098 3919 78 31 Same
2201 3929 22 19 v.
2251 3916 233 34 Varlev.—Claim
2512 3916 42 30 for
2574 3916 63 30 £2)
2662 3915 47 30 18s

2064 3962 59 34 10d,
2139 3974 25 19 re
2176 3961 75 34 Inced
2265 3965 28 28 to
2307 3961 61 30 £2O
2383 3965 26 26 to
2422 3960 77 40 bring
2512 3960 21 30 it
2556 3958 94 33 within
2665 3958 46 31 the

2056 4007 170 37 jurisdiction
2260 4004 30 31 of
2301 4007 45 28 the
2357 4007 82 27 court.
2481 4003 56 31 The
2552 4003 157 40 particulars

2060 4049 30 30 of
2101 4049 113 30 demand
2236 4047 27 31 in
2279 4047 52 31 this
2415 4057 68 19 wore
2496 4046 41 30 six
2557 4045 30 30 sh
2597 4056 49 28 »e;),
2661 4045 28 29 de-

2060 4093 98 30 livered
2175 4097 26 26 to
2213 4092 44 30 the
2272 4091 146 30 defendant
2431 4090 36 39 by
2481 4101 15 18 a
2517 4089 42 31 Mr
2571 4089 66 33 Fox,
2651 4088 52 30 and

2059 4134 194 43 subsequently
2266 4135 58 30 sold
2336 4139 28 25 to
2378 4134 45 30 the
2438 4132 135 41 plaintiffs,
2587 4131 52 32 and
2658 4132 50 30 188

2060 4180 47 29 lbs.
2120 4181 30 28 of
2161 4180 65 35 beef,
2239 4177 123 42 supplied
2389 4177 34 39 by
2437 4177 46 30 the
2512 4176 86 30 latter.
2651 4175 57 30 The

2058 4222 155 37 defendant,
2242 4221 59 29 who
2346 4219 110 42 pleaded
2488 4224 47 24 not
2569 4217 138 36 indebted,

2060 4265 82 41 urged
2157 4266 61 31 that
2232 4264 47 32 the
2293 4273 96 30 money
2416 4263 42 30 for
2483 4262 45 30 the
2550 4261 80 40 sheep
2656 4271 53 20 was

2059 4311 62 37 only
2135 4311 52 28 due
2201 4315 28 24 to
2256 4309 66 32 Fox,
2343 4307 65 29 who.
2436 4306 31 30 he
2493 4307 139 34 admitted,
2657 4305 50 29 had

2058 4363 80 21 never
2152 4353 78 31 made
2256 4361 53 29 any
2329 4349 114 32 demand
2463 4349 41 30 for
2528 4349 47 31 the
2602 4358 101 28 money.

2060 4396 134 31 Kvidence
2207 4405 50 19 was
2278 4393 133 40 produced
2435 4396 28 27 to
2484 4403 78 27 prove
2587 4392 43 29 the
2654 4391 52 30 bad

2058 4438 51 32 and
2125 4435 153 35 unsaleable
2292 4435 137 31 condition
2444 4435 29 29 of
2486 4435 44 29 the
2542 4435 61 29 beef
2632 4434 77 29 After

2057 4492 15 19 a
2086 4482 132 40 thorough
2232 4480 113 39 hearing
2357 4478 29 30 of
2406 4478 45 29 the
2479 4488 59 20 case
2559 4477 148 40 judgment

2058 4527 71 28 went
2155 4525 42 30 for
2219 4523 47 31 the
2296 4521 129 42 plaintiffs
2458 4520 26 32 in
2519 4521 46 31 the
2597 4526 108 24 amount

2057 4568 120 34 claimed,
2189 4567 122 40 together
2326 4565 63 32 with
2402 4569 77 26 costs.

2095 4611 77 31 Allen
2197 4612 73 28 Bros.
2293 4620 22 19 v.
2338 4606 141 34 Orbell.—
2480 4606 43 31 No
2536 4616 171 30 appearance.

2058 4656 66 29 Case
2138 4652 151 33 dismissed.

2094 4698 72 31 Kent
2193 4708 23 21 v.
2245 4694 142 33 Linahan.-
2401 4692 97 32 -Claim
2524 4692 40 30 for
2589 4692 37 30 .£1
2652 4692 48 37 55.,

2056 4741 81 38 being
2162 4744 70 27 costs
2257 4737 122 32 awarded
2403 4736 46 31 the
2475 4735 119 39 plaintiff
2613 4736 27 29 in
2660 4736 45 29 the

2058 4784 135 32 Warden's
2220 4786 80 28 court.
2340 4781 55 30 The
2423 4778 119 41 plaintiff
2564 4789 53 20 was
2644 4788 48 20 non-

2055 4828 96 33 suited,
2193 4828 53 31 ?md
2286 4824 108 32 advised
2427 4827 27 26 to
2487 4823 81 40 apply
2600 4826 27 28 to
2659 4821 45 31 the

2059 4871 125 30 Warden.

2091 4913 94 30 Cullen
2218 4923 24 18 v.
2272 4910 169 31 Robinson.--
2455 4908 45 30 No
2532 4917 171 30 appearance.

2060 4956 63 30 Case
2136 4953 148 33 dismissed.

2090 5000 102 31 Turner
2233 5008 23 20 v.
2291 4993 205 33 Bourker.—No
2528 5002 170 30 appearance.

2055 5042 66 30 Case
2135 5041 146 30 dismissed.

2091 5084 116 33 Driscoll
2220 5094 23 20 v.
2258 5078 227 35 Kofahl.-Claim
2496 5076 90 33 for£3
2600 5077 47 33 10s
2658 5078 41 31 4d.

2053 5130 149 40 Judgment
2217 5128 41 28 for
2272 5123 117 40 plaintiff
2399 5123 34 34 by
2446 5122 109 29 default.

2092 5172 86 39 Daley
2198 5180 24 20 v.
2238 5165 240 33 Walker.—Claim
2505 5164 41 31 for
2569 5164 68 37 £2O,
2663 5164 41 30 for

2053 5215 93 31 breach
2170 5213 30 31 of
2219 5215 117 28 contract
2349 5209 53 31 and
2419 5209 112 39 damage
2547 5208 35 40 by
2597 5208 105 40 cutting

2052 5269 73 28 away
2141 5257 105 41 portion
2260 5255 31 30 of
2306 5251 228 41 dwelling-house.
2575 5251 43 30 Mr
2632 5251 70 31 Bees

2052 5302 40 30 for
2103 5303 44 30 the
2162 5298 122 44 pbiintiff,
2299 5301 41 27 set
2355 5295 71 31 forth
2445 5295 45 30 the
2504 5293 157 41 particulars
2676 5294 29 30 of

2051 5346 120 34 damage,
2186 5342 87 31 which
2296 5338 131 33 consisted
2451 5339 27 29 in
2499 5338 45 30 the
2564 5336 95 32 breach
2674 5338 29 30 of

2050 5399 31 20 r\
2107 5396 105 29 n^^eem
2218 5396 8 11 o'!*
2226 5380 3 45 0
2232 5387 29 27 '!*-
2286 5393 26 22 n
2330 5382 84 31 which
2438 5381 45 30 the
2504 5380 152 32 defendant,
2673 5380 25 29 in

2053 5432 192 30 <v';is.M-rati",,
2272 5436 25 21 or
2320 5427 45 30 the
2389 5437 58 19 sun
2475 5437 14 16 u
2522 5424 66 31 £UI
2607 5424 80 33 w.uicr-

2718 120 13 28 t
2743 116 40 31 K)k
2807 120 46 25 not
2875 119 29 26 to
2925 113 123 31 interfere
3062 112 27 29 in
3103 120 52 30 any
3169 119 58 30 way
3240 107 64 31 with
3317 108 47 31 the

2714 160 138 43 plaintiffs
2866 158 128 39 building.
3025 155 57 32 The
3098 152 169 33 defendant's
3281 153 64 31 work-

2714 214 59 19 man
2784 202 50 32 liai
2848 202 71 30 since
2929 207 43 23 cut
2983 201 76 28 down
3071 197 44 30 the
3129 196 143 41 plaintiff'a
3283 195 78 41 barge

2714 246 80 29 board
2827 250 27 24 to
2887 244 83 29 admit
3002 242 30 30 of
3061 242 44 28 the
3133 239 122 40 building
3281 238 80 39 being

2714 288 113 40 brought
2842 286 69 32 close
2927 296 35 29 up
2977 288 28 27 to
3020 283 130 41 plaintiff*
3166 282 88 30 home.
3288 283 25 28 -I.
3329 282 31 38 ',}.,

2717 332 113 37 Walker,
2846 331 30 30 of
2896 330 45 29 the
2964 328 84 40 Camp
3063 327 79 32 Intel,
3164 335 96 20 sworn,
3276 324 86 31 stated

2715 376 57 29 that
2798 374 32 32 ha
2858 370 141 40 originally
3024 368 144 41 pur-h-is.'!
3197 369 28 28 21
3258 367 52 30 feet
3337 368 29 25 ••'.'

2714 418 102 40 ground
2844 417 64 29 from
2930 415 80 38 Daley
3028 413 38 30 for
3094 413 42 29 the
3164 422 59 19 sum
3242 412 28 29 of
3300 411 35 30 K()
3349 411 4 47 I

2721 463 40 30 He
2776 468 68 23 wear
2860 459 76 31 down
2959 465 26 23 to
3004 456 136 32 lioVnika,
3156 455 50 30 ami
3222 455 106 29 onkwu
3349 468 11 15 .;

2717 504 122 36 building
2863 507 25 24 to
2910 502 31 28 b;
2963 504 47 36 put
3026 505 45 32 to,'
3091 499 56 29 ther
3159 500 30 28 21
3220 508 22 26 »y
3286 499 4 41 (
3306 499 4 41 ;

2717 549 34 30 its
2764 547 95 31 arrivil
2884 545 31 30 he
2941 543 82 31 found
3046 543 31 29 he
3091 541 78 30 could
3184 544 46 27 not
3244 542 117 37 p.vw.bi;

2715 592 56 39 jam
2797 592 19 28 it
2839 590 55 28 into
2916 588 43 29 thy
2987 596 112 29 vacancy
3114 586 117 29 b'.w..j!i
3260 583 102 37 IKhiyN

2719 635 82 30 house
2814 632 53 30 and
2893 632 40 28 hi-s
2955 637 60 23 next
3041 628 62 30 do->r
3126 632 146 26 ncurtVur
3324 627 38 29 He

2722 675 107 42 applied
2853 679 26 25 to
2902 673 42 29 Ml-
2962 673 91 39 i)l/y,
3075 682 56 20 wio
3322 672 44 28 the

2719 722 137 39 carpenter
2871 724 27 22 to
2914 720 43 27 cut
2981 716 44 30 the
3049 714 77 41 angle
3152 715 37 30 off
3212 714 46 30 the
3284 713 81 41 barge

2722 762 80 29 board
2824 761 29 29 in
2868 761 73 28 front
2959 761 28 26 of
3001 759 40 30 his
3054 763 112 34 cottage.
3206 757 85 37 Daley
3306 759 45 27 sub-

2719 803 140 41 sequently
2874 801 97 40 agreed
2991 809 27 23 to
3039 811 50 29 p.iy
3105 801 55 30 him
3174 799 58 31 £lO
3247 808 102 31 compen-

2719 849 87 30 sation
2820 847 41 29 for
2872 846 44 30 the
2929 855 80 21 seven
3024 844 89 31 inches
3126 845 33 30 he
3174 853 53 22 was
3249 841 74 31 short
3336 843 31 31 of

2721 891 32 33 21
2762 891 52 32 feet
2829 890 125 39 frontage,
2961 888 53 31 and
3029 888 42 30 for
3080 888 46 30 the
3142 891 55 27 cost
3211 886 51 31 and
3278 886 84 40 delay,

2722 936 25 29 in
2764 935 106 37 cutting
2894 933 79 28 down
2987 932 46 29 the
3048 932 81 29 frame
3153 933 29 28 of
3205 931 43 29 his
3272 929 90 31 lij:h*\

2721 979 55 29 The
2799 976 117 40 damage,
2938 975 22 30 if
2983 985 61 30 any,
3059 975 85 40 Daley
3157 973 52 33 had
3222 973 134 31 subline]

2721 1019 130 31 consisted
2863 1019 27 29 in
2903 1029 36 19 an
2952 1018 60 28 inch
3027 1018 51 31 aid
3093 1029 14 18 a
3121 1018 57 30 half
3186 1018 99 37 having
3299 1018 67 28 been

2722 1067 46 26 cut
2781 1063 39 28 off
2839 1061 41 30 his
2894 1060 81 36 barge
2990 1060 89 36 board,
3103 1060 54 29 and
3170 1060 45 30 the
3234 1069 92 27 carpc-n
3341 1069 27 17 er

2723 1105 51 31 had
2801 1103 98 40 proved
2925 1102 58 31 that
3009 1112 33 20 an
3069 1102 116 38 entirely
3207 1109 58 21 new
3284 1100 84 30 bmrd

2723 1148 76 30 could
2815 1147 30 30 be
2860 1145 138 32 furbished
3022 1145 40 30 for
3083 1145 50 33 .£l,
3154 1143 54 32 and
3229 1145 20 30 it
3263 1142 103 40 was'by

2724 1190 105 31 Dalev's
2842 1188 91 31 orders
2947 1189 20 28 it
2981 1187 34 30 ha
3025 1188 5 29 1
3046 1186 68 32 been
3129 1192 52 30 cut,
3195 1197 31 20 an
3237 1187 9 29 1
3267 1187 34 30 he
3314 1186 52 30 had

2724 1239 46 26 not
2787 1233 74 30 since
2875 1230 232 31 counter-mandod
3132 1230 46 30 the
3204 1230 81 30 orler.
3328 1229 39 39 By

2724 1280 45 29 the
2784 1278 90 30 Court.
2916 1276 82 29 There
3012 1285 52 19 was
3083 1285 33 20 no
3136 1277 147 37 agreement
3298 1284 27 20 ns
3340 1278 27 24 ti

2724 1331 52 32 any
2799 1319 185 41 right-of-way.
3025 1317 151 39 Judgment
3200 1317 39 29 for
3260 1317 44 28 the
3324 1317 29 28 de-

2726 1363 119 32 fendant.

2765 1407 104 28 Button
2882 1415 23 19 v.
2921 1402 163 31 Jones.—Mr
3099 1402 69 30 Rees
3182 1402 40 29 for
3232 1401 44 30 the
3288 1401 68 40 plain-

2729 1450 48 35 tiff,
2793 1449 58 28 who
2865 1449 98 39 h.ivi,ig
2977 1446 78 30 failel
3077 1449 28 26 to
3119 1455 105 31 appear,
3248 1444 46 30 the
3312 1455 58 20 case

2730 1500 52 22 was
2796 1491 42 28 (lis
2851 1502 12 17 n
2869 1491 3 31 ;
2928 1491 18 29 K

2768 1533 146 31 Bla:ic!iard
2927 1534 52 28 and
2990 1533 101 30 Dutton
3103 1543 21 18 v.
3131 1531 83 31 Jones
3226 1531 69 30 —Mr
3307 1531 65 30 Rees

2731 1578 39 29 fur
2783 1577 44 29 the
2842 1575 136 39 plaintiffs.
3019 1575 54 27 The
3095 1575 146 27 defendant
3262 1573 109 40 applied

2730 1620 40 29 for
2795 1628 32 20 an
2850 1618 191 35 adjournment
3064 1616 27 28 in
3118 1614 53 29 this
3185 1623 64 26 case,
3277 1616 96 39 having

2731 1663 61 39 only
2809 1663 63 29 been
2896 1660 93 31 served
3013 1659 63 29 with
3102 1658 43 30 the
3167 1667 135 21 summons
3321 1662 55 26 two

2731 1717 29 19 or
2772 1706 72 29 three
2859 1703 217 39 hours-previous.
3120 1702 38 28 Mr
3175 1701 66 30 Rjes
3253 1701 120 39 objected

2731 1760 36 20 on
2793 1749 46 29 the
2867 1747 101 38 ground
2996 1746 57 29 tint
3079 1745 44 29 the
3150 1743 77 31 defen
3239 1743 56 30 Lint
3321 1754 54 21 was

2732 1794 81 29 about
2827 1796 27 26 to
2869 1790 73 31 leave
2956 1789 48 31 the
3029 1788 111 31 district.
3201 1787 30 29 In
3254 1787 73 40 reply
3346 1790 27 28 to

2734 1838 40 30 his
2790 1836 128 39 Worship,
2935 1834 43 31 the
2993 1832 143 31 defendant
3150 1829 93 34 deniel
3264 1841 51 30 a:iy
3335 1832 27 29 in-

2734 1881 103 30 tention
2862 1879 30 29 of
2916 1878 112 38 leaving,
3056 1876 51 29 and
3131 1875 44 28 the
3195 1884 55 19 case
3267 1885 52 18 was
3338 1879 38 24 set

2734 1924 77 28 down
2826 1922 39 30 for
2879 1921 111 38 hearing
3003 1930 34 19 on
3053 1918 96 39 Friday
3166 1921 70 28 next,
3251 1916 45 31 the
3311 1917 65 30 17th

2737 1966 60 30 inst.

2771 2006 108 37 O'Neill
2890 2005 53 32 and
2959 2004 105 31 Walker
3086 2014 26 22 v,
3137 2002 241 39 Macarthy.-This

2735 2063 53 20 was
2802 2063 16 20 a
2830 2049 78 32 claim
2921 2050 40 30 for
2973 2048 49 35 £4,
3042 2047 115 40 brought
3179 2046 36 40 by
3230 2046 44 31 the
3294 2045 70 40 plain-

2736 2096 55 31 tiffs
2816 2095 103 40 against
2942 2093 44 30 the
2999 2091 151 37 defendant,
3172 2091 39 29 for
3229 2090 117 40 forming
3365 2100 15 19 a

2737 2139 92 39 bridge
2843 2149 62 19 over
2917 2148 16 19 a
2946 2137 88 33 drain,
3055 2136 51 29 and
3124 2135 101 38 finding
3247 2134 129 29 material.

2735 2182 57 31 The
2806 2181 92 41 bridge
2913 2190 52 20 was
2978 2178 162 39 twenty-five
3161 2177 54 29 feet
3228 2175 76 38 wide,
3328 2176 52 30 and

2736 2225 45 32 the
2794 2229 90 27 centre
2898 2234 53 19 was
2964 2222 109 31 slabbed
3086 2220 53 31 and
3147 2219 145 43 gravelled.
3323 2219 56 30 The

2737 2272 116 28 contract
2877 2267 72 42 price
2974 2276 53 21 was
3057 2265 48 30 £4.
3163 2263 42 30 Mr
3241 2262 141 39 Macarthy

2736 2312 88 33 stated
2837 2312 60 31 that
2910 2310 41 31 his
2973 2310 65 40 only
3051 2307 133 41 objection
3209 2310 27 26 to
3258 2316 51 29 pay
3332 2315 51 22 wa*

2737 2366 36 22 on
2785 2358 113 29 account
2911 2354 28 30 of
2951 2354 45 30 the
3010 2355 90 28 centre
3109 2350 64 40 only
3183 2349 77 40 being
3271 2349 91 31 slabbe
3373 2349 9 29 1

2737 2401 43 29 for
2792 2401 62 29 four
2865 2399 61 36 feet,
2940 2397 30 30 in
2982 2397 75 39 place
3069 2396 28 29 of
3111 2394 41 30 six
3161 2394 61 36 feet,
3234 2404 28 19 as
3276 2391 104 43 agreed.

2737 2443 57 30 The
2807 2441 74 32 work
2904 2450 53 21 was
2978 2437 167 36 substantial,
3174 2436 95 30 indeed
3296 2436 87 29 better

2738 2486 65 29 than
2828 2484 34 30 he
2886 2483 114 36 wanted,
3027 2481 54 30 and
3105 2480 34 30 he
3161 2478 158 31 considered
3337 2478 45 28 the

2738 2529 72 39 price
2824 2526 143 35 moderate,
2982 2524 49 30 but
3044 2521 107 33 wanted
3170 2521 46 31 the
3231 2521 71 30 work
3317 2530 50 20 com-

2739 2572 110 39 pleting.
2890 2570 52 29 His
2956 2567 123 38 Worship
3091 2576 65 29 gave
3176 2564 145 39 judgment
3342 2564 41 29 for

2738 2614 46 31 the
2798 2612 128 45 plaintiffs
2947 2611 42 30 for
3008 2610 45 30 the
3067 2611 108 28 amount
3189 2606 90 31 claime
3290 2606 7 29 1
3314 2610 55 36 toge-

2739 2658 62 31 ther
2814 2657 67 31 with
2894 2660 79 28 costs.

2777 2700 139 39 M'Carthy
2929 2709 23 19 v.
2970 2695 188 32 Kofahl.—Mr
3168 2694 68 29 Rees
3250 2693 41 29 for
3304 2692 68 39 plain-

2739 2744 48 37 tiff,
2817 2744 29 30 in
2870 2744 46 29 the
2942 2742 111 29 absence
3084 2739 30 29 of
3137 2737 64 33 both
3225 2736 99 39 parties
3333 2766 18 9 m
3356 2740 28 25 to

2740 2786 47 30 the
2799 2785 95 37 action,
2909 2784 109 40 applied
3028 2783 41 28 for
3078 2791 33 20 an
3119 2780 111 39 adjourn
3236 2782 75 26 ment.
3327 2777 57 30 The

2740 2831 179 27 ca<ewasset
2944 2826 80 30 down
3036 2824 41 31 for
3096 2823 110 38 hearing
3227 2832 32 20 on
3287 2820 98 38 Friday

2740 2875 72 28 next.

2776 2916 56 28 The
2859 2914 83 29 Court
2966 2912 63 29 then
3050 2911 126 38 adjourne
3187 2909 7 30 I
3208 2908 41 29 till
3276 2906 105 38 Friday,

2740 2958 44 31 the
2798 2956 64 33 17th
2876 2956 71 35 inst.,
2962 2958 27 27 at
3005 2954 30 31 11
3052 2963 59 22 a.m.

2825 3070 149 33 MINING
3003 3066 291 36 INTELLIGENCE.

2777 3171 104 39 Mining
2906 3169 151 43 operations
3081 3167 69 30 havj
3175 3165 66 30 bee:i
3266 3164 118 39 a:ttely

2738 3227 13 19 c
2758 3215 83 30 irried
2855 3225 33 18 on
2903 3214 29 29 in
2946 3212 34 31 all
2996 3218 71 34 parts
3080 3211 29 29 of
3130 3210 45 30 the
3189 3208 127 37 district;
3335 3207 47 31 the

2738 3259 108 39 copious
2865 3257 70 31 rains
2961 3256 66 31 have
3053 3253 140 32 furnished
3217 3263 16 18 a
3258 3251 131 39 plentiful,

2738 3302 97 41 supply
2848 3300 28 32 of
2901 3304 89 30 water,
3016 3299 53 30 and
3095 3308 28 19 as
3136 3307 15 20 a
3164 3295 102 32 natural
3290 3304 79 21 ooimp-

2738 3354 100 32 qu.nce
2852 3344 75 30 there
2940 3343 47 30 has
2999 3342 68 30 been
3081 3352 16 18 a
3110 3339 107 31 marked
3228 3339 116 29 increase
3353 3337 28 30 in
3395 3330 12 59 J

2739 3390 44 30 the
2796 3387 124 42 quantity
2935 3387 30 29 of
2974 3384 63 42 gold
3052 3384 111 40 offerng
3175 3383 42 30 for
3229 3381 61 31 sale.
3325 3380 56 32 The
3391 3372 16 40 J

2740 3443 70 20 news
2831 3432 30 29 of
2883 3441 16 20 a
2911 3430 90 30 rather
3022 3429 146 40 important
3195 3426 139 38 discovery
3353 3417 54 37 at!

2737 3476 45 30 the
2799 3474 90 30 White
2909 3473 88 30 Horse
3010 3472 120 36 Terrace,
3156 3480 28 20 w.
3195 3478 15 21 s
3224 3469 25 28 in
3272 3459 135 38 circula-1

2739 3520 54 29 tion
2808 3517 99 38 during
2921 3517 44 29 the
2978 3513 148 42 beginning
3139 3513 30 31 of
3180 3512 44 30 the
3236 3510 82 37 week,
3331 3510 51 30 but
3383 3517 24 47 J

2740 3565 45 28 has
2808 3567 47 24 not
2867 3565 45 36 yet
2926 3560 68 29 been
3007 3557 144 32 confirmed
3163 3568 7 26 ;
3190 3565 37 19 we
3229 3579 5 12 ;
3260 3555 29 29 at
3303 3549 104 38 least,B

2738 3607 65 29 have
2821 3604 119 32 received
2955 3613 33 20 no
3001 3601 171 32 information
3186 3595 149 42 respecting
3349 3590 58 36 \tM

2740 3650 82 37 Large
2836 3648 125 30 numbers
2977 3646 123 30 continue
3122 3648 28 26 to
3163 3647 40 26 set
3217 3641 25 30 in
3257 3645 26 24 to

2738 3702 72 31 upon
2825 3691 43 30 the
2883 3699 140 21 numerous
3036 3687 71 31 leads
3125 3685 117 38 running
3263 3683 142 40 througM

2736 3736 48 31 the
2798 3735 86 40 plains
2898 3734 64 30 with
2976 3731 126 33 tolerable
3115 3739 108 26 success,
3245 3726 52 31 and
3314 3735 29 21 as
3363 3720 44 36 afl

2739 3779 53 29 rule
2807 3779 44 28 the
2865 3779 96 28 miners
2975 3786 108 28 express
3098 3772 155 31 themselves

2738 3821 61 31 with
2815 3821 46 31 the
2876 3820 84 31 result
2973 3819 29 30 of
3025 3818 68 30 their
3116 3816 80 31 labor.
3236 3812 77 31 From
3313 3805 54 37 .A

2740 3864 118 31 Darkie's
2883 3864 109 30 Terrace
3020 3862 46 29 the
3097 3862 125 28 accounts
3253 3850 108 37 contH

2735 3907 143 34 favorable,
2907 3908 45 31 the
2979 3904 126 31 washdirt
3128 3901 25 33 is
3179 3900 113 44 proving
3311 3899 61 30 fua

2736 3951 77 42 equal
2827 3956 28 25 to
2869 3949 165 42 expectation
3049 3948 65 30 both
3127 3958 28 19 ns
3169 3944 105 40 regards
3297 3937 69 60 dej

2735 3996 51 31 and
2796 3995 111 40 quality,
2920 3995 52 29 and
2984 3993 43 30 the
3041 3991 152 42 population
3205 3997 68 22 seem
3287 3980 59 63 lyM

2737 4048 165 30 prosperous,
2915 4037 67 30 both
2995 4036 105 38 diggers
3114 4034 52 29 and

2734 4082 42 39 pie
2802 4082 146 39 appearing
2975 4078 68 40 fully
3069 4075 116 33 satisfied
3212 4073 64 30 with
3294 4082 36 23 m

2735 4129 143 36 prospects.
2919 4123 57 32 The
2989 4132 73 21 same
3075 4131 62 30 may
3151 4120 31 30 be
3196 4117 64 38 said,
3276 4122 42 23 tn

2733 4170 26 28 in
2773 4179 16 19 a
2803 4169 50 29 less
2869 4165 108 32 marked
2996 4165 105 37 degree,
3125 4164 28 30 of
3180 4162 44 30 the
3246 4155 63 59 wij|

2733 4212 134 38 generally
2880 4210 96 30 known
2989 4220 29 18 as
3033 4207 149 40 Moonlight
3195 4203 51 32 and
3262 4200 52 35 Cfl

2733 4254 70 41 light
2817 4254 81 31 Fiats.
2939 4252 76 31 Here
3029 4250 44 31 the
3088 4250 97 30 miners
3198 4257 43 21 are
3257 4238 56 35 *■

2735 4299 45 30 the
2794 4301 113 34 cement,
2923 4296 85 30 which
3021 4295 24 30 is
3067 4292 135 41 generally
3216 4284 83 60 fouj

2733 4342 80 39 depth
2826 4341 30 29 of
2866 4352 15 18 a
2894 4341 52 30 few
2959 4339 60 35 feet,
3047 4337 53 30 and

2732 4395 58 21 ness
2805 4386 29 29 of
2845 4384 122 38 eighteen
2982 4381 97 31 inches.
3119 4380 54 28 The
3188 4373 86 34 retdß

2731 4438 43 20 arc
2789 4431 45 27 not
2849 4428 77 38 large,
2943 4426 49 29 but
3006 4426 21 28 it
3041 4425 22 29 is
3077 4423 100 31 certain

2732 4471 151 38 machinery
2897 4479 52 19 was
2963 4472 47 36 put
3024 4477 70 29 upon
3109 4465 44 31 the
3170 4473 112 20 <*rou™

2732 4524 112 30 purpose
2862 4512 31 32 of
2903 4510 128 40 crushing
3043 4510 44 29 the
3101 4511 104 29 cement
3219 4503 58 54 oj

2731 4569 12 17 s
2753 4557 57 36 -ale,
2834 4567 31 19 so
2891 4556 58 30 that
2975 4553 45 31 the
3045 4553 101 31 miners
3173 4557 88 24 couM

2732 4602 83 36 larger
2830 4600 124 38 quantity
2969 4598 29 28 of
3010 4596 52 29 dirt
3085 4595 115 37 through
3213 4586 48 35 tfl

2733 4643 71 30 what
2828 4652 62 29 may
2914 4640 34 31 be
2972 4649 60 21 now
3057 4636 123 41 regarded
3195 4628 51 40 ?M

2733 4686 82 39 tively
2829 4696 66 30 poor
2907 4683 104 42 ground
3025 4681 87 31 would
3135 4680 82 40 thejj

2730 4729 179 38 handsomely.
2968 4727 26 30 A
3017 4725 55 30 belt
3094 4724 31 31 of
3144 4717 62 36 cefl

2843 4776 28 26 to
2885 4771 58 30 that
2957 4774 55 25 met
3027 4769 65 30 with
3106 4772 27 25 at
3142 4778 38 21 m

2730 4816 113 31 extends
2868 4814 22 31 it
2917 4823 61 29 may
3007 4812 34 32 be
3067 4805 103 37 saidß

2856 4858 64 31 with
2933 4858 46 29 the
2998 4868 24 28 p;
3031 4846 120 60 e~e.--^

2849 4900 45 30 the
3014 4899 29 30 of
3069 4891 57 40 \M

2733 4946 113 35 country
2859 4943 54 29 will
2986 4951 52 30 pay
3051 4951 53 20 »

2731 4992 27 26 to
2948 4975 133 58 large^B

2728 5122 28 24 to
2866 5125 47 28 per
2934 5106 92 39 weeifl

2880 5168 64 20 once
2972 5152 98 34 a^^H

2927 5193 167 39 indurated

2882 5235 210 56 anticipatedJ|

2911 5288 71 31 work
2987 5287 79 30 in™

2991 5340 78 20 ar«

2980 5373 93 30 with™

2850 5430 15 18 n
2959 5413 113 35 avoreM

1395 28 75 31 THK
1511 21 252 37 CHARLESTON
1801 18 131 33 ARGUS

73 89 0 0 2

74 1882 192 33 NOTICE
303 1881 57 32 TO
398 1879 282 33 MARINERS.

60 1993 145 29 'SIGNAL
219 1992 163 28 STATIONS
408 1992 60 25 have
488 1990 57 26 been
560 1988 139 28 established

55 2084 25 22 at
91 2080 40 27 the
142 2076 129 31 BULLEB
287 2077 45 26 and
347 2080 26 22 at
390 2074 93 28 FOX'S
497 2073 110 34 RIVER,
625 2073 74 26 where

55 2150 41 26 the
116 2155 65 20 same
191 2146 94 35 Signals
304 2154 39 19 arc
355 2144 55 28 used
426 2152 27 19 aa
471 2148 25 23 at
518 2144 40 27 the
579 2143 65 33 Grey
654 2143 43 26 and

57 2220 121 26 liokitika.

86 2256 21 24 A
132 2253 111 33 FH*t:iff
259 2253 41 26 liai
321 2252 56 25 l-cen
399 2250 91 28 erected
510 2258 31 17 on
562 2249 40 26 the
623 2249 74 26 North

55 2325 69 27 Point
143 2325 27 24 of
186 2323 173 27 CONSTANT
376 2321 78 33 RAY,
472 2320 128 30 PAKIHI,
621 2319 77 27 where

55 2397 41 24 the
116 2395 121 31 following
263 2392 93 33 Sill's
384 2392 45 25 will
456 2392 28 24 be
494 2392 82 24 shown
587 2401 37 15 :

54 2463 49 26 Red
114 2462 60 33 Flag
184 2467 23 21 at
220 2460 135 29 masthead:
374 2461 72 25 Boats
457 2468 42 18 can
511 2464 68 22 enter

53 2532 61 27 Blue
135 2531 65 35 Flag,
227 2532 139 26 half-mast:
402 2532 52 25 lx>w
480 2534 78 27 water,
579 2530 55 26 wait
661 2531 33 24 foi

112 2566 54 26 tide.

52 2636 82 27 White
143 2636 74 33 Flag:
236 2636 117 27 Entrance
363 2636 138 32 dangerous,
509 2637 51 24 Mirf
572 2642 39 19 too
622 2636 70 25 U»v\

112 2673 37 23 for
160 2672 50 23 boat
215 2679 17 16 n.

165 2738 28 28 T.
209 2740 32 26 A.
257 2739 107 27 SXEYD
381 2737 226 29 KYNNEKSLEY,

475 2773 191 27 Commisisoncr.

49 2810 109 31 %?anuary
169 2809 48 29 3rd,
231 2812 62 23 18t57.
667 2810 25 24 71

237 2895 128 25 POSTAL
381 2893 128 26 NOTICE.

49 2968 76 26 Mail*
134 2967 62 27 bare
209 2968 127 26 Charleston
338 2982 29 4 —

78 3003 47 26 For
135 3005 34 25 St.
181 3003 77 32 Kilda,
270 3003 123 33 Brighton,
400 3000 47 28 and
458 3001 156 35 Greyimuth,
622 3008 71 26 every

48 3038 125 34 Thursday
184 3043 25 22 at
223 3041 27 24 10
260 3047 53 18 a.m.

78 3074 47 26 For
136 3074 127 36 Westport,
273 3083 70 25 every
355 3073 117 34 Tuesday,
484 3076 25 23 at
523 3076 26 23 10
560 3079 54 21 a.m.

47 3109 46 27 Ma
96 3109 28 25 Hi
134 3110 106 26 arrive—

78 3145 71 25 From
167 3145 34 25 St.
218 3144 78 30 XiiJa,
323 3145 124 32 Brighton,
467 3144 47 26 and
535 3143 157 34 Grcymouth,

47 3187 70 26 every
128 3179 117 34 Tuerdny.
256 3184 26 22 at
295 3183 7 22 1

77 3214 135 31 liegistercd
237 3215 81 26 letter
338 3216 46 25 and
405 3222 149 27 newspapcrj
582 3219 65 21 must
665 3214 27 25 be

44 3259 6 25 1
59 3250 65 26 Oited
134 3250 78 26 before
223 3253 14 24 6
247 3259 57 26 p.m.
316 3260 30 16 on
359 3250 165 34 Wednesaay?.

52 3285 3 38 ,
78 3287 70 24 From
162 3285 125 34 Wotp»-1,
301 3295 69 19 every
381 3286 155 32 Wednisthiy.
548 3287 24 24 at
581 3288 14 22 4
604 3292 62 31 p.tn^

77 3321 70 25 Office
159 3328 59 26 open
230 3322 38 24 for
283 3321 103 34 delivery
397 3325 26 22 of
434 3325 88 27 letter*,
536 3318 62 28 Ac.:
616 3318 83 29 Weeki

44 3356 67 33 days,
126 3356 61 26 from
209 3360 25 23 10
253 3364 54 19 a.m.
326 3361 25 22 to
362 3360 14 22 6
386 3365 56 27 p.m.
468 3356 38 26 Nn
517 3361 84 27 money
611 3354 80 27 orders

45 3391 77 26 issued
132 3396 25 21 at
169 3393 47 24 this
226 3393 72 26 office.
331 3394 71 24 Office
412 3391 77 27 closed
503 3399 31 18 on
541 3390 117 32 Sundays.

395 3427 30 27 11.
442 3426 38 28 W.
496 3426 133 29 Bterbixo,

506 3461 153 26 Postmaster.

304 3551 121 26 NOTICE

49 3600 47 26 Th*
114 3605 107 21 account*
234 3601 43 33 for
298 3600 45 25 this
361 3598 97 35 journal
477 3598 47 26 will
542 3597 26 27 be
586 3596 105 28 collected

73 3634 103 34 monthly,
194 3635 47 25 and
259 3635 136 26 adcerthcrs
415 3643 14 16 a
434 3645 9 7 r
444 3643 12 17 c
475 3632 110 32 informed
605 3632 49 26 that
675 3636 14 21 8

74 3671 126 28 insertions,
215 3670 22 24 in
248 3669 33 26 all
294 3679 63 16 cases
377 3669 46 26 trill
437 3668 104 34 complete
558 3670 34 23 the
609 3667 80 27 month.

75 3706 22 26 A
117 3706 101 26 collector
238 3705 47 26 trill
303 3705 26 26 he
348 3704 123 35 apptmiled
488 3704 43 32 for
550 3702 140 35 advertising

74 3746 107 20 accounts
190 3742 31 32 of
231 3741 70 24 which
312 3741 43 25 due
365 3741 71 24 notice
447 3739 45 26 will
501 3739 26 25 be
536 3739 71 33 given.
641 3739 32 24 Ad-

75 3777 105 24 vertisers
197 3775 94 35 wishing
301 3781 21 20 to
342 3774 58 26 alter
416 3783 26 16 or
456 3772 162 28 countermand
633 3772 57 25 their

73 3811 188 31 advertisements,
278 3814 57 23 must
352 3809 28 26 do
393 3818 25 17 so
436 3810 22 25 in
476 3808 96 33 writing,
585 3812 36 21 not
632 3806 58 27 later

75 3848 52 25 than
139 3851 112 22 XOa.m.on
260 3846 34 25 the
303 3846 45 32 day
351 3846 105 33 previous
463 3849 21 20 to
487 3843 145 35 publication.
640 3842 32 26 Ad-

75 3883 147 25 vertisements
231 3885 49 21 sent
291 3880 91 28 without
393 3880 85 24 written
486 3878 144 26 instructions
635 3886 28 16 as
669 3882 21 20 to

75 3918 35 25 the
131 3917 89 25 number
240 3916 30 35 of
290 3917 119 25 insertions
428 3914 48 25 'fi7/
493 3913 26 26 be
539 3912 98 26 inserted
656 3913 35 25 till

73 3951 245 30 countermanded,and
327 3950 98 35 charged
429 3947 149 36 accordingly.
602 3946 89 28 Casual

72 3988 189 28 aiUcrtisements,
272 3988 60 24 when
341 3986 34 24 tlie
380 3986 126 24 advertiser
512 3984 42 25 has
561 3993 27 16 no
595 3988 95 21 account

74 4023 52 25 with
146 4022 35 26 the
191 4022 70 33 office,
272 4025 58 22 must
340 4020 25 25 be
379 4019 60 35 paid
447 4020 44 33 for
504 4019 66 34 prior
587 4022 20 20 to
620 4018 58 25 inser-

75 4059 53 25 tion.
