3440 5540
37 163 186 40 considerably
244 162 82 30 above
350 168 113 29 average
488 166 94 31 wages.
640 156 56 29 The

38 208 112 40 sinking
163 207 21 30 is
199 208 69 29 from
284 206 106 30 sixteen
405 207 27 25 to
447 205 103 34 twenty
559 199 61 35 feet,
632 198 64 31 with

39 262 32 19 an
86 260 114 29 average
231 250 33 29 of
286 247 86 39 thirty
388 244 92 32 inches
506 245 30 29 of
557 242 139 33 wasbdirt,

39 305 39 20 coi
91 295 97 38 sisting
201 292 43 31 for
256 291 48 32 the
318 293 71 28 mcst
404 292 60 39 part
478 287 28 30 of
527 284 78 33 black
619 286 75 30 sand.

39 339 31 30 It
82 338 24 31 is
119 335 167 39 confidently
301 333 128 40 expected
444 331 57 31 that
515 329 63 39 gold
593 328 54 31 will
663 330 31 29 be

37 380 91 33 traced
141 390 36 31 up
191 379 47 31 the
254 377 108 39 leading
375 385 76 32 spurs
466 376 56 29 into
536 373 47 30 the
607 371 87 32 lofiier

37 430 126 30 terraces,
178 423 51 30 and
245 422 57 29 that
317 433 14 18 a
350 420 56 30 lead
422 420 30 28 of
461 418 63 40 g')!d
549 417 102 29 similar
663 421 28 25 to

37 469 48 29 the
101 467 78 30 Fox's
194 465 134 40 diggings,
343 464 24 29 if
378 467 46 27 not
438 472 16 20 a
468 459 182 34 continuation
664 461 30 29 of

37 511 47 31 the
94 521 73 20 same
181 509 70 31 lead,
275 507 54 31 will
353 507 31 30 be
400 505 103 42 opened
525 514 43 29 np.
613 502 75 31 With

37 554 74 31 these
125 555 143 40 prospects,
284 561 15 19 a
313 550 67 30 wide
392 552 95 29 extent
499 547 32 31 cf
541 545 146 32 auriferous
695 545 1 50 i

37 602 122 34 country,
176 595 85 30 which
276 595 21 29 it
310 594 23 30 is
346 591 146 33 ealcula'ed
506 589 54 31 will
577 595 108 33 support

37 652 15 19 a
66 641 85 40 larger
165 637 153 43 population
334 636 65 30 than
414 646 38 19 we
466 645 44 19 are
524 643 61 21 ever
605 632 79 40 likely

37 691 27 24 to
78 684 110 31 receive,
208 686 29 26 at
252 681 136 31 moderate
402 689 93 29 wages,
518 677 53 30 and
585 676 99 40 deeper

37 726 115 40 ground,
168 725 84 30 which
268 723 54 30 will
341 733 39 19 cei
390 722 83 39 taiuly
495 720 104 39 require
619 719 63 30 both

37 771 64 30 time
113 780 18 20 a
149 770 17 29 d
180 778 72 21 some
268 766 95 40 outlay
376 771 28 25 to
419 775 68 29 open
508 773 46 32 up,
577 763 46 29 the
642 764 27 28 fu-

37 818 60 27 tuie
110 823 104 20 success
226 811 31 30 of
275 811 56 29 this
345 808 105 31 district
472 817 60 29 may
548 807 30 29 be
599 806 84 39 safely

37 856 128 39 regarded
179 866 28 18 as
221 853 107 31 certain.

1458 45 77 30 THE
1556 42 257 33 CHARLESTON
1836 41 124 31 ARGUS

3345 39 13 28 3

247 970 57 25 Cora
316 969 136 25 nissicners
464 969 79 26 Office,

326 1036 147 31 Charleston,
486 1035 55 33 May
557 1037 18 30 1,
588 1035 64 25 1867.

167 1217 33 26 At
212 1223 41 27 per
264 1214 90 26 month,
366 1221 38 18 are
418 1211 87 27 invited
517 1212 38 24 fcr

35 1287 153 29 MEDICAL
210 1282 225 29 ATTENDANCE
453 1282 19 25 &
490 1280 191 31 MEDICINES,

37 1360 36 26 To
82 1358 28 26 be
122 1355 104 37 sipjictl
236 1358 26 24 to
273 1354 115 35 prisoners
399 1352 45 27 and
461 1351 113 27 destitute
586 1358 95 28 persons

267 1427 23 22 at
308 1422 147 28 Charleston.

61 1532 104 28 Tenders
193 1535 24 22 to
246 1531 28 25 be
300 1527 122 28 addressed
449 1531 25 22 to
499 1527 39 26 the
564 1524 107 27 Warden

28 1602 150 29 Charleston.

63 1673 35 25 Nc
111 1670 92 28 Tender
213 1668 139 35 necessarily
366 1666 115 35 accented.

171 1754 26 25 T.
216 1755 31 24 A.
265 1750 106 30 SNI.YD
391 1748 224 31 kynxersley,

453 1819 192 27 Commissioner.

61 1917 7 4 -
89 1912 197 29 ISSOLUTION
339 1910 41 27 OF
432 1906 242 30 PARTNERSHIP.

57 2006 51 26 The
133 2004 148 35 partnership
306 2002 105 26 hitherto
440 2000 105 33 existing
569 2001 104 25 between

28 2062 98 27 Carlisle
147 2060 135 27 Hammond
303 2059 45 26 and
369 2060 82 25 James
473 2058 93 29 Davies,
582 2056 92 33 trading

25 2110 74 27 under
119 2110 41 26 the
183 2108 61 35 style
264 2109 27 25 of
312 2106 134 28 Hammond
465 2105 47 27 and
534 2106 94 32 Davies,
648 2110 25 21 at

25 2159 148 33 Greymouth
195 2157 45 27 and
272 2157 119 33 Wertport
413 2154 112 34 (Buller),
547 2155 41 26 has
614 2155 57 25 been

23 2207 52 25 this
86 2207 45 32 day
141 2205 117 26 dissolved
274 2206 29 31 by
315 2203 91 26 mutual
417 2208 104 21 consent.

54 2255 52 25 The
121 2254 107 26 business
246 2252 46 27 will
312 2253 24 26 in
355 2254 81 25 future
456 2253 28 26 be
495 2251 90 28 carried
599 2259 30 18 on
641 2251 29 33 by

22 2303 52 26 Jas.
96 2303 94 29 Davies,
210 2302 53 26 who
285 2301 48 26 will
352 2310 45 26 pa/
418 2301 47 26 and
482 2300 90 27 receive
583 2299 31 27 all
630 2299 31 27 lia-

23 2351 86 27 bilities
119 2351 45 27 due
174 2355 26 22 to
209 2350 47 27 aud
266 2351 30 33 by
308 2351 40 25 the
360 2351 72 25 above
444 2350 60 25 firm.

279 2421 162 28 CARLISLE
458 2421 181 26 HAMMOND.

282 2472 110 25 JAMES
411 2470 134 28 DAVIES.

54 2529 221 27 Witness—Robert
292 2526 101 28 Siuclair
404 2526 83 28 Allan.

20 2573 157 34 Greymouth,
192 2573 54 25 18th
258 2572 90 29 March,
359 2573 64 24 IS6T.

67 2658 7 19 r
83 2651 98 28 OTICE
192 2650 19 26 is
220 2650 86 33 hereby
314 2650 78 33 given,
399 2650 53 27 that
461 2650 41 27 the
515 2649 155 35 Partnership

37 2727 110 28 .ertofore
166 2725 131 34 subsisting
316 2726 105 26 between
448 2724 41 27 the
510 2723 156 34 undersigned

37 2787 86 29 tichard
144 2787 77 27 Knihb
247 2787 74 26 Davis
347 2786 45 27 and
419 2786 115 26 Matthew
561 2785 107 28 M'Lean,

46 2850 50 27 lder
106 2851 39 24 the
157 2849 60 30 3tyle
227 2858 27 17 or
271 2849 51 25 firm
333 2849 26 24 of
369 2848 73 26 Davis
454 2847 46 26 and
520 2847 109 31 M'Lean,
641 2855 26 17 as

46 2878 27 29 H

84 2912 70 30 icaui,
164 2915 24 22 at
201 2912 125 33 Westport,
338 2910 21 25 is
375 2910 50 26 this
441 2910 46 33 day
504 2908 116 27 dissolve
638 2908 29 33 by

84 2973 30 28 lal
131 2978 104 22 consent.
279 2971 40 27 All
337 2973 67 25 debts
421 2972 45 25 due
486 2976 24 21 to
528 2971 45 26 and
590 2971 31 33 by
644 2972 25 25 tl.

66 3049 6 13 i
86 3037 54 24 firm
150 3034 47 26 will
213 3035 30 25 be
263 3035 106 25 received
387 3034 45 26 and
449 3034 53 33 paid
520 3035 29 30 by
562 3033 40 25 the
620 3032 49 26 said

67 3097 71 27 tthenr
154 3096 107 31 M'Lean,
277 3096 30 32 by
320 3095 77 26 whom
416 3095 40 26 Uie
472 3095 106 26 business
589 3098 24 22 ut
628 3094 41 26 the

67 3146 36 40 In
115 3158 78 32 Hotel,
210 3158 43 26 We
268 3163 69 30 tport,
349 3157 45 26 will
409 3158 24 26 in
445 3158 81 25 future
542 3158 27 25 be
580 3155 88 28 carried

525 3250 113 28 DAVIS.

98 3311 22 23 1
432 3316 36 25 M.
487 3314 134 28 M'LEAN.

107 3363 252 38 oess—E/Campbell,

146 3424 115 32 Solicitor,
273 3424 127 33 Westport.

108 3482 51 27 this
171 3482 55 26 16th
235 3481 47 34 day
293 3481 28 26 of
332 3479 77 36 April,
422 3482 64 24 1867.

147 3574 49 31 AY
216 3574 83 31 AND
319 3572 51 33 DE
390 3570 193 35 WINTER'S

171 3749 188 54 ulating
421 3749 221 51 Library,

156 3948 148 31 JAMP-ST.,
321 3948 227 26 CHARLESTON.

227 4201 12 28 t
251 4197 104 41 Papers,
373 4197 52 32 and
438 4208 17 21 a
467 4198 81 32 Great
561 4199 110 41 Variety

235 4383 55 30 lery
301 4374 98 40 always
414 4385 35 20 en
465 4374 80 31 hand.

243 4609 42 26 the
307 4609 219 28 CHARLESTON
553 4612 119 26 ARGUS.

220 4730 67 25 ..—A
310 4729 111 36 Splendid
438 4732 154 27 Investment.
623 4734 52 26 The

226 4773 83 27 Fleece
330 4774 78 30 Hotel,
430 4776 86 26 situate
533 4776 24 26 in
575 4777 40 27 the
624 4778 51 26 best

211 4811 57 27 ion,
289 4809 47 26 and
357 4817 52 18 norr
421 4810 72 33 doing
512 4819 15 17 a
546 4811 123 26 flrst-class

218 4842 110 28 rticulars
338 4844 68 36 apply
418 4848 26 23 to
453 4844 104 28 Thomas
564 4846 111 28 Graham'

210 4885 29 22 JL

234 4943 43 31 £2
301 4944 172 32 REWAKD.

267 4985 1 36 i
284 4985 122 36 Westport
427 4986 45 27 and
484 4987 146 32 Charleston,
648 4997 29 19 on

269 5021 47 33 tag,
331 5030 44 18 one
395 5022 52 27 Ten
464 5023 83 26 Found
562 5028 55 22 note
632 5023 45 28 and

305 5072 21 20 '.
357 5065 104 34 Anyone
478 5068 123 32 returning
615 5076 63 18 same

421 5101 140 35 circulating
585 5102 93 35 library,

363 5134 57 28 .will
441 5137 90 27 receive
547 5138 40 26 the
604 5138 75 27 above

406 5237 26 28 irl
448 5243 27 22 to
485 5240 56 26 take
557 5241 86 35 charge
658 5243 24 27 of

405 5279 97 37 Lfoplv.
546 5281 134 27 Melbourne

426 5390 26 19 or
470 5383 41 27 the
532 5383 58 36 Ship
605 5383 76 29 Hotel.

728 154 191 67 WANTED
941 166 13 16 a
972 158 106 30 Partner,
1097 157 92 33 willing
1212 161 24 21 to
1251 158 51 31 join
1325 157 24 25 in
1361 164 10 16 :t

846 192 113 27 lucrative
980 193 113 26 business.
1142 192 91 35 Capital
1255 191 114 35 required,

725 230 70 23 £IOO.
829 227 78 34 Apply
936 233 24 20 to
982 228 27 26 P.
1032 228 131 31 Patterson,
1186 227 95 27 Creed's
1303 229 51 25 Com-

722 261 96 26 mercial
832 262 82 26 Hotel.

749 334 168 31 TTAXTKI)
929 348 12 17 a
955 340 86 32 Young
1052 338 51 25 Girl
1115 343 25 21 to
1151 339 55 26 take
1224 339 85 34 charge
1319 341 27 24 of
1356 349 12 15 a

739 370 40 33 V?
834 375 66 33 ln.ly,
921 374 70 34 apply
1004 379 23 19 to
1048 374 47 24 Mrs
1114 374 143 35 Thompson,
1269 374 99 27 Okvrita

720 410 45 26 Hot
781 410 14 32 1,
808 417 20 18 ;it
842 411 39 24 tlu-
892 419 51 17 rear
954 420 5 13 <
970 410 10 24 f
992 409 68 25 Bank
1074 410 26 24 of
1111 410 55 24 New
1179 410 109 25 Zealand.

763 497 22 7 n.
798 478 114 27 ANTED
934 479 29 31 by
986 487 14 15 a
1021 486 82 25 young
1113 478 56 25 Man
1186 488 13 16 a
1217 478 112 25 situation
1342 487 24 16 as

740 532 8 14 f
766 517 13 31 y
828 514 103 26 Barman
942 520 27 18 or
980 513 71 32 Light
1065 513 87 26 Porter.
1187 513 80 34 Apply
1277 518 26 21 at
1319 513 47 26 this

762 621 147 26 TANTKD
931 621 40 24 the
992 620 83 26 Pnhlic
1101 625 24 20 to
1148 622 74 24 Know
1249 621 52 26 that
1331 622 24 25 P.

825 662 145 27 M'Carthv,
998 660 28 25 of
1049 661 115 25 Hokitika
1191 659 46 27 and
1264 661 99 26 Stafford

712 696 80 31 Town,
820 694 47 27 wiil
884 703 59 25 open
969 695 38 25 his
1034 695 123 26 extensive
1180 696 111 32 Brewery
1314 697 23 24 in
1350 704 13 16 a

710 732 45 24 few
767 731 65 32 days,
841 732 77 23 where
931 730 39 25 the
981 730 49 25 host
1049 731 84 24 Porter
1143 730 46 25 and
1202 729 43 26 Ale
1267 739 43 17 can
1334 732 25 23 be

709 766 119 26 obtained.

761 834 144 25 TANTFD
922 838 25 20 to
968 836 51 22 rent
1041 841 26 16 or
1078 833 112 33 purchase
1213 842 14 15 a
1249 834 65 33 piece
1334 835 27 24 of

821 871 90 31 ground
934 871 98 25 suitable
1055 872 36 24 for
1111 878 15 18 a
1142 871 97 26 Timber
1248 871 47 26 and
1306 872 54 25 Iron

708 907 72 25 Yard.
807 906 173 31 Kight-of-way
993 910 111 20 entrance
1117 905 45 25 will
1175 905 88 27 aufflce.
1281 906 78 34 Apply

710 947 23 20 to
745 942 37 26 Mr
795 941 86 31 Evans,
894 939 137 27 Mtlbouinc
1046 938 75 28 HottL

710 1019 96 24 riIHK
824 1016 163 33 Undersigned
1006 1016 100 25 informs
1117 1017 41 25 the
1171 1016 106 26 Catholic
1290 1017 65 32 Body

707 1096 27 24 of
755 1096 40 26 the
806 1096 87 25 Fakihi
906 1095 106 29 District,
1025 1096 52 24 that
1096 1095 30 25 he
1138 1094 46 25 will
1206 1094 53 26 hold
1273 1096 84 26 Divine

707 1165 94 26 Service
812 1165 46 25 and
870 1165 97 31 Preach,
980 1169 24 21 at
1017 1164 140 26 MrClun.'s
1168 1163 77 33 hotel,
1255 1165 43 25 Dai
1304 1166 54 26 lev's

707 1235 106 30 Terrace,
827 1237 11 22 9
850 1233 90 27 o'clock
952 1242 45 16 a.m
1009 1245 6 18 ;
1032 1237 23 22 at
1068 1234 40 26 tlie
1117 1234 153 26 Commercial
1282 1235 76 30 Hotel,

706 1303 146 33 Charleston,
867 1308 25 22 12
903 1303 90 27 o'clock
1005 1312 69 23 noon,
1081 1304 46 26 and
1141 1307 10 23 7
1162 1303 91 27 o'clock
1264 1313 55 26 p.m.
1327 1314 29 16 on

706 1375 96 32 Sunday
816 1380 64 28 next,
895 1377 54 24 12th
961 1376 58 25 inst.

1084 1419 26 25 E.
1129 1418 118 30 ROYER,
1264 1419 57 25 P.P.

734 1481 148 31 Charleston,
896 1483 54 24 10th
962 1483 63 30 May,
1041 1484 62 22 ISC7.

910 1549 118 32 NOT
1049 1549 14 30 I
1084 1549 22 32 C
1132 1548 19 32 K

765 1700 233 28 ISSOLUTION
1037 1702 41 24 OF
1114 1700 238 26 PARTNERSHIP.

729 1788 53 25 The
808 1785 148 35 partnership
988 1786 102 25 hitherto
1116 1785 104 33 existing
1248 1786 102 25 between

701 1836 96 28 Wiliam
810 1836 81 33 Mages
902 1835 45 26 and
960 1834 93 34 Dugald
1065 1836 33 25 A.
1107 1834 76 31 Gillis,
1195 1836 41 24 has
1249 1836 46 24 this
1306 1835 45 33 day

700 1888 55 26 been
766 1885 116 27 dissolved
890 1887 29 31 by
929 1885 91 27 mutual
1030 1890 104 25 consent,
1143 1886 38 25 the
1190 1885 50 26 said
1248 1885 102 27 William

700 1936 81 33 Mages
792 1935 69 34 Wing
872 1933 129 37 reponsibfc
1010 1935 36 25 for
1052 1933 30 26 all
1089 1933 119 27 liabilities
1216 1935 135 26 contracted

698 1985 29 34 by
741 1985 40 26 the
793 1985 51 25 said
854 1985 53 25 firm
919 1992 32 26 up
962 1988 23 21 to
997 1984 47 25 this
1055 1983 64 26 date.

880 2045 87 33 Signed
1029 2045 151 26 WILLIAM
1197 2044 122 28 MAGES.

1028 2092 141 28 DUGALD
1185 2094 32 26 A.
1234 2093 108 28 GILLIS

727 2155 244 29 Witness—William
983 2154 120 34 Kingwill.

696 2205 148 31 Cliarleston,
856 2205 42 26 4th
909 2205 64 32 May,
988 2206 63 23 1367.

720 2276 232 46 DISSOLUTION
1002 2275 43 26 OP
1103 2275 243 27 PARTNERSHIP.

726 2354 52 26 The
789 2353 149 35 partnership
948 2353 133 26 heretofore
1098 2353 131 33 subsisting
1239 2354 104 27 between

696 2388 40 27 the
757 2387 157 34 undersigned
926 2387 97 28 Patrick
1046 2387 92 28 O'Neill
1159 2388 47 26 and
1223 2389 122 27 Cornelius

696 2425 115 30 Gothard,
823 2424 73 26 under
906 2424 41 25 the
959 2422 60 34 style
1030 2431 27 17 or
1072 2424 53 24 firm
1146 2424 26 25 of
1192 2424 93 26 O'Neill
1297 2426 47 25 and

696 2459 113 31 Gothard,
822 2468 27 17 as
860 2459 124 31 Butchers,
1001 2462 25 22 at
1037 2457 147 33 Charleston,
1196 2459 20 25 is
1227 2459 116 28 dissolved

695 2494 31 33 by
738 2493 92 27 mutual
840 2497 104 23 consent.

726 2542 40 27 All
778 2543 67 26 debts
855 2542 46 26 due
912 2545 25 22 to
947 2542 47 26 and
1004 2542 30 33 by
1051 2542 41 26 the
1108 2542 49 26 said
1174 2542 52 26 firm
1249 2543 47 25 will
1317 2545 27 25 be

694 2578 105 28 received
815 2577 46 27 and
882 2577 54 35 paid
959 2579 29 32 by
1018 2577 116 26 Ebenezer
1156 2578 46 25 and
1221 2577 123 28 Cornelius

694 2614 115 30 Gothard,
821 2614 30 32 by
860 2615 76 23 whom
948 2613 40 25 the
999 2613 106 25 business
1113 2617 24 21 at
1145 2613 144 27 Charleston
1296 2614 47 26 will

693 2650 26 26 in
731 2650 82 25 future
824 2648 28 26 be
863 2647 90 27 carried
963 2655 38 19 on.

813 2695 266 34 Signed-PATRICK
1096 2697 138 26 O'NEILL.

931 2741 186 27 CORNELIUS
1141 2742 170 27 GOTHARD.

723 2789 241 29 Witness—Michael
982 2789 57 26 Fox.

755 2837 78 28 Dated
842 2836 50 28 this
903 2838 40 23 9;h
955 2838 43 30 day
1007 2838 103 30 «.iM:ty,
1128 2840 61 22 Im;7.

748 2906 3 27 ■
783 2908 21 25 0
835 2906 21 26 T
887 2906 13 25 I
931 2906 19 26 C
983 2906 18 24 E
1018 2906 89 24 —N.B.
1126 2906 40 24 All
1181 2906 66 25 debts
1257 2906 46 26 due
1319 2911 24 21 to

696 2993 38 18 t.ic
745 2985 72 25 alove
830 2982 52 26 firm
894 2985 68 22 must
980 2982 26 26 be
1018 2982 52 36 paid
1086 2991 29 18 on
1137 2989 27 17 or
1184 2982 79 27 before
1285 2983 58 34 May

696 3046 61 32 lcth,
845 3060 27 18 or
887 3052 150 35 proceedings
1061 3051 49 26 will
1125 3053 27 24 be
1172 3052 72 26 taken
1267 3055 24 23 to
1307 3061 24 17 re-

694 3128 67 18 cover
782 3123 30 27 he
829 3131 71 18 same.

745 3193 22 31 T
806 3194 26 30 II
871 3194 24 30 0
934 3193 28 31 S.
1062 3194 24 30 D
1126 3194 31 30 W
1195 3194 26 31 A
1258 3194 35 40 \

845 3248 208 30 COMMISSION
1070 3250 122 30 AGENT,

813 3299 38 25 for
867 3298 53 27 Sale
937 3307 44 18 one
992 3300 27 25 of
1029 3299 41 26 the
1087 3300 56 25 Best
1155 3299 113 27 Business
1281 3299 62 28 Sites

694 3375 23 27 in
730 3375 39 27 the
782 3379 63 23 town
856 3377 27 25 of
894 3376 146 33 Charleston,
1053 3376 56 27 with
1122 3376 117 35 buildings
1251 3377 92 27 erected

695 3448 104 31 thereon,
812 3447 99 27 suitablD
922 3448 37 26 for
970 3451 62 23 store
1042 3456 26 18 or
1079 3447 62 27 hotel
1150 3449 194 34 purposes,being

694 3526 13 18 a
718 3526 82 18 corner
810 3517 124 28 allotment
944 3527 30 17 on
986 3519 40 25 the
1037 3518 63 27 main
1112 3523 78 23 street.

724 3589 43 25 Fsr
775 3588 146 34 particulars,
933 3588 71 34 arply
1015 3588 72 33 early.

999 3659 95 31 THOS,
1110 3660 113 31 DWAN,

906 3709 36 26 At
953 3708 116 34 Hennelly
1082 3709 45 26 and
1140 3708 114 34 Millen's,

1168 3758 146 26 Charleston.

966 3835 88 43 [card
1065 3835 10 44 ]

717 3904 165 37 kJFSSRS.
941 3906 227 32 ROBERTSON
1215 3908 23 29 &
1276 3906 67 32 CO..

823 3983 395 28 AUCTIONEERS.

697 4056 106 42 Stock
838 4057 192 52 Salesmen,
1066 4060 151 41 General
1244 4061 75 40 Com-

741 4138 141 40 mission
899 4139 146 54 Agents,
1057 4141 68 38 and
1143 4141 199 40 Valuators.

765 4301 27 26 P.
809 4301 29 26 n.
849 4303 155 31 ELLIOTS,
1020 4304 74 33 Nag's
1113 4304 66 27 He:.d
1196 4304 77 27 Hotel.

831 4379 169 28 HORSE
1046 4383 164 28 SALES

697 4440 37 27 On
745 4439 130 34 Saturdays
885 4446 24 22 at
922 4444 13 23 2
952 4442 98 33 o'clock,
1068 4448 25 22 at
1115 4445 146 26 Crewdson's
1273 4444 74 34 Royal

936 4490 71 27 Hotel
1019 4492 91 34 Yards,.

1013 4555 197 27 ROBERTSON
1226 4557 21 25 &
1265 4556 51 27 CO.

698 4624 156 28 SUPREME
880 4627 111 27 COURT
1017 4629 42 25 OF
1085 4629 74 26 NEW
1182 4631 166 32 ZEALAND,

841 4704 186 27 WESTLAND
1044 4705 158 29 DISTRICT.

803 4792 164 26 itonnirTF

790 4840 116 27 Hokitiki
915 4840 90 28 Circuit
1017 4843 74 27 Court
1103 4845 37 26 for
1151 4845 40 27 the
1202 4845 109 37 dispatch
1323 4848 26 26 of

791 4890 115 29 Criminal
916 4891 47 26 and
974 4892 62 26 Civil
1053 4894 113 26 Business
1186 4896 48 26 will
1251 4898 27 24 be
1296 4898 53 27 held

793 4941 27 23 at
836 4938 41 26 the
894 4938 113 34 Supreme
1024 4940 73 26 Court
1122 4941 88 33 House,
1225 4943 124 33 Hokitika,

791 4993 31 19 on
834 4985 154 34 Wednesday,
1011 4988 40 25 the
1063 4988 111 29 fifteenth
1195 4990 46 35 day
1254 4992 26 26 of
1291 4992 57 34 May

794 5038 64 26 next,
870 5039 25 20 at
911 5033 82 28 eleven
1009 5036 90 27 o'clock
1111 5039 24 25 in
1157 5040 41 25 the
1221 5042 111 26 forenoon
1344 5054 5 19 ;

793 5086 25 22 at
839 5082 77 26 which
927 5082 65 35 place
1003 5084 46 26 and
1060 5086 58 26 time
1129 5086 30 27 all
1171 5096 96 26 persons
1278 5091 73 26 under

796 5131 178 33 recognizances
996 5140 27 18 or
1039 5133 125 29 otherwise
1184 5137 77 27 bound
1278 5142 24 23 to
1313 5148 26 27 ap-

793 5186 56 26 pear
859 5186 26 17 as
896 5184 146 29 prosecutors
1046 5181 142 28 defendants
1193 5192 27 18 or
1230 5183 121 30 witnesses

795 5233 39 20 are
843 5226 79 27 bound
932 5229 26 25 to
968 5228 54 34 give
1033 5229 59 29 tbeir
1103 5232 146 29 attendance.

737 5384 113 36 Supreme
864 5384 72 27 Court
948 5385 77 33 Office,

802 5434 56 25 26th
872 5433 75 34 April,
962 5437 54 23 1867

969 5298 131 28 ROBERT
1117 5301 145 34 ABBOTT,

1194 5355 128 34 Registrar.

1422 151 293 68 3ERVICE
1737 150 46 26 will
1803 151 24 24 lie
1847 150 53 24 held
1916 151 109 23 to-morro

1489 190 21 24 in
1524 188 35 25 :hi
1593 195 109 18 .orcnoon
1722 191 23 21 at
1758 186 88 30 eleven,
1869 184 23 25 in
1914 183 41 26 the
1966 184 60 26 Cow

1408 235 48 17 ~,us
1591 221 102 33 evening
1703 227 25 20 ui
1739 228 77 23 seven,
1826 223 25 23 at
1862 219 41 26 the
1913 218 86 28 C>ino
2020 219 10 24 d

1401 263 59 24 Veni
1477 263 17 24 <.

1767 289 71 28 REV.
1855 289 22 27 J.
1895 287 118 28 WHITE.

1433 376 38 31 To
1484 372 174 43 Speculators,
1676 370 148 32 Merchant*
1834 367 52 31 and
1900 369 105 30 Others.

1484 459 134 27 MESSRS.
1639 452 191 31 KOBKUTSON
1849 454 20 27 &
1894 454 51 26 CO.

1543 524 56 24 been
1611 517 96 27 favored
1720 517 57 26 with
1785 517 150 26 instructions
1948 519 24 22 to
1983 516 45 26 offe

1392 602 36 24 for
1441 600 97 26 Private
1551 599 53 26 Sale

1449 671 51 25 One
1526 671 26 25 of
1582 670 39 26 the
1648 669 49 27 bert
1728 665 89 37 paying
1856 665 128 29 HOTELS
2012 668 14 25 ii

1511 717 147 28 Charleston.

1418 769 36 24 Th
1458 776 10 8 n
1491 767 54 32 only
1567 774 81 18 reason
1670 766 40 25 the
1722 764 124 36 propriety
1858 765 84 25 wishes
1954 768 23 22 to
1988 764 32 26 dis-

1387 811 55 27 pose
1453 804 26 24 of
1492 802 46 26 this
1549 801 64 33 truly
1625 800 106 26 valuable
1741 804 104 29 property
1856 800 20 25 is
1891 807 30 18 on
1933 802 97 24 account

1387 839 26 24 of
1425 837 23 25 ill
1462 835 85 28 health.

1611 881 195 27 KOBKUTSON
1823 882 42 26 ind
1886 882 57 30 CO.,

1836 926 165 26 Auctioneers.

1418 963 57 32 May
1487 963 49 30 9th,
1552 964 63 24 18C7.

1387 1046 179 53 Westport
1590 1045 66 39 and
1679 1042 205 45 .Charlestai
1911 1044 94 40 Tram-

1453 1149 77 37 way
1557 1134 179 51 Company
1763 1133 192 53 (Limited.)

1406 1231 10 23 K
1467 1230 117 25 VVV.UC
1616 1230 151 26 MEETING
1866 1230 27 25 be
1924 1228 54 26 held
2003 1232 24 22 at

1383 1306 94 28 Creed's
1495 1306 156 28 Commercial
1668 1305 79 34 Hotel,
1759 1307 142 33 Charapon,
1919 1311 26 22 at
1956 1315 67 19 B'jvcn

1381 1376 91 28 o'clock
1493 1388 14 16 o
1547 1380 105 31 Monday
1674 1378 109 31 evening,
1803 1378 34 26 the
1860 1378 54 26 13th
1936 1378 46 33 day
2001 1380 26 24 of

1383 1447 65 35 May,
1465 1448 57 28 with
1543 1449 119 26 reference
1685 1452 24 23 to
1730 1448 41 27 the
1793 1448 123 27 femation
1936 1448 27 27 of
1978 1449 47 26 this

1381 1518 129 34 Company.

1409 1639 129 33 Westport.

1661 1553 29 27 H.
1711 1554 24 26 E.
1753 1553 182 32 CAM?BELL,

1861 1602 62 26 Hen.
1941 1603 50 25 Sec.

1425 1719 102 40 Coals
1549 1720 7 38 !
1639 1719 103 40 Coals
1763 1720 8 39 !
1841 1719 104 42 Coals
1964 1720 6 41 !

1396 1841 78 27 PHE
1505 1841 154 34 undersigned
1677 1842 20 25 is
1710 1850 51 17 now
1778 1842 106 34 pr.;Arcd
1896 1846 24 22 to
1938 1841 83 37 supply

1376 1935 106 28 COALS
1493 1935 26 24 of
1529 1933 41 27 the
1580 1933 22 26 b.
1622 1938 7 22 t
1644 1934 91 34 quality
1748 1935 24 26 in

1406 2022 87 26 Orders
1503 2018 106 28 received
1621 2022 25 22 at
1657 2019 40 26 the
1712 2019 56 27 Covl
1785 2020 68 27 Office
1868 2023 27 23 at
1911 2020 41 27 the
1973 2020 47 33 Pit,

1374 2114 25 17 or
1409 2109 25 22 at
1446 2105 39 26 the
1496 2105 85 26 Pakilri
1593 2104 77 27 Hotel.

1655 2210 116 26 HARRY
1788 2200 96 36 M<t§N
1900 2210 21 26 &
1939 2210 49 27 CO.

1486 2280 109 39 Star
1665 2281 234 52 Brewery.

1434 2389 93 26 ARRY
1554 2387 100 28 MANN
1680 2387 90 33 havh.g
1799 2395 51 18 now
1871 2388 89 34 opened
1981 2388 36 26 his

1374 2467 107 31 Brewery
1503 2467 21 26 is
1545 2474 52 18 now
1620 2465 111 35 prepared
1748 2469 25 23 to
1794 2465 82 35 supply
1895 2467 40 26 the
1949 2467 54 27 inha-

1370 2536 89 27 bitants
1475 2538 27 25 of
1523 2535 139 28 Charleston
1683 2535 47 26 and
1751 2536 41 26 the
1803 2537 157 33 surrounding
1970 2537 35 25 dis-

1370 2608 67 24 trlcls
1449 2607 58 25 wilh
1521 2607 41 26 the
1573 2608 50 24 best
1639 2606 92 34 quality
1742 2607 26 25 of
1783 2603 45 31 Ale
1840 2610 25 24 at
1877 2603 13 40 L
1903 2603 12 40 7
1928 2603 37 40 10s
1976 2617 40 26 per

1399 2749 74 26 Fresh
1486 2749 75 26 Yeast
1575 2749 90 33 always
1679 2757 31 18 on
1722 2749 69 28 hand.

1387 2888 12 28 '.
1458 2887 21 31 F
1509 2887 109 31 ISII
1641 2888 21 30 K
1683 2888 24 30 R
1766 2888 117 30 AND
1935 2888 77 31 CO.

1625 2999 135 35 Importers,

1371 3100 170 54 Shipping
1554 3100 67 39 and
1633 3099 228 42 Commission
1873 3099 142 55 Agents,

1592 3223 66 25 THE
1677 3222 121 27 BEACH.

1516 3534 36 26 To
1562 3534 77 26 arrive
1649 3542 42 27 per

1430 3599 43 23 200
1489 3596 57 33 bags
1557 3599 52 23 oats

1460 3661 14 24 3
1491 3662 52 23 tons
1554 3660 57 25 bran

1460 3725 13 24 8
1515 3743 13 11 „
1560 3721 67 27 chaff

1445 3788 29 22 25
1515 3805 14 11 „
1561 3787 104 31 potatoes

1462 3849 13 22 3
1517 3865 14 12 „
1561 3849 89 22 carrots

1430 3910 44 22 200
1489 3907 58 33 bags
1558 3905 58 27 malt

1460 3976 14 22 2
1490 3976 53 22 tons
1552 3972 83 26 cheese

1445 4037 29 24 30
1489 4034 58 34 kegs
1557 4035 80 26 butter

1434 4100 41 22 100
1491 4105 66 17 cases
1568 4100 65 22 stent

1372 4172 298 41 ALBION
1745 4172 272 51 HOTEL,

1447 4260 305 40 GIADSTONE-STiiEET,
1776 4262 167 31 WesTIORT.

1465 4418 133 27 GEORGE
1616 4418 118 31 WHITE,
1761 4419 161 27 Proprietor

1461 4568 39 26 W.
1521 4569 57 32 begs
1597 4571 25 22 to
1639 4567 88 26 inform
1745 4568 38 25 his
1802 4569 88 27 friends
1910 4570 47 26 and
1978 4570 41 27 the

1374 4645 93 31 mining
1477 4643 147 32 community
1637 4642 23 26 in
1673 4641 95 33 general
1781 4643 59 33 that,
1851 4645 88 32 having
1954 4655 48 17 com-

1374 4712 78 37 pleted
1462 4713 41 26 the
1514 4712 74 26 above
1599 4709 71 33 hotel,
1682 4711 28 26 he
1722 4711 19 26 is
1759 4713 110 34 prepared
1881 4718 22 22 to
1914 4715 58 27 offer
1983 4725 25 17 ac-

1374 4782 174 28 commodation
1559 4781 85 27 second
1655 4786 24 21 to
1691 4790 61 17 none
1763 4791 29 16 on
1806 4783 40 25 the
1859 4784 85 27 Bullcr.

1465 4886 76 26 DR.
1583 4885 327 31 ROCKSTROW

1638 4953 124 31 SIUGEON.

1588 5052 112 27 Bellevue
1717 5054 107 34 Cottage,

1484 5121 221 34 HERBERT-ST.,
1724 5123 190 33 WESTPORT.

1494 5216 88 29 OTTO
1622 5218 284 42 WIESENHAVERX,

1378 5301 209 28 WHOLESALE
1604 5304 20 25 &
1642 5304 124 27 RETAIL
1788 5306 236 35 TOBACCONIST,

1393 5379 98 34 Nelson,
1508 5381 124 34 Hokitika,
1644 5384 155 33 Greymouth,
1820 5385 122 30 Bleuhdim
1959 5389 45 27 and

1609 5452 186 29 WESTPORT.
1873 5428 33 55 J

2199 148 190 30 PROsP
2409 148 23 32 E
2453 149 21 30 C
2494 150 22 28 T
2536 149 65 31 us

2121 329 210 28 TESTPOKT
2360 331 78 27 AND
2462 331 251 28 CHARLESTON

2129 421 255 40 TRAMWAY
2411 423 245 42 COMPANY,

2323 528 135 36 [UMITKD,]

2063 617 35 25 To
2115 617 28 25 l)e
2159 616 127 33 registered
2304 617 73 25 under
2394 618 40 25 the
2556 618 74 28 Stock
2643 618 51 28 Com-

2260 680 83 33 pany's
2355 681 54 29 Act,

2058 863 99 35 Capital,
2168 867 109 28 £14,000,
2295 863 91 27 divided
2398 865 49 24 into
2459 867 65 28 3,500
2537 865 79 26 shares
2628 866 27 25 of
2674 867 31 24 iM

2117 935 56 26 each
2183 945 6 21 ;
2209 937 39 23 10s
2264 938 25 21 to
2307 935 28 26 be
2353 934 52 34 paid
2416 942 30 18 on
2457 934 150 34 application,
2622 938 39 23 10s
2677 944 29 19 on

2115 1004 130 31 allotment,
2252 1004 46 25 and
2308 1005 40 25 the
2359 1003 134 34 balancebj
2503 1004 151 26 instalments
2665 1009 40 21 not

2114 1076 128 33 exceeding
2256 1079 32 23 £1
2307 1076 58 26 each
2382 1084 40 26 per
2440 1077 91 30 month,
2544 1076 62 27 from
2616 1077 54 26 date
2680 1077 27 26 of

2056 1139 4 34 '
2062 1140 22 18 '■*
2092 1139 154 34 -"'iti&niptit-.

2230 1319 147 28 Provisional
2389 1319 149 28 Committee.

2113 1393 81 33 Henry
2207 1394 101 33 Wright,
2324 1395 64 33 Esq.,
2405 1396 100 31 M.P.C.,
2522 1396 122 33 Westport

2110 1454 94 27 Arthur
2215 1455 158 36 Beauchamp,
2385 1457 67 32 Esq.,
2466 1457 117 34 Westport

2111 1516 37 27 M.
2161 1517 109 31 M'Lean,
2281 1517 63 32 Esq..
2355 1517 122 34 Westport

2109 1578 31 27 H.
2152 1579 27 26 E.
2188 1578 128 37 Campbell,
2329 1580 46 33 Esq
2387 1601 5 9 ,
2405 1580 120 34 Westport

2108 1641 23 26 J.
2142 1641 31 26 V.
2185 1641 84 32 Smith,
2282 1641 62 33 Esq.,
2357 1642 120 33 Westport

2107 1705 39 28 W.
2158 1707 84 30 Ferris,
2254 1707 63 32 Esq.,
2329 1707 121 33 Westport
2458 1723 8 12 *

2107 1769 22 26 J.
2143 1768 82 31 Creel,
2235 1769 63 32 Esq.,
2316 1768 139 27 Charleston

2107 1832 72 33 Hugh
2190 1831 61 33 Neil,
2262 1832 64 33 Esq.,
2335 1831 122 35 Westport

2107 1894 90 32 George
2208 1893 87 31 Jervis,
2305 1893 64 32 Esq.,
2380 1893 122 33 Westport

2106 1956 30 26 A.
2147 1956 34 26 H.
2194 1955 71 33 King,
2276 1955 64 33 Esq.,
2347 1955 122 34 Westport

2106 2019 29 26 G.
2147 2017 106 31 Hudson,
2265 2017 62 33 Esq.,
2333 2017 121 34 Westport

2104 2078 24 28 J.
2139 2078 33 28 H.
2185 2078 96 33 Gibson,
2291 2078 63 33 Esq,,
2363 2078 123 33 Westport

2103 2142 28 26 B.
2143 2140 124 35 Colreavy,
2278 2141 64 32 Esq.,
2354 2139 139 28 Charleston

2133 2203 68 25 With
2213 2210 76 26 power
2298 2205 25 22 to
2333 2201 44 26 add
2387 2204 25 23 to
2422 2201 63 26 their
2496 2202 108 25 number.

2308 2290 126 28 Bankers:

2154 2357 57 32 The
2225 2358 77 30 Bank
2321 2358 29 31 of
2369 2356 69 31 New
2452 2358 129 29 Zealand.

2231 2455 124 32 Honorary
2367 2453 122 34 Secretary
2502 2453 4 34 :

2191 2517 36 31 IT.
2254 2516 30 32 E.
2307 2516 146 40 Campbell,
2474 2518 70 40 Esq..

2322 2615 98 27 Offices:

2170 2679 231 38 Freeman-street,
2418 2679 150 43 Westport.

2261 2802 7 5 •
2312 2802 3 9 •
2340 2802 28 9 •<■•■

2070 2869 60 25 This
2141 2868 121 34 Company
2273 2868 20 25 is
2311 2867 91 27 formed
2423 2868 39 25 for
2482 2868 40 26 the
2544 2876 99 26 purpose
2665 2869 28 25 of

2041 2903 81 33 laying
2141 2911 16 17 a
2176 2904 59 24 Line
2256 2904 26 24 of
2298 2904 126 31 Tramway
2442 2904 61 24 from
2527 2904 120 33 Westport
2667 2908 25 21 to

2041 2937 148 31 Charleston,
2201 2939 37 24 for
2249 2938 40 26 the
2300 2946 149 25 conveyance
2460 2939 27 24 of
2498 2946 138 26 passengers
2646 2939 45 26 and

2042 2973 72 33 goods
2130 2977 25 22 to
2172 2972 47 27 and
2236 2974 61 24 from
2310 2974 65 24 these
2392 2972 76 36 places
2485 2973 46 25 and
2547 2974 40 26 the
2599 2975 93 26 various

2041 3009 163 26 intermediate
2215 3008 111 27 stations.

2072 3079 52 25 The
2145 3078 141 26 Committee
2309 3078 59 25 have
2394 3078 71 27 much
2493 3079 148 25 satisfaction
2667 3079 25 25 in

2044 3114 89 33 stating
2144 3114 53 25 that
2208 3112 129 35 protection
2348 3113 43 25 has
2402 3113 56 27 been
2471 3114 99 33 granted
2586 3118 24 22 to
2627 3115 64 25 them

2044 3151 30 33 by
2085 3150 38 25 Mr
2134 3148 184 27 Commissioner
2332 3148 156 34 Kynncrsley,
2507 3149 39 26 the
2566 3151 77 24 officer
2658 3158 24 17 re-

2044 3184 133 36 presenting
2197 3184 40 26 the
2260 3182 133 30 Provincial
2405 3185 168 28 Government,
2592 3186 39 26 for
2651 3185 40 27 the

2043 3220 90 34 ground
2154 3227 56 19 over
2231 3220 76 26 which
2326 3220 40 25 the
2378 3220 127 32 Tramway
2525 3228 87 27 passes,
2634 3222 58 24 with

2044 3256 114 26 sufficient
2177 3262 54 19 area
2248 3255 26 25 of
2290 3254 90 34 ground
2392 3255 37 25 for
2440 3255 99 26 stations
2556 3255 46 26 and
2618 3257 75 26 offices

2044 3293 77 25 where
2131 3290 122 33 required;
2265 3290 45 26 and
2321 3290 50 27 that
2383 3299 25 17 as
2420 3299 56 17 soon
2483 3299 26 17 as
2518 3290 46 28 this
2571 3292 122 34 Company

2044 3335 43 18 can
2105 3326 64 25 show
2181 3330 23 21 to
2217 3325 37 25 his
2272 3325 149 26 satisfaction
2440 3326 51 25 that
2511 3326 56 32 they
2586 3334 39 18 are
2643 3326 51 26 able

2044 3361 46 28 and
2105 3360 90 33 willing
2206 3364 23 22 to
2239 3368 68 25 carry
2318 3365 41 21 out
2376 3361 41 25 the
2428 3361 166 33 undertaking,
2606 3362 29 25 he
2646 3361 48 27 will

2044 3405 70 19 cause
2125 3405 14 16 a
2155 3403 84 26 survey
2251 3397 26 23 of
2296 3396 39 25 the
2352 3396 60 26 Line
2432 3399 25 22 to
2474 3397 29 25 be
2521 3396 67 26 made
2603 3397 50 26 free
2669 3398 26 25 of

2044 3439 101 28 expense
2157 3435 23 22 to
2196 3431 40 26 the
2248 3431 130 33 Company.

2074 3504 52 24 The
2137 3504 111 23 entrance
2263 3505 25 22 to
2299 3502 138 26 Charleston
2451 3501 91 27 Harbor
2559 3502 19 25 is
2596 3502 26 25 of
2638 3502 58 25 such

2044 3547 13 18 a
2072 3539 131 33 dangerous
2218 3540 84 23 nature
2312 3546 26 16 as
2351 3540 23 22 to
2385 3537 82 26 render
2476 3537 123 26 insurance
2610 3537 71 34 impos-

2046 3574 64 29 sible,
2121 3572 45 26 and
2178 3572 52 33 chip
2243 3580 90 17 owners
2344 3572 100 26 demand
2457 3571 88 32 freight
2561 3573 24 24 in
2603 3580 79 25 propor-

2046 3645 89 29 mouth,
2157 3642 46 25 and
2215 3643 66 26 other
2302 3641 76 36 ptaces
2400 3647 24 21 to
2445 3643 52 25 that
2519 3647 58 29 port.
2611 3643 84 33 Heavy

2046 3680 71 26 losses
2125 3680 60 25 have
2196 3678 57 26 been
2262 3678 118 26 sustained
2389 3678 92 33 already
2487 3681 24 22 at
2518 3677 139 27 Charleston
2670 3678 23 25 in

2046 3720 158 27 consequence
2216 3713 26 25 o?
2253 3713 40 26 the
2304 3716 61 23 state
2376 3714 27 25 of
2420 3713 39 26 the
2471 3713 90 31 harbor,
2572 3713 46 26 and
2629 3713 67 27 these

2046 3759 55 25 may
2113 3751 27 25 be
2150 3749 136 32 constantly
2297 3747 83 27 looked
2397 3749 38 24 for
2451 3756 26 17 as
2495 3747 56 35 long
2566 3756 26 17 as
2610 3747 85 27 vessels

2046 3789 98 23 venture
2165 3784 50 25 into
2237 3784 52 24 that
2301 3787 57 30 port.
2391 3784 52 25 The
2460 3782 132 27 excellence
2609 3784 25 24 of
2655 3784 40 25 the

2046 3820 120 35 Wcstport
2177 3819 93 26 Harbor
2291 3820 19 24 is
2330 3817 114 28 admitted
2466 3819 31 32 by
2516 3818 31 26 all
2565 3819 52 24 who
2635 3819 60 25 have

2046 3864 54 17 seen
2121 3855 26 30 it,
2165 3852 156 36 professional
2333 3847 10 15 Y
2344 3853 43 25 and
2409 3853 69 25 other
2493 3862 103 25 persons,
2610 3853 47 27 and
2676 3853 18 25 it

2046 3890 91 26 follows
2149 3898 25 16 as
2181 3898 15 16 a
2208 3888 91 26 natural
2312 3896 160 24 consequence
2484 3887 50 27 that
2547 3889 148 32 shipowners

2046 3925 47 26 will
2105 3924 113 34 willingly
2230 3924 78 34 prefer
2327 3932 29 17 an
2375 3923 122 26 extension
2515 3924 26 24 of
2561 3932 97 25 voyage,
2669 3931 26 18 as

2046 3961 40 26 the
2097 3961 46 25 few
2155 3964 67 22 extra
2238 3958 67 26 miles
2326 3959 104 25 between
2453 3959 40 25 the
2514 3963 47 21 two
2581 3958 78 35 places
2674 3958 21 26 is

2045 3994 104 33 scarcely
2161 3994 73 27 worth
2243 3994 174 26 consideration
2436 3994 66 26 when
2520 3993 19 26 it
2561 4002 91 18 secures
2669 4002 25 17 so

2045 4031 52 26 safe
2103 4029 46 27 and
2157 4029 160 26 commodious
2333 4036 14 18 a
2357 4028 86 26 harbor
2456 4028 4 31 ;
2479 4033 24 22 at
2515 4029 40 26 the
2568 4029 127 26 sometime

2045 4067 57 33 they
2109 4074 47 21 .can
2168 4065 72 27 afford
2260 4069 24 21 to
2299 4065 85 33 charge
2401 4073 14 16 a
2432 4065 71 25 much
2520 4064 71 28 lower
2606 4069 51 21 rate
2669 4066 26 25 of

2044 4102 89 32 freight
2143 4101 58 24 than
2213 4101 56 31 they
2279 4101 126 24 otherwise
2421 4099 76 26 would
2512 4100 99 26 demand
2629 4102 37 23 for
2681 4109 14 17 a

2044 4137 91 25 shorter
2146 4144 97 23 voyage,
2255 4143 26 17 as
2292 4135 23 24 in
2328 4135 40 25 the
2379 4142 44 18 one
2446 4142 53 18 case
2520 4135 46 25 loss
2587 4136 26 25 of
2634 4135 61 26 their

2044 4170 89 28 vessels
2155 4171 20 25 is
2195 4170 132 30 imminent,
2339 4169 20 25 if
2380 4178 64 17 some
2463 4170 84 33 speedy
2559 4170 46 26 and
2622 4171 73 34 cheap

2044 4207 67 26 mode
2121 4207 27 24 of
2158 4213 149 25 conveyance
2317 4206 62 25 from
2388 4205 120 33 Westport
2520 4210 25 21 to
2557 4205 137 27 Charleston

2044 4251 62 18 were
2123 4240 151 31 established,
2287 4241 57 25 such
2362 4248 26 17 as
2406 4240 47 25 this
2465 4241 122 34 Company
2599 4249 96 26 propose

2044 4279 30 31 by
2085 4278 39 26 tho
2136 4276 133 32 Tramway.
2307 4276 52 25 This
2373 4276 120 32 Company
2511 4284 43 17 can
2566 4276 57 25 with
2640 4284 41 17 con-

2044 4313 90 26 fidence
2151 4315 61 21 state
2230 4311 53 26 that
2300 4311 56 32 they
2368 4308 47 27 will
2426 4310 27 25 b:>
2465 4309 96 28 enabled
2572 4314 24 22 to
2606 4310 87 27 deliver

2044 4348 72 34 goods
2127 4349 23 24 at
2159 4345 136 27 Charleston
2307 4346 61 24 from
2380 4346 40 24 the
2429 4349 59 22 most
2500 4345 88 26 distant
2596 4345 98 27 colonial

2044 4387 70 29 ports,
2128 4381 36 26 via
2176 4382 127 31 Westport,
2316 4385 22 20 ot
2361 4389 14 15 a
2396 4380 70 25 lower
2478 4386 47 19 rate
2545 4382 27 23 of
2590 4382 104 29 carriage

2044 4418 58 25 than
2119 4413 13 35 i
2146 4413 13 35 3
2173 4413 40 35 now
2229 4414 52 34 paid
2299 4415 38 25 for
2354 4413 86 34 freight
2454 4418 24 21 to
2490 4414 53 24 that
2554 4414 66 33 place
2631 4415 63 23 from

2044 4452 40 26 the
2097 4453 93 24 nearest
2201 4453 59 29 port.

2074 4523 51 25 The
2137 4524 92 32 present
2246 4523 91 30 towage
2353 4520 101 34 charged
2471 4524 24 23 at
2507 4521 118 26 Hokitik*
2644 4520 46 27 and

2046 4556 147 34 Greyrnouth
2213 4563 30 18 on
2264 4555 89 27 vessels
2372 4556 108 34 entering
2490 4557 68 25 those
2569 4559 65 31 ports
2647 4555 47 27 will

2046 4595 24 25 be
2083 4592 129 32 altogether
2233 4591 71 26 saved
2322 4591 30 32 by
2363 4591 87 25 vessels
2460 4591 99 31 making
2568 4593 39 23 tor
2618 4591 62 26 West-

2046 4631 50 31 port
2107 4626 80 29 direct,
2199 4633 25 18 as
2237 4626 55 33 they
2301 4633 43 17 can
2357 4629 24 22 at
2393 4634 46 25 any
2448 4626 56 25 time
2516 4630 66 21 enter
2593 4626 100 25 without

2046 4663 57 25 such
2114 4663 138 27 assistance,
2264 4660 45 26 and
2321 4660 47 25 will
2380 4660 167 32 consequently
2560 4661 27 24 be
2598 4660 97 26 enabled

2046 4702 23 21 to
2079 4703 68 27 carry
2157 4695 72 33 goods
2240 4699 24 21 at
2276 4695 70 25 much
2357 4694 70 26 lower
2438 4699 62 21 rates
2511 4705 5 20 ;
2533 4694 54 28 this,
2594 4694 100 26 without

2046 4732 82 31 taking
2140 4732 49 24 into
2199 4734 98 22 recount
2309 4730 39 25 the
2359 4730 57 25 item
2429 4730 25 24 of
2474 4730 130 31 insurance,
2617 4730 75 25 which

2046 4770 24 22 at
2078 4770 92 30 present
2182 4766 20 24 is
2213 4766 75 25 either
2300 4773 54 24 very
2361 4765 157 25 considerahle
2528 4772 26 17 or
2563 4764 132 34 impossible

2046 4806 24 20 to
2095 4801 68 25 effect
2189 4808 30 16 on
2247 4798 86 26 vessels
2354 4800 108 31 entering
2483 4798 150 33 Charleston,
2648 4799 45 25 and

2046 4834 77 27 would
2133 4836 37 25 for
2181 4834 67 26 West
2252 4838 48 30 port
2311 4834 28 25 be
2349 4833 90 35 greatly
2451 4833 105 27 reduced.

2077 4908 51 24 The
2137 4909 92 30 present
2241 4913 126 24 passenger
2381 4906 75 24 tiafflc
2473 4906 104 25 between
2589 4905 40 25 the
2646 4908 47 22 two

2046 4941 78 34 places
2145 4941 20 25 is
2186 4939 106 33 growing
2307 4938 70 32 daily,
2389 4939 46 25 and
2450 4943 60 22 most
2521 4940 27 24 of
2564 4939 66 26 those
2640 4940 53 25 who

2047 4984 52 17 now
2110 4974 75 26 travel
2197 4982 39 18 are
2246 4972 126 35 compelled
2383 4978 23 21 to
2417 4975 30 25 do
2458 4982 25 18 so
2493 4982 30 18 on
2535 4975 59 31 foot,
2603 4974 25 25 in
2640 4981 40 19 con-

2048 5018 114 25 sequence
2173 5010 26 25 of
2219 5009 40 26 the
2279 5008 57 33 high
2353 5009 74 34 prices
2448 5009 99 34 charged
2568 5010 37 25 for
2626 5009 67 27 horse

2048 5047 57 27 hire,
2116 5045 46 26 and
2173 5045 40 24 the
2224 5044 149 31 uncertainty
2385 5045 26 24 of
2423 5045 61 24 their
2495 5048 79 22 return
2586 5044 82 26 within
2680 5053 13 17 a

2050 5078 134 28 reasonable
2195 5079 65 25 time.
2293 5079 21 25 It
2331 5080 20 24 is
2365 5078 134 26 considered
2510 5080 51 25 that
2573 5080 40 25 the
2622 5082 71 24 traffic

2050 5115 45 26 will
2107 5116 27 25 be
2147 5114 72 26 much
2238 5113 117 27 increased
2367 5114 67 25 when
2452 5122 63 19 some
2533 5123 62 17 more
2611 5122 69 19 conve-

2050 5152 64 24 nient
2127 5150 66 25 mode
2203 5149 26 23 of
2241 5157 147 24 conveyance
2405 5150 19 24 is
2445 5149 147 26 established.
2635 5150 22 24 It
2674 5151 20 24 is

2049 5184 126 26 estimated
2186 5188 24 19 at
2222 5182 40 25 the
2269 5181 81 28 lowest
2362 5184 51 23 that
2424 5183 41 24 the
2470 5188 91 29 present
2570 5191 125 26 passenger

2050 5218 75 29 traffic
2136 5218 105 27 between
2252 5217 40 26 the
2303 5222 48 22 two
2366 5218 129 35 townships
2511 5219 21 26 is
2550 5219 107 35 upwards
2669 5219 26 26 of

2051 5257 43 24 300
2112 5262 40 25 per
2173 5254 66 25 week
2251 5257 51 23 eact
2314 5262 59 23 way,
2385 5254 54 29 this,
2455 5262 25 18 at
2495 5258 38 22 10s
2544 5255 65 28 each,
2620 5254 75 26 would

2051 5288 82 27 realize
2145 5287 64 27 L3OO
2221 5287 98 33 weekly.
2361 5289 51 24 The
2424 5289 71 30 poods
2512 5290 72 24 traffic
2602 5297 56 25 may
2668 5289 28 25 be

2052 5327 34 22 ;.et
2097 5322 67 26 down
2175 5326 24 21 at
2211 5325 45 23 300
2267 5326 53 22 tons
2335 5331 40 25 per
2386 5324 66 24 week
2469 5327 24 22 at
2514 5322 75 32 least;
2608 5322 87 34 shortly

2051 5359 62 25 after
2125 5357 39 25 the
2181 5356 48 26 line
2249 5357 19 25 is
2280 5356 88 36 opened
2389 5358 38 25 for
2447 5360 79 29 traffic,
2537 5358 78 26 which
2627 5362 25 22 at
2662 5359 34 25 L2

2052 5401 40 27 per
2112 5396 51 25 ton,
2184 5391 78 27 would
2282 5392 83 27 realize
2385 5393 72 31 L6OO,
2480 5395 55 25 thus
2562 5394 104 33 forming
2683 5402 14 17 a

2053 5428 90 31 weekly
2154 5428 92 24 income
2259 5428 25 26 of
2295 5429 72 27 L9OO,
2379 5429 61 25 from
2453 5429 75 25 which
2551 5436 62 25 may,
2624 5433 24 21 at
2658 5429 40 26 the

2054 5464 95 26 utmost,
2172 5462 26 25 be
2221 5461 71 26 taken
2315 5463 64 25 LSOO
2400 5470 39 25 per
2462 5463 63 26 week
2542 5464 38 25 for
2592 5463 106 32 working

2749 154 118 27 expenses,
2890 155 61 18 wear
2977 148 45 26 and
3051 153 58 24 tear,
3130 148 45 25 and
3201 149 66 25 other
3293 149 97 31 charges

2748 183 92 32 against
2851 184 40 25 the
2902 192 122 26 company,
3036 185 45 24 and
3098 185 66 26 there
3176 183 75 26 would
3262 185 54 26 then
3338 184 27 25 be
3376 192 14 16 a

2747 219 61 25 clear
2820 223 38 21 net
2871 219 69 33 profit
2960 220 26 25 of
3005 220 64 26 L4OU
3090 228 15 26 p
3107 218 3 36 (
3119 228 11 16 r
3146 219 72 25 week.
3250 220 22 24 It
3286 228 54 25 may
3363 218 26 24 h*

2746 252 135 29 reasonable
2893 254 143 35 anticipated
3047 255 52 26 that
3110 254 40 27 the
3172 254 98 26 number
3291 256 26 23 of
3338 263 37 25 pns-

2745 296 94 25 sengers
2851 288 47 26 will
2919 294 23 21 at
2964 289 58 27 least
3041 291 26 24 be
3090 289 87 28 trebled
3198 298 55 17 soon
3274 290 63 25 after
3348 290 39 25 the

2745 325 54 25 road
2815 325 19 24 is
2844 325 96 32 opened.

2773 396 51 25 The
2834 395 47 25 line
2892 396 26 24 of
2929 402 66 20 rouu-
3008 397 18 25 \*
3037 395 83 27 almost
3142 404 14 17 a
3175 396 58 26 dead
3254 395 66 29 level,
3341 395 45 26 nnd

2743 431 15 24 it
2772 431 41 24 has
2821 431 56 24 been
2890 432 123 24 estimated
3024 433 28 31 l>y
3070 434 133 32 competent
3217 437 97 28 persons
3335 431 51 24 that

2742 465 39 26 the
2792 466 125 32 Tramway
2930 465 46 26 will
2994 470 39 22 not
3045 472 49 19 cost
3113 474 64 17 more
3194 466 57 25 than
3270 466 65 25 L>f>o
3346 474 40 26 per

2742 500 60 29 mile,
2810 501 40 25 the
2861 501 107 25 distance
2980 500 68 34 being
3060 500 112 35 supposed
3184 505 23 21 to
3219 500 83 26 ex'end
3314 502 70 25 about

2744 535 109 25 ISnr.ik'3.

2768 604 50 25 The
2829 609 49 21 cost
2892 606 26 24 of
2936 605 79 25 hrrscß
3026 605 45 26 r.nd
3089 606 61 25 tltcir
3166 605 59 33 !:ecp
3241 604 143 33 necessarily

2737 639 104 33 forming
2853 649 23 16 so
2890 640 156 27 considerable
3065 649 29 18 an
3107 641 56 27 item
3185 641 23 25 in
3220 640 40 26 the
3276 640 108 31 working

2736 682 118 26 expenses,
2872 677 40 24 the
2930 677 134 26 committee
3081 684 105 27 purpose,
3203 677 78 24 before
3302 675 81 33 laying

2737 708 38 26 the
2796 708 47 28 line
2864 711 58 25 with
2944 710 93 27 wooden
3060 711 61 30 rails,
3140 715 25 21 to
3175 710 44 26 call
3241 711 40 25 the
3303 711 65 25 share-

2733 743 90 26 holders
2834 746 113 32 together,
2958 745 46 25 and
3015 746 38 33 lay
3066 747 77 25 before
3154 746 64 26 them
3230 754 30 18 an
3272 746 108 25 estimate

2733 779 25 24 of
2770 779 39 25 the
2820 785 48 20 cost
2880 781 26 24 of
2917 781 49 25 iron
2979 781 54 25 rails
3045 781 45 25 and
3100 790 14 16 a
3126 781 67 25 small
3205 781 138 25 locomotive
3353 781 27 24 of

2733 814 117 26 ten-horse
2861 823 76 24 power
2948 816 111 31 nominal,
3077 816 46 25 and
3142 816 55 25 take
3208 817 40 25 the
3265 816 113 25 direction

2733 849 25 22 of
2769 848 39 24 the
2820 849 157 26 shareholders
2989 859 25 16 us
3035 855 24 20 to
3071 851 39 24 the
3128 849 148 35 advisability
3288 852 26 23 of
3329 849 37 32 lay-

2733 882 40 31 ing
2784 882 48 26 iron
2846 884 23 24 in
2881 884 39 24 the
2933 884 49 24 first
2996 885 112 25 instance.
3142 884 89 26 Should
3243 885 47 25 this
3302 885 27 24 be
3340 885 25 24 de-

2733 917 112 25 termined
2856 926 38 20 on,
2913 925 28 17 an
2954 919 113 26 immense
3080 919 83 33 saving
3180 919 24 25 in
3218 919 105 33 working
3338 926 26 18 ex-

2733 959 80 24 penses
2837 953 46 24 will
2904 954 26 22 lie
2949 955 38 23 the
3000 955 133 24 immediate
3146 955 78 26 result,
3244 956 39 23 but
3295 960 25 19 at
3338 954 39 24 the

2733 993 63 18 same
2808 986 56 25 time
2876 995 14 16 a
2901 986 75 32 larger
2986 993 97 20 amount
3095 990 26 22 of
3137 988 85 33 capital
3236 988 45 25 will
3300 990 27 24 bo
3343 996 23 16 re-

2733 1020 86 32 tjaiivd,
2831 1021 55 25 with
2898 1030 14 16 a
2923 1023 172 33 proportionate
3106 1031 90 25 greater
3207 1029 88 20 return.

2760 1084 51 26 The
2832 1084 133 27 Provincial
2987 1085 98 27 Council
3104 1087 26 24 of
3153 1087 147 32 Canterbury
3314 1088 61 25 have

2730 1118 104 26 resolved
2845 1122 25 21 to
2881 1127 44 24 pay
2939 1121 33 22 LS
2984 1127 40 24 per
3034 1126 61 18 cent,
3107 1128 30 16 on
3149 1122 40 23 the
3209 1122 95 31 paid-up
3315 1122 48 33 capi-

2732 1151 31 25 tal
2773 1152 27 24 of
2811 1156 115 28 tramway
2937 1153 132 33 companies
3080 1153 128 33 generally,
3219 1153 46 26 laid
3283 1156 24 23 in
3322 1156 52 25 that

2730 1187 116 32 province,
2864 1187 47 25 and
2921 1188 40 25 the
2972 1188 141 26 Committee
3123 1197 97 25 propose
3238 1193 25 21 to
3274 1191 42 25 ask
3334 1191 39 25 the

2733 1220 132 27 Provide:;;!
2876 1220 97 27 Council
2985 1222 26 26 uf
3021 1221 95 33 Nelson,
3128 1227 25 20 at
3166 1223 60 25 their
3239 1228 55 21 next
3302 1228 59 21 meet-

2729 1254 47 34 ing,
2788 1256 102 33 through
2908 1256 61 26 their
2979 1259 189 32 representative,
3189 1261 24 23 to
3224 1263 69 28 grant
3310 1260 63 25 them

2729 1298 13 17 a
2752 1292 90 25 certain
2853 1291 91 34 portion
2957 1293 25 24 of
3001 1292 54 25 land
3072 1292 69 34 along
3160 1294 40 24 the
3216 1292 47 28 line
3274 1294 30 33 by
3321 1303 53 25 way

2729 1326 26 25 of
2765 1327 81 31 bonus,
2863 1331 42 22 not
2916 1325 54 35 only
2984 1328 36 25 for
3037 1328 99 26 stations
3153 1329 46 26 and
3215 1329 67 26 other
3297 1331 76 26 offices

2730 1362 36 24 for
2777 1362 40 26 the
2828 1370 41 18 use
2879 1363 27 24 of
2917 1362 39 25 the
2968 1364 143 32 Company's
3121 1365 138 33 operatives,
3278 1365 41 25 but
3335 1367 38 24 for

2728 1396 49 25 sale
2787 1397 30 31 by
2829 1397 63 24 them
2909 1398 24 23 in
2946 1397 39 26 the
3003 1398 127 25 formation
3140 1400 26 23 of
3183 1400 128 33 townships
3327 1400 46 26 and

2728 1431 66 27 other
2805 1431 119 27 beneficial
2941 1439 117 28 purposes,
3076 1433 45 26 and
3139 1434 57 33 they
3213 1434 87 27 believe
3316 1435 56 35 they

2728 1467 60 25 have
2798 1477 14 15 a
2824 1476 55 23 very
2890 1463 59 36 good
2963 1473 104 28 prospect
3078 1470 26 24 of
3121 1470 70 31 being
3202 1470 128 26 successful
3347 1471 24 26 in

2728 1502 61 24 their
2799 1501 84 31 object.
2916 1503 67 31 They
3001 1503 108 24 conceive
3126 1505 56 31 they
3201 1504 47 25 will
3266 1505 59 24 have
3340 1512 31 19 an

2727 1536 118 32 equitable
2855 1536 77 31 claim,
2942 1537 148 34 oonsidering
3097 1538 52 26 that
3156 1538 53 26 land
3219 1539 41 25 has
3271 1539 23 25 in
3302 1539 67 27 other

2727 1571 118 27 instances
2856 1572 55 26 been
2923 1572 98 33 granted
3033 1574 36 24 for
3076 1574 76 32 public
3159 1575 76 25 works
3242 1576 26 23 of
3278 1583 14 17 a
3300 1577 71 25 much

2726 1605 46 27 less
2783 1605 75 30 costly
2871 1611 89 21 nature.
2992 1607 88 26 Should
3089 1609 55 31 they
3156 1609 78 25 obtain
3247 1610 40 25 the
3301 1615 69 25 grant

2727 1642 60 24 their
2799 1642 79 24 shares
2889 1642 47 24 will
2948 1642 26 25 be
2987 1643 69 24 much
3067 1651 63 17 more
3142 1642 114 33 valuable,
3266 1645 46 24 and
3323 1645 48 25 will

2726 1676 55 25 tend
2792 1680 25 21 to
2834 1677 54 29 give
2899 1684 14 17 a
2930 1679 92 30 greater
3033 1676 104 34 stability
3154 1681 25 22 to
3190 1679 39 26 the
3246 1686 123 27 company,

2726 1710 42 26 but
2778 1719 58 18 even
2848 1712 24 26 in
2883 1719 52 17 case
2947 1712 25 24 of
2989 1711 92 33 failure,
3097 1713 40 25 the
3155 1716 117 32 prospects
3288 1715 26 25 of
3330 1716 40 25 the

2726 1746 121 35 Company
2858 1754 40 19 are
2915 1746 138 34 sufficiently
3065 1747 104 27 brilliant
3186 1752 24 22 to
3224 1750 88 33 justify
3329 1751 40 26 the

2726 1782 134 26 committee
2876 1781 24 26 in
2911 1783 190 33 recommending
3118 1784 40 25 the
3170 1784 158 27 shareholders
3344 1790 24 22 to

2726 1825 133 19 commence
2869 1817 42 27 the
2923 1817 78 27 wcrks
3012 1821 24 23 at
3047 1827 64 18 once.

2753 1891 165 34 Applications
2929 1892 37 24 for
2977 1891 79 26 shares
3068 1891 47 26 will
3126 1893 27 25 be
3162 1893 105 26 received
3282 1894 31 33 by
3329 1896 40 26 the

2725 1924 122 35 Honorary
2858 1925 132 35 Secretary,
3001 1928 24 24 at
3037 1926 40 28 the
3087 1928 63 26 office
3157 1928 26 26 of
3192 1929 40 25 the
3239 1929 129 35 Company,

2724 1961 203 30 Freeman-slreet,
3072 1964 76 24 where
3155 1968 159 29 prospectuses
3322 1966 46 25 and

2724 1997 75 25 forms
2809 1997 26 25 of
2845 1995 139 35 application
2996 2004 55 26 may
3063 1998 26 25 be
3099 1998 115 27 obtained.

2722 2161 93 25 Fi;ltM
2831 2161 41 26 OF
2895 2161 226 28 APPLICATION
3143 2163 63 25 FOR
3231 2163 134 27 SHARES.

2723 2220 34 29 To
2772 2221 40 27 the
2822 2221 146 27 Provisional
2987 2222 139 28 Committee
3144 2223 28 26 of
3187 2224 40 27 the
3246 2225 120 35 Wcstport

2780 2270 47 27 and
2833 2269 139 29 Charleston
2979 2272 125 33 Tramway
3111 2272 122 35 Company
3242 2274 123 35 [limited.]

2751 2321 207 31 Gentlemen,—l
2968 2325 93 28 request
3071 2330 48 24 you
3130 2326 24 21 to
3165 2321 56 27 allot
3232 2331 37 18 me

2841 2369 78 28 shares
2931 2369 23 26 in
2972 2369 40 26 the
3058 2369 120 36 Westport
3195 2371 46 26 and
3259 2371 93 28 Charles-

2718 2409 43 24 ton
2782 2406 127 31 Tramway
2927 2405 128 34 Company,
3213 2415 26 17 or
3255 2415 47 25 any
3319 2408 46 26 Lss

2721 2441 104 30 number,
2836 2441 45 26 and
2892 2441 13 25 I
2914 2440 85 31 hereby
3010 2448 69 25 agree
3090 2444 25 22 to
3125 2444 80 31 accept
3216 2442 40 26 the
3268 2443 98 26 number

2720 2485 25 17 so
2765 2475 97 27 allotted
2883 2479 24 22 to
2919 2483 44 20 me,
2984 2479 24 22 to
3019 2484 45 25 pay
3074 2476 41 25 the
3135 2475 92 34 deposit
3247 2478 46 24 and
3309 2477 57 26 calls

2720 2511 107 31 thereon,
2845 2510 45 27 and
2900 2513 25 23 to
2936 2510 51 32 sign
3005 2511 40 25 the
3064 2509 94 27 articles
3178 2512 27 25 of
3224 2512 141 26 association

2719 2546 124 26 whenever
2853 2545 113 33 required,
2983 2545 46 26 and
3046 2545 12 25 I
3069 2545 118 26 authorise
3203 2554 47 25 >ou
3260 2550 25 23 to
3300 2546 65 35 place

2719 2589 41 25 my
2778 2589 69 19 name
2862 2589 32 17 on
2912 2580 40 26 the
2967 2580 100 33 register
3086 2581 26 26 of
3132 2582 114 26 members
3266 2583 38 25 for
3324 2583 40 26 the

2719 2616 80 26 shares
2811 2623 25 19 so
2846 2615 105 27 allotted.

2958 2686 13 26 I
2980 2694 46 25 am,
3036 2685 150 34 Gentlemen,

2921 2754 66 26 Your
2996 2754 107 26 obedient
3113 2757 103 28 servant,

2719 2817 74 22 Xamo
2805 2816 25 23 in
2840 2815 46 24 fall

2718 2874 128 27 Residence

2718 2936 133 26 Profession
2863 2944 26 18 or
2898 2936 106 27 business

2761 3089 41 49 J.
2836 3089 46 49 P.
2916 3089 399 66 CHRISTENSON,

2782 3180 248 42 Watchmaker
3045 3184 67 38 and
3129 3184 169 45 Jeweller,

2852 3278 33 27 Of
2896 3278 116 27 liokitika
3022 3278 46 27 and
3079 3279 155 35 Greymouth,

2745 3354 89 66 3EGS
2851 3357 24 22 to
2892 3362 121 18 announce
3031 3356 52 26 that
3110 3356 29 26 he
3157 3357 43 25 has
3217 3358 149 27 commenced

2794 3389 106 26 business
2911 3394 57 21 next
2985 3393 25 22 to
3027 3391 41 26 the
3086 3392 71 25 Bank
3167 3392 27 25 of
3209 3391 59 27 New
3286 3394 75 25 South

2721 3429 86 30 Wales,
2818 3437 56 18 near
2885 3429 40 26 the
2935 3429 106 33 Cutting.
3076 3431 23 24 A
3116 3431 123 26 first-class
3259 3434 67 25 stock
3337 3434 27 25 of

2720 3462 98 35 English
2829 3465 103 24 watches
2942 3464 46 25 and
2999 3464 98 26 colonial
3114 3465 123 35 Jewellery
3250 3474 31 18 on
3292 3469 73 25 hand-

2719 3499 112 26 Watches
2843 3498 114 33 carefully
2969 3500 103 33 repaired
3083 3500 45 25 and
3141 3502 140 26 warranted.
3300 3503 65 32 Colo,

2719 3533 47 27 nial
2777 3533 123 34 Jewellery
2926 3535 181 26 manufactured
3130 3544 30 19 on
3178 3538 39 25 the
3243 3539 120 33 premises,

2719 3570 64 34 pipes
2794 3570 118 30 mounted,
2925 3570 54 30 &c,
2991 3571 42 25 &c.

2720 3678 48 21 rll
2865 3669 23 30 G
2910 3693 6 6 .
2993 3670 368 39 STONE,

2719 3747 112 35 Opposite
2838 3747 41 26 the
2890 3747 69 26 Bank
2976 3748 26 25 of
3025 3748 58 26 New
3095 3747 269 36 Zealat>d,[Charleston,

2928 3783 45 25 and
2985 3788 25 20 at
3023 3784 123 31 liokitika,

2720 3817 149 40 General
2880 3820 31 37 &
2919 3817 209 47 Furnishing:
3139 3820 225 44 Ironmonger

2966 3876 113 30 importer
3096 3879 26 18 or.

2720 3908 135 30 Hardware,
2873 3906 104 33 Cutlery,
2999 3906 154 35 Implements
3163 3907 27 25 of
3210 3907 31 26 all
3262 3908 88 35 descrip-

2798 3942 70 31 tions,
2881 3942 117 26 Kerosene
3010 3942 45 31 Cil,
3067 3943 94 33 Lamps,
3173 3947 52 28 etc.,
3237 3948 44 23 etc.

2721 4034 230 33 TT'NULTY
2990 4033 91 31 AND
3128 4034 233 44 COLREAVY,

2925 4113 234 33 BOOTMAKERS,

2749 4175 58 30 Coal
2817 4179 81 29 street,
2905 4175 146 32 Charleston,
3059 4175 45 26 and
3115 4174 128 29 Gladstone
3253 4180 78 28 street,

2975 4212 129 33 Westport.

2719 4286 72 25 Boots
2803 4284 26 25 of
2839 4290 70 25 every
2920 4281 140 33 description
3073 4281 132 26 warranted
3215 4283 26 24 of
3252 4282 41 26 the
3304 4290 57 27 very

2951 4316 49 25 best
3012 4315 113 27 material.

2843 4437 29 30 II
2893 4460 6 6 .
2958 4432 375 36 ROCIIFORT

2965 4568 62 32 NI
3048 4568 23 31 L
3090 4568 22 32 E

2733 4666 242 38 Refreshment
2991 4665 67 37 and
3076 4665 116 37 Coffee
3211 4664 130 48 House,

2892 4771 85 26 Mouth
2988 4771 27 25 of
3030 4770 53 26 Nile
3099 4771 76 25 River.

2719 4891 235 32 TEMPLE
2994 4890 60 30 OF
3094 4890 264 30 FASHION.

2864 5024 53 40 N.
2967 5023 243 50 DENISE,

2813 5094 71 24 From
2911 5092 74 30 Paris,
3012 5090 48 26 late
3085 5092 27 24 of
3137 5091 123 32 Hokitika,

2719 5141 59 30 ttegs
2791 5142 24 22 to
2826 5137 86 26 inform
2925 5136 41 26 the
2977 5136 144 25 inhabitants
3128 5136 27 24 of
3165 5136 138 26 Charleston
3314 5137 48 26 and

2719 5172 155 31 surrounding
2893 5171 103 24 districts
3017 5170 52 25 that
3089 5170 30 25 he
3144 5170 42 25 lias
3212 5172 150 25 commenced

2719 5208 105 27 linsiness
2835 5214 25 18 as

2820 5255 154 33 HAIR
2994 5256 264 37 CUTTER,
3324 5247 37 40 7

2778 5309 65 26 Next
2854 5308 39 24 the
2905 5306 87 26 Casino
3002 5306 28 26 dc
3041 5306 96 33 Veuice,
3154 5305 148 29 Coal-street.

2749 5388 29 26 In
2798 5386 119 33 soliciting
2935 5385 41 27 the
2993 5385 77 36 pullic
3088 5388 134 31 patronage,
3236 5384 28 28 N.
3276 5386 89 27 Denise

2721 5426 75 22 trusts
2806 5423 30 31 by
2848 5422 116 25 attention
2981 5421 46 26 and
3047 5420 90 32 civility
3156 5426 24 20 to
3196 5427 40 25 get
3248 5422 36 25 his
3295 5423 68 25 share

2721 5458 26 24 «>f
2759 5455 77 35 public
2848 5457 73 24 favor.
