3440 5540
108 83 0 0 4

1438 55 67 30 rilK
1547 54 249 31 CHAUrKsTOX
1838 54 132 31 AKGUS

2830 5443 40 25 the
2894 5435 188 47 Proprietors^

138 161 67 30 ED
269 161 150 33 LION
477 162 28 31 II
535 161 111 32 OTE
667 160 40 39 L,

314 240 146 27 Charleston.

95 344 25 25 A
133 344 78 26 choice
223 344 110 27 selection
342 345 26 25 of
380 345 88 28 Wines,
481 344 91 33 Fpirits,
581 343 67 31 Ales,
655 347 54 27 etc.,

65 378 26 26 of
104 378 41 27 the
155 379 49 26 best
213 379 83 27 brands
308 379 54 34 only
376 379 63 35 kept.

211 416 140 34 Proprietor,
369 416 25 25 15.
413 415 28 27 l\
458 414 108 28 JONES.

68 482 49 32 TV
141 484 67 30 HE
266 487 21 31 (J
312 485 75 31 AM
414 486 21 30 P
494 485 213 35 HOTEL,

155 561 227 50 Main-street,
411 563 212 38 Charleston.

177 642 23 26 J.
218 644 28 32 Q.
264 643 149 32 WALKER,
435 643 166 26 Proprietor.

101 732 154 26 Commercial
281 732 141 26 Gentlemen
450 732 99 32 visiting
576 729 136 27 Charleston

70 767 49 25 will
131 768 47 25 rind
190 767 30 25 all
232 768 39 25 the
289 768 113 26 comforts
413 773 25 20 to
453 768 27 25 be
492 771 48 22 met
559 766 57 25 with
628 767 24 24 in
667 772 46 25 any

71 802 52 24 well
133 802 97 25 ordered
242 802 69 25 hotel.

103 836 52 28 The
166 835 71 27 Table
248 836 19 25 is
279 837 83 27 second
374 842 23 21 to
408 845 69 23 none,
484 835 46 27 and
541 836 40 25 the
589 835 127 26 Bedrooms

70 880 40 17 are
120 872 74 27 clean,
205 872 58 31 airy,
274 872 45 24 and
330 871 159 26 comfortable.

103 907 52 25 The
167 906 89 29 Wines,
268 908 94 32 Spirits,
374 913 53 24 etc.,
437 908 47 24 and
496 906 59 26 Malt
568 906 99 33 Liquors
679 912 37 18 are

73 942 27 25 of
110 942 41 27 the
162 941 108 27 Choicest
286 942 94 27 itainds.

104 978 22 24 A
139 976 103 34 splendid
255 976 94 26 Billiard
361 979 73 24 Boom
446 979 20 24 is
477 976 116 31 attached,
606 975 57 25 with
672 982 31 18 on

73 1012 27 25 of
111 1011 110 27 Alcock's
234 1019 55 24 very
301 1012 50 26 best
363 1012 79 32 tables,

79 1095 374 32 CRITERION
508 1094 210 41 HOTEL,

308 1158 174 19 COAL-STREET.

159 1201 110 27 JAMES
285 1200 157 31 PARSONS,
462 1201 166 25 Proprietor.

105 1290 50 26 The
166 1291 73 25 above
249 1289 64 27 hotel
331 1290 43 25 has
385 1290 57 26 Ixjen
453 1288 104 34 recently
568 1287 94 35 opened,
673 1287 45 26 and

74 1326 41 25 the
126 1326 127 34 proprietor
263 1334 44 17 can
319 1324 143 34 confidently
479 1328 73 22 assert
564 1324 51 25 that
631 1323 32 26 all
679 1324 39 25 the

73 1361 90 30 Wines,
175 1361 91 33 Spirits,
277 1360 46 25 and
341 1358 60 28 Malt
413 1360 99 31 Liquors
529 1362 25 22 at
573 1359 47 24 this
638 1359 67 25 House-

73 1403 39 19 are
120 1396 27 25 of
159 1395 40 26 the
210 1396 50 25 best
270 1395 92 26 brands.

77 1480 207 26 riHAMROCK
331 1479 110 27 HOTEL
492 1477 224 27 RESTAURANT

103 1510 13 40 )
372 1522 51 18 AND

244 1551 123 28 LIVERY
395 1552 153 31 STABLES,

103 1602 176 28 JOHN
359 1601 26 25 M
407 1604 5 10 '
434 1600 74 27 G*B
540 1602 23 23 A
595 1600 20 24 T
647 1600 39 30 H,

325 1650 140 33 Proprietor,

200 1701 70 26 Main
291 1700 104 32 Street,
411 1699 174 28 Charleston.

103 1781 52 25 The
171 1779 72 26 above
260 1778 62 26 hotel
334 1779 42 25 has
391 1777 52 32 just
460 1778 59 25 been
535 1776 135 35 completed,
682 1784 23 19 re-

73 1815 103 34 gardless
183 1816 26 24 of
219 1821 108 26 expense,
338 1817 24 21 to
373 1812 94 34 provide
477 1811 141 34 respectable
626 1819 75 19 accom-

73 1850 119 27 modation
213 1852 24 23 to
258 1848 86 35 parties
364 1847 101 33 visiting
482 1846 145 28 Charleston.
665 1847 51 26 The

74 1886 113 31 Culinary
207 1885 155 32 Department
388 1884 20 24 is
428 1882 130 26 conducted
580 1882 76 26 under
675 1882 40 25 the

73 1918 144 36 supervision
228 1920 25 23 of
268 1926 30 17 an
317 1917 99 26 efficient
433 1917 65 29 cook,
509 1916 48 25 and
575 1917 19 24 is
612 1915 104 35 supplied

72 1955 59 25 with
142 1952 32 27 all
184 1953 40 26 the
234 1951 122 27 delicacies
366 1953 27 24 of
404 1951 39 26 the
456 1959 89 17 season.
576 1951 82 26 Wines
668 1950 46 26 and

72 1990 85 34 Spirits
185 1988 27 26 of
238 1988 41 26 the
305 1987 102 27 choicest
438 1986 93 26 brands.
585 1986 129 26 Extensive

72 2023 108 34 Stabling
199 2023 20 25 is
237 2022 109 26 attached
363 2026 24 21 to
404 2022 41 27 the
461 2021 120 35 premises,
591 2020 46 27 and
655 2021 50 26 first-

72 2059 60 26 class
143 2059 88 26 Horses
242 2057 89 34 always
343 2065 30 18 on
385 2058 56 26 hire.

140 2138 73 30 HE
246 2136 238 31 EMPIRE
519 2136 196 31 HOTEL

232 2273 158 27 BILLIARD
412 2273 138 28 SALOON.

71 2350 190 35 Acknowledged
272 2355 25 22 to
308 2351 26 25 be
345 2351 40 25 the
397 2350 85 34 largest
497 2352 46 25 and
560 2352 51 26 best
627 2361 30 18 on
674 2354 40 25 the

310 2386 67 26 West
395 2386 78 27 Coast.

100 2466 58 25 Two
178 2465 26 25 of
225 2463 112 26 Alcock's
355 2465 51 25 best
424 2463 98 27 Billiard
540 2464 174 37 Tables,3>ith

69 2504 81 32 patent
160 2499 105 26 climatic
275 2500 119 26 cushions.

99 2536 74 26 Chess
183 2534 45 25 and
240 2534 109 32 Draught
360 2533 91 27 Tables.

98 2571 52 25 The
160 2570 47 26 Bar
216 2569 21 26 is
247 2569 110 33 provided
378 2569 57 26 with
451 2571 41 26 the
508 2571 103 26 choicest
630 2571 84 26 brands

68 2606 26 26 of
105 2605 94 32 liquors.

98 2639 67 27 Bass'
182 2639 43 26 No.
244 2641 21 29 2,
281 2639 59 26 New
357 2640 77 32 Brew,
451 2640 89 34 always
558 2649 30 18 on
599 2644 56 31 tap,.
684 2644 28 23 98

258 2729 24 25 H
298 2747 5 6 .
364 2729 160 30 MANN,

129 2843 48 25 LE
213 2842 85 26 AND
335 2839 164 29 PORTER
529 2837 178 27 BREWER

286 3002 62 27 Next
359 3002 40 26 the
410 3001 82 34 Camp,

361 3150 142 27 STR
543 3150 21 25 E
603 3149 20 26 E

308 3299 167 20 CHARLESTON.

211 3378 163 26 PIRE
449 3375 261 36 HOTEL,

170 3458 184 38 Main-Street,
375 3456 123 42 opposite
510 3456 94 42 Camp.

93 3571 82 26 James
190 3570 91 26 Fenton
292 3570 56 33 begs
363 3574 25 23 to
399 3569 109 28 intimate
522 3573 26 23 to
564 3570 38 26 his
620 3570 90 26 friends

62 3606 46 26 and
119 3606 41 26 the
169 3605 78 35 public
264 3606 53 25 that
333 3606 29 26 he
373 3606 20 26 is
412 3608 25 22 at
448 3605 69 27 home
535 3609 26 22 at
579 3606 41 26 the
636 3606 73 26 above

62 3640 72 32 hotel,
145 3641 45 25 and
200 3641 21 25 is
237 3641 111 33 prepared
359 3644 25 22 to
402 3641 54 32 give
473 3649 15 17 a
504 3641 84 32 hearty
599 3640 111 27 welcome

62 3681 25 22 to
98 3677 66 26 those
174 3676 53 26 who
238 3683 55 25 may
303 3676 68 26 favor
381 3668 49 34 him
441 3676 58 26 with
510 3686 14 17 a
533 3675 52 27 call.

96 3726 66 26 Good
173 3724 95 34 liquors,
278 3725 59 34 good
347 3726 200 26 accommodation
557 3726 47 26 and
611 3726 97 34 civility.

93 3774 83 27 Saddle
183 3775 79 25 horses
269 3775 37 25 for
313 3775 57 26 hire.
396 3775 56 24 Bait
461 3775 46 25 and
515 3775 87 33 Livery
610 3775 100 31 Stables,

61 3810 47 25 and
119 3816 69 26 every
199 3816 52 20 care
262 3810 72 25 taken
348 3810 27 24 of
390 3808 129 27 travellers'
532 3810 87 26 horses.

350 3858 110 26 JAMES
477 3858 139 32 FENTON,

66 3910 9 23 1
567 3907 141 35 Proprietor.

145 3978 108 27 AGS
305 3978 162 26 HEAD
522 3979 187 32 HOTEL,

287 4090 62 36 (The
361 4090 126 36 Original,)

61 4175 119 29 COAL
217 4175 173 31 STREET,
427 4175 282 35 CHARLESTON,

181 4318 39 25 P.
260 4318 39 25 H.
340 4316 250 31 ELLIOTT,

314 4384 142 35 Proprietor.

61 4527 160 28 NELSON
254 4526 78 27 ALE
365 4528 32 24 Is.
428 4525 75 26 PER
535 4524 106 27 PINT.
683 4527 27 24 2c

67 4608 47 33 T)
133 4608 53 27 RI
206 4608 25 26 A
247 4607 23 26 N
323 4607 138 26 BORU
513 4607 197 32 HOTEL,

227 4694 21 26 P
260 4714 5 5 .
312 4693 62 26 TW
387 4693 21 26 0
420 4694 47 25 111
477 4694 20 25 L
508 4694 21 25 L

62 4776 63 32 Begs
147 4778 24 22 to
192 4774 89 25 inform
301 4773 38 26 bis
359 4772 90 33 friends,
468 4772 47 26 and
536 4773 41 25 the
594 4772 77 34 public
688 4773 23 25 in

62 4854 95 34 general
177 4854 53 26 that
250 4853 30 26 he
301 4852 42 25 has
364 4852 88 33 opened
479 4852 40 26 the
545 4852 75 26 above
640 4852 71 31 hotel,

62 4934 47 27 and
129 4932 100 34 nothing
246 4932 43 26 but
310 4931 41 26 the
371 4932 52 26 best
443 4930 85 27 brands
544 4930 55 35 only
611 4932 56 34 kept
686 4932 24 26 in

162 5169 29 32 A
209 5168 112 33 Billiard
347 5168 81 32 Table
454 5170 129 30 attached.
662 5172 48 29 14c

106 5259 103 33 IjLMF
239 5257 135 28 HOTEL
404 5258 81 26 AND
517 5259 193 28 GENERAL

103 5304 10 23 /

280 5338 118 39 Grocery
413 5337 83 38 Store,

68 5423 150 29 DAVID
243 5423 296 37 [HENDERSON,
576 5424 134 36 Proprietor

735 164 179 38 OKAIt
932 164 63 38 IT
1014 165 33 37 A
1129 165 32 37 il
1181 167 30 36 (.)
1230 164 75 37 TE
1324 164 26 38 L
1371 193 7 18 ,

932 252 253 28 WILLIAM-STREET,

870 320 226 32 CHARLESTON,
1117 320 129 26 PAKIIII.

921 480 73 29 MRS
1014 478 220 35 THOMPSON,

797 557 71 32 (Late
880 557 26 24 of
919 555 40 26 the
977 554 101 27 Okarita
1096 553 79 32 Hotel,
1194 554 121 33 Okarita.)

769 688 66 26 None
846 688 40 25 but
894 687 40 26 the
947 696 53 23 very
1013 687 49 26 best
1074 685 85 27 brands
1169 686 25 26 of
1207 685 79 30 wines,
1298 683 77 34 spirits

741 759 26 17 or
778 750 48 26 ales
837 750 56 32 kept
905 750 22 24 in
940 750 73 24 stock.
1359 750 28 20 %

774 845 236 35 tAWYEHSS'
1051 846 131 32 AKMS
1222 842 166 37 HOiEL,

871 952 156 29 Main-street,
1039 959 55 17 near
1106 950 39 25 the
1158 950 107 31 Cutting,

833 1014 39 27 W.
900 1013 29 26 IL
957 1012 144 34 WRIGHT,
1126 1012 172 32 Proprietor,

773 1085 96 32 Having
879 1082 88 36 opened
979 1082 39 26 the
1029 1083 72 25 above
1119 1080 110 34 hostelry,
1248 1080 36 27 his
1302 1079 88 27 friends

743 1164 46 26 and
800 1164 40 26 the
851 1162 76 35 public
940 1161 46 26 will
997 1161 48 26 find
1056 1162 40 25 the
1107 1161 50 26 best
1168 1160 87 33 liquors
1265 1161 25 25 of
1297 1160 31 26 all
1337 1160 39 27 des-

743 1243 112 35 criptions
868 1243 55 33 kept
934 1245 25 22 at
971 1242 39 25 the
1021 1241 49 26 bar.

907 1322 67 26 THE
1000 1321 225 26 RESTAURANT

832 1392 57 28 Will
915 1394 27 25 be
962 1392 88 33 opened
1077 1392 23 25 in
1122 1400 14 17 a
1157 1392 47 25 few
1232 1391 66 33 days.
1364 1392 28 24 74

743 1487 191 32 fiEID'S
984 1486 143 31 SHIP
1178 1485 212 38 HOTEL,

880 1552 181 32 Main-street,
1079 1552 170 26 Charleston.

771 1656 23 27 J.
814 1657 59 26 Reid
893 1657 42 26 has
958 1656 70 26 much
1049 1655 106 36 pleasure
1172 1657 24 25 in
1208 1656 131 33 informing
1355 1657 35 25 his

741 1692 89 27 friends
851 1693 46 26 and
922 1693 40 26 the
984 1692 77 34 public
1083 1691 120 35 generally
1225 1693 52 25 that
1299 1693 29 25 he
1349 1693 41 25 has

740 1728 88 33 opened
839 1728 36 25 his
887 1736 51 18 new
949 1729 119 33 premises,
1080 1728 47 25 and
1137 1728 20 24 is
1174 1726 112 36 prepared
1297 1731 24 22 to
1338 1735 39 26 sup-

740 1764 39 31 ply
791 1762 65 26 them
868 1763 56 25 with
936 1762 89 32 liquors
1035 1764 26 24 of
1072 1762 40 26 the
1124 1763 49 25 best
1186 1762 91 25 brands.
1362 1765 25 23 51

926 1867 294 41 NOTICE..

1024 1990 25 26 If
1058 1999 49 26 you

833 2048 89 26 ANT
960 2049 23 25 A
1023 2050 31 24 T
1086 2049 87 28 ONG
1213 2050 177 27 T\RINK

981 2152 32 23 Of
1020 2151 127 32 Sparkling

824 2208 20 20 r
855 2206 159 32 COLONIAL
1032 2211 47 30 T)
1084 2208 42 25 RE
1130 2208 72 24 WED
1235 2210 17 31 ,4
1274 2209 41 25 LE

738 2530 57 26 Two
805 2530 77 27 Doors
896 2531 62 26 from
969 2531 41 26 the
1028 2531 70 26 Bank
1117 2533 27 25 of
1159 2533 59 27 New
1237 2534 111 35 Zealand,
1363 2539 25 24 at

890 2579 39 26 the
940 2587 83 18 corner
1033 2582 26 23 of
1070 2582 88 25 Rotten
1170 2584 64 24 Row.

738 2686 123 42 Nothing
879 2688 49 31 but
948 2688 124 31 Genuine
1099 2689 113 40 Liquors
1238 2691 76 40 kept,
1334 2692 53 30 and

738 2744 35 29 55
935 2745 43 29 No
992 2745 199 30 Adulteration.

899 2850 146 29 ROYAL
1087 2850 171 31 FAMILY
1296 2853 90 30 AND

883 2926 221 30 COMMERCIAL
1121 2928 118 33 HOTEL,

879 2989 172 38 Main-street,
1078 2989 166 33 Charleston.

841 3125 139 34 Proprietor,
1020 3124 34 27 M.
1089 3125 189 27 CREWDSON.

766 3273 51 27 The
833 3274 74 26 above
922 3274 64 26 hotel
1004 3274 43 26 has
1058 3274 57 26 been
1134 3272 106 35 recently
1252 3274 91 26 erected
1359 3278 24 22 at

735 3308 159 26 considerable
906 3317 108 26 expense,
1025 3313 25 22 to
1062 3307 84 36 supply
1157 3316 15 18 a
1178 3313 64 22 want
1250 3317 57 25 very
1313 3317 56 25 gene-

735 3346 58 33 rally
809 3343 44 26 felt
865 3345 24 24 in
900 3345 49 25 this
959 3344 100 31 district,
1070 3345 36 23 viz
1117 3352 14 17 a
1142 3344 123 26 first-class
1275 3344 78 26 Hotel.

764 3379 158 29 Commercial
939 3378 136 34 gentlemen
1094 3378 49 27 will
1159 3379 49 26 find
1224 3380 104 34 superior
1345 3388 26 18 ac-

736 3415 180 28 commodation.

765 3452 85 26 Ladies
861 3449 47 26 and
918 3448 103 27 families
1032 3457 54 26 may
1098 3453 48 23 rest
1157 3448 96 29 assured
1263 3449 52 27 that
1323 3450 62 27 their

734 3488 100 25 comfort
846 3485 47 26 and
903 3485 157 27 convenience
1072 3485 47 25 will
1130 3486 27 25 be
1168 3486 111 25 attended
1290 3490 32 21 to.

765 3521 51 26 The
828 3519 80 30 Table,
920 3519 121 25 furnished
1054 3520 56 24 with
1122 3518 31 26 all
1171 3520 40 25 the
1221 3519 122 25 delicacies
1359 3520 26 24 of

734 3556 40 26 the
802 3562 89 22 season,
902 3554 20 25 is
934 3553 72 26 under
1018 3556 40 24 the
1076 3553 86 35 special
1180 3554 147 34 supervision
1338 3556 26 24 of
1371 3563 13 17 a

733 3590 123 27 first-class
867 3589 61 26 Chef
938 3589 28 25 de
978 3589 94 26 Cuisne.

882 3669 87 31 Select
993 3669 124 41 Reading
1140 3670 94 39 Room,

823 3726 68 25 With
908 3725 32 26 all
959 3725 40 27 the
1016 3725 107 26 Colonial
1141 3727 95 33 Papers,
1248 3729 44 24 etc.

762 3794 230 32 <IBLEY\S
1031 3796 150 30 ROYAL
1225 3796 158 42 HOTEL,

854 3874 113 33 Opposite
979 3874 40 25 the
1031 3874 82 33 Camp,
1124 3873 150 27 Charleston.

762 3951 23 25 J.
804 3951 78 33 Sibley
902 3951 58 32 (late
980 3953 27 24 of
1018 3952 40 26 the
1076 3953 75 33 Camp
1170 3953 79 30 Hotel,
1260 3953 79 31 Ross,)
1350 3954 23 25 in-

734 3985 61 25 vites
806 3986 67 25 those
884 3987 27 25 of
929 3987 37 25 his
983 3987 90 25 friends
1084 3991 25 21 to
1121 3987 57 25 visit
1190 3987 37 25 bis
1239 3996 52 16 new
1302 3988 81 31 house,

735 4020 76 26 where
820 4021 57 33 they
889 4021 47 26 will
948 4022 49 26 find
1008 4021 55 34 only
1076 4022 40 26 the
1127 4030 57 25 very
1197 4022 51 26 best
1263 4023 85 25 brands
1359 4024 26 25 of

734 4054 88 33 liquors
833 4056 25 24 in
870 4057 40 24 the
922 4057 46 26 bar.

743 4185 35 30 X
855 4192 83 26 AND
966 4193 299 33 RESTAURANT,

903 4226 150 33 Coal-street,
1072 4228 146 26 Charleston.

820 4261 169 27 WEITZELL
1007 4264 20 25 &
1045 4264 58 31 CO.,
1115 4264 181 26 Proprietors.

767 4307 51 25 The
834 4308 140 33 proprietors
996 4309 27 24 of
1046 4309 40 25 the
1100 4309 73 25 above
1191 4309 70 27 Hotel
1279 4309 70 32 being
1360 4317 25 18 so

735 4342 55 32 long
811 4341 46 26 and
878 4342 123 32 favorably
1023 4343 88 25 known
1133 4348 25 21 to
1186 4344 41 25 the
1253 4344 78 35 public
1359 4345 26 24 of

735 4376 125 31 Hokitika,
874 4377 59 26 need
954 4376 55 33 only
1021 4385 42 25 say
1086 4378 53 25 that
1157 4379 57 33 they
1226 4379 48 26 will
1284 4379 101 27 conduct

735 4411 48 25 this
807 4410 180 26 establishment
1007 4412 25 24 in
1054 4412 40 26 the
1116 4421 64 18 same
1202 4414 61 33 style
1283 4422 26 18 as
1332 4414 53 25 that

738 4445 77 25 which
826 4453 61 25 gave
898 4454 26 17 so
934 4447 71 25 much
1017 4447 147 26 satisfaction
1176 4449 24 26 in
1213 4449 123 26 Hokitika.

765 4480 51 25 The
828 4480 144 26 Restaurant
989 4481 149 34 department
1159 4483 20 25 is
1203 4483 73 26 under
1287 4485 39 24 the
1338 4483 47 26 sole

735 4515 145 34 supervision
891 4515 26 25 of
928 4514 40 27 the
980 4516 146 34 proprietors,
1140 4517 45 26 and
1195 4518 41 26 the
1248 4518 137 27 Bed-rooms

735 4558 39 18 are
785 4550 58 25 such
854 4551 53 25 that
919 4551 102 25 comfort
1032 4552 46 25 and
1098 4551 140 28 cleanliness
1249 4554 48 25 will
1309 4556 26 23 be
1346 4554 39 25 the

736 4584 94 33 leading
842 4586 111 24 features.

766 4619 154 26 Commercial
931 4619 134 31 gentlemen
1077 4621 46 24 and
1135 4622 95 25 visitors
1241 4626 25 23 to
1277 4622 95 27 Charles-

736 4657 40 21 ton
789 4652 47 26 will
847 4653 48 25 find
907 4654 39 25 the
959 4654 125 35 European
1103 4656 71 26 Hotel
1186 4657 84 25 second
1282 4661 24 22 to
1317 4666 67 19 none.

766 4689 51 26 The
836 4689 90 31 Wines,
947 4689 92 34 Spirits,
1057 4694 44 22 etc.
1113 4698 40 18 are
1170 4692 27 25 of
1213 4693 41 24 the
1267 4700 56 25 very
1335 4694 49 25 best

735 4723 92 26 brands.

740 4795 421 36 QHAKESPERE
1203 4801 180 41 HOTEL,

740 4836 39 30 KJ
983 4842 164 34 Camp-street.

764 4917 29 27 T.
809 4917 30 27 B.
859 4917 105 29 SMITH
975 4919 56 34 begs
1050 4923 24 23 to
1093 4929 123 19 announce
1237 4923 24 25 to
1282 4921 38 27 his
1347 4922 37 27 old

736 4979 89 26 friends
835 4980 52 25 that
898 4981 29 24 he
938 4981 42 24 has
997 4989 52 17 now
1067 4982 88 34 opened
1174 4983 37 24 his
1230 4991 52 18 new
1302 4984 73 26 house

734 5040 46 26 and
792 5040 47 26 will
849 5042 27 26 be
886 5041 54 34 glad
952 5046 25 22 to
996 5051 38 19 see
1044 5043 38 27 old
1094 5045 63 26 faces
1168 5045 45 27 and
1226 5054 52 18 new
1289 5054 63 19 ones.

790 5129 111 28 WEILL
926 5132 46 25 and
995 5134 169 30 GOTHARD,
1183 5134 134 28 Wholesale
1337 5136 46 26 and

947 5249 76 27 Retail
1035 5251 124 33 Butchers,

849 5311 122 42 Diggers'
986 5313 93 39 Street,
1101 5313 163 35 Charleston.

733 5421 111 29 Families
864 5424 45 26 and
931 5425 40 26 the
988 5425 63 26 trade
1087 5425 93 35 upplied
1197 5431 23 22 at
1239 5428 40 27 the
1301 5428 80 28 lowest

962 5465 90 20 current
1067 5465 67 20 rate?.
1338 5469 42 16 :uc

1497 164 15 31 it
1541 166 19 25 A
1592 174 20 19 .N

1838 164 21 29 -\
1888 167 20 24 c
1935 164 19 29 e
1978 164 24 31 r
2025 164 29 38 t,

1531 239 108 27 TAKES
1665 240 101 26 PLACE
1787 240 144 26 NIGHTLY

1415 365 150 40 Victoria
1585 364 104 40 Hotel
1709 364 63 40 and
1794 364 149 41 Concert
1961 364 92 52 Hall,

1526 447 18 26 C
1562 449 19 24 O
1599 447 22 25 A
1639 447 20 25 L
1717 445 219 27 STREET.

1505 544 38 23 Aji
1566 542 98 25 efficient
1687 541 64 26 Btnd
1776 542 23 24 in
1821 541 147 26 attendance.

1451 639 89 32 Wines,
1552 638 66 33 ALs,
1630 639 43 26 and
1686 639 81 33 Spirits
1780 639 26 25 of
1817 639 40 26 the
1868 639 50 26 best
1929 638 91 26 brands.

1694 709 66 29 JNO.
1792 710 146 31 THOMAS,

1415 776 23 23 81
1889 771 140 33 Proprietor.

1416 845 32 66 j
1524 842 235 38 NEWTON
1807 842 114 38 AND
1970 841 88 49 CO.,

1416 967 162 26 TINSMITH
1612 967 20 25 &
1660 966 101 26 SHEET
1790 966 80 26 IRON
1897 966 163 26 WORKERS

1647 1054 67 27 Camp
1732 1055 96 24 Street

1499 1147 98 35 (Nearly
1609 1140 101 41 opposite
1722 1148 68 25 Mace
1803 1146 46 26 and
1861 1145 123 34 Dixon's).

1446 1277 24 27 J.
1487 1277 29 26 N.
1536 1277 47 25 and
1602 1277 52 31 Co.,
1671 1276 39 32 beg
1731 1279 24 21 to
1774 1274 88 26 inform
1878 1274 41 25 the
1940 1273 77 35 public
2035 1272 26 28 of

1418 1326 139 26 Charleston
1576 1326 52 24 that
1647 1326 48 30 the}
1710 1325 59 24 have
1787 1323 151 26 commenced
1955 1323 106 25 business

1417 1384 24 17 as
1453 1375 80 31 above,
1544 1374 46 26 and
1608 1382 39 17 are
1658 1372 105 35 prepared
1776 1376 24 21 to
1811 1375 98 24 execute
1921 1372 40 25 the
1972 1370 77 27 follow-

1417 1424 41 32 ing
1468 1423 153 34 descriptions
1632 1423 26 25 of
1670 1421 59 27 work
1740 1432 38 15 :

1447 1512 271 28 GALVANISED
1750 1510 99 28 IRON
1879 1508 151 32 PUMPS;

1613 1597 105 26 lIOTIL
1744 1595 118 33 LAMPS,

1533 1670 33 27 Of
1577 1670 41 26 the
1628 1669 51 27 best
1686 1668 43 27 and
1741 1668 82 27 Latest
1834 1667 118 34 Designs;

1417 1747 22 24 K
1462 1747 20 25 E
1503 1747 22 24 R
1548 1747 22 24 O
1595 1746 14 26 S
1633 1746 21 25 E
1677 1746 18 25 II
1717 1745 22 25 E
1814 1742 237 29 STOVES

1529 1822 67 26 With
1608 1822 85 33 Copper
1703 1828 30 18 on
1745 1821 40 25 the
1796 1818 97 33 Boilers,
1905 1818 46 26 and

1495 1902 210 27 GENERAL
1766 1900 219 27 JOBBING.

1567 2046 136 26 Remember
1714 2044 39 26 the
1765 2043 104 27 Address
1879 2055 34 15 :

1445 2110 183 28 CAMP
1717 2108 16 26 S
1764 2107 21 26 T
1816 2107 23 26 R
1868 2107 21 26 E
1921 2106 20 26 E
1972 2106 21 26 T
2013 2108 47 24 .83

1508 2206 173 38 HAMIL*
1717 2208 32 35 &
1797 2204 159 49 INNES,

1609 2309 70 31 (Late
1689 2307 26 25 of
1726 2305 137 36 Hokitika),

1414 2392 56 28 TIN
1493 2391 110 29 PLATE
1620 2390 68 27 AND
1706 2389 105 28 SHEET
1824 2389 79 28 IRON
1916 2389 22 26 W
1939 2389 6 10 T
1948 2389 111 28 ORKER

1578 2462 62 26 Near
1651 2461 68 25 Mace
1729 2458 45 28 and
1785 2459 108 32 Dixon's,

1450 2540 277 39 Camp-street,
1766 2536 254 32 Charleston.

1412 2723 125 26 STOVES
1548 2721 70 26 AND
1637 2719 110 26 LAMPS
1763 2719 96 25 MADE
1877 2719 43 26 TO
1940 2719 118 26 ORDER.

1471 2798 229 36 GenerjfrTiuyere,
1711 2795 135 32 Wholesale
1855 2796 48 28 and
1914 2795 85 28 Retail.

1412 2904 128 34 ..HIE
1591 2903 128 32 NILE
1758 2901 164 32 STEAM
1962 2902 96 32 SAW

1680 2992 122 41 MILLS,

1498 3088 92 26 Situate
1601 3095 29 19 on
1642 3087 40 27 the
1693 3088 74 24 Bank
1779 3093 30 18 of
1821 3093 49 18 the
1882 3085 89 26 River.

1439 3239 51 27 The
1506 3237 78 36 public
1600 3245 39 19 are
1655 3236 153 36 respectfully
1820 3236 118 28 informed
1949 3237 53 25 that
2018 3235 39 27 the

1409 3363 104 36 supplied
1534 3366 26 23 at
1583 3366 28 23 24
1626 3363 78 27 hours'
1726 3363 87 31 notice,
1834 3365 24 24 at
1874 3370 48 26 any
1940 3361 81 34 length
2032 3370 26 17 or

1409 3427 80 26 width.
1520 3426 81 34 Apply
1613 3427 74 29 &lhe
1698 3426 59 26 Mill.

1888 3476 26 26 C.
1936 3475 84 25 NEES

1474 3552 24 25 II
1520 3550 155 27 ANAII
1695 3551 24 25 A
1740 3551 22 25 N
1809 3549 103 26 AND
1959 3549 96 32 CO.,

1484 3642 184 34 General
1715 3642 267 32 Merchants.

1515 3782 205 27 WHOLESALE
1737 3782 71 25 AND
1825 3782 130 25 DETAIL.

1440 3930 21 26 S.
1478 3928 46 27 and
1536 3929 47 30 Co.,
1594 3928 67 33 being
1672 3927 143 27 Purchasers
1827 3928 37 25 for
1875 3927 94 33 CASH,
1981 3928 27 26 in
2018 3928 41 26 the

1410 3978 117 33 Cheapest
1548 3977 112 30 Markets,
1680 3984 39 17 are
1740 3975 95 26 enabled
1857 3975 156 35 successfully
2035 3980 23 21 to

1411 4031 104 30 compete
1526 4026 59 26 with
1596 4034 44 25 any
1654 4026 79 25 House
1744 4033 30 17 on
1787 4026 40 24 the
1838 4026 68 25 West
1918 4026 79 26 Coast.

1440 4090 165 34 Storekeepers
1626 4088 104 35 supplied
1748 4092 25 22 at
1790 4089 40 25 the
1849 4090 92 25 Lowest
1959 4088 99 35 possible

1410 4139 78 28 Price,
1499 4138 46 25 and
1557 4147 30 16 on
1599 4137 38 28 the
1650 4141 60 22 most
1722 4137 98 25 Liberal
1834 4141 82 23 terms.
2046 4142 12 22 8

1428 4288 165 32 PAINTER
1624 4290 79 30 AND
1745 4290 294 38 PAPERHANGE!\

1559 4359 118 30 PAjUIII
1695 4360 20 25 &
1733 4358 175 29 HOKITIKA,

1411 4421 131 41 Opposite
1559 4421 40 31 the
1615 4431 84 31 camp,
1715 4421 53 31 and
1782 4424 66 27 next
1862 4424 28 27 to
1940 4420 105 32 Charles-

1587 4497 44 35 ton
1647 4492 88 40 Argus
1781 4490 94 32 Office.
2023 4492 35 30 66

1439 4565 5 5 '
1484 4565 151 30 EHAN
1687 4563 107 31 AND
1834 4563 224 32 O'BRIEN

1413 4592 48 39 Jj

1412 4653 109 41 Having
1534 4653 169 32 commenced
1724 4653 85 39 Dairy
1823 4652 125 32 Business
1968 4664 35 21 on
2023 4664 35 21 an

1608 4734 148 29 Extensive
1777 4732 83 37 Scale,

1456 4821 66 35 Hope
1534 4825 24 22 to
1569 4820 67 27 merit
1647 4829 14 17 a
1673 4821 68 25 share
1752 4821 26 25 of
1789 4819 78 35 public
1878 4823 134 31 patronage.

1440 4895 67 33 They
1518 4903 39 17 are
1566 4894 107 36 prepared
1684 4897 25 23 to
1720 4894 84 35 supply
1821 4899 129 22 customers
1968 4895 24 26 in
2011 4903 47 27 any

1409 4975 52 29 part
1472 4972 26 25 of
1508 4972 42 25 the
1561 4972 92 30 l'jkihi,
1664 4980 30 16 on
1706 4972 39 24 the
1757 4976 60 20 most
1832 4970 91 27 Liberal
1935 4971 90 26 Terms.

1439 5042 23 26 A
1474 5041 161 28 Considerable
1645 5041 129 27 Reduction
1783 5046 24 23 to
1814 5042 67 27 those
1890 5042 84 34 takiug
1981 5043 76 34 Large

1409 5100 143 31 Quantities.
2028 5103 27 23 57

1421 5177 38 34 D
1595 5177 459 40 ROWLANDS,

1410 5254 115 37 Sail
1573 5267 52 27 an
1639 5254 21 38 d
1709 5254 95 38 Ten
1815 5259 14 34 t
1878 5254 135 40 Make
2027 5270 26 36 r,

1550 5329 11 29 1
1567 5328 160 38 Jain-street,
1746 5329 169 35 Charleston,

1443 5412 25 30 A
1482 5414 188 30 well-Msorted
1692 5414 82 31 Stock
1792 5415 28 30 of
1841 5414 92 37 Tents,
1954 5413 98 43 Ropes,

1406 5456 52 31 and
1473 5457 50 30 Tar
1537 5458 97 34 al#ays
1649 5468 33 19 on
1696 5458 77 29 hand.
2016 5460 35 28 85

2082 166 154 27 TtTHO'S
2259 167 124 54 -yOUR
2406 169 120 52 pOOT
2550 171 58 32 11/
2608 171 97 32 TAKER
2719 175 11 25 ?

2114 264 578 47 AINSWOETH!

2279 344 57 26 Two
2347 344 67 27 doors
2426 346 61 26 from
2500 347 40 26 the

2187 402 93 25 BANK
2300 403 42 26 OF
2361 404 75 26 NEW
2457 406 166 33 ZEALAND,

2249 460 86 26 Where
2344 468 48 25 you
2402 470 43 17 can
2458 467 40 28 get
2509 472 59 24 your

2086 515 336 32 MEASURE
2484 522 244 30 mAKEN,

2150 614 44 28 OR
2209 616 68 26 BUY
2296 618 21 25 A
2334 618 80 27 PAIR
2429 620 114 26 READY
2559 621 104 33 MADE,

2111 732 88 34 )E
2241 732 17 28 S
2300 733 22 27 T

2086 734 51 65 B
2178 733 20 25 E

2524 738 20 26 0
2586 738 20 26 0
2649 739 22 25 T

2205 832 46 25 IN
2282 833 95 27 NEW
2409 835 202 28 ZEALAND.

2196 929 60 27 EST
2275 931 32 24 T
2328 931 134 28 EATHER
2480 935 32 22 X
2532 932 145 29 EGGINGS

2143 932 51 67 B
2195 929 61 27 FST
2272 931 50 70 L

2190 1031 43 29 On
2248 1032 92 38 Hand,
2355 1043 30 20 or
2398 1034 80 29 Made
2491 1038 28 26 to
2534 1035 95 31 Order.

2223 1105 67 25 THE
2306 1105 131 27 FRENCH
2453 1106 143 26 BAKERY.

2395 1295 92 26 AND
2538 1295 193 32 SAURET,

2147 1382 92 26 French
2249 1383 159 33 Pastrycooks
2423 1384 46 25 and
2488 1383 184 28 Confectioners.

2209 1542 117 34 Wedding
2336 1542 79 28 Cakes
2425 1543 68 25 made
2503 1547 25 22 to
2539 1546 72 25 order.

2117 1619 103 26 Dinners
2230 1618 75 27 baked
2316 1627 74 25 every
2401 1618 45 33 day
2458 1618 63 26 from
2535 1621 27 22 10
2572 1621 25 23 to
2609 1621 35 23 12.

2117 1701 50 25 Hot
2177 1700 93 26 French
2280 1699 66 27 Rolls
2356 1707 71 25 every
2439 1699 110 32 morning
2559 1702 26 22 at
2596 1703 13 21 8
2621 1698 96 27 o'clock.

2101 1780 23 37 A
2204 1785 21 33 1
2344 1778 389 37 BAKERY,

2161 1872 148 33 Coal-street,
2321 1880 55 18 near
2387 1872 107 33 Cutting,
2509 1871 146 32 Charleston,

2085 1952 77 26 Bread
2173 1949 115 28 delivered
2297 1950 146 34 throughout
2453 1949 40 28 the
2502 1949 115 35 diggings.
2649 1949 84 28 Orders

2086 2001 106 27 received
2213 2004 25 23 at
2252 1999 162 36 theJakery,
2435 2003 27 23 at
2484 1999 40 27 the
2545 1999 73 27 above
2639 1999 94 26 address

2085 2051 29 27 F.
2127 2048 136 28 M'Parland
2275 2050 20 25 &
2308 2050 53 32 Co.,
2372 2049 151 34 Proprietors.
2691 2051 42 21 35c

2086 2138 195 54 Telegraph
2292 2138 85 38 Line
2391 2138 40 38 of
2448 2136 123 40 Saddle
2585 2137 146 38 Horses.

2102 2296 154 32 MESSES.
2275 2295 192 31 KENNEDY
2485 2294 22 29 &
2521 2293 193 32 WARDLAY

2086 2380 95 36 T)EG
2202 2383 25 24 to
2248 2380 89 27 inform
2357 2379 41 27 the
2415 2377 77 36 public
2512 2378 52 27 that
2590 2377 57 34 they
2673 2377 59 27 have

2083 2457 88 35 opened
2188 2455 86 29 stables
2285 2460 25 23 at
2321 2456 125 34 Slattery's
2456 2454 79 34 Hotel,
2552 2455 124 32 Brighton,
2687 2454 45 26 and

2084 2520 40 26 the
2135 2519 88 27 Pakihi
2233 2517 77 35 Hotel,
2323 2518 146 28 Charleston.

2114 2648 35 25 At
2166 2646 74 27 either
2262 2645 64 36 place
2347 2646 88 27 Horses
2451 2653 56 26 may
2522 2645 29 26 be
2568 2643 111 28 obtained
2696 2644 36 25 for

2083 2710 127 32 Westport,
2216 2708 146 30 Charleston,
2373 2707 46 25 ond
2434 2707 123 30 Brighton.

2096 2780 243 37 iJKRRETT
2386 2780 22 31 &

2199 2863 134 27 Wholesale
2343 2863 46 27 and
2399 2862 78 27 Retail
2492 2863 123 31 Butchers,

2197 2937 115 40 Diggers
2332 2936 97 35 Street,
2451 2935 164 30 Charleston.

2083 3013 111 29 Families
2206 3012 85 28 waited
2301 3020 30 18 on
2342 3012 35 27 for
2383 3012 85 27 orders.
2485 3011 51 26 The
2545 3011 65 27 trade
2618 3009 111 36 supplied.

2688 3048 43 23 32c

2184 3120 104 30 EST
2344 3118 120 30 AND
2532 3117 180 25 T^Txrr<

2188 3227 142 37 Fruiterer,
2351 3227 187 40 Greengrocer,
2560 3225 55 38 &c,

2082 3308 107 31 Main
2235 3307 161 37 Street,
2445 3304 284 31 Charleston.

2141 3386 75 28 Fresh
2227 3385 68 26 Fruit
2303 3384 46 27 and
2360 3385 64 32 Eggs
2435 3385 31 32 by
2477 3391 72 24 every
2561 3386 108 22 steamer.

2689 3419 42 22 29c

2208 3507 137 51 George
2372 3504 33 39 J.
2434 3504 157 51 Kenney,

2121 3602 67 30 Hair
2202 3600 116 39 Cutting
2332 3598 53 31 and
2403 3596 182 41 Shampooing
2609 3596 105 36 Saloon,

2275 3669 65 27 Near
2350 3669 41 26 the
2402 3668 58 34 Ship
2471 3666 79 34 Hotel,

2221 3734 183 36 Main-street,
2427 3730 166 33 Charleston.
2698 3730 15 30 G

2317 3816 28 31 T.
2373 3815 125 39 DWAN,

2082 3889 172 34 Auctioneer,
2291 3886 185 37 Commission,
2510 3885 52 31 and
2601 3885 132 44 Shipping

2290 3959 98 39 Agent,
2411 3956 103 32 Pakihi.

2098 4101 88 31 Money
2197 4099 120 26 advanced
2328 4107 30 17 on
2371 4099 78 25 Goods
2470 4097 126 33 consigned
2608 4099 37 24 fcr
2656 4097 60 26 Sale.

2114 4268 130 31 MINING,
2265 4267 117 30 HOUSE,
2399 4274 52 18 and
2465 4266 92 26 LAND
2579 4266 121 28 AGENT.

2159 4340 166 32 Agreements,
2336 4337 133 33 Contracts,
2482 4339 50 31 &c,
2542 4338 118 35 prepared.

2114 4398 71 27 Cases
2206 4397 138 26 Conducted
2366 4397 24 24 in
2411 4396 42 25 the
2475 4396 125 27 Warden's
2622 4397 79 26 Court.

2084 4478 108 26 Creed's
2224 4478 165 26 Commercial
2420 4477 96 33 Hotel,
2554 4478 177 26 Coal-street.

2202 4715 120 49 BE.
2372 4714 241 60 BOND,

2085 4796 107 33 Surgeon
2202 4798 25 23 to
2238 4796 40 25 the
2286 4795 87 26 Totara
2382 4795 99 26 District
2491 4795 123 35 Hospital;
2627 4797 104 33 Surgeon

2145 4835 24 21 to
2185 4832 40 24 the
2237 4832 105 24 German
2359 4831 45 24 and
2422 4830 178 25 Scandanavian
2613 4833 119 30 Societies,

2143 4865 61 25 Ross
2212 4865 74 25 Town
2298 4876 5 18 ;
2321 4864 47 25 late
2375 4865 104 31 Surgeon
2490 4867 24 22 to
2522 4865 39 24 the
2572 4865 159 34 Independent

2144 4900 74 27 Order
2235 4900 27 26 of
2276 4898 150 32 Oddfellows,
2437 4899 127 26 Auckland
2576 4911 7 21 ;
2600 4901 95 26 Author
2706 4902 26 25 of

2143 4935 90 27 several
2244 4935 120 26 Scientific
2375 4936 96 30 Essays,
2483 4936 50 31 &c,
2543 4936 50 29 &c,

2084 4984 49 25 Has
2144 4983 92 26 arrived
2246 4983 25 26 in
2282 4981 147 33 Charleston,
2441 4982 45 26 and
2496 4990 56 25 may
2567 4983 27 26 be
2610 4983 121 28 consulted

2202 5041 105 27 DAILY
2333 5040 46 27 AT
2405 5040 54 28 HIS
2487 5041 123 34 OFFICE,

2082 5099 35 27 At
2129 5099 124 33 Hanney's
2264 5098 78 32 Hotel,
2354 5098 146 28 Coal-street.

2111 5197 95 26 Branch
2211 5196 105 25 Medical
2324 5195 97 27 Council
2422 5198 43 32 for
2472 5197 101 32 Ireland,
2580 5197 45 26 No.
2634 5200 65 25 2113.

2110 5245 117 27 Received
2248 5245 62 26 from
2321 5244 88 35 Joseph
2420 5245 97 25 Francis
2529 5245 75 31 Bond,
2615 5247 62 31 Esq.,
2689 5247 40 26 the

2081 5289 52 17 sum
2145 5281 26 25 of
2182 5281 58 25 Two
2252 5280 95 27 Pounds
2359 5280 68 33 being
2438 5280 39 26 the
2489 5280 46 26 Fee
2545 5282 38 25 for
2594 5281 120 27 Registra-

2081 5324 64 24 tion,
2155 5320 115 30 pursuant
2282 5320 24 22 to
2318 5319 25 22 21
2356 5317 20 24 &
2389 5319 29 22 22
2430 5315 61 33 Vic,
2503 5323 52 25 cap.
2569 5319 35 29 90,
2615 5324 44 19 sec.
2674 5320 32 23 15.

2110 5376 78 26 Dated
2205 5376 41 26 Bth
2257 5376 90 32 March,
2361 5378 61 23 1860.

2404 5425 30 26 H.
2452 5425 186 34 MAUNSELL,

2566 5470 130 32 Registrar.

2759 176 49 65 D

2980 179 21 24 II
3046 180 7 23 I
3100 179 18 26 L
3161 181 19 23 L
3220 179 21 25 Y
3288 182 19 23 A
3352 181 20 24 R
3392 179 4 32 ,

3015 271 117 27 BURGEON,

2756 353 48 28 Can
2825 353 28 27 be
2874 351 121 29 consulted
3016 357 25 22 at
3062 354 40 25 the
3124 353 74 35 Royal
3220 353 77 34 Hotel,
3320 355 63 27 Main-

3036 427 79 23 street.
3371 428 27 23 15

2941 492 90 29 DR.
3084 490 129 38 LEE,

2758 532 234 66 REGISTERED
3010 533 103 25 Member
3124 534 27 23 of
3166 533 40 25 the
3217 532 73 33 Royal
3303 532 93 33 College

2840 570 25 25 of
2882 570 124 30 Surgeons,
3023 567 116 33 England,
3157 569 88 32 maybe
3266 567 131 31 consulted,

2754 607 63 33 daily
2828 610 25 21 at
2864 604 36 25 his
2911 603 125 32 residence,

2900 648 164 37 Coal-street,
3084 649 163 30 Charleston.

2755 734 156 27 Vaccination
2922 734 62 24 from
2998 736 26 22 10
3031 741 52 17 a.m.
3095 738 24 20 to
3135 737 25 21 12
3172 742 67 22 noon,
3250 741 68 24 every
3331 732 67 26 other

3011 767 131 26 Thursday.

2987 929 177 31 MEDICAL.

2845 1013 151 26 ARRIVAL
3023 1015 41 25 OF
3090 1015 50 24 DR.
3162 1014 145 26 MORTON.

3164 1092 124 32 Brighton,
3302 1095 67 23 1867.

2757 1140 105 69 THIS
2877 1140 20 25 is
2916 1143 24 22 to
2957 1140 86 32 certify
3054 1140 52 25 that
3125 1140 43 26 Mr.
3180 1139 106 27 William
3298 1141 77 26 Mono
3382 1149 15 16 n

2839 1182 42 25 has
2891 1181 48 25 this
2951 1180 44 33 day
3013 1181 113 33 produced
3142 1182 35 25 his
3194 1181 100 35 diploma
3311 1190 26 17 as
3358 1184 34 25 Li-

2756 1216 102 26 centiate
2878 1217 26 24 of
2931 1216 39 26 the
3003 1215 75 32 Royal
3100 1216 93 33 College
3220 1218 25 23 of
3271 1218 126 31 Surgeons,

2756 1251 99 31 Ireland,
2877 1250 73 26 under
2973 1251 40 24 the
3035 1251 129 33 provisions
3186 1252 26 25 of
3232 1252 40 24 the
3298 1251 100 26 Medical

2755 1286 176 26 Practitioners'
2945 1285 138 30 Ordinance,
3103 1289 63 28 1849,
3180 1286 92 26 Session
3292 1286 71 32 I,No.
3373 1291 22 29 2,

2755 1322 26 24 of
2792 1322 40 24 the
2844 1321 110 33 province
2965 1320 26 25 of
3001 1320 58 26 New
3072 1321 114 25 Munster.

3049 1355 116 26 Charles
3180 1357 96 30 Broad,

3097 1390 111 27 Resident
3219 1390 146 34 Magistrate.

2785 1480 41 25 Dr.
2838 1480 102 30 Morton,
2951 1479 104 26 Member
3071 1480 26 25 of
3113 1480 39 25 the
3169 1479 76 33 Royal
3260 1479 92 34 College
3361 1482 32 26 of

2756 1515 124 33 Surgeons,
2891 1514 100 32 Ireland,
3009 1515 131 26 Licentiate
3164 1516 23 25 in
3203 1515 130 34 Pharmacy
3351 1517 45 26 and

2755 1551 143 32 Midwifery,
2918 1551 43 30 do.,
2981 1550 44 31 do.,
3053 1551 131 25 Licentiate
3204 1551 24 24 in
3254 1551 143 33 Midwifery,

2755 1585 116 33 Anglesia
2882 1585 114 32 Lying-in
3008 1585 111 33 Hospiial,
3131 1584 95 32 Dublin,
3238 1585 45 25 and
3293 1586 105 25 Member

2756 1621 25 22 of
2792 1621 40 23 the
2843 1619 100 27 Medical
2954 1620 76 25 Board
3041 1621 26 24 of
3078 1620 106 25 Victoria
3194 1620 45 24 and
3250 1620 57 26 New
3323 1621 74 25 South

2756 1652 87 28 Wales.

2785 1698 43 25 Dr.
2838 1698 95 24 Morton
2941 1698 43 24 has
2990 1700 57 23 been
3057 1701 179 24 Demonstrator
3244 1701 26 25 of
3276 1700 121 32 Anatomy

2756 1733 38 25 for
2815 1731 89 26 several
2924 1740 68 24 years
3012 1733 45 24 and
3078 1735 92 24 teacher
3189 1735 27 25 of
3236 1735 40 25 the
3294 1733 102 27 Medical

2756 1767 108 26 Sciences
2875 1771 25 21 at
2911 1767 81 32 Leeds,
3004 1766 115 33 England.

2756 1814 104 28 Address
2871 1815 40 26 Dr.
2919 1816 101 31 Morton,
3031 1819 24 23 at
3062 1816 41 25 Dr.
3112 1814 127 35 O'Kelly's,
3247 1815 149 28 Coal-street.

3123 1893 10 10 t
3135 1893 11 26 :
3191 1894 21 25 E
3257 1894 19 25 L
3309 1894 20 25 L
3374 1894 23 25 y

2860 2022 131 23 SURGEON
3012 2023 60 22 AND
3097 2022 202 28 ACCOUCHEUR,

3024 2098 59 26 Late
3103 2098 26 26 of

2774 2175 81 26 COL
2865 2175 110 27 LING
2989 2176 136 32 WOOD,
3166 2176 232 26 VICTORIA..

2756 2255 58 31 May
2825 2256 27 26 be
2862 2254 120 27 consulted
2993 2258 25 23 at
3029 2255 36 26 his
3079 2255 124 31 residence,
3214 2263 56 18 near
3280 2255 40 26 the
3329 2255 70 26 Bank

2815 2336 26 25 of
2856 2336 57 25 New
2931 2334 107 31 Zealand,
3060 2335 61 24 from
3143 2337 12 22 9
3177 2334 35 25 till
3231 2338 25 21 12
3274 2343 66 23 a.m.,

2934 2415 45 24 and
2991 2415 61 24 from
3064 2418 12 20 2
3088 2413 36 25 till
3135 2417 25 21 G.
3160 2417 26 21 30
3197 2422 53 25 p.m.

2966 2562 50 25 DR.
3044 2561 145 26 OTvELLY.

2756 2641 250 32 WILLIAMS'
3037 2641 199 31 MEDICAL
3266 2640 134 37 HALL,

2845 2718 111 33 Opposite
2968 2718 39 24 the
3018 2718 70 24 Bank
3098 2718 26 24 of
3203 2717 108 30 Zealand,

2934 2789 171 30 CiiarleTOX,
3120 2788 102 31 Pakihi,

2754 2858 64 30 And
2832 2862 27 26 at
2874 2856 191 41 Eevell-street,
3086 2857 143 40 Hokitika,
3248 2859 52 31 and
3320 2859 68 32 ltich-

2894 2936 81 29 mond
2990 2936 87 39 Quay,
3092 2936 174 39 Greymouth.

2816 3091 23 25 A
2860 3089 75 28 Select
2956 3090 151 26 Assortment
3132 3091 26 26 of
3184 3092 109 26 C'enuine
3315 3093 79 32 Drugs

2874 3154 87 26 Patent
2972 3152 133 35 Medicines,
3117 3154 147 35 Perfumery,
3272 3155 45 27 and
3324 3155 86 29 Toilet-

2873 3215 133 33 Requisites

2814 3279 169 33 Prescriptions
2994 3278 115 34 carefully
3121 3279 109 34 prepared

2815 3340 75 26 Teeth
2902 3340 126 33 extracted,
3040 3340 82 33 scaled,
3134 3349 26 17 or
3172 3342 95 35 stopped

2818 3401 78 28 Horse
2906 3401 46 26 and
2965 3401 78 26 Cattle
3056 3403 131 26 Medicines
3199 3403 88 34 always
3298 3413 30 17 on
3339 3406 64 26 hand

2949 3507 61 26 Note
3022 3507 39 26 the
3074 3507 134 28 Address
3382 3498 21 37 J

2755 3580 55 31 The
2836 3580 103 32 Comer
2961 3580 119 40 opposite
3104 3580 45 31 the
3178 3581 77 32 Bank
3283 3582 30 32 of
3330 3582 43 31 Ne

3012 3638 121 30 Zealand.
3365 3641 8 28 I

2929 3721 32 39 J.
2982 3719 54 41 W.
3058 3721 166 49 Griffiths,

2756 3815 211 27 CHEMIST
3014 3815 91 26 AND
3152 3815 196 28 DRUGGI.

2902 3885 177 38 Main-street,
3094 3884 163 40 Charleston,

2876 3954 112 33 Opposite
3009 3954 40 25 the
3068 3954 114 25 Ilibernia
3202 3954 77 25 Hotel.

2760 4023 52 69 D
2843 4023 61 32 R.

3024 4024 125 30 TRE
3175 4023 28 30 N
3231 4024 26 31 E
3282 4023 28 32 B

2926 4066 34 27 Of
2975 4066 40 26 the
3026 4066 65 27 Lock
3101 4065 119 35 Hospital,

2866 4102 104 30 London,
2988 4102 101 32 Sydney,
3105 4102 46 25 and
3167 4102 122 26 Hokitika.

2786 4176 38 26 On
2836 4173 139 35 complaints
2987 4175 25 25 of
3023 4182 13 18 a
3053 4174 91 33 strictly
3154 4175 91 33 private
3255 4182 30 19 na

2787 4209 109 34 Syphilis,
2909 4209 132 32 Secondary
3057 4210 93 30 Effects,
3162 4210 124 38 Gonorrhcj

2757 4245 122 30 Stricture,
2898 4243 111 34 Debility,
3029 4244 140 34 Impotence,
3189 4234 97 46 SeminJ

2756 4289 61 22 ness,
2829 4288 24 17 or
2870 4280 207 33 Spermatorrhoea,
3094 4280 164 33 Despondencj

2756 4323 61 23 ness,
2829 4314 127 33 Eruptions
2966 4315 26 23 of
3012 4314 40 24 the
3069 4314 66 30 Skin,
3153 4315 58 23 Loss
3222 4314 26 25 of

2756 4350 96 30 Throat,
2865 4347 124 27 Ulcerated
3001 4349 68 30 Legs,
3086 4348 171 31 Rheumatism,

2758 4384 132 31 Swellings,
2902 4382 45 26 and
2958 4382 31 25 all
2999 4384 110 23 Diseases
3119 4382 127 26 incidental
3255 4382 3 33 1

2756 4423 62 22 most
2831 4416 155 34 successfully
2998 4417 95 26 treated.

2785 4456 42 24 Dr.
2839 4455 104 30 Trenery
2954 4454 68 24 takes
3040 4453 47 25 this
3104 4454 144 31 opportunity

2756 4490 52 25 that
2818 4490 36 30 he,
2867 4488 105 33 perhaps,
2989 4488 20 25 is
3029 4495 64 18 more
3111 4486 109 34 qualified
3236 4490 13 23 t

2756 4526 72 24 above
2840 4523 138 34 complaints
2989 4523 58 25 than
3058 4530 91 25 anyone
3157 4531 30 18 on
3194 4523 40 26 the
3237 4519 12 18 1

2756 4560 89 31 having
2855 4559 45 25 had
2912 4561 28 21 30
2958 4558 75 32 years'
3053 4557 110 33 practical
3180 4566 65 25 expei

2755 4594 116 32 profound
2883 4592 76 30 study,
2979 4591 66 26 aided
3062 4593 29 31 by
3110 4592 38 24 his

2756 4628 149 33 microscopic
2925 4627 139 30 researches,
3085 4629 25 23 to
3131 4629 48 23 test
3200 4625 58 27 and.

2758 4667 52 21 true
2829 4667 83 21 nature
2928 4662 26 25 of
2973 4661 145 33 complaints,
3137 4661 38 26 for

2867 4697 37 25 his
2914 4696 153 32 magnificent
3086 4695 46 27 and
3150 4694 74 34 costly
3241 4703 27 18 co

2756 4732 115 26 scientific
2888 4731 45 26 and
2953 4730 95 26 modern
3064 4732 163 29 instruments,
3246 4732 26 25 th

2756 4768 67 25 those
2834 4765 121 35 employed
2975 4765 24 25 in
3011 4766 41 27 the
3064 4766 97 26 London
3179 4766 45 27 and
3235 4765 38 28 Pa:

2755 4802 53 32 tals,
2817 4804 57 25 with
2885 4803 66 25 these
2960 4801 145 34 advantages
3123 4802 29 27 he
3163 4805 110 30 guarantt

2754 4838 45 25 and
2811 4840 136 30 permanent
2958 4845 61 17 cure.

2785 4871 51 26 The
2846 4871 82 26 victim
2940 4871 26 26 of
2979 4871 127 26 self-abuse
3116 4871 20 26 is
3147 4870 118 34 earnestly

2754 4911 24 23 to
2791 4906 91 28 consult
2893 4907 41 25 Dr.
2947 4907 110 33 Trenery.

2820 4984 148 25 PRIVATE
2984 4984 210 27 CONSULTING
3210 4984 31 27 R(

2783 5063 41 24 Dr.
2837 5062 103 32 Trenery
2951 5064 55 32 begs
3024 5067 24 22 to
3064 5064 88 25 inform
3168 5064 24 25 hi

2754 5104 47 25 any
2812 5097 86 32 parties
2909 5098 50 24 that
2977 5106 55 24 may
3051 5097 58 25 wish
3126 5101 34 26 to,

2753 5132 36 24 his
2801 5136 52 28 stay
2864 5132 24 24 in
2900 5131 138 27 Charleston
3077 5131 25 26 ill
3112 5134 39 24 hed

2782 5180 92 25 Letters
2885 5181 30 31 by
2926 5181 65 30 Post,

2752 5214 61 33 fully
2826 5214 109 27 attended
2953 5219 31 21 to.
3016 5217 55 25 Med

2752 5253 52 29 part
2815 5250 26 24 of
2855 5250 38 25 the
2905 5249 108 27 colonies.

2781 5284 104 26 Address
2903 5284 4 27 :

2752 5320 101 24 Dixon's
2858 5320 61 25 Soda
2930 5320 81 26 Water
3022 5311 44 34 iiA
