2458 3893
22 400 2399 37 THE

22 437 599 29 OXFORD
721 437 300 29 AND
1121 437 400 29 CUST
1621 437 800 29 OBSERVER

22 466 313 28 AND
439 466 1044 28 CANTERBURY
1587 466 834 28 LIBERAL,

22 494 1200 29 CIRCULATING
1331 494 1090 29 THROUGHOUT

22 523 706 28 NORTH
869 523 1552 28 CANTERBURY.

1054 571 226 31 Established
1324 571 90 31 1889.

25 687 67 32 Vol
113 687 71 30 4—
184 684 59 31 No.
289 678 85 41 179.1

719 682 106 31 EAST
876 683 184 35 OXFORD,
1105 677 241 38 SATURDAY,
1395 675 204 32 JANUARY
1620 676 49 36 14,
1715 678 78 30 J893

1983 681 136 31 •Peioe—
2120 682 86 30 ONE
2242 680 146 32 PENNY

2040 844 115 27 GREAT
2187 848 86 26 SALE

2145 895 30 16 OP

1894 919 207 35 TEWELLRY,
2138 924 178 30 WATCHES.
2331 925 2 23 :
2350 927 71 25 DIA-

1887 949 23 27 -0
2019 978 4 5 .
2051 955 98 26 MOND
2168 958 120 30 GOODS,

1888 989 127 27 SILTER
2034 992 71 26 AND
2128 994 283 29 ELECTRO-PLATE

1887 1028 47 25 AT
1952 1030 22 24 A
1991 1030 172 28 DISCOUNT
2188 1034 44 25 OE
2249 1037 28 23 4s
2294 1036 37 25 IN
2349 1036 71 26 THE

1985 1069 126 31 POUND,
2124 1072 68 25 FOR
2204 1074 22 24 A
2244 1075 78 26 FEW

2036 1110 125 28 WEEKS
2170 1114 99 25 ONLY.

1921 1152 113 30 £10,000
2052 1154 72 26 value
2136 1157 25 23 to
2174 1157 75 25 select
2272 1158 66 25 from
2358 1161 27 23 at

1889 1208 67 46 M.
2018 1212 404 52 SANDSTEIN

1899 1285 107 23 DIRECT
2020 1288 154 28 IMPORTER,

2032 1326 59 21 AND
2107 1328 164 28 JEWELLER,

1883 1361 112 22 cashel
2011 1363 38 22 sr.
2069 1364 86 26 west^
2177 1366 232 25 ohristchurch:.

2018 1465 174 28 .Established
2204 1470 73 25 1862.
2293 1487 2 3 .
2310 1492 5 3 .
2346 1474 4 4 '
2383 1492 7 5 r

1908 1538 31 21 M.
1952 1538 159 25 SANDSTEIN
2121 1543 41 21 has
2177 1545 114 26 appointed
2301 1545 44 23 Mb.
2354 1547 66 23 R.H.

1880 1571 82 22 Pawsh
1978 1580 24 14 as
2019 1575 34 20 his
2068 1576 80 22 Oxford
2162 1578 104 26 AGENT,
2280 1580 48 22 who
2343 1582 45 21 will
2397 1588 13 15 a

1881 1610 43 20 any
1934 1605 52 21 time
1995 1612 94 20 procure,
2103 1614 28 14 on
2148 1610 146 28 approbation,
2313 1613 109 25 Watches,
2429 1630 3 4 .

1882 1637 81 26 Clocks,
1974 1640 43 20 and
2026 1641 116 26 Jewellery,
2152 1643 33 20 for
2201 1643 34 21 his
2249 1645 79 22 Oxford
2343 1647 77 20 clients

1882 1671 22 20 to
1915 1672 64 21 select
1992 1674 64 25 from,
2067 1676 24 19 at
2101 1675 36 21 the
2155 1682 59 16 same
2223 1678 57 26 price
2296 1686 25 14 as
2327 1680 93 27 charged

1878 1704 23 20 at
1911 1703 36 22 the
1957 1704 153 24 Christchnrch
2120 1708 179 23 Establishment.

1924 1757 59 44 M,
2027 1759 353 49 SANDSTEIN,

2028 1818 111 21 OASHEL
2152 1820 118 26 STREET,

1971 1860 357 33 CHRISTCHUECH.

1885 2080 76 57 A.
1981 2082 81 57 D.
2092 2083 324 65 Hassal]

2002 2174 292 42 SADDLER

2115 2239 60 21 AND

1878 2283 278 42 HARDWARE
2174 2288 244 42 IMPORTER*

2021 2347 93 25 HIGH
2132 2348 143 31 STREET,

1961 2398 366 59 OUST.

1880 2488 169 56 DESIRES
2067 2491 26 23 to
2105 2499 130 18 announce
2247 2493 58 26 tbat
2317 2494 27 24 m
2356 2495 62 25 view

1955 2521 28 25 of
1995 2521 44 25 tho
2061 2525 169 32 approaching
2252 2525 107 33 harvest,
2384 2528 33 24 he

1881 2558 46 25 has
1949 2559 73 25 made
2046 2568 33 17 an
2102 2563 126 24 extensive
2251 2564 121 31 purchase
2392 2566 28 24 of

1879 2597 134 25 BINDER
2037 2598 115 27 TWINE
2178 2601 50 25 and
2251 2602 164 26 MACHINE

1880 2635 79 25 OILS
1976 2636 80 24 which
2069 2638 32 24 lie
2113 2638 21 24 is
2146 2640 122 31 prepared
2278 2643 25 23 to
2326 2643 90 31 supply

1880 2675 26 24 at
1919 2674 42 25 tho
1973 2674 85 26 lowest
2070 2678 184 26 remunerative
2277 2679 87 31 prices.

1881 2746 53 25 The
1947 2747 125 33 following
2080 2748 92 27 brands
2181 2758 41 17 are
2231 2750 58 33 kept
2300 2753 28 24 m
2336 2753 81 25 stock:

1916 2790 132 33 Donaghy,
2068 2791 114 31 Manilla,
2196 2794 85 25 Mixed
2293 2796 49 24 and
2355 2796 65 26 Flax

1882 2830 107 30 Twines,
2009 2832 134 25 Auckland
2157 2833 73 26 Fibre
2243 2834 55 31 Cos,
2312 2836 106 26 Manilla

1884 2869 58 24 Star
1950 2869 50 24 and
2012 2869 70 29 Flax,
2104 2871 50 24 and
2175 2872 90 26 Mason
2286 2874 130 26 Struthers

1882 2906 57 26 well
1952 2907 90 25 known
2054 2907 106 27 Lurline
2173 2909 83 33 Hemp
2275 2912 95 26 Twine.

1919 2945 53 24 The
1983 2945 76 25 Stock
2072 2947 26 23 of
2109 2947 62 25 On,s
2183 2947 23 25 is
2218 2950 122 31 complete
2363 2960 57 17 con-

1884 2983 92 31 sisting
1999 2984 27 24 of
2053 2984 76 31 Lard,
2155 2986 93 30 Castor,
2281 2988 141 31 Yalroline,

1884 3020 98 26 Golden
2001 3022 157 33 Machinery,.
2183 3024 84 31 Colza,
2289 3026 51 26 Pea
2362 3027 60 30 Nut,

1884 3060 136 31 Neatsfoot,
2039 3062 61 26 Raw
2123 3064 50 25 and
2197 3065 89 27 Boiled
2305 3067 118 28 Linseed,

1883 3100 111 32 Aprons,
2007 3101 49 25 and
2072 3102 130 26 Elevators
2220 3105 73 25 made
2314 3106 50 24 and
2387 3114 36 18 re-

1883 3140 87 32 paired
1990 3143 26 23 at
2057 3142 109 26 shortest
2201 3145 93 26 notice.
2331 3146 94 26 Binder

1885 3179 79 33 whips
1977 3180 98 26 Canvas
2086 3181 99 31 batons,
2197 3183 78 27 rivets
2287 3186 51 24 and
2352 3186 70 26 Pole-

1886 3221 89 31 straps,
1988 3220 60 32 kept
2056 3221 28 24 m
2104 3223 104 32 variety;

1903 3260 23 25 A
1936 3261 68 32 large
2016 3262 115 34 quantity
2143 3264 27 24 of
2181 3264 90 24 Horse
2282 3265 143 25 Medicines

1888 3302 93 32 always
1992 3309 33 17 on
2048 3302 69 25 hand
2140 3303 130 34 including
2291 3305 134 26 Ellitnan's

1890 3341 126 32 Slesinger
2039 3342 50 25 and
2112 3343 146 32 Abilgaards
2289 3346 136 25 Embroca-

1889 3379 61 29 tion,
1976 3379 146 33 Slesingcrs'
2152 3382 144 32 Learnings,
2332 3384 93 25 James'

1890 3419 50 24 and
1951 3419 113 25 Stevens'
2077 3421 155 31 .Blistering*,
2251 3422 95 32 Fryer's
2367 3424 59 24 Bal-

1891 3464 61 21 sam,
1978 3457 82 24 Sweet
2071 3457 80 30 Nitre,
2167 3459 93 30 Spavin
2273 3459 82 25 bruiso
2367 3469 55 16 con-

1891 3496 88 29 dition,
2000 3497 49 23 and
2074 3497 89 25 Worm
2185 3498 124 29 Powders,
2331 3499 53 26 also
2412 3508 16 16 a

1891 3534 83 24 varied
1999 3534 68 30 stock,
2091 3535 28 28 pf
2141 3529 122 38 &addibry
2279 3536 28 24 m
2331 3537 34 25 all
2394 3537 34 26 its

1891 3571 131 25 branches.

1927 3609 150 24 Horse-hair
2087 3609 50 24 and
2150 3609 120 31 Beeswax
2281 3612 147 30 purchased.

1896 3649 96 26 Second
2003 3649 69 24 hand
2082 3649 97 25 saddles
2197 3650 95 31 bought
2315 3652 50 23 and
2376 3655 3 4 '
2388 3660 40 16 ex-

1894 3689 113 31 changed
2037 3689 38 24 foi
2108 3696 63 17 new.
2206 3689 80 31 Agent
2315 3690 39 25 for
2383 3691 46 25 'the

1893 3727 135 36 Lj^tolton.
2033 3727 82 24 Times
2128 3727 137 31 Company,'
2279 3729 50 24 and
2348 3729 81 24 South

2002 3765 138 24 Insurance
2148 3764 42 25 Co.
2227 3764 90 26 Orders
2330 3765 32 33 by
2372 3769 57 29 post

1896 3794 158 44 o^^egram
2063 3802 124 33 promptly
2199 3803 116 25 attendel
2328 3805 34 24 to.

1299 839 184 48 JOHN
1549 841 292 59 INGRAM,

1299 928 60 23 HAS
1373 930 57 21 FOR
1443 930 71 21 SALE
1531 930 39 21 BY
1585 931 124 22 PjJIVaTE
1722 932 120 22 TREATY.

1408 1076 34 21 On
1451 1078 91 20 accourt
1552 1078 23 20 of
1584 1079 36 19 Mr
1630 1079 106 20 Johnson.

1300 1137 60 27 Shop
1367 1139 43 20 and
1424 1140 105 27 dwelling,
1538 1142 100 25 fronting
1648 1142 38 21 the
1697 1142 60 21 Main
1771 1142 68 24 Road,

1300 1165 98 24 opposite
1407 1166 95 21 Pearson
1523 1168 59 21 Park
1604 1175 29 14 on
1652 1170 47 19 half
1708 1175 28 14 an
1818 1170 22 19 of

1298 1190 59 21 land.

1298 1355 58 22 That
1375 1357 134 23 two-storied
1526 1360 102 27 Building
1646 1367 28 15 on
1693 1361 37 21 the
1747 1360 95 27 Terrace,

1300 1384 97 26 opposite
1408 1385 44 21 Mrs
1462 1386 81 21 Leurs'.

1396 1491 33 21 On
1439 1493 92 21 account
1540 1494 23 20 of
1572 1493 36 22 Mr
1622 1495 30 21 fl.
1662 1495 82 21 Heahn.

1297 1537 41 21 His
1347 1544 50 21 very
1413 1537 100 29 compact
1542 1542 56 21 little
1606 1542 103 28 Property
1726 1542 24 20 m
1769 1542 71 26 Queen

1297 1565 74 25 Street,
1382 1568 125 26 containing
1516 1568 66 22 about
1590 1570 28 26 4^
1627 1570 63 20 Acres
1699 1570 22 20 of
1728 1569 112 25 rioiland,

1298 1592 125 21 subdivided
1433 1594 48 21 into
1490 1596 81 20 several
1582 1597 63 19 small
1655 1596 118 26 paddocks,:
1787 1596 52 20 with

1298 1618 54 23 good
1370 1619 73 21 House
1462 1621 96 25 thereon;
1576 1622 60 20 brick
1653 1622 54 21 well.
1732 1623 52 20 Cost
1802 1622 37 21 the

1298 1650 70 15 owner
1378 1646 62 21 £250.
1469 1648 52 21 Will
1531 1648 24 21 be
1564 1649 47 20 sold
1621 1650 23 19 at
1653 1655 13 15 a
1676 1655 49 20 very
1735 1648 104 22 consider-

1295 1671 46 21 ab'e
1350 1672 110 23 reduction
1471 1681 27 14 on
1507 1675 71 22 above
1587 1676 63 26 price.

1521 1868 56 22 Also
1577 1880 29 4 —

1379 1919 33 21 On
1423 1923 91 20 account
1523 1923 23 20 of
1554 1923 35 20 Mr
1597 1923 60 21 John
1665 1922 91 21 Fisheb.

1297 1955 43 20 His
1346 1956 102 31 valuable
1458 1958 66 21 Stone
1534 1959 83 25 Quarry
1627 1960 22 19 at
1658 1959 58 20 View
1725 1959 53 23 Hill,
1788 1965 48 14 con-

1297 1982 87 27 taining
1396 1983 34 21 the
1441 1984 45 21 best
1497 1984 95 26 building
1602 1987 62 19 stone
1672 1985 23 20 m
1705 1985 133 26 Canterbury

1297 2009 52 21 with
1359 2012 27 19 20
1395 2010 64 21 Acres
1469 2012 22 19 of
1500 2012 63 21 Land
1572 2018 29 15 on
1619 2012 70 21 which
1709 2012 58 21 there
1785 2012 20 21 is
1824 2019 13 14 a

1296 2043 59 14 seam
1366 2037 23 21 of
1397 2038 129 22 Limestone.

1506 2327 36 19 TO
1555 2326 64 21 LET.

1455 2373 27 20 In
1500 2374 84 20 Horn's
1592 2375 82 20 Estate.

1294 2409 62 21 Good
1365 2410 99 25 dwelling
1473 2410 51 21 with
1534 2411 44 20 Ten
1588 2417 58 15 acres
1657 2412 23 20 of
1688 2412 58 21 land.

1297 2577 193 35 JOHN
1521 2578 310 35 INGRAM

1446 2690 240 30 AUCTIONEER,

1380 2834 374 32 OXFORD.

1318 3090 78 45 W.
1432 3092 374 57 MITCHELL,

1363 3157 276 43 BOARDINGHOUBE
1664 3162 121 39 KEEPER

1303 3215 195 34 EAST
1529 3218 310 36 OXFORD

1418 3277 105 22 TERMS
1545 3280 176 22 MODERATE

1302 3318 119 25 EVERY
1430 3319 190 27 ATTENTION
1633 3322 27 24 to
1671 3322 174 27 BOARDERS

1357 3443 75 38 GK
1487 3446 315 48 SMITH,

1309 3513 86 45 ZINC,
1419 3515 69 40 TIN,
1513 3517 65 38 AND
1601 3518 116 41 SHEET,
1744 3521 102 38 STEEL

1514 3583 138 22 WOEKER

1345 3628 98 40 High,
1456 3628 111 42 Street,
1591 3631 81 32 East
1694 3633 125 31 Oxford.

1310 3728 42 26 All
1363 3728 72 27 kinds
1448 3732 28 25 of
1490 3733 95 31 Pumps
1598 3734 76 26 Fixed
1686 3737 23 23 &
1726 3736 124 32 Repaired

1424 3776 26 24 at
1462 3775 44 26 the
1519 3776 110 28 shortest
1641 3780 91 25 notice.

691 2013 222 62 ROBERT
996 2019 227 74 USHER,

730 2093 177 29 GENERAL
929 2095 264 29 STOREKEEPER

704 2142 97 45 Teas,
844 2141 133 46 Coffees,
1016 2144 129 45 Cocoas,
1179 2154 48 29 an

794 2192 143 40 General
960 2194 168 40 Groceries
1134 2218 7 8 •

744 2244 142 31 WEST
950 2246 223 31 OXFORD.

732 2343 442 44 SADDLEHY.

689 2413 80 53 H.
797 2414 61 54 J.
877 2415 348 57 LAMING

785 2493 346 35 SADDLER

925 2537 63 21 AND

691 2574 288 39 HARNESS
1015 2577 211 40 MAKER

838 2627 72 25 Neav.
929 2627 149 31 Sai-eyabds,

727 2669 45 42 O
797 2671 64 41 2S
885 2671 197 43 FOR
1106 2673 46 41 D
1178 2702 14 13 .

691 2743 88 25 Orders
792 2744 50 24 and
859 2744 104 33 Repairs
974 2747 126 32 promptly
1112 2748 118 27 exequted

856 2790 26 23 at
892 2789 87 25 lowest
990 2792 75 23 rates.

797 2855 144 40 HORSE
964 2850 163 46 COVERS

694 2905 100 40 made
806 2907 37 39 to
859 2907 103 39 Order
976 2907 69 40 and
1060 2909 171 49 Repaired

754 3020 260 28 CALEDONIAN
1031 3024 145 26 HOUSE.

696 3083 219 45 JAMES

778 3140 83 27 BOOT,
880 3140 84 28 SHOE.
980 3142 26 26 &
1021 3142 124 28 SLIPPER

831 3173 263 33 Manufacturer.

952 3220 180 32 OXFORD.

698 3270 49 22 Has
758 3276 28 15 on
795 3270 63 21 hand
867 3277 12 14 a
889 3271 104 26 splendid
1000 3273 133 20 assortment
1139 3273 24 20 of
1169 3274 68 21 Boots

699 3303 44 20 and
754 3303 69 20 Shoes
833 3302 66 21 made
918 3309 30 14 on
957 3304 40 19 the
1005 3304 107 26 premises
1131 3306 25 20 at
1165 3305 70 26 prices

698 3333 54 21 that
762 3334 52 27 defy
823 3335 152 25 competition.
1003 3336 61 25 Boys
1072 3336 81 21 School
1179 3339 55 24 oots,

698 3366 59 20 back
767 3372 71 15 seams
848 3367 46 20 and
902 3367 63 20 front
974 3367 63 21 hand
1044 3374 66 19 sewn,
1119 3370 83 19 cannot
1209 3370 28 21 be

699 3398 126 26 surpassed.
858 3398 67 21 Men's
935 3398 50 21 best
991 3400 149 26 watertights,
1150 3402 87 25 pegged

700 3429 50 27 15/-.
790 3430 99 27 Bespoke
912 3430 141 26 department
1075 3432 105 25 carefully
1205 3434 34 20 at-

699 3462 85 21 tended
799 3464 30 19 to.
858 3462 40 21 Fit
916 3462 46 20 and
980 3462 171 28 Workmanship
1171 3465 68 20 Guar-

699 3494 88 20 anteed.
816 3494 92 26 Eepairs
918 3494 77 25 neatly
1005 3495 46 21 and
1059 3495 113 28 promptly
1182 3497 57 22 done

699 3527 25 20 at
733 3527 131 20 reasonable
887 3526 59 21 rices

732 3580 58 20 anch
804 3580 182 21 Establishment
993 3588 5 12 :
1014 3580 60 21 Near
1093 3581 66 22 Town
1179 3582 61 26 Hall,

888 3607 57 22 Fist
956 3607 91 21 Oxford.

725 3683 51 37 Cr.
803 3683 48 38 E.
882 3683 343 47 WEYLANDT,

838 3745 111 28 FAMILY
967 3746 146 28 BUTCHER.

748 3782 159 40 BAST
938 3783 262 43 OXFORD.

54 2034 38 55 T.
135 2034 47 64 J.
224 2034 358 60 WEEBER,

130 2099 72 32 High
215 2099 89 30 Street,
317 2100 64 25 East
402 2100 101 25 Oxford.

129 2159 125 28 PICTURE
274 2159 100 27 FRAME
397 2159 104 27 MAKER

49 2211 104 26 Picture
165 2212 96 25 Frame
270 2213 147 32 Mouldings
430 2222 28 17 or
483 2213 60 26 sale.

46 2251 84 32 Agent
137 2252 40 25 for
188 2253 39 24 W.
240 2252 143 25 Rainbow's
400 2253 189 31 Preparations.

101 2310 15 11 „
183 2291 139 26 Ellisdon's
334 2292 132 32 Neuralgic
478 2293 92 32 Drops.

100 2349 16 12 
184 2331 94 26 United
296 2332 138 26 Insurance
457 2333 134 32 Company

46 2371 28 26 of
84 2371 109 33 Sydney.

50 2481 23 25 A
83 2490 56 17 new
151 2481 37 26 lot
199 2483 28 24 of
238 2483 215 33 Paperhangings,
478 2485 51 31 just
553 2493 36 16 re-

54 2520 92 29 ceived,
159 2520 64 26 from
236 2521 114 32 sixpence
368 2530 44 24 per
432 2522 76 32 piece.

95 2643 92 43 W.
235 2645 313 46 STOCKS,

53 2705 345 32 MONUMENTAL
421 2707 173 37 MASON,

177 2757 134 32 Madras
335 2758 126 37 Street,

98 2810 455 34 CHRISTCHURCH.

59 2901 164 61 WISHES
241 2905 27 22 to
285 2903 86 25 inform
383 2911 100 24 persons
502 2904 23 24 m
535 2906 63 22 want

151 2936 27 23 of
193 2935 165 26 Monumental
383 2937 74 24 Work
486 2937 53 24 that
568 2937 30 24 lie

56 2968 99 25 intends
176 2971 24 22 to
223 2968 90 26 SELL
341 2969 62 25 HIS
437 2970 161 24 PEESENT

57 2999 119 27 LARGE
198 3001 119 31 STOCK,
335 3002 133 32 consisting
484 3003 26 24 of
522 3003 76 24 Gran-

58 3035 34 24 ite
111 3034 103 32 Marble,
240 3035 49 25 and
315 3036 68 24 other
410 3036 75 26 Stone
513 3036 88 25 Monu-

59 3071 88 26 ments,
177 3070 26 22 at
231 3069 164 31 considerably
430 3069 170 26 REDUCED

59 3099 134 27 PRICES.
227 3102 58 24 Iron
304 3102 100 30 Fences,
424 3102 113 26 Concrete
554 3103 47 23 and

61 3135 75 26 Stone
153 3133 128 33 Kerbings,
299 3135 101 25 reduced
412 3135 24 25 m
454 3136 71 32 [rice.
560 3135 41 25 In-

59 3168 128 32 scriptions
205 3169 49 24 and
273 3168 34 25 all
325 3168 66 25 work
409 3169 24 24 m
462 3170 140 24 connection

61 3201 57 25 with
137 3200 42 26 the
196 3201 69 25 trade
278 3202 61 24 done
352 3202 23 24 m
388 3202 132 25 firat-class
533 3204 68 30 style.

62 3233 76 32 Early
157 3234 135 32 inspection
312 3236 99 24 invited.
449 3235 95 25 Several
554 3244 50 16 new

62 3267 61 25 lines
141 3268 75 31 lately
247 3268 101 25 arrived.
384 3268 54 32 Any
466 3269 138 24 reasonaile

62 3301 60 24 offer
138 3301 38 24 for
193 3301 41 25 the
252 3306 94 26 present
364 3302 69 24 stock
450 3302 50 25 will
527 3302 77 25 result

61 3334 24 24 m
103 3342 14 16 a
135 3334 58 25 sale.
231 3335 77 24 Want
332 3337 26 23 to
375 3335 93 25 realise.

64 3452 48 45 J.
135 3452 53 45 T.
217 3452 201 54 Brown,
441 3454 41 45 &
503 3454 97 45 Son

120 3518 111 22 TIMBER
241 3519 18 21 &
269 3519 73 21 COAL
356 3520 183 22 MERCHANTS.

242 3556 165 22 IMPORTERS

68 3594 36 28 Of
134 3593 141 28 TIMBER
305 3594 53 27 aud
388 3594 49 28 All
467 3595 88 27 Kinds
580 3596 27 28 of

123 3640 188 28 BUILDING
336 3641 222 27 MATERIALS.

259 3686 151 27 CORNER

68 3735 165 28 COLOMBO
274 3736 18 24 &
322 3735 96 26 TUAM
455 3736 154 27 STREETS

230 3779 194 26 CHRISTCHURCH

421 792 57 43 J.
516 792 60 41 S.
603 792 227 48 COOK,

597 844 43 21 The
661 845 83 26 People'
744 844 126 29 alchemist,

713 882 92 26 washel
821 883 103 33 Street,.

853 922 281 26 CHEISTCHURCH.

770 974 129 33 (Opposite
911 976 42 26 the
974 976 56 26 A.I.
1044 976 88 34 Hotel)

63 1041 12 20 I
84 1041 55 22 have
148 1041 97 27 pleasure
254 1040 23 21 m
288 1040 105 27 thanking
403 1047 35 21 my
448 1042 80 21 friends
538 1043 43 20 and
591 1044 122 26 supporters
723 1044 34 21 for
767 1045 36 21 the
819 1046 122 20 confidence
960 1046 53 21 and*
1022 1053 49 19 very
1089 1047 75 20 liberal
1183 1048 37 25 pat

37 1084 79 19 ronage
135 1077 70 21 which
215 1077 40 21 has
265 1077 51 22 been
323 1078 102 22 extended
435 1080 21 20 to
463 1085 34 15 me
504 1080 33 21 for
547 1079 36 22 the
592 1082 50 24 past
650 1087 68 19 years,
727 1081 12 21 I
750 1083 55 20 trust
814 1082 48 21 that
880 1084 12 19 I
911 1083 56 21 shall
983 1084 63 21 merit
1064 1084 37 21 the
1120 1083 114 22 continued

37 1115 116 25 patronage
161 1114 23 20 of
193 1120 36 19 my
238 1113 80 22 friends
328 1115 43 20 and
380 1114 36 21 the
425 1115 72 26 public
504 1117 113 26 generally,
644 1117 83 26 During
737 1118 37 21 the
783 1125 60 19 years
852 1120 12 20 I
878 1120 54 21 have
947 1120 51 21 been
1008 1120 23 21 m
1049 1120 152 22 Christchurch
1215 1120 11 21 I

37 1150 55 21 have
102 1150 112 26 dispensed
220 1156 65 19 many
293 1150 117 21 thousands
420 1152 22 20 of
452 1152 150 26 prescriptions
612 1153 44 21 and
664 1155 138 25 successfully
811 1156 81 20 treated
903 1157 80 19 several
1003 1157 120 20 thousands
1152 1158 22 19 of
1193 1164 37 18 my

36 1186 100 26 patients.
163 1186 57 21 lam
229 1186 54 26 fully
292 1186 126 26 acquainted
427 1187 52 22 with
488 1188 37 21 the
538 1189 97 20 business
642 1189 24 20 m
675 1190 29 20 ah
714 1190 29 21 its
751 1190 111 26 branches,
872 1192 44 21 and
924 1192 83 28 itismy
1016 1193 121 21 endeavour
1155 1194 78 26 always

71 1222 121 27 personally
205 1223 75 21 attend
289 1225 22 19 to
322 1223 33 21 the
362 1223 153 26 requirements
524 1225 43 21 and
574 1225 74 22 obtain
659 1225 36 22 the
704 1227 122 22 confidence
842 1228 22 20 of
882 1228 29 21 all
930 1228 57 29 who,,
996 1229 75 26 kindly
1089 1230 75 21 favour
1195 1237 35 14 me

36 1258 54 22 with
99 1259 55 22 their
164 1260 124 26 patronage.

37 1298 65 22 TRY
121 1299 50 21 MY
195 1298 94 24 CURE
308 1298 146 24 FORTALL
472 1299 166 29 KINDSIOF
654 1303 82 22 SKIN
766 1305 175 22 DISEASE—

200 1335 12 20 I
221 1341 36 14 am
267 1336 135 26 exceedingly
411 1336 114 21 successful
537 1337 23 20 m
570 1343 37 21 my
612 1338 101 22 remedies
722 1340 34 20 for
766 1340 43 21 this
817 1341 124 26 complaint,
951 1341 55 23 have
1016 1348 12 16 a
1032 1343 59 26 large
1108 1343 92 22 number
1215 1345 22 21 of

241 1373 151 21 testimonials.

38 1423 5 19 t
62 1416 42 23 RY
123 1417 49 22 MY
191 1417 75 22 NEW
283 1418 145 22 REMEDY
447 1418 64 22 FOR
530 1418 98 24 LIVER
641 1420 223 25 COMPLAINTS
882 1425 70 21 AND
971 1425 257 24 INDIGESTION—

200 1452 115 22 Hundreds
324 1454 23 20 of
355 1460 38 19 my
402 1454 94 26 patients
506 1454 54 22 have
570 1456 79 25 proved
658 1456 18 21 it
686 1456 76 28 highly
776 1458 144 28 satisfactory.

131 1510 3 14 ;
186 1500 81 33 Large
280 1500 75 27 Stock
372 1501 28 25 of
408 1501 34 25 all
454 1501 73 26 kinds
538 1503 25 24 of
574 1503 90 26 Patent
686 1505 135 26 Medicines
843 1508 27 24 at
897 1507 73 26 Store
986 1510 92 24 Prices.

55 1578 4 2 .
118 1566 23 14 ■.
271 1555 21 24 A
304 1555 118 32 complete
425 1580 8 10 i
447 1557 150 26 Assortment,
617 1559 26 24 of
663 1560 177 32 Homoepatliic
868 1561 141 27 Medicines.

22 1601 44 40 ..;',.
74 1603 71 43 j.-'.A'l
163 1604 125 28 DRUGS
305 1606 192 26 Guaranteed
516 1608 85 33 Pure,
617 1609 75 25 Best
714 1609 130 36 Quality,
864 1612 57 25 and
938 1614 119 25 Lowest
1083 1613 91 27 Price.

24 1669 14 7 ,-
46 1669 13 19 ;]
97 1662 33 27 w;.
236 1653 305 27 PRESCRIPTIONS
557 1658 120 32 carefully
695 1659 50 23 and
763 1661 114 30 correctly
900 1661 133 32 dispensed.

374 1698 612 50 ooTsrstju.TATioisrs
1024 1715 194 35 f^biis

468 1764 116 31 JOHN
606 1764 29 32 S.
661 1765 147 40 COOKE,

439 1825 145 33 Kegisterei
617 1827 209 28 Pharmaceutical
844 1830 118 32 Chemist,

777 1877 110 27 Cashel
914 1879 116 33 Street,

907 1926 279 27 OHRISTCHURCH.
