2530 3960
694 3155 118 103 Oxford
832 3155 59 103 and
911 3155 78 103 Dust
1009 3155 177 103 Observer.

759 3258 192 19 PUBLISHED
969 3259 160 21 WEEKLY.

705 3344 170 23 SATURDAY.
898 3343 111 22 January
1020 3346 66 25 14th,
1097 3346 60 20 1893.

813 3464 259 33 IRRIGATION.

715 3563 64 32 The
792 3572 84 24 news
889 3565 35 30 of
935 3564 51 32 Mr
1000 3566 131 32 Dixon's
1147 3568 60 31 dis-

672 3606 215 39 appointment
925 3608 33 29 m
986 3608 48 30 his
1072 3610 134 38 applica-

673 3646 66 31 tion
764 3651 32 25 to
821 3648 54 29 the
903 3648 90 30 Land
1021 3649 101 30 Board
1152 3650 56 30 has

675 3688 77 29 been
766 3689 140 29 received
921 3690 77 29 with
1013 3691 102 29 mixed
1127 3691 81 30 feel-

673 3729 79 39 ings.
797 3729 99 30 There
926 3740 50 20 are
1014 3741 83 20 some
1140 3732 67 30 who

673 3769 96 39 speak
783 3770 33 28 of
830 3769 64 30 him
915 3780 33 19 as
977 3782 19 18 a
1023 3773 184 37 monopolist

672 3810 62 29 and
746 3810 244 37 obstructionist,
1007 3812 87 31 white
1099 3815 13 26 t
1136 3813 70 30 oth-

672 3860 49 23 ers
736 3851 61 31 and
812 3854 56 28 not
882 3862 18 21 a
913 3852 61 32 few
997 3853 115 33 believe
1141 3854 64 32 him

1306 188 32 26 to
1353 184 79 30 have
1447 184 78 30 been
1542 186 144 29 actuated
1701 186 41 39 by
1770 197 71 30 any-

1305 225 92 39 thing
1411 226 58 28 but
1485 225 105 29 selfish
1618 227 139 30 motives.

1348 267 57 29 We
1428 265 72 31 take
1528 266 26 30 it
1582 267 69 29 that
1678 268 163 41 monopoly

1305 318 108 20 means
1428 318 39 20 an
1482 308 105 30 unfair
1603 308 58 30 self
1676 311 167 39 appropri-

1308 350 84 28 ation
1407 349 32 29 of
1450 359 36 19 an
1498 350 158 30 excessive
1671 355 127 26 amount
1813 352 31 28 of

1307 399 121 31 money,
1443 390 74 30 land
1532 401 34 19 or
1596 392 106 38 goods,
1731 395 33 26 to
1789 392 53 30 the

1307 431 167 30 detriment
1503 432 32 29 of
1564 442 56 19 our
1643 431 197 40 neighbours.

1306 470 90 31 None
1411 472 33 29 of
1458 471 87 30 these
1561 482 128 30 ciarges
1719 484 56 19 can
1803 475 38 29 be

1306 513 117 39 proved
1437 514 122 38 against
1574 513 50 30 Mr
1643 514 112 31 Dixon.
1798 515 43 30 As

1306 563 19 19 a
1339 553 199 30 Landholder
1551 555 40 29 he
1604 555 56 30 has
1688 555 78 30 been
1789 566 51 19 en-

1306 594 168 38 terprising
1502 595 62 28 and
1598 596 167 29 successful
1808 597 31 28 m

1306 634 127 40 making
1446 645 121 29 money,
1579 635 57 30 but
1650 636 39 30 he
1704 636 54 30 did
1785 641 56 26 not

1305 674 99 31 hoard
1424 675 27 30 it
1460 685 33 20 as
1516 686 94 31 many
1638 687 19 19 a
1678 688 71 18 man
1780 678 61 29 and

1306 715 62 40 boy
1383 726 58 19 can
1469 716 112 30 inform
1606 728 35 19 us
1672 719 68 28 that
1761 729 80 19 were

1305 755 159 32 fortunate
1479 758 122 39 enough
1617 761 32 27 to
1664 759 106 29 obtain
1780 769 59 20 em-

1306 797 159 39 ployment
1479 799 81 28 from
1575 799 73 29 him.
1693 800 74 29 And
1787 800 52 29 the

1305 837 113 41 charge
1434 839 32 30 of
1480 839 73 30 land
1574 841 165 40 monopoly
1766 841 72 30 falls

1304 879 146 40 through,
1463 880 130 32 because
1604 881 38 31 he
1651 881 56 31 has
1723 883 115 39 merely

1304 921 147 39 acquired
1467 921 83 37 land,
1577 933 18 19 a
1623 923 86 39 large
1740 935 99 28 quan-

1304 961 62 40 tity
1381 962 162 40 certainly,
1572 964 58 29 but
1658 965 33 29 of
1714 965 75 30 such
1821 975 19 19 a

1306 1003 119 40 quality
1453 1003 71 31 that
1551 1015 77 29 very
1666 1006 61 30 few
1769 1016 70 20 men

1305 1043 103 30 would
1422 1044 80 30 have
1517 1047 147 37 accepted
1678 1047 25 29 it
1718 1056 33 20 as
1768 1048 45 36 gif
1815 1050 22 35 t,

1304 1084 62 30 and
1375 1095 76 31 very
1460 1085 61 31 few
1530 1087 101 30 would
1638 1087 78 31 have
1726 1088 113 31 known

1305 1124 69 32 how
1388 1129 33 27 to
1449 1129 74 27 turn
1547 1128 27 29 it
1601 1131 33 26 to
1655 1133 131 26 account
1815 1129 25 30 if

1303 1166 76 40 they
1404 1166 63 30 had
1490 1171 57 36 got
1565 1169 26 28 it
1619 1169 50 29 for
1697 1170 141 38 nothing.

1307 1207 65 30 The
1387 1208 79 30 wide
1481 1208 182 42 knowledge
1691 1211 70 30 that
1789 1209 51 31 Mr

1306 1247 104 31 Dixon
1424 1249 57 30 has
1493 1251 145 39 acquired
1662 1251 43 40 by
1733 1256 106 26 exten-

1305 1289 65 30 sive
1380 1290 141 40 reading,
1544 1292 146 39 practical
1719 1293 120 40 experi-

1305 1333 101 28 ments
1421 1331 61 30 and
1493 1336 144 27 constant
1662 1342 176 32 correspon-

1306 1371 96 31 dence
1412 1373 76 30 with
1502 1373 53 30 the
1567 1378 135 35 greatest
1725 1376 114 40 irriga-

1306 1412 66 31 tion
1388 1414 156 30 scientists
1559 1416 35 28 of
1603 1415 52 31 the
1667 1416 70 40 day,
1751 1417 88 40 justi-

1307 1453 61 30 fied
1397 1455 52 29 the
1472 1455 92 30 belief
1592 1457 68 29 that
1686 1458 61 30 this
1768 1457 72 31 land

1306 1494 101 32 which
1425 1496 25 30 is
1474 1497 181 41 practically
1681 1510 19 18 a
1728 1499 111 37 desert,

1307 1537 90 29 could
1427 1537 35 29 be
1491 1539 88 29 made
1603 1540 125 29 fruitful
1749 1540 44 40 by
1822 1550 19 20 a

1307 1578 249 37 comprehensive
1584 1580 163 38 irrigation
1770 1589 69 31 sys-

1306 1620 71 32 tem,
1387 1618 61 29 and
1462 1618 26 28 it
1501 1618 27 30 is
1544 1619 109 40 deeply
1667 1624 32 26 to
1728 1622 37 29 be
1791 1622 48 29 de-

1306 1657 106 40 plored
1424 1659 69 29 that
1503 1659 237 33 circumstances
1759 1662 80 31 have

1307 1699 102 31 ariseu
1418 1703 32 27 to
1465 1700 96 30 check
1575 1702 64 29 him
1653 1702 31 30 m
1711 1704 48 29 his
1787 1714 47 20 en-

1306 1740 169 40 terprising
1486 1742 169 32 endeavors
1684 1747 33 26 to
1745 1745 91 39 bring

1306 1782 96 29 about
1418 1782 51 30 the
1483 1782 120 31 desired
1631 1785 104 30 result.

1348 1833 58 30 We
1441 1834 78 31 have
1557 1835 101 41 ample
1695 1837 145 31 evidence

1306 1874 71 30 that
1390 1874 53 31 the
1458 1875 74 30 land
1546 1876 32 29 m
1594 1878 139 38 question
1748 1878 27 30 is
1800 1890 40 19 no

1306 1915 102 31 better
1422 1916 75 31 than
1512 1917 85 30 what
1611 1929 46 20 we
1672 1919 79 32 have
1775 1921 63 30 des-

1306 1958 113 36 cribed,
1430 1958 62 30 and
1507 1968 47 21 we
1568 1965 107 34 repeat
1686 1962 68 29 that
1768 1963 25 29 if
1821 1973 18 18 a

1306 2009 71 18 man
1393 1999 149 39 acquires,
1557 2000 44 30 let
1616 2000 25 30 it
1653 2001 37 30 be
1705 2013 71 19 ever
1805 2012 34 21 so

1307 2039 89 30 much
1408 2040 31 29 of
1451 2039 208 44 whatnobody
1669 2043 61 31 else
1738 2047 101 28 wants

1305 2081 39 30 he
1359 2081 150 39 certainly
1522 2082 25 29 is
1556 2086 55 26 not
1621 2095 18 18 a
1653 2086 186 39 monopolist

1305 2121 65 31 Our
1381 2122 181 41 knowledge
1577 2125 33 28 of
1634 2125 50 29 the
1713 2126 74 30 land
1811 2127 27 29 is

1306 2163 125 31 derived
1474 2164 78 30 from
1599 2165 69 30 four
1714 2168 124 30 reliable

1305 2214 131 27 sources,
1458 2205 47 29 viz
1526 2206 81 30 from
1640 2207 51 30 old
1730 2208 108 31 identi-

1304 2245 57 31 ties
1377 2246 69 30 who
1455 2246 73 30 used
1544 2250 32 26 to
1586 2257 39 29 go
1638 2248 53 39 pig
1705 2249 63 30 him
1771 2251 43 28 tin
1819 2260 19 16 rr

1302 2287 80 29 from
1397 2287 127 29 farmers
1538 2287 187 41 journeying
1752 2292 86 29 there

1303 2328 48 28 for
1378 2327 86 31 loads
1486 2328 33 30 of
1557 2330 134 30 manuka
1731 2332 105 35 sticks,

1302 2369 80 29 from
1393 2368 191 37 runholders,
1601 2371 62 29 and
1691 2372 59 30 last
1779 2374 58 29 but

1303 2413 54 25 not
1372 2408 80 31 least
1465 2410 82 29 from
1563 2421 57 20 one
1636 2413 33 28 of
1680 2422 57 20 our
1765 2425 71 19 own

1303 2450 76 31 staff
1392 2450 68 31 who
1474 2450 27 30 is
1516 2462 40 19 an
1573 2452 51 29 old
1644 2453 60 30 aud
1730 2457 104 28 exten-

1303 2492 64 30 sive
1382 2492 146 30 traveller
1547 2493 61 29 and
1638 2504 17 19 a
1681 2494 77 31 keen
1780 2497 56 29 ob-

1303 2542 112 26 server,
1432 2533 61 30 and
1501 2533 56 30 has
1573 2544 18 19 a
1606 2534 104 41 happy
1735 2537 102 30 knack

1303 2573 33 30 of
1358 2574 225 40 remembering
1607 2575 82 31 what
1717 2577 39 31 he
1782 2578 54 30 has

1305 2624 79 30 seen,
1396 2615 60 30 and
1473 2615 68 32 who
1556 2626 39 21 on
1624 2627 56 21 our
1704 2619 132 32 instruc-

1305 2657 80 30 tions
1401 2660 81 28 went
1493 2667 42 30 up
1549 2660 33 27 to
1596 2659 77 31 view
1688 2660 52 30 the
1763 2661 73 30 land

1304 2697 57 30 but
1375 2698 38 29 he
1428 2698 100 30 did'nt
1547 2699 92 40 bring
1666 2701 81 29 back
1775 2713 61 30 any

1303 2749 121 29 grapes,
1442 2739 121 31 neither
1578 2740 53 30 did
1646 2741 37 31 he
1699 2753 50 21 see
1775 2754 61 31 any

1302 2780 113 39 giants,
1430 2780 120 30 neither
1564 2782 53 29 did
1628 2782 38 30 he
1680 2784 74 31 hear
1782 2786 54 29 the

1303 2821 83 29 carol
1401 2822 32 28 of
1447 2822 53 29 the
1511 2822 158 31 featheied
1679 2829 157 36 songsters

1302 2861 83 31 their
1399 2862 122 31 throats
1544 2874 80 20 were
1638 2867 51 27 too
1704 2867 59 40 dry
1786 2868 50 29 for

1302 2903 79 38 that,
1392 2903 54 31 the
1461 2904 74 40 only
1549 2904 54 31 life
1629 2906 38 30 he
1690 2918 63 19 saw
1772 2919 64 20 was

1303 2954 57 20 one
1389 2944 52 30 old
1469 2945 94 39 shaep
1592 2946 100 31 which
1734 2950 103 29 would

1302 2984 80 30 have
1396 2984 78 31 been
1497 2995 19 19 a
1541 2986 35 29 fit
1601 2988 158 39 applicant
1787 2991 49 29 for

1303 3024 178 31 Charitable
1503 3026 70 31 Aid.
1617 3029 45 29 At
1690 3040 17 19 a
1735 3031 101 40 rough

1302 3076 91 28 guess
1408 3067 38 30 he
1457 3077 71 29 says
1551 3079 57 20 one
1620 3069 84 32 third
1735 3073 101 40 might

1301 3108 39 29 be
1355 3108 117 31 classed
1483 3119 34 19 as
1540 3109 83 31 third
1646 3112 80 31 class
1751 3114 83 37 land,

1302 3148 62 31 and
1387 3160 57 20 one
1472 3150 85 31 third
1582 3163 19 19 p,
1622 3153 94 31 lower
1740 3156 96 39 grade

1302 3189 76 32 than
1399 3191 78 37 that,
1507 3193 62 30 and
1593 3194 54 31 the
1672 3196 89 32 other
1795 3208 40 20 no

1300 3231 99 31 better
1414 3233 75 29 than
1514 3244 39 20 an
1579 3236 146 41 ordinary
1752 3240 84 29 river

1300 3272 70 36 bed,
1385 3274 176 40 possessing
1569 3276 74 39 only
1658 3288 56 20 one
1725 3280 108 38 virtue,

1300 3313 60 31 and
1373 3314 69 31 that
1456 3315 52 30 the
1524 3309 142 49 quantity
1681 3320 33 29 of
1735 3322 99 30 build-

1301 3355 55 42 ing
1391 3356 141 30 material
1557 3359 33 29 of
1620 3360 110 38 which,
1774 3373 58 20 one

1302 3400 126 35 quarter
1457 3407 70 21 acre
1553 3402 142 30 contains
1719 3404 115 31 suffici-

1300 3440 54 27 ent
1365 3441 104 27 stones
1485 3442 32 27 to
1533 3440 87 31 build
1645 3453 20 20 a
1691 3447 85 29 town
1801 3456 32 20 as

1300 3478 54 40 big
1368 3489 33 20 as
1413 3480 174 40 Liverpool.

1343 3530 65 30 The
1423 3541 72 19 man
1505 3533 72 30 who
1591 3538 100 27 wants
1716 3540 31 27 to
1770 3548 62 21 mo-

1300 3572 135 38 co
1438 3598 10 12 e
1472 3572 59 40 (we
1547 3585 51 20 usc
1613 3576 54 30 the
1682 3579 85 30 word
1782 3580 50 30 ad-

1300 3612 134 41 visedly)
1468 3624 39 19 an
1537 3619 97 28 estate
1667 3618 62 31 like
1771 3621 62 30 this

1298 3658 84 25 must
1396 3654 79 31 havp
1504 3665 82 22 some
1615 3659 64 38 grit
1704 3660 32 29 m
1758 3661 74 37 him,

1299 3695 60 28 and
1371 3699 81 26 must
1466 3696 38 29 be
1514 3697 172 33 influenced
1697 3701 41 40 by
1749 3711 83 21 some

1298 3735 111 39 higher
1459 3738 116 31 motive
1622 3741 78 30 than
1750 3753 82 19 mere

1295 3786 111 29 person
1410 3778 29 29 al
1449 3778 70 38 gaiu
1524 3802 6 6 .
1575 3780 82 31 That
1672 3783 51 29 the
1733 3784 99 30 whole

1295 3817 33 29 of
1337 3817 63 31 this
1420 3820 120 38 ground
1563 3823 92 29 could
1678 3824 37 30 be
1744 3825 88 30 made

1294 3858 124 33 fruitful
1434 3861 42 40 by
1503 3861 53 33 the
1582 3864 169 33 continued
1777 3877 55 31 ap-

1937 179 147 40 plication
2101 179 32 29 of
2148 189 82 28 very
2267 180 87 38 large
2383 188 95 29 quan-

1936 220 86 30 tities
2052 220 32 29 of
2112 223 104 26 water
2243 219 88 30 there
2359 230 58 19 can
2438 218 39 31 be

1936 261 82 30 little
2051 261 112 36 doubt,
2196 261 65 35 but,
2294 261 61 29 and
2405 261 73 29 here

1936 311 102 21 comes
2052 302 54 30 the
2121 301 170 40 difficulty,
2310 302 54 29 the
2389 311 86 21 occu-

1937 347 77 36 pant
2028 348 84 26 must
2127 343 82 31 have
2237 343 54 29 the
2317 343 160 29 command

1936 384 33 30 of
1981 395 39 19 an
2028 384 162 30 unlimited
2206 384 113 40 supply
2333 384 33 29 of
2382 387 95 27 water

1936 428 32 26 at
1985 435 19 19 a
2026 426 242 38 comparatively
2293 424 89 31 small
2411 428 66 26 cost

1936 465 165 30 otherwise
2115 466 55 30 the
2198 466 98 29 result
2319 466 26 30 is
2370 466 107 29 bound

1934 509 34 27 to
1983 505 85 31 shew
2084 517 40 19 on
2145 507 53 30 the
2212 515 109 31 wrong
2349 506 65 31 side
2442 506 33 30 of

1933 546 54 31 the
2002 547 108 39 ledger
2126 548 62 29 and
2198 548 100 29 under
2308 547 55 30 the
2391 550 82 27 most

1933 588 184 29 favourable
2160 588 25 29 ci
2189 597 33 19 re
2228 597 51 20 urn
2282 590 122 27 stances
2455 598 19 19 a

1934 627 130 31 balance
2079 630 33 27 to
2127 627 100 31 credit
2256 627 104 31 would
2388 628 39 29 be
2455 638 19 20 a

1933 668 76 39 long
2042 669 76 30 time
2150 670 34 29 m
2219 669 133 39 coming.
2399 664 73 35 This

1934 710 106 38 brings
2063 720 37 20 us
2121 711 32 29 to
2168 710 53 30 the
2237 710 145 40 question
2411 710 61 30 and:

1934 760 18 19 a
1962 760 77 30 very
2053 751 171 39 important
2239 760 59 21 one
2327 754 53 26 too
2402 750 68 37 viz.,

1934 790 93 39 Upon
2042 791 85 29 what
2135 792 83 29 basis
2233 802 51 20 are
2299 791 55 30 the

1933 835 82 26 rates
2030 834 34 27 to
2079 831 37 30 be
2127 832 109 31 levied.
2279 833 31 29 A
2319 843 71 20 man
2406 844 63 19 cer-

1932 873 101 40 tainly
2061 876 85 27 wont
2173 883 62 30 pay
2263 877 83 28 rates
2388 884 82 29 upon

1932 914 74 29 land
2039 914 69 29 that
2143 915 154 40 produces
2338 915 133 40 nothing

1933 954 114 41 simply
2062 955 132 31 because
2209 955 39 31 he
2263 955 144 31 could'nt.

1973 995 81 31 Well
2063 997 87 36 then,
2159 997 75 30 land
2248 997 72 30 that
2333 998 137 39 requires

1932 1039 145 27 constant
2091 1037 175 40 drenching
2280 1038 78 30 with
2372 1042 98 27 water

1932 1077 48 30 for
2003 1087 83 21 some
2115 1087 89 32 years
2230 1079 105 30 before
2377 1080 27 30 it
2444 1079 28 32 is

1932 1119 89 29 made
2063 1122 33 27 to
2139 1120 138 39 produce
2319 1120 153 40 anything

1932 1162 86 27 must
2032 1160 38 30 be
2081 1160 152 40 supplied'
2240 1165 33 25 at
2286 1171 19 19 a
2334 1162 136 29 nominal

1932 1204 68 26 rate
2014 1210 35 20 or
2065 1201 63 31 else
2142 1204 55 28 not
2213 1205 33 26 at
2260 1201 52 38 all,
2329 1202 62 30 and
2400 1212 70 21 now

1933 1251 99 21 comes
2046 1242 54 30 the
2128 1243 152 39 question.
2323 1244 68 30 Can
2414 1244 55 31 the

1933 1281 110 31 Water
2059 1282 121 41 Supply
2208 1283 110 30 Board
2345 1284 125 31 furnish

1931 1322 54 31 Mr
1999 1323 103 30 Dixon
2118 1324 75 31 with
2207 1324 54 32 the
2276 1326 153 41 quantity;
2436 1326 33 30 of

1933 1367 97 28 water
2057 1366 39 29 he
2124 1366 140 39 requires
2292 1367 83 30 from
2413 1367 55 31 the

1933 1406 89 30 Rock
2035 1405 91 31 Ford,
2141 1406 62 31 and
2218 1411 33 26 at
2259 1408 77 30 such
2351 1419 18 19 a
2383 1409 86 39 price

1932 1456 35 21 as
1982 1447 39 30 he
2036 1447 101 30 would
2153 1448 38 31 be
2204 1448 138 41 justified
2354 1449 46 30 <in>
2412 1456 56 24 Ac-

1933 1488 135 41 cepting.
2112 1489 95 42 They,
2240 1489 119 33 believe
2400 1491 70 31 that

1933 1530 74 39 they
2016 1541 59 19 can
2086 1531 62 29 and
2156 1541 34 20 so
2206 1531 40 30 do
2260 1542 55 25 we,
2331 1532 58 30 but
2413 1536 56 26 not

1931 1569 104 31 unless
2045 1571 75 40 they
2135 1573 126 38 enlarge
2270 1572 81 30 their
2365 1573 100 39 plans.

1972 1611 46 29 As
2033 1614 33 26 to
2095 1612 52 29 the
2177 1616 94 31 water,
2282 1643 4 4 ,
2296 1613 103 40 losing
2426 1614 41 30 its

1931 1650 170 41 fertilizing
2113 1651 151 32 influence
2286 1653 89 31 wheii
2404 1657 62 27 tra-

1931 1691 118 42 velling
2063 1693 73 40 long
2151 1693 162 39 distanceSj
2326 1695 86 31 thats
2427 1706 40 20 an

1932 1743 79 30 open
2027 1734 142 39 question
2183 1735 60 30 and
2258 1736 87 30 often
2359 1746 107 21 warm-

1931 1774 33 40 ly
1979 1775 167 37 discussed,
2162 1776 103 30 which
2279 1787 96 21 seems
2404 1783 62 26 rat-

1932 1815 56 30 her
2016 1816 113 31 foolish
2152 1817 89 30 when
2272 1818 52 30 the
2353 1823 113 27 matter

1931 1856 92 30 could
2036 1856 35 31 be
2086 1858 96 40 easily
2197 1858 111 30 settled
2324 1859 41 40 by
2375 1870 20 20 a
2408 1860 59 31 few

1931 1897 149 39 practical
2109 1900 208 39 experiments
2346 1901 121 41 costing

1932 1938 74 42 only
2020 1950 19 19 a
2052 1940 58 31 few
2126 1940 154 41 shillings.
2324 1942 57 32 We
2409 1944 57 31 ask

1931 1990 57 19 our
1995 1981 124 30 readers
2130 1983 152 29 attention
2305 1987 33 26 to
2362 1985 54 29 the
2444 1987 21 28 4

1930 2021 161 40 following
2105 2022 162 39 questions
2293 2024 101 31 which
2418 2035 45 21 we

1931 2061 79 32 have
2027 2063 109 30 raised.
2180 2063 33 31 Is
2238 2063 51 31 Mr
2313 2065 105 31 Dixon
2446 2064 62 34 a^

1931 2104 214 39 monopolist?
2188 2105 65 30 Can
2281 2107 53 29 the
2361 2107 103 31 Board

1931 2145 113 38 supply
2059 2145 53 30 the
2126 2150 97 26 water
2237 2147 39 29 he
2296 2148 140 39 requires
2447 2151 14 29 ?

1931 2184 72 31 Will
2018 2185 53 31 the
2086 2187 170 40 fertilizing
2266 2188 150 41 principle
2430 2191 34 30 of

1929 2226 52 30 the
2002 2230 96 27 water
2113 2229 38 29 be
2162 2229 170 31 exhausted
2359 2231 104 31 before

1929 2268 148 39 reaching
2092 2269 53 30 the
2153 2270 74 30 laud
2239 2270 14 29 ?
2275 2270 93 40 Upon
2378 2272 85 31 what

1930 2308 81 30 basis
2026 2309 112 31 should
2155 2310 51 30 the
2220 2314 176 29 water-rate
2427 2315 36 29 be

1930 2348 102 31 levied
2045 2350 13 29 ?
2100 2350 56 31 We
2170 2362 119 20 answer
2318 2353 52 33 the
2394 2354 69 31 first

1931 2390 141 37 question
2087 2392 77 29 with
2175 2402 39 20 an
2227 2393 154 39 emphatic
2402 2395 59 31 No.

1929 2430 63 30 The
2006 2432 113 30 second
2133 2433 26 30 is
2182 2436 56 27 not
2265 2437 54 36 yet
2347 2435 114 32 solved.

1930 2472 65 30 The
2007 2472 82 30 third
2105 2484 46 20 we
2162 2484 120 21 answer
2305 2476 76 30 with
2409 2478 54 31 the

1929 2512 85 30 word
2043 2514 162 41 Partially.
2249 2515 65 31 The
2355 2518 108 31 fourth

1929 2557 141 35 question
2085 2556 63 29 will
2162 2556 136 38 provoke
2313 2569 18 19 a
2356 2559 46 30 lot
2430 2561 33 29 of

1929 2595 184 39 discussion,
2129 2597 57 31 but
2208 2602 32 27 at
2265 2603 124 36 present
2416 2613 46 20 we

1927 2647 53 20 are
1993 2637 32 30 iv
2040 2637 88 32 favor
2141 2640 34 29 of
2186 2649 39 20 an
2239 2639 46 31 ad
2308 2642 154 32 valvorem

1926 2681 75 27 rate.
2028 2678 56 34 We
2098 2690 69 20 now
2181 2681 58 30 ask
2253 2682 130 37 anpther
2404 2684 49 30 mi.

1926 2723 128 36 portant
2068 2722 139 38 question
2238 2722 70 31 and,
2327 2720 70 35 that
2424 2725 36 37 is,

1929 2760 116 30 Should
2054 2762 54 30 the
2123 2763 103 29 Board
2248 2764 78 30 offer
2348 2767 113 38 special

1926 2801 142 31 facilities
2090 2803 36 38 (if
2153 2804 76 40 they
2255 2805 69 39 can)
2350 2811 33 25 to
2412 2807 49 30 Mr

1926 2843 104 29 Dixon
2046 2849 31 25 to
2093 2855 43 19 ca'
2145 2855 38 30 ry
2192 2848 59 27 outi
2261 2846 52 30 his',
2323 2847 137 31 scheme?

1929 2883 89 31 Some
2032 2886 109 39 people
2168 2886 63 31 will
2254 2897 129 28 answer,
2410 2889 50 31 Oh

1926 2924 115 32 there's
2064 2937 42 19 no
2121 2931 168 27 sentiment
2315 2929 34 30 m
2378 2931 82 34 busi-

1927 2975 79 20 ness.
2049 2966 78 31 Well
2140 2968 86 30 there
2246 2970 26 29 is
2297 2973 56 26 not
2369 2971 91 31 -when

1927 3006 174 31 conducted
2116 3010 42 39 by
2186 3020 70 19 men
2279 3010 61 31 lost
2362 3015 32 27 to
2420 3013 41 30 all

1927 3058 88 21 sense
2027 3049 32 30 of
2067 3050 99 31 honor
2176 3051 61 29 aud
2249 3053 96 30 moral
2355 3053 106 32 shame

1926 3089 56 30 but
1998 3089 96 31 thank
2106 3091 70 31 God
2192 3091 196 42 Canterbury
2402 3105 58 20 cau

1927 3131 136 39 produce
2078 3133 107 41 plenty
2199 3133 35 30 of
2244 3144 71 21 men
2341 3136 33 30 of
2385 3135 76 42 high

1927 3174 195 30 commercial
2148 3175 148 42 standing
2320 3177 69 32 who
2420 3178 40 32 do

1926 3214 72 29 take
2014 3225 17 18 a
2045 3217 195 29 sentimental
2254 3218 79 30 view
2355 3219 35 30 of
2413 3223 46 27 ot-

1927 3254 70 30 hers
2012 3255 207 39 misfortunes,
2231 3258 63 30 and
2305 3259 84 39 quite
2403 3271 57 20 un-

1927 3296 148 31 derstand
2090 3298 53 31 the
2153 3298 167 42 principles
2336 3302 33 29 of
2383 3306 78 27 met-

1926 3337 55 40 ing
1991 3342 53 26 out
2058 3339 111 40 justice
2180 3344 33 26 to
2228 3341 105 32 others
2344 3352 34 21 as
2392 3344 69 30 well

1927 3389 33 19 as
1975 3379 195 33 themselves.
2212 3381 34 30 If
2269 3384 94 39 proof
2381 3395 81 21 were

1927 3421 131 36 wanted,
2087 3424 75 28 read
2186 3424 54 29 the
2268 3425 124 31 records
2428 3427 34 30 of

1927 3462 147 30 creditors
2098 3464 151 40 meetings
2279 3465 108 32 where,
2409 3467 52 31 the

1925 3502 122 30 debtors
2062 3502 83 33 hand
2159 3505 26 30 is
2214 3505 86 32 often
2329 3509 132 40 grasped

1925 3543 43 38 by
1983 3543 54 30 the
2047 3545 153 41 smarting
2227 3547 135 31 creditor
2400 3551 63 30 and

1925 3584 49 30 his
1988 3584 90 31 heart
2092 3585 92 33 lifted
2192 3598 42 30 up
2249 3589 42 40 by
2305 3591 101 30 words
2429 3592 34 31 of

1926 3633 257 33 encouragement
2198 3630 62 29 and
2284 3631 89 40 hope>
2394 3632 68 32 <but

1925 3669 32 28 to
2000 3671 110 27 return
2149 3672 34 27 to
2217 3670 53 32 the
2308 3674 152 38 question,

1926 3706 110 31 should
2051 3711 191 38 exceptional
2256 3711 144 33 facilities
2424 3715 37 31 be

1926 3747 116 30 offered
2053 3751 11 28 ?
2095 3749 156 42 Certainly
2265 3753 52 30 Mr
2329 3754 132 38 Dixpn's

1924 3789 104 38 public
2058 3791 61 29 and
2143 3792 122 39 private
2300 3795 161 33 character

1924 3839 143 30 compare
2081 3831 186 43 favourably
2295 3836 76 31 with
2399 3849 62 25 any

1923 3871 34 31 of
1984 3871 55 33 the
2067 3873 69 33 best
2167 3875 52 32 old
2248 3880 211 43 enterprising

543 43 169 34 OXFORD
754 49 92 33 AND
890 52 109 34 OUST
1042 54 228 32 OBSERVER
1314 52 240 38 SATURDAY,
1578 53 203 33 JANUARY
1804 56 52 36 14,
1882 57 91 33 1893.

738 174 170 31 FRENCH
924 176 223 32 DELAINES.

680 212 47 52 IN
750 213 68 20 NEW
842 215 58 19 AND
924 217 106 19 CHOICE
1055 217 156 21 PATTEBNS.

734 238 45 22 The
789 239 100 23 Prettiest
908 243 46 20 and
960 243 106 26 Cheapest
1086 243 97 22 Summer

837 275 66 22 Dre33
915 276 134 22 Obtainable.

677 310 52 22 4LL
744 311 83 22 WOOL
856 313 54 27 10/6,
935 315 54 27 12/6,
1015 316 50 27 17/fi
1092 316 92 22 DRESS

675 344 111 22 COTTON
854 347 56 26 5/11,
935 349 41 26 6/6,
1012 350 41 26 7/3,
1091 351 92 20 DBESS

760 413 129 70 1,000
932 415 194 59 YARDS

710 486 113 25 FANCY
835 487 113 27 DRESS
967 490 211 31 MATERIALS,

743 530 52 33 7/9,
814 531 68 32 11/6,
901 531 54 25 The
978 532 59 26 Full
1060 533 85 31 Dress,

755 606 211 32 STERLING
980 609 154 31 VALUE.

678 680 77 25 Great
782 682 123 30 pin-chase
930 683 86 25 FAST
1047 683 166 26 WASHING

694 719 132 30 PRINTS,
846 722 26 23 at
889 721 145 26 Melbourne
1051 724 54 23 cost
1120 723 75 31 price.

735 805 60 45 E.
816 805 66 45 H.
905 805 245 48 PARISH.

681 1614 51 31 All
854 1617 80 30 done
948 1627 39 20 on
997 1617 54 31 the
1063 1617 151 31 Premises

806 1663 61 30 and
890 1664 199 39 guaranteed.

851 1774 135 26 NOTICE.

681 1818 14 24 I
704 1817 57 25 wish
773 1820 24 22 to
810 1819 86 24 inform
908 1828 40 22 my
960 1820 91 24 Oxford
1065 1819 88 24 friends
1169 1819 47 24 and

682 1856 41 24 the
740 1855 93 31 general
854 1856 85 25 Public
957 1858 53 23 tli.it
1030 1866 39 22 my
1093 1857 123 31 Rangiora

682 1894 105 24 business
799 1894 42 25 has
853 1895 118 25 increased
985 1900 24 20 to
1021 1896 58 24 such
1092 1904 30 16 an
1135 1898 81 22 extent

680 1934 53 25 that
744 1934 13 25 I
765 1934 60 26 shall
837 1935 26 25 be
877 1935 85 26 unable
971 1939 24 22 to
1006 1937 54 24 visit
1070 1936 92 26 Oxford
1171 1945 45 16 un-

679 1973 38 23 till
728 1973 91 24 further
829 1974 84 24 notice.
981 1975 39 23 All
1044 1975 65 25 work
1122 1977 52 21 sent
1187 1976 29 30 by

680 2012 112 25 Griffiths
804 2013 66 29 Bro.,
884 2014 110 29 Carriers,
1007 2014 47 24 will
1064 2014 87 24 receive
1162 2022 52 24 pro-

679 2055 55 30 mpt
740 2054 126 24 attention.
880 2054 21 24 A
911 2054 64 32 large
986 2054 74 26 Stock
1069 2055 25 25 of
1103 2054 112 26 Watches

679 2092 48 24 and
745 2092 123 31 Jewellery
879 2101 32 15 on
923 2093 72 24 hand.

828 2136 69 26 GUS
915 2137 116 30 JONES,
1050 2138 130 31 Rangiora.

764 2263 54 45 F.
842 2264 54 44 B.
929 2264 196 45 LANE.

786 2330 90 40 (Late
892 2332 35 30 E.
945 2330 162 41 Butcher.)

689 2378 254 38 Watchmaker,
957 2381 184 35 Jeweller,
1158 2380 45 30 &c

679 2426 122 30 Importer
829 2426 27 24 of
894 2426 105 25 Musical
1038 2428 175 28 Instruments,

679 2466 109 25 Victoria
807 2466 37 28 St,
863 2466 134 31 Rangiora.

680 2525 135 31 Speciality
825 2534 4 16 :
865 2525 27 24 m
900 2526 108 31 superior
1019 2526 108 32 English
1134 2525 80 26 Lever

679 2563 116 25 Watches
807 2563 27 24 m
846 2565 70 23 extra
928 2565 85 30 strong
1025 2572 67 17 cases
1103 2564 72 24 made
1187 2566 27 23 to

679 2609 41 24 my
733 2600 71 26 order
815 2602 25 25 to
853 2602 50 25 suit
922 2602 42 26 the
987 2602 180 33 requirements
1190 2603 28 25 of

679 2640 51 24 this
748 2640 103 24 district.

713 2687 30 24 F.
756 2687 30 23 B.
799 2687 69 24 Lane
881 2687 69 26 visits
974 2688 93 25 Oxford
1089 2688 124 32 monthly,

680 2727 97 31 staying
785 2728 26 24 at
823 2727 135 26 Mitchell's
974 2727 125 33 Boarding
1119 2727 95 26 House.

679 2768 43 24 All
733 2768 92 30 repairs
837 2776 39 15 are
889 2768 63 24 done
962 2769 76 24 under
1049 2776 43 24 my
1100 2768 113 32 personal

679 2807 161 31 supervision,
866 2808 45 23 and
936 2807 14 24 I
973 2812 133 27 guarantee
1141 2808 72 25 satis-

676 2847 101 24 faction.
813 2847 45 24 All
869 2847 101 32 jobbing
978 2847 45 25 left
1040 2851 26 21 at
1089 2847 125 25 Weeber's

679 2885 84 32 Fancy
776 2885 153 32 Repository,
953 2885 63 25 East
1039 2885 101 29 Oxford,
1162 2885 51 26 will

678 2925 93 26 receive
783 2933 43 24 my
838 2925 54 25 best
903 2925 124 25 attention
1045 2925 49 25 and
1114 2933 99 17 reason-

679 2965 54 25 able
745 2967 73 23 rates.

712 3011 118 26 Caution.
866 3011 39 26 No
917 3011 145 26 connection
1081 3011 61 26 with
1166 3019 48 24 any

678 3052 72 26 other
761 3051 62 33 shop
835 3051 28 26 of
880 3052 94 25 similar
986 3052 108 25 address.

163 164 305 47 WANTED.

49 274 199 82 WANTED
273 277 34 27 to
322 274 82 30 Rent
430 285 18 19 a
461 272 122 32 FARM

143 317 33 30 of
191 317 60 29 300
266 326 97 26 acres,
378 316 82 29 from
473 315 112 31 March

50 359 79 35 21st,
164 357 87 32 State
266 363 70 24 rent
350 366 54 30 per
420 367 71 20 acre
505 357 52 30 for
567 368 19 19 a

50 410 91 20 seven
153 409 89 30 years
258 397 95 32 Lease
368 398 77 31 with
456 397 87 40 right
553 401 33 27 to

49 440 158 40 purchase,
234 439 65 30 also
325 441 79 28 state
433 438 152 41 improve-

48 484 109 28 ments.
214 480 109 40 Apply
362 483 16 12 '
389 479 33 30 X

197 521 96 31 Office
308 521 33 31 of
355 519 62 32 this
431 521 110 40 Paper.

49 636 204 82 WANTED
274 640 34 27 to
332 636 106 32 SELL
468 637 18 30 6
502 646 85 21 acres

131 679 32 30 of
184 678 148 40 standing
352 678 168 30 WHEAT.

90 730 48 31 for
151 730 188 42 particulars
353 730 96 40 apply
463 733 33 26 to

299 782 35 29 T.
360 780 160 39 CROWE,

338 831 79 31 East
438 831 127 31 Oxford.

158 948 317 47 TENDERS.

49 1058 218 80 TENDERS
280 1069 52 20 are
347 1058 119 31 invited
480 1057 47 31 for
538 1058 54 30 the

124 1101 135 30 erection
277 1100 33 30 of
324 1111 19 20 a
359 1099 232 31 CREAMERY

49 1145 33 25 at
97 1142 76 29 East
188 1142 130 30 Oxford.
335 1140 95 30 Plans
441 1140 25 30 &
479 1140 112 39 Speci-

47 1182 141 30 fications
203 1182 64 30 will
283 1182 39 30 be
337 1191 41 21 on
393 1181 80 30 view
488 1184 33 26 at
538 1180 52 30 Mr

47 1222 155 42 Ingram's
217 1222 91 33 office
325 1233 41 30 up
383 1225 33 28 to
439 1222 54 30 the
509 1223 81 36 21st,

47 1264 129 31 instant.

51 1362 73 39 LIST
133 1365 33 30 of
177 1363 164 38 LICENSED
352 1362 234 39 AUCTIONEERS

128 1416 153 31 District
303 1425 38 21 of
364 1415 143 37 Oxford,

51 1500 24 77 I
96 1499 117 40 hereby
233 1499 73 40 give
322 1499 101 30 notice
447 1499 71 30 that
540 1499 52 29 Mr

89 1540 81 30 John
183 1540 127 39 Ingram
319 1540 104 30 whose
434 1540 158 30 residence

49 1581 27 29 is
88 1581 110 29 within
212 1580 63 30 this
291 1580 141 36 District,
445 1580 58 30 has
513 1581 79 29 been

52 1621 77 40 duly
138 1621 137 30 licenced
284 1624 34 26 to
328 1621 61 29 Sell
400 1622 42 37 by
456 1621 135 29 Auction

50 1661 51 30 for
122 1662 113 30 twelve
258 1661 132 36 months,
405 1664 33 28 to
453 1662 38 30 be
506 1673 84 19 com-

50 1703 97 38 puted
161 1704 82 29 from
258 1703 53 30 the
327 1704 58 35 Ist,
397 1703 60 39 day
472 1704 33 29 of
515 1702 77 31 Jan-

53 1754 79 27 uary
150 1744 80 30 1893

108 1784 133 31 JAMES
263 1785 43 30 H.
331 1784 177 37 SHARPE,

122 1825 95 30 Clerk
231 1829 34 26 to
282 1826 96 29 Local
392 1826 199 31 Authorities.

118 1930 86 34 DOG
226 1930 312 34 REGISTRATION

56 2025 22 78 I
100 2024 117 40 hereby
240 2023 71 40 give
333 2024 101 31 notice
449 2026 68 29 that
538 2026 54 30 the

122 2064 210 41 Registration
347 2066 75 30 Fees
437 2067 50 30 for
505 2066 87 41 Dogs

54 2107 50 28 for
133 2107 52 29 the
214 2111 125 26 current
368 2118 84 28 year,
481 2108 32 29 m
536 2109 54 29 the

55 2146 121 31 Oxford
204 2148 88 29 Road
320 2148 131 31 District
476 2159 51 20 are
556 2160 34 19 as

54 2188 158 31 follow:

97 2229 64 30 For
170 2229 74 31 each
256 2229 99 42 Sheep
365 2242 35 18 or
411 2230 100 31 Oettle
522 2231 69 40 Dog

193 2271 49 30 for
265 2271 54 30 the
334 2271 63 30 sole
412 2282 131 29 purpose
559 2273 35 28 of

99 2311 135 40 herding
256 2322 35 19 or
299 2312 125 40 driving
434 2313 88 29 stock
535 2312 52 40 2/6

94 2352 61 30 For
169 2352 42 30 all
226 2353 89 30 other
329 2353 85 40 Dogs
432 2353 63 40 10/-
505 2355 81 29 each.

51 2393 31 28 A
96 2393 162 30 reduction
267 2394 32 29 of
317 2393 44 39 2/-
378 2395 62 29 will
451 2395 38 29 be
498 2395 90 29 made

51 2443 39 20 on
106 2432 211 42 Registration
332 2434 60 30 Fee
408 2436 32 28 of
454 2436 42 28 all
511 2436 77 39 dogs

55 2474 101 39 (other
171 2475 73 29 than
256 2475 93 40 sheep
359 2475 122 31 &cattle
497 2476 89 40 dogs)

51 2516 172 37 registered
235 2516 103 30 before
348 2516 80 36 31st,
440 2518 32 28 of
481 2516 107 30 March

56 2556 90 29 1893.

119 2595 137 33 JAMES
272 2597 40 31 H.
331 2597 174 38 SHARPE,

134 2638 90 30 Clerk
240 2638 118 31 Oxford
370 2639 28 29 R
405 2641 53 29 jad
473 2642 113 29 Board.

218 2744 84 46 TO
325 2746 146 56 LET.

85 2873 180 27 Blacksmith's
278 2875 70 32 Sbop
360 2875 49 24 and
427 2875 84 33 Newly
529 2877 61 24 built

52 2919 20 24 T
91 2919 107 32 Cottage.
222 2920 64 24 Rent
303 2920 52 25 low.
392 2920 78 33 Apply
497 2924 25 22 to

278 2965 25 25 J.

51 3061 340 42 METROPOLITAN
413 3063 177 41 FAMILY

245 3117 152 40 HOTEL.

68 3178 137 26 CASHEL
219 3179 56 30 ST.,
287 3179 283 28 CHRISTCHUECH.

117 3233 90 25 Under
244 3234 62 25 New
336 3235 185 31 Management,

51 3287 154 33 Thoroughly
229 3289 134 25 renovated.
398 3291 108 31 Charges
515 3298 5 17 :
534 3291 52 24 Bed

101 3339 136 31 Breakfast,
256 3340 45 33 8/-,
315 3348 27 18 or
360 3341 41 32 5/6
419 3350 42 23 per
481 3342 55 32 day.

160 3399 86 26 OTTO
266 3399 208 31 SCHNEIDER,

405 3439 147 32 Proprietor.

231 3531 176 47 LOST.

50 3655 23 25 T
85 3655 65 26 OST
167 3655 63 26 from
247 3655 80 25 Burnt
344 3656 55 25 Hill
418 3656 102 30 Station,
542 3666 44 15 one

49 3684 36 28 JLi
117 3689 71 24 black
216 3689 48 24 and
290 3691 42 22 tan
361 3689 62 31 Dog,
454 3690 134 30 answering

51 3729 41 24 the
105 3737 70 18 na*ne
198 3729 25 25 of
381 3729 89 24 Finder
487 3729 46 25 will
562 3731 27 23 be

49 3769 119 26 rewarded
181 3769 29 31 by
223 3769 125 31 returning
364 3776 64 17 same
445 3771 25 22 to

209 3817 30 25 T.
256 3816 174 30 PEARSON,

425 3854 96 27 Oxford.
