2530 3960
61 192 155 31 identities
231 190 32 31 of
292 189 202 38 Canterbury.
538 185 50 30 He

59 233 55 31 has
123 234 49 30 for
183 242 93 29 many
285 240 90 30 years
384 230 77 30 been
471 239 18 19 a
502 227 87 38 large

60 275 157 40 producer,
233 273 61 30 and
309 282 39 19 an
363 270 157 31 extensive
529 267 59 31 and

58 315 199 42 ungrudging
266 314 86 30 labor
364 311 156 40 employer
529 307 59 32 and

60 357 48 29 his
121 357 112 29 failure
248 354 101 31 would
371 354 38 29 be
425 362 18 19 a
468 352 61 29 loss
556 354 32 25 to

59 397 55 31 the
142 396 200 38 community,

101 437 166 31 Therefore
280 436 26 29 if
319 435 53 29 the
386 433 107 30 Water
508 430 79 40 Sup-

59 479 54 40 ply
128 477 102 31 Board
241 487 58 20 can
308 486 52 19 use
374 474 81 30 their
469 482 119 32 powers

59 529 34 20 so
108 529 32 20 as
155 524 34 24 to
203 517 91 31 assist
306 517 52 28 Mr
372 515 129 30 Dixon's
529 524 60 19 en-

58 560 132 41 terprise
200 559 26 30 it
236 557 65 32 will
308 559 38 29 be
360 555 129 40 nothing
504 563 84 22 more

59 602 77 30 than
151 611 38 20 an
201 604 49 27 act
264 600 34 29 of
311 608 139 21 common
468 595 119 41 justice,

59 642 62 30 and
135 653 46 20 we
193 641 117 31 believe
324 640 70 29 that
421 638 61 29 this
509 635 80 32 view

58 683 63 30 will
134 683 39 31 be
193 681 133 39 forcibly
353 680 129 39 imprest
505 686 84 31 upon

58 724 54 30 the
127 724 102 30 Board
243 733 40 19 on
307 721 55 29 the
389 719 141 31 occasion
558 717 35 30 of

57 765 56 30 the
151 762 205 40 forthcoming
400 758 190 43 ratepayer's

56 806 143 40 meeting.

102 847 65 30 The
181 849 124 37 present
316 844 59 40 dry
403 853 106 22 season
535 841 55 30 has

58 888 131 40 forcibly
217 886 169 41 impressed
414 894 85 29 upon
537 882 53 30 the

56 929 102 31 minds
170 929 32 31 of
215 929 129 29 farmers
354 927 26 30 &
389 924 134 42 graziers
537 922 54 31 the

57 971 90 31 value
161 970 35 31 of
205 972 99 28 Water
323 978 84 30 upon
431 966 53 29 the
507 964 82 37 land,

58 1015 91 31 apart
167 1012 79 30 from
269 1010 54 31 the
348 1008 130 32 broader
499 1016 89 30 ques-

58 1054 66 29 tion
139 1053 33 30 of
182 1051 176 40 Irrigation,
374 1049 62 30 and
458 1058 46 20 we
517 1057 72 30 may

57 1098 109 37 expect
185 1104 18 19 a
231 1089 209 34 considerable
461 1091 128 28 amount

56 1135 36 29 of
95 1135 188 31 enthusiasm
301 1137 29 26 to
345 1133 37 29 be
396 1131 122 31 thrown
542 1130 46 29 in-

55 1178 35 27 to
104 1176 53 30 the
170 1173 208 40 forthcoming
391 1171 160 39 meetings.

97 1216 32 31 It
142 1216 26 31 is
184 1227 18 19 a
214 1213 194 33 remarkable
422 1213 67 30 fact
516 1211 70 31 that

55 1266 42 21 no
108 1257 172 41 opposition
294 1256 81 30 howl
385 1255 27 31 is
426 1253 97 32 heard
538 1263 49 20 ex-

55 1303 73 36 cept
141 1300 81 29 from
235 1297 88 31 those
334 1296 68 32 who
414 1296 75 30 dont
503 1297 85 29 want

55 1343 106 34 water,
177 1340 61 31 and
252 1340 69 31 who
334 1349 52 21 are
400 1337 108 40 wisely
529 1336 59 30 left

55 1381 122 32 outside
191 1381 54 30 the
259 1381 76 30 lines
356 1378 35 31 of
415 1378 53 32 the
490 1380 97 29 water

56 1432 71 21 race
135 1423 130 30 district.
309 1421 70 30 And
393 1424 33 26 to
440 1419 89 31 those
541 1429 46 20 we

57 1474 64 30 say,
141 1474 62 31 you
218 1474 52 19 are
284 1462 139 39 shewing
435 1471 76 30 veiy
525 1460 62 30 bad

56 1507 81 28 taste
145 1506 33 29 m
202 1504 149 40 gabbling
380 1503 95 30 about
502 1500 86 32 what

55 1545 34 31 m
104 1556 40 19 no
154 1556 128 20 manner
292 1554 148 21 concerns
454 1552 69 31 you,

99 1586 188 41 Experience
314 1585 55 30 has
383 1584 116 38 [shewn
519 1582 69 31 that

55 1626 169 40 Irrigation
238 1625 99 32 works
365 1625 79 30 have
472 1624 115 40 always

55 1667 157 31 increased
222 1667 54 31 the
290 1666 90 32 value
395 1666 33 31 of
441 1665 89 31 lands
541 1665 47 29 far

55 1708 63 31 and
132 1710 97 30 above
243 1709 54 30 the
312 1711 127 27 amount
452 1705 134 41 expend-

55 1750 49 37 ed,
119 1749 62 31 and
194 1753 56 27 not
264 1749 73 41 only
350 1747 69 32 that
433 1747 79 32 have
540 1747 46 30 in-

55 1791 126 31 creased
192 1791 54 31 the
255 1791 91 31 value
355 1791 33 29 of
402 1789 186 40 contiguous

54 1832 99 37 lands,
168 1833 153 30 therefore
335 1841 63 31 you
411 1831 64 31 will
494 1830 94 40 study

55 1883 80 30 your
149 1884 70 20 own
233 1873 145 31 interests
391 1874 41 38 by
455 1871 133 40 keeping

56 1924 76 30 very
147 1914 86 40 quiet
248 1914 61 30 and
323 1913 170 41 gratefully
515 1923 72 29 poc-

54 1955 110 41 keting
179 1956 52 31 the
245 1956 170 30 increment
442 1952 69 33 thdt
520 1979 2 4 .
541 1958 45 26 ot-

54 1996 71 31 hers
141 2007 52 20 are
205 1996 96 39 going
315 1999 33 27 to
363 2006 74 21 earn
450 1996 52 29 for
516 2005 70 30 you.

55 2129 200 26 METHODIST
285 2129 138 25 SUNDAY
454 2129 132 26 SCHOOL

197 2166 246 27 ANNIVERSARY

85 2249 80 26 Three
178 2257 111 18 sermons
306 2249 28 25 m
357 2249 147 25 connection
524 2248 61 26 with

52 2288 44 26 the
108 2288 85 26 school
205 2296 63 18 were
280 2287 122 26 deliverer!
426 2296 32 16 on
484 2287 102 32 Sunday

52 2326 51 24 last
114 2326 32 31 by
158 2326 43 24 the
224 2326 65 24 Revs
309 2325 118 31 Benning
449 2324 50 26 and
522 2325 63 24 Pen-

52 2365 70 32 dray,
146 2365 43 25 the
209 2365 91 25 former
322 2364 137 33 preaching
480 2364 28 25 m
543 2364 43 25 the

53 2405 118 33 morning
181 2406 64 24 from
255 2405 100 25 Psalms
367 2406 30 24 11
419 2404 50 26 and
489 2406 32 23 34
544 2404 43 25 ad-

54 2446 100 26 dressed
165 2447 26 24 to
204 2444 111 26 teachers
327 2444 50 25 and
395 2444 119 30 scholars,
538 2444 50 25 and

52 2484 28 25 m
91 2484 43 25 the
146 2484 129 25 afternoon
287 2483 64 25 from
364 2483 45 25 Brd
420 2482 27 26 of
466 2482 30 27 St
519 2482 68 26 John

54 2524 50 25 and
116 2524 44 25 4th
173 2531 78 21 verse,
275 2525 27 23 to
324 2525 102 30 parents
449 2531 34 17 on
505 2522 83 26 Home

54 2563 73 28 Rule,
140 2562 50 25 and
198 2562 44 24 the
254 2562 54 24 Rev
319 2562 25 24 J.
357 2561 116 32 Pendray
483 2561 103 31 preach-

53 2603 45 32 ing
108 2602 26 25 in
138 2623 11 10 4
148 2602 42 25 the
202 2601 113 31 evening,
329 2601 43 25 the
390 2601 149 25 attendance
562 2602 27 24 at

54 2640 35 25 all
97 2640 70 25 three
179 2639 106 26 services
296 2646 51 17 was
357 2638 96 33 beyond
465 2639 43 25 the
520 2646 69 18 aver-

53 2687 45 24 age
110 2678 50 25 and
172 2678 43 25 the
238 2677 136 25 offertories
396 2685 58 24 very
477 2676 110 26 satisfac-

54 2719 63 30 tory.
151 2715 62 26 This
225 2715 86 26 school
322 2723 58 24 may
392 2714 30 26 be
434 2714 53 26 said
510 2717 26 23 to
558 2714 31 26 be

54 2762 47 18 one
113 2754 27 26 of
149 2755 43 25 the
209 2754 80 25 oldest
311 2752 157 26 institutions
489 2754 28 24 m
540 2753 48 25 Ox-

54 2795 54 26 ford
129 2794 95 33 having
247 2793 63 27 been
332 2793 165 32 inaugurated
524 2793 65 25 from

54 2842 59 23 very
125 2832 74 26 small
211 2832 149 32 beginnings
371 2832 33 31 by
415 2832 43 24 the
475 2832 52 24 late
549 2831 40 25 Mr

54 2872 29 26 T.
97 2873 94 25 Broom
203 2872 28 24 m
243 2871 74 29 1864,
339 2870 61 25 thus
419 2869 104 33 making
545 2869 44 26 the

53 2910 62 26 80th
127 2910 163 31 anniversary
301 2909 28 25 of
347 2908 43 25 the
419 2907 94 30 school,
538 2908 51 25 and

53 2957 28 18 as
93 2957 15 18 a
119 2950 93 24 matter
223 2947 28 26 of
259 2955 88 18 course
359 2947 46 25 has
419 2947 103 25 entered
544 2954 44 25 up-

54 2997 33 18 on
99 2989 43 25 the
153 2989 62 31 duty
226 2988 28 25 of
263 2988 111 30 training
385 2996 15 16 a
421 2987 91 25 second
529 2994 60 24 gen-

54 3029 96 25 eration
162 3036 28 17 as
202 3028 86 25 shewn
300 3027 32 33 by
352 3027 44 25 the
418 3034 119 24 presence
557 3034 31 17 on

54 3067 52 26 this
127 3067 51 32 day
200 3066 26 26 of
247 3073 77 25 many
357 3065 115 26 children
506 3064 83 27 whose

53 3105 95 26 fathers
160 3105 50 25 and
222 3104 111 25 mothers
345 3103 110 26 received
467 3103 65 26 their
552 3111 37 18 re-

54 3144 91 32 ligious
157 3143 111 32 training
278 3143 64 25 from
354 3142 44 26 the
409 3150 70 18 same
495 3150 94 18 source.

54 3182 54 26 The
119 3182 121 25 numbers
251 3189 57 17 now
319 3189 34 17 on
365 3180 43 26 the
420 3179 78 27 books
510 3180 27 26 of
548 3180 41 26 the

54 3221 87 26 school
153 3229 42 17 are
204 3222 30 23 83
245 3220 112 24 children
367 3219 50 25 and
429 3220 38 24 six
479 3218 110 26 teachers

54 3259 50 25 and
115 3259 111 25 increase
237 3258 28 25 of
275 3258 31 24 13
320 3257 132 33 compared
463 3256 63 26 with
542 3257 47 24 last

53 3307 67 24 year,
132 3298 227 32 notwithstanding
367 3297 96 25 several
482 3296 107 25 families

52 3337 57 26 who
121 3345 63 18 were
195 3335 126 26 members
332 3335 28 26 of
369 3336 44 25 the
425 3335 95 25 church
529 3335 60 26 hav-

52 3378 46 32 ing
118 3378 46 25 left
186 3377 44 25 the
251 3376 108 25 district.
395 3375 54 26 The
472 3376 55 25 Rev
548 3375 41 25 Mr

54 3415 117 32 Benning
183 3414 50 26 this
245 3422 58 24 year
322 3413 96 33 resigns
441 3413 45 26 the
505 3421 84 23 super-

53 3453 151 31 intendency
216 3455 26 22 to
265 3453 41 24 Mr
329 3452 24 25 J.
375 3451 125 26 Knowles.
536 3450 53 26 The

54 3492 94 25 annual
160 3493 65 24 treat
237 3491 58 26 took
317 3491 70 32 place
406 3490 33 33 by
461 3490 45 26 the
529 3490 60 24 kind

51 3530 148 33 permission
211 3530 27 24 of
259 3529 40 25 Mr
322 3529 26 25 J.
374 3528 127 33 Haughey
524 3528 28 24 m
574 3535 15 17 a

52 3568 121 26 beautiful
185 3567 79 32 shady
275 3567 66 25 nook
359 3566 82 26 which
465 3566 21 25 is
510 3566 78 25 much

52 3606 156 33 appreciated
219 3606 32 32 by
263 3606 68 25 rural
343 3604 113 33 pleasure
480 3604 107 28 seekers,

52 3645 43 26 the
106 3644 149 26 attendance
265 3643 97 32 though
372 3644 83 31 pretty
467 3643 48 24 fair
536 3650 52 17 was

50 3686 46 25 not
106 3693 29 17 so
146 3684 68 32 large
235 3691 28 18 as
285 3683 74 25 usual
379 3690 32 17 on
434 3683 106 24 account
563 3681 26 25 of

51 3725 43 26 the
106 3724 132 30 excessive,
249 3723 45 26 but
305 3731 62 17 once
378 3730 34 17 on
424 3723 44 24 the
490 3721 98 33 ground

51 3766 35 25 all
97 3764 194 27 inconvenience
303 3764 64 25 from
380 3763 56 25 thai
448 3770 76 17 cause
536 3770 52 17 was

51 3803 100 34 quickly
174 3802 135 32 dissipated
331 3801 33 33 by
386 3801 44 25 the
451 3800 90 25 shades
564 3799 25 26 of

51 3846 43 25 the
112 3844 132 30 charming
266 3850 77 24 green
365 3841 98 32 foliage.
499 3840 40 25 Mr
562 3840 24 25 J.

50 3884 116 28 Knowles
179 3881 58 30 took
246 3881 92 31 charge
349 3879 25 28 of
384 3879 43 30 the
450 3879 138 27 children's

680 199 77 21 races,
770 192 50 24 and
832 192 63 24 from
908 193 40 25 bis
970 192 126 26 extensive
1119 190 92 32 experi-

682 239 59 17 ence
752 230 27 25 m
792 230 69 25 tbese
874 233 104 23 matters
990 230 122 32 managed
1124 231 26 23 to
1171 229 43 31 get

682 270 43 25 the
732 271 98 25 various
842 273 87 23 events
939 271 85 32 pulled
1035 271 28 25 of
1071 270 61 26 with
1144 269 69 31 great

683 309 154 25 satisfaction
850 310 25 24 to
900 309 42 24 the
964 308 116 33 youthful
1103 308 109 25 contest-

682 349 64 27 ants,
760 347 49 24 and
821 347 26 24 m
859 347 160 31 distributing
1038 346 42 25 the
1103 344 109 33 trophies

682 386 57 25 took
752 394 55 17 care
819 387 56 24 that
887 387 42 24 the
939 395 50 16 wee
1000 394 61 17 ones
1072 386 42 24 did
1125 387 44 22 not
1181 392 31 24 go

681 432 68 24 away
762 427 83 29 empty
855 424 107 25 handed.
981 423 53 26 The
1046 423 69 25 adult
1127 430 86 25 games

682 462 96 32 though
794 463 99 24 entered
905 463 54 24 into
979 463 61 24 with
1059 461 77 25 much
1159 462 53 24 zest

681 511 62 16 were
755 511 15 16 a
781 503 65 24 trifle
858 502 98 25 marred
972 501 32 32 by
1028 510 33 16 an
1080 509 84 17 excess
1188 500 28 26 of

680 540 103 26 females
794 548 58 18 over
864 540 42 25 the
930 542 95 23 sterner
1047 548 49 21 sex,
1120 539 50 25 and
1193 539 21 25 it

682 589 80 17 seems
772 580 85 26 rather
868 580 62 25 hard
953 581 26 24 to
1002 580 45 25 ask
1070 588 14 17 a
1106 579 58 33 lady
1187 580 27 25 to

681 626 15 17 a
707 619 144 31 gentleman
863 620 26 24 at
901 626 15 17 a
927 620 126 24 moments
1064 618 91 30 notico,
1168 617 45 26 but

679 658 34 26 its
725 659 114 31 pleasant
850 660 26 24 to
889 658 73 25 know
973 658 58 25 that
1042 658 138 32 everybody
1191 658 23 24 is

680 696 96 32 willing
787 698 25 23 to
829 695 32 26 do
873 696 142 32 something
1025 696 56 25 nice
1093 698 26 23 to
1130 696 84 32 please

682 735 132 33 somebody
826 736 50 25 else
887 736 90 32 during
988 736 43 25 the
1054 736 87 25 festive
1161 743 52 18 sea-

682 784 54 21 son,
749 776 49 25 and
809 777 21 24 it
841 776 22 25 is
882 776 53 25 also
956 775 116 33 pleasant
1092 778 26 23 to
1142 776 72 26 know

682 816 55 25 that
749 816 43 25 the
812 815 86 34 kindly
916 815 121 33 thoughts
1060 816 155 32 engendered

680 855 28 24 m
720 863 45 16 our
774 855 84 24 hearts
870 856 27 23 at
908 855 70 24 these
990 855 113 31 pleasant
1114 855 98 32 gather-

679 895 45 31 ing
736 895 31 24 do
777 893 124 26 influence
911 902 46 17 our
968 894 107 26 conduct
1096 894 28 26 m
1146 902 70 18 some

681 940 115 17 measure
807 932 90 32 during
909 932 44 25 the
963 934 52 23 rest
1037 932 27 25 of
1084 933 44 25 the
1147 941 67 23 year.

715 971 52 25 But
777 978 56 18 now
845 970 44 26 the
899 973 78 23 water
990 969 62 26 boils
1063 970 51 25 and
1130 971 85 31 bright

681 1009 95 25 visions
787 1009 27 25 of
823 1009 112 32 fragrant
946 1010 49 29 tea,
1016 1008 66 33 huge
1104 1009 63 32 piles
1190 1009 27 26 of

681 1048 154 26 sandwiches
847 1048 49 25 and
904 1048 97 32 wedges
1019 1048 28 25 of
1067 1048 60 26 cake
1149 1048 65 33 frag-

680 1090 59 24 rant
749 1088 63 26 with
823 1088 66 32 spice
902 1088 50 25 and
963 1088 54 31 peel
1040 1087 109 26 demand
1168 1096 46 18 our

680 1128 67 23 most
758 1128 99 23 earnest
868 1126 132 28 attention,
1013 1125 50 25 and
1080 1134 45 17 our
1148 1126 64 25 Min-

678 1164 61 25 ister
750 1164 55 25 bids
817 1172 30 17 us
876 1164 45 25 ask
938 1172 15 17 a
979 1163 112 33 blessing
1113 1172 33 18 on
1169 1165 44 25 the

678 1211 122 25 generous
812 1203 95 33 spread,
920 1203 50 25 and
981 1202 62 26 then
1063 1211 37 18 we
1119 1204 45 25 fall
1186 1206 28 24 to

678 1244 61 25 with
751 1252 16 17 a
778 1244 51 25 will
839 1244 116 32 coveting
965 1243 43 26 the
1029 1246 75 24 sweet
1127 1244 86 26 smiles

678 1285 28 25 of
714 1284 44 26 the
774 1284 101 26 maiden
897 1284 56 26 who
975 1284 82 26 hands
1080 1284 43 26 the
1144 1284 68 33 plate

678 1324 86 32 roand,
776 1325 47 25 but
840 1333 36 17 we
899 1332 119 18 consume
1040 1325 68 32 large
1132 1333 80 24 quan-

678 1364 68 26 tities
757 1364 178 30 nevertheless,
955 1364 50 25 and
1021 1366 42 31 yet
1075 1364 43 26 the
1142 1366 70 25 stock

677 1405 28 25 of
713 1405 64 32 good
788 1405 87 32 things
885 1404 22 26 is
918 1406 45 24 not
975 1404 145 27 exhausted.
1155 1405 57 26 And

677 1452 57 18 now
751 1444 44 26 the
817 1444 115 26 shadows
953 1444 120 33 lengthen
1096 1446 50 24 and
1169 1446 44 25 the

678 1484 106 33 evening
807 1483 90 27 shades
920 1491 68 19 seem
1011 1486 26 24 to
1059 1484 65 26 have
1143 1493 71 18 come

677 1532 59 25 very
745 1524 97 33 quickly
855 1532 68 24 upon
934 1533 31 16 us
976 1524 27 25 m
1026 1524 52 25 this
1097 1526 117 31 pleasant

678 1564 65 30 spot,
755 1561 50 26 and
816 1570 38 18 we
862 1562 63 32 pack
937 1570 33 24 up
993 1562 52 25 and
1067 1563 87 32 depart
1175 1571 38 18 re-

678 1600 126 32 gretfully,
822 1600 122 30 although
967 1601 107 24 another
1096 1601 114 31 pleasure

678 1639 87 26 awaits
776 1648 31 17 us
818 1641 26 24 at
856 1639 44 26 the
911 1639 66 26 little
990 1638 94 33 Chapel
1107 1642 27 25 to
1153 1640 61 27 hear

678 1680 44 25 the
733 1681 84 31 report
828 1679 25 26 of
862 1679 43 26 the
911 1687 116 25 progress
1035 1681 28 25 ot
1073 1679 44 26 the
1129 1680 85 27 school

679 1718 91 33 during
781 1718 43 26 the
835 1720 57 30 past
903 1726 67 24 year,
994 1718 50 26 and
1064 1721 26 23 to
1112 1719 102 26 witness

679 1756 43 26 the
736 1756 212 33 Superintendent
958 1756 109 32 perform
1080 1751 42 32 ibhe
1133 1757 79 32 pleas-

680 1797 44 23 ant
736 1794 81 26 duties
828 1794 28 26 of
873 1794 162 33 distributing
1058 1795 44 25 the
1121 1796 90 32 prizes,

680 1836 47 24 ard
749 1835 76 32 speak
847 1834 82 27 words
948 1835 28 25 of
996 1834 81 33 praise
1100 1836 50 25 and
1170 1844 42 18 en-

678 1876 177 31 couragement
878 1877 26 23 to
937 1875 44 25 the
1012 1875 113 26 teachers
1158 1876 56 26 who

679 1914 64 26 have
772 1923 27 17 so
828 1914 209 32 conscientiously
1075 1916 139 31 performed

679 1952 66 26 their
763 1953 75 25 work.
874 1952 54 26 The
951 1952 94 33 Chapel
1068 1962 50 18 was
1138 1956 75 24 taste-

678 1992 63 32 fully
752 1993 139 29 decorated,
915 1992 51 25 and
986 1993 73 25 when
1080 1994 44 25 the
1145 2002 69 18 com-

679 2038 66 25 pany
757 2030 50 25 had
820 2030 90 26 settled
922 2031 73 25 down
1005 2031 55 26 into
1071 2039 34 18 an
1116 2032 98 33 orderly

679 2079 86 25 group,
784 2079 15 17 a
822 2071 95 32 picture
940 2079 50 18 was
1012 2072 96 25 formed
1130 2072 84 26 which

678 2120 47 17 our
741 2111 64 26 local
817 2111 73 26 artist
903 2111 50 32 (Mr
964 2112 39 25 De
1019 2112 90 34 Loree)
1132 2113 82 25 would

678 2150 68 25 liked
758 2152 26 23 to
795 2149 65 26 have
871 2149 97 26 flashed
979 2149 40 26 his
1026 2158 99 18 camera
1136 2158 76 25 upon.

678 2190 53 25 The
743 2191 96 24 central
850 2189 83 33 figure
945 2189 43 26 the
1012 2189 116 26 Minister
1151 2191 61 25 with

678 2228 106 33 spotless
805 2228 99 25 clerical
934 2227 61 33 garb
1014 2230 5 3 '
1029 2229 51 24 and
1112 2229 102 32 holiday

678 2268 179 28 countenance,
871 2274 34 17 on
917 2265 41 26 his
981 2265 45 27 left
1049 2275 14 17 a
1086 2274 78 25 group
1188 2267 27 25 of

678 2313 82 24 merry
772 2305 61 32 boys
845 2304 85 33 trying
942 2305 27 23 m
985 2305 59 25 vain
1064 2307 26 23 to
1113 2307 101 24 conceal

678 2345 66 24 their
755 2344 159 31 expectation
923 2344 27 25 of
956 2343 74 26 cakes
1050 2344 50 25 and
1122 2345 90 31 prizes,

678 2384 50 26 and
739 2392 34 17 on
785 2384 43 25 the
840 2384 68 31 right
919 2384 44 24 the
984 2391 85 25 young
1090 2384 79 26 ladies
1188 2384 28 26 of

679 2425 43 24 the
732 2424 70 25 choir
814 2424 155 32 becomingly
986 2424 91 26 attired
1096 2424 28 26 m
1146 2432 67 18 sum-

679 2471 53 18 mer
744 2464 70 31 garb.

712 2502 25 25 It
749 2501 82 27 would
843 2509 94 25 occupy
960 2503 41 25 too
1024 2502 76 26 much
1123 2502 27 27 of
1170 2511 45 19 our

680 2551 71 23 space
764 2544 25 23 to
802 2542 109 25 criticise
922 2542 43 25 the
977 2542 146 26 recitations
1134 2543 27 25 m
1173 2543 41 25 de-

679 2580 53 28 tail,
745 2580 82 25 which
847 2587 63 17 were
933 2580 124 25 delivered
1077 2580 31 32 by
1130 2588 85 24 young

676 2619 79 26 ladies
766 2619 27 24 m
805 2620 43 24 the
860 2626 86 18 course
958 2619 28 25 of
995 2619 43 25 the
1050 2620 108 32 evening
1177 2620 35 25 all

680 2667 36 18 we
733 2667 48 17 can
794 2667 47 25 say
852 2667 56 17 now
918 2660 30 30 is,
959 2659 56 25 that
1031 2659 43 25 the
1096 2659 119 33 applause

680 2700 59 32 they
751 2699 113 26 received
875 2707 51 18 was
948 2699 58 26 well
1028 2699 113 30 merited,
1165 2700 50 25 and

680 2746 36 17 we
740 2737 66 26 shall
828 2737 60 33 long
908 2739 25 24 to
955 2737 61 26 hear
1039 2737 69 26 them
1132 2739 82 32 again.

681 2776 52 25 The
745 2777 53 24 Rev
816 2775 129 26 chairman
967 2775 54 25 said
1043 2775 34 26 he
1099 2784 56 17 now
1177 2786 37 16 re-

682 2814 88 33 signed
792 2814 44 26 the
863 2813 229 34 Superintendency
1116 2815 27 25 of
1172 2815 44 26 the

682 2855 85 25 school
776 2855 53 25 into
842 2855 43 25 the
897 2855 81 24 hands
990 2855 27 25 of
1027 2855 40 24 Mr
1089 2855 124 30 Knowles,

680 2894 50 26 and
741 2894 81 32 hoped
835 2894 43 26 the
899 2902 98 17 success
1019 2894 28 24 of
1067 2894 44 25 the
1131 2895 86 25 school

680 2935 82 26 would
774 2934 30 25 be
814 2934 42 25 the
868 2942 69 18 same
949 2934 31 24 m
989 2934 43 25 the
1043 2934 83 26 future
1145 2943 28 17 as
1195 2935 21 25 it

680 2973 51 25 had
743 2973 62 25 been
817 2974 27 23 m
868 2973 43 25 the
933 2975 65 29 past.
1033 2973 54 24 The
1107 2973 109 25 Balance

682 3011 77 25 Sheet
770 3010 93 31 proved
874 3010 66 25 their
951 3011 112 24 finances
1075 3011 80 24 sound
1167 3012 50 24 and

681 3050 63 33 good
755 3050 91 24 results
858 3049 82 32 might
952 3050 29 24 be
1002 3051 125 30 expected.
1163 3051 53 25 The

682 3090 53 25 Rev
746 3090 144 32 gentleman
903 3090 120 31 proposed
1035 3098 14 16 a
1061 3090 88 33 hearty
1160 3093 56 23 vote

680 3129 28 25 of
717 3128 93 25 thanks
823 3129 25 24 to
857 3128 35 25 all
903 3128 57 25 who
977 3127 51 26 had
1050 3128 72 33 given
1146 3128 70 26 them

682 3168 66 26 their
757 3175 121 25 generous
902 3170 112 30 support,
1038 3168 50 25 and
1110 3168 33 26 he
1165 3170 53 24 also

681 3207 58 33 paid
751 3215 14 17 a
778 3215 58 24 very
857 3206 62 32 high
939 3206 165 32 compliment
1126 3209 26 23 to
1176 3208 43 25 the

682 3245 143 31 Proprietor
837 3245 50 24 and
900 3245 67 24 Staff
976 3246 27 23 of
1011 3245 44 24 the
1066 3248 5 11 '
1083 3245 121 26 Observer
1211 3247 6 11 *

681 3284 28 24 m
732 3283 153 31 advertising
908 3282 50 25 and
986 3283 129 32 reporting
1148 3283 70 25 them

680 3323 52 25 free
749 3322 28 26 of
786 3322 100 32 charge,
899 3321 82 26 which
993 3330 51 17 was
1061 3330 59 25 very
1131 3322 88 33 highly

681 3361 157 32 applauded..
873 3361 39 32 By
925 3360 43 26 the
979 3368 54 25 way
1054 3368 36 18 we
1113 3360 105 26 omitted

680 3403 26 24 to
718 3401 113 25 mention
843 3400 56 26 that
908 3400 42 25 the
962 3401 67 31 prize
1052 3401 44 25 list
1115 3408 51 18 was
1190 3408 27 17 so

681 3440 122 33 arranged
815 3440 56 26 that
891 3448 72 23 every
986 3440 99 26 scholar
1107 3440 111 26 received

681 3487 56 21 one,
749 3479 51 25 and
809 3478 43 26 the
864 3478 161 26 distribution
1047 3478 123 32 appeared
1191 3480 27 23 to

678 3520 55 31 give
745 3518 125 33 thorough
882 3519 163 25 satisfaction.
1072 3518 53 25 The
1137 3520 76 24 meet-

679 3558 44 31 ing
735 3557 75 27 broke
821 3565 35 24 up
867 3556 77 27 about
955 3556 57 25 half
1021 3558 56 30 past
1090 3558 44 23 ten
1154 3556 63 25 after

679 3606 15 16 a
706 3597 151 33 thoroughly
867 3596 130 33 enjoyable
1010 3596 56 33 day.

678 3696 192 61 LOCAL
902 3696 6 61 and
941 3696 272 61 GENERAL

710 3797 170 25 Hallelujah
898 3796 167 28 Honeymoon,
1101 3794 54 26 The
1166 3794 46 25 lat-

677 3839 38 24 est
737 3837 98 32 display
858 3836 26 26 of
906 3836 117 33 religious
1042 3834 118 31 morality
1186 3834 27 25 m

678 3878 94 27 Oxford
783 3878 23 27 is
828 3885 16 18 a
866 3876 134 33 repetition
1023 3876 28 26 of
1071 3874 44 30 th

1304 179 110 27 Wonder
1424 180 106 31 episode,
1541 180 30 32 by
1578 188 15 16 a
1602 179 152 25 Lieutenant
1765 178 75 32 being

1304 225 120 32 suddenly
1437 225 91 26 missed
1551 225 49 26 and
1623 225 22 24 is
1668 223 121 33 supposed
1814 225 26 24 to

1304 270 64 26 have
1379 270 107 26 invoked
1498 272 43 24 the
1553 270 40 25 aid
1616 269 27 25 of
1658 270 43 24 the
1721 268 119 26 Heathen

1306 312 56 27 God
1374 313 79 33 Cupid
1465 316 26 23 to
1501 313 90 25 induce
1604 321 14 17 a
1629 312 91 26 buxom
1739 311 100 25 maiden

1305 355 26 24 to
1350 354 74 26 share
1443 354 44 26 the
1510 355 88 25 sweets
1619 353 28 26 of
1661 361 16 17 a
1694 351 146 34 Hallelujah

1304 390 176 35 Honeymoon.

1338 460 68 26 East
1418 461 103 25 Oxford
1536 461 106 29 School,
1678 461 39 25 On
1734 460 106 26 account

1306 503 28 24 of
1343 503 43 25 the
1398 504 116 32 painting
1525 505 28 24 of
1562 504 43 25 the
1618 505 83 25 school
1714 504 43 25 the
1776 503 63 26 holi-

1304 545 62 33 days
1378 546 52 26 will
1442 547 29 25 be
1483 548 121 25 extended
1616 548 37 25 for
1670 556 15 17 a
1707 546 130 35 fortnight,

1304 591 69 30 thus,
1385 592 45 26 the
1442 593 83 26 school
1538 594 50 25 will
1598 601 100 18 resume
1719 592 67 26 work
1806 600 33 17 on

1306 635 109 35 Monday
1437 639 113 32 January
1569 639 70 25 30th.

1338 688 142 30 Creamery,
1516 689 46 26 We
1571 698 42 17 are
1621 689 123 26 informed
1755 689 31 33 by
1797 690 42 25 the

1304 732 131 26 Presilent
1454 735 28 24 of
1502 735 43 24 the
1567 735 132 31 Creamery
1722 735 115 25 Associa-

1305 778 62 31 tion,
1391 780 58 26 that
1470 788 16 18 a
1508 781 48 25 site
1575 781 39 25 for
1636 781 44 25 the
1713 781 125 33 projected

1306 825 127 35 buildings
1444 827 114 33 adjacent
1570 830 26 25 to
1609 829 42 26 the
1663 829 63 26 East
1746 830 93 25 Oxford

1305 874 113 33 Railway
1431 875 100 27 Station
1547 876 46 26 has
1616 876 62 26 been
1701 877 138 31 purchased

1305 921 65 26 from
1381 922 41 25 Mr
1433 923 29 25 P.
1475 923 108 32 Wright,
1597 924 49 25 and
1661 924 56 26 that
1739 924 100 26 tenders

1304 965 39 26 for
1354 966 43 26 the
1408 968 108 26 erection
1527 969 28 25 of
1564 969 43 25 the
1618 977 130 25 necessary
1767 970 72 32 plant

1304 1009 51 26 will
1366 1010 96 34 shortly
1473 1011 31 27 be
1520 1013 103 26 invited.

1338 1060 168 31 Obituary,
1507 1063 112 26 Another
1657 1063 42 26 old
1732 1064 107 32 identity

1303 1106 48 26 has
1358 1109 90 31 passed
1465 1117 68 25 away
1546 1110 28 25 m
1583 1110 42 26 the
1634 1119 91 24 person
1746 1110 27 26 of
1793 1119 46 18 our

1304 1152 42 25 old
1362 1152 81 27 friend
1458 1154 54 29 ,and
1530 1155 139 32 neighbour
1688 1156 41 25 Mr
1752 1156 87 26 James

1305 1196 83 30 Allen,
1400 1197 56 26 who
1467 1198 50 26 like
1528 1201 66 24 most
1605 1200 28 25 of
1648 1198 44 27 the
1712 1201 62 31 good
1797 1201 42 25 old

1305 1241 53 24 sort
1368 1240 48 26 has
1423 1243 46 24 not
1477 1242 66 25 lived
1553 1243 28 25 m
1592 1243 67 30 vain,
1673 1243 45 26 but
1740 1244 98 32 depart-

1303 1284 52 33 ing,
1368 1286 82 26 leaves
1461 1287 40 25 his
1513 1287 119 34 footsteps
1640 1288 28 26 m
1696 1288 44 26 the
1763 1289 75 26 sands

1304 1328 28 26 of
1341 1328 68 26 time.
1445 1329 40 27 He
1497 1338 51 19 was
1559 1339 15 17 a
1586 1332 68 32 quiet
1677 1333 162 26 unobtrusive

1304 1375 51 26 and
1365 1376 155 28 industrious
1531 1379 115 30 colonist,
1658 1380 110 25 cheerful
1788 1381 51 25 and

1303 1421 131 25 courteous
1444 1421 27 25 m
1483 1422 41 25 his
1536 1430 113 22 manner,
1662 1423 50 26 and
1723 1428 68 22 news
1814 1424 27 26 of

1303 1463 41 26 his
1355 1465 76 26 death
1442 1466 52 25 will
1504 1466 30 26 be
1543 1467 111 26 received
1665 1468 61 26 with
1738 1468 101 33 general

1304 1510 89 30 regret.
1429 1509 81 26 When
1532 1511 22 26 it
1583 1510 102 27 became
1718 1513 122 30 apparent

1305 1552 57 26 that
1372 1553 41 26 his
1424 1554 111 26 sickness
1546 1563 51 19 was
1615 1557 63 25 unto
1700 1556 85 32 death,
1805 1556 34 27 he

1305 1599 114 33 signified
1430 1601 40 26 his
1482 1602 80 25 desire
1572 1604 27 24 to
1618 1603 87 26 record
1725 1603 41 26 his
1788 1605 51 25 last
1867 1607 3 11 '

1304 1646 98 33 earlhly
1424 1648 90 26 wishes
1536 1648 34 33 by
1576 1670 3 4 .
1593 1650 100 32 signing
1712 1650 41 26 his
1788 1651 51 26 will

1304 1690 82 26 which
1398 1698 51 19 was
1460 1691 61 34 duly
1529 1693 127 30 executed,
1665 1693 51 26 and
1725 1694 32 26 he
1768 1702 70 25 pass-

1305 1735 31 24 ed
1346 1743 70 25 away
1427 1744 34 17 on
1472 1736 114 34 Tuesday
1598 1738 62 25 10th
1668 1737 27 26 m
1718 1739 44 25 the
1783 1747 54 25 pre-

1304 1787 74 19 sence
1386 1781 28 26 of
1421 1782 42 26 his
1474 1782 96 34 family,
1580 1783 27 25 m
1618 1784 40 25 his
1676 1784 163 33 sixty-fourth

1302 1833 67 25 year.

1337 1876 138 28 Salvation
1492 1878 84 31 Army,
1612 1879 35 26 As
1655 1888 15 17 a
1681 1882 70 30 great
1763 1888 76 25 many

1303 1923 87 31 people
1401 1931 42 18 are
1454 1924 80 25 under
1545 1924 44 26 the
1600 1925 113 26 delusion
1725 1927 57 24 that
1794 1926 44 26 the

1305 1966 130 28 Salvation
1446 1968 79 34 Army
1546 1970 102 32 publish
1671 1979 34 17 no
1727 1971 110 27 Balance

1304 2013 84 32 Sheet,
1399 2024 34 17 we
1442 2015 47 34 beg
1500 2018 27 24 to
1546 2017 49 25 call
1616 2025 47 18 our
1680 2018 99 26 readers
1800 2020 39 25 at-

1304 2060 97 26 tention
1414 2062 25 25 to
1451 2061 44 26 the
1506 2062 51 26 fact
1568 2062 56 26 that
1635 2064 122 31 complete
1778 2064 57 26 Bal-

1303 2114 61 18 ance
1378 2107 88 26 Sheets
1478 2109 28 25 of
1523 2109 44 25 the
1589 2110 128 26 Salvation
1738 2111 100 33 Army's

1303 2152 105 31 receipts
1419 2152 51 26 and
1480 2152 162 32 expenditure
1653 2154 27 24 m
1690 2154 63 26 New
1776 2156 60 24 Zea-

1302 2196 60 25 land
1373 2197 38 25 for
1423 2198 43 24 the
1479 2199 32 23 12
1533 2200 104 24 months
1659 2199 94 33 ending
1777 2201 58 31 Sep-

1302 2242 97 25 tember
1407 2243 62 26 80th
1494 2245 73 28 1892,
1590 2252 43 17 are
1655 2245 132 32 published
1809 2246 27 25 m

1302 2284 40 25 his
1354 2285 89 26 week's
1456 2286 61 25 War
1540 2286 58 33 Cry.

1334 2333 73 24 Road
1433 2334 120 29 Board,
1562 2335 112 26 Omitted
1701 2336 65 26 from
1788 2337 49 26 last

1302 2377 72 26 Road
1382 2378 84 25 Board
1477 2380 91 32 report.
1604 2379 41 26 Mr
1656 2380 110 26 Hawker
1784 2382 54 26 said

1303 2422 33 26 he
1355 2432 51 17 was
1429 2432 56 18 sure
1506 2424 42 26 his
1581 2424 103 28 brother
1715 2425 124 28 members

1303 2467 83 25 would
1395 2475 89 18 excuse
1495 2467 54 26 him
1560 2468 39 25 for
1611 2469 120 33 speaking
1748 2472 44 24 out
1814 2471 28 25 of
1852 2476 4 5 '

1304 2510 72 26 order
1384 2519 28 17 as
1435 2511 32 26 he
1488 2511 70 26 knew
1577 2511 32 27 he
1632 2512 51 27 had
1705 2514 77 26 their,
1792 2515 47 26 full

1304 2564 165 18 concurrence
1480 2558 26 24 m
1518 2558 68 24 what
1598 2558 95 26 helwas
1716 2558 81 28 abduf
1812 2563 27 23 to
1851 2566 2 18 :

1303 2610 52 24 say.
1389 2603 41 25 He
1442 2611 51 17 was
1505 2611 81 18 aware
1598 2604 57 25 that
1667 2603 43 27 the
1732 2606 106 26 Board's

1303 2649 101 24 current
1414 2656 59 24 year
1485 2648 49 26 had
1545 2650 46 24 not
1608 2650 100 31 expired
1730 2650 46 26 but
1795 2652 44 29 the

1303 2693 115 25 calender
1435 2702 59 24 year
1514 2694 59 27 had,
1597 2695 50 25 and
1670 2695 28 25 m
1731 2696 108 33 wishing

1304 2740 70 26 them
1395 2749 15 18 a
1432 2741 92 32 Happy
1544 2742 49 25 and
1611 2750 147 25 prosperous
1778 2744 69 25 New

1305 2786 73 30 Year,
1391 2786 32 26 he
1446 2787 92 25 should
1630 2790 26 23 to
1678 2796 100 24 express
1797 2787 41 27 his

1303 2830 62 32 high
1375 2831 168 31 appreciation
1555 2832 28 25 of
1592 2832 43 25 the
1647 2834 130 25 courteous
1788 2834 51 25 and

1305 2874 43 25 the
1371 2876 182 25 conscientious
1576 2884 106 18 manner
1705 2877 27 25 m
1755 2878 90 25 which;

1305 2921 66 25 their
1393 2921 129 26 chairman
1545 2922 51 25 had
1618 2923 147 33 discharged
1798 2925 40 25 his

1304 2965 82 26 duties
1398 2966 91 32 during
1499 2967 40 25 his
1551 2968 63 24 term
1628 2968 38 35 ,o|
1685 2968 79 30 office,
1788 2969 50 25 and

1304 3010 52 25 had
1367 3019 33 16 no
1412 3010 77 26 doubt
1512 3011 57 25 that
1587 3012 44 25 the
1654 3013 69 25 saihe
1745 3015 100 25 cordial-

1305 3056 142 32 unanimity
1459 3056 27 24 m
1666 3057 44 25 the
1721 3058 122 26 interests;

1304 3101 28 26 of
1342 3102 42 25 the
1396 3104 142 30 ratepayers
1549 3103 84 25 would
1642 3104 94 30 prevail
1748 3106 26 23 to
1795 3104 47 28 the:

1306 3146 49 25 end
1366 3146 26 26 of
1402 3146 66 25 their
1479 3148 65 24 term
1556 3155 29 17 as
1596 3148 59 31 they
1667 3148 51 26 had
1729 3149 63 26 been
1811 3150 33 25 m!

1308 3191 42 26 the
1362 3193 64 33 past.
1461 3191 184 34 Unanimously
1658 3193 130 28 endorsed.
1830 3193 14 27 A

1341 3245 40 24 Mr
1393 3246 30 25 F.
1435 3246 31 24 B.
1476 3247 71 24 Lano
1558 3247 52 24 will
1622 3247 58 25 visit
1692 3248 93 26 Oxford
1808 3247 34 33 onj

1307 3288 91 32 Friday
1421 3288 50 26 and
1496 3289 129 33 Saturday,
1641 3292 71 23 irext.
1748 3292 41 25 He
1819 3293 23 26 is

1304 3334 54 31 just
1369 3334 28 24 m
1409 3333 92 33 receipt
1513 3334 27 25 of
1549 3342 15 17 a
1574 3335 91 32 parcel,
1669 3335 29 26 of
1701 3361 2 2 .
1715 3336 126 32 Watches*

1306 3378 75 25 made
1391 3379 27 26 to
1429 3379 41 26 fcis
1482 3379 91 33 special
1595 3381 80 26 order.
1715 3398 2 2 -
1720 3405 4 10 t
1836 3384 5 28 )

1305 3507 75 40 THE
1404 3508 228 42 FORGOTTEN
1655 3503 186 55 WREATH!

1301 3558 543 46 OR

1339 3604 92 26 AUNT
1448 3605 101 27 PEG'S
1573 3606 96 27 XMAS
1688 3607 119 26 STORY.

1305 3688 135 32 (Specially
1451 3689 99 24 written
1558 3689 38 25 for
1608 3690 43 24 the

1363 3741 65 25 Well
1436 3741 65 31 j-hen
1512 3743 70 31 girls,
1606 3743 14 25 I
1641 3744 52 28 will
1712 3747 86 29 repeat
1815 3747 27 36 tp

1303 3793 49 24 you
1364 3792 16 19 a
1391 3793 60 25 very
1463 3786 44 25 sad
1519 3789 68 30 stoi'y
1605 3787 56 26 that
1676 3796 52 17 was
1740 3789 54 25 told
1817 3784 26 31 tb
1873 3798 7 22 j.

1300 3837 42 16 me
1352 3831 50 24 last
1410 3829 141 26 Christinas
1563 3829 61 31 Eve,
1637 3831 51 25 and
1698 3831 39 26 for
1748 3840 15 17 a
1786 3819 53 39 real

1304 3880 45 20 son
1358 3873 82 30 which
1452 3881 49 25 you
1512 3873 52 29 will
1573 3874 112 29 discover
1707 3876 38 27 for
1762 3884 68 24 tfour

1936 182 78 26 selves
2025 182 27 26 m
2064 182 43 26 the
2119 190 86 18 course
2228 183 28 26 of
2276 183 43 26 the
2345 183 76 33 story.
2456 182 12 26 I

1936 224 50 27 will
1997 224 50 28 call
2058 226 64 31 it,

2016 280 56 25 The
2090 280 149 26 Forgotten
2264 280 121 26 Wreath.

1969 359 57 28 You
2037 363 35 25 all
2093 362 74 26 know
2187 361 57 26 that
2265 361 14 25 I
2301 369 70 19 came
2390 369 35 25 up
2444 363 27 25 to

1936 404 106 26 London
2065 404 44 26 the
2131 405 138 32 beginning
2285 405 28 25 of
2333 404 138 26 December

1934 447 50 26 last
1995 455 68 25 year.
2097 448 15 25 I
2122 447 52 26 had
2184 447 63 26 been
2258 447 28 26 m
2303 449 68 25 town
2393 447 77 27 about

1935 498 15 18 a
1961 491 76 31 week,
2050 491 74 26 when
2136 499 49 18 one
2206 492 120 32 morning
2347 492 15 25 I
2381 491 89 26 sallied

1934 533 68 25 forth
2013 534 26 24 to
2051 534 31 24 do
2094 541 69 19 some
2173 534 132 33 shopping.
2338 535 15 24 I
2363 534 51 25 had
2424 536 46 24 not

1934 584 65 25 gone
2009 576 39 26 far
2075 576 82 28 before
2180 577 20 26 it
2223 584 70 20 came
2315 584 34 20 on
2367 585 15 20 a
2401 576 69 28 thick

1934 619 124 33 drizzling
2069 621 64 24 rain.
2168 621 37 25 To
2227 629 88 24 escape
2337 620 98 33 getting
2454 629 16 17 a

1934 663 104 32 wetting
2048 663 14 25 I
2073 663 84 26 hailed
2168 663 44 26 the
2223 664 56 26 first
2290 666 85 31 empty
2387 664 46 26 cab
2439 664 5 7 '
2455 664 14 25 I

1934 714 58 23 saw,
2005 706 82 30 when,
2100 706 33 33 by
2145 715 68 17 some
2236 706 71 33 great
2326 707 144 26 mischance

1931 749 54 33 just
1992 758 28 16 as
2028 750 44 26 the
2080 750 82 25 driver
2170 750 85 33 pulled
2264 758 34 25 up
2306 754 27 22 at
2341 751 44 25 the
2396 758 72 25 pave-

1933 794 79 29 ment,
2025 801 15 17 a
2051 793 66 26 little
2128 792 48 34 boy
2188 795 42 31 got
2253 793 27 26 m
2304 793 43 26 the
2355 797 4 3 '
2370 802 55 25 way
2444 794 28 25 of

1934 835 44 27 the
1988 836 80 32 borse,
2080 837 51 26 and
2140 845 50 18 was
2202 835 113 28 knocked
2325 837 81 27 down.
2423 835 47 28 We

1933 880 89 32 picked
2033 880 56 25 him
2098 889 33 24 up
2142 880 144 30 insensible,
2310 879 86 34 placed
2415 881 55 25 him

1933 923 28 25 m
1968 923 44 26 the
2021 924 53 30 cab,
2084 924 50 25 and
2140 925 46 25 not
2197 924 118 32 knowing
2326 924 56 26 how
2393 924 77 26 much

1933 966 33 27 he
1977 975 51 18 was
2039 967 71 39 hurt,
2124 967 14 26 I
2160 969 43 31 got
2220 967 27 26 m
2269 960 94 40 myseif
2380 968 90 32 telling

1934 1010 43 27 the
1988 1009 108 28 cabman
2107 1012 27 25 to
2146 1011 68 26 drive
2227 1019 28 17 as
2267 1011 99 33 quickly
2378 1019 28 18 as
2413 1018 56 26 pos-

1933 1052 63 27 sible
2007 1055 27 24 to
2042 1054 44 25 the
2093 1054 135 26 children's
2235 1052 110 34 hospital
2355 1054 28 25 m
2392 1055 78 25 Great

1933 1096 126 26 Ormonde
2080 1096 90 27 Street.
2312 1129 2 3 .

1966 1140 104 26 Arrived
2082 1142 70 24 there
2164 1140 43 27 the
2218 1149 62 24 poor
2301 1138 66 29 little
2390 1141 80 27 fellow

1933 1191 51 18 was
1994 1186 46 30 put
2062 1186 27 23 to
2110 1184 49 25 bed
2181 1185 51 24 and
2254 1185 119 26 attended
2394 1187 27 23 to
2443 1188 27 23 at

1932 1234 61 19 once
2004 1235 7 22 ;
2028 1226 74 27 when
2113 1227 21 26 it
2144 1235 50 18 was
2206 1227 80 26 fonnd
2298 1227 32 26 he
2341 1225 51 28 had
2414 1226 54 28 bro-

1932 1268 49 28 ken
1993 1278 15 18 a
2019 1271 49 33 leg,
2089 1269 98 28 besides
2210 1271 144 33 sustaining
2375 1271 94 27 several

1933 1313 105 27 bruises.
2444 1312 6 15 c

1965 1358 22 30 I.
1990 1360 66 25 went
2068 1359 26 26 to
2107 1366 40 19 sec
2159 1359 43 26 the
2221 1366 63 26 poor
2306 1358 68 27 child
2397 1366 73 27 every

1931 1397 104 37 visiting
2046 1402 48 33 day
2105 1402 63 26 after
2179 1402 60 31 this,
2252 1402 50 26 and
2319 1402 73 26 made
2414 1411 54 17 sev-

1932 1446 52 24 eral
1992 1446 95 25 friends
2096 1448 117 32 amongst
2221 1446 44 26 the
2276 1446 65 26 little
2354 1446 116 26 sufferers

1932 1489 28 24 m
1970 1488 41 26 his
2023 1488 76 27 ward.
2134 1489 22 26 A
2167 1498 59 24 very
2237 1491 83 35 pretty
2332 1489 76 33 sight,
2432 1489 36 26 al-

1932 1531 60 31 beit;
2002 1540 14 17 a
2024 1531 45 26 sad
2079 1540 56 22 one,
2148 1533 21 24 it
2176 1541 52 17 was
2239 1534 28 23 to
2278 1540 41 18 see
2338 1533 45 25 the
2401 1530 67 29 little

1932 1574 65 26 folks
2016 1574 27 26 m
2066 1574 67 27 their
2148 1575 86 32 bright
2256 1576 90 26 scarlet
2356 1573 112 42 jackets,

1931 1618 45 26 the
1999 1618 61 32 girls
2080 1618 64 26 with
2163 1615 67 29 their
2251 1616 87 35 neatly
2361 1619 109 25 brushed

1931 1661 65 30 hair,
2015 1660 52 26 tied
2089 1668 35 26 up
2146 1661 62 25 with
2227 1661 59 26 blue
2308 1658 110 33 ribbons,
2434 1652 36 35 *m

1931 1703 66 27 their
2009 1712 64 18 rows
2084 1705 29 26 of
2120 1704 77 26 white
2215 1706 55 25 cots
2292 1705 44 26 the
2358 1705 112 26 cheerful

1932 1748 67 25 well-
2000 1747 136 26 ventilated
2148 1747 77 31 ward,
2237 1748 71 25 clean
2330 1741 50 32 sihd
2402 1748 68 26 well-

1932 1791 134 33 appointed
2078 1791 61 26 with
2150 1792 88 33 plenty
2253 1792 29 25 of
2301 1791 98 27 flowers
2420 1792 51 26 and

1931 1834 109 33 pictures
2051 1834 86 27 about.

1966 1879 54 24 The
2032 1879 92 25 scarlet
2143 1877 99 34 jackets
2263 1879 51 25 and
2337 1879 60 26 blue
2419 1878 52 26 rib-

1932 1921 81 26 bands
2029 1929 43 18 are
2082 1929 17 18 a
2109 1921 143 26 distinctive
2271 1922 99 25 feature'
2377 1922 29 25 of
2427 1921 43 26 the

1933 1964 78 26 Great
2023 1964 127 27 Ormonde
2167 1964 85 28 Street
2270 1964 127 34 Hospital;
2420 1964 51 27 and

1933 2016 17 18 a
1959 2016 59 25 very
2026 2009 90 32 cheery
2129 2015 155 26 appearance
2294 2009 62 32 they,
2363 2009 58 32 give
2444 2011 26 24 to

1932 2051 44 26 the
1986 2051 93 26 wards..
2110 2052 15 25 I
2136 2060 51 18 was
2199 2059 6 16 r
2209 2058 63 27 very
2291 2052 79 27 much
2390 2052 80 26 inter-

1932 2095 70 26 ested
2012 2095 28 26 m
2052 2095 35 26 all
2098 2095 58 26 that
2168 2096 13 25 I
2194 2103 52 19 saw
2256 2096 80 30 there,
2348 2117 4 4 .
2361 2095 45 27 but
2426 2095 44 26 the

1933 2145 50 19 one
2004 2138 56 26 who
2082 2138 106 26 claimed
2210 2146 43 25 my
2272 2139 125 25 attention
2420 2139 50 25 and

1929 2182 93 25 roused
2033 2190 44 24 my
2087 2182 120 32 curiosity
2217 2182 74 29 from.
2294 2182 43 26 the
2348 2182 57 27 first
2421 2182 49 33 day

1931 2233 54 18 was
1995 2225 43 26 the
2046 2225 69 26 head
2126 2232 76 19 nurse
2213 2225 28 26 of
2249 2224 44 27 the
2305 2225 76 26 ward.
2417 2225 51 26 She

1932 2277 51 18 was
1994 2277 16 17 a
2021 2269 46 26 tall
2076 2268 142 27 well-made
2228 2275 99 20 woman
2337 2276 7 19 :
2362 2268 47 27 her
2420 2276 46 25 age

1931 2312 21 26 it
1962 2320 52 18 was
2025 2313 73 32 quite,
2105 2312 144 33 impossible
2260 2315 27 23 to
2295 2320 74 24 guess
2381 2315 35 27 at,
2428 2312 39 26 for

1931 2354 123 33 although
2065 2355 46 26 her
2126 2354 57 26 hair
2204 2362 52 19 was
2279 2355 90 32 silvery
2390 2354 77 26 white

1931 2398 80 26 under
2025 2398 46 26 her
2092 2406 90 18 nurses
2204 2406 47 24 cap
2272 2398 47 25 her
2340 2398 54 25 face
2415 2406 52 17 was

1931 2442 71 30 quite
2013 2441 204 35 young-looking,
2230 2442 94 31 having
2333 2449 34 18 no
2376 2441 91 26 wrink-

1933 2484 36 26 les
1978 2493 29 17 or
2025 2485 86 25 marks
2133 2485 29 25 of
2181 2493 46 24 age
2249 2484 77 26 about
2347 2484 30 26 it.
2412 2484 55 26 You

1933 2528 83 26 would
2026 2530 46 24 not
2082 2524 73 30 think
2167 2529 77 26 about
2254 2527 113 28 whether
2376 2529 21 26 it
2417 2536 51 18 was

1932 2580 16 17 a
1959 2572 120 32 cor'rtctly
2090 2572 123 26 beautiful
2222 2573 62 30 face,
2297 2572 34 25 all
2341 2580 50 24 you
2413 2572 54 29 felt,

1933 2616 27 24 at
1972 2623 51 24 any
2033 2616 54 25 rate
2099 2615 35 25 all
2147 2616 13 24 I
2171 2615 54 29 felt,
2234 2623 60 21 was,
2307 2615 57 26 that
2375 2615 21 25 it
2417 2622 52 19 was

1933 2658 44 25 the
1987 2666 58 24 very
2057 2660 112 24 sweetest
2181 2665 47 19 one
2236 2658 14 25 I
2261 2658 51 26 had
2323 2666 57 18 ever
2389 2658 78 32 gazed

1932 2709 75 24 upon,
2020 2702 14 24 I
2046 2701 45 26 felt
2101 2701 86 25 drawn
2198 2703 26 24 to
2243 2701 21 25 it
2275 2710 69 21 once,
2367 2701 63 25 such
2452 2709 16 17 a

1932 2746 75 24 sweet
2015 2745 97 33 patient
2124 2745 61 31 face,
2207 2745 46 25 but
2275 2744 33 26 oh
2320 2746 6 24 1
2345 2748 72 22 when
2440 2747 27 23 at

1931 2790 51 24 rest
1992 2788 60 25 with
2064 2788 62 25 such
2139 2797 15 16 a
2166 2787 95 28 wistful,
2269 2787 104 33 longing
2383 2787 28 25 m
2422 2787 46 26 her

1931 2832 69 33 large
2012 2841 60 24 gray
2085 2841 65 23 eyes.
2185 2832 31 26 It.
2221 2832 74 25 made
2303 2839 48 18 one
2362 2830 48 27 feel
2421 2839 46 17 un-

1932 2875 123 25 utterable
2068 2875 44 25 sad
2124 2877 26 23 to
2161 2875 57 25 look
2230 2877 27 23 at
2276 2875 57 30 her,-
2352 2875 22 25 it
2395 2875 73 25 made

1931 2926 49 18 one
1991 2919 48 25 feel
2051 2918 55 26 thai
2119 2919 26 24 to
2156 2919 64 24 have
2232 2917 63 27 such
2306 2926 16 17 a
2343 2917 68 26 look,
2421 2926 47 17 one

1933 2964 69 24 must
2014 2961 64 27 have
2084 2962 90 33 passed
2182 2961 108 33 through
2303 2970 69 28 sqme
2384 2961 85 26 dread-

1932 3005 37 26 ful
1980 3006 151 31 experience?,
2155 3014 28 17 or
2209 3005 94 26 missed
2319 3005 149 32 -something

1933 3050 44 24 out
1988 3049 27 25 of
2024 3051 70 23 one's
2102 3049 52 25 life.

1966 3092 52 26 But
2029 3093 38 25 for
2078 3093 35 25 all
2124 3092 45 26 her
2181 3092 42 26 sad
2237 3086 102 38 looking
2339 3097 68 27 .-eyes
2415 3088 54 30 'she

1933 3135 50 26 had
1992 3144 15 17 a
2016 3144 58 22 very
2087 3137 93 32 happy,
2200 3136 110 25 cheerftil
2331 3144 56 24 way
2407 3135 63 26 with

1934 3177 44 28 the
1990 3180 64 25 little
2076 3187 41 21 one
2117 3187 28 21 3,
2169 3180 51 24 and
2241 3175 60 36 they
2324 3179 148 32 brightened

1934 3230 34 26 up
1990 3224 173 33 wonderfully,
2176 3232 28 17 as
2237 3223 46 26 she
2315 3223 155 33 approached

1934 3267 79 25 them.
2049 3267 51 26 She
2112 3267 50 24 and
2173 3267 14 24 I
2206 3267 103 25 became
2329 3267 94 24 friends
2445 3268 27 23 at

1967 3297 11 5 '
1985 3293 1 7 ;
2162 3293 2 8 :
2262 3295 13 12 v
2297 3295 4 7 '
2389 3297 10 17 j
2404 3296 3 11 r
2413 3295 6 10 r

1934 3318 69 24 puce,
2016 3311 51 24 and
2078 3311 14 23 I
2103 3310 79 28 found,
2193 3310 13 24 I
2218 3310 69 32 quite
2310 3309 90 26 looked
2422 3309 49 26 for-

1934 3354 69 25 ward
2014 3356 27 24 to
2052 3362 43 25 my
2107 3354 73 25 chats
2191 3351 62 29 with
2264 3354 53 25 her.
2353 3353 54 26 One
2411 3354 6 14 *
2423 3352 49 33 day

1934 3398 93 33 during
2038 3406 47 18 our
2095 3398 182 26 conversation;
2289 3398 15 24 I
2326 3397 145 25 mentidned

1935 3442 57 25 that
2011 3442 14 24 I
2047 3442 82 32 hoped
2152 3442 43 24 the
2217 3441 67 24 little
2307 3439 63 33 boy'
2377 3439 94 30 Willie,

1936 3485 68 33 (who
2016 3485 50 26 had
2077 3485 63 26 been
2152 3485 43 25 the
2218 3493 74 17 cause
2314 3483 28 31 pf
2347 3501 2 12 :
2358 3491 44 25 my
2423 3483 47 26 fre-

1933 3530 81 31 quent
2023 3529 72 29 visits
2107 3532 26 22 to
2144 3529 44 25 the
2199 3528 142 33 hospital,).
2347 3526 82 29 would
2440 3526 30 26 ba

1934 3572 69 30 quite
2013 3572 55 26 well
2080 3572 82 26 before
2175 3572 43 25 the
2229 3572 67 26 New.
2313 3571 74 29 Year,
2403 3578 35 21 .as
2458 3570 14 24 I

1934 3615 83 27 would
2028 3616 30 25 be
2068 3616 101 32 leaving
2180 3616 38 25 for
2229 3615 63 26 New
2296 3613 14 27 '
2310 3613 105 27 Zealand
2427 3614 43 25 the

1934 3660 56 26 first
1999 3660 67 26 week
2075 3660 27 25 m
2111 3660 120 32 January,
2241 3659 50 26 and
2300 3659 14 24 I
2325 3659 82 25 would
2418 3658 50 25 like

1933 3702 55 26 him
2000 3704 26 24 to
2037 3702 31 26 be
2079 3703 111 25 restored
2202 3705 26 23 to
2239 3702 41 26 his
2291 3702 93 24 friends
2391 3702 78 31 'quite

1933 3746 168 31 weliv;befaKp
2110 3746 17 25 I
2140 3746 51 26 left
2193 3748 12 23 .'
2211 3754 12 15 n
2229 3747 4 4 '
2234 3745 84 26 When
2320 3756 13 14 o
2338 3745 16 24 I
2365 3742 105 32 >njnned

1932 3789 61 26 Naw
2006 3790 112 26 Zealand
2129 3790 42 26 the
2182 3797 76 18 nurse
2267 3795 120 27 .gay^,^,
2396 3789 71 31 great

1933 3834 70 28 start,
2017 3834 50 25 and
2079 3843 15 16 a
2105 3834 57 26 look
2174 3834 28 25 of
2210 3833 99 26 intense
2320 3832 60 32 pain
2389 3839 78 20 .came

1935 3876 55 28 into
2001 3876 46 28 her
2058 3877 53 27 face
2122 3876 38 28 for
2177 3885 15 17 a
2214 3877 121 27 moment,
2360 3874 44 27 but
2424 3881 44 19 sue

521 58 174 32 OXFOED
736 56 92 32 AND
872 56 107 33 CUST
1023 49 223 38 OBSERVER
1289 46 243 40 SATURDAY,
1554 47 199 37 JANUARY
1776 49 49 38 14,
1853 49 90 31 1893.
