2530 3960
53 172 73 26 made
137 179 33 18 no
182 172 108 25 remark.
326 172 121 25 However
459 172 44 25 the
525 174 63 24 next

55 215 61 25 time
128 215 14 25 I
153 215 80 25 called
256 215 45 25 she
325 215 73 25 asked
420 224 41 16 me
484 216 69 32 quite
576 224 15 17 a

53 258 107 25 number
170 258 28 24 of
207 258 136 31 questions,
357 266 28 16 as
397 260 26 23 to
445 258 67 25 what
534 261 58 29 part

52 300 29 26 of
89 301 62 25 New
163 301 110 24 Zealand
285 301 14 24 I
310 308 52 19 was
374 301 75 31 going
473 302 33 28 to,
530 301 21 25 if
572 302 21 25 it

56 351 60 17 were
124 351 43 25 my
177 343 75 25 home
264 351 29 17 or
304 351 42 24 my
358 343 56 25 first
425 344 59 24 visit
496 345 27 24 to
546 344 45 24 the

52 386 116 31 colonies,
182 387 41 29 &c,
236 386 50 25 and
306 394 33 17 on
361 386 44 25 the
428 387 115 25 occasion
566 386 28 26 of

52 438 42 25 my
105 431 50 24 last
167 429 58 27 visit
229 430 90 25 -which
329 430 59 25 took
398 430 72 32 place
492 438 34 18 on
547 430 44 26 the

52 474 62 24 20th
125 474 28 28 of
159 473 146 29 December,
336 473 95 33 (Willie
442 482 52 17 was
514 476 27 23 to
560 474 31 25 be

52 516 149 32 discharged
224 524 33 18 on
277 516 44 26 the
341 517 89 33 22nd,)
451 517 45 25 she
517 525 29 17 m
577 525 15 17 a

54 562 85 23 casual
162 567 55 24 way
240 560 76 24 asked
336 568 41 16 me
397 561 68 25 what
487 562 57 30 part
566 560 27 25 of

52 603 108 25 London
172 603 14 25 I
209 610 50 18 was
283 604 101 32 staying
406 603 37 25 m.
477 603 14 25 I
513 604 77 25 wrote

51 654 43 24 my
105 646 102 25 address
217 654 34 17 on
260 654 42 24 my
311 647 58 24 card
381 647 49 24 and
442 647 106 24 handed
570 647 21 24 it

51 690 27 23 to
89 689 45 24 her
145 689 88 31 telling
245 689 44 24 her
306 689 14 24 I
332 689 90 25 should
438 690 94 31 always
559 689 32 26 be

52 731 58 32 glad
130 733 26 24 to
176 731 62 26 hear
257 732 65 26 from
343 732 54 29 her,
417 732 50 25 and
490 732 56 26 that
577 732 14 24 I

52 776 90 26 should
151 776 70 26 write
230 777 75 25 when
315 777 14 25 I
337 777 106 25 reached
452 777 68 26 New.
528 777 61 25 Zea-

52 820 61 24 land
121 821 50 24 and
193 820 45 25 tell
257 821 46 24 her
325 822 35 24 all
377 821 77 24 about
477 820 113 26 Colonial

50 861 52 27 life.
137 862 86 27 When
235 863 14 25 I
261 863 94 27 wished
373 863 35 26 all
429 871 43 25 my
495 863 94 26 friends

50 909 28 25 m
90 907 79 27 Great
186 907 125 25 Ormonde
324 908 82 26 Street
417 908 63 32 good
497 907 55 33 bye,
576 907 14 25 I

52 953 110 31 thought
172 951 28 26 of
209 951 21 25 it
241 959 28 17 as
280 959 16 17 a
307 951 83 25 closed
407 959 64 25 page
485 972 3 9 r
494 951 28 25 in
546 958 43 25 my

50 995 52 32 life,
115 995 38 26 for
163 996 28 25 at
202 1002 50 26 any
260 996 54 24 rate
323 1002 69 18 sonao
400 994 61 26 time
472 995 27 25 to
510 1002 78 21 come,

52 1040 45 25 but
106 1041 45 24 not
163 1047 35 18 so.
233 1038 103 33 Having
352 1038 94 32 caught
468 1047 16 16 a
507 1046 83 18 severe

52 1083 57 27 cold
127 1091 35 18 on
184 1082 141 26 Christmas
348 1082 55 26 Eve
426 1082 50 25 and
497 1082 93 32 feeling

50 1126 86 27 rather
146 1125 133 26 miserable
290 1125 28 25 m
329 1132 179 25 consequence,
521 1125 14 25 I
546 1125 41 25 de-

49 1170 71 26 cided
130 1171 46 25 not
187 1170 26 25 to
224 1177 35 25 go,
278 1169 73 27 down
370 1170 26 25 to
416 1169 97 31 dinner,
537 1168 47 26 but

52 1213 61 32 keep
119 1215 36 27 .to.
162 1221 47 25 my,
216 1220 78 18 room.
329 1212 14 25 I
359 1212 53 25 had
419 1212 54 32 just
496 1212 92 26 settled

52 1256 92 33 myself
153 1257 27 25 m
191 1256 68 26 front
268 1256 27 26 of
306 1257 43 25 the
360 1256 44 26 fire
415 1256 62 26 with
489 1264 15 18 a
524 1256 64 26 book

52 1301 73 26 when
137 1309 16 17 a
163 1300 69 26 maid
243 1300 124 27 informed
378 1309 41 16 me
431 1300 56 25 that
499 1308 14 17 a
529 1299 60 33 .lady

54 1345 95 29 wished
160 1347 25 24 to
197 1353 41 18 see
252 1353 41 18 me
316 1344 81 26 alone.
432 1345 15 24 I
469 1337 53 33 told
544 1344 44 25 the

54 1388 48 33 girl
114 1390 25 24 to
151 1388 68 26 shew
240 1388 56 27 her.
308 1396 33 24 up
364 1382 144 38 pondering
529 1388 57 25 who

54 1432 74 26 could
139 1432 30 26 be
177 1431 94 33 calling
283 1440 27 18 so
321 1431 51 27 late
384 1431 50 26 and
445 1433 26 24 at
490 1431 66 32 .such
574 1438 16 18 a

54 1476 69 30 time,
141 1476 51 25 and
213 1476 46 25 felt
278 1484 59 24 very
365 1475 77 26 much
464 1474 122 32 surprised

52 1519 74 26 when
139 1519 43 25 the
189 1527 80 18 nurse
288 1518 62 26 with
372 1518 44 26 the
434 1518 76 39 whjte
525 1517 64 26 .hair

52 1571 54 17 was
111 1562 88 26 shown
209 1562 36 24 m.
280 1562 14 24 I
305 1562 99 32 greeted
409 1562 52 28 .her
477 1557 109 35 .warmly

52 1605 40 26 for
101 1606 14 25 I
126 1613 51 18 was
188 1605 100 32 pleased
299 1607 27 23 to
334 1612 45 28 see,
392 1605 54 28 her,
470 1604 50 25 and
539 1604 45 27 felt

52 1648 59 33 glad
122 1649 27 25 of
158 1657 15 17 a
189 1648 158 32 companion.
381 1648 14 25 I
418 1647 53 26 told
492 1642 46 29 tier

49 1697 47 32 Jtty
107 1696 69 26 aside
186 1696 46 25 her
250 1696 95 25 bonnet
438 1694 72 26 cloak
533 1693 51 26 and

52 1750 70 18 come
134 1744 26 24 to
172 1742 44 25 the
223 1741 46 26 fire
277 1741 81 26 which
370 1741 46 26 she
433 1741 44 25 did
487 1742 26 24 at
525 1748 61 18 once

52 1787 111 32 shewing
174 1786 33 33 by
217 1786 46 26 her
273 1786 76 33 ready
360 1786 153 33 compliance
530 1787 56 25 that

52 1834 45 25 she
108 1833 122 33 purposed
241 1842 92 24 paying
343 1842 42 17 me
407 1842 16 16 a
446 1832 138 27 somewhat

51 1879 152 33 lengthened
216 1879 75 26 -visit;
318 1891 4 5 <
326 1879 36 26 As
384 1879 45 26 she
452 1878 59 27 took
541 1878 45 25 her

53 1926 54 24 seat
118 1923 111 34 opposite
240 1932 41 17 me
290 1924 45 25 she
346 1924 52 25 laid
409 1924 26 25 m
447 1924 45 24 her
503 1925 43 30 lap
569 1931 15 17 a
602 1932 2 5 *

53 1971 74 26 small
134 1971 80 26 round
223 1972 90 32 parcel,
323 1971 49 26 and
384 1972 46 25 not
445 1971 73 27 tantil
541 1970 45 26 she

53 2024 51 17 was
116 2015 84 26 seated
210 2016 43 24 did
265 2016 45 24 she
333 2013 84 34 spdak.
441 2015 62 25 -She
523 2014 63 26 then

54 2062 142 32 apologized
207 2062 38 25 for
255 2062 46 25 her
311 2056 51 32 iate
373 2057 67 34 Visit,
464 2058 46 29 but
533 2061 54 25 said

55 2107 56 25 that
122 2107 46 26 her
180 2107 67 25 time'
252 2109 45 24 not
319 2107 75 32 being
416 2108 27 24 at
465 2107 46 24 her
534 2113 56 18 own

54 2152 110 34 disposal
175 2153 44 26 she
231 2154 51 25 had
303 2156 27 23 to
352 2162 71 17 come
445 2153 75 26 when
543 2153 45 25 she

52 2198 82 25 ceuld.
170 2197 14 25 I
201 2197 62 26 then
285 2197 99 27 noticed
406 2197 38 25 for
466 2198 44 24 tne
532 2196 56 25 frst

56 2244 60 26 time
129 2244 55 26 that
196 2244 46 25 she
252 2242 51 26 had
313 2245 46 25 not
370 2241 46 28 her
427 2242 74 26 usual
520 2242 69 33 quiet

56 2291 186 33 self-possessed
252 2300 115 21 manner,
386 2291 45 25 but
446 2318 4 4 ,
453 2298 52 18 was
527 2291 61 24 rest-

56 2339 50 25 less
118 2339 58 32 and_
190 2346 115 22 nervous,
329 2339 50 25 and
402 2338 59 33 kept
478 2336 112 33 working

55 2383 46 26 her
113 2383 81 29 hands
205 2383 114 33 together
338 2383 50 26 and
410 2383 99 27 seemed
531 2384 26 25 at
576 2391 15 18 a

55 2427 52 25 loss
117 2427 68 26 what
196 2428 27 25 to
235 2435 51 25 say.
322 2428 177 32 Endeavoring
510 2428 26 24 to
544 2428 47 31 put
601 2433 2 7 '

55 2473 46 25 her
112 2474 27 24 at
150 2473 45 24 her
206 2480 64 23 ease,
284 2473 16 23 I
310 2473 52 25 told
374 2472 45 26 her
431 2472 56 26 how
510 2472 80 32 pleas-

56 2517 45 24 ant
113 2524 14 17 a
137 2515 108 32 surprise
254 2516 21 25 it
287 2524 50 17 was
348 2518 25 23 to
396 2524 44 21 see,
449 2515 45 25 her
517 2515 74 32 again

58 2577 27 17 so
97 2573 66 21 soon!
169 2569 50 26 and
230 2569 102 26 chatted
343 2578 34 17 on
388 2569 76 26 about
476 2569 116 25 indiffer-

57 2621 44 23 ent
106 2620 110 31 lubjests
224 2620 65 25 until
297 2620 45 24 she
352 2628 128 17 wasrnore
492 2619 101 25 herself.

57 2670 71 26 After
139 2679 15 17 a
166 2670 60 26 time
239 2670 44 26 she
296 2670 51 26 told
359 2679 41 17 me
412 2671 42 25 the
466 2670 82 33 object
570 2678 11 16 c
589 2668 14 26 f

56 2722 46 26 her
113 2723 59 25 visit
183 2731 50 17 was
242 2724 26 24 to
277 2723 45 25 ask
334 2731 41 17 me
386 2725 26 23 to
424 2723 58 25 take
501 2723 91 32 charge

57 2773 28 26 of
94 2773 43 26 the
149 2773 74 26 small
234 2773 81 26 round
334 2774 90 32 parcel,
449 2773 81 26 before
553 2773 41 26 al-

57 2824 76 25 luded
144 2826 34 29 to,
191 2824 84 26 which
283 2825 135 25 contained
430 2833 15 17 a
454 2825 94 26 wreath
570 2825 27 25 of

58 2876 76 26 white
144 2877 164 24 immortelles
331 2877 83 24 which
434 2877 44 26 she
501 2877 94 25 wished

57 2935 42 19 me
110 2930 26 25 to
147 2928 71 33 place
230 2936 34 18 on
275 2929 43 25 the
329 2937 75 24 grave
422 2929 27 26 of
466 2929 46 25 her
534 2929 59 26 hus-

58 2981 75 32 band,
157 2981 111 25 Thomas
301 2981 157 33 Armstrong,
492 2982 28 24 m
551 2982 44 26 the

57 3034 159 33 churchyard
227 3034 27 26 of
264 3033 112 31 Pakehu,
385 3034 55 34 (the
452 3034 94 26 church
558 3042 35 20 we.

56 3084 90 27 attend
157 3085 153 33 tomorrow.)
345 3085 18 26 I.
372 3084 91 28 should
473 3086 121 33 certainly

57 3137 65 27 have
130 3137 52 26 had
193 3145 42 24 my
257 3137 60 32 long
334 3138 101 31 neglect
456 3139 83 25 forced
562 3147 34 17 on

56 3195 44 25 my
111 3187 126 26 attention
249 3188 70 25 then.
356 3188 70 26 Your
433 3189 73 26 uncle
518 3189 77 33 dying

54 3241 55 33 just
117 3242 46 33 ph.
171 3249 46 25 toy
238 3241 90 26 arrival
351 3242 179 33 necessitating
552 3251 43 25 my

57 3299 118 26 presence
186 3294 28 23 at
237 3292 139 30 Auckland,
397 3293 50 25 and
470 3302 42 24 my
536 3293 59 33 long

57 3347 56 31 stay
124 3346 78 30 there,
216 3345 27 26 m
253 3345 52 26 fact
313 3345 65 26 until
385 3346 50 26 last
447 3346 68 28 week
525 3346 70 36 quite

57 3393 148 27 obliterated
217 3393 35 27 all
261 3394 120 32 thoughts
393 3394 27 26 of
424 3403 44 24 my
478 3396 117 31 promise,

59 3444 50 25 and
122 3443 70 27 there
203 3444 45 25 the
259 3445 95 25 wreath
367 3445 46 26 lies
425 3448 27 23 at
474 3446 45 25 the
542 3446 53 26 bot-

59 3496 52 23 tom
121 3495 27 25 of
157 3502 43 24 my
212 3494 56 30 box,
279 3495 55 32 just
345 3504 28 17 as
385 3496 14 25 I
409 3497 94 31 packed
525 3497 21 27 it
568 3498 27 25 m

60 3545 114 31 London,
198 3555 75 18 never
296 3556 62 18 once
378 3549 108 32 thought
509 3551 27 25 of
557 3552 39 25 till

61 3597 78 27 Nan's
153 3606 77 25 query
242 3607 33 17 as.
282 3601 25 24 to
324 3600 69 25 what
414 3601 14 24 I
448 3610 50 18 was
521 3603 76 34 doing

60 3648 50 26 last
122 3647 142 26 Christinas
276 3648 54 26 Eve
341 3649 109 33 brought
461 3652 21 24 it
505 3653 31 30 to;
553 3662 44 24 my

69 3698 120 32 E'emory.
223 3697 52 27 But
285 3697 67 28 lam
369 3700 68 32 quite
459 3703 144 35 wandering

62 3753 71 27 away
141 3744 65 29 frbin
218 3747 43 25 the
273 3749 68 31 story
353 3749 45 26 she
410 3751 53 25 told
485 3761 41 17 me
549 3756 50 25 and

74 3798 11 25 t
96 3796 22 27 is
129 3797 113 32 growing
258 3797 59 27 lat3.

217 3848 35 25 To
263 3848 26 26 be
309 3848 140 28 Continued.

713 174 85 26 Sheep
825 175 145 30 Worrying,
1005 177 46 26 We
1084 186 40 18 are
1159 179 54 33 just

679 223 123 25 informed
831 224 57 26 that
916 224 41 25 Mr
983 225 85 25 Garlic
1091 226 47 25 has
1163 226 51 26 had

680 268 94 24 several
786 268 75 33 sheep
871 269 48 25 and
928 269 80 25 lambs
1020 270 112 25 worried.
1167 271 47 24 We

678 318 70 17 warn
767 310 35 25 all
822 311 72 26 those
917 311 106 33 keeping
1044 312 61 32 dogs
1125 313 28 24 m
1169 312 44 25 the

677 355 186 32 neighborhood
885 357 28 24 of
929 356 41 25 his
989 356 125 32 paddocks
1136 358 27 24 to
1181 356 32 25 be

676 401 100 31 careful,
795 402 50 26 and
863 410 39 18 see
920 403 56 26 that
993 403 59 33 they
1081 411 41 18 are
1151 403 59 33 kept

677 457 32 17 on
722 448 43 26 the
777 448 75 27 chain
865 452 26 23 at
913 450 82 33 night.

787 593 123 26 DIVINE
925 593 176 26 SERVICES.

852 649 100 26 Sunday
963 657 70 16 next.

709 701 32 24 U.
760 701 36 24 M.
826 702 29 24 F.
883 702 109 28 Church,
1021 701 71 25 West
1110 701 101 29 Oxford,

677 746 30 23 11
728 752 69 22 a.m.,
815 744 41 26 Mr
872 745 32 25 K.
933 745 133 31 Meredith,
1099 744 50 26 and
1185 745 27 24 at

677 792 67 28 6.80,
761 798 62 24 p.m.
842 791 41 25 Mr
906 791 32 25 D.
957 791 104 26 Hawke.

708 849 63 25 East
793 849 101 29 Oxford,
918 850 66 24 2.45.
1007 856 63 25 p.m.
1102 848 42 25 Mr
1176 848 33 25 D.

675 895 104 29 Hawke,
819 895 49 25 and
906 896 77 26 6.30..
1016 902 61 25 p.m.
1107 894 41 25 Mr
1176 893 31 26 R.

675 940 134 26 Meredith.

675 1089 174 33 OXFORD
892 1087 188 31 LIBRARY
1122 1084 88 33 AND

767 1126 349 46 READING
1132 1126 80 46 ROOM.

673 1245 54 26 The
756 1245 93 26 Oxford
876 1244 105 33 Library
1009 1243 22 26 is
1058 1249 62 25 open
1143 1248 69 25 every

675 1290 113 32 Tuesday
799 1289 50 26 and
870 1289 122 31 Saturday
1019 1286 95 35 nights,
1142 1285 67 25 from

675 1336 59 24 6.80
746 1343 68 23 p;m.,
836 1335 25 25 to
882 1335 16 24 8
908 1340 71 25 p.m.,
1003 1331 51 26 and
1084 1337 33 19 on
1139 1337 70 23 every

804 1376 130 33 Thursday
958 1376 138 28 afternoon,
1126 1372 86 34 (Sale-

673 1421 71 33 days)
767 1421 64 25 from
844 1421 60 24 280
914 1427 65 25 p.m..
996 1420 26 24 to
1034 1420 14 23 5
1060 1426 59 23 p,m.
1159 1415 52 27 The

673 1464 112 32 Reading
797 1464 79 26 Room
887 1464 21 24 is
920 1470 65 24 open
1007 1463 26 24 to
1055 1461 44 24 the
1127 1459 84 33 public

672 1508 131 33 frce)daily
814 1508 66 26 from
886 1508 29 23 11
929 1514 69 21 a.m.,
1022 1509 26 22 to
1058 1527 3 3 .
1072 1504 137 27 Sundown,

673 1551 129 35 (Sundays
830 1550 126 33 excepted)
990 1548 59 30 and.
1064 1573 4 6 ,
1080 1546 70 26 when
1167 1544 44 27 the

673 1595 112 32 Library,
813 1594 33 28 is.
870 1601 73 24 open,
957 1619 4 6 r
977 1592 42 25 the
1056 1589 155 32 circulating,

673 1638 106 32 Library
790 1637 112 26 contains
914 1636 75 29 1,700
1000 1633 120 30 volumes,
1146 1638 65 20 com-

672 1682 96 33 prising
778 1681 152 31 :Hisfcory,
944 1678 110 30 Science,
1086 1675 128 33 Theology

674 1725 150 33 Biography,
865 1724 86 26 Travel
983 1723 50 26 and
1061 1722 150 30 Adventure,

675 1770 83 26 Books
769 1769 38 26 for
818 1770 42 25 the
880 1769 92 31 Young
983 1769 42 23 &c.
1060 1766 59 25 This
1141 1766 23 25 is
1186 1774 26 16 a-

675 1815 102 31 mongst
800 1813 43 25 the
854 1813 92 31 largest
968 1811 50 25 and
1029 1811 55 24 best
1108 1809 103 26 selected

791 1857 27 25 m
845 1856 62 26 New
920 1854 117 27 Zealand.
1074 1853 22 26 A
1105 1852 107 27 number

675 1902 27 25 of
708 1910 56 16 new
785 1900 77 26 books
884 1899 49 26 will
955 1898 95 32 shortly
1069 1898 31 24 be
1122 1896 88 26 added.

675 1945 53 24 The
740 1943 151 26 Committee
913 1942 49 25 will
974 1943 28 23 be
1014 1941 55 31 glad
1080 1943 26 22 to
1118 1939 93 26 receive

675 1986 180 28 contributions
878 1986 28 26 of
911 1989 4 11 :
931 1984 106 27 suitable
1061 1983 77 26 books
1160 1982 51 29 and

674 2031 143 33 periodicals
839 2032 38 25 for
887 2031 43 25 the
941 2029 106 32 Library
1067 2028 51 26 and
1129 2027 82 26 Read-

675 2075 44 33 ing
746 2082 77 19 room.

808 2129 119 28 William
943 2128 141 29 Mitchell,

958 2169 67 24 Hon.
1037 2166 140 26 Librarian.

729 2214 175 25 Subscription
917 2213 37 33 %j-
966 2220 50 17 per
1032 2211 128 30 Quarter.

511 47 173 33 OXFOBD
724 50 90 31 AND
859 51 107 32 OUST
1012 50 231 35 OBSERVER
1266 54 235 39 SATURDAY,
1545 55 202 35 JANUARY
1790 60 48 44 14,
1861 61 90 33 1893.

1926 3670 105 27 Printed
2055 3673 50 26 anl
2144 3674 142 28 Published
2297 3678 33 32 by
2357 3679 113 26 Richard

1959 3725 111 26 Holman
2093 3728 102 31 Parish,
2221 3731 27 25 at
2267 3731 40 26 his
2328 3731 145 39 llegisiereft
2497 3750 6 9 >

1959 3775 117 35 Printing
2090 3778 84 30 Office,
2198 3780 69 33 Higb
2295 3782 91 29 Street.
2413 3781 60 29 Bast

1960 3831 102 29 Oxford,
2072 3832 167 33 (UnteburrVi

2109 194 185 36 NEW

1935 228 538 89 sr&iN6isunEft

2100 325 205 33 DKA.PEKY;
2390 321 4 8 '

1983 423 58 44 R.
2072 421 66 49 H.
2171 417 255 47 PARISH

1934 478 43 35 It
1980 484 40 24 AS
2055 483 78 24 NOW
2169 480 141 26 OPENED
2345 479 46 24 UP
2420 478 50 25 and

1935 510 43 32 Xi
2012 516 76 32 ready
2105 512 38 28 f6r
2161 511 148 34 irispection,
2336 512 42 24 his
2403 509 68 27 First

2113 548 134 30 Shipment
2263 546 28 25 of
2364 567 3 2 .

1933 579 318 28 FASHIONABLE
2270 576 201 27 DRAPERY

2100 623 114 26 GOODS
2243 621 77 31 FOR;
2362 647 16 14 /;
2396 619 14 25 V

1990 668 70 24 THE
2090 666 160 26 PRESENT
2280 661 145 40 SEASG%

1949 712 128 24 Imported
2112 710 96 24 Direct
2243 709 87 34 Frojlj
2349 707 106 24 London

2032 762 33 17 ex
2081 762 35 17 s:s
2354 752 14 14 P..
2499 752 10 29 {

2324 811 6 3 ..
2370 801 3 13 :
2384 809 3 3 ,
2412 813 1 1 .

1967 823 54 25 The
2038 824 152 23 assortment
2207 822 22 23 is
2246 828 60 24 very
2326 820 78 30 large,
2423 819 49 25 and

1933 856 135 31 comprises
2086 850 35 30 ail
2138 854 44 25 the
2206 852 101 27 Newest
2325 856 2 5 '
2339 851 79 27 ibods
2435 852 39 25 for

1933 902 44 27 the
1996 901 102 28 Season.
2192 900 99 32 .'.'-.
2371 898 15 34 V

1977 976 76 26 Cases
2072 975 51 25 and
2140 972 75 28 Itales
2233 972 191 34 containing:

1933 1027 129 26 Domestic
2077 1026 105 30 Printed
2200 1025 107 26 Cottons
2319 1033 7 17 :
2340 1020 132 35 .Shirtings

1948 1089 4 8 r
1959 1071 85 32 .Navy.
2050 1070 55 29 R,ed
2111 1069 51 27 and
2173 1069 90 32 Indigo
2275 1068 96 38 JPrints;
2384 1066 88 32 Greys,

1921 1136 8 3 ..
1966 1113 105 25 Printed
2082 1113 182 28 FJannellettes
2271 1119 6 22 ;
2291 1111 97 34 WoVjOn
2400 1110 71 25 Dim-

1963 1159 27 31 ty
2002 1157 107 25 Cottons
2118 1164 5 17 :
2154 1155 106 26 Printed
2265 1172 4 19 ;
2281 1154 74 29 ditto,
2378 1153 90 30 CJiintz

1960 1195 105 25 Printed
2081 1195 104 24 Cottons
2195 1202 6 21 ;
2220 1189 79 36 Crape'
2312 1188 136 32 Cretoiines^
2467 1209 6 6 .

1963 1239 74 28 Twill
2048 1238 148 29 Cretonnes,
2218 1237 118 35 Sateens^
2352 1262 4 4 .
2375 1263 3 2 .
2400 1232 4 6 '
2444 1264 6 2 .
2468 1233 41 22 ~^-

1959 1302 2 4 .
1983 1282 90 26 vCases
2075 1287 3 13 ;
2085 1281 56 25 and'
2147 1280 76 26 Bales
2234 1279 200 39 cpntainhig.:

1931 1333 94 31 Cotton
2041 1338 92 31 Honey
2150 1336 82 26 Comb
2236 1344 13 15 v
2258 1336 107 30 Towels,
2393 1335 79 29 Table

1967 1381 122 32 Napkins,
2107 1381 92 31 Rough
2215 1380 95 25 Brown
2327 1376 142 33 Hollands;

1968 1421 92 35 Preain
2070 1423 134 30 Hollands,
2217 1423 139 25 Black'and
2366 1422 105 25 Colored
2485 1439 14 12 ;

1968 1469 100 25 French
2084 1468 134 32 TilerinoeS;
2244 1467 96 24 'Drews'
2353 1466 116 29 Muslins,

1952 1501 4 7 '
1966 1507 101 24 Ladies'
2079 1506 50 25 and
2137 1496 99 34 Genial'
2241 1510 3 9 1
2248 1505 83 24 Linen
2340 1503 129 26 Handker-

1959 1572 4 8 r
1966 1548 86 31 chiefs,
2087 1547 129 27 Nainsook
2228 1549 3 16 ;
2244 1547 109 26 Mu'siis
2361 1554 7 23 ;
2406 1547 63 25 Mull

1948 1586 3 11 :
1966 1585 118 31 Miislins,
2114 1587 87 31 Fancy
2214 1585 126 31 Skiftin'ga
2346 1591 10 27 )
2385 1585 84 25 Teibet

1953 1628 3 10 :
1969 1624 134 32 Skirtings,
2116 1625 104 23 fNunns'
2230 1623 147 31 Veiling^ri
2389 1621 5 26 i
2405 1634 5 16 :
2434 1622 8 8 *

1971 1670 8 4 '
1987 1665 75 25 Cases
2080 1664 55 25 and'
2242 1661 196 34 C6ritaining:rr-
2439 1664 4 13 :

1912 1712 5 3 '
2054 1704 134 44 iioieskin,
2206 1714 70 27 Drab
2283 1716 3 9 1
2294 1715 46 27 Cot
2341 1703 52 39 W
2397 1716 72 31 Cord,

1949 1748 5 16 f
1968 1752 90 31 Black'
2078 1757 123 33 Saleensi;
2220 1744 110 42 Sifesiasl
2333 1758 14 15 M
2354 1756 4 14 ;
2361 1754 109 34 Finky's

1910 1792 28 32 '"'.
1969 1797 84 29 tTwilL
2064 1800 51 25 She
2115 1790 3 18 :
2116 1799 69 32 eting
2183 1795 4 11 !
2186 1796 25 32 s,'
2230 1790 114 34 CircVhaf
2350 1797 122 28 '"Twilled

2073 1842 100 30 Cotton,
2192 1841 77 27 I)reds
2268 1838 3 13 !
2282 1828 118 47 Zephe^s;
2406 1840 66 28 Gal-

1969 1884 56 24 atea
2038 1881 105 31 Checks;
2157 1877 106 30 Gjilated
2274 1881 197 33 StrjpesVFa^cy

1969 1918 103 27 Cunard
2101 1919 104 31 Stripes,
2243 1919 106 26 Coldfed
2375 1919 97 26 CJ'anvas

1969 1960 85 29 Cloth,
2065 1959 99 31 Turkey
2176 1951 73 32 Twili
2257 1958 98 31 Cotton,
2357 1959 113 25 Women'

1969 1997 93 27 Cotton
2078 1997 78 30 Hose',
2182 1996 93 27 Men's'
2275 1996 125 27 Shetland
2412 1997 58 27 Cot-

1969 2038 45 24 ton
2027 2036 85 34 Sjbirts
2124 2035 50 25 and
2185 2035 88 25 Pants.

1998 2075 76 26 Cases
2088 2075 50 25 and
2149 2072 76 28 Bales
2243 2075 153 33 containing:
2432 2071 12 10 r

1933 2126 137 28 IJnioriand
2080 2128 83 25 Linen
2175 2127 82 31 Ticks,
2279 2128 85 32 Apron
2377 2126 94 34 Check,

1966 2172 64 24 Fine
2051 2171 73 26 Twill
2147 2171 67 32 Grey
2235 2170 83 27 Calico
2331 2172 140 32 Sheetings,

2389 2211 120 28 Wbite^.

1966 2248 92 31 Quilts,
2077 2248 113 26 Harness
2208 2247 99 32 Covers,
2319 2248 58 26 Rail
2389 2244 80 38 Stripe
2485 2269 6 7 ,

1957 2293 110 28 .Cotton,
2087 2293 84 31 Hemp
2189 2292 132 32 Mattings.

1992 2333 76 26 Cases
2077 2333 52 25 and
2136 2333 75 25 Bales
2221 2333 149 33 containing
2373 2343 5 16 :

1932 2387 79 26 Black
2022 2387 51 26 and
2085 2387 108 26 Colored
2206 2387 61 27 Silk.
2276 2388 99 31 Gloves,
2396 2389 73 32 Sw,iss

1964 2428 114 32 Edgbags
2084 2435 6 21 ;
2103 2428 148 28 Insertions,
2263 2428 67 25 Lace
2342 2429 123 31 Curtains,

1968 2465 152 29 Umbrellas,
2130 2465 108 30 Corsets,
2248 2466 81 28 Mens.'
2340 2467 57 26 Felt
2406 2468 64 25 Hats

1968 2505 166 29 Floorcloths,
2147 2505 116 25 Harvard
2273 2506 122 32 Shirting,
2410 2507 59 29 S.tri-

1966 2545 49 30 ped
2044 2543 142 32 GrandriJJe
2214 2543 121 33 Shirting,
2372 2545 96 32 Striped

1968 2584 109 31 Regatta
2088 2583 122 32 Shirting,
2220 2583 118 31 Flowers,
2349 2585 118 28 Feathers

1969 2622 129 24 Trimmed
2123 2622 51 24 and
2197 2619 162 29 Untrimme*d
2395 2623 71 28 Hats,

1969 2662 100 26 Newest
2079 2662 114 32 Shapes;
2209 2662 44 26 the
2274 2662 94 33 largest
2397 2664 73 26 Stock

1949 2715 3 5 -
1969 2701 92 26 ofSilk
2070 2700 113 28 Ribbons
2190 2701 28 25 m
2227 2701 82 32 North,
2319 2702 151 33 panterbury

2040 2754 3 10 !
2106 2746 22 25 A
2147 2746 135 33 Speciality
2319 2752 13 18 ':
2391 2762 20 9 >r-
2415 2762 12 15 9
2474 2766 3 5 .

1934 2790 107 26 MEN'S
2055 2789 98 27 SUITS
2168 2790 74 25 made
2260 2792 27 24 to
2305 2772 190 46 MEASURE^

1969 2830 64 30 Over
2041 2834 49 25 100
2101 2834 117 26 Patterns
2230 2834 27 26 of
2266 2831 107 37 iKdiapoi
2384 2836 86 27 Tweed

1969 2884 27 23 to
2013 2881 97 25 Choose
2128 2881 73 26 irotn.

1935 2954 68 26 ALL
2022 2954 115 28 GOODS
2145 2983 3 2 .
2166 2955 88 26 SOLD
2282 2957 27 26 at
2313 2986 8 6 r
2331 2955 138 29 Wholesale

1970 2987 3 14 ;
2107 2990 5 8 '
2161 2989 94 26 Prices.
2286 2986 40 22 ''^'
2340 2989 37 17 '-"
2389 2994 35 17 ''">

1935 3065 207 32 FURTHER
2176 3057 312 43 REDUfi^IGNSI^

1976 3161 178 33 FRENCH
2197 3153 223 46 MERiIHOES

1936 3230 147 30 Reduced
2091 3231 82 30 from
2182 3231 35 30 3s
2227 3234 33 28 to
2271 3231 52 41 2/3
2338 3243 63 29 per.
2421 3232 48 42 yd.

1999 3278 150 31 BLACK
2187 3279 230 33 CASHMERE

1977 3323 147 32 Reduced
2143 3328 34 27 to
2200 3327 44 29 Is.
2267 3337 56 29 per
2340 3328 90 40 yard,

1993 3368 182 42 CARPET!
2221 3373 197 33 CARPET!!

1919 3419 167 33 .Six-pence
2119 3420 150 34 half-penny
2303 3431 43 23 per
2380 3415 73 33 Y(ird.

1980 3458 54 39 R.
2081 3458 58 42 H.
2186 3449 239 55 ARI;S&

2063 3511 91 33 East
2177 3514 149 32 Oxfokd.

1454 381 125 33 Season
1604 386 88 30 1892.

1307 432 196 33 SHUFFLE
1538 436 87 31 THE
1654 438 185 38 BROGUE,

1393 529 26 24 at
1431 535 42 26 my
1484 528 64 26 farm
1560 530 71 26 West
1644 531 100 26 Oxford.

1307 609 173 60 SHUFFLE
1510 614 71 25 THE
1611 615 141 27 BROGUE
1770 618 23 24 is
1810 618 32 31 by

1374 644 138 27 Middleton
1537 647 58 25 dam
1624 649 158 26 Bumblefoot
1810 651 31 31 by

1303 683 108 26 Leotard
1431 686 117 32 (imp).
1550 688 86 28 Queen
1647 689 28 23 of
1684 689 109 31 Trumps
1810 691 31 30 by

1308 722 84 33 Slight
1401 724 28 25 of
1435 725 77 25 Hand
1521 726 73 26 Junr.
1606 728 114 33 (imp).
1722 729 80 25 Jessie
1811 730 31 31 by

1306 761 96 27 Romeo
1412 762 222 35 (imp).Middleton
1645 766 198 33 (Mettrdpoltian

1303 799 105 34 winner)
1427 802 32 31 by
1482 802 125 27 Traducer
1630 804 82 34 (imp),

1302 837 123 26 Florence
1444 840 32 31 by
1495 841 105 24 Towton
1613 843 71 31 (imp.
1696 844 49 24 bro.
1759 846 26 23 to
1797 844 44 25 the

1303 877 118 35 Peer).
1421 879 63 26 Miss
1496 881 163 33 Nightingale
1679 883 31 33 by
1723 883 41 27 Sir
1776 884 63 25 Her-

1303 919 68 25 cules
1389 920 130 26 Jessica
1539 923 30 31 by
1582 923 116 26 Sattelite
1709 924 130 34 (Arab).

1301 958 129 33 Drughter
1440 961 28 24 of
1480 961 228 28 Northumberland
1727 966 81 31 (imp).

1381 1008 37 33 '
1713 1036 2 3 .
1775 1010 2 2 '
1818 1015 2 3 '

1340 1063 161 27 SHUFFLE
1529 1066 70 25 THE
1625 1067 142 26 BROGUE
1785 1068 23 25 is
1826 1076 15 17 a

1305 1108 59 25 very
1386 1105 114 29 compact
1522 1104 51 24 and
1592 1106 170 31 symmetrical
1781 1107 61 24 dark

1304 1139 85 25 brown
1400 1140 73 26 horse
1486 1142 117 32 standing
1615 1143 31 25 15
1655 1143 82 26 hands
1748 1146 12 22 1
1771 1144 68 31 inch,

1304 1177 62 25 with
1377 1178 54 26 best
1439 1178 27 25 of
1475 1180 94 31 temper
1578 1180 51 26 and
1637 1182 172 30 constitution,
1819 1183 22 25 is

1304 1224 16 17 a
1331 1225 57 18 sure
1399 1218 149 32 foal-getter,
1573 1220 50 25 and
1642 1221 41 25 his
1707 1222 70 26 stock
1800 1231 41 17 are

1303 1255 155 28 remarkable
1466 1257 40 26 for
1515 1258 98 33 quality
1622 1259 50 25 and
1683 1260 139 26 substance.

1339 1310 138 28 TERMS
1489 1312 41 26 1
1548 1313 44 25 ss.
1609 1315 127 31 payable
1748 1315 66 27 Jan.
1828 1317 13 25 1

1308 1344 87 26 1893.

1393 1384 4 15 ;
1418 1385 48 26 No
1484 1385 168 32 Groomage
1669 1387 63 27 fee.;

1353 1474 2 7 ,
1359 1425 3 19 !
1440 1433 141 41 JAMES
1589 1436 178 40 TISHER,

1379 1505 3 6 ,
1425 1514 1 2 .
1439 1505 3 4 .
1458 1505 14 11 ..
1519 1507 3 2 .
1651 1485 74 27 West
1740 1486 92 26 Oxford

1306 1551 192 10 ''<''
1771 1552 1 7 ;

1285 1627 4 4 '
1340 1620 3 3 '
1364 1614 47 31 4^t
1418 1621 3 11 !
1449 1616 52 29 !.9?
1517 1637 2 4 <
1539 1623 2 4 '
1614 1616 159 29 Jlvfrift-infl?.

1285 1743 14 10 ...
1340 1736 4 21 :
1408 1707 214 43 tesTABLISHED
1647 1711 87 39 1862.
1755 1713 4 6 '
1788 1714 2 2 '
1800 1715 16 36 ,'"

1304 1792 124 31 FLOUR,
1440 1793 56 27 best
1506 1794 82 26 brand
1599 1795 59 33 only
1669 1795 67 32 kept.

1305 1835 142 31 SHARPS,
1483 1837 20 25 O
1512 1838 51 24 AT
1573 1838 27 25 M
1609 1838 82 34 EAL;
1721 1839 109 27 BRAN

1381 1909 3 3 .
1396 1880 292 32 CHICKENWHEAT,
1707 1885 42 25 &q.
1813 1875 2 8 '

1300 1922 47 29 AH
1364 1923 146 29 LOWEST
1529 1925 164 28 OUaBWBNT
1709 1926 132 29 BATES.

1456 2088 231 48 DRINK

1335 2150 183 40 HYSLOF
1533 2150 122 41 PURE
1681 2153 100 40 TEA.

1305 2201 65 32 The
1385 2203 92 30 finest
1491 2204 53 30 the
1558 2203 105 31 World
1681 2206 159 39 produces.

1306 2248 75 33 Sold
1392 2250 44 39 by
1465 2249 51 31 Mr
1531 2250 35 30 F.
1582 2251 38 30 A.

1345 2290 82 31 East
1439 2290 129 36 Oxford.

1306 2339 54 30 Mr
1376 2334 26 39 Et
1405 2363 11 12 s
1432 2339 119 37 Fisher,
1568 2340 90 32 West
1670 2341 130 32 Oxford.

1305 2380 49 31 Mr
1370 2380 37 31 E.
1423 2380 50 32 W.
1505 2380 128 43 Cooper,
1661 2382 89 39 Gust,
1781 2384 61 31 and

1346 2424 95 38 maiiy
1459 2423 112 30 others.

1306 2621 215 45 JAMES
1576 2620 266 59 FOSTER,

1465 2690 83 31 FOR
1573 2690 112 31 SALE.

1390 2740 160 32 Raspberries,
1564 2741 125 31 Currants,
1709 2743 53 31 &c,

1307 2784 26 24 to
1353 2783 85 31 follow,
1462 2784 105 33 supplied
1592 2786 25 24 m
1640 2786 65 32 large
1715 2806 3 6 ,
1729 2796 28 16 or
1776 2788 70 25 small

1307 2824 139 32 quantities.
1700 2842 2 10 :

1423 2988 303 49 WANTED.

1308 3101 175 60 WANTED
1501 3104 40 25 the
1552 3105 118 26 residents
1687 3106 25 25 of
1731 3107 41 25 tbe
1783 3130 3 5 .
1795 3106 50 27 Ox-'

1398 3135 52 25 ford
1463 3137 94 25 district
1568 3141 25 22 to
1603 3139 70 26 know
1685 3141 55 24 that
1756 3141 37 26 A..
1811 3142 33 24 D^

1306 3177 106 31 Hassall,
1421 3179 66 30 Cust,
1502 3181 42 24 has
1553 3182 134 31 purchased
1701 3183 75 33 heavy
1785 3179 60 37 linesj

1306 3218 25 24 of
1352 3217 89 26 Binder
1463 3219 81 26 Twine
1566 3222 47 24 and
1648 3223 112 26 Machine
1795 3225 50 25 Oils

1306 3256 79 25 which
1394 3257 31 25 he
1444 3257 21 26 is
1483 3259 112 31 prepared
1616 3263 25 24 to
1665 3261 42 26 sell
1731 3265 26 23 at
1780 3266 66 24 town

1306 3296 84 32 prices.
1772 3321 4 3 .

1324 3466 174 29 BARGAINS
1516 3470 69 26 FOR
1604 3472 71 25 THE
1695 3473 132 27 MONTH.

1308 3499 22 24 A
1341 3500 127 26 thousand
1479 3503 75 31 yards
1566 3504 27 25 of
1602 3505 147 27 Merchants
1769 3508 75 26 Stock

1308 3533 28 24 of
1350 3534 35 24 all
1407 3534 80 30 Wool,
1512 3536 99 26 French
1634 3538 78 25 Dress
1732 3541 111 30 Fabrics,

1308 3565 28 25 m
1348 3566 35 25 all
1395 3566 98 31 3hades,
1506 3577 41 17 are
1559 3577 57 18 now
1637 3571 91 26 offered
1752 3576 26 22 to
1800 3575 44 25 the

1308 3598 93 26 Oxford
1412 3600 86 31 public
1518 3605 27 21 at
1556 3603 81 30 prices
1649 3603 50 26 less
1712 3606 63 25 than
1799 3608 44 25 the

1423 3635 53 24 cost
1544 3637 182 27 manufacture.

1307 3664 117 26 Reduced
1446 3668 65 24 irorn
1536 3669 42 32 1/3
1602 3671 26 23 to
1651 3671 33 23 9d
1705 3679 45 24 per
1772 3675 70 30 yard.

1275 3694 6 10 '
1298 3694 52 36 jAll
1360 3711 4 11 t
1372 3698 73 33 W^ool
1468 3699 96 27 Muslin
1585 3701 124 28 Delaines'
1720 3696 4 6 '
1737 3706 107 27 reduced

1305 3737 66 27 from
1383 3739 43 32 1/4
1437 3741 26 23 to
1477 3741 37 32 1/-
1530 3749 44 24 per
1589 3743 70 31 yard.

1312 3781 43 52 R
1418 3783 48 50 H
1538 3784 276 49 PARISH

1329 3838 113 23 DIUECT
1452 3840 156 23 IMPOItTER
1617 3843 37 21 OF
1663 3844 144 24 DKAMJWY
1823 3838 13 20 *

1407 3868 108 34 EAST
1558 3870 182 50 q%FOBP.

698 2373 173 33 OXFORD
893 2370 143 33 FLOUR
1056 2366 140 34 MILLS.

678 2499 74 79 W,
779 2499 20 27 1
841 2499 29 34 If
878 2495 199 32 AMERON
1097 2493 118 39 having

743 2555 13 22 I
766 2527 61 50 'H|
841 2546 29 32 y
914 2537 95 31 taken
1034 2536 53 30 the
1117 2536 98 30 above

679 2580 111 30 named
811 2578 129 32 MILLS
962 2578 74 39 begs
1051 2581 32 25 to
1100 2577 115 29 inform

679 2621 53 30 the
750 2620 191 31 inhabitants
960 2620 32 29 of
1013 2618 55 32 the
1093 2617 123 31 district

680 2663 70 30 that
764 2661 38 30 he
816 2662 27 30 is
854 2660 152 41 prepared
1020 2666 33 24 to
1068 2660 40 30 do
1124 2658 93 31 Gris-

679 2705 70 39 ting
761 2707 33 26 at
806 2704 54 29 the
874 2701 173 32 LOWEST
1069 2699 146 32 RATES.

681 2784 116 27 FLOUR
814 2784 27 27 of
851 2784 43 26 the
905 2784 56 26 besi
972 2783 95 32 quality
1079 2782 92 32 always
1183 2789 33 18 on

943 2817 77 25 hand.

768 2946 137 46 FOE
949 2945 180 47 SALE.

839 3079 234 35 PHAMPLET

939 3142 32 16 BY

780 3175 72 28 REV
882 3177 23 25 J.
933 3174 183 30 HOSKINGS,

924 3229 48 16 AND

815 3264 40 26 W.
874 3264 40 26 W.
927 3263 155 27 COLLINS.

747 3316 35 26 At
799 3318 42 25 the
857 3318 75 25 Office
955 3319 27 23 of
997 3318 51 24 this
1065 3318 87 31 Paper.

741 3354 65 33 Why
834 3356 16 25 I
872 3356 30 25 do
928 3358 43 22 not
1004 3356 94 30 believe,
1102 3355 14 18 l?
1143 3356 39 23 &c.

651 3559 3 4 .
681 3522 304 44 CANmBURY
1022 3523 196 41 LIBERAL

800 3572 298 45 ASSQCIATIOISr,

683 3672 22 29 A
722 3676 84 26 Public
823 3676 107 35 Meeting
947 3680 50 25 will
1015 3681 26 24 be
1059 3680 55 26 held
1133 3683 25 24 at
1176 3682 42 25 the

747 3728 188 41 TOWN
962 3733 192 46 HALL,

786 3793 111 33 EAST
931 3794 183 34 OXFORD,

646 3851 89 46 feu.jfw?
750 3853 59 31 date
825 3862 42 23 gee
894 3856 97 30 further
1008 3857 208 35 Advertisement.
