2550 4029
1230 33 99 27 THE

48 99 458 142 NEW
613 81 879 140 ZEALAND
1588 79 866 142 GAZETTE

1204 248 102 32 AND

48 280 1145 168 WELLINGTON
1308 280 1146 168 SPECTATOR.

582 476 218 40 PUBLISHED
846 473 133 38 EVERY
1024 469 258 40 WEDNESDAY
1326 469 86 36 AND
1459 469 228 35 SATURDAY
1734 469 206 32 MORNING.

2274 579 99 40 [Vol.
2395 578 47 31 11.

615 592 130 34 PORT
772 590 289 37 NICHOLSON,
1083 583 259 37 SATURDAY
1364 584 239 36 MORNING,
1624 582 173 32 MARCH
1819 585 32 34 5,
1875 584 88 28 1842.

75 611 63 30 No.
161 606 85 34 121.1

1466 673 42 21 Ex

1276 705 118 48 TOWN
1404 706 66 22 made
1480 702 212 23 WELLINGTON
1701 701 107 26 BOOTS,

1336 749 14 11 „
1405 749 14 11 „
1476 730 60 23 cloth
1617 730 43 26 do.,
1672 728 52 22 drab
1736 728 44 21 and
1789 727 72 27 black,

1336 775 14 11 „
1406 775 13 12 „
1477 756 96 23 Blucher
1582 756 45 22 and
1634 756 104 21 Oxonian
1747 755 62 27 ditto,
1818 751 46 25 and

1277 793 13 14 a
1301 788 85 25 variety
1395 787 24 20 of
1431 786 63 21 other
1504 784 63 21 boots
1576 784 45 21 and
1631 783 71 21 shoes.

1306 813 65 22 Salad
1381 813 34 27 oil,
1426 820 54 14 fine
1490 811 93 21 French
1598 817 85 19 olives,
1695 808 59 21 Chili
1762 808 99 26 vinegar,

1278 847 125 14 mushroom
1419 847 47 14 and
1482 845 94 14 walnut
1586 843 112 19 ketchup,
1710 838 76 24 strong
1801 835 62 20 vine-

1278 873 40 19 gar
1332 866 34 22 for
1383 866 105 28 pickling,
1505 864 64 21 India
1585 870 47 20 soy,
1655 862 110 27 anchovy,
1787 861 76 22 lemon

1279 892 78 28 pickle,
1369 894 109 21 Cayenne
1487 897 93 20 pepp.er,
1590 897 100 14 soluble
1701 895 47 15 and
1759 895 103 20 common,

1279 919 45 22 and
1341 927 29 14 an
1387 922 133 19 assortment
1535 916 25 23 of
1582 916 71 26 fruits,
1669 915 91 27 pickles,
1779 922 82 19 sauces,

1280 946 39 21 &c.
1330 946 39 22 &c.

1306 972 125 28 Raspberry
1438 972 49 27 jam
1496 972 24 20 in
1530 970 43 23 71b.
1580 970 48 26 jars
1637 969 73 21 suited
1719 972 22 17 to
1752 969 101 25 families,

1318 1015 8 8 s
1334 1016 14 10 „
1404 1016 13 10 „
1496 998 24 21 in
1531 997 42 22 lib.
1583 996 45 21 and
1638 995 43 26 Jib.
1690 996 53 26 jars,

1308 1026 94 22 Currant
1408 1025 57 28 jelly
1473 1025 25 21 in
1508 1024 42 21 lib.
1561 1023 43 22 and
1616 1022 42 27 Jib.
1665 1022 54 27 jars,

1308 1052 96 23 Orange
1413 1058 143 16 marmalade
1566 1057 21 14 in
1600 1050 42 21 lib.
1653 1057 60 19 jars,
1726 1064 3 5 -

1308 1080 21 21 A
1339 1079 101 28 quantity
1451 1078 26 21 of
1484 1077 84 22 comfits
1578 1076 45 22 and
1631 1076 105 27 lozenges
1744 1075 27 21 of
1776 1075 89 22 various

1282 1105 149 28 descriptions,
1441 1104 25 22 in
1475 1104 62 26 large
1547 1111 24 14 or
1580 1103 64 22 small
1653 1103 92 27 parcels,

1308 1133 96 22 Essence
1412 1132 75 21 lemon
1499 1131 46 21 and
1553 1130 28 21 oil
1590 1130 147 31 peppermint,

1310 1160 19 21 A
1339 1159 65 22 small
1413 1160 135 20 assortment
1558 1157 24 21 of
1592 1156 76 22 choice
1678 1156 69 21 snuffs
1757 1155 23 22 in
1788 1156 53 26 jars,

1308 1186 38 21 All
1356 1186 65 21 kinds
1432 1185 26 22 of
1468 1184 73 22 men's
1550 1183 68 27 ready
1627 1183 65 22 made
1702 1182 107 27 clothing,
1821 1181 45 22 and

1282 1220 14 14 a
1305 1214 84 26 variety
1399 1212 24 22 of
1435 1211 64 22 other
1508 1210 75 28 goods.

1567 1243 105 22 Johnson
1687 1242 46 22 and
1746 1243 92 21 Moore.

1478 1290 43 21 Ex

1291 1325 97 22 TOHN
1402 1324 102 22 HALES
1519 1324 52 26 begs
1580 1326 23 18 to
1613 1322 101 22 intimate
1724 1321 50 22 that
1788 1320 30 22 he
1827 1320 40 23 has

1284 1344 26 30 tl
1346 1352 46 22 had
1410 1351 122 27 consigned
1549 1355 22 16 to
1584 1350 53 26 him,
1657 1356 40 20 per
1715 1348 86 26 Clifton,
1823 1348 44 21 and

1284 1386 37 14 are
1333 1383 23 17 at
1370 1379 35 21 his
1419 1378 103 28 disposal,
1534 1377 69 21 either
1617 1376 118 21 wholesale
1752 1383 25 14 or
1794 1374 72 27 retail,

1284 1409 23 18 at
1379 1406 77 27 prices,
1476 1405 34 21 for
1529 1403 57 27 cash,
1607 1403 37 21 the
1660 1402 115 27 following
1790 1402 76 26 goods,

1285 1433 35 21 viz
1327 1440 5 14 :
1334 1443 28 4 —

1312 1459 92 26 Pickles,
1414 1458 43 22 fish
1468 1464 83 20 sauces,
1562 1457 70 21 cuwie
1642 1456 96 26 powder,
1749 1458 62 24 paste
1822 1454 45 22 and

1285 1485 71 28 liquid
1371 1485 111 26 blacking,
1500 1484 91 26 English
1608 1482 92 26 leather,
1715 1483 70 25 boots,
1797 1482 70 26 shoes,

1287 1513 44 21 and
1340 1511 148 23 shoemakers'
1498 1511 62 26 tools,
1569 1510 58 22 cloth
1635 1510 45 21 and
1689 1509 86 21 leather
1785 1516 50 18 caps
1846 1508 22 21 in

1287 1543 62 22 great
1358 1539 91 26 variety,
1460 1537 98 27 wearing
1567 1536 94 28 apparel,
1673 1539 75 18 cotton
1760 1536 110 21 furniture

1287 1567 35 20 for
1330 1566 71 26 lining
1410 1572 80 19 rooms,
1503 1565 48 25 &c,
1567 1564 88 21 cabinet
1664 1562 47 28 ink,
1722 1562 54 22 seed
1790 1562 78 26 wheat,

1287 1593 84 26 barley,
1387 1595 53 22 oats,
1451 1591 45 22 and
1505 1591 52 21 blue
1566 1590 44 22 and
1620 1590 64 21 white
1694 1596 60 20 peas,
1767 1589 101 26 oatmeal,

1289 1619 80 22 Scotch
1397 1617 45 23 arid
1468 1617 61 27 pearl
1556 1617 82 27 barley,
1667 1616 101 27 superior
1794 1618 78 24 patent

1289 1645 110 23 bri^ched
1420 1645 81 21 double
1526 1644 44 21 and
1592 1642 193 28 single-barrelled
1807 1649 63 20 guns,

1289 1673 68 26 flints,
1372 1672 66 22 flasks
1453 1671 45 22 and
1513 1671 63 26 belts,
1591 1670 50 22 sash
1657 1670 61 26 tools,
1731 1670 58 26 glue,
1807 1670 65 20 horse

1289 1699 55 26 hair,
1356 1699 48 22 hair
1412 1699 93 26 seating,
1514 1698 165 26 ironmongery,
1691 1696 39 22 &c.
1741 1697 40 21 &c.

1318 1733 52 22 Two
1381 1732 68 23 Town
1459 1732 71 21 Acres
1540 1734 22 19 to
1571 1731 32 21 let
1611 1731 23 21 in
1643 1730 108 27 portions.

1319 1766 193 27 Ingestrie-street,
1524 1765 31 21 Te
1565 1765 46 21 Aro
1621 1764 56 22 Flat.

1291 1812 64 19 Just
1377 1811 130 24 received,
1524 1815 36 15 ex
1821 1807 54 20 and

1292 1870 131 50 BLACK
1438 1870 45 22 and
1501 1869 103 22 GREEN
1623 1868 85 26 TEAS,
1724 1867 123 27 COFFEE,

1355 1899 76 25 Sperm
1444 1897 97 26 candles,

1321 1925 53 21 Pine
1385 1924 84 26 cheese,
1481 1923 76 22 Dutch
1564 1922 107 26 herrings,

1321 1951 61 26 Rice,
1394 1958 72 20 sugar,
1478 1950 70 26 hams,
1559 1957 58 19 sdgo,

1316 1978 117 29 junkets,
1446 1984 59 19 rugs,
1518 1981 165 21 counterpanes,

1294 2005 4 6 v
1321 1999 43 27 An'
1373 2007 132 18 assortment
1522 2001 31 23 of
1559 1999 75 25 "men's
1649 2005 77 22 strong
1747 2003 61 18 boots
1827 2000 52 21 with

1294 2031 44 21 hob
1349 2032 60 25 nails,

1323 2059 79 25 Strong
1411 2056 97 27 walking
1517 2056 69 26 shoes,
1599 2078 3 3 .

1322 2085 56 21 Fine
1413 2084 57 21 ditto
1506 2083 62 26 ditto,

1322 2112 68 21 Flour
1399 2111 21 21 in
1432 2118 43 14 one
1484 2109 102 22 hundred
1594 2108 76 28 pound
1680 2108 61 26 bags,

1324 2138 69 21 Hand
1402 2145 62 19 saws,
1475 2138 49 21 iron
1534 2141 54 23 pots,
1601 2136 47 24 &c.,

1324 2165 62 27 Also,
1398 2171 13 15 a
1419 2164 61 27 large
1490 2164 83 26 variety
1584 2163 26 21 of
1621 2162 76 28 prints,
1710 2161 85 27 calicos,
1807 2161 40 22 &c.

1580 2197 126 21 Anderson
1716 2195 45 21 and
1772 2195 53 22 Row
1828 2202 51 14 and.

1297 2231 198 28 Thorndon-quay,
1506 2230 110 26 February
1628 2231 33 25 28,
1673 2230 61 21 1842.

1300 2276 163 50 STORAGE
1478 2276 40 21 TO
1533 2275 38 22 BE
1585 2275 76 26 HAD,
1679 2273 66 28 apply
1755 2277 23 17 to

1658 2301 26 21 T.
1696 2302 33 20 M.
1741 2301 135 21 Partridge,

1326 2330 31 22 Te
1367 2331 46 21 Aro
1423 2329 83 23 Beach.

1538 2374 101 20 Bricks.

1301 2409 139 49 BRICKS
1451 2415 29 15 on
1494 2407 50 22 Sale
1553 2407 29 27 by
1592 2406 37 22 the
1640 2404 150 28 undersigned
1803 2407 22 19 at
1838 2406 45 20 60s.

1365 2443 37 20 per
1412 2437 61 19 1001).
1505 2439 5 15 I
1515 2435 12 20 f
1534 2434 65 22 taken
1608 2434 24 21 in
1642 2433 120 28 quantities
1770 2432 24 22 of
1802 2433 81 25 15,000,

1303 2470 12 14 a
1324 2462 115 22 reduction
1448 2461 26 22 of
1481 2463 43 20 10s.
1536 2468 37 20 per
1584 2462 53 20 1000
1646 2460 44 22 will
1700 2459 27 22 be
1735 2459 72 21 made.

1329 2496 77 22 Terms
1407 2507 26 3 —
1435 2495 53 22 cash
1498 2503 29 14 on
1538 2494 95 28 delivery
1642 2497 23 18 at
1674 2494 38 21 the
1721 2493 56 22 kiln.

1708 2527 29 21 A.
1753 2527 105 21 Ludlam.

1330 2557 157 26 Willis-street,
1498 2556 52 22 Jan.
1561 2557 31 25 12,
1604 2556 61 20 1842.

1542 2600 103 25 Bricks,

1304 2637 88 49 FOR
1407 2636 83 27 SALE,
1503 2639 23 19 at
1541 2636 43 21 60s.
1603 2642 39 19 per
1659 2632 118 24 thousand.
1811 2632 76 27 Apply

1362 2668 23 18 to
1401 2664 21 21 J.
1442 2663 93 26 Pitnble,
1546 2666 23 18 at
1582 2661 37 22 the
1637 2661 169 28 Sydney-street
1821 2658 68 22 Brick

1303 2691 45 22 and
1357 2691 47 22 Tile
1421 2690 87 26 Works,
1520 2693 24 18 at
1553 2689 35 21 the
1605 2696 49 14 rear
1665 2688 24 21 of
1701 2686 93 23 Colonel
1808 2685 80 22 Wake-

1493 2716 71 22 field's
1576 2715 122 22 residence.

1370 2752 77 21 Terms
1450 2762 25 4 —
1477 2750 52 21 cash
1540 2757 27 14 on
1580 2749 98 25 delivery
1689 2750 23 19 at
1720 2748 39 21 the
1769 2747 54 21 kiln.

1527 2795 52 21 For
1593 2794 68 20 Sale.

1304 2830 88 47 THE
1409 2829 104 23 HOUSE
1529 2827 105 28 occupied
1642 2827 31 27 by
1683 2826 37 21 the
1731 2824 157 27 undersigned,

1350 2857 95 23 situated
1454 2857 24 21 in
1490 2855 182 28 Murphy-street,
1681 2853 53 22 with
1741 2853 37 21 the
1788 2852 59 22 lease
1857 2853 34 20 for

1364 2885 67 22 about
1447 2885 27 20 14
1491 2890 65 21 years
1574 2881 25 22 of
1616 2881 51 22 half
1684 2888 29 14 an
1727 2887 51 15 acre
1795 2879 25 21 of
1837 2878 54 22 land

1306 2911 108 22 attached.

1640 2934 25 22 T.
1677 2934 34 21 M.
1720 2934 144 21 Partridge.

1306 2985 26 20 A
1346 2985 83 19 Great
1443 2981 119 28 Bargain
1585 2981 55 20 and
1656 2978 183 22 convenience
1862 2978 29 19 to

1347 3011 161 20 Gentlemen
1524 3007 165 28 proceeding
1698 3008 28 18 to
1738 3005 113 21 Nelson.

1308 3044 66 49 TO
1390 3044 37 21 BE
1443 3042 86 27 SOLD,
1546 3049 13 14 a
1571 3041 92 26 Cottage
1679 3039 44 21 and
1740 3037 65 23 small
1822 3037 70 21 Store.

1381 3071 46 22 The
1438 3070 92 26 Cottage
1540 3068 44 22 and
1593 3068 64 21 Store
1667 3073 41 15 can
1718 3065 28 21 be
1757 3072 51 14 seen
1818 3063 76 23 stand-

1306 3099 46 26 ing,
1363 3098 44 22 and
1415 3104 43 15 can
1468 3097 27 22 be
1505 3095 105 23 removed
1623 3093 45 22 and
1680 3091 93 28 shipped
1788 3091 25 21 in
1823 3098 13 14 a
1852 3091 42 21 few

1307 3126 68 21 hours
1384 3125 82 22 notice.
1487 3140 3 5 ,
1503 3122 75 28 Apply
1588 3125 23 18 to
1622 3121 27 20 G.
1661 3121 22 20 S.
1695 3119 67 26 Pope,
1779 3121 115 24 carpenter

1308 3152 45 22 and
1362 3152 92 22 builder.

1336 3179 189 26 Lambton-quay.
1606 3199 287 10 _______________

1526 3222 39 20 To
1574 3221 33 20 be
1618 3220 58 23 Let,

1311 3258 49 48 A
1368 3251 302 28 SUBSTANTIALLY
1688 3249 88 24 erected
1791 3248 105 27 dwelling

1375 3284 76 27 house,
1459 3281 127 26 containing
1596 3286 42 15 one
1647 3279 62 26 largo
1719 3277 158 26 dining-room,
1882 3277 14 19 2

1310 3312 134 26 bed-rooms,
1453 3309 97 26 kitchen,
1560 3305 187 26 servants-room,
1757 3307 138 22 store-room,

1311 3338 136 26 out-houses,
1458 3338 48 25 &c,
1517 3333 93 24 situated
1620 3333 23 21 in
1654 3333 195 21 Manners-street.

1339 3367 74 32 Apply
1423 3374 24 18 at
1456 3370 38 22 the
1505 3368 63 22 office
1578 3367 26 22 of
1612 3366 43 23 Mr.
1666 3365 36 22 W.
1713 3364 28 22 V.
1753 3364 107 22 Brewer.

1335 3419 3 8 '
1551 3418 105 23 Notice.

1315 3456 87 27 rpHE
1416 3453 203 25 SUBSCRIBERS
1630 3455 21 18 to
1662 3450 38 22 the
1710 3450 54 21 Port
1773 3447 123 23 Nicholson

1320 3474 30 32 JL
1393 3482 122 26 Exchange
1535 3479 44 23 and
1597 3478 78 22 Public
1694 3476 94 26 Library
1807 3482 37 14 are
1864 3482 34 14 re-

1312 3510 93 28 quested
1414 3514 22 17 to
1446 3512 60 18 meet
1515 3508 24 21 in
1549 3507 36 22 the
1595 3506 84 21 Rooms
1687 3503 25 21 of
1719 3503 37 21 the
1767 3502 130 21 Institution

1312 3545 29 14 on
1363 3536 100 27 Monday
1482 3538 61 23 next,
1562 3533 38 23 7th
1618 3533 92 23 instant,
1730 3532 24 18 at
1772 3530 25 20 12
1813 3536 12 14 o
1835 3529 63 21 clock

1543 3587 34 21 W.
1588 3585 28 22 V.
1629 3585 106 23 Brewer,
1747 3583 123 26 Secretary.

1312 3634 201 50 WNEAL,
1535 3632 86 21 Watch
1643 3628 46 21 and
1710 3628 76 21 Clock
1803 3627 94 25 Maker,

1386 3674 11 10 •
1440 3662 55 26 begs
1513 3656 149 29 respectfully-
1673 3658 23 18 to
1714 3654 83 22 inform
1813 3653 45 28 the,
1865 3653 35 21 in-

1312 3690 113 22 habitants
1444 3688 26 21 of
1486 3686 53 22 Port
1546 3683 128 25 Nicholson,
1694 3682 47 26 &c,
1760 3680 49 22 that
1817 3680 29 22 he
1859 3679 40 22 has

1313 3716 106 23 removed
1430 3715 36 21 his
1480 3713 100 27 business
1596 3710 50 21 S.E.
1658 3709 25 21 of
1695 3709 92 21 Messrs.
1797 3707 102 21 Bethune

1313 3744 46 22 and
1369 3742 120 25 Hunter's,'
1496 3739 46 22 and
1551 3738 75 26 hopes,
1636 3736 30 27 by
1676 3738 63 19 strict
1748 3737 117 24 attention,
1877 3737 23 18 to

1314 3771 67 21 merit
1395 3777 12 14 a
1423 3768 149 22 continuance
1588 3763 26 22 of
1629 3763 57 21 their
1701 3762 98 26 favours,
1816 3761 84 26 having

1315 3797 45 23 had
1367 3798 27 20 20
1405 3794 70 29 years'
1487 3792 130 28 experience
1627 3790 23 21 in
1660 3788 103 22 London.

1342 3830 40 23 All
1399 3827 67 24 kinds
1481 3826 25 22 of
1519 3824 92 27 foreign,
1629 3822 89 27 British,
1735 3821 100 27 musical,
1856 3820 45 23 and

1435 3853 96 23 watches
1538 3852 43 21 and
1591 3850 82 27 clocks,
1681 3849 45 21 and
1734 3848 166 22 chronometers

1315 3883 92 24 cleaned
1416 3881 45 23 and
1472 3879 106 28 repaired.

1423 3915 58 23 N.B.
1482 3925 28 5 —
1511 3911 102 25 Musical.
1617 3912 69 21 boxes
1696 3908 108 29 repaired.

2150 669 74 23 Urui,

1897 703 42 20 One
1946 702 49 20 mile
2004 708 24 14 on
2039 702 35 20 the
2082 702 54 20 Port
2145 703 111 20 Nicholson
2264 703 45 20 side
2319 704 26 24 of
2356 703 117 21 Waikanai.

1896 736 91 48 MR.
2002 735 131 21 JENKINS
2150 735 52 27 begs
2217 739 22 17 to
2253 743 125 19 announce,
2389 736 47 21 that
2446 736 28 21 he

1985 762 39 21 has
2035 762 85 27 opened
2129 770 14 13 a
2153 762 75 22 House
2235 762 35 22 for
2279 762 38 22 the
2324 763 150 21 convenience

1895 789 26 21 of
1934 788 37 22 the
1988 789 80 26 public,
2085 789 43 21 and
2146 792 65 18 trusts
2228 789 47 21 that
2291 789 37 21 the
2345 789 67 21 board
2430 789 44 21 and

1894 815 91 27 lodging
2006 815 27 22 he
2054 815 101 27 provides
2175 815 43 21 will
2236 822 77 15 secure
2331 815 48 21 him
2397 815 77 23 liberal

1894 846 98 22 support.

1922 869 44 21 Mr.
1977 868 94 22 Jenkins
2086 875 40 15 can
2136 871 23 19 at
2173 868 29 22 all
2213 868 62 22 times
2286 868 91 27 provide
2391 869 85 26 gentle-

1894 902 52 15 men
1956 895 52 22 with
2018 895 36 21 the
2065 902 75 14 means
2149 895 24 21 of
2179 895 98 27 crossing
2285 899 23 17 to
2319 895 83 27 Kapiti.
2434 899 3 4 '

1924 929 62 26 Urui,
1999 929 106 26 January,
2117 930 59 20 1842.

2142 974 87 20 Otaki.

1898 1007 90 49 MR.
2013 1007 126 22 TAYLOR
2161 1007 54 26 begs
2238 1010 22 18 to
2284 1007 100 22 intimate
2404 1010 23 18 to
2446 1007 34 21 his

1974 1034 83 22 friends
2067 1034 45 21 and
2122 1034 36 22 the
2169 1033 72 27 public
2248 1034 48 21 that
2305 1034 28 21 he
2344 1033 40 22 has
2393 1033 88 27 opened

1897 1068 13 14 a
1921 1061 76 21 House
2008 1061 24 21 of
2047 1061 178 21 Entertainment
2234 1064 22 18 at
2274 1061 73 26 Otaki,
2359 1060 43 22 and
2411 1061 69 26 hopes

1897 1088 48 21 that
1952 1088 38 21 the
1999 1087 130 22 cleanliness
2139 1087 43 21 and
2192 1087 92 22 comfort
2293 1087 26 21 of
2324 1087 35 21 his
2366 1087 115 21 establish-

1898 1118 63 18 ment
1978 1114 43 22 will
2038 1121 76 15 secure
2130 1114 46 22 him
2194 1121 13 14 a
2225 1114 77 22 liberal
2320 1114 63 22 share
2402 1113 25 22 of
2443 1114 37 21 the

1896 1141 75 28 public
1981 1144 128 25 patronage.

1926 1176 73 27 Otaki,
2011 1176 99 27 January
2120 1177 34 26 21,
2166 1177 59 20 1842.

2112 1228 162 19 Manewatu.

1899 1261 90 49 MR.
2004 1261 84 21 BURR
2096 1261 61 21 takes
2163 1260 43 22 this
2215 1267 77 14 means
2303 1258 178 29 of/announcing

1988 1288 48 21 that
2051 1287 28 22 he
2094 1288 20 21 is
2126 1287 102 26 building
2237 1294 12 13 a
2264 1286 69 21 house
2342 1286 35 21 for
2391 1285 38 21 the
2444 1292 36 14 ac-

1898 1315 163 21 commodation
2072 1314 24 21 of
2102 1314 38 21 the
2151 1313 78 28 public,
2239 1320 54 14 near
2302 1313 38 21 the
2350 1311 51 28 pah,
2412 1315 23 17 at
2442 1311 39 21 the

1898 1341 77 22 mouth
1983 1341 25 21 of
2016 1341 36 21 the
2064 1341 132 26 Manewatu,
2205 1339 71 22 which
2284 1339 28 21 he
2324 1342 89 23 expects
2423 1342 22 17 to
2455 1338 27 21 be

1899 1368 94 22 enabled
2002 1372 21 17 to
2032 1375 57 19 open
2098 1368 24 20 in
2133 1374 14 14 a
2156 1367 41 21 few
2211 1366 80 25 weeks,
2303 1366 68 27 when,
2377 1365 27 21 he
2415 1368 67 18 trusts

1899 1395 48 21 that
1962 1395 30 26 by
2002 1395 89 26 civility,
2103 1394 45 21 and
2162 1393 98 26 meeting
2277 1393 38 21 the
2332 1395 69 19 wants
2412 1391 25 21 of
2448 1391 35 21 his

1899 1425 131 24 supporters,
2042 1425 23 17 to
2074 1421 85 21 receive
2169 1420 77 21 liberal
2258 1421 196 25 encouragement.

1931 1456 134 25 Manewatu,
2077 1454 98 27 January
2184 1455 34 26 22,
2229 1455 60 20 1842.

1901 1506 105 49 JOHN
2030 1506 108 26 IiALES,
2164 1506 198 24 Cabinet-maker,
2391 1504 93 21 Uphol-

1966 1541 92 17 sterer,
2075 1533 187 24 Paper-hanger,
2279 1532 40 21 &c.
2335 1532 48 25 &c,
2397 1530 54 26 begs
2462 1534 22 17 to

1900 1564 76 17 return
1988 1560 32 21 his
2029 1560 86 21 sincere
2127 1559 79 21 thanks
2216 1562 22 18 to
2255 1558 34 21 his
2300 1557 83 22 friends
2392 1557 45 21 and
2448 1556 36 21 the

1901 1586 74 27 public
1995 1586 25 21 of
2032 1586 54 21 Port
2103 1586 122 21 Nicholson
2241 1584 115 27 generally
2375 1584 33 21 for
2427 1583 59 21 their

1901 1613 55 22 kind
1972 1616 125 24 patronage,
2114 1612 43 21 and
2172 1612 23 21 in
2213 1612 110 26 soliciting
2338 1611 57 21 their
2409 1610 75 21 future

1903 1644 96 23 support,
2016 1640 62 21 takes
2088 1640 42 21 this
2147 1638 141 28 opportunity
2303 1638 26 21 of
2343 1637 143 26 announcing

1903 1667 47 21 that
1961 1667 27 21 he
2001 1666 90 21 intends
2100 1666 97 26 keeping
2207 1673 13 14 a
2229 1664 152 22 considerable
2390 1663 63 22 stock
2465 1663 24 21 of

1904 1693 107 22 seasoned
2021 1693 63 22 wood
2094 1693 25 21 of
2125 1692 30 21 all
2165 1692 143 27 descriptions
2324 1698 27 14 on
2362 1690 67 26 hand,
2441 1690 45 21 and

1905 1728 43 19 any
1966 1720 73 21 orders
2058 1720 71 21 which
2149 1720 52 26 they
2216 1726 52 19 may
2282 1718 74 27 please
2373 1721 21 17 to
2408 1717 80 21 favour

1905 1748 45 21 him
1961 1747 52 21 with
2023 1746 43 22 will
2075 1747 26 21 be
2114 1746 114 27 diligently
2238 1744 110 23 executed
2358 1751 28 14 on
2396 1750 90 15 reason-

1906 1774 48 21 able
1966 1777 73 18 terms.

1933 1801 55 22 N.B.
1990 1811 27 4 —
2018 1801 21 21 A
2051 1800 89 26 turning
2147 1799 59 22 lathe
2216 1806 28 14 on
2255 1798 37 21 the
2302 1797 114 28 premises.

1935 1835 191 26 Ingestrie-street,
2138 1833 31 21 Te
2180 1833 45 21 Aro
2236 1832 56 21 Flat.

1908 1882 50 46 A
1985 1878 130 27 HEWITT,
2126 1878 158 24 Fishmonger,
2296 1876 111 22 Lambton
2416 1876 72 25 Quay,

1963 1917 10 10 •
1990 1905 143 27 Wellington,
2140 1908 87 18 returns
2235 1904 35 21 his
2279 1903 85 21 sincere
2376 1901 81 23 thanks
2467 1905 22 17 to

1909 1933 36 21 the
1964 1932 136 21 inhabitants
2119 1934 22 19 ot
2164 1931 43 22 this
2225 1931 86 26 Colony
2327 1929 35 22 for
2381 1929 36 21 the
2435 1935 55 19 very

1907 1959 78 22 liberal
2004 1962 89 24 support
2108 1958 28 21 lie
2151 1958 39 21 has
2206 1957 97 22 hitherto
2318 1955 109 27 received,
2446 1954 45 22 and

1898 1987 63 25 .begs
1972 1990 22 16 to
2002 1986 82 20 inform
2094 1985 59 21 them
2164 1985 47 20 that
2226 1984 26 21 he
2262 1984 41 20 has
2312 1983 65 21 made
2386 1988 105 19 arrange-

1909 2016 72 18 ments
1997 2012 33 21 for
2050 2019 13 14 a
2077 2014 101 18 constant
2194 2010 78 27 supply
2292 2009 25 21 of
2337 2007 38 23 the
2393 2005 99 24 choicest

1910 2039 100 22 varieties
2020 2038 25 21 of
2056 2038 47 26 fish,
2121 2037 72 22 which
2209 2038 26 20 he
2253 2035 136 26 confidently
2406 2041 85 14 recom-

1910 2066 77 21 mends
1997 2069 21 17 to
2028 2065 38 21 the
2075 2064 74 28 public
2159 2072 22 13 as
2188 2063 67 26 being
2263 2063 26 21 of
2299 2062 37 21 the
2344 2062 48 21 best
2398 2060 93 28 quality.

1937 2092 81 22 Orders
2027 2092 34 21 for
2070 2091 103 27 shipping
2181 2089 108 27 received,
2305 2089 44 21 and
2360 2087 131 28 punctually

1910 2119 106 22 attended
2025 2122 30 17 to.

2065 2152 96 14 OYSTERS
2176 2150 70 15 FRESH
2262 2150 76 14 DAILY.

1937 2179 63 27 Also,
2012 2186 12 14 a
2033 2178 80 27 supply
2122 2178 26 21 of
2162 2176 127 28 vegetables
2305 2175 60 22 fresh
2380 2175 58 22 from
2454 2174 39 21 the

1910 2207 84 27 garden
2004 2205 67 27 daily.

1914 2252 38 20 To
1963 2252 45 20 the
2018 2249 160 21 Mercantile
2190 2249 53 19 and
2260 2247 132 26 Shipping
2406 2247 89 20 Inter-

2035 2279 55 18 ests
2101 2276 30 20 of
2144 2277 65 19 Port
2217 2275 160 20 Nicholson.

1914 2310 155 23 rnHOMAS
2086 2308 103 23 BEVAN
2208 2308 43 22 and
2269 2307 82 26 SONS,
2363 2306 56 22 New
2436 2307 59 20 Zea-

1921 2330 29 30 _L
1974 2346 59 14 LAND
2054 2344 56 14 ROPE
2128 2343 45 14 AND
2193 2342 73 14 TWINE
2291 2341 203 18 MANUFACTURERS,

1914 2366 42 27 beg
1971 2368 23 18 to
2003 2365 80 21 inform
2094 2363 56 21 their
2159 2362 82 21 friends
2254 2362 45 21 and
2310 2361 35 21 the
2355 2360 81 27 public,
2448 2360 49 21 that

1915 2393 52 26 they
1976 2392 56 21 have
2048 2388 105 23 removed
2168 2392 22 18 to
2206 2388 56 22 their
2278 2395 50 15 liew
2345 2388 105 26 premises
2467 2393 27 14 on

1915 2419 186 26 Lambton-quay,
2117 2423 77 14 corner
2209 2416 25 20 of
2250 2416 156 24 Willis-street,
2423 2414 73 21 where

1915 2453 66 20 every
1992 2445 75 21 article
2077 2444 21 21 in
2107 2442 37 21 the
2155 2442 68 22 above
2232 2442 74 22 trades
2317 2449 49 19 may
2377 2441 27 21 be
2413 2440 45 21 had
2469 2446 29 15 on

1915 2473 37 21 the
1963 2473 93 21 shortest
2066 2470 81 22 notice.

1942 2500 92 26 Fishing
2042 2502 56 22 nets,
2108 2499 63 23 mats,
2183 2496 48 25 &c,
2241 2495 66 22 made
2318 2494 44 23 and
2371 2494 106 27 repaired.
2499 2513 4 3 .

1942 2527 27 21 T.
1978 2526 24 22 B.
2014 2525 45 21 and
2070 2525 54 21 Sons
2135 2530 36 14 are
2180 2522 66 28 ready
2257 2527 22 17 to
2290 2521 122 23 undertake
2421 2523 77 25 export

1917 2553 75 22 orders
2002 2556 21 18 to
2034 2559 43 20 any
2088 2553 81 22 extent,
2181 2557 29 13 on
2220 2548 129 23 reasonable
2361 2552 73 17 terms.

1943 2580 128 22 November
2079 2580 34 24 30,
2126 2578 57 19 1841.

1918 2628 39 19 To
1979 2627 43 19 the
2044 2624 166 22 Merchants,
2232 2621 194 26 Ship-owners,
2444 2619 55 23 &c,

2070 2651 29 20 of
2112 2651 65 19 Port
2190 2648 160 22 Nicholson.
2477 2653 13 14 >

1918 2684 45 47 11
1994 2684 27 21 D.
2047 2682 101 23 PRATT
2171 2681 52 27 begs
2239 2682 59 19 most
2315 2677 145 28 respectfully
2476 2679 24 18 to

1949 2727 3 4 .
1967 2721 10 10 •
2007 2714 77 18 return
2098 2709 35 21 his
2145 2708 80 21 thanks
2240 2707 34 21 for
2293 2706 38 21 the
2344 2706 90 20 iavours
2448 2710 54 15 con-

1982 2738 73 21 ferred
2071 2744 27 14 on
2115 2736 53 25 him,
2178 2734 65 22 while
2258 2734 24 21 in
2301 2731 138 29 partnership
2449 2729 54 22 with

1921 2766 41 20 Mr.
1974 2765 25 22 T.
2010 2765 84 25 Bevan,
2105 2762 45 22 and
2159 2762 54 25 begs
2223 2764 21 17 to
2254 2760 83 21 inform
2347 2759 61 21 them
2417 2757 48 21 that
2473 2757 30 20 he

1921 2792 17 22 is
1947 2799 52 14 now
2008 2789 177 25 manufacturing
2195 2795 71 19 ropes,
2276 2787 65 25 lines,
2352 2785 72 26 twine,
2436 2784 27 21 of
2474 2783 30 21 all

1922 2819 143 27 descriptions
2074 2825 5 19 ;
2094 2820 58 18 mats
2165 2815 25 21 of
2205 2814 29 22 all
2250 2814 64 25 sizes,
2335 2813 40 21 &c.
2412 2811 93 24 fishing

1921 2849 49 18 nets
1988 2845 65 22 made
2070 2844 45 21 and
2132 2841 108 29 repaired,
2259 2840 45 21 and
2323 2846 66 19 every
2408 2839 55 20 kind
2482 2839 23 18 ot

1922 2872 75 22 article
2012 2872 23 21 in
2053 2871 36 22 the
2105 2870 70 22 above
2191 2868 52 26 line,
2261 2867 30 21 all
2307 2867 57 20 from
2382 2865 53 21 New
2449 2865 57 20 Zea-

1921 2900 54 21 land
1990 2899 52 26 flax,
2055 2898 44 22 and
2114 2904 29 14 on
2153 2896 36 21 the
2200 2898 57 18 most
2265 2891 130 24 reasonable
2406 2891 101 26 charges.

1924 2933 42 22 No.
1983 2934 19 25 1,
2027 2929 227 25 Molesworth-street,
2282 2926 145 26 Wellington,
2453 2925 67 21 Port*

2150 2955 127 23 Nicholson.
2401 2971 27 14 ,__

2065 2999 141 24 CHARLES
2221 2996 140 27 HARVEY,
2475 2981 29 4 ~

2128 3034 101 23 Tailor,
2243 3033 55 23 &c,

2050 3069 113 26 Adjoining
2177 3068 70 20 Kwnu
2263 3067 52 19 Toto
2329 3065 55 25 Pah,

2138 3107 157 19 WELLINGTON,

1926 3135 104 31 T>~EGS
2046 3141 22 18 to
2084 3140 77 19 return
2177 3135 81 22 thanks
2275 3138 23 17 to
2317 3133 37 22 the
2369 3135 81 24 gentry
2465 3131 45 21 and

1926 3162 45 26 jL>
2001 3165 74 28 public
2086 3164 22 21 of
2118 3163 56 22 New
2185 3161 99 22 Zealand
2293 3161 35 21 for
2336 3161 37 20 the
2382 3161 90 25 support
2479 3158 30 21 he

1926 3194 40 21 has
1981 3191 102 23 received
2096 3190 59 22 from
2171 3189 60 22 them
2246 3189 62 21 since
2322 3187 28 22 he
2366 3184 144 24 commenced

1926 3220 106 25 business,
2051 3218 44 22 and
2115 3218 28 21 he
2161 3223 84 15 assures
2261 3215 61 22 them
2339 3214 48 21 that
2403 3213 18 21 it
2439 3212 19 21 is
2475 3211 36 21 his

1926 3246 109 23 intention
2046 3249 24 18 to
2080 3245 103 22 continue
2192 3242 35 22 his
2243 3246 59 18 most
2317 3244 117 19 strenuous
2448 3245 63 15 exer-

1927 3274 58 22 tions
1995 3277 22 17 to
2027 3272 66 22 merit
2101 3279 15 14 a
2125 3270 147 23 continuance
2283 3268 26 22 of
2317 3268 56 21 their
2382 3270 128 24 patronage.

1954 3301 24 21 C.
1989 3301 28 20 H.
2028 3299 63 22 takes
2107 3298 43 22 this
2171 3296 143 28 opportunity
2328 3295 26 20 of
2364 3293 82 26 stating
2465 3294 47 18 that

1927 3328 34 22 his
1971 3326 63 23 stock
2044 3326 92 22 consists
2147 3324 24 22 of
2183 3331 13 14 a
2205 3323 60 27 good'
2272 3322 85 26 variety
2368 3321 26 21 of
2400 3319 111 27 superfine

1928 3354 77 27 cloths,
2016 3352 110 27 doeskins,
2143 3351 88 25 tweeds,
2247 3349 129 25 moleskins,
2386 3347 124 23 velveteen,

1927 3382 56 27 pilot
1998 3380 66 27 cloth,
2077 3380 39 21 &c.
2126 3379 48 26 &c.,
2189 3377 45 22 and
2248 3377 34 21 his
2300 3376 91 25 charges
2403 3374 46 24 (for
2463 3374 49 18 cash

1928 3409 58 26 only)
1997 3407 121 22 moderate.
2148 3414 4 2 '
2501 3428 11 5 -

2134 3451 29 20 E.
2179 3447 124 24 Stafford,

1937 3489 2 7 1
1957 3489 3 6 '
2014 3486 77 24 Tailor,
2105 3484 172 24 Lambton-quay,
2296 3479 133 25 Wellington,

1931 3521 50 22 TN
1995 3519 116 26 returning
2121 3517 80 22 thanks
2211 3518 21 18 to
2242 3514 63 21 those
2321 3512 127 27 gentlemen
2465 3510 49 22 who

1933 3539 24 31 JL
1986 3547 57 22 have
2054 3545 91 23 favored
2155 3543 46 22 him
2210 3541 52 23 wiih
2272 3540 58 21 their
2338 3539 82 26 orders,
2429 3544 86 15 assures

1931 3575 59 22 them
2001 3574 48 22 that
2058 3573 57 21 from
2125 3571 34 21 his
2169 3568 61 23 stock
2241 3575 28 14 on
2279 3566 124 26 hand,.and
2412 3565 58 21 from
2479 3571 36 14 re-

1931 3606 51 17 cent
1992 3600 90 22 arrivals
2092 3599 56 21 from
2159 3594 108 29 England,
2278 3594 29 21 he
2317 3592 45 22 will
2376 3592 26 22 be
2421 3592 96 21 enabled

1932 3633 21 17 to
1964 3628 64 21 make
2039 3634 30 20 up
2079 3625 86 23 articles
2174 3623 23 21 in
2206 3622 36 21 the
2252 3621 49 22 first
2310 3620 56 26 style
2378 3620 24 20 of
2412 3620 88 19 fashion
2509 3625 5 19 ;

1932 3655 70 22 which
2013 3654 44 22 will
2067 3652 80 23 render
2155 3651 18 21 it
2180 3654 149 20 unnecessary
2340 3647 35 20 for
2387 3647 37 20 the
2441 3647 77 25 public,

1932 3686 21 19 to
1964 3681 55 22 send
2032 3684 24 18 to
2072 3679 37 22 the
2117 3687 2 6 '
2125 3676 163 27 neighbouring
2297 3674 103 21 Colonies
2409 3674 35 19 for
2459 3674 59 19 then-

1932 3709 96 26 wearing
2039 3705 95 29 apparel.
2377 3703 3 6 '
2488 3709 5 8 *

1959 3736 20 21 N
1991 3736 25 21 _}.
2048 3735 72 24 Every
2135 3730 74 23 article
2224 3728 124 22 warranted
2367 3728 23 19 ot
2413 3728 39 19 the
2470 3728 49 19 best

1933 3763 89 27 quality,
2035 3764 44 23 cut,
2091 3758 44 22 and
2145 3754 170 27 workmanship,
2326 3753 45 22 and
2385 3760 30 14 on
2427 3759 92 15 reason-

1933 3790 48 22 able
1992 3793 74 18 terms.
2259 3798 3 5 ■

2155 3828 29 22 H.
2200 3826 93 26 READ,

2070 3867 117 21 Tinman
2197 3863 54 21 and
2260 3861 121 24 Brazier,

2011 3902 61 22 Near
2082 3900 36 21 Iho
2129 3897 154 25 Court-house,
2296 3894 147 27 Wellington.

825 681 172 22 Unreserved
1016 679 69 22 Sale.

661 717 159 50 MESSRS.
836 715 94 27 HORT,
946 713 159 26 MOCATTA,
1116 711 45 22 and
1174 709 75 23 COM-

751 743 87 22 PANY
856 742 45 22 will
916 741 40 22 sell
972 741 31 27 by
1019 739 75 29 public
1110 738 97 25 auction,
1226 738 23 20 at

659 772 59 21 their
734 771 80 26 Stores,
826 770 33 22 Te
873 770 54 25 Aro,
946 775 28 14 on
990 766 102 27 Monday
1106 768 61 23 next,
1185 767 23 18 at
1223 764 26 20 12

660 798 93 26 o'clock,
765 804 30 15 on
805 799 99 20 account
919 795 26 21 of
953 794 74 21 whom
1040 793 20 21 it
1075 799 52 19 may
1143 797 104 19 concern,

723 825 77 27 20,000
811 822 95 28 English
915 821 82 26 bricks,
1006 828 28 14 ex
1042 819 61 26 Lady
1112 819 74 24 Leigh.

924 855 62 19 ALSO,

662 879 37 22 On
722 880 97 20 account
842 876 27 22 of
887 873 165 27 underwriters,
1075 873 28 21 20
1127 872 50 27 pair
1198 871 53 21 10-4

901 901 111 22 blankets.

689 932 68 22 After
765 930 82 26 which,
858 930 40 21 120
908 928 38 21 ash
956 934 58 19 oars,
1025 933 12 14 a
1047 925 103 27 quantity
1160 924 25 22 of
1193 923 58 28 pud-

663 958 54 28 ding
725 958 87 25 raisins,
823 956 47 21 and
878 963 14 14 a
901 953 85 27 variety
997 953 26 21 of
1029 953 64 21 other
1101 951 94 22 articles.

690 987 11 19 1
712 991 50 15 case
772 982 78 23 school
858 981 70 22 books
938 979 45 23 and
993 979 131 22 catechisms
1134 977 26 23 of
1172 977 30 22 all
1211 977 39 21 the

664 1014 45 19 arts
718 1010 46 22 and
772 1010 108 21 sciences.

875 1035 78 21 Terms
953 1044 28 4 —
983 1033 60 22 cash.

710 1081 158 26 Important
882 1079 54 21 and
950 1077 170 22 Unreserved
1136 1076 68 21 Sale.

665 1115 159 48 MESSRS.
840 1111 150 25 BETHUNE
1004 1111 45 22 and
1063 1109 130 23 HUNTER
1207 1108 45 22 will

756 1141 41 22 sell
814 1141 31 27 by
859 1140 96 25 auction,
975 1141 23 19 at
1018 1138 111 22 Lambton
1141 1143 65 20 quay,
1223 1143 29 14 on

664 1168 103 27 Monday
774 1170 62 23 next,
845 1167 39 22 the
893 1166 39 22 7th
939 1165 88 27 March,
1036 1164 46 22 and
1091 1163 38 22 the
1138 1162 114 26 following

665 1195 52 28 day,
732 1194 119 28 positively
866 1193 93 22 without
974 1199 95 19 reserve,
1089 1198 12 14 a
1117 1189 102 28 quantity
1230 1189 26 21 of

664 1221 158 23 merchandize
833 1220 45 22 and
887 1220 63 22 other
958 1219 77 27 goods,
1046 1222 23 18 to
1078 1217 61 23 close
1149 1216 104 26 consign-

664 1252 82 23 ments,
758 1247 124 27 consisting
890 1247 35 21 of:
925 1257 29 5 —

671 1291 3 5 ,
692 1276 13 21 5
716 1279 51 18 tons
776 1282 61 20 soap,

692 1303 28 20 50
731 1309 61 15 cases
798 1301 101 26 Geneva,

694 1329 82 26 Sherry
786 1328 46 22 and
841 1326 88 24 French
934 1327 71 21 wines
1014 1325 23 22 in
1048 1331 68 19 cases,

693 1356 118 27 Taragona
819 1355 25 21 in
855 1357 89 25 quarter
953 1352 65 23 casks
1027 1351 44 22 and
1080 1350 131 27 hogsheads,

694 1384 13 20 6
718 1386 50 17 tons
777 1389 50 14 new
836 1384 109 25 potatoes,

695 1409 81 26 Prints,
796 1408 101 26 calicoes,
918 1405 127 27 moleskins,
1066 1403 68 27 drills,
1148 1403 104 27 flannels,

668 1436 64 27 ticks,
744 1435 89 26 checks,
844 1434 94 25 velvets,
950 1433 48 26 &c,

695 1465 27 19 60
732 1463 55 26 kegs
795 1461 92 23 biscuits
898 1459 121 28 (crackers)
1031 1458 44 22 and
1086 1458 60 26 ships
1159 1458 77 26 bread,

696 1490 113 26 Currants,
819 1488 88 25 raisins,
918 1486 93 28 pickles,
1022 1484 106 26 mustard,
1139 1484 100 26 vinegar,

697 1517 21 20 A
736 1516 62 27 large
823 1515 102 27 quantity
944 1513 26 21 of
987 1511 99 23 assorted
1105 1512 151 24 ironmongery,

670 1544 87 26 cutlery,
778 1543 146 24 hollow-ware,
945 1541 62 26 tools,
1027 1539 140 26 agricultural
1185 1539 71 25 imple-

668 1573 75 23 ments,
754 1570 137 26 lead-piping,
903 1569 36 27 SfC.
951 1568 46 28 Sfc,

699 1599 20 21 A
736 1598 69 26 ship's
820 1596 75 28 galley
910 1595 117 27 complete,
1044 1600 55 21 very
1113 1593 94 22 suitable
1225 1593 33 19 for

670 1625 99 26 erecting
778 1625 25 20 in
813 1623 76 22 native
898 1623 57 21 built
964 1622 89 25 houses,

699 1652 21 21 A
730 1651 103 28 quantity
844 1650 26 21 of
876 1649 121 22 American
1009 1648 50 21 tubs
1067 1646 44 22 and
1120 1645 100 26 buckets,

698 1678 66 23 Glass
774 1678 45 21 and
829 1677 151 22 earthenware
998 1675 25 21 in
1038 1673 100 23 assorted
1153 1673 49 26 lots,
1215 1670 44 23 and

671 1713 13 14 a
693 1708 65 24 great
766 1704 86 27 variety
864 1703 25 22 of

760 1736 151 24 GENERAL
925 1732 242 27 MERCHANDIZE,

816 1764 39 22 the
865 1764 70 22 whole
945 1765 23 19 to
982 1763 29 21 be
1021 1761 49 23 sold
1079 1760 36 22 off.

936 1797 63 19 ALSO,

672 1826 23 22 A
718 1824 156 24 SUPERIOR
896 1823 104 22 MILCH
1023 1821 76 26 COW,
1124 1820 35 22 IN
1181 1818 79 23 CALF

775 1852 40 22 TO
833 1851 42 22 AN
892 1849 163 23 IMPORTED
1070 1847 89 23 BULL.

877 1878 78 21 Terms
971 1880 24 18 at
1004 1876 52 21 sale.

700 1906 81 22 Lunch
797 1908 24 19 at
837 1906 28 21 12
882 1904 85 22 o'clock
984 1902 117 29 precisely,
1118 1901 45 22 and
1178 1899 45 23 sale
1239 1902 22 18 to

673 1934 74 26 begin,
760 1932 55 22 each
824 1932 51 26 day,
886 1929 153 27 immediately
1049 1929 63 21 after.

702 1960 146 26 Wellington,
861 1957 79 23 March
950 1959 21 24 3,
982 1957 61 21 1842.
1255 1982 3 4 _

677 2004 69 47 ON
762 2002 89 24 SALE,-
861 2005 23 17 at
892 2001 38 20 the
941 2000 110 21 Stoi-ea«f
1056 1999 37 20 the
1103 1997 157 26 undersigned,

769 2027 155 23 WHALING
939 2026 88 21 GEAR
1040 2025 47 22 and
1101 2023 120 27 STORES,

865 2052 102 28 recently
977 2051 95 23 arrived.

1034 2078 89 22 Willis
1138 2077 45 22 and
1197 2077 40 21 Co.

701 2110 146 26 Wellington,
861 2106 80 23 March
949 2108 20 25 1,
979 2106 62 21 1842.

745 2155 45 20 Ex
969 2152 56 20 and

680 2188 115 50 CORD,
806 2187 57 25 lace,
872 2186 95 28 quilting
976 2188 47 23 net,
1033 2184 69 27 gimp,

722 2231 3 4 .
751 2214 98 28 Figured
858 2210 55 30 lace,
923 2212 68 27 fancy
1001 2210 112 28 andplain
1124 2212 45 24 net,

705 2242 67 22 Wool
781 2241 88 26 shawls,
881 2240 39 22 &c.
931 2240 48 26 &c,

704 2269 68 23 Duck
782 2272 109 22 trowsers,
903 2266 79 27 frocks,
995 2266 47 26 &c,

706 2296 115 26 Blankets,
832 2301 59 20 rugs,
903 2294 76 26 prints,
992 2293 47 26 &c,

707 2324 77 24 Shirts,
793 2322 94 28 jackets,
899 2324 108 21 trowsers,
1019 2320 47 25 &c,

706 2350 99 26 Ploughs
814 2348 45 22 and
870 2346 142 28 agricultural
1021 2346 148 27 implements,

707 2378 38 21 An
757 2376 115 22 extensive
882 2375 33 21 lot
925 2374 25 21 of
958 2373 65 27 nails,

708 2404 164 26 Ironmongery
882 2401 26 22 of
915 2400 30 22 all
953 2400 73 22 kinds.

817 2436 124 25 Wallace,
957 2433 92 27 White,
1061 2433 45 21 and
1118 2433 124 21 Wallace.

709 2483 44 20 Ex
1019 2479 54 20 and
1095 2478 77 20 other
1186 2477 56 20 late

917 2506 121 21 arrivals.

685 2542 70 50 ON
771 2541 87 27 SALE,
869 2543 22 19 at
900 2540 38 20 the
949 2540 74 20 Stores
1033 2539 26 21 of
1066 2538 37 22 the
1112 2537 157 27 undersigned,

761 2569 77 21 brown
854 2574 72 20 sugar,
942 2566 44 22 fine
1001 2566 67 21 white
1078 2573 72 19 sugar,
1162 2565 53 26 sole,
1226 2564 45 28 kip,

684 2597 45 22 and
744 2596 115 26 kangaroo
877 2593 92 27 leather,
988 2600 14 14 a
1020 2593 62 26 large
1099 2595 134 18 assortment
1250 2588 25 25 of

684 2622 150 24 shoemakers'
854 2620 112 28 grindery,
982 2620 73 21 men's
1073 2620 64 20 boots
1156 2618 52 22 with
1223 2618 48 21 iron

684 2651 62 21 heels
765 2649 45 22 and
833 2649 49 26 tips,
908 2647 152 21 Gentlemen's
1083 2646 94 21 blucher
1199 2645 69 26 boots,

684 2677 104 23 blankets
798 2675 89 28 napped
898 2682 27 14 on
935 2673 56 23 both
1001 2673 64 27 sides,
1077 2672 98 27 flushing
1185 2672 87 27 jackets

685 2705 46 21 and
744 2708 109 21 trowsevs,
870 2701 78 28 prints,
965 2701 78 26 calico,
1060 2700 69 26 rings,
1146 2698 126 27 umbrellas,

685 2731 83 22 beaver
788 2730 57 26 hats,
870 2729 104 25 merinos,
998 2727 150 21 mousselaine
1168 2726 27 21 de
1214 2726 59 21 lame

687 2758 92 26 dresses,
800 2755 59 23 Irish
876 2755 56 28 pork
950 2754 23 22 in
992 2754 92 26 barrels,
1101 2754 52 26 rice,
1174 2752 98 26 tobacco,

687 2784 49 27 salt,
752 2783 119 23 bedsteads
887 2781 45 23 and
946 2781 80 26 chairs,
1042 2780 80 22 hearth
1134 2783 70 23 stone,
1216 2779 56 21 wine

685 2811 25 21 in
727 2811 64 21 wood
811 2809 45 22 and
871 2808 77 27 bottle,
965 2814 59 20 rum,
1035 2808 45 26 gin,
1094 2806 45 22 and
1154 2806 87 27 brandy
1251 2806 22 21 in

686 2837 133 27 hogsheads,
830 2836 40 27 gin
878 2835 25 22 in
920 2842 61 15 cases
992 2834 44 22 and
1046 2834 51 21 half
1103 2841 67 19 cases,
1188 2832 84 27 arrack,

687 2864 96 22 Manilla
804 2863 78 26 cigars,
899 2869 28 14 an
943 2864 134 18 assortment
1092 2861 25 21 of
1131 2860 64 27 nails,
1206 2860 46 22 and
1261 2867 12 14 a

687 2891 103 28 quantity
800 2890 26 22 of
832 2889 59 27 good
901 2889 55 21 New
967 2887 100 22 Zealand
1076 2887 63 28 pork.

947 2921 36 21 W.
998 2921 27 21 B.
1040 2921 95 22 Rhodes
1150 2921 45 21 and
1209 2921 39 21 Co.

689 2975 73 49 ON
777 2974 86 27 SALE,
882 2980 28 15 ex
929 2974 61 25 Lucy
1007 2974 88 27 Sharpe,
1112 2974 99 25 Eleanor,
1232 2973 43 22 and

766 3002 119 20 Middlesex
891 3009 5 13 :
898 3011 27 5 —

716 3030 75 21 Boxes
801 3035 74 15 crown
885 3027 59 27 glass
953 3028 40 21 100
1004 3027 44 21 feet
1058 3027 44 21 and
1112 3027 30 22 all
1152 3027 62 27 sizes,

716 3056 56 21 Zinc
781 3056 24 21 in
816 3055 80 27 sheets,
908 3054 37 23 7ft.
955 3054 47 21 3in.
1012 3054 30 27 by
1051 3054 40 21 2ft.
1101 3054 52 27 Bin.,

716 3083 63 21 Ditto
798 3082 108 22 diamond
923 3081 78 27 plates,
1020 3084 37 18 cut
1075 3081 45 20 and
1138 3081 79 21 welted
1233 3079 43 23 and

687 3110 70 26 ready
766 3110 36 21 for
809 3108 96 28 roofing,
919 3108 95 22 without
1026 3107 39 22 the
1074 3107 111 28 necessity
1194 3108 27 21 of
1232 3115 45 14 em-

688 3136 93 30 ploying
791 3143 28 14 an
834 3136 90 26 artisan,

717 3163 57 22 Zinc
783 3163 58 22 nails
851 3166 23 18 to
884 3162 82 26 match,

717 3190 85 26 Tilting
810 3190 35 21 for
852 3189 119 22 bed-room
979 3188 73 28 floors,
1063 3187 38 23 7-8
1110 3190 23 19 to
1143 3187 41 23 7-4
1191 3187 75 28 width,

718 3216 64 22 Ditto
792 3223 53 20 rugs
855 3216 62 26 ditto.

718 3243 64 22 Ditto
792 3243 66 22 horse
868 3243 77 27 cloths,

720 3270 93 22 Printed
830 3270 46 22 and
891 3269 60 27 dyed
967 3268 130 28 moleskins,
1114 3268 100 23 assorted
1231 3270 48 26 pat-

693 3299 67 24 terns,
771 3300 4 3 '

720 3323 110 22 Coloured
838 3323 74 27 lining
919 3322 81 28 linens,

720 3350 59 22 Irish
788 3350 82 26 linens,
881 3350 97 21 assorted
990 3349 109 28 qualities,

719 3376 45 23 Do.
774 3376 106 23 coloured
889 3376 45 22 and
943 3376 66 22 white
1020 3376 68 27 drills,
1100 3376 62 28 ditto,

720 3403 125 22 Embossed
854 3403 127 22 velveteens
992 3403 33 22 for
1034 3403 96 22 couches
1140 3411 25 14 or
1174 3402 79 27 chairs,

721 3430 59 23 Irish
789 3430 62 22 liven
861 3429 99 23 holland.

721 3465 77 27 Apply
814 3467 23 19 to
852 3464 44 22 Mr.
913 3464 88 27 Penny,
1018 3471 24 15 or
1059 3467 23 19 at
1098 3464 90 22 Messrs.
1204 3463 36 23 W.
1255 3463 25 23 B.

694 3492 94 22 Rhodes
798 3491 47 22 and
854 3491 52 22 Co's
917 3491 70 21 Store.

692 3536 98 49 JM.
800 3535 128 22 TAYLOR
938 3535 40 22 has
988 3542 30 15 on
1027 3535 53 27 sale,
1091 3543 26 14 ex
1126 3535 46 22 late
1182 3535 97 27 arrivals,

732 3574 11 11 •
774 3562 87 23 several
880 3569 60 15 cases
958 3562 27 21 of
1000 3562 149 22 mousselaine
1169 3562 27 22 de
1213 3562 67 27 lame,

692 3590 66 22 white
774 3589 59 27 lead,
850 3589 80 27 paints,
948 3589 64 27 paint
1027 3589 42 22 oils
1085 3589 46 22 and
1145 3589 134 27 turpentine,

692 3617 94 22 window
805 3616 60 27 glass
884 3616 29 21 all
930 3616 64 26 sizes,
1016 3616 78 27 chairs,
1112 3617 27 20 20
1159 3623 62 14 cases
1237 3615 44 22 fine

692 3644 86 26 cheese,
796 3643 114 22 cannister
925 3643 97 27 powder,
1040 3643 49 27 slop
1102 3643 105 27 clothing,
1218 3643 63 21 boots

691 3671 45 22 and
746 3671 72 26 shoes,
830 3669 110 28 saddlery,
953 3670 40 21 &c.
1004 3670 40 21 &c.

718 3705 33 22 Te
764 3705 54 21 Aro.
997 3728 2 4 ,

693 3750 69 49 ON
779 3749 86 27 SALE,
879 3749 55 21 Pine
950 3749 75 27 Apple
1042 3748 91 27 Cheese,
1145 3749 25 21 of
1182 3748 37 22 the
1234 3747 50 22 best

756 3776 93 28 quality.

964 3802 22 22 J.
998 3803 33 21 M.
1042 3802 103 26 Taylor,
1157 3801 31 22 Te
1199 3801 55 21 Aro.

692 3848 167 49 BARLEY,,
873 3847 46 23 and
929 3846 80 28 barley
1019 3846 46 23 and
1078 3846 75 22 wheat
1169 3848 65 19 straw
1249 3844 35 22 for

769 3874 54 23 sale.

1085 3899 75 22 James
1176 3898 79 22 Watt.

721 3927 152 28 Berhampore
884 3926 73 28 Farm,
971 3926 50 21 Oct.
1031 3927 34 25 28,
1077 3926 60 21 1841.

193 700 54 21 For
261 696 103 22 Nelson
378 692 105 23 Haven,

212 734 30 20 To
251 731 39 21 sail
298 730 22 20 in
330 734 13 14 a
350 727 46 26 few
406 725 58 24 days,

87 765 65 23 --•j^
205 762 90 23 nnHE
314 759 49 23 well
382 758 83 21 known
485 755 42 21 fast
550 752 80 27 sailing

82 779 94 38 SfistL
212 779 30 34 JL
279 788 109 22 schooner
397 784 56 26 Gem,
466 782 61 27 Capt.
535 781 92 24 Pearce;

60 808 135 33 JSkJSk
218 818 41 21 has
269 823 13 15 a
297 815 61 25 large
368 811 88 29 portion
473 808 23 23 of
509 808 41 21 her
565 812 64 20 cargo

219 842 89 27 already
320 838 107 28 engaged,
440 835 45 24 and
497 835 46 22 will
558 835 73 20 there-

48 862 154 28 MSfeaßai
219 871 48 19 fore
275 869 57 21 have
344 864 113 26 despatch.

247 896 53 22 This
310 894 66 22 offers
393 899 13 14 a
416 890 58 28 good
490 888 141 27 opportunity

49 929 35 22 for
94 928 98 27 shippers
202 924 25 23 of
240 922 69 27 stock,
319 921 50 21 who
380 918 43 23 will
433 918 57 21 have
499 915 38 22 the
549 912 83 23 benefit

51 956 27 21 of
89 955 37 22 the
142 951 113 29 Captain's
264 953 131 24 experience
409 952 23 14 in
450 943 47 22 that
510 942 85 21 branch
610 942 23 18 oi

49 981 72 23 trade.
150 980 45 22 For
203 976 83 28 freight
295 982 25 15 or
329 979 99 23 passage,
440 970 64 27 apply
513 972 24 17 to

405 1003 87 22 Willis
506 1001 46 21 and
567 1001 38 20 Co.

198 1057 54 21 For
266 1053 105 22 Nelson
385 1050 104 21 Haven,

217 1091 30 20 To
256 1089 40 20 sail
304 1087 24 20 in
337 1092 14 14 a
353 1085 47 24 few
410 1083 58 25 days,

202 1120 113 27 rnHAT
344 1124 50 16 new
417 1115 46 22 fine
485 1113 42 22 fast
555 1111 78 26 sailing

82 1140 94 34 $P*L
209 1138 30 34 JL
276 1147 110 22 schooner
402 1144 43 20 The
454 1141 78 22 Nelson
545 1139 88 23 Packet,

52 1166 77 35 >*§PP
129 1176 3 9 1H&1
132 1174 66 28 H&
212 1174 93 28 (builtin
312 1174 79 23 Queen
398 1167 131 25 Charlotte's
539 1165 92 25 Sound.)

51 1185 149 48 mgMBL
211 1203 76 22 James
294 1199 99 23 Jackson
400 1198 90 21 master.
503 1194 44 22 For
552 1191 83 28 freight

52 1221 146 40 Qgjgyg^F
213 1237 25 15 or
247 1233 98 24 passage,
357 1224 66 28 apply
433 1226 23 19 to

182 1264 122 25 Wallace,
320 1259 96 26 White,
426 1256 47 22 and
487 1255 119 22 Wallace.

80 1299 78 24 March
167 1300 21 25 4,
196 1298 62 22 1842.

200 1343 54 20 For
267 1339 105 21 Nelson
386 1336 103 21 Haven.

206 1375 91 27 rfIHE
306 1374 47 22 fine
362 1372 45 22 fast
421 1370 76 27 sailing
509 1367 127 28 brigantine

89 1395 95 28 iBNHte
214 1405 29 21 X
287 1400 119 27 Vanguard,
424 1398 91 26 Captain
536 1395 99 26 Murray,

65 1419 141 38 JBifeP^
219 1431 42 21 has
269 1436 62 15 room
341 1428 35 21 for
384 1434 14 13 a
406 1425 43 22 few
464 1428 47 17 tons
524 1422 26 21 of
560 1420 75 27 goods.

60 1449 148 38 rJs&gtEm
223 1456 74 28 Apply
315 1459 24 18 to
353 1454 38 21 the
406 1450 92 28 Captain
515 1456 29 14 on
560 1449 75 24 board,

370 1506 83 22 Waitt
469 1503 42 22 and
524 1503 85 22 Tyser.

83 1547 145 27 Wellington,
239 1544 112 25 February
359 1541 34 27 25,
404 1540 61 22 1842.

164 1597 53 21 For
231 1595 117 26 Sydney,
362 1592 45 20 via
421 1590 109 22 Nelson.

210 1624 91 30 rpHE
320 1624 52 27 fine,
393 1623 51 26 Al,
459 1621 108 22 schooner
579 1620 61 25 Lady

92 1645 95 37 4jrstiL
218 1656 30 19 A.
284 1652 69 25 Leigh
362 1649 45 22 will
423 1648 44 22 call
477 1651 20 19 at
511 1647 83 22 Nelson
610 1654 29 14 on

64 1670 141 37 Jz&mmSb.
225 1680 40 21 her
280 1685 49 20 way
345 1680 22 19 to
385 1675 97 29 Sydney,
496 1674 20 22 if
532 1674 109 21 sufficient

59 1698 151 38 3ifeßßs
224 1706 147 22 inducement
394 1701 82 23 should
497 1701 61 22 offer.
597 1700 44 22 For

59 1725 151 44 gfffffjffP*
226 1731 137 29 particulars,
376 1729 66 28 apply
453 1732 24 18 to

320 1763 111 21 William
446 1760 167 22 Fitzherbert.

87 1795 113 26 February
212 1794 35 25 18,
259 1792 59 21 1842.

283 1837 55 20 For
348 1833 70 25 Sale,

87 1868 64 27 --gg.
181 1867 99 28 npHE
388 1864 90 26 known,
502 1861 139 27 fast-sailing,

82 1886 88 35 fiCEjk
193 1886 24 30 1-
252 1896 71 20 cutter
341 1892 68 25 Royal
429 1891 98 24 William,
546 1891 28 20 43
592 1892 50 18 tons

77 1911 100 32 IBEst
344 1918 53 23 with
414 1918 29 21 all
459 1918 40 21 her
515 1920 75 22 stores,
602 1915 40 21 &c.

198 1948 40 22 &c.
256 1948 38 21 &c.
324 1946 70 21 Stows
411 1952 13 14 a
435 1945 61 26 large
511 1950 72 19 cargo,
599 1941 45 21 and

197 1974 78 23 makes
290 1981 30 19 up
336 1973 50 20 four
402 1971 75 22 berths
490 1971 22 21 in
524 1970 38 21 the
572 1969 71 21 cabin.

60 2002 44 23 She
119 2002 39 23 has
167 2000 85 27 proved
261 1999 85 22 herself
356 2005 14 14 a
381 1997 60 27 good
450 2004 39 14 sea
501 1997 59 24 boat,
572 1994 41 22 and
624 1995 20 20 is

59 2023 159 30 welfadapted
231 2025 36 21 for
282 2024 89 26 trading
387 2024 100 20 between
503 2021 37 21 the
558 2026 86 16 various

61 2053 137 22 settlements
208 2059 30 14 on
248 2051 37 21 the
296 2052 62 20 coast
367 2049 26 22 of
405 2049 56 21 New
471 2047 105 23 Zealand.

88 2087 42 22 For
139 2085 87 23 further
233 2084 139 29 particulars,
384 2082 67 28 apply
461 2085 23 18 to

274 2118 22 21 J.
306 2117 34 22 M.
350 2117 101 26 Taylor,
464 2114 153 29 Ship-Broker,

386 2150 33 22 Te
431 2150 55 21 Aro.

284 2197 55 20 For
353 2195 70 21 Sale.

84 2227 72 32 jijfejb.
176 2230 15 17 rr
191 2229 21 27 Tl^^'T
212 2227 56 22 I^^'
298 2235 27 13 ne
354 2229 34 18 ast
403 2225 41 22 sa^
446 2233 22 13 m
470 2232 14 20 S
500 2232 41 14 yac
542 2224 27 22 ht
590 2224 57 22 built

80 2254 94 31 gSSS^
191 2265 21 11 «-
250 2254 108 22 schooner
372 2254 104 19 Governor
482 2253 90 25 Hobson,
581 2252 67 21 about

67 2280 110 26 JRH&fc
222 2282 28 21 40
266 2284 50 19 tons
329 2280 104 26 burthen,
445 2279 48 22 well
510 2279 77 26 found,
604 2278 44 22 and

68 2312 108 26 gggjgpgF
193 2315 41 16 can
245 2308 28 21 be
282 2310 50 19 sent
344 2311 22 17 to
377 2314 38 14 sea
424 2310 23 17 at
463 2313 14 14 a
491 2306 62 27 day's
568 2305 79 27 notice,

194 2335 93 22 without
296 2334 87 22 further
393 2341 104 19 expence.

323 2368 35 22 W.
376 2368 26 22 B.
417 2368 93 22 Rhodes
525 2366 45 22 and
583 2366 38 22 Co.

292 2421 52 21 Fox
359 2419 70 25 Sale,

93 2451 64 33 ■TjjjSi
202 2456 19 21 A
246 2453 74 22 FINE
329 2453 44 22 fast
379 2452 80 27 sailing
464 2452 112 27 schooner,
584 2451 67 22 about

88 2474 150 31 fi£E\./jL
265 2481 26 22 70
306 2483 51 18 tons
374 2479 103 26 burthen,
495 2479 109 27 coppered
617 2478 34 21 for

73 2501 110 39 JggeKljfs.
200 2508 44 21 five
253 2514 70 20 years,
339 2506 44 22 and
393 2513 80 20 copper
481 2505 112 27 fastened;
609 2505 43 21 this

201 2534 72 22 vessel
282 2534 18 21 is
309 2533 79 27 nearly
398 2540 57 19 new,
464 2532 42 22 and
515 2532 51 21 well
574 2531 77 22 found.

198 2561 45 22 For
251 2560 86 23 further
345 2559 137 28 particulars,
492 2559 67 28 apply
569 2562 21 18 to

390 2593 82 22 Waitt
487 2593 43 21 and
543 2592 82 22 Tyser.

101 2630 144 26 Wellington,
254 2628 100 28 January
364 2628 33 26 13,
407 2628 61 20 1842.

225 2683 105 25 Barque
524 2687 5 3 ~

103 2719 65 21 -=&*
210 2717 147 22 -VTOTICE
370 2716 40 22 TO
430 2714 226 24 CONSIGNEES.—

96 2737 89 39 Jsys£
211 2737 46 30 iN
278 2744 137 26 Consignees
421 2743 25 21 of
452 2742 67 27 goods
529 2750 40 19 per
574 2742 81 27 barque

78 2774 132 28 -jgßgytjy
235 2773 87 20 Birman
348 2777 37 15 are
413 2768 116 28 requested
557 2772 21 18 to
606 2775 50 20 pass

237 2798 81 22 entries
333 2797 24 21 in
372 2796 38 22 the
427 2796 90 21 Custom
534 2795 77 22 Honse
622 2795 34 21 for

76 2827 58 23 their
143 2827 76 27 goods,
227 2825 44 22 and
280 2829 23 17 to
313 2823 55 23 send
379 2823 33 22 off
417 2826 23 18 to
449 2822 85 21 receive
541 2821 37 22 the
588 2828 66 20 same,

78 2862 25 15 as
120 2854 50 27 they
186 2856 60 18 must
261 2851 27 22 be
303 2850 68 22 taken
387 2850 58 21 from
462 2848 112 26 alongside
589 2855 28 15 on
633 2855 24 14 or

76 2881 75 22 before
161 2879 37 22 the
209 2878 51 22 12th
274 2878 90 24 instant,
376 2875 115 23 otherwise
504 2875 53 27 they
570 2874 45 22 will
628 2874 28 22 be

77 2907 67 23 liable
155 2910 22 18 to
185 2905 91 26 charges
282 2903 35 23 for
326 2903 139 26 demurrage.

374 2929 61 21 John
452 2927 78 28 Wade,
546 2927 82 28 Agent.

104 2961 32 21 Te
148 2959 53 26 Aro,
209 2957 80 23 March
298 2958 21 24 2,
327 2957 62 21 1842.

265 3002 93 20 James
372 2999 99 28 Spiers,

79 3035 191 27 PROSPECT
290 3033 210 23 BOARDING
522 3032 134 28 HOUSE,

159 3076 129 17 GUILDFORD
302 3075 110 18 TERRACE,
423 3074 55 14 HILL
491 3072 89 22 STREET,

132 3107 27 19 In
178 3105 36 20 the
231 3109 49 15 rear
297 3102 28 26 of
339 3102 42 20 Dr.
400 3100 87 21 Evans's
499 3101 109 21 residence.

260 3143 74 15 TERMS
348 3141 130 15 MODERATE.

155 3185 77 21 Loan
246 3180 117 23 Wanted
379 3185 37 16 on
431 3180 152 26 Mortgage.

78 3216 179 51 WANTED
273 3215 37 21 the
326 3220 57 16 sum-
393 3212 26 22 of
434 3211 59 23 £300
503 3219 29 15 on
544 3212 116 27 Mortgage

174 3251 30 14 on
221 3249 15 15 a
249 3240 102 24 valuable
365 3239 104 27 frontage
484 3242 108 25 property,
608 3239 52 22 with

80 3271 59 27 good
154 3270 110 23 erections
277 3268 100 27 thereon,
393 3266 35 22 for
443 3272 14 15 a
471 3268 54 20 term
542 3265 26 22 of
580 3272 43 15 one
637 3273 24 15 or

80 3299 63 21 three
151 3304 71 21 years,
233 3296 35 22 for
276 3294 72 23 which
358 3302 14 13 a
385 3292 81 23 liberal
480 3292 92 22 interest
581 3292 43 22 will
633 3292 28 22 be

80 3325 73 27 given.
181 3323 76 28 Apply
265 3322 29 28 by
299 3322 66 21 letter
374 3323 23 19 to
407 3319 64 28 A.C.,
479 3319 42 22 Mr.
529 3319 132 22 Brandon's

82 3350 125 27 Chambers,
219 3350 189 26 Lambton-quay.

80 3394 174 49 WANTED
269 3401 13 14 a
295 3392 137 28 respectable
442 3390 87 26 female,
547 3393 24 19 to
584 3390 77 22 attend

175 3429 61 20 upon
244 3428 14 14 a
266 3420 52 28 lady
327 3420 24 21 in
361 3418 93 23 delicate
464 3416 81 28 health,
555 3425 28 14 on
592 3417 68 22 board

81 3455 15 15 a
104 3448 47 27 ship
160 3448 134 28 proceeding
302 3451 23 18 to
335 3446 74 23 India.
437 3444 74 28 Apply
522 3448 22 18 to

397 3472 83 23 Waitt
492 3470 46 23 and
550 3470 83 23 Tyser.

109 3500 79 22 March
196 3502 21 25 4,
228 3501 60 21 1842.

83 3544 121 50 SEEDS,
215 3543 37 23 the
261 3544 96 27 produce
372 3544 26 21 of
410 3543 38 23 the
465 3543 92 27 Colony,
567 3542 33 22 for
615 3542 46 22 sale

148 3574 22 18 at
179 3570 38 22 the
373 3570 78 22 Office.

107 3623 155 26 Important
275 3622 58 21 Sale
349 3622 30 20 of
390 3622 132 21 Valuable
537 3621 100 21 Books.

83 3655 159 52 MESSRS.
257 3655 91 28 HORT,
362 3655 155 28 MOCATTA,
527 3654 46 23 and
584 3654 77 22 COM-

173 3681 86 23 PANY
276 3681 56 22 have
346 3681 38 22 the
400 3682 87 21 honour
504 3686 23 17 to
543 3688 117 15 announce

82 3711 48 22 that
139 3709 54 28 they
205 3709 58 21 have
276 3709 103 21 received
386 3709 142 22 instructions
541 3712 23 18 to
579 3708 82 22 submit

82 3741 23 18 to
115 3736 75 28 public
203 3735 151 28 competition,
367 3739 24 17 at
400 3735 37 21 the
447 3735 127 28 Exchange,
587 3742 29 15 on
631 3742 28 14 an

82 3764 61 27 early
152 3763 51 27 day,
214 3762 26 21 of
248 3761 72 22 which
329 3761 43 22 due
381 3762 73 21 notice
465 3762 42 21 will
522 3763 28 20 be
559 3763 72 26 given,
647 3769 13 14 a

82 3790 102 23 valuable
194 3788 117 23 collection
323 3788 25 22 of
355 3787 77 28 books,
449 3792 24 18 to
488 3789 72 22 whick
575 3789 36 21 the
628 3792 33 18 at-

82 3818 87 21 tention
183 3816 26 22 of
224 3816 39 21 the
276 3814 70 23 ladies
361 3815 44 21 and
422 3815 126 26 gentlemen
567 3815 25 22 of
608 3815 53 22 Port

82 3844 122 22 Nicholson
214 3843 20 22 is
243 3841 118 29 especially
370 3841 93 22 invited.

110 3876 133 23 Particulars
252 3875 45 23 will
310 3874 29 23 be
352 3875 67 27 given
428 3874 23 23 in
468 3881 14 16 a
494 3875 74 23 future
584 3876 78 22 adver-

81 3904 110 22 tisement.

109 3930 78 23 March
196 3931 22 27 5,
231 3930 59 22 1842.
304 3931 8 25 j
