2550 4029
287 948 115 19 SAILED.

79 977 76 20 March
174 977 20 23 2,
214 976 79 26 barque
312 975 125 25 Brougham,
460 973 125 24 Robertson,
606 974 32 19 for

50 1005 81 20 Nelson
148 1004 80 19 Haven.
260 1003 149 25 Passengers—
412 1002 88 21 Colonel
516 1000 122 24 Wakefield,

53 1031 42 21 Mr.
108 1031 100 27 Murphy,
221 1031 68 20 Police
307 1030 130 25 Magistrate,
449 1028 135 26 Wellington,
596 1028 42 21 Mr.

49 1060 130 25 Thompson,
190 1059 70 19 Police
267 1058 125 26 Magistrate
398 1056 32 21 for
437 1056 88 24 Nelson,
536 1056 41 20 and
584 1056 54 20 Mrs.

52 1087 130 26 Thompson.
561 1094 3 4 •
594 1105 3 4 .

79 1115 59 19 Same
149 1114 46 25 day,
207 1115 68 18 cutter
289 1112 114 23 Pickwick,
414 1112 27 20 36
451 1113 56 21 tons,
520 1111 73 27 Styles,
606 1110 32 21 for

49 1141 80 21 Nelson
148 1141 73 20 Haven
230 1148 5 16 ;
260 1146 69 19 cargo,
347 1139 104 20 sundries.
486 1138 125 26 Passengers
613 1148 25 5 —

50 1169 54 20 Mrs.
115 1169 121 19 Mathieson
246 1167 40 20 and
296 1168 59 20 three
366 1167 101 22 children,
479 1165 43 21 Mr.
533 1167 41 19 and
584 1166 53 20 Mrs.

49 1197 112 22 Williams,
180 1196 42 19 Mr.
233 1196 41 19 and
289 1195 55 19 Mrs.
355 1193 92 26 Wright,
459 1193 51 21 Mrs.
527 1193 111 26 Macpher-

49 1230 46 17 son,
108 1224 52 20 Mrs.
173 1223 116 26 Kilgowan,
301 1223 88 19 Messrs.
401 1221 74 26 Healy,
487 1220 98 25 Skinner,
597 1221 41 19 and

51 1252 109 19 Shannon.

79 1527 50 19 Last
143 1526 68 26 night,
230 1526 78 25 barque
326 1525 78 25 Bright
422 1525 83 22 Planet,
522 1523 115 24 Morrison,

48 1555 34 19 for
93 1554 80 26 Kapiti.

79 1582 50 20 Last
146 1581 68 26 night,
224 1580 119 26 brigantine
362 1579 119 25 Vanguard,
499 1578 95 26 Murray,
606 1578 32 20 for

50 1609 81 21 Nelson
141 1609 73 20 Haven
223 1616 7 16 ;
245 1607 84 25 general
339 1613 60 19 cargo
410 1607 42 19 and
458 1613 128 19 passengers.

77 1278 75 21 March
167 1278 21 25 4,
206 1277 119 26 brlgantine
340 1276 151 24 Abercrombie,
510 1276 83 23 Devlin,
606 1275 31 21 for

49 1306 84 26 Sydney
140 1306 37 20 via
187 1306 80 20 Nelson
282 1305 82 20 Haven.
372 1318 8 6 k
396 1304 123 24 Passengers
521 1314 26 4 —
550 1303 87 26 Captain

51 1334 112 23 Carkreek,
176 1334 49 19 Sub-
232 1332 106 21 Collector
354 1332 24 20 of
392 1331 96 21 Customs
505 1331 34 20 for
550 1331 87 24 Nelson,

49 1361 55 20 Mrs.
125 1361 113 25 Carkreek,
256 1360 56 26 lady,
330 1360 40 19 and
393 1362 39 17 two
453 1359 101 23 children,
576 1358 61 25 Capt.

50 1389 105 25 Engiand,
170 1389 41 19 and
230 1388 42 20 Mr.
293 1387 116 25 firainwell,
431 1386 41 21 and
490 1386 58 20 three
564 1386 23 19 in
602 1386 35 19 the

50 1419 100 23 steerage.

79 1445 59 19 Same
148 1444 47 25 day,
212 1442 119 26 briganrine
342 1442 54 23 Ann,
407 1441 97 26 Higffins,
515 1440 33 21 for
562 1440 75 20 Mane-

49 1475 63 17 watu.
141 1471 124 25 Passengers
267 1481 26 3 —
294 1470 44 19 Mr.
348 1469 87 23 Kebble,
447 1468 34 20 W.
489 1468 99 21 Burnaud
597 1468 40 20 and

50 1500 53 21 wife,
115 1499 54 20 Mrs.
180 1498 76 23 Smith,
266 1498 41 19 and
317 1503 40 14 one
367 1497 49 24 boy.

276 1653 34 20 IN
326 1653 83 20 PORT.

104 1682 84 26 Barque
200 1681 112 26 Clydeside,
324 1680 130 21 Mathieson.

106 1710 108 19 Schooner
227 1710 105 19 Governor
341 1709 92 23 Hobson,
446 1707 94 20 Skelton.

232 1738 62 23 Mary
308 1738 51 18 Ann
374 1736 71 24 Wade,
460 1735 80 20 Tulett.

225 1765 73 23 Mana,
309 1764 78 20 Munn.

224 1792 60 26 Lady
293 1792 74 26 Leigh,
378 1792 80 19 Roche.

105 1820 52 26 Ship
170 1820 85 26 Clifton,
267 1820 52 20 Cox.

105 1847 108 21 Schooner
221 1849 82 24 Henry,
315 1846 118 27 Daymond.

105 1875 83 26 Barque
197 1875 83 25 Bolton,
292 1875 117 20 Robinson.

105 1903 108 20 Schooner
225 1903 55 24 Gem,
293 1902 96 26 Phillips.

102 1929 84 28 Barque
196 1931 95 23 Birman,
303 1929 96 21 Cleland.

105 1958 108 20 Schooner
221 1959 79 19 Nelson
312 1958 84 24 Packet,
406 1957 101 21 Jackson.

226 1986 67 23 Anne,
305 1985 96 21 Browne.

225 2013 101 23 Blossom,
336 2011 98 21 Tullock.

225 2040 59 22 Jane,
294 2040 86 20 Fabien.

220 2091 123 20 CUSTOM
358 2089 108 22 HOUSE.

1331 404 52 24 Our
1411 404 80 31 steady
1510 405 81 28 friend,
1622 405 38 23 the
1684 405 82 24 Editor
1791 405 24 23 of
1834 403 39 25 the

1286 436 105 24 Colonial
1403 437 101 29 Gazette,
1524 438 41 23 has
1578 438 72 23 called
1669 438 36 24 the
1722 438 111 23 attention
1851 438 24 22 of

1286 470 38 23 the
1336 470 89 23 British
1526 475 21 19 to
1568 471 38 23 the
1624 471 139 32 importance
1775 471 27 23 of
1816 471 58 23 New

1286 503 108 29 Zealand,
1416 510 25 16 as
1453 503 38 23 the
1505 509 75 18 centre
1593 504 25 23 of
1633 513 13 14 a
1657 505 74 23 future
1751 504 123 31 European

1286 537 85 30 empire
1392 537 25 22 in
1437 536 39 22 the
1497 537 116 23 Southern
1628 537 152 32 hemisphere.
1823 537 50 23 The

1286 570 129 29 operations
1431 570 26 22 in
1469 569 75 24 China
1561 578 38 15 are
1617 571 53 31 only
1682 571 37 23 the
1731 578 143 16 commence-

1285 609 64 16 ment
1366 603 25 22 of
1409 610 14 16 a
1441 602 90 31 mighty
1547 603 134 29 revolution,
1698 605 30 30 by
1744 603 73 24 which
1836 604 38 24 the

1286 635 84 24 Tartar
1382 636 96 30 dynasty
1486 637 46 22 will
1538 637 28 22 be
1575 637 97 23 reduced
1681 642 21 18 to
1713 637 38 23 the
1760 637 114 23 condition

1286 669 26 22 of
1327 669 39 23 the
1378 677 55 15 once
1449 669 72 23 Great
1539 669 104 31 Moguls.
1680 670 130 24 Connected
1819 670 54 24 with

1286 702 45 22 this
1349 707 51 18 vast
1419 702 91 23 scheme
1539 703 25 22 of
1587 703 190 30 agrandizement,
1797 704 20 23 is
1836 704 38 23 the

1284 735 134 23 foundation
1427 736 25 22 of
1462 735 59 23 what
1534 737 87 30 maybe
1634 736 71 23 called
1715 744 12 15 a
1735 736 139 31 Polynesian

1286 769 93 30 empire,
1400 768 25 23 of
1439 769 73 22 which
1525 769 57 23 New
1601 769 101 24 Zealand
1718 776 62 17 must
1792 770 27 23 be
1836 770 38 23 the

1286 802 38 22 the
1337 802 86 23 central
1436 802 44 23 and
1491 802 112 31 principal
1618 802 107 24 member.
1761 802 45 23 We
1817 803 57 23 have

1286 835 54 30 only
1350 843 65 15 room
1434 835 45 23 this
1495 835 63 23 week
1575 835 36 24 for
1622 844 14 14 a
1656 835 63 24 short
1738 840 89 19 extract
1846 844 28 15 on

1285 868 46 23 this
1343 868 89 31 subject
1444 869 57 23 from
1522 868 39 24 the
1582 869 77 23 article
1680 870 24 22 in
1720 868 38 24 the
1772 868 103 24 Colonial

1288 901 102 24 Gazette.
1427 901 43 24 We
1483 902 59 23 shall
1553 902 53 23 take
1617 910 29 15 an
1659 903 60 30 early
1729 903 145 30 opportunity

1286 935 25 22 of
1319 936 103 29 printing
1433 936 19 22 it
1464 936 81 23 entire.

1314 976 64 21 Great
1388 977 89 25 Britain,
1495 978 18 19 it
1523 984 23 14 so
1555 978 103 26 happens,
1674 983 105 21 possesses
1790 977 22 20 in
1822 978 52 19 New

1284 1004 96 20 Zealand
1396 1005 36 19 the
1449 1005 129 26 master-key
1590 1008 22 17 to
1628 1006 36 19 the
1675 1011 114 14 commerce
1799 1005 24 20 of
1839 1006 35 19 the

1285 1031 76 25 South,
1378 1033 67 19 which
1461 1033 37 19 has
1514 1033 43 19 still
1575 1035 21 17 to
1606 1032 26 20 be
1648 1032 113 21 unlocked.
1790 1033 84 19 Backed

1284 1059 28 26 by
1323 1059 120 26 Polynesia,
1459 1060 117 20 whichever
1592 1060 45 20 side
1650 1060 24 20 of
1688 1061 35 19 the
1738 1061 94 19 Atlantic
1846 1061 27 20 its

1285 1086 107 21 Colonists
1406 1093 36 13 are
1456 1087 71 20 drawn
1537 1087 61 24 from,
1615 1088 35 20 the
1664 1087 104 20 influence
1784 1088 24 19 of
1822 1088 52 20 New

1284 1114 94 20 Zealand
1384 1121 27 13 on
1423 1115 35 19 the
1467 1115 84 25 already
1561 1115 90 25 existing
1661 1116 58 19 trade
1725 1115 24 19 of
1757 1115 46 20 that
1811 1122 61 19 quar-

1285 1145 32 16 ter
1326 1146 57 15 must
1393 1148 83 19 surpass
1485 1142 133 20 calculation.
1648 1142 45 20 The
1702 1148 98 21 presence
1807 1143 24 19 of
1838 1143 35 20 the

1284 1169 150 25 Anglo-Saxon
1449 1175 48 13 race
1509 1169 73 20 within
1597 1169 35 20 the
1647 1170 62 20 circle
1719 1169 24 20 of
1755 1171 35 19 the
1807 1170 66 20 South

1285 1196 46 23 Sea,
1346 1197 29 19 its
1385 1197 122 25 übiquitous
1521 1197 94 26 activity,
1630 1197 35 20 the
1679 1203 109 20 necessary
1797 1198 76 20 famili-

1283 1224 55 25 arity
1354 1224 68 20 which
1437 1226 57 18 must
1511 1224 72 25 spring
1596 1230 27 19 up
1639 1225 92 19 between
1747 1225 18 19 it
1780 1225 41 19 and
1838 1226 35 19 the

1283 1251 178 20 half-barbarized
1481 1258 57 13 races
1558 1251 25 20 of
1603 1251 67 21 South
1690 1252 102 23 America,
1817 1256 56 17 must

1284 1278 75 27 totally
1363 1279 53 20 alter
1423 1279 35 19 the
1465 1279 107 19 character
1578 1279 25 20 of
1608 1279 130 20 commercial
1744 1279 128 21 intercourse

1283 1306 131 26 throughout
1429 1306 36 20 the
1480 1312 64 20 range
1561 1306 23 20 of
1601 1306 38 20 the
1655 1306 52 21 wide
1722 1307 151 25 amphitheatre

1283 1334 67 19 which
1357 1334 101 20 encircles
1466 1334 46 19 that
1520 1340 41 13 sea.
1592 1334 99 20 Hitherto
1700 1334 66 20 China
1773 1335 38 19 has
1820 1335 52 20 been

1283 1362 137 19 accustomed
1425 1364 22 17 to
1455 1361 74 26 regard
1535 1361 35 20 the
1576 1361 89 25 English
1675 1362 77 25 merely
1761 1369 22 13 as
1794 1369 12 12 a
1813 1363 60 20 small

1283 1391 62 23 party
1354 1389 25 20 of
1394 1395 49 14 men
1458 1389 84 25 coming
1556 1389 55 20 from
1621 1395 11 13 a
1643 1390 78 19 distant
1735 1390 42 19 and
1792 1390 80 20 limited

1283 1416 60 26 point
1353 1417 23 19 in
1384 1417 36 19 the
1429 1416 62 26 globe
1498 1424 5 11 :
1514 1416 23 20 in
1547 1416 78 24 future,
1637 1418 37 19 she
1681 1418 41 19 will
1728 1417 44 20 find
1780 1417 36 20 the
1825 1425 47 12 race

1283 1444 85 26 coming
1378 1446 21 17 to
1414 1444 38 20 her
1462 1445 59 25 ports
1532 1444 53 20 from
1596 1444 28 20 all
1634 1445 120 23 directions,
1770 1445 52 20 East
1831 1445 41 20 and

1283 1471 66 23 West,
1361 1471 73 20 North
1440 1472 41 19 and
1490 1471 67 20 South
1564 1479 13 12 :-
1582 1472 54 19 their
1643 1472 67 20 abode
1717 1472 41 19 will
1766 1472 25 20 be
1799 1473 72 19 within

1283 1498 41 20 ken
1335 1499 24 20 of
1372 1499 37 20 her
1418 1499 127 25 geography,
1561 1499 42 20 and
1620 1506 22 13 as
1652 1499 32 20 far
1693 1500 100 20 extended
1804 1506 22 14 as
1837 1501 34 19 the

1282 1526 72 26 points
1370 1526 25 20 of
1409 1527 35 19 the
1465 1532 94 20 compass
1568 1534 5 12 :
1593 1527 109 25 perpetual
1721 1530 85 17 contact
1822 1528 49 19 with

1283 1553 69 20 China
1368 1554 40 19 and
1425 1554 35 19 the
1480 1554 61 20 other
1555 1554 75 26 people
1652 1555 24 19 of
1691 1555 34 20 the
1740 1555 73 25 region
1830 1555 42 20 will

1283 1581 62 19 breed
1355 1588 13 12 a
1378 1587 77 19 usuage
1468 1587 58 14 more
1535 1584 75 23 potent
1624 1582 51 20 than
1684 1582 39 20 law
1729 1590 4 12 :
1752 1583 36 19 the
1803 1583 68 25 genial

1281 1608 59 20 force
1349 1608 24 20 of
1387 1608 127 20 civilization
1525 1609 43 19 will
1582 1610 82 25 compel
1677 1610 96 25 piratical
1782 1610 89 26 ferocity

1282 1640 22 16 to
1316 1639 76 17 retreat
1402 1636 70 20 before
1483 1636 27 20 its
1521 1637 98 24 advance,
1634 1637 42 20 and
1686 1638 41 19 will
1736 1637 65 21 break
1811 1638 60 20 down

1282 1664 36 19 the
1338 1666 108 23 trumpery
1460 1664 83 20 bounds
1560 1665 24 19 of
1599 1665 99 24 ignorant
1712 1665 84 26 bigotry
1804 1673 6 16 ;
1831 1666 40 20 and

1282 1691 142 20 colonization
1435 1691 40 20 will
1483 1692 60 20 make
1553 1698 13 13 a
1575 1692 40 25 gift
1625 1694 22 18 to
1658 1693 35 19 the
1704 1693 93 20 civilized
1807 1693 64 20 world

1282 1719 25 19 of
1315 1719 35 19 the
1358 1719 104 20 Southern
1471 1719 139 26 hemisphere.
1630 1720 44 20 The
1683 1720 108 20 condition
1797 1722 22 18 to
1826 1721 45 19 that

1281 1746 42 20 end
1332 1746 25 25 is,
1370 1747 45 19 that
1425 1753 13 13 a
1447 1746 112 27 European
1574 1747 79 26 empire
1662 1748 74 19 should
1746 1748 25 20 be
1778 1748 93 20 founded

1281 1774 24 19 in
1314 1774 36 19 the
1359 1776 72 19 centre
1441 1774 25 20 of
1477 1774 47 19 that
1535 1774 66 20 South
1611 1782 4 11 :
1631 1775 18 20 it
1658 1776 39 19 has
1705 1776 53 19 been
1768 1782 23 13 so
1794 1786 25 4 —
1820 1776 51 20 New

1282 1801 94 20 Zealand
1385 1802 18 19 is
1412 1809 13 13 a
1435 1802 81 20 British
1526 1802 89 26 Colony.
1644 1802 21 20 A
1671 1806 58 22 great
1738 1804 134 19 commercial

1281 1829 75 25 engine
1366 1829 19 20 is
1401 1830 84 26 already
1495 1830 135 20 constructed
1644 1831 21 19 in
1682 1831 35 20 the
1731 1831 68 20 active
1814 1837 56 14 com-

1281 1857 101 20 munities
1392 1858 24 19 of
1424 1857 114 20 Australia.
1568 1857 27 20 In
1605 1858 35 19 the
1651 1859 74 25 supply
1735 1859 25 19 of
1767 1858 55 21 their
1831 1859 40 20 im-

1281 1884 90 21 mediate
1377 1887 74 21 wants,
1459 1884 97 27 repulsed
1561 1885 28 26 by
1597 1886 89 19 difficult
1692 1886 118 20 conditions
1817 1886 54 21 from

1281 1912 69 24 India,
1368 1913 50 25 they
1428 1913 52 20 have
1495 1912 83 26 already
1589 1913 102 20 extended
1705 1912 56 22 their
1776 1914 60 20 trade
1848 1917 23 17 to

1280 1939 53 20 New
1347 1940 94 20 Zealand
1455 1940 43 20 and
1514 1940 117 26 Polynesia,
1649 1941 69 21 which
1733 1948 35 13 are
1785 1941 50 20 thus
1850 1945 21 16 at

1280 1973 53 14 once
1350 1967 92 27 brought
1452 1968 74 20 within
1539 1967 37 21 the
1585 1969 65 19 circle
1658 1969 25 20 of
1694 1969 35 20 the
1738 1969 133 20 commercial

1279 1995 66 19 world
1354 2002 5 11 :
1375 1995 36 20 the
1420 1997 122 24 possession
1552 1995 24 19 of
1583 1996 58 19 these
1651 1997 113 24 positions,
1775 1997 36 19 the
1820 1996 51 25 keys

1279 2023 23 17 to
1313 2021 36 19 the
1359 2027 116 14 commerce
1485 2021 25 21 of
1522 2022 35 20 the
1572 2021 75 25 South,
1666 2022 67 26 places
1744 2023 45 19 that
1799 2025 23 17 at
1835 2023 36 19 the

1280 2049 110 19 command
1396 2049 23 19 of
1424 2049 34 19 the
1465 2055 118 20 possessors
1589 2057 5 16 ;
1604 2050 41 19 and
1651 2050 77 26 having
1733 2050 49 20 thu3
1788 2050 82 25 gaitied,

1280 2076 93 27 through
1383 2076 107 20 Australia
1499 2077 42 20 and
1550 2076 53 20 New
1613 2077 99 24 Zealand,
1728 2077 35 20 the
1774 2078 65 19 whole
1850 2077 24 20 of

1281 2104 36 19 the
1327 2103 60 21 heart
1397 2104 40 19 and
1446 2104 63 20 vitals
1519 2105 24 19 of
1555 2105 46 19 that
1610 2107 47 17 vast
1667 2105 79 26 region,
1762 2105 35 20 the
1808 2105 64 19 world

1280 2131 38 19 has
1335 2131 39 20 but
1392 2133 23 18 to
1432 2132 61 20 await
1509 2133 36 19 the
1562 2133 83 24 growth
1660 2133 25 19 of
1702 2133 45 19 that
1768 2132 103 20 Southern

1280 2159 129 19 civilization
1426 2159 41 20 and
1482 2166 117 14 commerce
1610 2160 66 20 which
1691 2166 35 14 are
1742 2161 22 18 to
1775 2161 33 19 vie
1823 2160 49 20 with

1281 2187 59 19 those
1357 2187 25 20 of
1396 2187 36 20 the
1448 2187 79 20 North.
1556 2187 34 20 No
1605 2194 71 13 means
1694 2190 22 17 to
1733 2188 84 20 smooth
1832 2187 40 20 and

1280 2214 76 20 hasten
1366 2214 37 20 the
1413 2221 43 18 way
1468 2217 22 18 to
1494 2215 53 21 .that
1554 2215 41 19 end
1604 2215 80 20 should
1690 2215 26 20 be
1725 2216 116 23 neglected.

288 2152 112 13 IMPORTS.

76 2616 28 21 In
118 2623 46 14 the
181 2618 14 11 '•
357 2621 64 15 from
442 2615 165 20 Launceston.
609 2626 27 4 —

48 2644 76 25 10,000
138 2644 43 20 feet
196 2644 84 25 timber,
299 2644 61 25 2,000
377 2643 90 27 palings,
484 2642 42 21 and
543 2643 25 20 10
585 2642 51 27 bags

48 2678 71 18 sugar.

77 2176 28 20 In
124 2181 47 14 the
362 2179 64 15 from
445 2173 107 21 London.
554 2184 27 4 —
581 2173 55 21 John

50 2204 71 23 Wade,
131 2204 76 24 Agent.
209 2213 28 4 —
239 2203 38 20 160
297 2205 50 17 tons
362 2202 64 23 coals,
439 2201 73 20 Order.
515 2211 26 4 —
542 2201 25 19 41
580 2207 56 14 cases

49 2232 89 26 Spanish
147 2231 62 24 wine,
218 2231 86 19 Hanson
313 2230 18 28 Sf
347 2229 95 25 Alzdorf.
444 2239 28 4 —
474 2230 10 18 1
496 2235 47 13 case
552 2228 61 24 wine,
626 2230 9 18 1

47 2266 47 13 case
104 2258 92 27 apparel,
206 2258 88 21 France.
295 2269 25 3 —
320 2254 30 24 -'38
367 2258 51 24 kegs
432 2257 78 24 butter,
523 2256 25 20 17
559 2256 77 21 barrels

46 2293 34 20 pea
80 2293 23 20 3,
117 2287 9 19 1
139 2286 49 21 cask
202 2292 55 18 rum,
269 2287 10 18 1
291 2286 52 19 cask
354 2284 89 26 brandy,
454 2285 14 19 8
478 2284 68 24 ham«,
557 2284 12 19 5
580 2290 56 14 cases

47 2314 91 26 apparel,
150 2314 69 20 Brees.
221 2324 28 4 —
250 2315 12 18 2
279 2316 68 19 crates
356 2314 13 19 3
380 2312 60 21 casks
451 2313 13 19 2
481 2311 101 26 packages
593 2318 43 13 ma-

47 2341 126 20 nufactured
189 2341 72 26 goods,
275 2341 89 20 Gilbert.
365 2351 26 3 —
395 2341 11 19 1
423 2345 55 19 case,
487 2338 121 26 Riddiford.
612 2350 24 4 —

49 2370 11 19 1
77 2376 53 17 case,
141 2369 114 25 Ridgways
271 2368 18 26 $*
307 2369 27 19 Co
343 2379 28 3 —
373 2368 24 21 10
413 2373 57 14 cases
484 2367 62 22 wine,
566 2367 70 20 Wick-

46 2397 62 20 steed.
112 2408 26 3 —
141 2397 25 19 14
177 2402 57 16 cases
246 2397 10 19 1
274 2396 50 21 cask
342 2395 79 20 British
438 2394 74 27 goods,
525 2395 25 20 10
562 2394 74 21 tierces

46 2425 54 25 beef,
112 2425 24 21 21
153 2424 79 21 barrels
249 2424 62 26 pork,
324 2423 39 21 120
380 2423 64 23 deals,
457 2423 10 19 1
486 2428 47 14 case
548 2422 87 23 leather,

49 2453 10 19 1
77 2453 64 19 tierce
157 2454 104 21 currants,
273 2452 12 19 2
302 2451 51 26 bags
363 2453 57 21 nuts,
433 2451 25 19 14
470 2456 56 14 cases
541 2449 71 24 wines,
623 2451 12 19 4

47 2480 60 20 casks
117 2479 87 26 brandy,
216 2480 11 18 1
239 2479 50 20 hhd.
304 2485 55 17 rum,
372 2479 9 19 1
394 2480 85 23 quarter
489 2477 50 20 cask
549 2477 86 25 brandy,

48 2508 10 19 1
72 2514 45 14 case
128 2507 90 24 Geneva,
227 2507 26 19 24
262 2507 60 20 casks
332 2507 56 22 beer,
397 2507 12 18 4
418 2505 49 26 bags
477 2505 64 26 pearl,
553 2505 12 21 9
575 2505 61 19 casks

46 2535 80 25 barley,
138 2535 25 19 10
181 2534 61 20 casks
251 2535 13 19 8
275 2540 58 14 cases
350 2534 26 19 20
387 2533 66 20 boxei
470 2532 82 20 British
563 2532 72 26 goods,

47 2564 13 19 3
72 2562 59 20 casks
141 2562 97 21 oatmeal,
249 2562 26 20 30
292 2561 64 20 boxes
371 2561 90 23 candles,
474 2561 25 19 60
509 2566 58 14 cases
577 2566 58 20 soap,

47 2591 14 19 4
72 2595 57 14 cases
136 2589 62 24 jams,
210 2590 11 19 1
233 2589 49 20 cask
291 2589 43 20 flax
343 2589 66 22 seeds,
420 2589 59 19 Hort
489 2587 16 26 8f
518 2588 34 20 Co.

663 2667 92 61 New
786 2667 215 61 Zealand
1032 2667 216 61 Gazette

711 2728 64 22 AND
789 2728 215 24 WELLINGTON
1019 2731 187 22 SPECTATOR.

786 2783 130 27 Saturday,
933 2784 88 23 March
1035 2786 21 25 5,
1073 2787 59 21 1842.

200 2732 113 13 ISWAKDS
315 2737 27 4 —
344 2732 139 13 COASTWTSE.

78 2754 29 21 In
126 2760 47 15 the
216 2754 98 21 Nelson
470 2759 65 14 from
553 2753 83 22 Queen

50 2782 165 20 Charlotte's
231 2782 86 20 Sound.
320 2792 28 4 —
352 2782 90 20 Wallace
456 2781 19 26 Sf
492 2782 42 23 Co.,
550 2782 86 25 Agents.

47 2820 28 5 —
77 2811 12 19 4
100 2810 60 20 hhds.
174 2809 84 25 pickled
267 2809 48 25 fish,
326 2810 12 19 4
350 2809 77 21 barrels
438 2809 59 21 dried
505 2808 49 21 fish.

196 2870 139 17 OUTWARDS,
348 2870 140 14 COASTWISE.

78 2900 29 20 Iv
115 2906 47 14 the
364 2905 46 14 for
426 2899 98 20 Nexson
540 2898 97 21 Haven.

47 2938 29 4 —
76 2928 81 19 Rhodes
167 2927 18 26 8f
197 2928 43 23 Co.,
247 2928 87 25 Agents.
336 2938 28 3 —
366 2928 26 19 16
402 2926 79 21 barrels
490 2926 81 21 bottled
580 2926 57 25 beer,

49 2956 13 19 8
80 2956 59 19 casks
156 2956 104 22 sundries,
271 2956 12 19 4
294 2957 68 18 crates
380 2955 147 23 earthenware,
540 2955 24 19 15
574 2955 63 20 boxes

47 2983 91 27 apparel,
152 2984 9 19 1
181 2983 48 26 pipe
246 2983 60 23 wine,
317 2984 13 19 2
341 2983 75 19 firkins
432 2983 9 19 1
453 2988 39 14 can
508 2983 129 25 turpentine,

49 3011 12 18 1
73 3013 37 17 ton
119 3011 54 23 zinc,
186 3011 24 19 11
228 3011 103 25 packages
349 3011 10 19 1
378 3010 51 20 hhd.
440 3010 103 24 sundries,
555 3010 12 20 3
578 3010 59 20 casks

48 3038 61 22 nails,
122 3039 11 18 1
144 3039 34 19 do.
190 3038 70 26 frying
275 3044 60 21 pans,
347 3039 12 18 4
370 3038 69 20 chests
454 3038 93 26 apparel,
558 3039 12 18 5
581 3044 56 14 cases

49 3065 102 24 sundries,
163 3065 13 19 6
186 3065 79 20 barrels
279 3065 39 24 ale,
330 3066 27 19 26
369 3072 123 19 saucepans,
505 3066 39 20 179
555 3065 82 23 boards,

48 3093 27 19 30
91 3092 69 26 pieces
177 3093 110 26 soantling,
304 3094 78 23 22,000
401 3093 100 26 shingles,
512 3093 13 19 6
543 3093 70 25 boxes,
625 3094 12 19 4

48 3120 34 20 do.
98 3120 91 24 apparel,
203 3121 72 19 Order.

77 3258 28 20 In
121 3264 46 13 the
322 3264 46 14 roit
384 3258 254 23 MxNEWATU.-riTFai'W

49 3286 42 19 and
110 3286 70 24 lyser,
198 3286 86 24 Agents.
286 3296 26 4 —
313 3286 28 19 50
361 3286 101 25 packages
482 3286 126 26 machinery,
627 3288 10 19 1

49 3314 51 19 cask
108 3319 52 19 rum,
169 3313 46 21 half
228 3316 38 16 ton
275 3313 63 24 flour,
357 3314 12 18 2
385 3313 78 21 barrels
474 3314 60 26 pork,
554 3316 10 20 1
583 3314 55 21 ditto

49 3340 54 26 beef,
115 3347 12 14 a
136 3340 97 26 quantity
245 3340 112 24 furniture,
366 3341 83 20 Kebble.

78 3147 28 21 In
133 3153 47 14 the
466 3153 47 15 for
543 3148 95 21 Nelson

49 3174 89 22 Haven
149 3181 50 14 and
218 3175 104 20 Stdney.
324 3187 28 3 —
354 3177 25 19 28
396 3176 103 26 packages
515 3176 98 26 baggage,
627 3177 10 19 1

48 3203 65 20 whale
128 3203 58 22 boat,
200 3203 59 24 Capt.
272 3204 105 25 England.
379 3215 26 3 —
406 3203 66 22 house
487 3203 42 21 and
540 3204 97 26 baggage,

51 3230 59 25 Capt.
124 3230 109 20 Carkreek.

1315 2268 101 25 Persons
1429 2269 97 31 wishing
1536 2274 22 18 to
1570 2269 128 31 depreciate
1707 2269 57 24 Port
1776 2269 96 24 Nichol-

1281 2311 42 15 son
1335 2311 38 15 are
1383 2303 144 23 accustomed
1540 2307 21 19 to
1575 2302 101 24 describe
1690 2303 36 23 the
1738 2303 53 23 land
1803 2303 24 23 in
1843 2304 29 23 its

1280 2337 95 30 vicinity
1398 2344 25 15 as
1471 2336 90 30 heavily
1723 2337 44 23 and
1788 2337 85 31 having

1281 2370 50 24 said
1341 2378 34 20 so,
1386 2369 53 32 they
1446 2369 99 31 imagine
1554 2369 49 23 that
1610 2369 119 32 intending
1739 2371 131 30 emigrants,

1282 2404 53 23 with
1348 2402 59 24 little
1419 2411 25 15 or
1456 2411 28 15 no
1499 2403 90 31 capital,
1603 2403 45 24 will
1661 2404 27 22 be
1700 2403 103 24 deterred
1814 2403 58 25 from

1281 2437 94 30 settling
1387 2437 24 22 in
1422 2444 42 16 our
1477 2436 96 30 Colony.
1611 2436 48 23 But
1679 2437 134 30 experience
1831 2437 40 24 has

1281 2470 85 32 proved
1378 2469 37 24 the
1429 2470 136 30 superiority
1577 2470 25 23 of
1617 2470 38 23 the
1664 2470 87 30 thickly
1763 2470 109 25 timbered

1280 2504 54 24 land
1346 2508 22 19 to
1382 2511 66 23 every
1458 2503 65 24 other
1535 2503 137 31 description
1690 2503 24 23 of
1735 2505 43 22 soil
1787 2514 6 19 ;
1815 2504 56 29 also,

1281 2538 50 23 that
1353 2538 39 22 the
1411 2538 61 30 price
1491 2536 26 23 of
1539 2544 62 15 sawn
1620 2537 82 23 timber
1723 2537 45 24 will
1785 2545 30 23 go
1837 2538 35 24 far

1281 2571 85 31 paying
1376 2570 37 23 the
1425 2578 100 23 expense
1538 2569 25 24 of
1578 2570 101 31 clearing
1688 2571 26 23 it.
1755 2570 117 32 Knowing

1282 2605 53 28 this,
1349 2604 90 23 settlers
1450 2608 52 19 turn
1515 2610 98 24 sawyers
1625 2611 25 15 as
1663 2603 50 24 well
1731 2611 24 16 as
1775 2604 96 24 cultiva-

1281 2643 47 19 tors
1337 2647 6 19 ;
1357 2637 54 30 they
1422 2637 94 23 become
1528 2641 91 19 tenants
1632 2637 25 23 of
1672 2636 69 24 farms
1754 2638 25 22 of
1788 2643 83 26 twenty

1283 2680 24 15 or
1320 2671 70 30 thirty
1401 2678 71 21 acres,
1483 2670 45 23 and
1536 2678 129 16 commence
1674 2670 86 31 falling,
1769 2671 100 32 lopping,

1281 2705 108 31 burning,
1397 2704 140 31 andpotatoe
1545 2705 103 30 growing
1653 2703 54 24 with
1716 2705 38 22 the
1762 2705 110 31 certainty

1283 2739 25 23 of
1317 2747 14 14 a
1341 2738 140 31 respectable
1490 2737 169 31 independence
1671 2738 23 22 in
1709 2737 36 23 the
1757 2745 80 16 course
1850 2738 24 23 of

1283 2780 13 15 a
1307 2772 42 23 few
1361 2779 75 23 years.
1474 2771 51 23 The
1545 2771 105 23 landlord
1662 2771 80 23 assists
1761 2771 63 23 them
1841 2772 30 30 by

1283 2805 137 30 demanding
1431 2804 55 30 only
1495 2812 14 15 a
1519 2811 143 24 peppercorn
1669 2809 51 18 rent
1730 2804 34 23 for
1777 2805 38 23 the
1822 2805 50 24 first

1283 2844 51 23 two,
1345 2839 71 28 three,
1426 2846 25 15 or
1464 2839 50 22 four
1527 2846 74 22 years.
1627 2837 30 24 In
1665 2837 45 24 this
1722 2846 50 23 way
1784 2839 38 23 the
1832 2839 40 23 ab-

1282 2877 77 19 sentee
1370 2872 128 31 proprietor
1506 2871 139 24 contributes
1657 2871 37 23 his
1702 2872 65 23 share
1776 2872 95 24 towards

1283 2906 38 23 the
1342 2910 50 18 cost
1410 2905 25 23 of
1455 2905 89 30 taming
1559 2905 38 23 the
1614 2904 84 29 forest;
1721 2905 45 23 and
1782 2913 35 15 we
1835 2914 37 15 are

1281 2940 76 30 happy
1370 2943 23 18 to
1413 2943 59 18 state
1490 2938 50 23 that
1557 2938 89 23 several
1664 2939 24 23 of
1705 2938 37 24 the
1760 2940 113 31 principal

1283 2980 94 21 owners,
1399 2971 57 24 have
1473 2972 70 31 lately
1566 2972 132 24 authorized
1718 2973 59 23 their
1793 2978 80 25 agents

1283 3011 22 18 to
1315 3010 68 27 grant
1393 3006 73 23 leases
1480 3005 24 24 of
1512 3006 104 23 fourteen
1627 3006 52 28 and,
1691 3006 25 23 in
1726 3014 63 15 some
1801 3014 71 21 cases,

1283 3044 142 26 twenty-one
1443 3047 74 22 years.
1555 3039 51 23 The
1617 3039 100 31 farming
1737 3039 98 30 produce
1851 3041 25 22 of

1283 3074 38 22 the
1335 3073 62 23 Hutt
1409 3073 18 22 is
1436 3072 92 31 already
1533 3072 164 30 considerable,
1708 3072 43 24 and
1761 3072 53 24 with
1825 3073 49 24 that

1283 3107 24 23 of
1317 3107 105 28 Porirua,
1436 3105 44 24 and
1490 3106 64 23 other
1561 3105 108 30 districts,
1683 3107 94 31 muslin
1788 3114 13 15 a
1811 3106 63 24 short

1283 3141 55 22 time
1349 3140 79 22 suffice
1440 3139 35 23 for
1486 3138 39 24 the
1537 3139 66 24 home
1611 3140 167 30 consumption.
1808 3140 66 24 Then

1283 3181 33 15 we
1328 3172 59 24 shall
1398 3173 93 23 become
1500 3177 119 26 exporters
1628 3173 25 23 of
1662 3173 58 23 flour
1730 3173 44 24 and
1783 3174 91 23 articles

1283 3213 50 17 now
1357 3206 108 23 obtained
1486 3206 61 23 from
1566 3206 170 31 neighbouring
1759 3206 114 30 Colonies,

1283 3240 46 24 and
1335 3239 89 31 foreign
1437 3239 123 24 countries.
1596 3241 40 22 An
1644 3239 131 32 exportable
1782 3241 93 31 surplus

1284 3275 19 22 is
1316 3273 60 23 what
1387 3273 38 24 the
1440 3272 91 31 Colony
1543 3277 62 19 must
1616 3273 46 24 aim
1674 3277 31 20 at;
1792 3286 19 13 ,v
1819 3297 6 4 „

1317 3306 30 24 In
1359 3306 134 24 connection
1505 3307 56 23 with
1572 3306 39 24 the
1630 3307 71 23 above
1717 3307 113 30 remarks,
1841 3316 34 15 we

1283 3348 53 23 may
1347 3340 109 28 mention,
1480 3339 50 24 that
1550 3340 49 23 Mr.
1618 3340 150 24 Molesworth
1787 3342 19 22 is
1825 3349 49 16 now

1284 3374 94 30 digging
1389 3381 32 24 up
1432 3373 37 23 his
1480 3372 86 32 kidney
1582 3377 113 27 potatoes,
1714 3374 45 23 and
1776 3375 50 23 that
1838 3376 37 23 the

1283 3407 61 31 yield
1356 3408 20 22 is
1389 3415 29 15 no
1429 3406 47 24 less
1486 3406 56 24 than
1565 3406 102 31 eighteen
1686 3411 51 20 tons
1749 3416 47 23 per
1813 3417 60 15 acre.

1284 3441 52 24 The
1358 3440 100 31 produce
1481 3439 26 25 of
1533 3440 38 23 the
1592 3440 65 24 other
1680 3441 150 32 descriptions
1854 3443 23 24 of

1283 3478 103 28 potatoes
1406 3474 47 23 will
1475 3481 96 23 average
1593 3475 55 22 nine
1670 3479 52 19 tons
1744 3483 41 23 per
1806 3483 52 16 acre
1867 3485 6 20 ;

1284 3507 74 24 which
1370 3511 24 20 at
1404 3507 39 24 £6
1456 3515 39 24 per
1511 3511 47 25 ton,
1571 3507 45 24 will
1635 3507 82 24 refund
1733 3509 82 31 capital
1827 3518 49 15 em-

1283 3540 91 33 ployed,
1399 3540 45 24 and
1464 3540 65 24 leave
1547 3548 28 15 an
1599 3541 75 31 ample
1696 3542 68 30 profit
1785 3550 30 15 on
1838 3543 38 23 the

1284 3574 159 32 expenditure.
1479 3574 24 24 It
1514 3575 21 22 is
1547 3573 38 24 the
1597 3575 63 30 large
1674 3575 104 31 quantity
1789 3575 25 24 of
1823 3576 53 23 land

1283 3609 48 23 like
1343 3608 54 28 this,
1410 3607 111 28 forsooth,
1533 3607 75 24 which
1618 3608 20 23 is
1651 3615 25 16 so
1688 3613 64 26 great
1770 3617 14 15 a
1799 3608 77 25 disad-

1283 3646 97 24 vantage
1393 3645 22 19 to
1427 3641 58 24 Port
1497 3640 127 24 Nicholson
1633 3642 5 23 !

701 2836 47 24 The
760 2836 75 24 South
846 2837 102 32 African
961 2838 150 25 Commercial
1117 2840 136 25 Advertiser

667 2869 25 23 of
708 2869 98 32 January
818 2873 10 22 1
835 2889 6 11 ,
860 2872 36 23 for
907 2881 14 14 a
933 2880 57 23 copy
1010 2874 25 22 of
1051 2874 75 23 which
1144 2882 34 16 we
1196 2875 57 24 have

667 2907 22 19 to
701 2903 71 24 thank
783 2912 14 15 a
808 2912 124 24 passenger
944 2905 29 31 by
983 2906 39 23 the
1033 2907 103 29 Birman,
1150 2912 103 21 contains

667 2945 14 14 a
697 2937 51 31 long
766 2942 104 25 account,
890 2940 117 23 extracted
1017 2940 60 23 from
1095 2941 39 23 the
1156 2941 96 25 London

668 2970 77 29 Times,
766 2971 25 23 of
811 2971 38 23 the
867 2972 141 24 destruction
1030 2973 31 32 by
1079 2974 41 23 fire
1142 2975 24 22 of
1215 2976 38 25 the

668 3003 77 25 Grand
754 3005 138 24 Storehouse
902 3006 45 23 and
955 3006 74 26 Small
1035 3007 116 32 Armoury
1184 3010 24 22 in
1216 3010 37 24 the

667 3037 79 24 Tower
759 3038 24 24 of
800 3037 106 25 London.
944 3039 51 24 The
1013 3041 136 32 particulars
1167 3043 25 22 of
1209 3043 44 24 this

666 3070 133 25 lamentable
812 3077 67 18 event
896 3081 39 15 are
954 3074 68 29 given
1039 3074 24 23 in
1082 3082 14 15 a
1116 3075 137 32 subsequent

665 3112 56 24 page
722 3118 33 4 —
756 3106 44 23 and
817 3106 25 23 in
858 3106 38 24 the
914 3110 50 20 true
976 3107 98 24 London
1093 3110 160 29 penny-a-line

667 3138 55 32 style
735 3140 24 23 of
775 3139 144 32 description.
956 3140 77 24 When
1044 3142 39 22 the
1091 3142 162 32 conflagration

666 3180 46 16 was
722 3173 51 24 first
790 3174 132 23 mentioned
941 3174 62 29 here,
1027 3175 38 23 the
1089 3181 96 18 account
1187 3200 5 9 (
1208 3185 45 16 was

667 3206 111 32 supposed
790 3212 23 18 to
823 3208 30 22 be
863 3216 14 14 a
895 3208 68 29 hoax,
983 3208 41 23 but
1036 3208 63 24 there
1110 3210 20 22 is
1142 3217 30 15 no
1185 3210 68 24 doubt

667 3240 25 23 of
708 3241 26 22 its
747 3241 69 22 truth.

701 3273 98 31 English
822 3282 83 23 papers
924 3278 24 20 to
966 3274 39 24 the
1024 3275 41 23 6th
1085 3275 25 23 of
1124 3276 130 25 November

667 3306 45 24 had
720 3307 58 24 been
797 3308 104 24 received
914 3312 23 19 at
955 3308 39 24 the
1007 3309 70 31 Cape,
1097 3309 42 23 but
1149 3310 55 23 with
1216 3310 38 24 the

667 3342 116 29 exception
800 3341 24 23 of
842 3341 39 23 the
898 3342 144 31 catastrophe
1060 3347 24 19 at
1102 3342 38 24 the
1164 3344 89 29 Tower,

667 3374 39 23 the
717 3382 59 15 news
788 3375 21 22 is
820 3379 42 18 not
872 3375 132 30 important.

703 3407 19 24 It
741 3415 96 24 appears
854 3408 46 23 that
915 3408 39 23 the
969 3409 63 23 force
1050 3410 100 24 directed
1165 3411 89 30 against

669 3441 78 30 China,
761 3443 19 21 is
794 3445 22 20 to
826 3441 30 23 be
868 3441 119 24 increased
998 3443 30 26 by
1040 3443 37 24 the
1089 3443 60 24 98th
1161 3444 45 23 and
1217 3445 37 23 the

668 3474 54 24 50tli
735 3475 146 30 Regiments.

701 3507 48 24 The
762 3508 82 25 Queen
857 3516 45 16 was
914 3509 25 23 in
950 3509 60 30 good
1021 3509 84 30 health,
1118 3510 43 24 but
1173 3511 81 26 Queen

667 3541 108 24 Adelaide
787 3542 45 23 had
843 3542 58 23 been
914 3543 103 30 severely
1028 3543 33 23 ill.

702 3575 36 23 Sir
750 3575 96 24 Charles
863 3575 76 31 Bagot
958 3575 45 24 had
1022 3576 69 24 sailed
1103 3577 35 23 for
1153 3577 100 30 Canada,

668 3608 44 23 and
719 3608 61 24 Lord
790 3608 174 31 Ellenborough
972 3610 34 23 for
1018 3610 74 29 India,
1107 3618 26 16 as
1149 3610 105 26 Govern-

668 3641 156 24 or-Generals.

1937 672 50 24 The
2009 671 118 32 following
2147 677 123 19 statement
2297 675 130 30 respecting
2453 675 40 22 the

1904 705 57 24 New
1968 705 102 24 Zealand
2083 706 138 31 Company's
2227 706 143 23 settlements
2382 708 19 22 is
2412 708 80 30 copied

1902 739 58 23 from
1973 747 13 14 a
1996 739 46 23 late
2050 739 95 23 number
2155 739 25 23 of
2194 739 38 23 the
2242 739 144 30 Australian,
2399 740 94 31 Sydney

1902 779 69 22 paper
1982 780 6 15 :—:
1990 784 34 4 —

1929 804 49 20 You
1990 804 53 19 have
2057 804 71 24 heard,
2144 805 24 19 of
2180 811 82 18 course,
2277 811 27 13 an
2318 807 91 19 account
2419 806 25 20 of
2455 806 38 20 the
2501 826 3 5 ,

1903 830 79 21 Nelson
1995 831 125 20 Settlement
2130 833 66 19 where
2211 833 35 19 the
2257 832 52 20 New
2319 833 93 20 Zealand
2428 833 65 21 Com-

1902 864 56 20 pany
1971 858 18 20 is
2005 861 22 17 to
2043 858 54 20 form
2111 859 35 20 the
2160 860 104 25 principal
2278 861 121 19 settlement
2407 861 29 19 -in
2450 861 44 20 this

1903 888 96 23 country.
2036 885 56 20 Such
2107 885 62 26 being
2185 887 56 19 their
2255 887 85 21 avowed
2356 888 76 25 object,
2450 894 44 20 you

1902 913 68 19 would
1988 913 105 25 naturally
2102 913 90 26 imagine
2206 920 12 14 a
2228 915 80 25 variety
2318 915 24 19 of
2354 918 59 22 ports
2423 916 71 20 would

1902 941 52 19 have
1967 940 53 20 been
2036 940 82 24 visited,
2134 941 50 19 with
2199 941 35 19 the
2249 944 56 17 most
2318 943 111 19 assiduous
2445 949 48 14 care

1903 974 27 13 on
1941 969 35 19 the
1991 969 48 24 part
2049 968 24 20 of
2085 968 36 20 the
2133 968 126 26 Company's
2270 969 104 26 principal
2387 971 71 19 officer
2467 976 26 14 or

1902 1002 108 19 surveyor.
2038 995 45 21 The
2098 998 98 23 contrary
2212 1002 87 20 appears
2312 998 23 18 to
2349 996 27 20 be
2390 997 37 20 the
2441 998 52 19 fact.

1902 1023 45 19 The
1957 1023 58 26 place
2025 1023 79 20 chosen
2114 1023 18 20 is
2142 1023 91 21 situated
2246 1023 64 20 about
2321 1024 35 20 the
2366 1024 128 20 south-west

1902 1052 47 24 part
1966 1051 24 19 of
2002 1051 79 20 Cook's
2098 1051 82 23 Straits,
2196 1056 22 14 at
2234 1051 37 20 the
2286 1051 83 20 bottom
2385 1052 25 20 of
2422 1059 14 12 a
2448 1052 48 26 gulf

1903 1078 75 20 known
1986 1085 22 13 as
2015 1078 63 20 Blind
2086 1078 47 26 Bay
2139 1086 5 17 ;
2174 1078 15 20 I'
2195 1084 97 21 presume
2300 1079 49 20 thus
2356 1079 75 20 named
2438 1080 55 19 from

1902 1105 36 20 the
1947 1105 103 25 intricacy
2065 1105 32 27 (to
2107 1111 37 19 say
2161 1106 35 19 the
2206 1106 61 26 least)
2284 1106 24 19 of
2319 1106 28 20 its
2363 1107 130 25 navigation.

1902 1132 19 19 A
1936 1139 58 14 more
2009 1134 102 25 unhappy
2125 1134 92 19 location
2234 1133 33 20 for
2283 1139 12 14 a
2304 1134 122 20 settlement
2441 1141 27 13 on
2480 1141 14 13 a

1901 1160 57 26 large
1965 1160 61 25 scale,
2036 1160 62 20 could
2105 1164 37 16 not
2148 1162 51 18 have
2206 1161 52 19 been
2266 1161 99 20 selected.
2393 1162 46 19 The
2446 1162 49 25 gulf

1901 1188 19 19 is
1937 1193 55 20 open
2011 1189 23 18 to
2051 1188 35 19 the
2105 1188 124 19 north-west
2246 1188 65 19 winds
2328 1189 69 20 which
2413 1189 82 25 prevail

1902 1214 75 26 during
1991 1221 12 13 a
2013 1217 59 23 great
2084 1216 85 24 portion
2182 1216 26 19 of
2219 1216 36 19 the
2269 1221 57 19 year,
2342 1216 151 26 accompanied
2501 1221 5 5 *

1901 1242 51 19 ■with
1963 1243 78 19 terrific
2050 1245 67 23 gusts.
2144 1242 52 21 This
2206 1243 18 19 is
2234 1242 37 19 the
2280 1242 84 26 leading
2380 1243 56 20 wind
2446 1244 46 19 into

1901 1270 36 19 the
1947 1269 51 26 gulf,
2014 1270 39 19 but
2063 1270 72 19 unlike
2148 1270 83 24 leading
2245 1270 67 19 winds
2327 1271 24 19 in
2365 1272 91 24 general,
2467 1278 25 13 so

1901 1298 99 19 welcome
2010 1299 22 18 to
2044 1298 35 19 the
2090 1297 98 25 mariner,
2203 1297 61 20 when
2274 1298 85 25 making
2374 1305 12 12 a
2396 1298 97 20 destined

1901 1327 49 24 port
1958 1332 5 16 ;
1978 1325 50 20 here
2039 1324 17 20 it
2067 1324 94 21 becomes
2171 1325 33 20 his
2219 1327 91 23 greatest
2320 1325 99 25 obstacle,
2431 1326 33 20 for
2474 1326 19 20 it

1901 1352 64 20 raises
1975 1358 23 13 so
2009 1353 67 25 heavy
2084 1359 13 13 a
2108 1359 41 17 sea,
2160 1353 51 19 with
2220 1352 98 20 breakers
2329 1359 50 14 over
2389 1353 35 19 the
2434 1354 57 24 flats,

1901 1379 68 20 which
1978 1379 86 20 abound
2073 1379 73 20 within
2156 1380 35 20 the
2208 1382 56 24 port,
2276 1380 45 20 that
2332 1386 27 14 no
2374 1381 67 20 vessel
2452 1387 40 14 can

1900 1409 91 24 attempt
2006 1407 36 21 the
2057 1407 127 26 navigation.
2214 1407 19 20 A
2247 1410 106 23 contrary,
2367 1414 24 14 or
2405 1408 87 26 beating

1900 1435 64 24 ■wind,
1974 1435 88 25 causing
2071 1435 51 25 only
2131 1441 12 13 a
2149 1435 66 26 ripple
2225 1441 28 13 on
2260 1435 37 19 the
2306 1435 54 24 flats,
2368 1435 18 20 is
2396 1436 37 19 the
2441 1436 51 25 only

1901 1468 39 14 one
1951 1463 46 19 that
2010 1469 40 13 can
2064 1462 46 20 well
2125 1463 24 19 be
2164 1463 59 19 made
2237 1468 37 14 use
2285 1463 29 24 of,
2330 1463 42 19 and
2382 1463 42 20 this
2439 1463 52 26 only

1902 1493 21 16 to
1937 1490 66 20 attain
2017 1491 37 19 the
2069 1492 61 18 outer
2142 1491 123 24 anchorage,
2284 1490 33 19 for
2330 1490 86 25 beating
2430 1496 60 15 room

1901 1517 58 20 there
1968 1524 87 19 appears
2065 1519 21 18 to
2096 1517 26 19 be
2140 1524 61 18 none,
2213 1517 53 19 after
2277 1517 34 20 the
2323 1523 63 15 seven
2396 1518 92 20 fathoms

1899 1545 90 26 ground,
2008 1552 22 13 as
2048 1545 35 19 the
2100 1550 92 14 narrows
2208 1545 51 19 then
2278 1551 127 14 commence.
2444 1545 48 21 The

1900 1572 65 20 above
1978 1572 144 20 observations
2137 1578 41 19 you
2192 1572 43 20 will
2249 1572 44 20 find
2307 1572 52 26 fully
2372 1573 64 20 borne
2451 1576 38 17 out

1900 1599 28 26 by
1947 1599 101 26 carefully
2067 1600 98 25 perusing
2208 1599 97 20 Extracts
2325 1600 55 19 from
2399 1600 91 26 Captain

1900 1626 135 21 Wakefield's
2161 1627 23 19 in
2201 1628 35 19 the
2257 1627 129 26 Company's
2403 1628 90 20 Gazette

1900 1654 24 20 of
1936 1655 36 20 the
1978 1654 52 21 20th
2041 1655 24 18 of
2078 1654 125 25 November,
2215 1655 66 20 where
2288 1661 42 19 you
2339 1656 43 19 will
2389 1656 44 19 find
2443 1657 47 18 that

1900 1682 35 19 the
1946 1683 79 25 clipper
2031 1682 47 26 brig
2085 1682 83 24 Arrow,
2177 1683 47 19 that
2230 1683 59 19 made
2297 1683 35 20 the
2342 1689 86 19 passage
2434 1684 58 19 from.

1900 1710 89 20 London
1999 1712 23 18 to
2038 1709 50 21 Port
2104 1710 117 20 Nicholson
2235 1710 23 19 in
2272 1710 144 26 ninety-three
2431 1712 59 24 days,

1900 1743 40 14 was
1956 1738 57 19 three
2025 1738 52 25 days
2090 1737 57 20 from
2159 1738 113 20 Astrolabe
2287 1738 70 19 Roads
2373 1741 21 17 to
2409 1738 83 20 Nelson

1900 1765 82 20 Haven-
2013 1764 90 27 Captain
2116 1765 116 20 Wakefield
2246 1766 64 19 sailed
2326 1766 23 19 in
2363 1766 36 19 the
2413 1766 78 19 Arrow

1900 1796 21 17 to
1934 1793 36 20 the
1985 1792 74 21 Haven
2067 1800 6 19 ;
2095 1792 28 21 he
2138 1793 49 20 thea
2202 1795 50 18 next
2264 1793 40 25 day
2318 1793 81 26 piloted
2415 1793 24 20 in
2455 1794 37 19 the

1904 1821 51 20 Will
1968 1820 75 20 Watch
2053 1828 5 16 ;
2077 1820 41 20 and
2134 1820 22 20 in
2173 1820 37 20 the
2227 1821 112 19 afternoon
2356 1821 80 25 piloted
2456 1822 36 19 the

1903 1849 93 24 Wliitby,
2006 1847 68 21 which
2085 1847 114 26 grounded,
2211 1848 42 20 and
2261 1848 43 19 had
2313 1851 22 17 to
2345 1848 27 20 be
2384 1849 108 24 lightened

1899 1877 22 19 in
1933 1876 35 20 the
1980 1875 78 26 night's
2069 1875 50 24 tide,
2130 1875 41 20 and
2181 1882 41 13 was
2227 1877 37 23 got
2276 1875 29 20 off
2320 1878 51 18 next
2380 1876 51 24 tide,
2443 1877 50 24 only

1900 1910 12 14 a
1921 1903 55 20 little
1984 1903 80 20 rubbed
2074 1903 22 19 in
2107 1903 37 19 her
2154 1909 84 20 copper.
2269 1902 90 27 Captain
2376 1903 119 21 Wakefield.

1900 1931 111 20 concludes
2023 1930 33 20 his
2067 1931 66 24 Diary
2143 1931 27 24 by
2179 1931 79 25 stating
2295 1932 37 18 she
2342 1933 37 23 got
2389 1931 30 20 off
2430 1932 62 20 with-

1900 1961 38 18 out
1947 1965 42 19 any
1999 1959 92 24 damage,
2107 1958 16 19 I
2129 1958 80 25 believe,
2222 1960 80 24 except,
2314 1959 100 25 perhaps,
2434 1966 58 13 some

1900 1986 23 20 of
1940 1987 38 19 her
1996 1992 78 19 copper
2222 1985 45 20 The
2287 1986 63 20 awful
2368 1987 58 25 gales
2446 1988 47 19 that

1899 2018 67 19 sweep
1977 2013 92 22 through
2079 2013 35 17 the
2125 2012 82 22 Straits,
2220 2013 40 17 and
2269 2013 23 17 in
2304 2013 27 17 alt
2344 2013 28 17 its
2384 2013 57 23 bays,

1900 2040 47 20 best
1957 2039 117 22 evidences,
2085 2038 47 20 that
2142 2044 50 14 even
2202 2038 23 19 in
2236 2038 43 19 this
2289 2039 41 19 fine
2341 2039 74 24 period
2425 2039 25 19 of
2458 2039 35 19 the

1900 2073 55 20 year,
1966 2067 36 19 the
2010 2066 75 20 Arrow
2092 2072 42 13 was
2142 2067 71 18 eleven
2222 2065 49 25 days
2279 2065 56 20 from
2344 2065 50 20 Port
2402 2065 90 21 Nichol-

1900 2100 38 14 son
1947 2096 22 18 to
1979 2094 36 19 the
2025 2095 100 18 entrance
2136 2093 23 19 of
2172 2092 64 20 Blind
2247 2093 53 24 Bay,
2311 2099 12 13 a
2333 2093 94 20 distance
2443 2100 49 19 pro-

1900 2121 63 25 bably
1973 2121 23 19 of
2004 2121 56 25 sixty
2070 2127 23 13 or
2104 2122 85 23 seventy
2197 2120 60 20 miles
2265 2113 57 33 only.

1928 2148 63 20 Until
2000 2149 37 19 the
2046 2148 115 19 formation
2171 2148 24 19 of
2203 2148 43 19 this
2263 2148 129 25 settlement,
2401 2148 37 20 the
2448 2148 44 21 Co-

1900 2176 76 20 lonists
1988 2178 22 17 at
2020 2176 52 19 Port
2087 2175 118 20 Nicholson
2217 2181 52 14 were
2284 2176 22 19 in
2321 2176 35 19 the
2366 2176 126 20 unenviable

1902 2204 92 26 position
2011 2204 25 20 of
2049 2203 63 25 being
2128 2203 83 20 located
2227 2203 68 20 where
2311 2204 66 25 heavy
2387 2204 64 25 gales,
2468 2210 25 14 or

1902 2232 70 19 rather
1986 2231 120 23 tornadoes,
2124 2237 34 14 are
2175 2230 77 21 almost
2262 2231 114 25 unceasing
2383 2239 5 16 ;
2403 2232 39 19 but
2456 2232 35 19 the

1901 2260 57 25 palm
1968 2263 56 16 must
2033 2260 25 18 be
2069 2258 104 21 conceded
2182 2258 28 26 by
2219 2258 83 24 Boreas,
2314 2261 21 17 to
2347 2259 36 19 the
2393 2265 46 14 new
2448 2262 42 17 set-

1902 2287 94 20 tlement.
2025 2286 32 21 To
2068 2286 109 24 conclude,
2194 2293 12 13 a
2224 2292 64 13 worse
2305 2286 93 21 location
2407 2286 35 21 for
2458 2287 35 20 the
2496 2296 2 2 ■

1902 2314 160 20 establishment
2072 2314 23 20 of
2102 2320 14 13 a
2125 2314 55 25 large
2191 2314 128 25 settlement,
2330 2314 90 26 perhaps
2431 2315 63 19 could

1902 2343 92 24 scarcely
2003 2341 52 21 have
2064 2342 54 19 been
2128 2341 97 23 selected,
2241 2341 40 20 and
2293 2341 53 20 after
2356 2348 12 13 a
2377 2344 58 24 great
2446 2345 47 17 out-

1902 2370 35 25 lay
1947 2370 18 19 is
1975 2369 68 25 made,
2059 2369 23 19 in
2097 2369 29 19 all
2138 2368 127 27 probability
2281 2369 36 19 the
2333 2369 60 26 place
2409 2369 43 19 will
2468 2369 26 20 be

1902 2397 130 23 abandoned,
2039 2396 36 20 for
2083 2403 40 13 one
2128 2402 73 14 nearer
2207 2399 22 17 to
2237 2397 37 19 the
2281 2399 44 17 east
2332 2399 59 17 coast
2398 2397 23 20 of
2427 2397 70 19 either

1901 2425 76 20 island.
2006 2425 20 19 A
2035 2425 80 19 similar
2125 2425 52 24 folly
2183 2425 39 19 has
2236 2423 53 21 been
2300 2424 87 26 wilfully
2396 2425 97 19 commit-

1901 2453 36 19 ted
1945 2453 25 19 in
1978 2453 35 19 the
2031 2452 103 20 selection
2145 2453 23 19 of
2180 2452 37 20 the
2227 2451 52 21 New
2290 2451 113 26 Plymouth
2419 2452 74 20 settle-

1900 2482 59 18 ment
1973 2482 22 18 at
2008 2479 113 25 Taranaki,
2137 2480 35 20 the
2185 2479 127 21 south-west
2332 2485 74 14 corner
2417 2480 24 19 of
2459 2480 34 20 the

1902 2507 82 21 Straits.
2013 2507 52 21 This
2076 2508 66 25 place,
2157 2507 53 20 after
2220 2514 12 12 a
2243 2507 58 26 large
2311 2507 71 25 outlay
2393 2507 38 20 has
2441 2507 56 20 been,

1902 2535 106 26 expended
2018 2536 28 25 by
2057 2536 34 19 the
2102 2535 89 24 settlers,
2202 2535 19 20 is
2231 2535 65 20 about
2306 2536 22 18 to
2339 2535 25 19 be
2376 2535 78 19 broken
2464 2541 31 19 up

1900 2568 23 14 as
1934 2569 28 14 no
1973 2562 44 25 safe
2032 2563 117 24 anchorage
2163 2568 39 14 can
2215 2562 26 20 be
2255 2562 66 20 found
2336 2562 34 20 for
2386 2562 104 27 shipping,

1899 2590 76 20 within
1988 2597 58 14 some
2061 2589 95 20 hundred
2170 2590 59 19 miles
2240 2590 25 19 of
2276 2590 56 19 their
2347 2592 66 17 coast.
2443 2590 50 19 Port

1899 2618 126 24 Nicholson,
2041 2617 19 20 is
2076 2617 144 25 undoubtedly
2230 2623 12 14 a
2250 2617 57 25 good
2321 2618 63 24 depot
2392 2618 34 19 for
2441 2623 51 19 sup-

1900 2645 73 26 plying
1981 2646 35 19 the
2023 2645 79 20 several
2110 2645 96 24 stations,
2218 2644 46 20 who
2272 2651 53 13 were
2333 2645 101 25 formerly
2441 2651 52 19 sup-

1900 2673 56 25 plied
1966 2673 54 20 from
2036 2672 85 26 Sydney
2130 2672 73 23 direct,
2222 2672 38 19 but
2272 2672 181 20 communication
2468 2675 22 17 to

1899 2701 38 19 the
1945 2700 71 20 fertile
2029 2700 61 19 lands
2100 2699 25 20 of
2132 2700 36 19 the
2178 2699 88 20 interior
2274 2700 21 19 is
2312 2699 89 25 entirely
2409 2702 38 17 cut
2456 2700 36 23 off,

1901 2728 27 26 by
1933 2728 82 19 ravines
2022 2728 43 19 and
2069 2727 149 20 mountainous
2227 2726 121 24 elevations,
2355 2727 142 20 thatreuders-

1900 2756 37 19 the
1947 2761 83 18 carrage
2039 2755 25 20 of
2072 2754 93 25 produce
2174 2754 189 20 insurmountable.

1929 2782 67 26 Many
2012 2789 34 13 are
2064 2783 36 19 the
2116 2782 103 20 locations
2234 2782 45 20 that
2294 2781 62 20 could
2373 2782 54 19 have
2441 2781 56 21 been-

1900 2810 91 20 selected
1999 2810 33 20 for
2041 2810 37 20 the
2087 2809 51 20 New
2147 2809 90 20 Zealand
2246 2809 117 26 Company,
2372 2810 125 25 possessing,

1900 2837 118 21 invaluable
2025 2838 126 25 advantages
2159 2843 26 14 on
2192 2837 37 20 the
2238 2839 46 18 east
2293 2839 69 17 coasts
2373 2837 25 19 of
2405 2837 36 19 the
2452 2840 45 16 two*

1900 2865 79 21 islands
1988 2872 5 17 ;
2010 2865 40 20 but
2060 2872 12 14 a
2088 2865 64 19 series
2162 2865 24 19 of
2199 2865 101 19 mistakes
2311 2865 52 19 have
2373 2864 53 20 been
2436 2870 58 14 com-

1901 2893 75 20 mitted
1991 2893 27 26 by
2028 2894 36 19 the
2077 2893 88 24 officers,
2183 2894 22 18 to
2219 2892 70 20 whom
2304 2893 36 19 the
2358 2891 101 21 selection
2472 2891 27 21 of

1901 2921 131 20 settlements
2042 2921 52 20 have
2107 2920 54 20 been
2170 2920 102 20 confided.
2304 2919 90 26 Captain
2404 2919 90 21 Hobson

1902 2949 78 19 offered
1993 2949 37 20 the
2046 2949 56 19 river
2110 2947 108 24 Tarinaki,
2230 2947 56 21 close
2297 2950 22 18 to
2329 2947 119 23 Auckland,
2465 2953 27 13 on

1902 2976 36 20 the
1948 2976 97 25 Thames,
2057 2978 23 18 to
2091 2976 89 25 Captain
2189 2975 125 25 Wakefield,
2325 2975 34 20 for
2366 2975 36 20 the
2412 2975 82 19 Nelson.

1903 3004 124 19 Settlement
2034 3011 6 16 ;
2058 3004 39 19 but
2103 2999 5 8 '
2113 3004 44 19 this
2170 3003 70 20 would
2257 3004 53 19 have
2326 3003 91 26 signally
2426 3003 66 19 inter-

1901 3031 60 20 fered
1982 3031 52 20 with
2058 3032 36 19 the
2116 3030 63 21 views
2198 3030 24 21 of
2243 3031 36 20 the
2304 3030 50 21 Port
2375 3030 119 20 Nicholson

1902 3058 115 21 colonists.

1936 3087 58 23 This
2001 3089 21 22 is
2028 3096 13 15 a
2050 3088 116 31 specimen
2176 3086 25 24 of
2210 3087 38 23 the
2255 3086 237 32 misrepresentations

1903 3120 26 23 of
1944 3120 57 24 New
2013 3121 110 29 Zealand,
2144 3121 44 22 and
2201 3120 121 32 especially
2335 3119 25 24 of
2374 3120 39 23 the
2430 3123 64 27 parts

1903 3154 100 24 selected
2020 3156 36 23 for
2079 3155 152 23 colonization
2252 3154 31 30 by
2304 3154 38 23 the
2366 3153 127 30 Company,

1902 3187 76 25 which
2004 3197 24 16 so
2051 3188 131 32 frequently
2203 3188 104 30 disgrace
2333 3186 39 24 the
2401 3185 93 31 Sydney

1902 3229 155 25 newspapers.
2094 3222 65 24 Here
2168 3229 33 15 we
2212 3221 57 23 have
2281 3227 14 16 a
2306 3220 84 23 cluster
2402 3219 25 23 of
2441 3218 52 24 lies.

1904 3255 25 24 It
1938 3256 21 22 is
1971 3259 40 20 not
2022 3259 52 20 true
2085 3256 49 23 that
2142 3255 89 23 Nelson
2237 3253 41 24 has
2286 3253 58 23 been
2351 3252 101 24 selected
2459 3252 34 23 for

1903 3289 39 23 the
1964 3290 114 31 principal
2098 3288 138 24 settlement.
2281 3286 51 24 The
2354 3286 140 31 Company's

1905 3323 118 31 Principal
2027 3323 80 30 Agent
2114 3321 47 24 had
2165 3319 80 33 visjted
2250 3327 69 23 many
2324 3324 64 27 ports
2392 3319 100 28 himself,

1904 3356 45 24 and
1972 3356 106 24 obtained
2100 3353 146 31 trustworthy
2268 3353 147 24 information
2434 3352 59 24 from

1904 3389 85 29 others,
2006 3410 2 5 ,
2017 3389 79 24 before
2124 3387 88 24 Nelson
2232 3394 45 16 was
2299 3387 70 23 taken
2397 3386 35 24 for
2456 3385 37 24 the

1905 3424 90 22 Second
2004 3423 96 30 Colony.
2131 3422 51 22 The
2191 3420 132 30 navigation
2331 3420 25 23 of
2365 3420 71 24 Bliud
2444 3419 49 31 Bay

1904 3457 20 24 is
1935 3460 41 20 not
1987 3457 105 23 intricate
2099 3464 5 15 :
2124 3462 68 22 many
2204 3453 86 24 vessels
2301 3453 57 23 have
2370 3452 124 32 attempted

1905 3491 45 23 and
1972 3497 42 16 are
2036 3490 15 11 *'
2060 3489 136 30 attempting
2218 3488 30 22 its
2450 3485 44 25 and

1904 3524 73 30 safely
1998 3528 45 19 too.
2085 3522 50 23 The
2406 3519 27 25 do
2457 3521 37 22 not

2097 3556 24 22 in
2132 3554 69 24 Blind
2212 3554 59 30 Bay.
2288 3560 4 4 *
2309 3554 51 24 The
2372 3556 122 22 statement

1904 3591 50 23 that
2178 3588 24 22 in
2225 3587 59 24 Port
2305 3587 129 24 Nicholson
2457 3593 36 17 are

1905 3624 82 23 almost
2000 3623 133 29 unceasing,
2145 3622 21 23 is
2177 3620 75 31 false,
2265 3621 46 24 and
2325 3621 50 24 that
2393 3621 54 30 they
2458 3627 36 16 are

1904 3665 63 16 more
1985 3656 106 31 frequent
2110 3656 26 23 in
2156 3655 68 23 Blind
2243 3655 56 30 Bay.
2312 3655 20 23 is
2356 3652 138 31 notoriously

1905 3690 45 24 and
1968 3689 147 30 ridiculously
2126 3693 92 19 untrue.
2255 3688 75 30 Then,
2341 3687 118 25 Taranaki
2474 3686 20 22 is

1905 3728 24 19 at
1939 3723 39 24 the
1999 3721 138 25 sowfA-wesi
2156 3730 79 15 corner
2246 3722 26 23 of
2287 3721 38 24 the
2338 3722 92 27 Straits,
2450 3718 44 25 and

1905 3757 37 23 the
1956 3757 57 23 New
2026 3756 126 31 Plymouth
2315 3763 32 15 we
2360 3763 38 15 are
2410 3753 54 29 told,
2475 3753 19 22 is

1905 3794 23 19 to
1951 3790 29 23 be
1998 3789 92 24 broken
2107 3790 45 31 up!
2194 3789 52 24 The
2268 3789 124 31 ignorance
2410 3787 25 23 of
2450 3785 44 25 this

1904 3824 76 22 writer
1991 3823 20 22 is
2020 3823 55 30 only
2086 3822 105 31 equalled
2201 3823 31 30 by
2239 3822 36 24 his
2286 3822 89 24 malice.

1318 3693 52 23 The
1378 3693 125 30 emigrants
1515 3691 30 32 by
1556 3691 38 25 the
1604 3691 98 25 Birman
1713 3701 83 24 appear
1807 3697 23 20 to
1847 3695 29 23 be

1283 3736 15 15 a
1308 3734 56 23 very
1376 3725 141 32 respectable
1530 3725 60 31 body
1610 3726 26 23 of
1657 3726 89 31 people,
1770 3726 106 32 disposed

1284 3766 23 18 to
1319 3765 34 19 set
1366 3764 23 18 to
1401 3758 64 24 work
1484 3758 96 24 without
1596 3759 75 30 delay.
1718 3759 43 23 We
1782 3768 37 15 are
1839 3761 37 23 in-

1283 3793 90 24 formed
1394 3792 51 23 that
1473 3792 87 23 certain
1581 3799 107 24 persons,
1701 3792 49 24 who
1773 3792 68 25 make
1864 3803 12 14 a

1284 3828 99 31 practice
1402 3827 25 23 of
1451 3825 161 31 discouraging
1632 3825 38 23 the
1692 3825 74 32 newly
1789 3827 87 23 arrived

1284 3862 91 23 settlers
1386 3860 31 31 by
1426 3859 92 31 gloomy
1530 3860 236 30 misrepresentations
1778 3860 25 23 of
1819 3860 57 24 their

1283 3898 127 28 prospects,
1429 3893 58 23 have
1507 3893 45 23 had
1570 3892 57 24 little
1645 3900 25 16 or
1681 3900 29 16 no
1721 3900 90 17 success
1823 3894 53 24 with

1284 3929 39 23 the
1336 3929 126 29 emigrants
1474 3934 40 24 per
1525 3926 105 28 Birmun,
1644 3926 49 24 who
1706 3926 55 24 have
1773 3927 103 24 resolved

1284 3966 23 20 to
1320 3962 102 23 exercise
1434 3960 59 24 their
1505 3968 50 15 own
1571 3959 122 30 judgment
1705 3968 29 16 on
1752 3960 59 24 what
1824 3961 52 30 they

1939 3867 141 24 Erratum.
2086 3879 33 5 —
2126 3867 52 23 The
2199 3866 130 33 paragraph
2349 3864 99 24 inserted
2471 3864 22 22 in

1905 3909 40 15 our
1964 3900 53 30 last,
2029 3902 132 30 respecting
2172 3900 36 24 the
2220 3899 87 24 vessels
2323 3904 23 19 at
2357 3898 103 27 Akaroa,
2474 3897 19 22 is

1905 3942 130 17 erroneous.
2074 3935 51 23 The
2144 3934 85 24 vessels
2248 3932 91 25 alluded
2359 3937 23 19 to
2401 3938 58 16 were
2471 3933 22 19 at

1907 3968 89 29 Otago.

703 3693 48 24 The
765 3693 87 25 Canton
871 3694 73 24 Press
961 3696 102 23 contains
1082 3703 28 16 an
1116 3700 106 19 -account
1232 3697 25 23 of

669 3726 38 23 the
723 3732 100 26 capture,
838 3735 28 16 on
875 3728 38 23 the
926 3729 58 23 26th
996 3728 102 31 Aug:M£,
1110 3729 26 23 of
1145 3729 85 31 Amoy,
1243 3738 13 15 a

668 3759 92 24 fortress
773 3768 29 15 on
814 3761 39 23 the
862 3761 99 24 Chinese
974 3766 63 19 coast
1045 3762 68 23 north
1121 3761 25 24 of
1157 3762 97 30 Canton,

668 3792 31 31 by
712 3792 33 23 the
759 3793 87 24 British
860 3798 78 27 troops
956 3796 73 24 under
1041 3795 106 24 Admiral
1166 3796 90 24 Parker

670 3825 44 26 and
729 3825 99 25 General
848 3827 92 32 Gough.
977 3829 52 24 The
1047 3829 100 24 Chinese
1166 3830 64 23 made
1243 3839 13 14 a

670 3859 91 31 spirited
772 3859 101 30 defence,
891 3860 42 24 but
945 3862 66 23 could
1025 3867 39 19 not
1084 3870 98 23 manage
1197 3862 67 25 their-

670 3892 111 31 artillery;
803 3893 38 23 the
865 3893 63 24 shots
1026 3896 95 31 passing
1143 3904 54 15 over
1218 3897 38 23 the

669 3925 67 24 heads
747 3927 24 23 of
780 3926 38 24 the
828 3926 132 25 assailants.
997 3929 37 23 No
1046 3930 68 22 fewer
1127 3929 55 23 than
1194 3930 62 31 eight

669 3959 99 24 hundred
781 3960 42 23 and
834 3965 43 19 two
888 3961 74 29 pieces
971 3961 24 23 of
1006 3970 89 17 cannon,
1105 3970 56 16 were
1169 3963 71 23 taken.
1248 3972 6 18 ;

140 3399 177 21 IMPORTANT
331 3399 38 20 TO
386 3399 160 21 MARINERS.

51 3434 29 20 To
90 3434 35 19 the
134 3434 78 20 Editor
221 3433 29 23 of
261 3434 35 19 the
334 3434 53 19 New
397 3434 92 20 Zealand
501 3436 86 20 Gazette
597 3437 41 19 and

207 3461 127 24 Wellington

78 3497 48 23 Sir,
127 3507 28 4 —
157 3496 84 26 Having
251 3496 120 21 discovered
380 3502 28 14 on
414 3503 34 19 my
454 3503 86 21 passage
548 3498 92 26 through

51 3524 80 21 Cook's
152 3524 76 20 Straits
247 3526 24 18 to
290 3524 44 20 this
354 3524 67 26 place,
442 3531 12 13 a
465 3524 105 22 .half-tide
580 3526 58 24 rock,

49 3552 68 20 which
135 3551 10 20 I
162 3558 98 19 presume
275 3552 18 19 is
310 3553 40 18 not
366 3551 105 26 generally
486 3552 83 23 known,
585 3559 23 14 as
620 3554 21 19 it

51 3580 50 19 does
117 3582 38 17 not
169 3585 78 20 appear
264 3585 28 14 on
307 3585 44 20 tiny
366 3579 23 20 of
406 3579 35 20 the
460 3578 78 25 charts,
560 3579 49 27 (and
629 3581 11 20 I

49 3607 52 22 have
112 3607 34 20 the
157 3609 72 18 recent
238 3613 41 14 one
288 3606 28 26 by
327 3606 100 27 Captains
438 3606 100 25 Chaffers,
550 3607 89 21 Robert-

51 3641 46 19 son,
116 3635 41 20 and
172 3634 82 26 Wing,)
275 3635 41 19 and
333 3635 18 19 it
366 3634 64 26 being
444 3634 23 20 in
486 3634 35 20 the
538 3636 61 19 track
618 3636 23 20 of

48 3662 78 21 vessels
136 3662 72 21 bound
216 3665 22 17 to
250 3662 50 20 Port
310 3662 125 24 Nicholsou,
444 3661 10 20 I
463 3661 51 21 have
524 3663 23 18 to
557 3665 84 24 request

50 3696 43 20 you
108 3688 40 23 will
164 3690 87 26 publish
270 3690 36 19 the
320 3689 110 25 following
446 3689 125 27 particulars
589 3691 52 20 with

49 3717 73 25 regard
133 3718 54 23 toit,
197 3718 42 19 viz.
249 3725 5 11 :—:
256 3727 29 5 —

80 3744 67 22 When
158 3747 22 18 at
190 3745 35 21 the
242 3744 95 21 distance
354 3744 24 21 6f
395 3751 12 14 a
421 3746 86 25 quarter
520 3744 25 21 of
564 3751 13 14 a
592 3745 49 21 mile

50 3772 55 20 from
128 3773 24 23 it,
173 3772 57 26 Cape
249 3772 119 20 Terriwitte
393 3772 86 26 bearing
497 3772 27 26 by
546 3778 95 20 compass

52 3799 51 20 S.E.
113 3799 28 26 by
157 3799 31 24 S.,
206 3799 56 26 Cape
279 3799 130 21 Koemarroo
428 3799 83 21 S.S.W.
521 3798 14 25 £
552 3799 43 25 W.,
605 3800 36 20 the

52 3826 64 21 south
126 3827 40 19 end
176 3827 25 19 of
214 3826 73 26 Kapiti
298 3827 71 20 Island
380 3827 56 20 N.E.
446 3827 29 26 by
484 3827 28 20 E.

80 3853 91 26 Perhaps
181 3854 18 19 it
211 3855 71 19 would
297 3854 26 21 be
340 3855 45 20 also
401 3861 112 20 necessary
521 3857 24 17 to
555 3854 86 21 observe

51 3881 58 23 here,
126 3881 45 20 that
188 3881 35 21 the
237 3882 59 19 chart
309 3883 65 19 above
388 3883 121 19 mentioned
521 3883 70 26 places
607 3883 34 19 the

51 3909 102 22 Brothers
162 3911 23 17 at
201 3909 54 19 least
271 3909 31 20 six
319 3909 61 22 miles
397 3912 36 18 too
442 3911 33 19 far
484 3911 23 19 in
521 3910 69 24 shore,
601 3910 40 20 and

52 3937 77 20 vessels
151 3936 89 25 shaping
261 3943 14 13 a
293 3943 76 14 course
387 3937 55 21 from
463 3937 56 26 Cape
539 3937 102 27 Stephens

53 3965 69 19 would
131 3970 59 14 corac
200 3970 49 19 very
260 3964 56 20 close
330 3968 22 16 to
362 3965 65 22 them,
438 3972 24 13 or
474 3965 93 24 possibly
578 3966 63 19 strike

533 42 99 32 THE
649 41 106 38 Niffr
768 40 230 34 ZEALAND
1018 40 226 33 GAZETTE
1263 38 105 33 AND
1390 39 326 34 WELLINGTON
1740 38 295 32 SPECTATOR.

1284 124 30 23 all
1332 124 39 23 the
1382 124 158 23 fortifications
1553 131 57 15 were
1629 122 135 24 dismantled
1782 130 25 16 or
1819 123 52 23 des-

1284 156 87 31 troyed,
1384 156 45 23 and
1437 158 131 29 magazines
1575 155 43 24 full
1629 156 26 23 of
1660 155 124 24 muniiiions
1794 155 25 23 of
1827 163 44 15 war

1284 189 106 24 removed
1403 197 24 15 or
1447 189 110 24 rendered
1571 189 96 23 useless.
1703 189 51 23 The
1773 188 98 24 Chinese

1285 222 133 23 considered
1439 222 44 25 the.
1490 223 93 22 fortress
1604 221 170 32 impregnable;
1796 222 41 22 but
1855 222 16 21 it

1284 262 46 16 was
1351 256 107 30 captured
1477 256 95 23 without
1588 254 38 24 the
1644 255 47 23 loss
1710 254 25 23 of
1756 262 43 15 one
1820 261 51 16 man

1285 288 79 28 killed,
1373 289 44 22 and
1425 296 13 15 a
1446 296 54 22 very
1507 289 39 22 few
1555 296 58 15 were
1621 287 117 24 wounded.
1763 287 44 23 We
1815 287 56 23 shall

1285 322 128 22 endeavour
1432 326 22 18 to
1467 322 51 30 give
1530 322 38 22 the
1586 320 142 32 particulars,
1742 320 73 24 which
1835 328 36 15 are

1274 360 2 23 ;
1285 355 142 29 interesting,
1440 358 57 19 next
1509 354 72 23 week.

671 130 24 14 on
712 125 36 19 the
764 124 53 20 rock
831 124 51 20 here
896 123 127 25 mentioned,
1040 123 69 20 which
1124 122 40 20 lies
1180 129 13 13 a
1201 128 55 21 goop

670 152 45 20 four
725 151 59 20 miles
793 151 24 20 in
816 149 6 12 1
826 157 14 13 a
854 151 29 20 N.
892 151 29 26 by
930 151 27 19 E.
968 150 104 20 direction
1081 150 55 20 from
1149 150 36 20 the
1194 151 62 19 west-

671 184 34 15 ern
713 179 98 21 Brother.
840 178 45 20 The
902 178 43 20 tide
961 178 59 20 when
1037 177 12 20 I
1062 177 74 26 passed
1152 177 36 19 the
1204 176 52 21 rock

672 209 40 16 was'
717 206 64 20 about
790 205 121 20 two-thirds
925 205 47 24 ebb,
983 204 41 20 and
1041 205 19 19 it
1074 210 42 14 was
1131 203 51 21 then
1191 204 65 20 about

671 236 36 17 two
717 233 43 19 feet
769 232 66 20 above
844 235 70 23 water,
926 232 123 25 apparently
1058 231 65 20 about
1133 231 36 20 the
1180 231 43 20 size
1234 230 23 20 of

670 266 13 14 a
688 262 38 18 tun
735 260 48 20 butt
792 259 43 20 and
844 260 37 19 flat
891 259 86 26 topped.

861 287 11 20 I
884 293 42 16 am,
938 286 40 24 Sir,

888 313 71 21 Yours
969 312 143 27 respectfully,

943 340 103 20 Arthur
1060 340 104 23 Devlin,

972 368 107 20 Schooner
1088 366 158 23 Abercrotnbie.,

670 395 47 21 Port
726 395 124 24 Nicholson,
862 395 76 21 March
947 396 22 23 2,
981 395 62 21 1842.

2211 112 7 12 4
2266 112 6 9 r
2328 120 7 3 _
2397 111 2 5 '
2441 113 9 5 -i

1900 122 54 24 hear
1965 122 45 24 and
2113 122 57 24 This
2182 124 21 23 is
2261 123 74 23 which
2342 125 52 23 'can
2396 124 3 16 l
2413 125 29 24 be
2459 133 39 16 re-

1902 155 80 31 quired
1996 156 26 22 of
2037 155 70 24 them.
2259 177 3 7 ,
2290 152 3 16 ;
2334 154 11 10 M
2406 156 10 16 •'
2426 156 13 19 *'

1904 203 19 7 ~*
1938 207 94 23 Colonel
2059 207 137 30 Wakefield,
2203 217 6 4 -
2223 209 50 24 who
2302 209 72 23 sailed
2401 217 26 16 in
2455 210 42 23 the

1901 238 133 31 Brougham,
2046 248 28 15 on
2088 240 101 32 Monday
2201 242 35 23 for
2255 242 99 28 Nelson,
2367 242 92 24 intends
2471 248 24 18 to

1902 273 96 30 proceed
2011 273 80 23 thence
2104 279 22 18 to
2138 275 58 22 New
2208 275 126 31 Plymouth
2344 284 7 20 ;
2370 275 75 24 where
2457 275 39 24 his

1902 313 107 23 presence
2021 313 51 24 may
2080 306 28 23 be
2122 308 23 22 of
2154 307 68 24 much
2239 309 95 23 service.
2377 308 45 23 We
2440 309 56 23 hear

1902 338 50 23 that
1970 339 98 30 Captain
2086 339 101 31 Liardet,
2210 341 50 23 who
2283 349 41 15 can
2345 342 102 30 scarcely
2465 342 31 23 be

1902 371 49 23 said
1963 374 22 20 to
1997 372 30 23 be
2049 374 132 30 recovering
2201 374 59 23 from
2275 374 38 23 the
2332 374 41 23 sad
2392 374 104 24 accident

1903 403 74 24 which
1986 404 71 24 befell
2067 405 56 29 him,
2135 407 89 22 intends
2237 411 23 19 to
2269 412 78 18 return
2356 412 21 18 to
2386 407 111 31 England

1902 444 24 16 as
1940 445 55 15 soon
2013 445 25 16 as
2059 438 36 23 his
2111 443 57 19 state
2190 440 25 23 of
2241 440 78 23 health
2341 440 47 23 will
2410 442 85 29 permit

1903 470 99 23 removal
2013 471 61 23 from
2086 471 124 25 Taranaki.

761 452 280 21 METEOROLOGICAL
1054 451 104 20 TABLE.

681 481 40 20 For
730 481 35 20 the
773 480 56 20 week
844 480 74 24 ending
930 480 116 24 Thursday,
1056 479 78 20 March
1143 479 22 23 3,
1178 478 60 20 1842.

1937 520 50 23 The
1995 520 55 23 Ann
2060 521 70 23 sailed
2140 523 120 30 yesterday
2267 523 35 24 for
2311 525 38 22 the
2362 524 133 24 Manewatu

1903 553 79 29 River,
1996 554 56 22 with
2064 562 13 15 a
2088 556 90 29 portion
2190 555 25 24 of
2224 556 38 23 the
2271 557 131 31 machinery
2410 558 36 23 for
2455 557 40 24 the

1904 586 99 24 Messrs.
2024 586 121 25 Kebbell's
2163 590 116 22 saw-mill.
2316 590 51 23 The
2380 589 78 32 Henry
2472 591 21 23 is

1902 619 93 30 loading
2008 620 54 23 with
2071 621 38 22 the
2119 621 126 23 remainder
2258 626 23 18 at
2291 623 94 23 Waitt's
2396 623 82 24 wharf.

113 634 171 23 SHIPPING
303 625 272 32 INTELLIGENCE.

275 683 141 19 ARRIVED.

83 712 76 21 March
177 713 21 23 4,
220 712 103 20 schooner
340 711 99 25 Blossom,
456 710 33 24 34,
506 709 23 20 J.
541 709 97 23 Tullock,

53 741 53 19 from
123 740 134 20 Launceston
268 747 6 17 ;
292 739 65 20 sailed
374 738 50 20 12th
440 737 112 26 February.
590 736 48 20 Pas-

53 774 82 19 sengers
138 777 27 5 —
167 767 88 21 Messrs.
272 767 26 19 B.
320 765 118 26 Grohagan,
455 765 55 24 wife,
524 764 41 20 and
580 764 58 19 three

53 795 100 22 children,
174 795 22 20 J.
223 794 73 23 Wood,
322 793 54 23 wife,
397 793 40 20 and
461 792 58 20 three
538 791 100 23 children,

53 823 27 19 R.
91 822 35 20 W.
137 822 84 25 Young,
231 821 22 21 J.
264 821 78 21 Audin,
358 821 27 19 G.
396 820 62 23 Pink,
468 819 29 20 H.
509 818 89 25 Prenell,
609 818 29 20 H.

53 850 62 23 Rose,
126 849 22 21 J.
159 850 74 23 Webb,
245 849 40 19 and
296 849 22 19 J.
330 848 61 20 Rule.

82 877 59 20 Same
159 877 47 26 day,
217 877 103 19 schooner
335 876 60 23 Jane,
406 873 84 26 Fabien,
502 873 55 21 from
574 873 64 20 Wan-

51 904 77 25 ganui;
144 910 69 19 cargo,
225 904 103 20 sundries.

687 560 44 16 1841.

770 538 51 16 Time
828 539 21 15 of

765 560 88 15 Observa-

785 580 45 16 tion.

883 548 55 17 Baro-

877 571 63 15 meter.

959 549 86 16 Thermo-

969 571 64 15 meter.

1074 562 13 34 I
1096 570 33 20 a*

1172 556 60 18 Wind.

668 636 79 21 Friday...

777 638 20 16 -8

787 659 54 20 Ip.m.

787 680 8 14 5

787 701 9 14 8

787 721 52 20 Ip.m.

787 742 8 15 5

787 763 9 15 8

787 783 54 20 Ip.m.

787 805 8 14 5

787 825 9 15 8

788 845 4 16 I
797 849 44 17 p.m.

787 867 8 14 5

787 887 9 15 8

787 908 54 20 Ip.m.

787 928 8 15 5

787 949 8 15 8

787 970 54 20 Ip.m.

787 991 8 15 5

787 1012 9 15 8

788 1033 53 19 Ip.m.

787 1054 8 14 5

881 638 60 16 30.308

882 659 58 16 30.302

881 680 59 16 30.288

882 701 59 15 30.334

882 721 58 16 50.300

882 742 58 16 80.208

882 763 58 16 30.052

882 784 58 17 30.030

881 805 59 16 30.010

881 826 59 16 29.062

881 847 59 15 29.904

881 867 60 16 29.884

882 888 59 16 30.154

881 909 60 16 30.154

881 930 59 16 30.100

881 951 59 16 30.222

881 972 59 15 30.200

881 992 59 16 30.18S

882 1013 58 16 30.144

882 1034 58 16 30.128

880 1055 59 16 30.088

983 638 27 16 57.

983 660 27 15 55.

983 680 28 15 53.

983 700 31 16 55.'

983 721 37 16 57.5

983 744 26 15 SG.

983 764 9 16 C
992 764 18 16 2.

983 784 27 17 07.

983 805 9 17 C
992 805 27 17 6.5

983 827 28 16 63.

983 848 28 15 66.

983 868 27 16 64.

983 889 27 16 60.

983 910 36 16 61.5

983 931 36 16 61.5

983 952 28 15 63.

983 972 27 17 66.

983 994 26 15 65.

983 1014 27 16 62.

982 1035 27 16 67.

1150 638 11 16 S
1168 638 88 19 outherly.

1150 657 11 17 S
1169 659 87 19 outherly.

1150 679 11 16 S
1168 680 88 19 outherly.

1150 701 17 15 S.
1175 700 22 20 by
1208 701 19 15 E.

1150 721 11 16 S
1168 721 87 20 outherly.

1150 742 11 16 S
1168 742 88 20 outherly.

667 699 33 17 Sat.

1079 661 38 15 0.08

1079 723 38 16 0.15

667 761 81 20 Sunday..

1070 784 58 17 None.

1150 783 11 17 S
1168 784 87 19 outherly.

667 822 80 21 Monday.

1070 847 58 16 None.

1151 824 51 17 Dead
1210 825 47 16 calm

1150 846 18 16 S.
1176 846 23 20 by
1208 847 21 15 E.

1152 866 50 16 Dead
1210 867 46 16 calm

1150 888 11 15 S
1168 887 88 21 outherly.

1150 909 11 16 S
1168 908 87 20 outherly.

1150 928 50 17 Dead
1209 929 47 17 calm

1150 950 16 15 N
1172 950 83 20 ortheriy.

1150 971 105 20 Northerly.

1151 991 103 19 Northerly.

1150 1013 22 15 N.
1180 1012 22 20 by
1211 1013 27 16 W.

1150 1034 21 16 N.
1179 1033 23 20 by
1211 1033 26 17 W.

1149 1055 22 15 N.
1180 1055 22 18 by
1211 1055 26 16 W.

667 885 79 21 Tuesday

1070 909 58 17 None.

668 947 40 16 Wed

1070 971 58 17 None.

667 1010 56 16 Tburs
729 1022 16 5 ...

1069 1034 59 16 None.

668 1104 79 20 Friday...

787 1107 8 15 8

998 1088 125 16 RIiMARKS.

867 1107 92 17 Moderate
966 1108 62 16 breeze
1035 1108 37 16 and
1082 1108 87 20 shewery.

786 1148 53 20 Ip.m.

866 1150 67 20 Strong
986 1150 39 17 Do..
1063 1150 33 16 Do.

786 1190 9 15 5

908 1192 35 16 Do.
987 1192 33 16 Do.
1063 1192 35 16 Do.

667 1230 28 16 Sat
748 1234 1 13 i

785 1232 10 16 8

867 1232 90 17 Moderate
965 1234 68 19 breeze,
1042 1235 86 18 overcast,
1137 1234 33 16 but
1180 1233 42 16 fine.

785 1274 52 19 Ip.m.

908 1275 34 16 Do.
985 1275 34 17 Do.
1062 1275 34 17 Do.

786 1315 9 16 5

908 1317 34 16 Do.
985 1318 34 15 Do.
1063 1317 28 17 Do

667 1354 83 21 Sunday..!

786 1357 9 16 8

867 1359 49 17 Dead
923 1358 48 17 calm
978 1359 35 16 and
1020 1359 41 17 fine.

785 1399 54 20 Ip.m.

866 1401 54 20 Light
928 1401 27 16 air
962 1401 37 16 and
1007 1405 42 17 very
1057 1401 40 17 fine.

785 1441 9 15 5

908 1442 33 17 Do.
985 1442 33 17 Do.
1062 1443 34 16 Dt>.

667 1480 78 20 Monday.

785 1482 10 16 8

908 1484 33 18 Do.
985 1485 33 17 Do.
1061 1484 27 16 Do
1093 1493 5 5 •

785 1525 52 19 Ip.m.

865 1527 54 20 Light
926 1527 69 20 breeze,
1003 1528 86 18 overcast,
1098 1527 31 16 but
1136 1526 42 16 fine.

784 1567 10 15 S

866 1568 51 21 Hazy
924 1569 33 16 but
964 1569 41 16 fine.
1103 1576 9 7 »

667 1605 78 20 Tuesday

784 1609 10 14 8

865 1610 54 20 Light
926 1610 31 20 air,
968 1610 69 20 cloudy,
1046 1611 33 16 but
1085 1610 43 17 fine.

785 1651 52 19 Ip.m.

907 1652 34 17 Do.
984 1652 34 17 Do.
1060 1652 34 17 Do.

784 1693 10 14 5

867 1693 48 17 Dead
924 1694 52 20 calm,
984 1695 41 15 fine.

667 1731 40 17 Wei

785 1735 10 15 8

865 1735 54 21 Light
926 1736 26 16 air
959 1736 36 17 and
1004 1740 43 17 very
1055 1736 41 16 fine.

785 1776 53 20 Ip.m.

907 1777 34 19 Do.
986 1778 33 16 Do.
1061 1778 34 16 Do,
1182 1787 4 7 .

785 1818 10 15 c

907 1819 34 18 Do.
985 1820 35 17 Do.
1063 1820 33 17 Do.

667 1858 47 16 Thur
727 1869 18 7 ...

785 1860 10 16 8

865 1862 66 20 Strong
938 1862 63 17 breeze
1013 1862 36 16 and
1058 1867 42 16 very
1107 1863 42 16 line.

784 1902 54 20 Ip.m.

907 1903 34 18 Do.
983 1904 34 17 Do.
1060 1905 34 17 Do.

784 1944 10 15 5

907 1945 34 18 Do.
983 1947 34 16 Do.
1061 1947 33 17 Do.

755 2004 124 21 AGENTS
891 2006 58 20 FOR
964 2007 71 20 THIS
1049 2008 110 20 PAPER.
1232 2007 6 9 J

687 2028 35 18 Mr.
733 2029 127 18 BURCHAM
953 2032 75 19 Petoni.

687 2050 35 17 Jlr.
735 2051 18 17 F.
766 2051 22 17 G.
801 2051 88 19 MOORE
954 2053 71 18 Nelson
1034 2054 75 18 Haven.

686 2071 36 17 Mr.
733 2072 23 17 R.
768 2072 115 19 BARRETT
957 2075 48 17 New
1013 2075 108 22 Plymouth,
1128 2075 102 19 Taranaki.

686 2093 35 17 Mr.
733 2093 24 17 H.
769 2093 122 19 CHURTOX
957 2096 113 21 Wanganui.

687 2114 34 17 Mr.
733 2114 29 17 W.
774 2115 98 18 WILSON
955 2117 40 21 Bay
1003 2118 22 16 of
1032 2118 84 18 islands.

685 2162 38 18 Tlie
730 2162 97 23 following
834 2167 32 14 are
874 2164 33 17 ths
914 2165 78 21 quarter
1004 2164 46 23 days
1058 2166 21 17 of
1089 2166 40 17 this
1137 2171 59 17 paper
1202 2173 29 11 :—

768 2184 67 18 March
1095 2188 48 16 31st.

767 2205 51 18 June
1095 2209 51 17 30th.

768 2226 111 22 September
1096 2230 51 18 30th.

768 2248 105 18 December
1095 2253 48 15 3lst.

686 2268 78 18 Persons
771 2269 110 22 previously
887 2271 20 17 to
921 2270 146 24 discontinuing
1077 2272 52 17 their
1136 2277 68 17 paper?
1212 2273 37 18 and

665 2289 162 23 advertisements,
836 2293 52 16 mu9t
895 2293 57 17 settle
960 2293 33 17 the
1004 2295 91 15 accounts
1103 2294 38 17 due
1149 2298 25 17 up
1187 2295 20 17 to
1218 2295 33 17 the

665 2311 48 17 date.

830 2354 124 21 LATEST
969 2355 108 20 DATES.

676 2378 74 17 London
837 2379 49 18 Nov.
921 2382 17 16 6.
967 2381 41 21 Bay
1015 2381 20 18 of
1045 2381 93 18 Islands..
1145 2382 44 18 Feb.
1223 2385 17 16 4.

675 2399 73 22 Sydney
840 2401 43 18 Feb.
921 2404 19 16 3.
966 2402 83 18 Thames
1143 2404 44 17 Feb.
1224 2406 17 17 7.

676 2420 38 18 Van.
738 2421 99 18 Dieman's
968 2424 45 17 Port
1022 2423 69 23 Phillip
1107 2425 90 17 ....Nov.
1212 2426 28 16 22.

696 2441 51 19 land
838 2443 44 18 Jan.
921 2444 18 17 6.
967 2445 91 18 Adelaide
1146 2446 43 18 Oct.
1223 2448 17 17 9.

783 2496 99 21 Notice
898 2498 28 19 to
943 2497 179 22 Subscribers.

664 2530 77 25 Papers
756 2530 45 20 will
813 2532 36 18 not
865 2532 22 19 be
900 2533 47 19 sent
963 2533 22 19 to
995 2539 89 19 persons
1097 2534 65 25 living
1177 2536 36 18 out
1230 2534 27 25 of

691 2557 51 20 Port
752 2558 120 25 Nicholson,
889 2561 68 19 unless
973 2563 155 22 arrangements
1141 2568 37 14 are
1193 2563 59 19 made

688 2584 35 25 for
733 2586 35 19 the
773 2588 99 23 payment
882 2587 27 24 of
915 2588 35 20 the
959 2594 61 20 same,
1032 2589 92 25 through
1133 2595 28 14 an
1173 2590 78 25 Agent,

691 2613 20 19 at
724 2613 132 25 Wellington.

282 124 239 24 Surveyor-General's
538 123 77 28 Office,

354 151 79 23 March
441 152 22 26 5,
474 152 60 21 1842.

131 188 40 20 To
180 188 191 23 landowners
387 186 54 19 and
455 179 114 32 Agents.

58 221 146 49 NOTICE
216 212 37 30 'IS
273 219 127 22 HEREBY
420 217 107 26 GIVEN,
546 217 49 21 that
614 224 27 14 on

138 247 123 26 Thursday,
273 247 39 21 7th
324 245 62 28 April
397 249 60 21 next,
469 244 95 22 sections
573 243 23 22 in
606 244 35 21 the

56 275 97 21 districts
173 274 25 21 of
216 274 136 24 Manewatu,
371 271 92 26 Ohariu,
483 270 46 22 and
550 271 91 21 Porirua

57 301 44 22 will
117 301 26 21 be
160 300 83 22 offered
260 301 36 21 for
311 299 105 23 selection
434 301 24 18 at
474 297 43 21 this
533 297 70 21 Office
621 301 20 17 at

57 330 23 19 11
93 327 85 22 o'clock
188 334 49 15 a.m.
265 325 137 28 Proprietors
416 327 42 19 not
472 323 83 26 having
564 327 77 22 agents

56 359 90 23 present
161 358 23 17 at
200 353 38 22 the
254 353 54 21 time
325 352 25 21 of
362 351 107 22 selection
484 350 45 22 will
545 351 26 21 be
589 357 52 14 con-

57 381 86 22 sidered
159 384 21 18 to
190 380 57 22 have
257 377 103 25 reserved
370 377 57 22 their
437 377 88 22 choices
533 377 34 21 for
577 376 64 22 lands

56 412 38 22 yet
110 406 148 27 unsurveyed.
289 405 66 22 Plans
373 404 24 22 of
408 404 38 21 the
461 403 94 21 sections
571 403 23 21 in
604 403 37 21 the

56 435 87 21 district
153 433 26 21 of
187 434 135 24 Manewatu,
330 438 51 19 may
390 431 27 21 be
428 437 51 15 seen
489 433 23 18 at
522 429 42 22 this
571 429 70 22 Office

56 468 29 14 on
97 461 100 26 Monday
207 463 54 17 next
276 459 46 21 and
335 457 114 26 following
459 457 54 26 days
521 464 5 18 ;
541 456 63 21 those
618 457 23 20 in

56 487 37 22 the
104 487 95 22 districts
209 487 26 19 of
249 486 92 21 Porirua
350 484 45 22 and
404 483 84 23 Ohariu
501 490 29 14 on
541 482 98 28 Monday

56 514 51 22 14th
118 514 45 22 and
173 513 113 25 following
296 512 61 26 days.

220 546 34 21 W.
270 545 33 22 M.
319 545 82 25 Smith,
417 544 62 26 Capt.
491 543 66 26 R.A.,

385 569 227 26 Surveyor-General.
