3433 4415
340 409 3059 38 THE

340 447 1224 45 OXFORD
1768 447 1631 45 OBSERVER

340 492 1530 45 CIRCULATING
2009 492 1390 45 THROUGHOUT

340 537 956 45 NORTH
1487 537 1912 45 CANTERBURY

1665 653 224 30 Established
1928 655 88 29 1889.

1174 824 109 32 EAST
1328 824 184 37 OXFORD,
1557 823 245 39 SATURDAY,
1847 825 240 34 DECEMBER
2143 830 30 31 4.
2218 830 90 32 1897.

61 847 141 30 Volumn
231 842 56 30 IX.
329 838 99 31 NEW
454 833 153 34 SERIES.

2939 838 142 30 Price—
3083 838 87 30 ONE
3191 838 150 30 PENNY.

2488 975 211 60 JOHN
2756 977 84 75 JH.
2905 977 296 69 600KE,

2496 1089 109 28 IHJu
2639 1089 223 32 JrIWJrJUIS
2881 1089 30 34 SI
2941 1089 268 43 villSjillol,

2400 1167 138 42 178]
2581 1169 231 35 Cashel
2858 1172 230 42 Street,
3156 1175 134 32 180.

2629 1242 166 41 )Oppostte
2810 1244 50 31 the
2874 1246 39 30 A.
2937 1245 43 39 I.)

2444 1310 789 51 CHEISTCHUHOH.

2377 1476 103 31 Allow
2502 1489 49 20 me
2573 1482 33 28 to
2629 1479 116 31 submit
2765 1483 33 27 to
2813 1492 79 28 your
2906 1483 226 32 consideration
3147 1484 54 31 the
3215 1484 162 41 following

2294 1525 203 42 Specialities,
2521 1531 42 29 all
2585 1531 34 30 of
2639 1532 103 30 which
2763 1532 96 41 being
2881 1544 51 30 roy
2947 1545 68 20 own
3031 1538 242 38 compounding,
3287 1537 18 30 I
3320 1546 57 21 can

2253 1585 2 41 [
2294 1580 193 41 confidently
2508 1583 204 37 recommend,
2734 1584 118 41 having
2866 1587 209 40 successfully
3104 1589 76 29 used
3211 1589 85 29 them
3327 1588 48 30 for

2293 1640 84 22 some
2399 1642 111 28 years;
2512 1651 42 4 —

2430 1689 13 19 I
2458 1695 35 15 am
2507 1691 147 26 exceedingly
2668 1692 125 21 successful
2806 1692 26 20 in
2846 1699 39 20 my
2893 1693 111 20 remedies
3012 1694 37 20 for
3064 1694 66 21 these
3140 1696 142 25 complaints,
3294 1696 60 21 have
3367 1702 15 15 a

2405 1727 64 26 large
2479 1728 96 20 number
2589 1728 24 20 of
2626 1729 160 21 testimonials.

2298 1772 86 28 NEW
2401 1773 154 29 REMEDY
2573 1775 72 27 FOR
2662 1775 106 28 LIVER
2778 1777 238 28 COMPLAINTS
3026 1779 59 27 Wfr
3096 1779 236 28 INDIGESTION
3342 1789 36 17 :-

2432 1811 56 21 This
2497 1813 42 22 has
2549 1813 59 22 been
2617 1814 52 21 well
2678 1815 76 21 tested
2763 1816 46 20 and
2818 1818 86 24 proved
2913 1817 82 27 highly
3004 1819 152 27 satisfactory.

2295 1855 169 29 GOLDEN
2486 1858 126 28 GROSS
2635 1861 239 28 NEURALGIA
2891 1864 183 27 MIXTURE
3089 1872 26 18 :-

2406 1902 37 27 By
2452 1903 75 21 which
2540 1905 41 20 the
2590 1905 54 26 pain
2653 1906 21 20 is
2685 1907 75 24 cured,
2771 1913 51 14 ease
2831 1908 115 24 obtained,
2961 1909 31 26 by
3001 1915 14 14 a
3024 1910 43 20 few
3077 1910 70 20 doses.

2295 1950 172 26 Bronchitis
2479 1953 61 24 and
2551 1952 129 26 Asthma
2690 1962 42 16 :—

2408 1994 113 23 Relieved
2536 1997 46 20 and
2596 1997 92 27 rapidly
2702 1997 70 21 cured
2784 1998 33 27 by
2830 2004 39 21 my
2882 1999 87 20 Acacia
2983 2004 110 16 mixture.

2295 2038 224 28 CHILDREN'S
2535 2040 204 30 WHOOPING
2755 2043 166 28 COUGH-

2408 2077 45 20 For
2461 2077 72 21 which
2551 2078 14 20 I
2573 2079 59 21 have
2645 2079 41 22 the
2700 2080 52 21 best
2765 2081 99 21 mixture
2876 2082 26 20 in
2916 2082 169 25 Christehurch,
3099 2083 62 26 gives
3172 2084 85 26 speedy
3269 2084 73 21 relief.

2297 2125 202 27 DIARRHCEA
2514 2127 75 26 AND
2616 2129 227 25 DYSENTERY
2897 2132 28 23 in
2944 2133 118 24 Infants
3078 2133 58 24 and
3153 2134 108 26 Adults
3271 2147 27 4 -

2333 2166 4 26 ;
2430 2163 12 20 I
2457 2171 42 14 can
2514 2164 52 27 give
2580 2171 15 14 a
2609 2164 48 22 Eafe
2671 2166 47 21 and
2730 2167 85 26 speedy
2829 2174 52 16 cure
2895 2170 32 25 by
2942 2175 14 15 a
2970 2170 44 20 few
3029 2171 70 19 doses.

2297 2207 77 27 Sore
2392 2209 101 26 Heads
2509 2213 26 24 &
2554 2213 106 31 Legs-

2405 2247 75 21 Cured
2490 2248 31 27 by
2530 2255 31 15 an
2570 2249 119 27 agreeable
2699 2251 47 21 and
2753 2251 106 27 pleasant
2873 2254 146 27 application,
3033 2256 49 22 also
3092 2257 97 22 relieves
3198 2260 63 26 pain,

2298 2296 155 27 Influenza
2460 2310 29 4 —

2405 2336 73 22 Cured
2486 2336 36 23 for
2531 2339 31 20 2s.
2577 2338 36 21 6d.
2624 2339 123 23 Hundreds
2761 2347 43 15 can
2817 2342 82 27 testify
2913 2343 26 21 to
2961 2344 41 22 the
3013 2346 58 26 good
3083 2347 91 27 quality
3182 2349 25 21 of
3215 2350 49 21 this
3273 2351 106 23 mixture.

2297 2388 190 32 Superlative
2512 2392 130 26 Mixture
2653 2393 47 27 for
2717 2395 60 26 Bad
2789 2395 126 35 Coughs
2925 2409 28 4 —

2408 2427 84 28 Brings
2507 2435 64 21 away
2584 2430 101 27 phlegm,
2700 2432 74 27 allays
2786 2433 135 27 irritations,
2935 2435 46 21 and
2998 2437 94 27 quickly
3107 2445 72 15 cures.

2300 2469 117 27 Eureka
2425 2483 28 4 —

2407 2509 21 20 A
2442 2516 52 14 sure
2509 2517 53 14 cure
2576 2512 36 20 for
2625 2512 33 20 all
2671 2513 68 20 kinds
2753 2514 24 20 of
2791 2514 52 20 skin
2856 2515 124 20 irritation.

2298 2550 184 24 CHILDHE2TS
2496 2554 149 23 TASTLESS
2659 2555 158 22 TEETHING
2831 2556 178 24 POWDERS—

2408 2604 49 21 The
2474 2604 52 23 best
2540 2605 26 22 in
2579 2606 150 28 Canterbury,
2744 2614 14 14 a
2770 2607 57 21 trial
2839 2608 48 21 will
2905 2616 70 21 prove
2989 2609 27 21 it.
3035 2610 83 27 highly
3132 2613 172 21 recommended
3317 2612 32 28 by

2446 2642 98 23 medical
2558 2651 60 15 men.

2426 2714 615 40 CONSULTATIONS
3061 2719 204 36 FEEE-

2316 2787 288 27 PRESCRIPTIONS
2618 2789 215 26 CAREFULLY
2848 2792 77 24 AND
2944 2792 212 26 CORRECTLY
3163 2794 217 26 DISPENSED,

2595 2955 126 46 Just
2752 2956 321 46 Purchased

2300 3050 31 31 a
2352 3049 268 34 wholesale
2644 3052 390 34 warehouseman
3056 3055 163 31 entire
3245 3056 139 34 stock

2799 3119 40 22 OF

2304 3168 311 88 Black
2659 3172 81 84 &
2783 3171 297 117 Navy
3125 3175 256 88 Blue

2521 3321 176 31 DOUBLE
2727 3322 149 31 WIDTH
2897 3323 82 31 ALL
3001 3324 122 32 WOOL

2303 3390 460 92 DRESS
2829 3393 556 94 SERGES

2332 3554 240 46 Reduced
2592 3556 131 43 from
2755 3554 66 45 2s.
2853 3556 53 43 to
2937 3553 50 44 Is
3020 3553 72 44 6d.
3112 3567 91 42 per
3217 3557 137 54 yard.

2716 3643 247 42 ALSO

2478 3718 89 47 750
2592 3716 205 45 YARDS
2821 3716 75 44 OF
2920 3716 287 45 GENUINE

2331 3802 251 104 ROUGH
2661 3799 269 102 BROWN
3017 3802 343 104 HDLLAND

2629 3963 101 52 6d.
2766 3978 115 53 per
2905 3965 163 67 yard

2304 4059 64 31 this
2380 4059 26 31 is
2421 4058 53 31 the
2488 4058 84 41 good
2586 4057 49 31 old
2652 4057 92 31 make
2758 4056 35 32 of
2803 4057 106 32 brown
2926 4058 138 41 holland,
3087 4057 17 31 1
3118 4058 79 32 have
3211 4058 176 42 purchased

2408 4111 43 31 all
2465 4110 36 32 of
2512 4111 61 31 this
2588 4110 171 42 particular
2772 4110 64 32 line
2850 4116 33 26 at
2897 4113 123 39 present
3036 4111 33 31 in
3085 4111 53 31 the
3153 4112 132 33 market.

2325 4242 73 31 R.
2435 4242 79 31 H.
2552 4240 315 41 PARISH,
2933 4241 155 33 East
3111 4241 262 35 Oxford.

1717 969 178 47 JOHN
1927 972 271 49 INGRAM.

1689 1268 162 40 LICENSED
1884 1268 84 38 LAND
1992 1268 138 38 BROKER,
2154 1268 73 38 VAL-

1690 1321 121 46 UATOR,
1846 1319 139 46 ESTATE,
2028 1320 199 45 INSURANCE,

1688 1374 24 38 &
1729 1373 149 39 GENERAL
1890 1372 212 39 COMMISSION
2110 1371 117 38 AGENT-

1720 1425 79 29 Agent
1810 1425 40 27 for
1862 1423 38 24 the
1921 1423 122 24 National
2064 1423 133 24 Insurance

1901 1466 121 32 Company

1839 1503 31 29 of
1876 1502 60 23 New
1959 1501 120 23 Zealand.

1712 1534 175 31 OXFORD
1904 1534 26 30 &
1956 1532 252 32 SHEFFIELD.

1947 1612 31 19 ♦
2086 1617 5 5 .

1688 1709 154 30 Fortnightly
1863 1710 106 23 Auction
1991 1709 73 24 Sales
2079 1708 58 24 held
2158 1710 26 21 in
2196 1708 37 24 the

1690 1743 97 24 Market
1810 1743 89 28 Yards,
1926 1741 103 32 Oxford,
2057 1749 68 22 every
2147 1742 85 24 second

1688 1776 137 31 Thursday.
1860 1776 113 28 Monthly
1994 1775 71 25 Sales
2077 1775 56 24 held
2147 1779 26 20 at
2194 1774 37 25 the

1689 1809 100 25 Market
1820 1810 89 27 Yards,
1940 1809 124 32 Sheffield.
2134 1808 100 25 Privvte

1690 1844 105 23 Auction
1808 1843 72 25 Sales
1890 1843 151 23 undertaken
2064 1843 25 23 in
2113 1849 48 23 any
2171 1845 64 28 part

1690 1877 31 28 of
1727 1875 37 25 the
1775 1880 98 26 country
1876 1894 5 6 .
1916 1875 122 32 Property
2046 1874 94 31 Bought
2164 1875 61 26 Sold

1691 1917 27 16 or
1730 1910 51 28 Let,
1801 1910 50 23 and
1864 1909 144 24 Valuations
2024 1908 120 30 carefully
2156 1908 77 24 made.

1690 1943 73 24 Land
1774 1943 93 32 Bought
1877 1943 77 23 under
1971 1942 39 24 the
2035 1942 119 30 Transfer
2177 1942 57 27 Act^

1693 1976 136 31 Transfers,
1843 1976 95 28 Leases,
1952 1976 49 23 and
2026 1975 71 24 deeds
2115 1975 30 29 of
2158 1976 75 23 Mort-

1690 2017 73 24 gages
1774 2010 84 23 drawn
1877 2018 40 23 tip.
1952 2009 89 30 Money
2060 2009 104 24 invested
2184 2008 50 24 and

1693 2042 108 24 obtained
1814 2049 41 24 for
1874 2042 89 25 Clients
1975 2050 29 15 on
2027 2041 134 31 Mortgage.
2191 2042 42 23 In-

1720 2083 100 16 surance
1830 2076 93 30 effected
1935 2082 30 16 on
1977 2074 132 31 Buildings
2121 2075 31 29 of
2159 2082 46 22 any

1681 2100 2 40 [
1761 2108 144 32 description
1917 2108 50 23 and
1982 2108 62 23 their
2050 2110 115 21 contents.
2244 2113 2 13 '

1723 2521 50 20 The
1780 2520 117 27 following
1907 2520 71 21 farms
1987 2526 39 15 are
2044 2520 37 21 for
2090 2520 47 21 sale
2146 2520 31 27 by
2186 2520 52 27 pri-

1696 2557 53 21 vate
1759 2557 84 26 treaty.
1874 2557 63 24 1,000
1952 2562 64 16 acres
2025 2557 26 21 at
2067 2556 106 22 Sheffield
2184 2557 54 21 with

1696 2596 63 26 large
1768 2595 115 26 Dwelling
1891 2595 47 21 and
1947 2601 119 20 necessary
2081 2595 69 21 Farm
2159 2595 79 21 Build-

1722 2640 27 21 gs
1759 2634 31 21 all
1800 2632 82 23 fenced
1890 2633 48 22 and
1947 2632 151 22 sub-divided.

1724 2733 43 21 360
1785 2738 63 17 acres
1867 2732 57 22 with
1937 2732 59 27 geod
2013 2731 118 27 buildings
2141 2731 47 22 and
2206 2731 33 21 all

1697 2771 83 21 fenced
1798 2771 47 21 and
1865 2770 139 22 subdivided.
2045 2769 40 23 178
2104 2776 62 16 acres
2179 2769 60 28 good

1696 2808 152 28 agricultural
1860 2808 71 21 Land.

1724 2925 42 23 796
1775 2932 62 15 acres
1848 2925 59 28 good
1919 2925 96 27 grazing
2024 2924 56 21 land
2098 2924 82 21 fenced
2189 2924 47 21 and

1698 2964 141 21 subdivided.

1724 3083 28 20 60
1762 3088 63 15 acres
1834 3081 57 21 with
1900 3081 65 27 large
1974 3081 121 27 Dwelling.

1722 3694 171 48 JOHN
1943 3691 256 47 INGRAM

1797 3792 308 34 OXFORD-

1702 4052 158 33 WATCH
2051 4052 27 32 &
2104 4050 139 33 CLOCK

1703 4105 325 106 Haafoff^
2058 4134 183 51 £!*ss*s.

1799 4218 336 39 PITTED

1953 4276 26 21 at

1746 4320 131 34 Parish'
1879 4333 15 20 s
1897 4350 8 16 t
1940 4319 91 37 East
2055 4318 137 49 oxford
2191 4341 8 15 f
2212 4346 5 4 .

1146 963 241 21 EXTRAORDINAY
1415 962 220 22 OPPORTUNITY.
1668 956 7 34 [

1129 991 73 21 PROM
1211 990 61 20 THE
1281 990 117 21 FACTOR
1429 990 109 21 DIRECT
1548 988 37 21 TO
1597 990 62 21 THE
1667 990 5 25 J

1310 1016 144 21 CUStOME.
1465 1033 5 5 .

1129 1049 14 14 rv
1150 1044 39 20 OR
1199 1044 111 25 Company
1333 1043 19 19 is
1366 1043 77 25 selling
1464 1044 65 19 direct
1575 1044 23 19 to
1627 1044 38 19 the

1129 1062 15 33 [)
1164 1071 113 21 customer,
1293 1070 52 19 thus
1357 1070 115 24 procuriug
1482 1071 35 18 for
1528 1070 37 19 the
1574 1070 67 19 latter
1651 1076 13 14 a

1129 1096 69 24 louble
1218 1101 110 20 economy,
1347 1094 93 26 namely,
1461 1095 37 22 the
1514 1095 64 27 profit
1588 1095 23 21 of
1627 1096 37 21 the

1129 1124 106 22 wholesale
1245 1123 76 24 dealer,
1340 1122 44 20 and
1395 1122 36 20 the
1448 1129 59 14 more
1517 1122 148 21 considerable

1129 1150 64 22 jnetof
1203 1150 37 19 the
1251 1149 62 20 retail
1324 1148 76 24 dealer,
1425 1149 130 24 amounting
1566 1150 22 19 to
1607 1149 56 20 from

1129 1184 23 15 >3.
1180 1182 13 14 o
1200 1176 47 21 ,£lO
1256 1181 58 19 upon
1324 1181 13 14 a
1347 1174 71 28 single
1424 1175 76 21 watch.
1515 1174 74 21 Retail
1595 1175 70 20 watch

1129 1198 76 29 lea'ers
1216 1202 43 22 and
1277 1201 111 27 jewellers,
1399 1202 86 26 usually
1500 1202 78 27 selling
1597 1201 40 22 but
1652 1208 13 15 a

1129 1233 31 20 Eew
1173 1230 93 21 watches
1277 1230 64 25 daily,
1357 1235 36 15 are
1412 1230 72 21 forced
1501 1230 25 21 to
1550 1230 62 21 make
1636 1235 29 16 an

1129 1257 157 27 sxtraordinary
1300 1256 65 27 profit;
1375 1262 58 20 upon
1453 1257 53 20 each
1520 1262 41 15 one
1574 1256 49 21 sold
1641 1257 23 20 in

1129 1285 56 22 order
1196 1286 23 19 to
1230 1284 75 27 defray
1315 1289 110 21 expences.

1149 1312 43 20 We
1211 1311 159 21 manufacture
1378 1317 25 13 as
1413 1316 44 14 our
1471 1311 121 27 speciality
1611 1311 55 27 only

1129 1339 91 26 sterling
1233 1339 70 21 silver
1311 1345 26 14 or
1355 1338 54 27 gold
1418 1337 156 23 stemwinders
1603 1338 62 28 (key-

1129 1369 27 19 Iss
1169 1366 100 21 watches.

1152 1393 47 19 The
1209 1393 85 25 keyless
1310 1392 137 21 mechanism
1456 1392 23 20 of
1492 1392 95 21 watches
1594 1393 20 19 is
1623 1398 43 16 one

1129 1420 17 20 of
1160 1418 38 21 the
1207 1419 58 20 most
1275 1419 120 30 important
1406 1417 44 21 and
1461 1418 71 20 useful
1541 1418 125 22 inventions

1129 1447 17 21 of
1162 1445 91 21 modern
1273 1445 74 23 times,
1375 1443 88 22 instead
1477 1444 23 20 of
1514 1444 112 28 fumbling
1642 1444 24 21 in

1129 1474 56 21 one's
1195 1473 91 27 pockets
1301 1474 23 19 to
1334 1472 47 21 find
1396 1472 41 20 the
1453 1471 49 27 key,
1519 1472 71 20 which
1602 1472 65 21 when

1129 1501 65 21 found
1208 1501 19 20 is
1241 1501 58 20 most
1313 1500 83 27 always
1406 1495 61 25 filled
1477 1499 54 20 with
1541 1499 75 21 dust—
1620 1499 47 21 this

1129 1529 18 21 of
1157 1534 78 17 course
1243 1527 69 27 being*
1327 1526 131 22 transferred
1471 1527 25 20 to
1510 1527 41 21 the
1564 1527 74 20 watch
1639 1538 28 3 —

1129 1563 39 15 one
1178 1557 42 20 has
1228 1555 43 21 >.ut
1279 1555 25 21 to
1314 1554 56 20 turn
1379 1560 11 14 a
1402 1553 96 21 knurled
1507 1553 83 21 button
1599 1553 69 22 fitted

1129 1585 21 19 to
1159 1585 41 20 the
1213 1582 102 28 pendant
1333 1582 32 25 (or
1374 1580 68 28 ring),
1453 1581 53 21 thus
1516 1581 102 26 winding
1627 1581 40 21 the

1129 1611 70 21 watch
1218 1610 45 20 and
1292 1609 131 26 regulating
1441 1607 40 22 the
1498 1608 73 21 hands
1584 1609 31 25 by
1627 1609 40 20 the

1129 1645 59 14 same
1197 1642 85 16 means.

1153 1665 48 21 Our
1210 1663 98 23 watches
1327 1670 39 16 are
1376 1663 142 26 everywhere
1535 1662 133 27 recognised

1129 1692 23 20 to
1160 1692 30 21 be
1207 1691 42 21 the
1261 1691 52 21 best
1329 1691 26 20 in
1373 1691 41 20 the
1423 1691 97 22 market,
1534 1689 134 27 surpassing

1129 1719 31 20 all
1169 1719 77 20 others
1256 1718 31 26 by
1306 1719 40 20 the
1355 1718 114 27 precision
1479 1717 24 21 of
1521 1717 63 20 their
1592 1722 76 16 move-

1129 1748 73 20 ments
1221 1752 25 15 as
1264 1746 53 21 well
1326 1752 25 15 as
1369 1746 31 26 by
1418 1745 62 22 their
1494 1750 110 21 accuracy
1622 1744 46 22 and

1129 1775 129 26 cheapness.

1155 1802 47 21 Our
1211 1801 94 26 factory,
1319 1800 61 21 since
1389 1800 31 21 its
1426 1799 136 21 foundation
1571 1799 26 20 in
1607 1799 61 24 1852,

1129 1830 41 20 has
1180 1828 95 27 aquired
1284 1835 15 14 a
1309 1828 142 20 world-wide
1461 1827 141 26 reputation,
1618 1826 48 21 and

1129 1856 107 21 obtained
1244 1856 42 19 the
1295 1855 94 26 highest
1398 1854 88 21 awards
1505 1854 59 20 from
1578 1853 33 20 all
1628 1853 41 21 the

1129 1883 126 27 important
1269 1882 152 21 Exhibitions.
1451 1882 35 21 No
1499 1881 75 20 watch
1593 1881 76 20 leaves

1129 1918 41 14 our
1183 1911 89 25 factory
1285 1910 96 21 without
1397 1909 87 27 having
1492 1909 58 20 been
1559 1908 111 26 carefully

1129 1938 119 22 examined
1261 1938 47 21 and
1324 1936 100 25 verified,
1439 1936 54 21 thus
1512 1935 70 27 being
1600 1935 70 27 ready

1129 1967 35 20 for
1174 1965 132 21 immediate
1317 1971 45 14 use.
1391 1964 63 22 Each
1465 1970 42 15 one
1515 1964 21 20 is
1550 1964 44 26 put
1603 1969 32 21 up
1645 1964 25 19 in

1129 2000 30 15 an
1169 1993 92 27 elegant
1270 1992 122 21 silk-lined
1400 1998 58 18 case,
1475 1991 46 21 and
1535 1997 135 21 accompan-

1129 2021 38 21 ied
1176 2021 30 26 by
1216 2027 15 13 a
1239 2021 115 25 warranty
1362 2020 37 20 for
1407 2020 66 20 three
1482 2025 72 21 years.

1157 2049 48 20 The
1210 2048 74 25 buyer
1292 2054 52 19 may
1350 2047 78 20 return
1438 2053 46 20 any
1491 2047 22 20 of
1522 2053 42 14 our
1573 2045 98 21 watches

1131 2075 80 21 within
1221 2075 35 20 six
1275 2075 90 20 months
1380 2073 81 21 should
1480 2073 41 21 the
1540 2073 72 21 latter
1630 2073 42 20 not

1130 2102 73 21 afford
1211 2101 49 20 him
1268 2101 42 21 the
1319 2101 61 20 most
1388 2100 111 27 complete
1507 2100 150 20 satisfaction.

1161 2129 32 19 AH
1205 2128 93 20 articles
1308 2128 51 19 sold
1378 2134 38 13 are
1427 2127 113 20 delivered
1555 2127 51 25 post
1615 2126 57 23 free,

1130 2155 46 21 and
1185 2155 103 20 Customs
1302 2154 58 27 duty
1369 2153 56 27 paid
1440 2154 25 20 to
1474 2160 46 20 any
1535 2153 53 27 part
1598 2152 25 21 of
1631 2152 41 21 the

1130 2182 76 24 world,
1222 2181 55 21 thus
1287 2181 97 21 without
1403 2181 41 20 the
1454 2181 108 26 slightest
1581 2180 91 21 trouble

1131 2216 26 15 or
1165 2208 118 27 formality
1291 2209 24 21 to
1325 2208 41 21 the
1375 2207 107 22 receiver.

1158 2237 39 20 All
1210 2237 88 26 repairs
1317 2234 85 28 during
1420 2235 41 21 the
1479 2235 67 21 three
1565 2240 66 21 years
1649 2234 25 20 of

1132 2264 124 28 guarantee
1276 2270 39 15 are
1334 2263 112 22 executed
1460 2261 181 30 gratituitously,
1656 2261 18 21 if

1131 2293 40 20 the
1190 2292 75 20 watch
1287 2292 29 20 be
1333 2291 126 20 forwarded
1475 2292 26 18 to
1520 2296 42 14 our
1580 2285 94 25 London

1132 2320 68 21 office.

1132 2348 48 20 The
1203 2346 119 27 following
1340 2352 38 14 are
1402 2345 55 21 cash
1479 2345 75 26 prices
1573 2343 102 22 without

1132 2373 112 22 discount.

1607 2399 20 19 «£
1655 2405 18 14 s.

1160 2428 26 21 A.
1198 2426 164 25 Stem-winder,
1369 2426 98 26 sterling
1470 2426 77 23 silver,
1554 2425 50 20 hall

1214 2453 99 25 marked,
1327 2453 105 28 jewelled
1440 2453 25 20 in
1475 2453 13 20 6
1497 2452 96 23 actions,

1214 2482 85 25 crystal
1306 2481 61 27 glass
1378 2488 14 13 a
1401 2481 81 26 strong
1487 2480 47 21 and
1538 2479 54 21 dur-

1214 2508 51 21 able
1279 2508 75 20 watch
1647 2508 27 19 12

1133 2536 55 19 A.A.
1198 2535 49 19 The
1266 2541 61 13 same
1346 2535 58 19 with,
1433 2534 82 20 double
1536 2533 71 19 silver

1218 2566 49 16 case
1282 2561 121 27 (Hunter),
1423 2559 117 28 elegantly
1556 2564 38 16 en-

1202 2588 87 28 graved
1484 2599 10 2 -
1573 2593 7 15 i
1646 2588 31 25 18,

1172 2609 88 28 B.&old
1270 2616 67 21 stem-
1338 2615 93 25 winder,
1440 2615 50 20 hall
1504 2613 100 25 marked,

1216 2644 80 26 strong
1305 2643 90 27 keyless
1402 2642 82 25 action,
1494 2641 104 28 jewelled

1214 2671 26 20 in
1245 2672 9 19 1
1258 2672 12 19 3
1275 2671 94 24 actions,
1378 2670 55 21 with
1442 2670 54 27 gold
1505 2676 26 15 or
1538 2668 56 22 steel

1215 2698 82 25 hands,
1311 2698 67 21 small
1392 2698 83 21 second
1493 2697 53 24 dial,
1555 2702 39 15 en-

1217 2726 86 26 graved,
1317 2726 24 21 in
1359 2725 116 22 beautiful
1494 2724 99 27 designs,

1216 2754 82 26 engine
1307 2754 84 20 turned
1400 2759 26 14 or
1434 2754 62 26 plain
1506 2752 90 28 polish-

1216 2781 35 23 ed,
1275 2780 56 21 with
1349 2787 138 19 monogram,
1510 2778 84 24 initial,

1216 2813 58 15 arms
1285 2808 30 20 &c
1607 2806 14 19 2
1661 2805 15 20 0

1134 2833 54 22 8.8.
1208 2834 46 21 The
1273 2840 60 15 same
1361 2841 24 14 as
1402 2834 25 24 B,
1450 2834 52 21 with
1519 2835 75 23 strong

1216 2861 77 19 double
1301 2861 51 24 gold
1367 2867 55 17 case,
1442 2868 29 13 an
1487 2860 105 21 excellent

1216 2886 44 21 and
1270 2893 50 16 very
1329 2887 84 27 elegant
1424 2886 134 28 timekeeper.
1570 2903 23 5 ...
1605 2887 13 20 3
1649 2886 28 21 10

1161 2914 105 21 C.Roxal
1272 2914 156 28 chronograph,
1443 2916 25 20 18
1478 2916 59 20 carat
1542 2915 52 26 gold

1216 2943 58 20 most
1299 2941 100 28 superior
1418 2942 82 26 keyless
1523 2947 69 15 move-

1216 2970 67 22 ment,
1308 2970 21 19 of
1353 2969 38 20 the
1414 2971 58 19 most
1492 2971 101 18 accurate

1215 2996 169 26 workmanship,
1404 2996 43 21 and
1466 3003 41 13 one
1516 2996 22 20 of
1557 2996 37 20 the

1216 3022 46 22 best
1274 3029 62 15 wear-
1339 3023 101 25 resisting
1451 3023 92 21 watches
1554 3038 24 6 ...
1606 3023 15 20 4

1134 3048 48 22 C.C.
1193 3049 46 21 The
1253 3056 60 16 same
1322 3050 71 21 watch
1404 3049 52 22 with
1466 3050 77 21 double
1550 3049 44 21 and

1218 3077 59 21 extra
1287 3079 76 23 strong
1373 3083 54 19 case,
1439 3079 95 19 18-carat
1542 3077 51 26 gold

1216 3104 132 26 artistically
1365 3105 110 25 engraved,
1501 3104 93 25 engine-

1216 3132 77 19 turned
1304 3137 24 13 or
1347 3131 59 25 plain
1421 3131 103 25 polished;
1540 3131 53 19 with

1216 3164 146 20 monograms,
1377 3157 89 26 initials,
1477 3158 36 20 &c.
1554 3173 22 6 ...
1606 3158 13 21 6
1647 3159 27 19 10

1160 3185 27 22 D.
1210 3185 103 27 Imperial
1324 3185 101 21 calendar
1435 3185 155 25 chronometer,

1217 3214 96 20 18-carat
1337 3213 56 24 gold,
1416 3213 122 25 indicating
1557 3213 37 20 the

1216 3240 48 25 day,
1275 3240 37 20 the
1321 3240 66 23 week,
1399 3239 36 21 the
1445 3239 83 26 month,
1547 3239 45 21 and

1216 3267 49 19 date
1284 3267 21 19 of
1316 3266 84 24 month,
1410 3267 98 26 jewelled
1523 3267 23 19 in
1557 3267 35 19 18-

1217 3294 91 24 --actions,
1329 3293 50 22 with
1389 3294 32 20 all
1431 3293 36 21 the
1477 3294 65 20 latest
1552 3294 41 20 im-

1217 3323 147 24 provements
1387 3321 45 21 and
1456 3321 136 24 inventions,

1216 3354 43 13 one
1268 3349 25 17 of
1301 3349 41 19 the
1352 3349 51 18 best
1412 3348 46 19 and
1463 3349 58 18 most
1530 3355 63 18 mag-

1216 3373 94 22 nificent
1313 3374 100 21 watches
1419 3374 175 21 manufactured

1217 3401 55 21 such
1283 3408 25 14 as
1323 3408 39 14 are
1371 3407 70 15 never
1451 3401 50 21 sold
1519 3401 30 28 by
1560 3408 33 14 re-

1216 3430 44 20 tail
1270 3429 87 21 dealers
1366 3430 36 20 for
1411 3430 45 20 less
1465 3429 58 21 than
1532 3423 48 27 J825
1608 3430 27 20 10
1663 3431 14 19 0

1162 3457 39 20 All
1210 3464 41 13 our
1260 3457 99 20 watches
1368 3464 38 13 are
1415 3456 173 21 manufactured
1597 3456 24 20 in
1631 3457 45 20 two

1136 3484 105 21 different
1250 3484 64 25 sizes,
1327 3484 65 27 large
1401 3484 46 20 and
1456 3484 68 20 small
1535 3483 45 26 (for
1590 3484 86 26 gentle-

1136 3517 51 15 men
1206 3511 47 20 and
1275 3511 91 26 ladies,)
1389 3511 98 20 without
1511 3511 122 20 difference
1652 3511 25 21 of

1134 3538 69 27 price.

1150 3573 2 8 '
1164 3566 44 20 Old
1217 3565 105 24 watches,
1337 3564 39 21 old
1385 3564 54 27 gold
1448 3565 46 20 and
1512 3565 71 20 silver
1592 3564 47 22 will
1647 3566 29 21 be

1136 3594 69 18 taken
1213 3592 26 19 in
1247 3592 110 25 payment
1366 3594 26 17 at
1400 3592 41 19 the
1450 3592 94 26 highest
1557 3592 75 19 value:
1657 3593 20 19 if

1136 3618 127 22 forwarded
1272 3618 31 26 by
1312 3618 77 26 parcel
1397 3619 54 25 post
1460 3619 24 20 to
1495 3625 42 14 our
1547 3618 100 22 address.
1676 3629 2 19 |

1164 3646 156 21 Remittances
1340 3650 53 21 may
1416 3645 28 20 be
1467 3646 66 20 made
1552 3646 75 20 either
1646 3647 31 26 byj

1137 3674 79 20 Postal
1226 3672 78 24 Order,
1315 3672 98 26 Cheque,
1423 3672 67 20 Bank
1500 3674 65 19 notes
1571 3672 106 28 (postage

1137 3700 86 27 stainps
1232 3699 37 21 for
1280 3698 67 21 small
1353 3699 121 27 amounts,)
1491 3700 24 21 of
1524 3706 45 20 any
1573 3702 102 26 country,

1138 3729 24 20 in
1170 3726 127 28 registered
1305 3726 68 21 letter.

1164 3756 24 20 It
1197 3757 21 18 is
1228 3761 40 13 our
1277 3754 47 20 aim
1332 3753 25 20 to
1368 3752 46 26 give
1423 3752 42 22 the
1481 3754 88 20 utmost
1577 3755 100 24 possible

1138 3782 142 22 satisfaction
1289 3782 25 19 to
1324 3785 40 15 our
1374 3780 84 24 client?,
1481 3780 107 26 knowing
1596 3781 48 21 this
1653 3783 24 20 to

1138 3810 28 20 be
1176 3810 40 19 the
1226 3808 52 20 best
1287 3806 171 22 aiveitisement
1466 3806 37 20 for
1516 3813 41 14 our
1566 3807 111 25 products,

1138 3836 47 21 and
1193 3836 32 20 all
1234 3834 50 21 who
1293 3834 60 20 have
1365 3838 55 15 once
1435 3833 95 20 entered
1547 3833 50 20 into
1612 3833 65 20 busi-

1138 3870 52 15 ness
1199 3862 110 22 relations
1319 3859 56 22 with
1395 3866 27 14 us
1439 3859 76 27 gladly
1534 3860 143 21 recommend

1140 3898 26 14 us
1175 3893 25 19 to
1210 3890 60 20 their
1278 3888 88 21 friends
1376 3887 47 20 and
1431 3887 182 27 acquaintances.

1194 3917 101 20 Addtess
1304 3916 36 19 for
1349 3914 82 21 letters
1438 3915 47 20 and
1493 3914 74 21 orders
1575 3930 5 5 .

1154 3942 98 23 MORSE
1262 3940 261 23 MANUFACTURING
1533 3941 138 22 COMPANY

1305 3969 19 25 7,
1337 3967 29 22 ed
1375 3966 57 21 Lion
1442 3966 77 26 Court,

1387 3994 93 20 London
1489 3994 52 21 E.C.

1168 4196 53 23 CSg*
1221 4196 4 7 1
1226 4194 107 25 Wanted,
1347 4194 26 20 at
1382 4199 64 20 once,
1460 4193 25 20 in
1494 4199 70 20 ever/
1581 4192 96 27 lDcality,

1140 4229 30 14 an
1179 4220 124 26 intelligent
1321 4227 64 21 pereo
1391 4227 9 13 i
1416 4224 23 17 to
1449 4222 37 19 act
1504 4226 25 15 as
1546 4226 41 14 ovr
1603 4221 74 24 Agent.

1141 4250 35 18 No
1186 4248 84 26 sp:e:al
1278 4247 128 24 knowledge
1416 4248 85 24 requite
1508 4248 14 23 1,
1532 4247 43 20 aid
1585 4246 92 21 without

1140 4273 126 26 interfering
1289 4273 56 22 with
1367 4274 87 26 present
1474 4271 136 28 occupation.
1645 4269 32 25 An

1141 4300 112 23 excellent
1268 4301 136 27 occupation
1422 4299 36 23 for
1467 4307 15 16 a
1501 4299 93 29 cajable
1602 4306 75 22 young

1142 4335 53 16 man
1204 4335 25 16 or
1237 4328 62 29 lady.
1388 4326 4 4 '
1474 4332 3 5 •
1580 4324 6 4 •

663 981 69 45 H.
758 976 220 48 LAMIN
1002 976 45 45 G

713 1078 250 45 Saddler

785 1164 108 33 and

586 1218 261 52 habhess
887 1213 203 51 mmm

729 1296 68 26 Near
816 1292 142 34 Saleyards.

675 1370 338 43 OXFORD*

577 1456 114 33 Orders
707 1455 62 30 and
798 1453 119 40 repairs
952 1449 160 43 promptly

576 1499 60 31 and
650 1497 106 40 neatly
771 1494 150 33 executed
947 1498 32 26 at
1004 1493 108 31 lowest

797 1545 93 23 rates.

673 1620 143 32 HORSE
840 1617 169 33 COVERS

599 1705 89 30 made
703 1708 32 25 to
750 1704 92 29 order
857 1701 61 30 and
943 1698 150 42 repaired.

620 1778 22 20 A
651 1776 64 22 stock
724 1775 22 21 of
755 1776 67 20 horse
832 1773 123 22 medicines
964 1778 30 15 on
1004 1771 68 25 hand,

647 1830 164 23 SOLOMON'S
836 1827 148 22 SOLUTION
1011 1826 36 21 &c.

581 1965 54 46 G.
657 1961 71 46 W.
751 1960 42 46 J.
814 1956 303 50 PARSONS

601 2064 315 46 MONUMENTAL
931 2060 165 43 MASON.

662 2135 60 26 Begs
732 2134 25 19 to
767 2137 116 16 announce
892 2131 54 19 that
955 2131 30 19 he
993 2131 43 17 has

612 2187 147 28 removed
765 2189 32 22 to
807 2185 40 25 56
857 2185 60 24 and
925 2184 41 24 58
978 2181 107 26 MAN-

671 2246 189 28 CHESTER
872 2243 156 27 STREET

698 2316 125 32 (Opposite
842 2314 65 26 Scot.
920 2312 82 33 Bros.)

582 2387 79 29 Every
684 2383 142 31 description
849 2382 27 29 of
896 2379 158 25 monumental
1072 2378 48 23 and

597 2444 90 25 marble
700 2443 64 24 work
776 2441 103 26 excuted
898 2444 25 19 at
935 2441 79 23 lowest
1032 2442 71 19 rates.

717 2509 129 31 Telephone
866 2508 49 28 No.
930 2507 56 24 682.

717 2582 94 31 Oxford
821 2581 80 32 Agmt

774 2647 31 24 R.
823 2645 36 25 H.
877 2642 143 27 PARISH.

654 2799 52 46 G.
767 2795 290 49 SMITH.

595 2898 106 45 ZIUC,
727 2897 87 45 TIN,
841 2896 95 38 AND
966 2891 143 42 SHEET

663 2978 137 41 STEEL
816 2976 219 40 WORKER.

602 3062 83 41 HIGH
704 3061 137 39 STREET.
861 3060 84 39 EAST
960 3057 138 41 OXFORD.

579 3154 46 26 All
635 3152 82 27 Kinds
727 3153 32 30 of
765 3152 91 32 Pumps
866 3150 80 25 Fixed
954 3150 51 24 and
1014 3149 105 33 Repair-

688 3220 29 22 ed
728 3221 28 21 at
768 3218 36 23 the
816 3218 102 23 shortest
929 3217 82 26 notice,

609 3347 71 44 W.
713 3347 66 44 H.
812 3344 283 46 ALFORD.

618 3442 459 91 WATCHMAKER,

583 3568 150 23 WORKING
742 3565 174 26 JEWELLER,
931 3564 145 22 OPTICIAN
1087 3564 35 21 &c.

652 3627 174 33 Main,
860 3625 220 39 street,

630 3716 450 46 OXFORD.

602 3800 150 39 Jewellry
767 3801 33 28 of
815 3810 93 28 every
922 3798 190 39 description

623 3862 89 31 made
727 3865 32 27 to
774 3862 101 35 order,
898 3858 118 32 altered
1031 3858 62 31 and

781 3919 150 40 repaired.

590 4003 103 50 Pipes
708 4000 171 41 mounted
889 4000 71 40 and
969 3999 153 50 repaired

591 4072 61 40 Old
666 4070 82 41 Gold
763 4069 70 40 and
849 4069 111 39 silver
973 4067 149 51 bought.

675 4141 136 33 Spectacles
829 4145 21 19 to
868 4140 47 23 suit
932 4140 37 23 all
986 4139 77 33 sights

590 4223 78 30 Agent
671 4222 46 30 for
727 4220 101 23 Adam's
837 4219 60 24 Star
914 4218 70 30 Gycle
999 4217 123 32 Company.

654 4273 76 32 W.
758 4271 51 34 H.
840 4269 226 34 ALFORD

750 4327 78 29 East
843 4325 129 31 Oxford.

88 116 37 21 _-
150 100 20 32 s

80 163 46 21 ■CD
150 163 19 20 fi

135 219 1 2 ■
148 205 20 18 «
223 202 20 19 «

86 257 38 24 b>
148 253 19 18 H
187 259 19 24 ,5
223 259 20 21 M

87 283 38 20 C>
148 283 20 17 1-^
187 285 18 12 «
222 282 20 15 o

86 302 81 32 hlel
221 313 21 18 H

145 396 21 17 o

84 447 17 14 5-
145 450 20 14 m
184 450 20 11 i-t
220 445 20 19 H

84 461 81 20 Ro
184 462 19 13 «
220 457 20 23 M

87 545 31 3 _

153 1410 268 48 NOTICE.

54 1514 115 48 JOB
184 1508 349 50 PBINTING.

40 1605 115 44 JOB
184 1597 366 50 POINTING!

85 1680 171 34 OXFORD
289 1675 226 35 OBSERVER

111 1753 162 42 Machine
309 1750 173 50 Printing

203 1798 179 42 WORKS.

76 1849 96 25 MAIN
188 1846 147 29 STREET,
365 1843 150 25 OXFORD.

134 1914 89 25 FINE
239 1910 185 28 PRINTING.

50 1956 42 39 In
104 1965 74 39 any
192 1953 155 49 Variety
363 1961 37 29 or
419 1948 113 49 Style.

87 2002 219 50 Mmorial
359 1998 150 50 €'ox3s.

28 2097 38 38 in
81 2105 82 29 new
178 2093 73 40 and
265 2092 123 40 chaste
409 2090 154 48 designs.

177 2146 54 39 ss.
259 2155 62 40 per
345 2143 71 40 doz.

111 2192 208 42 Statement
338 2188 127 47 Heads,

112 2252 80 41 Ball
205 2251 258 51 Programmes,

112 2301 152 43 Posters,
290 2297 197 45 Handbills,

113 2357 190 45 Billheads,
331 2355 162 49 Cheques,

112 2417 123 40 Letter
250 2414 70 40 and
334 2413 88 40 Note
437 2411 126 46 Heads,

114 2473 183 44 Circulars,
324 2470 135 45 Menus,

65 2532 220 48 Catalogues,
311 2529 57 37 &c.
387 2528 58 37 &c.
471 2526 61 38 &c*

71 2592 79 31 New
165 2588 94 40 slyles
273 2588 33 29 in
320 2586 132 39 visiting
465 2585 63 30 and

167 2646 140 31 business
329 2643 100 32 cards.

31 2707 72 41 The
114 2703 138 42 newest
278 2702 117 50 styles
409 2700 38 40 in
461 2700 106 51 types

109 2761 70 41 and
204 2757 283 43 ORNAMENTS.

129 3798 81 47 and
249 3795 241 50 BtmrnHM

78 4070 120 49 From
215 4069 55 51 !$.
292 4080 71 50 $$r
397 4068 146 48 Umn.

275 4147 43 21 AT

61 4234 12 8 ~
130 4237 358 42 PARISH'S

49 4339 200 31 OEA.ST
271 4337 296 33 OXFORD
