3458 4517
2319 3831 76 20 The
2420 3831 153 20 Oxford
2598 3831 229 20 Observer.

2319 3851 269 63 PUBLISHED
2618 3851 209 63 WEEKLY.

2322 3914 166 23 SATURDAY
2510 3915 169 24 FEBRUARY
2693 3919 12 20 Ist,
2769 3920 58 21 1896.

2356 4028 182 28 DELIGHTS
2550 4031 44 26 OF
2606 4031 71 28 THE
2701 4033 94 27 BUSH

2339 4101 27 26 It
2392 4102 23 25 is
2437 4103 61 25 time
2521 4103 57 25 that
2600 4112 69 18 some
2696 4106 149 26 hard-fisted

2307 4140 109 26 resident
2435 4142 28 25 of
2482 4142 44 25 the
2551 4143 181 34 back-country
2751 4146 94 25 formed

2306 4177 104 25 himself
2417 4179 54 24 into
2493 4188 14 15 a
2525 4180 82 32 Royal
2630 4181 169 27 Commission
2819 4184 26 24 to

2304 4211 104 35 'enquire
2418 4216 54 25 into
2484 4217 44 25 the
2539 4217 55 28 best
2606 4220 73 25 mode
2688 4220 27 26 of
2721 4220 124 34 inflioting

2306 4252 93 31 capital
2417 4254 173 31 punishment,
2620 4257 139 27 diversified
2780 4259 65 26 with

2306 4290 132 33 floggings,
2464 4300 34 18 on
2519 4294 46 25 the
2592 4296 126 32 perjurers
2740 4297 57 27 who
2817 4306 28 18 so

2307 4330 127 33 wantonly
2458 4332 68 26 trifle
2553 4334 61 27 with
2647 4335 45 28 the
2719 4336 126 28 immortal

2307 4367 77 26 truth.
2417 4368 26 25 If
2455 4376 16 19 a
2482 4370 46 26 ton
2544 4379 28 17 or
2593 4373 51 25 two
2667 4374 25 25 of
2702 4374 71 27 these
2784 4375 60 27 mis-

2307 4407 98 24 creants
2417 4414 64 20 were
2491 4409 88 30 placed
2597 4410 28 26 m
2644 4411 44 27 the
2699 4412 81 27 hands
2791 4413 29 26 of
2829 4421 15 18 a

2304 4448 181 28 conscientious
2507 4451 256 37 for-warding-agent,
2792 4456 52 27 and

2877 185 108 31 dumped
3001 184 70 25 down
3094 183 27 24 m
3146 180 150 34 judiciously
3319 178 94 26 chosen

2876 227 66 26 spots
2962 223 27 23 m
3001 222 41 24 the
3075 220 158 25 bakc-blocks
3256 218 84 25 where
3352 215 61 30 they

2876 259 81 25 would
2967 259 65 25 have
3055 260 25 23 to
3102 258 62 30 chop
3190 256 77 28 wood,
3285 254 49 25 and
3351 251 62 26 cook

2875 296 108 32 damper,
3002 296 50 25 and
3078 296 49 24 boil
3148 295 70 31 junk,
3238 292 49 26 aud
3311 291 101 33 "graft'!

2874 334 63 25 hard
2948 335 34 24 all
2994 334 55 31 day,
3068 333 50 24 and
3134 332 64 25 walk
3221 333 26 23 to
3269 331 44 24 the
3336 331 75 22 town-

2873 371 56 31 ship
2952 371 38 24 for
3012 371 141 30 provisions,
3181 370 48 23 and
3252 368 31 24 do
3306 367 107 27 without,

2874 408 90 31 society
2975 407 51 25 and
3037 407 70 25 clean
3117 407 74 24 shirts
3204 405 49 25 and
3266 404 76 29 socks,
3367 403 46 25 the.

2874 444 103 28 aniount
2989 445 26 25 of
3024 445 111 25 imbecile
3148 452 69 18 verse
3237 452 32 16 on
3281 444 42 24 the
3335 442 74 32 glori-

2874 492 44 18 ous
2930 486 35 23 lot
2977 485 25 24 of
3025 484 43 24 the
3091 482 173 26 bush-dweller
3287 481 80 25 would
3379 480 31 26 be

2874 527 106 25 ryduced
3002 527 33 31 by
3064 526 92 25 several
3184 525 71 25 cubic
3278 524 82 32 yards.
3396 523 14 24 I

2874 566 72 26 know
2958 567 20 23 it
2979 580 33 4 —
3012 566 13 24 I
3036 566 63 24 have
3111 565 64 24 lived
3198 565 26 23 m
3236 564 50 24 the-
3295 563 64 25 bush
3371 562 38 25 till

2874 604 43 24 the
2928 604 64 31 light
3004 604 25 24 of
3041 610 42 23 my
3106 609 61 18 once
3189 602 60 24 beau
3252 602 63 31 tipus
3337 600 73 25 hazel

2875 650 53 24 eyes
2952 644 99 23 become
3073 641 109 25 dimmed
3205 640 59 25 with
3284 640 125 31 suffering,

2876 685 49 23 and
2936 684 43 24 the
2990 684 72 24 noble
3073 683 118 25 chestnut
3203 682 64 24 curls
3280 682 55 24 that
3347 689 62 17 once

2876 726 108 25 adorned
2994 734 43 23 my
3060 724 175 31 commanding
3256 724 68 24 brow
3345 724 65 23 have

2876 765 119 24 vanished
3012 765 53 23 into
3089 764 56 26 thin
3167 764 64 23 hair.
3266 763 56 23 And
3340 763 70 23 when

2863 820 6 3 -
2874 807 143 32 something
3028 807 56 23 does
3101 813 73 18 occur
3196 805 81 25 which
3299 811 110 18 momen-

2874 849 72 31 tarily
2959 849 49 24 lifts
3021 858 14 15 a
3050 856 61 19 man
3133 848 65 25 from
3218 848 43 24 the
3274 847 72 24 black
3356 846 55 32 gulf

2866 898 4 9 :
2874 891 27 26 of
2911 894 2 18 i
2926 889 181 35 despondency'
3125 892 53 24 into
3308 891 31 24 he
3361 891 44 22 has

2873 934 71 29 sunk,
2963 934 20 25 it
2995 934 22 25 is
3029 934 106 30 morally
3156 933 94 26 certain
3267 933 55 25 that
3331 940 78 17 some-

2873 973 71 31 thing
2956 973 49 24 else
3016 980 86 17 occurs
3217 972 47 23 has
3282 971 42 24 the
3336 969 72 26 effect

2852 1037 2 5 ,
2871 1015 30 25 of
2909 1016 102 30 making
3021 1015 54 24 him
3095 1014 49 25 feel
3154 1014 75 25 much
3242 1014 43 25 the
3297 1021 68 18 s»me
3377 1020 28 17 as

2873 1065 88 17 ever—
2961 1058 60 31 only
3031 1065 68 17 more
3122 1065 36 16 so.
3195 1056 66 25 Here
3283 1056 22 24 is
3327 1064 31 15 an
3380 1055 28 24 il-

2859 1112 2 14 i
2872 1101 139 25 lustration.

2905 1144 53 26 One
2969 1144 27 26 of
3006 1144 42 26 the
3062 1151 76 24 many
3149 1142 132 26 afflictions
3298 1141 83 24 which
3393 1141 13 23 I

2871 1189 58 24 bear
2931 1203 31 4 —
2962 1188 68 27 with,
3046 1195 28 17 as
3102 1187 68 31 large
3197 1194 16 16 a
3240 1184 114 33 quantity
3383 1183 27 25 of

2870 1230 119 25 fortitude
3001 1238 27 17 as
3047 1231 22 23 is
3087 1228 106 33 possible
3218 1228 38 25 for
3278 1235 46 17 one
3344 1228 62 26 who,

2872 1273 62 24 after
2946 1273 41 28 all,
3000 1273 22 24 is
3034 1272 45 25 but
3089 1272 130 24 human—
3219 1271 22 24 is
3253 1270 43 25 the
3309 1269 99 32 nightly

2872 1316 127 25 visitation
3011 1315 26 26 of
3055 1322 137 18 numerous
3215 1313 100 25 bovines
3337 1312 26 25 of
3373 1312 34 23 in-

2871 1358 99 31 quiring
2982 1355 127 28 character
3121 1357 51 24 and
3195 1353 110 28 assorted
3327 1363 79 18 sexes.

2872 1399 44 30 My
2927 1400 55 26 -hut
2999 1401 21 25 is
3037 1402 44 23 not
3103 1400 87 24 fenced
3208 1400 26 24 In
3244 1393 22 36 £'
3275 1398 95 28 indeed,
3389 1398 19 24 it

2860 1456 2 8 =
2872 1443 81 26 would
2964 1443 119 32 probably
3095 1442 73 26 make
3185 1450 33 18 no
3227 1441 150 32 ..difference,
3389 1440 22 24 if

2861 1487 31 25 'it
2911 1494 69 25 were,
2999 1487 44 29 for,
3074 1486 70 25 when
3167 1475 165 45 the^average
3344 1484 65 25 bush

2860 1527 2 9 '
2872 1537 48 18 cow
2932 1537 86 18 means
3030 1528 112 26 business
3146 1548 14 14 v
3170 1529 60 25 such
3249 1536 14 17 a
3281 1527 63 25 trifle
3355 1535 27 16 as
3394 1534 15 17 a

2872 1573 69 25 fence
2953 1573 59 25 does
3023 1574 55 29 not.
3083 1573 80 29 .(fount
3183 1572 51 25 her.
3272 1572 42 29 So,
3333 1570 75 26 about

2860 1613 2 4 '
2872 1615 43 26 the
2926 1617 59 24 time
2997 1616 14 24 I
3030 1624 38 16 am
3095 1615 90 32 snugly
3201 1614 92 26 settled
3314 1614 28 24 m
3368 1621 39 24 my

2872 1659 77 28 bunk,
2966 1659 51 24 and
3037 1659 64 24 have
3130 1658 111 25 knocked
3269 1657 43 26 the
3335 1657 71 25 ashes

2872 1704 43 23 out
2926 1702 28 26 of
2959 1710 43 24 my
3014 1703 48 24 last
3072 1701 63 32 pipe;
3149 1708 67 19 some
3229 1701 85 25 robust
3325 1694 85 38 yous&

2872 1749 64 20 steer
2947 1745 127 31 begins-to
3083 1751 58 24 paw»
3149 1752 33 23 up
3194 1744 42 25 the
3246 1743 160 27 dirttoutside

2871 1787 58 25 with
2952 1786 129 31 sickening
3102 1786 83 30 thuds,
3203 1787 158 31 preparatory
3381 1786 27 24 to

2861 1840 2 8 <
2872 1829 142 32 organising
3025 1837 14 16 a
3049 1830 74 30 party
3133 1830 27 24 to
3171 1830 112 31 prospect
3291 1828 39 26 for
3338 1835 68 24 soap,

2861 1870 36 26 'or
2913 1872 95 28 towels,
3025 1878 30 18 or
3076 1871 85 28 shirts,
3179 1880 27 16 or
3232 1870 94 26 similar
3345 1870 61 25 deli-

2861 1912 2 14 -1
2871 1915 86 24 cacies.
2994 1914 97 33 .Pretty
3119 1921 62 18 soon
3205 1913 41 26 bis
3269 1912 137 31 comrades,

2861 1974 3 3 •
2870 1957 51 26 and
2931 1957 44 26 the
2992 1957 79 33 milky
3089 1956 111 27 mothers
3215 1957 35 30 ;of
3272 1957 42 25 the
3336 1955 72 29 herd,

2870 2001 51 25 and
2932 2001 42 26 the
2998 2000 65 26 little
3086 2000 99 26 cowleta
3210 2000 50 26 and
3284 1999 86 27 eleven
3382 2007 28 17 or

2862 2068 4 9 ,
2870 2043 69 34 eight
2951 2044 111 31 working
3072 2040 113 29 bullocks
3197 2043 57 32 chip
3265 2043 37 25 m.
3337 2042 71 31 They

2862 2089 49 26 .eat
2922 2095 33 25 up
2978 2094 50 25 any
3051 2093 60 25 soap
3134 2085 57 27 that
3213 2087 23 24 is
3258 2085 43 26 left
3323 2085 85 30 about,

2870 2131 53 25 also
2936 2129 168 27 saddlecloths
3124 2129 50 26 and
3185 2127 163 28 undershirts'
3358 2128 51 25 and

2870 2174 113 31 pyjamas
2995 2173 49 25 and
3054 2172 80 26 socks.
3170 2172 71 25 Then
3252 2172 56 31 they
3324 2172 81 25 'moo.'

2872 2212 88 33 Singly
2985 2214 26 24 at
3031 2209 62 32 fira't,
3112 2211 61 26 then
3185 2219 27 18 as
3236 2219 13 16 a
3266 2211 104 27 number,
3383 2210 28 25 of

2870 2254 124 31 duettists,
3036 2254 142 26 afterwards
3210 2254 26 24 in
3239 2251 3 8 1
3258 2253 70 29 trios,
3357 2252 51 25 and

2871 2294 140 30 eventually
3033 2293 64 25 their
3119 2291 66 27 fresh
3213 2300 85 24 young
3325 2291 82 26 Voices

2871 2332 57 33 ring
2939 2334 44 23 out
3001 2332 28 25 m
3040 2332 42 24 the
3104 2331 78 32 frosty
3198 2330 159 32 atmosphere
3379 2338 29 16 as

2870 2382 16 17 a
2910 2374 47 26 full
2980 2373 137 26 orchestral
3140 2373 150 32 symphony.
3321 2372 87 26 Some-

2872 2418 74 25 times
2969 2418 58 31 they
3055 2424 31 25 go
3109 2424 68 25 away
3196 2416 63 26 after
3281 2416 56 30 this,
3364 2416 47 25 but

2873 2460 126 31 generally
3009 2460 61 31 they
3093 2462 56 29 stay
3168 2460 40 27 till
3213 2459 130 32 .daylight.

2864 2497 3 14 !
2907 2499 56 26 One
2972 2498 73 33 night
3057 2498 14 26 I
3082 2505 70 19 arose
3171 2498 80 32 mmy
3264 2498 78 26 wrath
3364 2498 49 25 and

2864 2539 3 4 '
2874 2550 16 17 a
2911 2542 64 26 brief
2995 2542 70 28 shirt,
3096 2541 50 25 and
3168 2542 96 25 hunted
3288 2542 72 25 them
3377 2542 36 24 all

2874 2592 77 25 away,
2963 2585 111 32 through
3085 2592 15 18 a
3111 2592 59 24 very
3181 2585 127 32 irritating
3318 2585 95 25 wattle-

2865 2625 3 13 !
2873 2629 81 27 scrub,
2971 2627 39 26 for
3020 2626 77 27 about
3119 2629 50 24 two
3180 2627 74 26 miles
3265 2627 51 26 and
3327 2636 16 17 a
3363 2628 49 25 dis-

2873 2666 81 24 tance.
3000 2664 83 26 When
3115 2664 14 25 I
3151 2665 128 30 returned,
3309 2665 104 25 covered

2865 2707 70 26 'with
2963 2707 116 33 splinters
3108 2707 50 26 and
3189 2708 176 32 perspiration,
3400 2708 13 25 I

2872 2749 79 26 found
2972 2750 55 25 that
3055 2749 14 26 I
3097 2749 51 26 had
3187 2750 148 26 overlooked
3363 2752 50 24 two

2873 2792 96 28 bridled
2992 2794 77 26 steers
3093 2793 49 25 and
3166 2793 65 26 their
3256 2801 52 18 ma.
3342 2794 71 32 They

2865 2838 72 26 'were
2948 2838 81 26 inside
3036 2845 43 24 my
3090 2837 48 25 hut
3149 2837 115 32 chewing
3271 2845 44 24 my
3325 2837 88 25 blank-

2862 2878 2 27 i
2875 2882 46 23 ets.

2908 2923 78 26 What
3004 2924 23 24 is
3039 2923 42 26 the
3093 2930 42 18 use
3158 2922 28 27 of
3194 2932 14 15 a
3220 2930 62 19 man
3305 2923 109 31 forming

2875 2973 15 18 a
2901 2966 135 27 resolution
3047 2967 46 25 not
3104 2967 26 24 to
3150 2966 101 26 swear?

2909 3009 53 25 The
2982 3009 110 25 exertion
3115 3008 28 26 of
3168 3009 100 33 pursuit
3293 3009 49 25 and
3372 3008 41 25 the

2876 3052 149 32 subsequent
3036 3052 80 26 wrath
3139 3052 43 26 did
3201 3053 45 25 not
3270 3060 74 24 agree
3356 3052 59 24 with

2876 3102 49 18 me.
2960 3094 14 25 I
2997 3094 59 26 took
3079 3102 16 17 a
3118 3094 59 25 chill
3200 3094 50 25 and
3272 3093 146 27 afterwards

2877 3137 142 25 contracted
3029 3137 188 25 inflammation
3235 3138 25 24 of
3281 3138 42 24 the
3335 3137 83 31 lungs,

2869 3194 5 8 i
2877 3179 129 25 combined
3017 3179 62 24 with
3100 3180 48 23 two
3160 3180 69 31 large
3250 3179 124 25 abscesses
3387 3187 31 17 on

2877 3221 44 25 the
2931 3222 61 24 liver
3004 3221 51 25 and
3066 3229 15 17 a
3092 3223 102 30 rupture
3206 3222 28 24 of
3245 3222 44 25 the
3304 3222 114 32 bicuspid

2872 3267 96 29 .artery.
3004 3264 14 24 I
3029 3265 53 24 also
3103 3264 107 26 stubbed
3231 3273 43 23 my
3294 3268 71 29 great
3377 3268 41 22 toe

2877 3306 74 26 while
2975 3306 123 33 pursuing
3126 3306 44 26 the
3192 3314 73 18 oxen.
3309 3307 106 33 Prompt

2877 3349 119 26 remedial
3012 3356 127 19 measures
3160 3357 63 18 were
3245 3358 125 24 necesary,
3389 3359 28 18 so

2877 3393 14 25 I
2902 3393 74 25 made
2985 3401 15 16 a
3017 3400 88 25 roomy
3129 3393 110 26 mustard
3262 3394 94 32 plaster
3367 3395 51 25 and

2876 3436 97 31 applied
2984 3437 20 23 is
3027 3438 25 22 to
3076 3437 42 24 the
3135 3438 78 31 ailing
3236 3440 79 29 parts.
3351 3439 66 25 Next

2876 3477 49 33 day
2936 3477 14 25 I
2958 3478 80 24 threw
3048 3478 21 25 it
3080 3480 53 23 out.
3168 3478 26 26 It
3217 3480 99 25 seemed
3328 3481 26 25 to
3373 3488 43 18 ex-

2874 3520 50 28 icite
2935 3528 69 19 some
3015 3521 119 33 curiosity
3145 3528 95 27 among
3260 3523 44 26 the
3315 3523 103 33 leading

2877 3564 121 25 members
3008 3563 28 26 of
3045 3563 43 27 the
3100 3563 62 28 herd
3181 3565 84 26 which
3276 3567 90 26 visited
3377 3575 41 17 me

2877 3608 27 24 at
2914 3605 131 28 sundown.
3079 3606 23 26 A.
3113 3607 154 31 meditative,
3279 3610 138 32 matronly-

2879 3649 101 33 looking
3003 3650 43 25 old
3067 3657 52 19 cow
3142 3650 108 28 elbowed
3267 3660 49 18 one
3326 3653 26 26 of
3374 3653 44 26 her

2877 3693 136 32 daughters
3024 3695 44 24 out
3079 3694 28 25 of
3115 3694 44 26 the
3171 3702 55 26 way
3248 3696 52 26 and
3312 3697 98 26 tackled

2876 3735 44 27 the
2930 3735 109 33 poultice
3054 3737 29 25 m
3105 3745 14 16 a
3142 3739 52 26 sort
3215 3738 28 27 of
3252 3740 36 25 nil
3299 3741 118 24 admirari

2876 3785 115 20 manner.
3025 3778 52 27 But
3088 3779 45 26 sh«
3145 3782 43 30 got
3205 3789 16 18 a
3243 3782 49 26 fair
3303 3783 54 32 grip
3368 3782 50 26 and

2876 3821 52 26 laid
2938 3822 21 25 it
2970 3821 57 27 well
3038 3821 62 27 back
3111 3829 34 19 on
3152 3823 49 27 her
3208 3826 103 32 tongue.
3345 3826 73 26 Then

2876 3863 45 27 the
2931 3864 108 33 poultioe
3050 3864 81 35 began
3152 3868 28 25 to
3191 3869 43 30 get
3252 3869 34 26 its
3298 3869 69 26 work
3377 3876 41 19 on.

2909 3906 54 26 The
2973 3906 92 27 female
3077 3915 32 19 ox
3126 3908 52 27 laid
3197 3910 22 26 it
3230 3910 82 32 down,
3331 3911 87 33 sighed

2876 3943 95 34 deeply,
2990 3944 51 26 and
3060 3948 68 24 went
3151 3955 71 26 away
3245 3951 27 25 to
3295 3950 57 27 look
3380 3950 38 26 for

2876 3994 60 20 sour
2957 3995 80 23 grass.

2910 4030 54 26 The
2975 4031 62 26 next
3054 4031 133 29 candidate
3208 4043 51 19 was
3270 4043 16 18 a
3297 4036 45 26 red
3352 4038 67 25 steer

2877 4072 56 27 that
2944 4073 15 26 I
2969 4073 51 26 had
3030 4082 61 19 once
3108 4076 92 34 helped
3222 4080 28 25 to
3260 4080 57 33 pull
3338 4082 45 24 out
3394 4080 27 27 of

2877 4120 15 17 a
2903 4113 77 25 shaft.
3015 4113 41 26 On
3079 4115 57 26 that
3159 4119 125 29 occasion,
3314 4121 31 24 he
3368 4120 50 26 had

2877 4155 45 26 put
2933 4150 74 26 down
3017 4151 41 25 his
3078 4151 68 28 head
3157 4155 52 25 and
3380 4158 40 25 his

2876 4200 111 19 rescuers
2998 4200 28 19 as
3048 4201 61 20 soon
3121 4203 28 19 as
3169 4198 33 26 he
3220 4201 122 32 emerged.
3378 4202 39 26 He

2876 4237 95 31 opened
2981 4237 44 26 the
3037 4237 96 33 plaster
3144 4242 44 25 out
3199 4242 86 28 before
3294 4245 127 33 sampling

2875 4278 28 30 it,
2921 4279 49 25 and
2981 4279 60 25 then
3051 4282 45 31 got
3107 4282 78 28 about
3195 4292 77 20 seven
3288 4295 94 18 ounces
3394 4289 27 26 of

2875 4315 45 26 the
2941 4318 115 25 mustard
3079 4320 58 26 well
3166 4323 81 27 under
3264 4325 42 26 his
3325 4328 95 32 tongue

2875 4358 84 27 before
2981 4360 42 26 his
3053 4364 141 31 suspicions
3217 4375 65 19 were
3304 4370 114 26 aroused,

2875 4398 33 27 he
2917 4399 91 27 retired
3014 4402 27 26 to
3052 4402 45 27 the
3108 4405 79 35 creek,
3204 4407 134 37 breathing
3346 4410 71 28 hard.

2909 4442 15 26 I
2945 4444 109 34 thought
3077 4447 15 26 I
3103 4447 52 28 had
3174 4451 41 27 hit
3226 4459 32 19 on
3270 4461 16 18 a
3304 4455 117 31 splendid

1118 52 169 33 OXFORD
1323 54 231 32 OBSERVER
1619 53 240 34 SATURDAY,
1901 49 231 33 FEBRUARY
2164 50 29 36 1,
2256 48 83 30 1896

2306 188 225 26 PREVENTION
2548 188 33 24 IS
2598 187 138 25 BETTER
2748 186 94 25 THAN
2852 209 2 3 .

2540 226 103 26 CURE.

2307 299 95 24 YTOW
2420 299 53 24 that
2485 299 43 24 the
2540 298 130 25 Influenza
2682 297 127 32 Epidemic
2821 297 21 23 is

2307 323 38 32 1Y
2380 331 76 25 about
2475 332 41 23 the
2534 330 182 31 neighbouring
2733 329 109 24 districts

2306 371 32 16 no
2351 362 73 25 home
2436 363 88 24 should
2536 362 29 24 be
2576 362 105 24 without
2693 362 43 24 the
2755 362 86 29 Platy-

2306 402 47 23 pus
2358 395 86 24 Brand
2454 395 26 24 of
2492 395 154 30 Eucalyptus
2656 393 122 25 Globulus
2790 393 51 23 Ex-

2307 428 64 22 tract
2382 428 26 23 to
2420 427 29 23 be
2461 427 77 23 taken
2550 433 66 24 upon
2633 433 81 24 sugar,
2736 433 28 16 or
2780 425 26 23 m
2825 432 17 16 a

2306 459 65 24 little
2382 459 71 24 milk.
2489 459 51 23 The
2552 461 66 21 most
2632 457 148 25 convenient
2792 457 50 23 and

2306 491 112 30 pleasant
2429 498 55 24 way
2495 494 26 21 to
2534 491 56 23 take
2613 490 156 30 Eucalyptus
2780 489 22 23 is
2814 489 28 23 m

2307 523 32 23 he
2481 522 87 24 Brand
2587 522 27 24 of
2632 522 144 31 Euocyptus
2797 518 44 26 Ju-

2304 555 82 31 jubes,
2397 555 59 30 they
2467 562 42 17 are
2516 555 27 23 m
2553 554 61 24 such
2624 561 15 16 a
2646 553 125 32 palatable
2777 553 64 25 form

2306 588 112 30 pleasant
2460 588 26 23 to
2520 588 70 26 taste,
2631 586 131 31 antiseptic
2792 584 50 26 and

2306 619 140 25 stimulant.
2475 644 6 6 r
2491 619 115 33 Sprinkle
2628 626 63 23 your
2717 618 124 24 handker-

2306 651 68 26 chief
2382 652 50 25 and
2451 655 82 22 r'oonis
2545 651 59 25 witli
2625 652 41 24 the
2684 651 42 24 oil.

2307 703 27 24 BE
2344 703 58 25 SURE
2409 703 44 24 YOU
2463 702 117 25 PURCHASE
2590 701 45 24 THE
2645 699 116 27 PLATYPUS
2769 700 74 26 BRAND

2383 747 31 24 R.
2427 745 91 26 Parish
2529 745 83 31 Agent
2623 744 39 25 for
2674 743 102 26 Oxford.

2307 788 73 25 Office
2388 789 40 29 Np
2438 790 13 22 9
2661 785 181 26 Christchurch

2319 873 30 80 „'!
2438 897 269 46 NOTICE.

2305 987 22 56 I
2343 988 48 31 beg
2409 989 26 23 to
2451 987 92 25 inform
2572 988 43 24 the
2638 987 155 28 inhabitants
2816 985 27 24 of

2345 1019 93 26 Oxford
2449 1019 51 25 and
2508 1019 43 25 the
2559 1019 83 31 public
2652 1018 124 32 generally
2785 1017 55 25 that
2847 1037 4 10 ,

2305 1056 87 25 rhave
2410 1056 76 26 taken
2497 1065 58 16 over
2573 1056 43 25 the
2628 1056 113 24 business
2764 1054 77 31 lately

2305 1096 94 24 carried
2410 1104 33 16 on
2452 1095 180 33 by^ESSRS
2642 1093 197 33 .GRIFFITHS

2305 1133 97 29 BROSi
2414 1136 104 24 General
2518 1154 2 3 .
2526 1135 116 27 Carriers,
2656 1135 58 27 .ftnd;
2726 1136 64 23 trust
2808 1134 33 30 by;

2305 1173 123 25 attention
2437 1174 26 23 to
2474 1172 114 25 business
2601 1174 26 23 to
2639 1173 73 24 merit
2731 1181 14 14 »
2768 1171 71 25 share

2305 1211 27 25 of
2337 1211 84 31 public
2432 1214 111 29 support*
2567 1229 4 3 -
2569 1219 4 9 ;
2576 1216 52 17 ■■'■-.
2677 1231 37 6 .
2736 1226 7 12 .-

2338 1259 108 25 Covered
2457 1259 72 25 Vans
2541 1259 51 25 will
2602 1266 48 18 run
2672 1259 64 25 from
2748 1258 93 25 Oxford

2306 1303 28 23 to.
2342 1301 129 33 Rangiora'
2492 1302 50 24 and
2565 1301 180 25 Chri&tchurch
2768 1308 73 23 every

2305 1348 153 30 MONDAY,
2472 1348 229 28 WEDNESDAY,
2711 1346 130 25 FRIDAY

2294 1392 25 23 ;.,
2343 1394 2 7 '
2383 1399 9 9 .i
2453 1406 3 3 .
2497 1385 149 31 Returning,

2294 1417 2 6 '
2305 1413 175 41 TUESDAY/,
2488 1446 10 5 .
2522 1424 190 28 T.HURSDAY
2722 1414 7 39 \
2739 1449 3 3 .
2761 1423 79 28 .AND

2295 1465 5 24 ;
2313 1456 17 41 \
2333 1459 17 28 .;•
2399 1474 17 8 -
2449 1453 234 40 ;SATTiRDAY'3'
2697 1455 4 9 ;
2722 1454 4 7 '
2740 1486 8 3 ..
2768 1453 17 39 '„'
2804 1460 12 23 :

2314 1524 3 5 .
2337 1504 135 25 Furniture
2484 1503 52 26 and
2545 1503 90 27 Goods'
2651 1505 28 25 of
2699 1512 73 24 every
2791 1504 49 25 dis-

2296 1565 3 7 ,
2305 1542 111 32 orijStion,
2429 1542 92 32 packed
2532 1542 51 25 and
2594 1543 158 28 remoyedat:
2759 1542 81 26 short-

2296 1585 45 22 ,est
2351 1583 91 24 notice.
2606 1606 3 2 .
2707 1601 133 13 ......._

2296 1653 3 3 .
2313 1631 2 21 i
2337 1627 140 26 ORDERS
2498 1627 129 26 entrusted
2639 1629 26 25 to
2676 1628 43 25 Mr
2729 1627 32 26 L.
2774 1627 72 26 Grif-

2294 1667 57 25 -flth
2362 1667 99 30 Oxford,
2480 1668 52 25 who
2543 1667 51 26 will
2612 1670 40 23 act
2664 1675 27 18 as
2702 1675 44 25 my
2757 1669 82 30 agent,

2295 1708 73 25 ;or.to
2380 1708 27 25 C.
2420 1708 29 24 A.
2462 1707 76 32 Tyler
2544 1707 135 32 Rangiora,
2687 1707 56 26 wiir
2746 1707 94 26 receive

2302 1747 100 29 prompt
2423 1746 146 25 attention..
2727 1762 7 4 -

2296 1790 38 17 ■■■;
2489 1784 29 26 C.
2538 1785 29 25 A.
2587 1784 118 27 TYLER
2746 1795 19 14 :.
2808 1775 41 35 .»',..

2296 1835 5 12 :
2660 1839 9 4 ..
2686 1818 153 31 proprietor.

2297 1954 4 50 ;
2345 1952 55 45 T.
2437 1951 357 55 KENNEDY,

2423 2014 288 33 BLACKSMITH,

2299 2071 87 41 ;Begs
2400 2074 33 28 to
2447 2071 142 31 iufcimate
2613 2074 34 28 to
2661 2071 54 31 the
2733 2071 106 41 public

2303 2113 35 30 of
2364 2112 119 31 Oxford
2527 2112 63 31 and
2628 2112 211 41 surrounding

2447 2153 70 30 that
2526 2152 41 31 he
2576 2153 58 31 has
2642 2154 198 31 commenced

2302 2194 142 30 business
2479 2204 33 19 as
2559 2194 136 31 General
2730 2194 109 31 Black-

2303 2234 101 39 smith,
2454 2238 76 27 next
2561 2237 34 27 to
2623 2234 52 31 Mr
2701 2234 149 41 Lough's-

2303 2274 84 30 Near
2401 2274 73 31 Sale
2487 2274 114 36 Yards*-
2612 2274 78 31 East
2704 2275 146 35 Oxford;-

2304 2314 62 30 and
2393 2315 96 38 hopes
2517 2315 42 38 by
2574 2314 89 31 strict
2687 2316 153 30 attention

2304 2356 33 27 to
2369 2354 150 36 business,
2547 2357 34 27 to
2616 2355 38 30 be
2689 2355 152 30 favoured

2303 2394 77 31 with
2393 2395 84 30 their
2490 2398 141 36 support.
2783 2411 3 14 ;

2345 2434 38 32 N.
2400 2434 42 31 :B.
2467 2436 135 40 Shoeing
2630 2446 18 20 a
2668 2436 171 41 speciality.

2446 2578 248 50 FOUND.

2301 2696 4 24 i
2344 2686 29 31 A
2392 2698 70 30 rug,
2484 2698 105 21 owner
2602 2698 59 21 can
2689 2689 82 31 have
2786 2689 53 30 the

2305 2743 83 22 same
2414 2735 45 38 by
2493 2735 153 40 applying
2675 2737 34 28 to
2737 2735 104 31 Police

2305 2781 129 32 Station.

2301 2914 4 30 :
2420 2919 301 49 WANTED.

2306 2987 42 78 A
2367 2985 230 33 SITUATION
2626 2997 40 21 on
2702 2997 19 21 a
2749 2988 95 30 Farm

2367 3028 124 30 wanted
2520 3028 44 41 by
2591 3039 19 19 a
2637 3029 101 40 youth
2765 3029 78 39 aged

2306 3068 41 30 16
2369 3077 97 30 years,
2502 3079 60 20 can
2574 3069 77 30 milk
2677 3069 63 31 and
2754 3069 90 31 make
2852 3072 2 29 !

2306 3108 126 32 himself
2451 3109 162 40 generally
2632 3110 114 30 useful.

2303 3173 3 13 1
2430 3158 106 41 Apply
2548 3162 35 27 *°
2634 3170 17 20 c
2666 3159 96 32 Office
2852 3158 2 42 |

2554 3199 34 31 of
2608 3199 64 32 this
2693 3201 110 38 Paper,
2852 3194 2 32 i

2303 3243 3 22 i

2420 3335 316 45 WANTED.

2306 3404 189 33 WANTED
2524 3405 150 31 situation
2701 3415 36 21 as
2765 3409 79 27 mot-
2852 3395 2 51 \

2306 3450 73 31 hers
2399 3451 81 41 help,
2503 3462 37 20 or
2553 3462 94 20 nurse
2677 3452 62 40 girl
2754 3452 91 40 (aged

2306 3496 67 41 14).

2432 3545 106 40 Apply
2550 3545 153 32 Observer
2717 3545 104 32 Office.

1879 207 127 21 DOUBLE
2028 205 112 21 WIDTH

1757 268 195 44 DRESS
2006 264 258 46 TWEEDS

1919 336 80 38 (half
2014 334 96 39 price)

1797 394 184 37 Homespun
1997 393 35 28 62
2049 390 101 31 worth
2166 390 38 28 10
2208 388 17 40 J

1755 444 101 29 better
1881 442 90 30 value
1996 440 76 31 than
2082 469 4 6 ,
2097 438 169 38 travelling

1818 496 127 39 drapers
1959 494 65 30 will
2039 493 71 39 give
2124 502 70 30 you.

1755 564 28 36 I:
1794 562 181 42 ABIES'
2007 558 256 44 J^CKfTB

1734 637 27 12 -
1809 638 6 2 -
1846 614 82 30 New-
1948 613 80 29 This
2049 611 127 33 Season
2229 640 37 12 .

1741 663 35 28 8s
1799 662 42 28 6d
1882 660 147 30 Reduced
2044 659 80 29 from
2182 659 55 28 12s
2260 658 18 28 6

1742 721 38 29 15
1804 720 40 29 6d
1970 741 19 14 „
2074 741 17 16 „
2182 718 55 29 20s
2258 718 20 28 0

1745 818 250 34 .MANCHESTER
2012 816 248 25 DEPARTMENT.

1740 888 115 35 Prints,
1877 888 113 29 checks
2006 887 61 29 and
2089 887 115 38 stripes

1733 936 102 33 'Table
1854 938 173 38 ©Smasks/
2042 938 232 30 unbleached^-

1821 989 115 39 special
1958 989 93 29 value
2067 987 82 31 from
2166 987 45 40 1/-

1739 1044 116 31 Bro^vn
1891 1042 138 30 Holland
2065 1052 78 29 very
2178 1042 99 38 cheap

1740 1093 191 31 Flannelette
1947 1092 60 31 and
2022 1091 152 41 Shirtings
2196 1092 81 40 good

1728 1145 2 45 j
1820 1144 90 30 Value
1931 1143 80 30 from
2034 1143 50 29 4d.

1738 1194 95 31 Floor
1853 1193 92 32 Cloth
1966 1194 83 40 good
2070 1197 35 26 at
2126 1193 50 31 9d.

1737 1245 90 30 Wide
1850 1245 113 29 Forfar
1985 1248 33 25 at
2040 1244 49 29 6d.
2126 1249 5 7 '
2250 1245 8 20 ''■

1777 1342 118 31 BOY'S
1927 1341 305 31 DEPARTMENT.

1920 1437 22 26 T
1957 1444 57 19 now
2023 1436 117 25 continue
2151 1438 25 21 to
2189 1436 87 24 devote

1919 1468 23 27 A
1978 1468 99 32 Special
2095 1468 132 25 Attention
2250 1470 26 23 to

1758 1493 139 46 /|^2^V
1918 1501 39 26 *^
1959 1509 11 17 s
1985 1501 171 31 Department,
2169 1501 50 24 and
2237 1508 39 17 am

1738 1538 168 61 (*SMU|H
1962 1560 74 21 NOW
2065 1559 156 21 OFFERING

1780 1615 10 40 I
1810 1622 16 33 1
1856 1634 27 21 V
2002 1633 104 22 LARGE
2120 1635 75 21 LINE

1729 1722 11 8 <•
1778 1690 97 57 nf-fit
1895 1710 33 24 r-.i.
2135 1712 85 21 SUITS

1781 1742 27 22 IS
1818 1733 92 47 Jl^S
1917 1746 26 20 at
1957 1745 41 21 the
2004 1765 3 3 .
2016 1745 120 26 following
2149 1745 126 21 SPECIAL

1756 1765 315 49 JP^P^PRICES^--
2085 1796 6 10 ;
2092 1798 2 2 .
2112 1800 7 7 ,
2166 1799 19 6 .
2202 1791 38 18 :..;_
2261 1793 2 16 ,;
2283 1776 1 2 '

1762 1838 2 8 -.
1793 1823 33 21 To
1835 1822 29 23 fit
1873 1823 61 27 Boys
1943 1823 45 22 3lf
1989 1828 50 16 ears
2049 1823 36 26 5/6
2094 1846 7 1 _
2113 1823 13 21 5
2136 1824 72 23 Jears
2222 1823 36 28 5/6
2270 1832 2 16 :

1950 1856 14 23 7
1976 1856 119 27 ¥earas/6
2113 1857 15 21 9
2137 1858 73 21 Tears
2223 1858 37 28 5/6

1804 1912 57 47 R»
1900 1912 59 47 H«
1990 1912 219 47 PAItISH

1865 1988 108 53 E*st
1997 1989 165 51 Oxford

1734 2192 47 45 J.
1804 2190 54 46 T.
1886 2193 203 54 Brown,
2111 2195 41 44 &
2174 2195 102 45 Son

1788 2258 113 22 TIMBER
1910 2259 19 21 k
1938 2259 74 21 COAL
2025 2259 185 24 MERCHANTS.

1910 2295 168 22 IMPORTERS

1735 2331 36 28 Of
1801 2331 142 28 TIMBER
1972 2334 55 26 and
2056 2334 51 26 All
2135 2335 90 27 Kinds
2248 2335 29 27 of

1788 2378 190 28 BUILDING
2002 2379 225 29 MATERIALS.

1925 2424 154 27 CORNER

1735 2465 167 26 COLOMBO
1942 2467 21 23 &
1990 2465 99 26 TUAM
2119 2467 158 26 STREETS

1895 2509 196 26 Chbistohuboh

1735 2676 314 81 BDRRELL
2077 2678 196 97 BEOS.,

1848 2776 168 46 Photogi
2025 2778 145 47 ciphers
2243 2789 7 32 ;

1735 2837 192 42 VICTORIA
1949 2839 151 49 STUDIO,
2124 2841 61 39 CH.
2210 2841 62 40 CH.

1818 2901 70 27 Take
1905 2902 43 25 the
1964 2901 58 26 lead
2039 2909 61 19 once
2117 2910 70 19 more

1737 2944 67 40 Our
1812 2945 250 52 Photographs
2069 2946 208 51 alltherage

1737 3006 396 80 MofourwelllnjownhigUy
2148 3010 58 19 IA
2227 3008 10 21 I
2243 3010 31 26 f%
2279 3008 7 19 J

1801 3032 102 24 finished
1921 3034 225 23 namelledCabinets
2153 3027 13 29 1
2174 3027 13 29 1
2193 3027 13 29 1
2218 3027 57 35 /1%

1962 3062 37 20 for
2149 3050 78 39 111/
2243 3051 33 37 U

1740 3126 16 38 1
1768 3124 104 41 dozen
1891 3125 207 39 Enamelled
2114 3126 164 39 Cabinets

1728 3187 2 37 I
1736 3175 99 39 with
1847 3185 61 28 one
1915 3175 216 40 15xl2Matt
2140 3177 138 39 surface

1739 3222 299 51 Enlargement
2053 3223 226 42 Beautifully

1847 3278 150 40 Framed
2018 3278 54 40 for
2093 3280 63 39 £1.

1739 3335 62 27 This
1812 3336 22 26 is
1844 3343 35 20 no
1889 3337 82 28 sham,
1983 3337 46 26 but
2041 3345 15 18 a
2067 3337 52 26 real
2131 3338 47 33 gift
2189 3338 38 25 for
2235 3338 44 27 the

1738 3375 101 32 coming
1856 3374 125 34 holidays.
2021 3375 49 26 All
2089 3377 67 26 work
2172 3377 64 26 done
2247 3377 33 32 by

1740 3412 162 32 experienced
1923 3413 91 26 hands.
2066 3413 150 27 Remember
2234 3422 47 18 our

1755 3450 157 29 Concession,
1921 3451 32 24 18
1964 3451 28 24 to
2002 3450 44 26 the
2053 3450 81 26 dozen
2145 3451 38 25 for
2192 3451 70 33 10/6.

1739 3489 61 25 This
1818 3489 45 25 the
1880 3490 60 32 only
1954 3490 62 25 time
2030 3490 27 24 m
2075 3490 46 26 the
2140 3487 104 36 History
2255 3490 28 26 of

1739 3526 180 33 Photography
1930 3527 57 26 that
2004 3528 63 25 such
2084 3535 16 18 a
2122 3528 93 26 chance
2232 3528 49 27 has

1740 3572 57 18 ever
1816 3565 61 25 been
1896 3565 107 33 brought
2022 3565 83 26 before
2124 3566 45 26 the
2187 3567 92 32 public,

1740 3603 51 26 and
1801 3612 59 24 may
1870 3612 77 18 never
1961 3612 75 18 occur
2058 3606 83 32 again.
2161 3606 40 26 Sit
2211 3607 69 32 early

1740 3644 186 32 appointments
1938 3644 91 26 should
2039 3645 31 25 be
2081 3646 74 25 made
2173 3646 23 25 if
2211 3653 70 25 poss-

1739 3681 57 24 ible.
1820 3681 201 26 REMEMBER
2041 3683 71 25 OUR
2126 3683 63 26 BIG
2201 3684 78 26 CON-

1740 3719 149 27 CESSION
1901 3720 68 26 FOR
1984 3722 16 24 2
2010 3721 147 28 MONTHS
2176 3723 102 26 ONLY.

1739 3789 100 26 Letters
1849 3789 33 33 by
1892 3792 58 31 post
1960 3792 150 33 punctually
2122 3794 120 26 attended
2253 3796 26 24 to

1753 3836 513 45 PICTTJRE~~FRAMING

1889 3883 26 21 m
1923 3883 34 21 all
1965 3884 32 21 its
2006 3884 122 22 branches.

1740 3912 165 27 BUERELL
1921 3914 109 30 BROS..
2051 3915 211 34 Photographers,

1867 3953 110 26 Victoria
1989 3956 85 28 street,
2086 3955 193 29 Christchurch.

1740 3994 111 32 opposite
1862 3995 42 25 the
1914 3995 140 29 Salvation,
2057 3998 78 33 Army
2146 3999 132 27 Barracks,
2285 3997 2 36 j

1766 4125 26 21 A.
1805 4125 115 27 FUther].
2018 4135 12 12 .-.
2141 4130 40 27 IF.
2194 4131 82 22 Fullir.

1754 4172 205 42 FLESHER
1980 4175 71 40 and
2072 4177 189 42 FULLER.

1917 4231 184 29 SOLICITORS,

1780 4268 14 20 9
1803 4267 125 22 Cathedral
1937 4267 95 28 Square,
2046 4271 193 23 CiutigTCMWKCH.

1741 4300 117 28 (Between
1867 4300 111 23 Morten's
1987 4302 118 29 Vnildings
2114 4306 19 21 4
2142 4304 57 24 Post
2205 4306 74 22 Office.

1780 4334 189 58 Money
1997 4339 55 43 to
2088 4339 144 47 Lend

1740 4400 36 22 On
1785 4400 33 21 all
1825 4400 58 22 kind
1892 4400 25 22 of
1925 4401 114 30 Security,
2046 4405 26 21 at
2091 4405 57 23 L*yr
2161 4406 79 22 Satm
2257 4405 25 22 of

1767 4444 112 21 Interest.
1911 4445 91 26 Special
2014 4447 81 22 Termi
2103 4448 39 23 for
2162 4449 114 22 Farmera.

1172 198 245 45 KiiIAPOI
1460 196 250 46 TWEEDS.

1173 275 83 21 SUITS
1266 275 86 19 MADE
1362 275 37 20 TO
1410 274 143 20 MEASURE
1566 273 83 21 FROM
1664 275 45 20 50s.

1173 331 120 77 FULL
1310 331 144 29 RANGE
1467 330 34 30 of
1509 330 63 29 this
1586 330 125 30 Season'

1251 371 145 29 Patterns
1416 374 33 24 to
1479 370 94 29 hand,

1428 421 26 22 ta

1275 463 28 29 R
1305 484 11 13 v
1326 459 54 36 :;H
1401 458 200 34 PARISH'S
1669 467 3 23 :

1318 522 91 26 EAST
1427 522 146 24 OXFORD.

1181 564 33 12 "'
1259 565 8 4 '
1281 570 140 24 INTENDS
1453 574 37 19 TO
1520 572 73 21 SELL
1684 569 5 6 '

1164 611 186 37 .§easp;aable
1360 612 101 37 gojods.
1466 614 32 26 at
1503 611 101 39 prices
1613 611 104 35 fye.lorw,

1172 661 70 27 that
1261 661 33 28 of
1309 671 62 28 anj
1394 661 224 28 Christchurch
1642 661 68 28 firm

1311 731 53 5 —
1364 722 2 2 '
1377 720 10 8 •'
1466 721 8 23 '

1216 764 169 38 All
1422 770 247 32 wool

1172 898 131 38 cheaper
1317 898 77 29 than
1410 908 56 20 can
1487 899 39 29 be
1537 899 173 38 purchased

1171 952 32 26 at
1232 947 125 31 auction
1386 958 35 20 or
1439 948 83 30 from
1531 948 17 5 '"
1561 948 149 31 itinerant

1304 1009 20 19 •::
1342 1016 6 15 j
1355 996 138 38 drapers:
1546 1015 39 14 :.-....
1659 1008 34 22 .••■;-
1710 1016 7 12 v

1161 1068 2 2 •
1194 1073 10 5 ..■
1398 1071 2 2 ■
1425 1068 30 17 ♦
1479 1059 1 2 '
1539 1070 33 10 ■-—
1615 1072 2 1 ■
1628 1061 9 11 '•'

1270 1131 343 39 PARISH'S

1178 1192 184 536 t
1414 1406 266 47 youths:

1444 1501 65 36 Ml
1539 1502 105 35 Wool

1373 1584 179 25 COLONIAL
1576 1585 130 24 TWEED

1420 1656 217 21 QTTTTCJ

1400 1667 61 25 ...GS.
1466 1685 2 8 ;
1472 1665 165 26 LJ,JLJLte!t
1661 1686 30 5 ....

1206 1744 128 32 From
1359 1742 96 40 12/6,
1470 1749 72 32 per
1565 1743 96 37 suit^

1162 1803 5 15 :
1233 1800 81 34 (three
1324 1801 137 32 garments,
1479 1798 80 26 worth
1572 1798 65 33 255.)

1169 1846 92 26 Cannot
1273 1846 26 25 be
1305 1846 139 31 purchased
1454 1849 25 20 at
1496 1843 171 27 Christchurch
1679 1851 27 16 or

1282 1888 123 26 elsewhere
1416 1892 26 20 at
1449 1887 36 25 the
1492 1887 79 32 price.

1167 1947 28 50 jk
1206 1947 134 32 AMens
1354 1947 101 33 Black
1466 1947 69 33 S.B.
1546 1947 58 31 Sac
1613 1945 92 33 Goats

1265 1990 51 30 for
1340 1990 128 40 Sunday
1482 1988 63 32 and
1567 1988 139 40 Holiday-

1167 2041 82 20 wear
1256 2030 148 32 Reduced
1411 2031 83 30 from
1507 2028 68 40 25/-
1588 2032 33 28 to
1630 2028 75 41 15/6

1167 2128 27 30 A
1209 2128 103 40 Large
1327 2129 61 31 Lot
1403 2129 34 30 of
1460 2128 107 31 Gents'
1593 2128 114 40 Heavy

1167 2178 112 31 Tweed
1317 2179 170 32 Overcoats
1520 2179 100 30 below
1639 2182 68 27 cost

1167 2220 94 39 price.

1390 2273 9 13 >
1407 2275 14 10 -
1430 2274 11 13 ♦
1449 2275 14 11 m
1472 2273 11 15 <
1515 2278 6 4 ■

1196 2314 144 48 LACE
1391 2314 287 48 CURTAINS

1167 2423 95 49 mil
1292 2422 138 45 D^IRS
1446 2422 33 31 of
1495 2421 210 32 CURTAINS

1168 2453 94 49 lUU
1292 2466 23 36 1
1371 2462 110 32 Latest
1505 2462 136 41 Designs

1262 2509 83 30 from
1374 2510 45 30 2s.
1432 2519 57 30 per
1517 2509 79 39 pair.

1166 2695 122 31 Ladies'
1311 2694 88 33 Rock
1414 2694 103 32 Straw
1531 2695 134 31 Boaters

1208 2770 19 15 „
1312 2747 107 42 Fancy
1442 2747 96 33 Sailor

1166 2799 95 41 Boys'
1276 2800 64 31 and
1353 2799 101 31 Maids
1470 2799 144 33 Galateas

1168 2893 99 33 Black
1282 2893 122 34 French
1420 2893 184 31 Cashmeres

1167 2945 101 33 Black
1283 2947 29 28 &
1323 2944 66 33 Col.
1408 2943 124 33 French
1551 2943 156 32 Meriiioes

1201 3051 255 26 FLANNELETTS
1469 3053 20 23 &
1501 3050 190 31 (JALATEAS,

1170 3110 31 25 In
1223 3111 125 31 quantitie
1371 3111 50 25 and
1441 3111 117 31 qualities
1576 3118 73 19 Dever
1667 3111 43 32 yet

1169 3148 88 32 placed
1267 3147 83 26 before
1362 3148 92 25 Oxford
1465 3148 99 32 buyers.
1574 3148 70 25 Such
1654 3150 55 30 pat-
1716 3161 2 12 1

1170 3187 77 28 terns,
1260 3185 61 25 such
1333 3185 106 29 colours,
1452 3185 62 25 such
1526 3186 119 28 textures,
1654 3186 56 25 that

1171 3230 47 18 one
1229 3222 126 31 naturally
1367 3222 58 26 asks
1436 3222 56 25 how
1504 3222 60 33 they
1575 3229 43 19 are
1637 3223 73 25 made

1171 3263 38 25 for
1231 3262 44 25 the
1284 3259 3 5 '
1295 3262 76 31 price.
1385 3269 5 2 ~
1414 3262 45 32 My
1482 3262 116 31 Glasgow
1620 3262 90 33 buyers

1171 3298 114 33 pounced
1301 3307 68 24 upon
1388 3307 16 17 a
1426 3299 52 25 line
1500 3299 67 25 fresh
1587 3298 64 27 from
1666 3300 44 25 the

1171 3338 87 30 looms,
1269 3337 74 26 made
1354 3337 123 26 excellent
1488 3338 76 25 terms
1583 3337 64 26 with
1666 3337 44 26 the

1171 3375 95 30 maker,
1275 3375 103 33 shipped
1389 3376 27 25 at
1427 3382 62 19 once
1500 3376 84 29 tome,
1594 3375 51 26 and
1651 3375 60 26 here

1172 3415 59 31 they
1242 3422 50 23 are,
1305 3422 67 19 some
1383 3416 51 25 100
1444 3415 90 32 pieces,
1541 3415 51 25 and
1598 3415 14 26 I
1622 3416 88 25 intend

1171 3456 27 23 to
1208 3454 74 25 make
1293 3462 15 17 a
1319 3455 71 24 noise
1410 3454 77 25 about
1510 3455 71 24 them
1590 3462 7 22 ;
1610 3462 32 18 no
1662 3462 49 18 one

1172 3492 49 26 else
1232 3493 47 25 has
1291 3493 41 25 the
1343 3495 127 30 patterns;
1482 3500 34 19 no
1538 3500 49 19 one
1609 3493 52 26 else
1682 3494 29 24 m

1172 3530 44 27 the
1227 3530 71 26 trade
1307 3537 47 19 can
1366 3531 62 25 offer
1444 3531 63 25 such
1518 3532 81 25 value.

1199 3569 259 26 FLANNELETTE
1473 3571 29 24 2s
1521 3571 48 24 lid
1578 3570 79 26 dozen
1665 3571 47 32 yds

1173 3617 27 18 or
1211 3616 48 25 any
1269 3608 90 32 length
1369 3610 44 24 cut
1424 3610 27 24 at
1470 3609 33 25 3d
1521 3616 45 25 per
1584 3610 71 30 yard.
1689 3610 23 25 A

1172 3646 114 33 splendid
1301 3653 77 26 range
1395 3646 28 26 of
1436 3648 121 30 patterns.

1395 3758 70 22 NEW

1173 3805 266 47 SUMMER

1415 3880 298 46 DRAPERY

1293 3980 123 34 NOW
1446 3980 135 33 OPEN

1172 4107 119 25 PRINTS,
1306 4106 171 25 GINGHAMS,
1491 4106 117 25 DRILLS,

1203 4181 145 26 ZEPHYRS,
1363 4182 108 25 MULLS,
1485 4180 227 26 FLANNELETTS,

1171 4258 94 22 DRESS
1280 4258 135 27 TWEEDS,

1311 4296 27 20 U
1351 4295 43 21 lid
1421 4295 54 21 Full
1488 4295 71 21 Drew
1572 4293 57 21 with
1637 4293 77 27 lining

1173 4361 116 23 COTTON
1302 4360 93 22 DBESS
1407 4361 140 25 MUSLINS;

1338 4439 136 22 OSBORNE
1489 4437 99 22 CRAPE
1606 4436 99 23 CLOTH

622 193 513 45 DRESSMAKING.

826 268 7 10 tt
840 266 78 15 _tgs>_i

689 301 96 30 MISS
809 302 33 30 E.
861 301 198 34 HAWKER,

609 357 10 38 (
630 357 92 38 Pupil
738 357 31 28 of
790 357 73 29 Miss
879 357 137 36 Keating
1039 354 104 30 Scien-

605 396 65 30 tific
681 396 209 35 Dressmaker,
906 394 235 39 Christchurch)

647 446 81 39 Begs
752 447 180 41 tj^iaform
969 445 56 29 her
1054 444 89 40 Lady

605 485 132 31 Friends
865 487 25 28 is
906 494 71 20 now
992 485 151 39 prepared

606 530 32 25 to
654 526 89 29 make
761 527 118 29 dresses
893 526 33 28 m
940 525 203 28 Fashionable

606 567 60 29 and
672 566 108 31 Latest
792 567 106 39 styles,
910 569 32 26 at
954 564 189 30 Reasonable

607 607 162 38 charges..,
818 621 38 16 ■•--.

658 657 48 24 She
745 657 47 23 has
821 656 122 31 arranged
955 673 4 4 ,
979 655 35 23 foi
1045 656 98 29 present

609 694 196 25 WORKROOM
830 697 26 21 at
886 694 69 24 MRS
976 692 167 27 ESKETT'S

607 732 119 31 Opposite
737 731 73 24 Bank
821 732 28 24 of
858 732 62 23 New
931 730 110 25 Zealand
1051 729 92 25 Oxford

731 773 54 31 Bay
797 773 69 25 Itoad
881 773 134 24 Entrance.

659 910 196 41 MUSICAL
896 909 181 41 TDITIOH
1105 941 3 18 ,

603 976 140 38 PIANO,
772 976 188 35 SINGING,
985 974 156 37 VIOLIN,

596 1041 1 3 .
645 1016 147 31 ORGAN
858 1015 85 30 ETC.
1007 1015 92 30 ETC.

647 1096 2 3 •
668 1120 3 8 f
706 1087 63 29 mr
806 1086 35 33 s,
868 1085 205 40 m;ayson_

604 1149 65 30 Has
705 1150 160 29 vacancies
894 1148 48 30 for
963 1147 112 41 pupils'
1105 1148 34 28 m

731 1195 97 29 above
864 1194 146 39 subjects.

701 1307 87 24 Terms
818 1314 31 18 on
879 1305 160 33 application.

675 1352 62 8 ■■■■■■•'
765 1352 9 4 •■
786 1346 4 4 *
796 1353 3 2 ■
812 1352 2 1 •
832 1352 2 2 ■
841 1355 5 4 ..
852 1353 2 3 •
873 1352 5 1 -
969 1346 21 13 ■*.
1061 1352 2 3 •
1109 1352 4 10 (
1129 1346 4 6 ■■

602 1405 188 44 Pianos
814 1404 100 43 and
939 1402 199 56 Organs

731 1468 78 25 tuned
827 1469 50 25 and
894 1468 120 33 repaired.

601 1527 117 26 AGENT
736 1527 69 26 FOR
821 1527 138 25 MILNER
970 1524 168 28 THOMSON

748 1613 84 41 FOR
877 1613 115 40 SALE

633 1675 49 31 AN
698 1676 155 25 UPRIGHT
866 1675 119 26 GRAND
998 1675 115 26 PIANO;
1124 1692 6 8 >

633 1750 171 26 Instruments
815 1757 45 17 can
872 1749 31 25 be
919 1748 121 32 procured
1051 1755 32 19 on
1094 1748 43 26 the

600 1793 58 25 time
674 1795 123 28 payment,
805 1794 98 29 system.
968 1809 5 9 
1042 1799 17 19 r
1130 1809 12 9 -■

642 1856 2 4 .
743 1836 75 24 From
830 1837 34 24 £1
884 1844 15 17 a
910 1836 94 25 month.

649 1940 3 3 .
668 1922 116 26 SHEET
797 1922 108 26 MUSIC
915 1922 37 25 IN
963 1922 107 26 STOCK

600 1969 144 38 SONGS,
967 1966 167 36 DUETTS

750 2017 119 25 VIOLIN
882 2018 115 30 SOLOS..

600 2066 150 26 Address.—
752 2067 119 31 Opposite
899 2067 74 25 Bank
990 2067 28 25 of
1044 2067 32 24 N.
1107 2067 30 25 Z.

793 2120 149 26 OXFORD.

641 2269 3 18 1
735 2275 267 49 NOTICE.
1063 2269 3 3 '
1112 2279 4 64 ]

844 2354 66 27 TO
1112 2333 4 24 ''

614 2408 364 39 WAIMAKARIRI-ASHLEY
1008 2406 116 41 WATER

677 2469 125 39 SUPPLY
825 2469 241 39 CONTRACTORS
1111 2461 4 53 ',

625 2537 54 22 Just
687 2537 106 22 received
802 2543 14 14 a
822 2537 158 27 consignment
989 2536 24 22 of
1030 2537 85 27 strong*

600 2606 259 42 MOLESKIN
886 2606 250 42 TROUSERS

1113 2658 2 14 i
1133 2668 7 2 -

835 2676 46 15 AND

620 2712 242 40 COTTON
892 2713 227 39 SHIRTS

601 2801 52 41 for
669 2802 95 50 price
779 2800 71 40 and
865 2799 144 52 quality
1023 2799 63 40 not
1100 2800 38 39 to

765 2868 43 40 be
828 2868 131 41 beaten

651 2933 34 38 A
713 2931 134 51 Special
870 2931 113 51 Cheap
1005 2931 84 40 Line

601 2999 225 48 WELSH
848 2999 293 47 FLANNEL

700 3079 39 26 for
755 3081 82 24 men's
854 3079 144 26 undershirt
1015 3081 48 24 etc.

663 3124 41 30 8,.
719 3123 41 33 H.
777 3124 171 36 PARISH,
962 3124 138 30 Draper

894 3171 87 30 Ea.st
1003 3171 139 30 Oxford

739 3321 264 45 notice.

635 3405 84 27 MISS
740 3405 103 26 TRITT
855 3406 61 31 begs
936 3406 26 25 to
973 3411 132 21 announce
1116 3407 28 25 to

602 3448 42 25 the
666 3447 84 32 public
760 3446 28 26 of
806 3447 95 25 Oxford
912 3446 57 26 that
989 3447 45 25 she
1046 3447 22 25 is
1087 3455 56 18 now

602 3492 75 31 agent
699 3490 39 25 for
760 3490 117 26 Powell's
901 3490 131 25 Columbia
1052 3490 90 31 Fitter,

602 3533 51 26 and
663 3534 24 25 is
704 3533 115 32 prepared
831 3535 26 24 to
878 3533 58 26 take
946 3533 84 32 pupils
1050 3532 39 26 for
1100 3533 45 26 the

602 3576 87 26 above.
713 3576 50 25 For
783 3577 76 25 terms
870 3575 52 26 and
938 3575 36 26 all
995 3575 150 33 particulars

602 3619 76 33 apply
697 3620 34 28 to,
750 3619 82 26 MISS
850 3618 112 31 TRITT,

771 3661 89 31 Queen
884 3661 92 31 Street,

833 3704 64 25 East
926 3703 101 25 Oxford.

739 3907 268 47 NOTICE.

603 3984 96 29 LOST,
727 3983 143 32 STOLEN,
898 3983 47 26 OR
971 3983 171 27 STRAYED.

637 4081 33 26 40
686 4080 98 27 merino
796 4101 2 2 .
807 4085 65 20 ewes
894 4078 66 29 from
976 4085 95 27 reserve
1093 4080 50 24 462

604 4122 93 25 VIEW
715 4121 103 30 HILL,,
832 4120 76 33 lately
919 4120 118 32 occupied
1051 4120 33 31 by
1103 4121 41 25 Mr

604 4163 161 27 CHARLES
786 4162 148 31 GORTON,
948 4168 99 26 anyone
1061 4162 83 32 giving

603 4206 163 27 information
781 4206 58 27 that
862 4205 51 26 will
929 4205 57 27 lead
1007 4207 27 24 to
1050 4204 44 27 the
1105 4212 38 19 re-

602 4257 86 24 covery
705 4249 28 26 of
747 4250 43 25 the
807 4257 70 18 same
893 4248 53 26 will
962 4248 31 26 be
1007 4247 136 27 rewarded.

702 4292 81 32 Apply
1050 4291 4 11 ;
1119 4288 3 16 !

769 4332 33 28 R.
814 4333 131 28 PARISH

935 4375 71 28 View
1028 4374 64 27 Hill.

767 4441 87 27 Brand
870 4441 50 35 P5
938 4441 63 28 Red.

320 336 40 15 are
383 327 95 23 invited
501 327 38 23 for
562 336 15 15 a

29 349 174 52 pPfemale
227 360 105 23 PUPIL
358 359 163 24 TEACHER
539 359 37 24 for

37 400 43 25 the
92 400 63 23 East
167 398 94 25 Oxford
275 397 116 26 Scliool.'-
400 403 7 14 ■'

69 437 145 31 Applicants
247 440 68 21 must
334 436 62 25 have
416 435 90 32 passed
534 435 42 24 the

36 475 37 25 VI
92 474 126 26 Standard
242 474 49 24 and
320 475 63 23 have
409 482 31 15 no
463 473 114 31 physical

37 515 121 30 infirmity
193 513 160 25 detrimental
378 511 47 26 'to'
448 513 69 24 them
551 520 26 16 as

37 553 121 24 teachers.

71 589 247 25 APPLICATIONS
337 590 68 23 must
429 588 30 24 be
471 590 56 21 sent
550 587 27 24 m

37 630 85 24 before
135 631 14 23 5
162 637 59 24 p.m.
235 637 31 16 on
282 628 154 31 Wednesday
448 626 128 25 FEBRU-

38 670 69 24 ARY
129 670 43 23 sth
183 670 72 27 1896,
264 670 25 22 to
303 669 41 23 the
352 666 173 31 undersigned.

182 705 147 26 WALTER
347 704 93 25 RYDE

379 741 146 24 Chairman.

40 878 397 27 WAIMAKARIRI-ASHLEY
452 877 124 25 WATER

139 922 132 25 SUPPLY
304 921 170 25 DISTRICT.

73 1024 165 26 COOPER'S
266 1023 117 25 CREEK
417 1022 124 25 WATER

232 1061 142 25 SUPPLY.

40 1152 193 31 TENDEES
256 1162 52 19 are
322 1151 118 30 invited
456 1150 49 29 for
520 1150 53 30 the
580 1164 2 13 i

38 1194 161 37 following
212 1192 112 31 works.
580 1205 2 24 ;

80 1233 118 30 ROAD
253 1231 232 31 DIVERSION
541 1235 32 25 at

38 1272 178 31 Garomon's
246 1272 107 34 Creek,
390 1272 61 28 and
480 1272 94 28 about

41 1315 39 28 10
96 1312 106 31 chains
217 1312 34 30 of
273 1312 65 30 side
353 1312 123 38 cutting

80 1353 94 30 Plans
192 1353 62 28 and
273 1352 226 39 specifications
514 1361 58 20 can

38 1394 39 29 be
91 1404 70 19 seen
191 1395 33 27 at
249 1392 53 30 the
329 1391 102 32 Office
459 1392 33 29 of
520 1391 52 30 the

38 1433 113 36 Board,
174 1436 33 27 at
228 1432 129 37 Oxford,
390 1432 102 31 where
508 1435 64 26 ten-

38 1474 72 30 ders
132 1473 168 31 addressed
325 1477 32 26 to
383 1473 53 30 the
465 1472 107 31 Chair-

37 1525 74 19 man
126 1515 64 29 will
205 1515 37 30 be
257 1514 141 30 received
423 1517 56 26 not
494 1513 78 30 later

37 1556 76 29 than
145 1557 48 29 10.
217 1565 28 20 a.
261 1564 39 21 m.
329 1564 38 19 on
398 1554 173 40 Thursday,

38 1596 161 39 February
227 1595 65 30 6th.
316 1596 89 31 1896,

103 1642 54 25 The
179 1642 86 25 lowest
289 1649 29 17 or
341 1649 50 24 any
424 1641 85 24 tender
527 1642 45 24 not

111 1674 150 31 necessarily
287 1674 125 32 accepted.

104 1718 32 25 G.
155 1717 180 25 JOHNSTON
358 1717 192 25 WEBSTER.;

162 1750 155 40 Engineer
331 1754 31 26 to
377 1750 53 30 the
444 1749 112 31 Board.

160 1843 136 19 :::
359 1844 2 18 :
405 1843 18 3 ~
548 1842 24 5 ~

77 1896 214 32 TRACTION
332 1896 197 32 ENGINES.

34 1978 155 32 NOTICE
211 1979 27 30 is
259 1978 116 40 hereby
390 1978 93 40 given
503 1978 69 31 that

35 2021 43 30 all
111 2019 183 32 BRIDGES
329 2020 62 30 and
426 2019 144 31 Culverts

34 2061 32 29 m
82 2061 54 30 the
151 2060 122 31 Oxford
293 2060 131 31 District
438 2070 53 20 are
515 2070 56 19 un-

36 2101 67 31 safe
124 2101 48 31 for
191 2100 141 31 Traction
346 2100 122 41 Engine
484 2100 87 33 Traf-

33 2142 50 31 fic.

77 2183 70 38 Any
176 2192 109 29 person
301 2182 94 39 using
421 2181 87 31 them
521 2182 50 31 for

37 2223 71 30 that
134 2232 135 31 purpose
296 2222 64 31 will
396 2222 38 30 do
470 2231 35 21 so
541 2227 31 25 at

35 2264 82 29 their
142 2273 69 20 own
238 2263 73 37 risk,
357 2263 62 30 and
443 2263 63 30 will
533 2263 39 30 be

36 2303 70 30 held
122 2301 186 42 responsible
336 2303 44 39 by
400 2302 54 30 the
469 2302 102 30 Board

35 2344 52 29 for
113 2343 43 30 all
183 2343 130 38 damage
348 2343 82 29 done
458 2345 33 27 to
519 2342 53 31 the

35 2385 68 29 said
137 2383 188 32 BRIDGES
375 2383 62 30 and
471 2382 101 31 CUL-

36 2423 147 32 VERTS.

119 2465 48 39 By
191 2465 93 30 order

160 2504 143 32 JAMES
318 2506 43 29 H.
393 2503 169 32 SHARPE

106 2545 101 38 Clerk,
226 2545 117 31 Oxford
357 2546 90 30 Road
462 2542 104 34 Board

179 2689 265 46 NOTICE.

33 2763 157 33 NOTICE
203 2766 27 31 is
251 2766 116 40 hereby
395 2766 94 39 given
503 2765 70 31 that

35 2806 55 29 tha
104 2806 118 40 Bridge
236 2806 33 31 m
280 2806 87 40 High
383 2806 102 31 Street
499 2816 74 21 over

34 2846 55 30 the
104 2847 113 30 School
238 2847 100 30 Drain
358 2848 26 29 is
406 2846 102 32 closed
522 2847 50 30 for

33 2887 102 30 traffic
149 2887 117 41 during
280 2888 125 40 repairs.

140 2937 112 26 JAMES
270 2937 34 26 H.
325 2938 145 30 SHARPE,

29 2980 23 26 V
228 2980 73 26 Clerk
318 2983 26 23 to
361 2982 43 25 the
415 2982 91 25 Board.

181 3107 259 47 NOTICE.

78 3214 51 30 Mr
151 3214 32 31 S.
208 3214 130 41 Mayson
367 3215 66 31 will
452 3225 122 21 resume

36 3265 50 31 his
129 3266 205 39 professional
390 3267 102 29 duties
534 3276 40 20 on

38 3316 179 41 Thursday,
239 3317 163 41 February
423 3317 64 30 sth.

434 3552 1 1 ■

37 3603 234 26 CANTERBURY
291 3603 95 25 LAND
404 3603 170 26 DISTRICT.

55 3636 116 26 SMALL
193 3636 158 25 GRAZING
375 3636 72 25 RUN
465 3636 92 26 OPEN

152 3668 69 25 FOR
254 3669 204 26 SELECTION.
580 3688 2 15 ,

70 3701 26 25 It
114 3701 22 25 is
167 3700 89 32 hereby
273 3701 104 25 notified
401 3702 29 24 m
447 3702 78 24 terms
549 3702 28 24 of

37 3733 64 26 <The
113 3733 73 25 Land
204 3732 47 26 Act
272 3734 72 24 1892'
357 3733 49 25 and
427 3733 63 25 'The
501 3733 73 25 Land

37 3765 39 25 for
99 3765 146 26 Settlement
266 3765 57 31 Act,
353 3766 73 25 1894'
449 3766 56 25 that
531 3765 43 26 the

37 3798 224 25 undermentioned
289 3798 73 26 lands
379 3806 41 17 are
436 3805 57 19 now
510 3805 71 26 open;

37 3830 40 25 for
87 3831 149 30 application
258 3832 27 23 at
296 3831 52 24 this
359 3831 70 25 office
440 3831 80 24 under
532 3831 43 26 the

39 3861 84 27 Small
135 3861 110 32 Grazing
256 3862 59 25 Run
334 3864 108 31 System.

72 3894 98 25 Section
189 3895 16 23 2
217 3895 93 31 Ashley
330 3896 83 31 Gorge
426 3896 149 25 Settlement

37 3926 53 25 and
102 3926 100 25 Section
215 3928 89 25 36589.
339 3928 65 25 Area
416 3930 48 23 915
471 3935 37 18 ac.
520 3928 54 25 2ro.

35 3959 45 31 2p.
104 3959 99 25 Annual
219 3961 58 23 rent
310 3961 67 24 £101
400 3961 53 24 11s.
496 3959 79 27 Plans

35 3998 62 24 may
108 3991 31 24 be
151 3998 58 17 seen
228 3993 26 23 at
265 3991 112 32 Railway
395 3992 112 25 Stations
525 3993 49 24 and

37 4023 63 25 Post
128 4023 96 30 Offioes,
250 4023 49 25 and
327 4024 116 24 obtained
470 4032 33 17 on
529 4032 43 24 ap-

35 4055 123 32 plication
169 4057 27 24 at
204 4055 51 26 this
266 4056 77 25 office.

204 4088 22 25 I.
245 4088 40 26 W.
309 4089 31 24 A.
358 4087 200 26 MARCHANT.

37 4120 105 24 District
153 4120 75 24 Land
247 4120 50 25 and
310 4121 96 30 Survey
417 4118 68 27 office
501 4120 73 26 Com-

36 4152 129 25 missioner
176 4153 26 23 of
213 4152 87 25 Crown
315 4152 92 25 Lands.

320 4184 188 26 Christchurch.

95 4310 48 47 C.
186 4311 331 56 CLEAVEE,

233 4393 144 24 CARRIER

47 4437 134 44 OXFORD
211 4434 44 41 TO
293 4433 279 42 CHRISTCHURCH.
