3570 4540
101 212 61 31 jdea.
197 208 99 26 Visions
310 207 28 24 of
347 206 86 33 taking
456 207 45 25 out
524 214 16 18 a
550 208 91 31 patent

103 254 38 24 for
153 252 40 25 the
215 250 139 28 invention,
373 248 50 26 and
446 250 99 32 getting
562 250 77 25 about

101 294 112 28 £10,000
225 292 96 31 royalty
331 291 66 25 from
409 290 44 26 the
465 291 171 33 Agricultural

98 337 110 26 Bureau,
225 334 96 25 flashed
338 341 83 18 across
443 341 43 24 my
509 334 81 26 mind.
624 334 15 26 I

99 386 50 18 was
172 377 131 32 positively
323 376 164 26 exhilarattd.
523 377 51 25 For
594 377 43 25 the

98 418 54 24 first
164 417 60 24 time
233 416 27 25 m
270 416 106 25 thirteen
388 416 104 26 months
505 417 14 24 I
531 417 90 25 smiled
632 418 6 24 i

97 459 54 24 The
169 459 109 31 thought
303 458 56 26 that
381 457 15 26 I
418 458 52 26 had
486 460 28 25 at
533 459 50 26 last
594 461 44 30 got

80 497 80 25 ♦level
173 497 59 25 with
244 497 71 25 those
333 496 114 32 piratical
469 498 83 25 beeves
564 497 50 26 had
623 506 15 17 a

96 537 67 32 truly
174 536 139 26 wonderful
332 536 72 26 effect
422 544 33 19 on
479 545 43 25 my
534 546 103 18 sorrow-

96 582 72 25 laden
180 581 95 24 bosom.
311 581 51 25 For
377 580 49 25 fire
437 581 110 26 minutes
558 581 15 25 I
583 589 51 18 was

79 621 170 31 ecstatically
274 620 92 32 happy.

129 664 73 25 Then
214 671 48 18 one
273 663 28 26 of
319 671 41 25 my
376 665 66 24 most
459 666 117 24 constant
598 665 37 25 in-

98 707 140 25 terviewers
249 714 71 17 came
332 706 82 32 along.
443 706 49 26 His
514 715 75 17 name
611 708 24 24 is

97 749 160 32 Strawberry,
270 749 49 25 and
340 750 33 24 he
383 749 23 25 is
418 756 16 18 a
444 750 111 32 working
578 750 57 25 bul-

96 792 63 25 lock.
232 791 122 33 Working
421 800 14 17 a
442 793 115 31 courtesy
568 792 66 30 title,

89 836 80 38 jdyen
189 837 27 24 to
244 835 155 32 Strawberry
426 835 107 26 because
560 836 34 25 he
614 836 23 25 is

95 878 79 32 yoked
186 886 34 24 up
231 878 61 25 with
303 878 42 25 the
357 879 75 34 team,
454 878 47 25 but
511 879 21 24 it
545 879 47 24 has
604 887 34 17 no

96 920 52 25 real
159 920 168 32 significance,
351 920 38 25 for
413 920 154 33 Strawberry
590 921 47 25 has

58 963 8 25 \
96 965 60 30 long
167 963 68 26 since
258 963 147 25 abandoned
417 971 49 25 any
477 963 56 26 idea
549 963 28 26 of
583 965 55 30 pul-

96 1007 63 31 ling.
205 1006 40 25 He
256 1007 21 24 is
291 1014 16 17 a
318 1007 78 31 gaunt
407 1006 67 25 male
485 1006 80 29 beast,
589 1007 47 24 and

97 1049 86 26 scored
210 1049 62 25 with
289 1049 100 24 ancient
406 1049 65 31 whip
496 1049 93 29 marks,
610 1056 27 17 so

96 1092 57 25 that
164 1092 33 25 he
207 1092 72 24 looks
290 1091 50 25 like
354 1098 15 17 a
381 1090 99 33 railway
486 1099 68 23 map.
588 1090 49 25 His

96 1135 122 25 favourite
230 1134 58 25 food
310 1134 21 24 is
347 1135 167 30 gunny-bags,
538 1133 46 25 but
606 1132 31 25 he

96 1178 52 24 will
160 1177 53 25 also
225 1178 41 23 eat
278 1176 140 31 tarpaulins
429 1176 50 24 and
491 1176 100 24 bridles.

133 1219 154 30 Strawberry
298 1217 99 25 ambled
418 1225 42 24 up,
473 1217 59 25 with
540 1224 15 18 a
566 1217 69 25 mod-

100 1264 37 23 est
160 1261 144 25 confidence
329 1261 90 31 oozing
441 1262 43 23 out
513 1259 27 25 of
566 1267 71 24 every

98 1313 89 23 square
206 1304 61 25 inch
294 1304 28 25 of
347 1304 41 24 his
416 1303 110 26 weather
548 1303 89 24 beaten

98 1348 66 24 hide.
212 1348 40 23 He
279 1346 139 25 swallowed
456 1346 44 25 the
527 1344 110 32 poultice

98 1390 106 24 without
216 1397 15 17 a
253 1391 61 23 tear.
349 1388 31 24 In
402 1388 59 30 fact,
479 1388 33 24 he
524 1386 113 33 lingered

98 1440 58 17 over
167 1432 21 24 it
199 1440 28 16 as
249 1431 21 25 if
279 1431 33 25 he
333 1430 73 26 loved
427 1431 28 28 it,
474 1430 50 25 and
546 1430 14 24 I
584 1437 49 17 saw

98 1471 54 25 him
164 1471 113 31 chewing
293 1471 45 24 the
348 1470 47 24 cud
415 1470 27 24 of
460 1470 56 24 that
527 1468 110 26 mustard

101 1516 92 30 plaster
211 1514 71 25 three
293 1513 80 26 weeks
385 1512 151 26 afterwards.

133 1557 83 24 When
227 1557 13 26 I
251 1557 64 24 have
334 1557 42 31 got
387 1563 57 17 over
463 1555 52 24 this
527 1562 77 25 spree,
623 1553 13 26 I

98 1609 41 16 am
151 1600 74 32 going
236 1601 27 24 to
285 1603 40 29 try
347 1598 43 26 the
402 1598 71 26 effect
486 1605 33 19 on
543 1597 92 28 Straw-

99 1642 72 33 berry
185 1642 26 26 of
232 1650 16 17 a
265 1643 113 30 compost
389 1641 25 25 of
435 1642 127 25 axsenioug
581 1641 56 25 acid

98 1685 87 32 spread
202 1693 31 17 on
250 1685 133 32 dynamite.

273 1907 186 25 OBITUARY.

130 1981 53 25 The
195 1981 76 25 death
282 1980 28 26 of
319 1980 42 24 Mr
380 1979 99 27 Samuel
498 1978 135 33 Heywood,

97 2019 27 25 of
138 2018 182 29 Bannerdown,
338 2017 129 30 Fernside,
491 2016 83 26 which
594 2023 37 18 oc-

96 2056 89 25 curred
195 2058 29 22 at
233 2055 176 25 Christchurch
421 2057 26 22 at
458 2056 25 23 4.
496 2055 33 24 20
538 2054 97 31 yester-

98 2096 48 31 day
157 2096 139 28 afternoon,
314 2094 53 25 will
387 2094 30 25 be
439 2093 112 26 received
573 2093 62 25 with

96 2133 151 32 widespread
269 2133 81 31 regret
381 2131 33 33 by
437 2131 34 25 all
494 2131 55 25 who
570 2138 64 17 were

96 2173 148 31 acquainted
267 2172 60 26 with
347 2171 45 26 the
420 2170 127 27 deceased.
591 2169 41 26 He

95 2213 146 24 underwent
261 2218 33 17 an
326 2210 127 30 operation
486 2210 28 23 m
537 2209 94 25 Christ-

93 2250 95 30 church
199 2249 76 25 about
298 2256 15 18 a
335 2247 124 32 fortnight
482 2255 48 24 ago
552 2247 39 25 for
602 2254 32 17 an

49 2305 23 14 N
86 2286 114 36 jnternal
223 2286 143 31 complaint,
384 2285 50 25 and
456 2285 124 31 although
599 2284 32 24 he

93 2326 87 25 rallied
202 2325 148 32 sufficiently
369 2327 26 22 to
417 2324 59 26 hold
500 2325 44 25 out
557 2323 77 31 hopes

89 2367 28 26 of
126 2373 122 25 recovery,
258 2373 33 17 ne
301 2364 89 33 passed
400 2371 70 25 away
478 2371 34 18 on
526 2362 108 33 Monday

96 2409 137 24 afternoon.
270 2407 40 26 He
323 2414 51 19 was
394 2414 15 18 a
428 2407 112 25 member
550 2406 28 26 of
591 2405 43 26 the

93 2453 157 26 well-known
261 2451 86 31 family
364 2450 28 25 of
409 2449 106 26 London
526 2449 107 25 bankers

92 2492 27 26 of
129 2492 42 25 the
183 2499 70 17 same
270 2497 81 21 name,
370 2489 49 25 and
442 2496 71 19 came
525 2490 26 24 to
572 2489 61 24 New

49 2522 18 15 N
93 2530 112 26 Zealand
215 2531 27 23 m
261 2530 45 24 the
325 2529 84 24 fifties.
444 2529 40 24 He
504 2528 91 25 settled
606 2528 27 23 m

92 2568 156 28 Canterbury
259 2567 26 24 m
304 2567 73 28 1861,
396 2566 47 24 and
456 2565 59 26 took
527 2573 33 23 up
571 2564 62 25 land

94 2610 27 23 at
133 2607 130 24 Fernside.
298 2606 22 23 A
339 2606 47 23 few
409 2612 70 23 years
490 2603 143 26 afterwards

91 2646 32 24 he
134 2645 59 31 paid
205 2652 14 17 a
243 2643 59 25 visit
314 2645 25 23 to
359 2642 125 32 England,
503 2642 80 26 where
600 2641 33 25 he

91 2682 118 26 married.
245 2682 54 23 The
310 2681 51 24 late
383 2680 41 24 Mr
442 2680 55 31 Hey
499 2680 70 24 wood
580 2686 51 17 was

90 2721 28 26 of
128 2729 15 17 a
160 2720 76 32 quiet,
256 2718 170 32 home-loving
437 2717 192 33 temperament,

90 2761 51 25 and
153 2758 102 26 entered
265 2758 65 25 little
340 2758 55 25 into
417 2757 86 32 public
514 2758 115 23 matters.

90 2801 41 23 He
143 2807 52 17 was
206 2799 38 24 for
254 2805 68 18 some
332 2798 56 24 time
401 2805 15 16 a
426 2797 113 25 member
551 2797 26 24 of
588 2795 42 25 the

90 2838 151 31 Mandeyille
253 2837 50 25 and
315 2837 125 31 Rangiora
457 2835 71 26 Road
537 2835 92 28 Board,

90 2880 49 24 and
153 2886 49 17 was
214 2877 91 26 elected
329 2879 24 22 to
377 2876 44 25 the
438 2874 192 27 Waimakariri-

92 2919 89 31 Ashley
205 2918 88 23 Water
317 2917 93 31 Supply
430 2915 83 25 Board
537 2916 26 23 at
586 2914 45 25 the

78 2963 63 23 Jast
153 2961 106 25 election
279 2961 26 23 to
317 2960 55 24 that
390 2958 73 32 body.
586 2980 2 3 .

259 3136 40 21 AT
316 3136 150 21 RANDOM.

50 3209 6 12 *
125 3204 31 22 In
169 3211 15 15 a
195 3203 84 23 recent
291 3200 99 25 French
401 3200 72 25 novel
485 3200 70 24 there
566 3199 22 24 is
600 3206 29 17 an

94 3242 118 30 amusing
235 3240 147 31 description
416 3240 26 25 of
472 3247 15 17 a
515 3238 114 25 Parisian

92 3284 85 24 coterie
189 3280 105 26 devoted
311 3282 26 23 to
354 3280 44 24 the
417 3278 113 27 research
548 3278 26 25 of
584 3278 45 25 ori-

93 3325 70 26 ginal
185 3325 78 23 ideas.
305 3324 21 24 A
349 3323 119 25 frivolous
490 3322 67 32 lady,
575 3321 54 25 who

75 3371 40 23 Ms
126 3367 149 31 reproached
285 3368 33 30 by
340 3367 43 23 hei
405 3365 112 32 spiritual
534 3365 95 25 adviser

94 3412 104 20 because
223 3404 44 25 she
289 3404 47 25 has
364 3405 45 23 not
438 3404 127 24 confessed
594 3402 35 24 for

92 3451 85 23 fifteen
200 3448 69 30 days,
288 3449 71 23 turns
382 3449 25 23 to
431 3455 15 17 a
473 3447 89 30 friend,
581 3445 48 26 and

92 3496 66 24 says,
217 3494 39 16 am
268 3486 101 31 waiting
391 3485 39 26 till
441 3486 15 24 I
477 3487 62 23 have
552 3492 77 18 some-

91 3531 80 29 thing,
177 3529 77 30 really
266 3528 79 31 lieavy
369 3535 32 17 on
413 3535 43 24 my
478 3528 151 24 conscience.

96 3576 68 23 lam
177 3579 27 18 so
216 3571 64 24 tired
292 3571 26 24 of
327 3570 64 25 little
403 3571 60 24 sins.
494 3570 71 25 3?hat
584 3570 21 24 is
617 3578 12 15 a

92 3617 87 25 rather
202 3614 82 24 adroit
315 3614 59 24 turn
403 3612 28 25 of
450 3613 178 27 conversation,

92 3657 104 32 though,
215 3656 21 23 if
256 3655 95 24 carried
379 3656 41 23 too
442 3655 45 28 far-,
506 3656 19 23 it
548 3654 81 32 might

88 3704 30 23 be
131 3699 176 30 embarassing.
343 3697 50 26 Not
405 3706 27 17 so
455 3698 81 31 happy
548 3698 21 25 is
582 3698 47 24 the

50 3752 21 26 u|
93 3743 118 28 situation
224 3741 26 25 of
260 3749 23 17 ar.
292 3740 124 25 humorist
438 3741 56 25 who
515 3740 87 32 adopts
614 3748 15 17 a

91 3785 121 31 carefully
223 3783 181 31 philosophical
424 3783 115 29 attitude,
557 3783 71 24 when

90 3828 86 28 seated
187 3828 27 24 m
228 3835 14 16 a
254 3826 78 29 salon,
351 3827 47 23 and
410 3826 54 25 who
475 3827 22 24 is
509 3826 120 31 suddenly

92 3871 89 34 spread
193 3877 65 23 upon
272 3868 42 25 the
331 3868 60 25 floor
413 3870 33 30 by
457 3869 43 24 the
511 3868 118 31 breaking

92 3916 27 25 of
139 3915 42 23 his
205 3912 75 25 chair.
316 3911 70 25 With
407 3909 42 27 the
468 3919 56 23 eyes
530 3911 39 27 vof
585 3911 44 24 the

91 3957 82 26 whole
185 3962 71 18 room
267 3960 68 25 upon
346 3953 60 30 him,
433 3954 38 26 he;
475 3954 59 24 feels
546 3954 51 24 this
607 3953 22 24 is

92 4011 14 15 a
120 3999 108 26 moment
239 3997 38 24 for
290 4004 14 17 a
315 3995 149 26 memorable
477 3997 94 31 saying,
584 3996 45 25 but

90 4046 34 23 he
143 4049 48 18 can
209 4040 72 25 think
301 4039 27 25 of
348 4039 107 32 nothing
477 4039 79 25 better
567 4039 62 25 than

179 4084 23 24 is
226 4091 15 16 a
263 4081 60 26 field
345 4082 27 24 of
549 4082 80 25 which

89 4129 88 27 makes
189 4134 33 17 no
241 4124 123 33 profound
381 4124 154 33 impression.
570 4124 58 25 Ah!

89 4173 74 21 those
174 4169 123 25 moments
319 4167 73 25 when
409 4174 36 18 we
466 4167 65 25 have
553 4167 76 25 failed

90 4218 27 23 to
135 4220 60 23 cope
218 4210 61 26 with
302 4209 44 25 the
368 4210 150 31 unexpected
541 4210 70 25 crisis
622 4211 4 23 !

89 4260 58 25 how
159 4255 60 31 they
236 4253 82 25 haunt
335 4259 30 18 us
376 4252 27 24 m
426 4252 44 26 the
490 4253 90 25 silence
603 4252 26 26 of

49 4314 25 10 ..'
90 4300 113 26 deso'ate
226 4296 122 30 musings,
366 4294 73 25 when
462 4303 35 17 we
520 4297 108 23 reconst-

90 4344 56 26 ruct
174 4340 45 25 the
247 4340 65 30 past,
330 4337 51 25 and
408 4338 117 30 perceive,
553 4338 33 32 by
615 4346 14 16 a

90 4383 178 33 retrospective
290 4380 74 29 flash,
382 4380 56 25 how
457 4389 35 16 we
513 4381 79 31 ought
604 4382 25 23 to

89 4433 65 25 have
175 4426 80 29 acted,
274 4424 67 26 What
364 4430 35 18 we
420 4423 78 32 ought
516 4425 27 24 to
565 4424 64 24 have

90 4475 55 29 said
157 4474 5 23 !
182 4470 53 26 The
246 4467 113 28 Parisian
382 4468 84 29 co'.eriq
478 4466 151 27 endeavours

670 211 26 24 to
708 211 70 24 avert
795 210 49 25 this
864 210 119 32 calamity
1001 211 33 31 by
1056 219 16 17 a
1095 212 113 26 studious

669 253 119 32 rejection
810 252 29 25 of
858 254 170 24 conventions.
1062 254 26 26 It
1107 255 22 25 is
1141 263 65 17 com-

668 297 131 30 monplace
810 297 27 24 to
850 296 140 32 appreciate
997 298 100 25 famous
1104 298 103 26 authors

669 339 50 24 and
741 340 86 24 artists
837 348 7 21 ;
862 348 27 16 so
911 339 44 25 the
978 348 118 17 canvases
1114 342 27 23 of
1160 349 46 16 un-

669 382 91 26 known
771 382 110 32 painters
893 390 43 18 are
946 383 69 32 hung
1026 391 34 17 on
1082 384 42 25 the
1136 385 70 24 walls

668 425 28 25 of
705 425 43 25 the
761 425 79 29 salon,
858 425 51 25 and
927 427 41 23 the
979 433 69 17 verse
1070 426 28 25 of
1107 426 99 25 obscure

668 468 129 26 scribblers
808 468 22 25 is
838 469 135 25 acclaimed
984 476 27 18 as
1021 469 44 25 the
1076 476 55 18 rare
1142 469 64 25 flour

668 512 28 25 of
704 512 148 25 Parnassus.
888 512 14 25 I
910 511 68 26 don't
989 512 73 25 know
1077 511 57 26 that
1154 511 51 26 this

667 556 22 25 is
701 564 15 17 a
728 563 66 18 more
817 555 104 26 dubious
940 556 164 32 prescription
1121 555 28 26 of
1157 556 47 25 ori-

668 600 103 31 ginality
781 599 63 25 than
855 598 44 26 the
915 598 71 26 habit
997 598 14 25 I
1033 598 54 25 find
1098 598 27 25 m
1137 605 68 18 tome

667 645 113 28 quarters
802 642 28 24 of
850 642 140 31 embracing
1013 642 49 24 two
1084 649 28 17 or
1134 640 70 26 three

667 684 63 25 dead
742 684 112 29 authors,
872 684 51 25 and
940 684 42 25 the
1005 684 111 31 banning
1133 691 71 24 every

667 728 80 32 living
771 734 58 25 pen.
872 727 120 31 Happily,
1020 727 42 24 the
1089 728 115 23 constant

667 770 59 32 vigil
738 770 26 25 of
773 770 44 25 the
828 769 116 26 reviewer
961 776 126 24 preserves
1098 775 70 18 some
1179 767 27 25 of

666 821 30 17 us
707 814 64 24 from
788 812 53 26 this
862 819 99 17 narrow
977 810 110 30 outlook,
1107 810 97 31 though

668 856 78 26 Sister
757 855 81 28 Anne,
856 861 34 18 on
901 853 44 25 the
955 852 178 31 watch-tower,
1145 859 56 24 may

665 900 45 24 not
728 906 41 17 see
787 904 76 25 many
884 896 147 31 champions
1051 895 101 31 coming
1176 895 27 24 to

665 941 97 31 dispute
775 939 44 26 the
844 946 145 24 supremacy
1000 937 27 26 of
1047 937 44 25 the
1110 937 91 32 giants.

698 1042 138 29 Marriages
854 1047 42 17 are
919 1039 50 25 dirt
987 1039 77 31 cheap
1086 1038 27 25 m
1125 1037 77 26 Melb-

665 1087 86 18 ourne.
796 1077 55 26 The
879 1077 123 31 principal
1032 1075 171 26 matrimonial

665 1117 129 25 merchant
821 1115 48 24 has
896 1113 70 26 them
992 1120 33 18 on
1054 1113 62 25 offer
1143 1113 59 24 with

665 1152 153 34 guaranteed
835 1151 58 32 gold
914 1151 65 32 ring,
1004 1151 137 28 witnesses,
1159 1158 45 17 or-

664 1191 90 25 dained
765 1191 143 30 clergymen
920 1188 27 25 of
956 1195 48 24 any
1015 1189 60 27 sect,
1094 1188 51 24 and
1156 1188 47 24 due

665 1230 132 31 solemnity
819 1228 98 25 thrown
938 1227 36 29 m,
992 1228 27 24 at
1042 1234 16 17 a
1077 1226 92 32 guinea
1187 1233 16 18 a

664 1270 69 24 time.
768 1269 27 24 It
805 1268 23 24 is
847 1266 152 26 understood
1018 1266 57 25 that
1087 1273 115 23 arrange-

664 1310 83 23 ments
759 1314 43 18 are
823 1306 75 32 being
908 1306 75 25 made
1003 1306 27 24 to
1041 1304 101 32 provide
1152 1311 51 25 you

665 1346 61 25 with
738 1353 16 17 a
775 1344 69 25 bride
855 1351 29 17 or
895 1351 15 16 a
929 1342 157 32 bridegroom
1086 1355 33 5 —
1119 1341 40 25 for
1169 1348 33 17 an

665 1381 136 28 additional
811 1381 39 25 fee
862 1380 27 25 of
906 1379 56 26 half
971 1387 16 18 a
1002 1379 100 33 guinea.

698 1454 40 24 W.
768 1453 31 24 B.
817 1451 115 30 Mantell,
973 1450 37 25 M.
1034 1449 32 26 L.
1090 1449 39 29 C.,
1147 1449 56 26 who

664 1491 76 32 lately
751 1489 57 27 died
818 1492 26 22 at
855 1489 45 26 the
911 1496 45 24 age
967 1487 28 26 of
1008 1489 42 28 76,
1068 1487 97 26 arrived
1175 1487 28 26 m

664 1529 61 26 New
742 1526 113 27 Zealand
871 1527 32 25 55
926 1533 72 25 years
1009 1533 56 24 ago.
1100 1525 38 26 To
1149 1525 53 25 him

663 1567 104 31 belongs
778 1565 43 25 the
833 1564 154 29 distinction,
1011 1571 58 24 says
1081 1564 43 24 the
1141 1564 61 24 Bul-

665 1607 66 26 letin,
743 1604 28 26 of
780 1603 75 31 being
866 1602 44 26 the
922 1602 58 26 boss
990 1601 212 32 land-speculator

665 1645 26 25 of
700 1645 45 25 the
755 1644 114 31 century.
997 1640 144 26 Maoriland
1151 1648 51 18 iras

665 1691 16 17 a
692 1682 91 26 Crown
794 1682 88 30 colony
900 1680 34 25 he
952 1679 112 32 'bought'
1082 1679 65 24 from
1159 1678 44 25 the

665 1722 96 25 natives
772 1720 79 32 thirty
862 1719 99 26 million
977 1725 69 18 acres
1058 1717 38 26 for
1108 1718 95 30 £5,000

664 1774 33 5 —
697 1761 50 24 less
759 1760 62 24 than
832 1757 127 26 one-sixth
971 1755 28 26 of
1008 1764 15 17 a
1034 1755 114 32 farthing
1159 1762 43 24 per

663 1807 56 18 acre
731 1799 8 34 \
759 1798 54 25 The
828 1796 124 32 purchase
962 1803 53 18 was
1025 1795 103 31 coupled
1140 1795 62 24 with

663 1837 96 25 certain
771 1835 177 26 'concessions',
961 1833 80 25 which
1053 1833 43 24 the
1104 1833 98 24 natives

663 1881 76 19 never
749 1872 119 30 received,
896 1871 48 25 and
957 1870 45 25 the
1026 1871 128 31 Secretary
1176 1870 26 24 of

665 1913 71 25 State
747 1910 99 27 refused
868 1911 37 24 to-
915 1909 76 32 ratify
1013 1908 45 26 the
1069 1908 132 25 wholesale

664 1955 138 32 spoliation.

697 2026 98 25 Twelve
805 2032 72 25 years
893 2031 47 25 ago
957 2031 16 17 a
995 2022 140 32 Wyndham
1147 2022 55 25 set-

663 2069 47 25 tler
732 2067 89 26 named
855 2066 71 27 Scott
954 2065 83 26 sowed
1058 2065 142 31 Chewing's

664 2112 95 25 Fescue
771 2110 10 34 (
790 2109 41 26 lib
848 2110 27 25 to
892 2108 41 26 the
950 2115 56 18 acre
1034 2107 83 26 mixed
1139 2106 62 26 with

663 2155 73 26 other
747 2160 96 26 grasses
852 2153 10 32 )
874 2152 51 26 and
936 2159 15 17 a
962 2150 191 33 representative
1176 2148 28 26 of

663 2198 44 25 the
717 2196 142 32 Wyndham
870 2195 106 25 Farmer
986 2194 91 26 writes:
1107 2193 25 26 It
1154 2193 47 24 has

663 2246 72 19 come
745 2240 27 24 to
783 2239 56 31 stay
849 2244 7 23 ;
868 2236 147 32 everything
1025 2235 50 25 else
1093 2235 45 25 has
1150 2234 51 24 had

663 2284 26 24 to
696 2282 131 32 disappear
835 2279 84 26 before
924 2279 30 28 it,
963 2284 119 26 ryegrass,
1093 2277 108 31 timothy

663 2325 134 27 cocksfoot,
810 2324 90 28 clover,
913 2322 89 28 weeds,
1015 2321 51 26 and
1088 2320 43 26 all.
1166 2320 35 25 As

663 2376 34 17 an
714 2367 136 26 eradicator
878 2365 27 26 of
924 2364 82 26 weeds
1022 2364 20 25 it
1062 2364 47 24 has
1136 2363 65 25 done

663 2410 115 33 splendid
789 2409 76 26 work.
900 2408 32 26 In
943 2415 48 19 one
1006 2406 114 34 paddock
1131 2406 70 26 there

662 2461 52 19 was
725 2461 16 18 a
752 2453 49 26 bad
820 2451 76 33 patch
907 2451 28 26 of
944 2451 128 26 Canadian
1094 2449 105 30 thistles,

662 2497 78 25 which
756 2495 52 26 had
820 2494 90 27 caused
922 2501 145 25 annoyance
1078 2493 38 26 for
1133 2500 68 18 some

661 2547 79 25 years;
751 2539 47 25 but
810 2545 60 19 cnce
882 2545 69 17 some
963 2537 26 25 of
1000 2536 49 25 this
1056 2536 82 25 fescue
1149 2543 51 18 was

662 2590 70 18 sown
748 2588 59 19 over
834 2580 20 25 it
875 2580 44 25 the
936 2579 100 25 thistles
1065 2578 59 26 took
1136 2578 65 25 their

661 2625 131 31 travelling
800 2623 85 26 ticket.
931 2622 136 25 Yorkshire
1079 2622 42 31 fog
1132 2622 69 24 can't

661 2669 49 24 live
718 2668 62 25 with
799 2667 29 28 it,
854 2666 100 25 neither
976 2665 23 24 is
1020 2665 22 24 it
1053 2672 16 17 a
1081 2663 78 25 couch
1173 2670 27 18 as

661 2719 69 17 some
738 2708 131 27 know-ails
881 2708 97 25 declare
989 2707 28 26 of
1025 2707 29 25 it.
1089 2707 67 24 That
1178 2706 22 25 is

661 2755 40 24 Mr
715 2754 92 26 Scott's
821 2752 141 30 testimony.
997 2751 26 24 It
1050 2750 22 25 is
1089 2757 16 18 a
1128 2750 71 30 deep-

660 2797 87 25 rooted
763 2795 93 26 fibrous
873 2802 78 24 grass,
981 2794 51 24 and
1060 2793 76 25 above
1165 2792 34 24 all

660 2841 73 24 other
744 2838 111 27 varieties
867 2838 22 24 is
902 2837 56 26 well
978 2836 81 26 suited
1079 2835 38 26 for
1130 2835 69 32 ridgy

660 2882 68 26 land.

743 3083 95 26 VIEW
864 3082 86 26 HILL
980 3082 133 25 PLAINS.

651 3151 2 25 i
694 3151 40 25 On
745 3150 117 32 Tuesday
882 3150 108 31 eyening
1011 3149 45 25 the
1072 3148 67 32 prize
1150 3147 57 30 dis-,

659 3194 123 25 tribution
805 3193 28 25 of
852 3193 43 25 the
917 3192 102 26 Kirikiri
1038 3191 92 27 School
1142 3190 58 25 took

659 3237 70 32 place
748 3237 74 26 when
845 3244 14 17 a
879 3244 60 23 very
958 3235 114 32 pleasant
1092 3234 105 31 evening

659 3288 51 18 was
729 3280 71 32 spent
812 3279 33 32 by
858 3279 41 24 tho
910 3280 101 30 parents
1023 3278 49 25 and
1095 3277 100 24 friends.

661 3324 82 32 Songs
755 3323 50 25 and
816 3322 144 24 recitations
972 3329 61 17 were
1043 3320 156 25 contributed

658 3367 87 32 by|the
756 3365 119 30 children,
894 3365 56 25 who
974 3364 126 32 acquitted
1113 3364 82 24 them-

659 3407 79 25 selves
749 3413 59 24 very
828 3404 66 26 well.
941 3404 53 24 The
1006 3405 67 23 most
1096 3403 103 32 popular

658 3450 60 24 item
731 3456 33 17 on
776 3448 42 24 the
835 3454 157 24 programme
1012 3454 50 17 was
1073 3445 44 26 the
1129 3445 68 25 Mus-

658 3492 47 25 ical
718 3491 64 24 Drill
804 3489 138 32 performed
964 3489 33 31 by
1022 3489 44 24 the
1087 3496 112 23 younger

658 3534 120 25 children.

659 3577 64 24 Miss
745 3576 31 25 V.
795 3575 127 24 Andersen
953 3573 160 26 contributed
1138 3580 56 17 con-

658 3618 120 32 siderably
789 3619 27 23 to
828 3617 44 25 the
884 3623 98 18 success
994 3616 27 24 of
1037 3615 42 25 the
1092 3615 107 30 evening

657 3658 33 31 by
719 3658 99 31 singing
847 3656 93 24 several
968 3663 83 23 songs.

800 3699 4 5 '
814 3699 52 24 The
878 3697 167 32 'programme.

657 3746 24 21 1.
702 3744 77 30 Song,
794 3742 88 24 'There
894 3741 21 24 is
927 3741 96 30 Beauty
1037 3739 33 25 all
1084 3739 102 25 around.
1191 3741 4 9 1

657 3785 127 26 Children.
842 3785 24 22 2.
885 3783 148 28 Recitation,
1145 3780 27 26 of
1182 3788 15 16 a

784 3826 94 29 Master
887 3826 13 30 '
900 3826 70 30 Long.
1006 3826 24 22 3.
1045 3825 76 29 Song,
1136 3823 69 25 'The.

659 3870 66 31 Sotfg
737 3870 57 24 that
811 3868 106 25 reached
929 3875 43 23 my
984 3866 86 28 heart,'
1089 3865 106 26 Miss.y.

657 3913 137 25 Andersen.
858 3913 24 22 4.
901 3910 150 27 Recitation,
1071 3908 63 24 'The
1154 3907 43 24 In-

656 3957 110 23 ventor's
777 3953 72 28 wife,'
868 3953 94 23 Master
978 3951 92 24 Ffitch.
1087 3966 4 8 <
1106 3952 24 22 5.
1149 3950 47 23 Re-

657 3998 110 27 citation,
787 3995 64 25 'Life
863 3995 82 25 Boat.'
962 3996 23 24 6.
998 3992 108 26 Musical
1121 3992 74 29 Prill,

657 4041 88 25 Lower
865 4039 12 2 ~
890 4039 23 22 7.
928 4037 76 30 Song,
1024 4035 30 24 'A
1066 4035 130 27 Jeanette,'

656 4082 62 25 Miss
731 4081 31 26 V.
784 4080 139 25 Andersen.

651 4138 2 2 .
685 4131 2 10 :
757 4117 165 26 Distribution
953 4115 27 25 of
1005 4115 91 30 prizes.

776 4157 159 25 Chairman's
974 4153 104 32 Speech.

691 4202 24 24 8.
746 4198 150 29 Recitation,
927 4196 105 25 'Curfew
1054 4196 70 24 must
1152 4196 45 23 not

657 4244 58 32 ring
743 4241 128 33 to-night,'
901 4240 64 25 Miss
993 4239 30 24 A.
1053 4239 81 32 Long.
1172 4240 22 28 9,

658 4286 128 26 'Farewell
822 4286 27 24 to
872 4284 98 30 Study,'
1007 4282 77 32 Song,
1112 4282 83 25 Child-

657 4338 53 17 ren.
748 4329 40 24 10.
806 4326 148 28 Recitation,
974 4325 99 30 'Papa's
1090 4323 105 29 Letter,'

657 4369 62 25 Miss
737 4368 35 24 M.
793 4366 82 31 Long.
911 4366 41 22 11.
971 4364 120 31 Reading,
1110 4363 86 32 'Betsy

657 4412 50 25 and
723 4411 14 25 I
760 4417 43 18 are
825 4409 61 29 out,'
905 4407 118 25 Teacher.
1045 4407 66 30 ..12..
1119 4406 75 31 50ng,

657 4455 76 26 'Take
761 4460 44 24 my
826 4450 75 27 Head
920 4457 33 19 on
978 4457 61 25 your
1065 4449 129 30 Shoulder,

1237 207 89 30 Dada,'
1345 208 64 26 Miss
1429 208 33 29 V,
1473 208 135 28 Andersen.
1644 210 40 24 18.
1702 208 70 26 Reci-

1235 250 89 30 tation,
1344 251 175 25 'Meddlesome
1541 251 101 32 Matty,'
1660 251 63 25 Miss
1744 252 27 24 C.

1234 292 104 26 Lassen.
1401 294 41 25 14.
1472 293 77 33 Song,
1569 292 80 27 'Good
1674 293 97 32 Night,'

1234 330 129 26 Children.

1377 497 71 26 MRS
1476 496 148 27 SEDDON.

1267 563 52 25 The
1331 563 55 26 wife
1397 563 27 25 of
1435 563 43 25 the
1500 562 121 29 Premier,
1637 562 23 24 is
1682 568 16 18 a
1709 561 58 25 dau-

1232 600 71 31 ghter
1315 600 27 25 of
1362 600 44 26 the
1417 600 52 25 late
1491 599 106 32 Captain
1614 598 76 31 Spots
1691 598 76 29 wood,

1231 637 60 25 land
1303 638 50 25 and
1364 638 57 30 ship
1432 643 88 22 owner,
1533 635 27 26 of
1569 635 198 30 Williamstown,

1232 676 116 26 Victoria.
1383 676 54 25 Her
1447 674 162 34 grandfather
1631 681 52 18 was
1695 673 72 32 Capt-

1232 715 42 25 ain
1285 716 69 25 John
1364 715 152 32 Spotswood,
1535 714 27 25 of
1578 713 44 26 the
1644 713 63 25 74th
1719 713 48 24 and

1232 755 61 24 98th
1306 755 154 31 Regiments,
1478 754 51 25 and
1540 753 46 24 her
1597 754 72 30 great
1677 751 90 33 grand-

1230 791 83 25 father
1324 799 51 18 was
1383 791 82 33 Major
1472 790 109 26 General
1590 790 176 31 Waddington,

1230 830 28 24 of
1267 830 43 25 the
1333 831 63 25 East
1418 830 74 24 India
1515 830 138 31 Company,
1680 828 51 25 and
1742 829 25 24 at

1230 877 48 17 one
1289 870 61 25 time
1371 870 128 25 Governor
1510 868 27 26 of
1556 868 43 26 the
1619 867 148 32 Presidency

1230 906 28 26 of
1283 906 119 32 Bombay.

1263 946 25 25 It
1299 946 22 24 is
1332 948 60 30 only
1403 946 27 26 of
1448 946 50 24 late
1518 946 57 24 that
1594 944 54 26 Mrs
1669 943 98 27 Seddon

1229 985 47 25 has
1288 985 75 25 taken
1375 993 49 24 any
1443 986 55 31 part
1518 985 27 24 m
1556 984 85 32 public
1652 984 114 28 matters,

1230 1024 44 25 but
1285 1024 66 26 since
1363 1024 130 32 becoming
1505 1023 135 26 associated
1651 1022 62 26 with
1724 1022 43 25 the

1230 1064 126 25 Women's
1369 1064 81 26 Social
1459 1063 51 25 and
1521 1063 109 31 League,
1649 1062 26 25 of
1686 1061 81 26 which

1231 1102 45 25 she
1298 1102 46 25 has
1364 1102 64 25 been
1450 1101 95 24 elected
1564 1099 136 32 president,
1726 1098 42 26 she

1230 1141 46 24 has
1288 1141 62 24 done
1362 1141 75 24 much
1448 1142 27 23 to
1486 1139 96 25 further
1598 1139 42 25 the
1651 1139 117 24 interests

1230 1178 27 25 of
1267 1177 43 27 the
1333 1178 108 31 Society,
1453 1178 27 23 m
1493 1177 106 30 striving
1621 1180 26 20 to
1665 1176 103 24 educate

1230 1221 96 18 women
1345 1216 26 23 m
1396 1214 112 31 political
1541 1215 114 26 matters,
1675 1213 49 24 and
1742 1214 26 23 to

1230 1259 85 18 secure
1334 1252 39 24 for
1394 1251 45 25 her
1451 1259 42 17 sex
1505 1251 57 25 that
1577 1250 55 32 just
1643 1249 124 26 consider-

1230 1289 67 24 ation
1307 1289 28 24 m
1353 1289 44 24 the
1416 1289 48 25 law
1475 1288 28 25 of
1517 1288 42 25 the
1571 1287 61 26 land
1653 1286 82 27 whioh
1745 1286 23 25 is

1230 1329 65 24 their
1306 1327 56 26 due.
1396 1327 33 25 In
1450 1329 134 24 "woman's
1714 1325 54 26 Mrs

1232 1367 121 26 Seddon's
1375 1374 83 19 career
1479 1367 46 26 has
1545 1367 61 24 been
1629 1372 47 19 one
1686 1364 82 26 which

1230 1410 47 26 has
1289 1410 105 26 enlisted
1413 1411 44 25 the
1479 1418 76 18 warm
1577 1409 149 25 admiration
1744 1407 25 26 of

1230 1448 73 25 those
1314 1449 55 25 who
1380 1449 63 25 have
1455 1448 55 25 best
1521 1447 92 26 known
1625 1447 53 25 her.
1705 1447 62 25 Lea-

1230 1487 60 33 ving
1312 1494 16 19 a
1350 1487 157 26 comfortable
1529 1487 75 25 home
1626 1494 62 18 near
1705 1485 61 26 Mel-

1230 1525 93 27 bourne
1335 1526 44 26 she
1388 1525 87 33 joined
1486 1525 46 25 her
1543 1524 117 26 husband
1677 1532 35 18 on
1723 1524 44 25 the

1230 1566 121 32 diggings,
1370 1565 50 26 and
1442 1565 138 32 cheerfully
1592 1564 58 26 took
1672 1565 57 32 part
1740 1563 27 25 m

1230 1604 42 26 the
1283 1604 59 28 tolls
1359 1604 50 26 and
1420 1604 122 25 anxieties
1559 1603 56 25 that
1626 1602 88 25 attend
1724 1601 43 25 life

1229 1644 28 24 m
1269 1643 43 25 the
1322 1643 65 26 back
1395 1644 110 31 country.
1531 1643 39 32 By
1580 1642 45 25 her
1636 1641 132 25 assiduous

1230 1680 42 26 aid
1282 1681 26 24 m
1331 1680 35 26 all
1389 1680 41 26 Mr
1442 1680 121 26 Seddon's
1580 1679 186 32 undertakings,

1230 1719 53 25 Mrs
1296 1718 100 26 Seddon
1414 1719 42 24 did
1467 1718 77 25 much
1556 1719 27 24 to
1603 1717 109 26 advance
1723 1717 45 24 her

1229 1758 135 25 husband's
1387 1758 83 32 public
1486 1765 90 18 career-
1587 1757 28 24 m
1637 1757 34 25 its
1691 1764 77 24 many

1229 1797 85 31 stages
1341 1796 65 25 from
1429 1797 42 24 the
1497 1795 62 26 local
1586 1795 65 31 body
1674 1796 27 23 to
1723 1794 45 25 the

1229 1834 177 31 Premiership.
1442 1833 40 26 On
1493 1833 44 26 the
1548 1833 119 32 platform
1677 1832 51 25 and
1739 1832 27 24 m

1229 1873 42 25 the
1288 1873 77 25 social
1389 1872 54 26 hall
1465 1873 21 25 it
1502 1873 48 25 has
1575 1872 70 26 often
1665 1872 64 24 been
1751 1879 15 17 a

1229 1912 114 31 pleasant
1354 1911 110 25 incident
1484 1913 27 23 to
1528 1911 62 25 hear
1601 1910 43 26 the
1655 1910 112 26 Premier

1229 1952 99 25 recount
1339 1952 41 25 the
1392 1952 118 25 constant
1528 1950 59 33 help
1606 1950 50 26 and
1668 1957 97 25 sympa-

1229 1991 45 32 thy
1286 1992 26 24 of
1323 1999 15 17 a
1349 1990 76 27 noble
1436 1991 64 25 wife.
1536 1990 39 26 On
1587 1990 44 26 the
1643 1990 121 33 diggings,

1229 2032 50 28 too,
1298 2031 53 25 Mrs
1375 2031 100 26 Seddon
1486 2038 52 18 was
1557 2030 69 26 often
1648 2039 14 15 a
1679 2030 87 24 minis-

1229 2070 81 32 tering
1331 2070 73 33 angel
1424 2072 25 24 to
1461 2070 44 25 the
1516 2070 54 25 sick
1587 2070 50 24 and
1646 2069 119 29 afflicted,

1229 2108 50 25 and
1290 2115 77 25 many
1378 2116 15 17 a
1415 2108 105 32 grateful
1531 2108 70 25 heart
1612 2106 154 27 acknowled-

1229 2154 41 24 ges
1281 2145 46 26 her
1349 2146 132 32 goodness.
1499 2145 41 26 Mr
1551 2145 51 26 and
1624 2146 53 24 Mrs
1705 2145 61 26 Sed-

1229 2186 72 25 don'a
1312 2187 79 24 union
1410 2187 48 24 has
1479 2185 64 25 been
1564 2185 98 25 blessed
1680 2185 31 31 by
1723 2185 43 24 the

1228 2226 68 23 birth
1307 2225 28 25 of
1344 2225 86 25 eleven
1441 2225 119 29 children,
1579 2225 27 24 of
1615 2225 80 24 whom
1706 2224 60 24 nine

1229 2265 106 24 survive.

1229 2427 80 26 NEW
1336 2427 235 28 LEGISLATIVE
1604 2425 161 27 COUNCIL-

1450 2467 98 26 LORS.

1356 2508 67 21 Hon.
1441 2508 40 21 W.
1500 2508 28 21 C.
1549 2508 86 21 Smith.

1262 2545 60 26 Hon
1345 2545 41 26 W.
1410 2545 28 26 C.
1464 2545 85 26 tfmith
1569 2552 70 18 came
1658 2547 26 22 at
1704 2552 62 17 once

1227 2585 54 24 into
1292 2585 161 31 prominence
1464 2592 33 16 on
1510 2583 42 26 the
1563 2583 113 26 occasion
1688 2583 28 25 of
1724 2583 41 25 his

1228 2625 125 31 defeating
1375 2625 43 24 the
1429 2623 61 25 Hon
1513 2623 24 25 J.
1550 2623 33 25 D.
1603 2623 112 25 Ormond
1725 2624 40 24 for

1227 2664 45 25 the
1283 2663 128 32 Waipawa
1431 2664 53 24 seat
1502 2663 27 24 m
1543 2663 72 28 1881,
1634 2663 48 24 and
1706 2662 60 25 held

1229 2707 41 26 the
1281 2707 54 25 seat
1347 2707 40 24 till
1397 2706 41 25 his
1448 2705 148 26 retirement
1606 2705 67 25 from
1686 2705 80 25 active
1770 2732 3 8 i

1227 2747 116 31 political;
1349 2746 43 25 life
1403 2747 26 24 m
1451 2746 73 24 1898.
1559 2745 41 24 Mr
1619 2745 85 26 Smith
1716 2753 48 17 was

1227 2794 16 16 a
1254 2785 100 31 general
1375 2783 123 26 favourite
1509 2783 62 26 with
1593 2783 39 25 his
1644 2783 119 25 constitu-

1227 2826 64 27 ents,
1309 2824 50 25 and
1378 2823 41 25 his
1430 2824 67 24 close
1507 2823 124 25 attention
1654 2823 26 24 to
1704 2822 61 32 duty

1227 2862 50 24 and
1302 2864 27 22 to
1351 2862 44 24 the
1416 2862 117 24 interests
1556 2860 27 26 of
1605 2860 40 26 his
1668 2860 97 26 district

1228 2905 115 31 securing
1361 2905 55 24 him
1445 2903 128 26 increased
1607 2905 102 29 support
1739 2904 26 24 at

1228 2943 61 26 each
1312 2943 112 26 election.
1459 2942 41 25 Mr
1524 2942 85 26 Smith
1631 2942 48 25 has
1702 2941 64 25 been

1227 2983 105 32 actively
1352 2982 139 26 associated
1516 2982 62 25 with
1600 2981 44 26 the
1665 2981 101 25 Liberal

1228 3024 74 31 Party
1330 3023 65 25 from
1427 3023 43 25 the
1506 3021 98 25 earliest
1632 3021 74 25 times
1741 3021 26 25 of

1228 3060 115 26 Hawke's
1360 3061 62 30 Bay,
1440 3060 58 24 and-
1514 3059 92 30 during
1628 3058 43 25 the
1693 3059 73 25 latter

1227 3100 99 31 portion
1338 3087 31 37 of*
1376 3098 39 25 liis
1431 3096 194 33 parliamentary
1643 3103 81 18 career
1732 3096 34 25 he

1227 3145 51 17 was
1307 3137 80 25 senior
1415 3135 173 26 Government
1621 3135 77 29 whip.

1247 3175 44 27 :In
1303 3177 43 25 the
1362 3176 108 30 .electiqn
1477 3191 4 22 ;
1482 3175 28 32 of,
1518 3197 3 7 ,
1529 3175 64 37 I.BB^
1612 3175 30 24 he
1655 3182 50 17 was
1712 3195 3 3 .
1724 3182 41 29 ex-

1226 3214 77 32 posed
1325 3214 33 32 by
1374 3214 44 24 Mr
1440 3213 28 25 T.
1492 3213 108 29 Tanner,
1619 3213 55 24 who
1686 3219 87 24 repre-,

1228 3252 87 26 sented
1325 3251 120 25 Hawke's
1457 3250 55 31 Bay
1520 3250 30 24 m
1559 3250 43 24 thfe

1226 3292 84 25 before
1336 3291 59 25 last.
1430 3290 32 24 In
1476 3291 66 25 1887
1553 3289 108 25 -Messrs,
1673 3289 44 25 W.
1729 3289 36 25 W

1227 3329 97 28 Cardie,
1353 3329 28 25 of
1421 3328 131 28 Pahiatua,
1576 3344 8 12 T
1588 3327 59 32 *ad,,
1661 3326 105 33 .Iforace

1226 3368 91 29 Baker,
1346 3366 28 26 of
1400 3361 113 36 Napier,''
1522 3364 100 26 entered
1642 3361 47 28 lihe
1703 3358 63 31 'lists

1226 3407 62 25 with
1299 3406 41 26 Mr
1353 3406 93 29 Smith,
1464 3404 58 32 only
1534 3406 26 23 to
1570 3401 124 35 agairi'see
1712 3403 54 24 him

1226 3444 153 26 victorious.'
1404 3442 35 25 Ift
1459 3442 44 26 the
1514 3442 126 25 ~electi6n'
1652 3441 30 24 6f
1685 3439 7 11 r
1696 3437 77 29 'lB9(T

1226 3484 41 25 Mr
1279 3484 97 30 George
1388 3483 101 24 Hunter
1501 3483 99 23 became
1612 3481 41 24 Mr
1666 3480 100 26 Smith's

1226 3523 153 33 antagonist,
1397 3523 44 23 but
1461 3521 44 25 the
1517 3521 83 32 genial
1611 3520 112 24 member
1729 3520 37 23 for

1226 3561 126 31 Waipawa
1364 3566 57 18 won
1433 3559 32 31 by
1477 3566 15 17 a
1519 3558 136 32 thumping
1659 3585 5 5 r
1674 3557 91 42 major-
1772 3562 2 17 i

1259 3636 83 25 When
1354 3636 32 24 he
1397 3632 94 27 retired
1501 3634 65 24 from
1578 3631 80 26 active
1667 3632 98 31 politics

1225 3680 25 24 at
1257 3678 48 25 ;the
1316 3678 49 24 last
1564 3669 124 38 strongest
1708 3683 55 24 pos-

1225 3718 60 24 sible
1297 3724 114 24 pressure
1422 3723 51 17 was
1482 3741 3 4 ,
1496 3716 45 30 put
1548 3723 54 21 on,
1608 3731 4 12 ;
1614 3714 54 29 hjm
1680 3716 26 23 to
1712 3722 52 20 .run

1225 3758 38 23 for
1285 3756 80 31 eith>er
1385 3755 27 24 of
1421 3754 44 25 the
1473 3774 4 6 ,
1484 3754 118 25 Hawks's
1614 3754 54 31 Bay
1687 3754 74 24 seats.

1225 3795 40 25 Mr
1293 3794 36 25 H.
1358 3794 127 25 Williams
1508 3793 47 25 and
1576 3800 15 17 a
1611 3793 108 25 number
1741 3793 26 25 of

1223 3833 95 30 Napier
1329 3831 116 25 Liberals
1468 3831 99 30 pressed
1578 3830 55 25 him
1653 3831 27 24 to
1691 3830 74 25 stand

1225 3872 38 23 for
1280 3871 57 24 that
1349 3872 62 27 seat,
1432 3869 50 25 and
1501 3871 26 23 at
1547 3869 135 31 Waipawa,
1702 3871 26 23 at
1751 3878 15 16 a

1223 3911 71 30 large
1305 3909 111 31 meeting
1427 3909 57 24 that
1495 3914 50 19 was
1569 3909 59 24 held
1646 3909 75 29 there,
1740 3911 26 22 at

1226 3947 82 25 which
1320 3946 40 24 Mr
1385 3946 33 24 H.
1443 3946 35 24 H.
1501 3946 92 31 Bridge
1604 3967 2 3 ,
1616 3954 52 17 was
1674 3967 4 2 .
1686 3946 27 24 m
1722 3965 2 5 ,
1724 3946 42 25 the

1225 3986 80 28 chair,
1318 3986 49 24 and
1381 3985 39 26 Sir
1430 3981 101 29 Patrick
1542 3983 112 34 Buckley
1666 3986 101 31 present

1228 4025 104 33 (haying
1364 4033 70 17 come
1462 4024 65 26 from
1556 4024 160 33 Wellington
1741 4026 26 24 to

1226 4062 108 33 attend),
1353 4062 40 24 Mr
1407 4062 85 24 Smith
1501 4069 54 17 was
1574 4063 68 24 most
1654 4061 120 31 strongly

1225 4099 76 32 urged
1313 4101 28 22 to
1357 4099 75 24 stand
1451 4099 37 24 for
1510 4099 43 24 the
1576 4099 120 24 Hawke's
1712 4098 57 31 Bay

1226 4139 63 29 s«at.
1324 4137 49 25 His
1386 4138 42 25 old
1449 4137 143 31 supporters

1225 4176 45 24 the
1299 4174 126 32 Waipawa
1454 4175 131 24 electorate
1614 4181 64 19 were
1701 4174 68 23 most

1232 4212 122 31 pressing,
1367 4212 40 24 for
1417 4212 66 24 .him
1503 4212 25 24 to
1562 4218 48 17 run
1635 4210 76 31 again
1732 4210 38 25 for

1224 4251 135 32 Waipawa,
1378 4250 50 25 and
1451 4250 61 31 only
1534 4249 39 26 for
1597 4249 41 25 his
1661 4248 108 27 doctor's

1224 4290 86 24 advice
1332 4289 60 25 that
1417 4288 33 25 he
1470 4288 80 30 ought
1573 4289 26 23 to
1622 4287 57 26 take
1691 4295 15 17 a
1717 4288 50 25 rest

1222 4328 63 25 from
1298 4327 42 26 the
1352 4327 50 24 late
1414 4327 100 30 sittings
1526 4326 27 25 of
1560 4327 43 24 the
1614 4326 28 25 H
1653 4334 68 22 ouse,
1740 4326 34 30 he

1223 4365 92 26 should
1329 4367 47 22 not
1387 4365 63 23 have
1470 4363 96 25 refused
1583 4365 26 24 to
1621 4364 84 29 stand,
1724 4364 49 24 and

1235 4408 71 25 must
1325 4407 66 26 haVe
1412 4406 61 25 beea
1485 4414 72 23 agam
1569 4407 140 25 victorious*
1719 4417 5 6 '
1755 4407 8 10 L

1264 4455 44 24 Mr
1322 4454 85 26 Smith
1425 4453 52 25 also
1494 4454 59 24 took
1577 4461 33 17 an
1622 4454 81 25 active
1726 4453 51 25 and

1801 211 137 25 successful
1959 215 57 28 part
2038 212 28 24 m
2088 213 64 24 local
2174 214 164 29 government

1800 247 90 31 affairs,
1909 248 49 25 and
1970 256 49 18 was
2038 248 39 26 for
2088 256 69 18 some
2173 256 72 24 years
2256 250 81 24 chair-

1799 290 61 19 man
1871 285 27 24 of
1917 285 44 25 the
1980 285 169 31 Waipukerau
2172 285 70 26 Road
2253 286 84 25 Board

1799 320 51 25 and
1877 322 44 25 the
1944 322 126 32 Waipawa
2098 322 99 31 County
2225 322 109 31 Council,

1798 362 76 26 while
1895 363 32 25 he
1949 371 51 18 was
2022 363 54 26 also
2087 372 15 17 a
2118 363 112 25 member
2252 364 27 24 of
2293 365 43 24 the

1798 408 115 27 Harbour
1940 410 84 25 Board
2052 410 50 25 and
2139 410 120 32 Hospital
2286 411 48 25 and

1798 443 142 28 Charitable
1969 447 48 25 Aid
2045 447 90 26 Board.

1831 484 40 26 Mr
1883 485 80 26 Smith
1976 494 51 17 was
2039 487 61 25 bora
2111 488 27 23 m
2149 487 115 31 London,
2283 489 51 23 and

1797 529 70 19 came
1890 525 26 23 to
1942 523 44 26 the
2009 524 89 32 colony
2125 525 71 24 when
2222 525 112 31 eighteen

1796 567 71 24 years
1878 561 27 24 of
1925 569 52 24 age,
1996 562 103 31 settling
2109 562 57 24 first
2188 562 27 24 m
2236 562 97 26 Christ*
2340 562 2 36 |

1796 598 101 25 church.
1931 598 31 25 In
1975 599 63 24 1871
2059 598 33 25 he
2109 598 58 25 took
2189 606 34 23 up
2241 598 40 26 his
2293 607 39 16 re-

1797 633 98 26 sidence
1917 636 27 24 at
1978 635 166 31 Waipukerau
2166 635 28 24 m
2217 635 116 26 Hawke's

1796 670 63 33 Bay,
1878 671 77 26 which
1974 671 48 26 has
2044 671 63 26 been
2129 671 41 25 his
2193 671 72 26 home
2277 679 57 18 ever

1796 710 76 24 since.

1914 747 68 25 Hon.
2009 748 97 31 George
2128 748 87 24 Jones.

1830 784 54 26 The
1896 785 70 25 Hon.
1978 785 95 32 George
2084 785 86 29 Jones,
2183 784 28 26 of
2220 784 111 26 Oamaru

1795 821 22 25 is
1825 829 32 18 an
1869 822 41 25 old
1927 823 154 32 Wellington
2092 823 56 31 boy,
2166 823 93 31 having
2270 823 63 25 been

1795 859 63 26 born
1869 863 26 23 at
1906 861 44 26 the
1961 861 68 26 Hutt
2039 862 26 25 m
2085 863 73 24 1844.
2192 861 49 26 His
2252 863 81 24 father

1794 897 50 25 and
1855 898 97 25 mother
1962 906 43 17 are
2015 906 56 18 now
2083 899 80 32 living
2174 901 27 22 at
2213 899 118 25 Oamaru.

1794 935 71 25 After
1876 943 68 18 some
1951 944 71 24 years
2031 937 123 25 residence
2166 939 26 23 at
2199 937 44 25 the
2255 937 75 29 Hutt,

1795 972 42 25 the
1860 973 87 32 family
1969 974 117 24 removed
2114 977 26 22 to
2161 974 169 30 Queensland,

1796 1010 78 27 where
1887 1019 85 25 young
1979 1012 97 33 George
2083 1012 102 26 became
2196 1012 136 26 associated

1794 1052 62 25 with
1867 1052 44 25 the
1932 1054 113 31 printing
2066 1054 80 24 trade.
2182 1054 39 24 On
2232 1053 45 25 the
2293 1060 38 17 re-

1795 1096 60 22 turn
1868 1095 25 25 of
1915 1095 42 25 the
1978 1095 86 32 family
2085 1096 26 24 to
2133 1095 62 25 New
2213 1094 118 29 Zealand,

1796 1133 40 24 Mr
1853 1134 77 25 Jones
1942 1138 66 21 went
2018 1135 54 24 into
2094 1135 43 24 the
2159 1134 75 25 Press
2257 1134 75 25 Office

1795 1172 27 23 at
1845 1171 186 29 Christchurch,
2069 1172 50 24 and
2150 1172 27 24 m
2210 1179 123 25 company

1795 1208 62 25 with
1885 1216 15 17 a
1927 1209 44 24 Mr
1998 1209 67 25 Bent
2091 1209 34 24 he
2153 1209 180 32 subsequently

1796 1245 92 26 started
1912 1254 15 17 a
1949 1246 111 32 printing
2082 1246 69 25 office
2166 1246 28 25 m
2203 1246 57 25 that
2271 1247 59 31 city.

1796 1288 48 25 His
1855 1289 61 24 next
1928 1289 54 31 step
1999 1296 51 17 was
2070 1296 14 16 a
2103 1288 157 32 partnership
2271 1289 61 25 with

1796 1327 40 25 Mr
1857 1327 97 30 Tombs,
1994 1328 103 25 founder
2116 1328 28 25 of
2163 1328 43 25 the
2229 1328 54 25 firm
2307 1328 28 25 of

1796 1370 158 26 Whitcombe
1964 1371 51 25 and
2026 1371 100 29 Tombs,
2144 1371 119 25 Limited.
2290 1371 42 25 On

1796 1410 41 25 Mr
1848 1410 77 26 Jones
1935 1411 97 32 leaving
2054 1411 44 25 the
2109 1411 54 24 firm
2184 1411 33 24 he
2228 1412 65 24 went
2304 1412 28 24 to

1796 1449 142 28 Auckland,
1956 1449 80 25 where
2057 1448 33 25 he
2116 1456 47 17 ran
2185 1448 43 25 the
2250 1448 80 30 Echo,

1796 1492 50 25 and
1867 1499 52 18 was
1947 1492 179 32 subsequently
2144 1491 135 32 proprietor
2307 1491 28 26 of

1794 1531 45 25 the
1858 1531 116 26 Waikato
1994 1531 94 25 Times.
2123 1530 73 25 Then
2218 1530 33 26 he
2272 1538 59 24 pur-

1794 1571 93 26 chased
1898 1571 44 26 the
1966 1571 108 26 Oamaru
2086 1570 71 25 Mail.
2192 1570 84 26 About
2300 1572 31 23 14

1794 1617 71 24 years
1876 1617 47 24 ago
1934 1609 33 25 he
1978 1616 69 18 came
2058 1609 169 31 prominently
2250 1609 82 25 before

1794 1647 43 25 the
1847 1647 95 32 public,
1959 1646 51 25 and
2031 1654 50 17 was
2093 1646 80 25 called
2192 1645 86 26 before
2288 1645 45 26 the

1796 1684 43 25 the
1851 1684 45 25 bar
1915 1684 28 26 of
1952 1684 44 26 the
2021 1684 86 25 House
2129 1684 38 24 for
2183 1691 34 17 an
2236 1684 97 31 alleged

1794 1721 59 26 libel
1876 1729 33 18 on
1929 1722 41 25 Sir
1992 1722 30 24 F.
2040 1720 138 30 Whitaker,
2207 1720 62 27 then
2287 1721 45 26 At-

1794 1760 207 32 torney-general,
2036 1759 28 24 m
2091 1759 146 25 connection
2270 1759 63 25 with

1794 1797 84 26 native
1900 1797 92 25 affairs.
2050 1797 41 24 Mr
2110 1797 78 25 Jones
2211 1796 122 25 defended

1794 1836 104 27 himself
1907 1835 57 33 ably
1976 1836 50 23 and
2043 1835 63 30 well,
2125 1834 60 25 with
2197 1835 44 24 the
2252 1835 80 25 result

1794 1876 56 25 that
1864 1874 44 26 the
1935 1873 160 33 proceedings
2118 1880 64 18 were
2222 1871 110 35 dropped

1793 1916 29 25 m
1832 1915 44 26 the
1895 1913 162 33 Legislature,
2075 1912 51 26 and
2138 1912 41 26 Sir
2198 1912 134 26 Frederick

1794 1954 130 27 Whitaker
1935 1955 38 25 set
1984 1954 43 26 the
2039 1952 113 27 criminal
2168 1952 62 26 libel
2240 1952 48 26 law
2304 1953 27 25 m

1794 1992 96 27 motion
1908 1993 99 32 against
2029 1992 62 29 him,
2121 1991 26 25 m
2159 1990 44 26 the
2213 1990 118 26 Dunedin

1796 2032 120 31 Supreme
1938 2030 87 26 Court.
2072 2030 52 23 The
2146 2037 57 17 case
2222 2028 43 26 did
2287 2031 45 23 not

1793 2071 63 32 fully
1878 2078 70 18 come
1970 2069 82 25 before
2072 2068 44 26 the
2133 2068 87 29 Court,
2250 2077 28 17 as
2290 2069 42 25 Mr

1794 2113 89 32 Hislop
1905 2113 65 33 (now
1981 2112 28 26 of
2025 2112 176 32 Wellington),
2219 2111 57 27 who
2288 2119 42 24 ap-

1793 2154 91 32 peared
1895 2153 36 26 for
1954 2153 40 25 Mr
2013 2152 84 30 Jones,
2116 2153 73 30 upset
2212 2152 44 25 the
2275 2159 56 24 pro-

1794 2192 116 31 ceedings
1921 2199 34 17 on
1977 2190 124 25 technical
2123 2189 120 32 grounds.
2288 2191 43 23 Mr

1794 2230 77 24 Jones
1879 2235 51 18 was
1940 2228 61 24 then
2011 2227 118 24 returned
2137 2228 27 23 to
2175 2227 156 24 Parliament

1794 2268 38 24 for
1844 2267 115 28 Oamaru,
1988 2266 46 23 but
2053 2264 63 25 after
2135 2266 48 23 two
2196 2265 136 24 successful

1794 2305 118 25 elections
1933 2303 33 24 he
1984 2302 90 25 retired
2093 2301 65 25 from
2175 2301 80 26 active
2277 2302 53 31 pol-

1793 2343 69 25 itical
1884 2342 51 24 life.
1971 2340 41 26 He
2039 2340 48 25 has
2112 2340 94 31 always
2224 2340 62 25 been
2315 2348 16 17 a

1794 2382 87 30 strong
1897 2380 73 31 party
1991 2385 70 22 man,
2087 2378 22 24 is
2121 2385 16 17 a
2147 2376 109 28 staunch
2267 2380 64 22 tem-

1793 2428 106 25 perance
1938 2419 106 28 warrior,
2090 2417 50 25 and
2178 2417 152 32 universally

1794 2458 122 27 esteemed
1927 2457 32 32 by
1982 2456 35 26 all
2035 2455 55 26 who
2112 2454 73 27 know
2196 2454 61 26 him.
2290 2454 40 26 He

1793 2499 45 23 has
1867 2505 15 17 a
1909 2495 101 26 brother
2037 2494 28 25 m
2093 2493 167 32 Wellington,
2289 2493 42 25 Mr

1794 2536 87 28 Jones,
1900 2533 28 24 of
1951 2533 92 24 Messrs
2066 2530 112 25 Hannah
2196 2530 50 25 and
2263 2531 67 24 Co.'s

1792 2574 59 25 boot
1862 2573 150 26 warehouse.
2047 2571 40 24 Mr
2098 2570 79 25 Jones
2210 2569 47 26 has
2269 2570 60 31 paid

1793 2616 50 21 two
1859 2612 71 25 visits
1952 2611 26 24 to
2001 2609 44 25 the
2067 2608 42 24 old
2132 2608 122 31 Country,
2281 2609 49 23 and

1793 2651 71 24 these
1876 2649 61 31 trips
1958 2648 72 24 have-
2045 2645 99 26 tended,
2159 2646 27 24 to
2206 2645 70 32 ripen
2288 2654 42 17 ex-

1792 2688 114 31 perience
1918 2685 81 26 which
2011 2684 47 24 has
2070 2684 60 24 been
2140 2682 90 33 gained
2239 2682 92 34 during

1792 2732 16 18 a
1813 2726 65 31 -long
1899 2723 126 26 residence
2040 2722 28 25 m
2090 2721 44 26 the
2145 2721 117 26 colonies.

1886 2764 67 24 Hon.
1971 2763 32 24 R.
2021 2762 36 25 H.
2084 2761 25 25 J.
2130 2761 104 25 Reeves.

1826 2802 54 25 The
1900 2801 68 24 Hon.
1992 2800 31 25 R.
2047 2799 35 25 H.
2106 2798 25 25 J.
2158 2799 103 28 Reeves,
2305 2798 27 25 of

1792 2841 102 28 Nelson,
1915 2841 21 24 is
1955 2847 47 20 one
2025 2839 26 25 of
2063 2839 43 24 the
2123 2838 114 31 pioneers
2245 2837 36 31 .of,
2286 2837 43 25 the

1793 2879 70 26 West
1883 2878 85 29 Coast,
1996 2877 95 31 having
2112 2875 64 26 been
2193 2875 136 26 associated

1792 2917 62 25 with
1862 2917 21 24 it
1891 2916 38 24 for
1940 2922 58 18 over
2015 2915 78 30 thirty
2220 2913 32 25 In
2265 2914 64 25 1878

1792 2957 33 24 he
1844 2955 57 25 first
1920 2954 101 26 entered
2037 2953 50 25 -the
2107 2952 163 32 Legislature,
2288 2952 50 24 de-

1792 2995 95 32 feating
1898 2994 41 25 Mr
1950 2993 122 25 Harrison
2088 2992 39 25 for
2138 2992 43 24 the
2193 2992 74 32 Grey,
2281 2991 50 25 and

1793 3042 32 16 on
1836 3033 44 24 the
1891 3032 144 24 retirement
2055 3030 27 25 of
2103 3030 42 24 Mr
2155 3029 96 25 Martin
2263 3029 66 25 Ken-

1793 3072 65 32 nedy
1868 3071 34 25 he
1921 3078 51 18 was
1983 3068 120 27 returned
2124 3070 26 23 to
2162 3069 103 31 support
2287 3068 44 25 the

1783 3110 78 31 -Grey
1884 3108 177 25 Government.
2096 3107 33 24 In
2153 3107 63 23 1881
2230 3106 32 25 he
2280 3115 51 17 was

1793 3147 112 26 defeated
1916 3146 32 31 by
1960 3145 41 24 Mr
2013 3145 29 24 A.
2066 3144 25 26 S.
2113 3143 131 25 Menteath
2263 3145 33 31 by
2316 3154 15 15 a

1786 3185 83 26 Lsmall
1885 3183 127 32 majority.
2046 3182 33 24 In
2099 3182 42 28 the
2154 3182 129 29 .file.ctiong
2287 3197 14 14 /(
2306 3183 35 28 Qf;

1794 3224 66 24 1884:
1882 3222 32 24 he
1936 3229 48 17 was
2004 3220 78 31 .again
2106 3219 111 40 defeated
2223 3219 45 39 by
2291 3220 43 28 Mr,

1794 3263 113 27 Watson,
1924 3260 46 26 but
1981 3260 27 24 m
2030 3260 64 24 1887
2106 3259 33 24 he
2150 3267 52 17 was
2213 3260 119 25 returned

1793 3299 150 32 unopposed.
1962 3298 38 25 On
2011 3297 39 25 his
2061 3297 145 26 retirement
2210 3298 127 29 .l^lß9l2^

1795 3340 40 25 Sir
1847 3338 94 26 Robert
1962 3336 75 27 Stout
2060 3343 52 18 was
2135 3336 93 25 elected
2240 3336 39 26 for
2289 3337 39 25 In-

1793 3378 115 31 angahua
1936 3377 33 30 m.,
1983 3376 44 28 .hjs
2051 3396 3 2 .
2056 3375 88 31 stead,,
2150 3401 3 8 t
2163 3375 70 29 .The
2232 3402 16 9 /(
2261 3376 77 36 H|on.^

1794 3418 151 25 Gentleman
1967 3416 22 25 is
2012 3423 58 17 now
2093 3415 119 24 included
2240 3415 28 24 m
2288 3416 44 24 the

1793 3456 44 27 list
1847 3456 27 26 of
1884 3463 52 18 new
1949 3456 185 30 appointments
2146 3456 27 23 to
2192 3455 43 24 the-

1788 3495 80 24 lative
1888 3493 107 25 council.
2030 3492 99 31 During
2151 3493 67 23 most
2239 3493 36 24 of.,
2289 3493 43 24 liis

1793 3533 61 25 time
1861 3540 33 17 on
1906 3532 41 25 the
1957 3531 70 26 West
2036 3531 83 30 Coast,
2129 3530 42 24 Mr
2183 3530 94 26 Reeves
2286 3531 46 25 has

1783 3596 3 4 .
1793 3573 76 27 taken
1876 3580 32 17 an
1915 3571 83 29 active
2002 3571 57 30 part
2066 3570 28 24 m
2104 3570 98 34 mining
2210 3569 121 35 busines^s.
2338 3590 3 3 .

1786 3610 57 29 •Mr;
1852 3610 93 23 Reeves
1957 3608 44 24 has
2013 3608 93 30 always
2123 3607 61 24 been
2197 3615 16 16 a
2224 3608 108 24 staunch

1783 3670 4 4 i
1792 3647 238 32 snppojter,.of..thg
2032 3669 14 10 M
2050 3646 98 28 l4iberal
2282 3648 51 23 and

1792 3695 57 17 now
1860 3686 47 25 has
1929 3686 42 24 his
1981 3685 94 25 reward
2098 3685 27 25 of
2145 3685 101 25 faithful
2257 3686 74 29 parti-

1783 3733 59 19 -zan
1865 3726 64 31 ship.

1894 3871 97 24 FARM
2008 3871 72 24 AND
2109 3870 121 24 DAIRY.

1828 3911 82 24 Those
1929 3910 26 24 of
1975 3918 46 16 our
2043 3911 100 23 readers
2162 3909 58 24 who
2240 3909 94 24 handle

1793 3949 114 30 potatoes
1919 3955 62 23 may,
2000 3947 53 27 find
2075 3947 52 25 they
2140 3946 132 31 following
2294 3954 39 16 ar-

1793 3986 147 30 rangement
1952 3984 27 24 of
1997 3984 81 25 value:
2082 3998 33 3 —
2115 3983 22 24 A
2154 3983 50 25 box
2215 3984 74 24 made
2301 3984 32 23 12

1793 4024 51 24 feet
1855 4024 60 30 long
1933 4023 50 25 and
2011 4024 16 23 4
2049 4024 31 23 ft.
2105 4022 69 30 wide,
2192 4022 61 25 with
2265 4022 69 26 three

1793 4062 141 32 ■partitions.
1982 4062 54 24 The
2065 4061 64 25 back
2151 4061 69 31 piece
2243 4062 92 24 should

1795 4102 29 23 be
1836 4102 76 23 about
1924 4102 14 22 4
1952 4101 29 24 ft.
1993 4101 71 31 high,
2082 4100 45 25 the
2144 4103 60 22 next
2227 4101 45 24 3ffc.
2286 4101 49 24 and

1796 4140 44 25 the
1863 4141 60 23 next
1947 4139 53 31 ljit
2010 4140 70 30 high.
2114 4139 61 24 Nail
2197 4139 96 31 pickets
2304 4149 32 17 on

1795 4177 38 24 for
1856 4184 105 17 screens.
2004 4176 50 24 Put
2077 4176 68 24 them
2162 4177 87 24 rather
2271 4177 66 25 close

1794 4217 114 30 .together
1919 4222 33 18 on
1964 4215 40 25 the
2027 4215 56 25 first
2094 4215 103 35 incline^
2204 4216 49 25 and
2276 4217 61 35 pske

1798 4254 71 25 them
1897 4253 81 28 down,
2015 4252 51 25 and
2094 4261 49 23 jqu
2171 4253 66 26 have
2265 4255 71 25 them

1800 4292 83 25 sorted
1899 4292 28 24 m
1949 4291 67 25 their
2042 4281 107 40 graded
2203 4311 60 10 ,•■•■•.

1835 4329 22 24 A
1867 4336 57 17 new
1934 4328 43 33 pig
1985 4328 58 25 food
2054 4328 23 25 is
2097 4329 142 31 suggested,
2257 4330 83 26 which

1802 4369 22 25 is
1835 4368 95 32 worthy
1952 4368 28 25 of
2000 4367 190 26 consideration.
2235 4370 70 25 Take
2328 4380 12 14 a

1802 4410 107 26 handful
1920 4411 26 25 of
1967 4412 72 31 yeast
2051 4411 64 24 and'T
2124 4411 121 25 dissolved
2251 4413 21 24 it
2289 4413 28 24 m
2322 4422 21 17 .a.

1804 4451 68 33 glass
1884 4451 144 32 containing
2046 4458 79 18 warm
2147 4453 85 28 water,
2251 4453 92 31 adding

2366 214 70 18 some
2447 207 120 26 bandfuls
2578 208 29 25 of
2615 208 62 25 bran
2694 217 29 17 or
2734 217 85 18 coarse
2829 210 73 29 flour,

2365 251 28 18 as
2405 243 55 26 well
2472 252 28 17 as
2511 252 16 17 a
2537 245 96 24 certain
2644 247 117 31 quantity
2771 247 29 24 of
2811 247 92 26 cooked

2365 287 27 17 or
2413 281 107 24 crushed
2551 281 94 31 apples.
2689 283 76 25 After
2787 285 116 30 carefully

2364 317 98 32 mixing
2473 318 43 24 the
2528 318 81 25 whole
2620 320 69 24 leave
2701 320 20 25 it
2732 320 39 25 for
2782 328 16 18 a
2817 321 83 32 night.

2365 354 52 25 The
2427 356 61 23 next
2500 355 57 31 day,
2575 363 28 18 as
2614 363 62 18 soon
2688 364 28 17 as
2728 357 174 26 fermentation

2363 393 47 25 has
2422 393 75 25 taken
2508 395 79 31 place,
2615 394 49 25 add
2687 403 69 18 some
2780 396 119 26 handfuls

2363 432 28 24 of
2399 433 51 24 this
2462 433 108 25 mixture
2582 435 26 24 to
2621 434 43 25 the
2676 434 117 32 ordinary
2804 436 93 25 rations

2363 473 28 26 of
2399 474 44 25 the
2454 474 51 32 pig.
2541 474 61 27 Care
2622 476 91 25 should
2735 476 31 26 be
2788 478 76 24 taken
2875 480 27 23 to

2361 513 70 26 leave
2442 521 16 17 a
2469 513 72 26 small
2553 515 118 32 quantity
2693 516 35 25 of
2736 513 38 28 th\
2772 514 4 14 !
2779 533 3 1 -
2796 517 106 25 mixture

2361 553 28 24 to
2400 553 30 24 be
2442 553 61 26 used
2514 553 98 25 instead
2634 554 28 25 of
2681 556 80 30 yeast,
2779 556 27 24 to
2817 556 82 25 which

2361 595 49 23 add
2433 601 77 18 warm
2532 597 84 27 water,
2645 596 73 30 flour,
2753 598 51 24 and
2833 605 68 17 some

2361 631 123 30 potatoes.
2520 631 54 26 The
2596 634 59 23 next
2678 634 48 31 day
2748 635 103 31 proceed
2871 642 28 18 as

2361 668 93 30 before,
2472 670 49 25 and
2532 671 28 25 at
2570 671 42 24 the
2624 671 49 26 end
2685 672 28 25 of
2728 673 47 29 six,
2793 681 29 18 or
2837 681 62 18 even

2361 705 70 25 three
2449 708 112 29 months,
2588 708 45 25 the
2652 709 56 32 pigs
2725 709 61 25 thus
2796 710 42 25 fed
2849 711 52 25 will

2360 744 64 26 have
2436 746 96 25 arrived
2543 748 27 24 at
2589 755 16 17 a
2626 747 38 26 &t
2683 750 73 29 state,
2768 749 63 26 with
2852 751 45 24 the

2360 783 116 31 quantity
2506 783 28 26 of
2561 785 178 27 nourishment
2761 788 137 25 consumed

2360 824 130 31 relatively
2517 826 86 25 small.

2421 986 131 28 BIBLE
2574 986 47 28 IN
2644 986 198 28 SCHOOLS.

2453 1039 130 26 PUBLIC
2612 1040 195 28 PETITIONS.

2554 1105 154 34 (extkacts.)

2394 1150 54 26 The
2460 1151 138 27 Chairman
2614 1154 73 25 made
2709 1153 45 25 the
2775 1154 125 32 following

2359 1188 146 26 statement:
2524 1189 40 26 On
2583 1190 166 31 Wednesday,
2766 1191 42 25 the
2829 1192 68 25 16th.

2361 1223 115 33 October,
2505 1225 15 26 I
2542 1226 81 26 called
2644 1230 26 21 at
2682 1227 44 26 the
2737 1227 126 26 residence
2874 1228 28 26 of

2360 1263 161 33 Archbishop
2555 1265 122 26 Redwood
2711 1266 50 25 and
2784 1275 49 18 saw
2855 1268 45 25 the

2359 1300 61 26 Rev.
2437 1301 95 26 Father
2554 1302 118 31 Dawson,
2697 1303 55 25 who
2774 1303 125 26 informed

2360 1347 41 17 me
2413 1340 56 24 that
2481 1341 154 32 Archbishop
2653 1342 125 25 Redwood
2797 1350 50 18 was
2870 1343 28 25 m

2360 1375 98 32 Picton,
2476 1378 51 24 and
2549 1386 51 17 was
2618 1380 47 24 not
2682 1380 117 31 expected
2819 1381 27 25 to
2860 1388 36 18 re-

2361 1414 60 25 turn
2449 1416 27 24 to
2496 1414 156 33 Wellington
2674 1416 39 26 for
2735 1424 69 18 some
2827 1418 69 26 time.

2361 1451 14 25 I
2396 1452 81 25 stated
2500 1453 56 25 that
2574 1453 14 24 I
2607 1453 51 26 had
2681 1454 80 25 called
2784 1455 60 25 with
2855 1456 43 25 the

2361 1489 60 25 view
2437 1489 27 25 of
2489 1491 168 32 ascertaining
2681 1491 22 25 if
2728 1492 44 25 the
2799 1493 99 26 Roman

2361 1527 115 27 Catholic
2498 1529 102 26 Church
2624 1530 117 25 intended
2764 1533 26 24 to
2813 1534 85 30 accept

2360 1567 44 26 the
2415 1567 133 27 invitation
2559 1569 28 25 of
2606 1569 44 25 the
2669 1569 88 26 Public
2775 1571 122 26 Petitions

2361 1605 147 27 Committee
2521 1607 46 33 (M.
2580 1608 27 24 to
2618 1607 44 33 Z.)
2674 1609 26 24 to
2722 1609 30 24 be
2771 1616 126 25 represen-

2359 1644 45 26 ted
2414 1645 51 25 and
2476 1646 57 31 give
2545 1646 113 26 evidence
2668 1646 85 26 before
2770 1647 44 26 the
2825 1648 73 26 Com-

2360 1684 86 25 mittee
2458 1692 33 18 on
2514 1684 44 26 the
2575 1686 116 31 question
2714 1686 27 25 of
2757 1686 44 26 the
2822 1687 77 26 intro-

2360 1722 103 26 duction
2485 1724 28 24 of
2532 1724 44 25 the
2603 1724 80 31 Bible,
2719 1733 28 17 or
2770 1725 43 25 the
2833 1726 67 25 Irish

2359 1761 118 26 National
2501 1763 128 32 Scripture
2648 1764 176 26 Lesson-book
2845 1766 54 25 into

2359 1801 44 25 the
2413 1801 86 33 public
2510 1802 98 25 schools
2620 1802 28 26 of
2655 1802 45 26 the
2711 1804 86 31 colony
2808 1812 6 22 ;
2829 1804 68 26 since

2359 1841 89 30 which,
2460 1849 28 17 as
2500 1841 137 26 Chairman
2648 1842 28 25 of
2684 1842 43 25 the
2739 1842 156 31 Committee,

2358 1879 15 26 I
2382 1881 113 25 received
2512 1881 44 25 the
2578 1880 126 34 following
2726 1882 169 26 communica-

2359 1917 63 26 tions
2432 1925 6 17 :
2440 1932 34 4 —

2489 1957 89 28 Sib,—
2804 1958 91 31 Mary's

2359 1993 141 31 Cathedral,
2519 1995 161 32 Wellington,
2695 1997 69 25 16th.
2782 1996 115 31 October,

2360 2037 75 25 1895.

2458 2084 45 18 our
2513 2077 175 26 conversation
2707 2078 53 25 this
2771 2079 126 32 morning,

2359 2121 32 17 an
2403 2115 91 30 urgent
2514 2114 122 32 telegram
2657 2123 50 17 was
2723 2117 57 24 sent
2799 2117 27 25 to
2848 2115 49 27 His

2359 2151 82 25 Grace
2451 2151 159 33 Archbishop
2621 2152 133 31 Redwood,
2775 2154 26 25 S.
2824 2154 46 29 M.,
2883 2162 15 17 a

2358 2197 63 24 copy
2441 2189 28 26 of
2488 2189 92 29 which,
2608 2190 116 32 together
2735 2191 62 25 with
2820 2192 77 31 reply,

2357 2228 23 25 is
2403 2229 88 24 herein
2510 2229 125 24 enclosed.

2514 2266 28 25 of
2576 2266 44 25 the
2654 2267 112 25 resident
2799 2267 101 25 Roman

2359 2303 115 25 Catholic
2491 2303 91 32 Clergy
2603 2311 64 18 were
2690 2304 54 25 also
2767 2305 132 25 consulted

2357 2349 34 17 on
2408 2341 44 25 the
2463 2343 93 23 matter
2566 2342 28 24 of
2610 2342 87 31 giving
2718 2342 116 26 evidence
2857 2343 40 25 be-

2357 2379 54 24 fore
2438 2378 45 26 the
2519 2378 155 26 Committee.
2733 2379 76 26 Their
2836 2380 62 24 final

2357 2418 106 26 decision
2480 2419 53 25 will
2554 2418 119 32 probably
2695 2418 31 26 be
2749 2419 91 25 known
2860 2421 37 24 to-

2357 2469 113 17 morrow.
2505 2461 43 31 As,
2566 2462 120 30 however,
2710 2462 45 25 the
2771 2462 87 25 claims
2870 2462 28 26 of

2357 2499 42 26 the
2410 2499 100 25 Roman
2522 2498 124 26 Catholics
2658 2498 28 26 of
2696 2499 43 25 the
2750 2499 89 32 colony
2851 2507 42 17 are

2357 2545 16 18 a
2383 2539 96 24 matter
2493 2538 28 25 of
2541 2538 83 32 public
2646 2538 132 32 notoriety,
2797 2538 51 25 and
2870 2538 28 25 m

2357 2577 63 26 view
2431 2576 28 27 of
2468 2576 44 26 the
2523 2578 71 24 scant
2606 2578 113 31 courtesy
2742 2577 61 25 with
2815 2577 83 26 which

2358 2617 114 24 Catholic
2490 2617 135 24 sentiment
2646 2617 48 24 has
2716 2617 62 24 been
2801 2617 96 24 treated

2357 2655 34 32 by
2403 2655 43 26 the
2464 2655 125 26 Petitions
2611 2655 156 29 Committee,
2781 2655 76 26 ithere
2876 2657 21 24 is

2357 2702 16 17 a
2385 2698 88 29 strong
2596 2696 54 24 that
2661 2695 44 24 the
2732 2695 130 33 tendering
2873 2695 27 25 of

2358 2731 98 28 further
2468 2733 117 25 evidence
2596 2733 21 25 is
2630 2733 100 25 useless.

2451 2779 3 15 I
2672 2778 42 17 am
2732 2771 53 28 &c,

2564 2810 116 28 Dawson,
2694 2810 202 25 Administrator.

2560 2848 27 26 of
2602 2849 122 25 Petitions
2736 2848 159 29 Committee,

2358 2888 86 25 House
2463 2889 27 24 of
2512 2888 243 32 Representatives.'*

2579 2937 133 29 Redwood,
2730 2937 98 29 Picton,

2354 2971 28 33 ■7
2733 2977 124 32 Urgent.)

2523 3013 150 26 Committee
2685 3013 87 33 taking
2779 3014 118 25 evidence

2357 3062 27 16 re
2401 3050 72 40 Bibj.e
2474 3051 4 11 :
2495 3048 55 29 and*
2570 3051 140 33 Scriptural
2731 3051 120 33 readings'
2867 3053 28 23 m

2359 3091 95 25 schools
2461 3090 79 26 desire
2552 3090 177 25 authoritative
2736 3090 160 25 information

2359 3137 28 18 as
2397 3131 27 24 to
2436 3129 111 26 Catholic
2559 3130 151 29 Sentiment,
2724 3129 50 25 and
2786 3129 109 27 whether

2358 3168 108 32 possible
2484 3170 27 23 to
2523 3170 85 30 accept
2629 3168 61 31 plan
2702 3176 28 16 as
2750 3168 108 24 solution
2871 3168 26 24 of

2359 3205 158 27 educational
2533 3207 132 32 difficulty.

2354 3245 45 15 '".■■■.
2586 3245 116 29 Dawson,

2492 3294 94 25 Father
2597 3294 119 30 Dawson,
2737 3294 161 32 Wellington.

2516 3372 134 24 sentiment
2673 3371 107 32 opposed
2803 3373 27 23 to
2841 3372 59 31 plan

2360 3418 8 15 ?
2375 3408 226 33 .Bible-readings
2623 3416 28 18 as
2674 3409 110 25 solution
2795 3408 27 26 of
2842 3410 57 24 edu-

2360 3446 109 34 cational
2494 3446 127 32 jliffculty-
2671 3454 128 21 .../.;;

2392 3506 2 7 ,
2629 3484 134 30 Redwood,

2394 3530 54 24 The
2470 3530 48 24 last
2542 3530 142 32 paragraph
2704 3531 29 23 m
2754 3530 52 25 this
2829 3530 73 25 letter

2360 3566 59 40 #oj_s
2430 3569 46 27 not
2486 3568 65 25 refer
2573 3569 26 24 to
2611 3568 43 25 the
2674 3567 36 26 M.
2724 3568 26 25 to
2770 3567 30 25 Z.
2813 3567 89 26 Public

2359 3605 123 24 Petitions
2522 3605 159 29 Committee,
2716 3605 22 24 it
2765 3605 78 24 refers
2872 3606 26 23 to

2359 3643 106 25 another
2487 3643 152 26 Committee
2650 3644 27 24 of
2697 3644 51 24 the.
2765 3643 87 28 IJouse
2855 3657 31 4 —
2887 3643 13 24 I

2359 3688 116 24 presume
2497 3681 20 25 it
2542 3681 78 25 refers
2642 3682 27 25 to
2697 3681 42 25 the
2752 3681 30 26 A,
2813 3683 26 23 to
2868 3680 30 25 L.

2359 3713 123 29 Petitions
2506 3718 159 29 Committee^
2693 3720 28 22 to
2723 3719 17 13 -•'-
2749 3718 81 25 which
2853 3725 50 17 was

2361 3759 55 23 sent
2438 3757 43 25 the
2503 3758 109 31 petition'
2640 3758 66 24 from
2725 3760 6 13 ;
2735 3758 45 24 the
2803 3757 100 25 Roman

2361 3794 128 25 Catholics
2500 3795 28 24 m
2540 3794 125 26 reference
2688 3796 26 24 to
2726 3794 67 26 their
2803 3794 101 31 request

2361 3833 57 26 that
2430 3833 66 25 their
2515 3833 99 26 schools
2625 3834 83 32 might
2730 3835 31 24 be
2773 3833 132 26 examined

2361 3876 33 30 by
2406 3876 172 24 Government
2589 3876 144 31 Inspectors
2750 3876 28 24 of
2789 3875 112 27 Schools.

2364 3991 85 26 HOW
2479 3992 44 25 TO
2552 3992 105 27 RAISE
2691 3993 117 25 FUNDS
2837 3992 34 25 FOR

2448 4029 70 22 OLD
2542 4029 71 22 AGE
2640 4030 181 21 PENSIONS.

2363 4069 62 25 New
2438 4069 82 25 South
2533 4069 85 25 Wales
2627 4069 100 32 System
2736 4069 28 25 of
2770 4069 132 25 Taxation.

2398 4138 54 25 The
2463 4138 135 33 deficiency
2609 4139 94 25 caused-
2710 4141 26 22 to
2748 4139 42 24 the
2801 4145 106 17 revenue

2364 4177 34 32 by
2409 4177 45 25 the
2466 4177 93 26 almost
2571 4179 61 23 total
2645 4177 120 24 abolition
2780 4176 27 24 of
2815 4177 93 30 import

2366 4217 91 30 duties,
2475 4217 58 25 will
2540 4217 31 24 be
2593 4216 95 32 chiefly
2705 4215 71 25 made
2788 4215 65 32 good
2876 4215 33 33 by

2366 4256 62 25 land
2446 4256 55 25 :and
2522 4256 100 27 income
2644 4257 52 29 tax,
2715 4263 28 17 as
2755 4255 155 26 -follows:—

2369 4296 54 25 The
2439 4296 62 25 land
2516 4297 52 24 -tax
2590 4296 23 24 is
2635 4296 31 24 Id
2677 4296 28 24 m
2726 4296 42 24 the
2780 4296 18 24 £
2822 4303 34 17 on
2867 4295 44 25 the

2369 4334 59 24 bare
2439 4334 92 31 capital
2543 4334 74 24 value
2628 4332 27 24 of
2664 4332 45 25 the
2731 4332 61 25 land
2804 4333 108 25 without

2369 4374 201 30 improvements,
2588 4372 63 24 with
2674 4380 33 16 an
2726 4373 143 31 exemption
2889 4374 27 26 of

2371 4413 78 28 £240,
2468 4419 28 17 or
2508 4413 39 31 (as
2566 4410 68 26 240
2638 4410 18 26 d
2655 4410 71 25 made
2737 4410 46 35 £1)
2797 4420 15 16 a
2823 4412 93 28 reduc-

2376 4452 55 25 tion
2442 4450 28 26 of
2491 4451 33 24 £1
2537 4450 29 25 m
2587 4450 42 27 the
2642 4452 107 26 amount
2760 4452 27 26 of
2810 4454 45 25 the
2865 4455 52 24 tax.

2938 214 23 21 A
2982 220 89 23 person
3088 214 107 30 owning

2937 249 62 24 from
3011 249 125 33 buildings
3147 258 28 19 or
3186 238 335 51 i^berwfl^^^H^HH

2937 294 50 24 any
3004 296 57 18 sum
3084 298 34 20 up
3142 291 27 24 to
3187 287 17 11 v

2934 779 52 24 The
2997 780 95 26 income
3104 783 44 24 tax
3169 784 23 24 is
3204 784 33 24 6d
3258 785 28 24 ia
3298 784 48 25 the
3370 785 21 23 £
3409 786 63 25 withr

2934 822 31 17 an
2973 819 141 30 exemption
3121 820 28 24 of
3155 821 70 25 £200
3233 822 65 25 from
3307 822 45 26 fcbe
3364 823 105 30 income,

2934 859 27 17 or
2973 853 38 24 £5
3023 861 33 17 on
3067 855 43 25 the
3122 860 105 23 amount
3244 859 27 25 of
3282 859 44 25 the
3338 860 44 24 tax
3402 861 27 23 to
3439 860 31 25 be

2934 889 64 31 paid.
3039 891 106 28 Persons
3168 896 62 25 with
3251 896 115 25 incomes
3385 905 35 18 up
3442 900 27 22 to

2930 1643 191 61 LOCAL
3139 1645 26 56 and
3198 1645 269 59 GENERAL

2965 1759 90 25 Roman
3095 1758 122 27 Catholic
3251 1759 114 25 Chukch.
3370 1774 30 5 —
3400 1759 69 26 Next

2933 1801 108 32 Sunday,
3054 1802 127 33 February
3191 1802 59 29 2nd,
3265 1801 91 27 Divine
3367 1803 101 25 Service

2931 1844 51 25 trill
3009 1844 31 25 be
3067 1845 138 25 conducted
3232 1845 25 25 m
3278 1845 42 25 tbe
3351 1845 116 25 Catholic

2932 1886 108 31 Church,
3064 1887 103 30 Oxford,
3186 1889 26 24 at
3237 1889 40 24 11.
3300 1896 23 17 a.
3348 1895 35 18 m.

2965 1982 125 25 Lectdre.
3092 1997 33 4 —
3125 1982 41 25 Mr
3186 1983 40 25 W.
3246 1983 41 25 W.
3305 1983 103 30 Collins,
3427 1983 41 26 M.

2932 2025 68 25 H.R.
3013 2025 52 26 will
3075 2026 45 24 not
3138 2033 48 25 pay
3203 2026 40 25 his
3254 2026 59 25 visit
3334 2027 27 24 to
3373 2026 95 25 Oxford

2931 2068 67 25 until
3008 2068 66 25 three
3085 2068 81 25 weeks
3188 2068 64 25 from
3271 2068 50 26 this
3332 2068 66 26 date.

2965 2135 158 25 Fitzgerald
3168 2135 76 26 Bbos.
3270 2160 3 4 ,
3282 2135 99 27 Cmcus.
3382 2150 33 5 —
3415 2135 53 26 Les

2932 2175 89 25 Freres
3043 2175 85 25 Eclair
3139 2175 134 25 succeeded
3295 2175 60 25 with
3372 2183 15 17 a
3398 2183 69 17 mar-

2931 2214 95 25 vellous
3037 2214 140 25 contortion
3188 2216 50 26 act,
3250 2214 83 25 which
3352 2214 115 25 awaken-

2932 2253 31 25 ed
2974 2261 15 16 a
3012 2253 196 28 demonstration
3226 2253 28 25 of
3273 2252 105 32 delight.
3412 2252 56 26 One

2932 2292 28 25 of
2969 2292 44 25 the
3024 2292 112 25 brothers
3147 2300 48 17 was
3217 2292 183 33 picturesquely
3411 2292 60 25 clad

2932 2341 29 16 as
2971 2341 15 15 a
2997 2333 98 29 demon,
3113 2332 41 25 the
3174 2332 73 25 other
3268 2332 87 32 taking
3372 2339 33 18 on
3425 2333 44 24 the

2932 2372 142 25 semblance
3085 2371 28 25 of
3133 2378 15 19 a
3170 2371 128 31 crocodile,
3315 2371 83 26 whose
3416 2371 53 25 sin-

2932 2419 63 18 uous
3011 2412 156 25 movements
3178 2418 64 19 were
3254 2410 132 25 simulated
3405 2410 64 25 with

2933 2449 137 26 wonderful
3091 2449 105 32 fidelity.
3231 2449 33 24 In
3286 2448 44 25 the
3352 2448 56 25 first
3423 2448 46 25 the

2932 2488 117 25 audience
3061 2487 50 25 had
3134 2494 33 18 an
3179 2486 82 33 object
3282 2486 83 26 lesson
3376 2486 28 25 of
3424 2486 46 25 the

2930 2527 89 32 fallacy
3031 2527 27 24 of
3064 2527 107 31 judging
3193 2526 33 31 by
3248 2533 162 27 appearance,
3429 2525 40 24 for

2931 2566 44 25 the
2993 2566 89 24 demon
3104 2566 61 24 bent
3184 2564 70 26 itself
3272 2566 55 23 into
3346 2564 123 25 attitudes

2930 2604 84 24 which
3036 2602 83 26 would
3139 2602 75 26 make
3231 2609 34 18 an
3283 2602 37 25 eel
3336 2604 5 5 '
3354 2601 115 29 envious,

2930 2644 50 25 and
3001 2641 117 33 wriggled
3139 2639 101 27 himself
3259 2641 45 23 out
3315 2638 27 25 of
3362 2637 107 26 difi&uclt

2930 2677 131 30 situations
3073 2680 60 24 with
3142 2679 42 24 the
3195 2677 59 25 skill
3265 2676 51 25 and
3327 2675 141 26 adroitness

2930 2720 28 26 of
2967 2728 15 17 a
2982 2710 3 15 :
2993 2717 121 34 practised
3130 2715 138 33 politician.
3302 2714 54 24 The
3368 2713 100 25 Eclairs

2931 2766 41 17 are
2983 2756 118 31 certainly
3125 2754 73 26 facile
3216 2754 114 31 princeps
3351 2752 29 23 m
3399 2751 70 25 their

2931 2797 55 30 art,'
2996 2796 50 25 and
3057 2793 140 34 performed
3219 2800 68 17 some
3298 2791 28 25 of
3344 2790 42 25 tbe
3398 2791 70 24 most
3509 2813 3 3 .

2931 2835 158 31 astonishing
3119 2834 63 25 feats
3204 2832 61 26 with
3284 2831 93 32 perfect
3401 2837 65 17 ease.

2931 2875 77 27 Their
3019 2874 177 33 performance,
3208 2870 91 30 which,
3312 2870 28 24 m
3351 2869 116 25 addition

2931 2917 27 23 to
2979 2905 74 38 being
3074 2910 155 31 remarkably
3250 2909 89 27 clever,
3367 2908 23 26 is
3413 2907 54 26 also

2932 2950 158 31 exceedingly
3118 2948 164 32 picturesque,
3318 2945 92 24 wound
3432 2952 34 24 up

2932 2992 56 24 with
3010 2997 34 18 an
3055 2988 136 26 exhibition
3202 2987 27 24 of
3249 2984 140 30 balancing,
3408 2990 60 24 sup-

2926 3029 93 32 ported
3029 3028 58 31 only
3098 3027 34 31 by
3148 3026 43 25 the
3201 3023 78 28 teeth,
3305 3021 83 27 which
3398 3021 70 31 quite

2930 3068 110 32 brought
3062 3067 73 24 down
3157 3065 42 24 the
3226 3063 122 25 house.—
3348 3060 121 26 Adelaide

2931 3110 149 23 Advertiser.

2967 3147 47 24 See
3036 3143 186 26 stationmaster
3243 3140 37 24 for
3307 3137 160 26 information

2932 3192 32 17 on
2975 3183 35 25 all
3031 3183 64 24 lines
3112 3188 26 17 re
3160 3178 142 26 Excursion
3323 3177 74 24 fares.

2966 3249 79 25 Bible
3067 3256 26 15 m
3114 3246 119 25 Schools.
3235 3258 32 4 —
3267 3243 22 25 A
3313 3241 105 33 petition
3442 3240 25 25 is

2932 3281 85 40 laying
3044 3288 27 24 m
3097 3294 45 16 our
3164 3284 68 25 office
3262 3282 38 26 for
3327 3281 138 31 signatures

2934 3331 98 33 against
3042 3329 44 25 the
3104 3327 169 27 introduction
3293 3325 26 25 of
3334 3324 45 25 the
3400 3322 69 25 Irish

2934 3376 64 24 Text
3008 3373 65 26 book
3083 3373 54 24 into
3156 3379 45 17 our
3213 3371 75 24 state:
3293 3368 113 26 schools..
3428 3392 3 3 .
3490 3377 3 20 ;

2926 3454 4 18 f
2968 3452 46 24 We
3026 3458 40 17 are
3077 3448 120 26 informed
3207 3448 33 31 by
3257 3446 42 24 Mr
3311 3445 28 25 C.
3351 3444 121 25 Johnsoa

2934 3496 75 25 Junr.
3033 3494 56 24 that
3111 3492 33 25 he
3163 3489 134 27 succeeded
3315 3489 29 27 m
3365 3493 108 25 rousrag

2935 3538 40 23 Mr
2993 3535 89 26 Wallis
3099 3535 55 24 who
3161 3534 51 23 had
3235 3533 32 31 by
3291 3538 69 18 some
3381 3535 90 20 me&as

2934 3581 76 24 fallen
3033 3580 26 23 to
3071 3578 67 30 sleep
3150 3585 33 17 on
3194 3576 44 25 the
3249 3574 111 30 Railway
3371 3573 58 24 line*
3443 3572 27 24 at

2935 3623 130 27 Bennetts,
3083 3627 33 17 on
3140 3618 122 31 Saturday
3283 3616 58 28 last,
3369 3622 43 29 a3_
3426 3614 45 25 the

2935 3664 65 24 train
3013 3650 60 37 'was
3085 3661 77 25 about
3173 3662 26 23 to
3212 3660 71 24 start.
3329 3658 41 23 Mr
3381 3649 106 46 Walfis^
3518 3671 5 5 -

2935 3709 26 22 m
2989 3704 154 32 reeogaition
3161 3704 27 24 of
3203 3702 41 25 Mr
3263 3700 104 26 Charles
3386 3699 82 27 John-

2938 3751 67 24 son's
3012 3746 213 32 :thoughtfulness,
3237 3742 174 33 promised,,Jo
3433 3749 38 16 re-

2935 3786 69 25 ward
3025 3785 55 24 him
3097 3783 61 25 with
3182 3782 80 24 £100.
3297 3780 40 24 Mr
3355 3778 116 30 «&h?isbn
3471 3778 26 25 '.'

2936 3828 130 32 requested
3077 3833 30 17 us
3129 3827 27 23 to
3168 3826 65 23 state
3243 3824 55 24 that
3308 3823 39 25 he*
3359 3823 48 25 has
3426 3823 62 29 goV
3499 3820 15 9 °

2937 3872 43 24 the
3001 3877 98 23 money.
3148 3895 1 1 .
3186 3890 19 3 ...
3285 3891 3 7 ,
3342 3886 2 4 .
3350 3895 2 2 .
3360 3888 87 20 M^,^
3456 3869 22 32 *„,

2987 4048 70 26 EVENTS
3057 4048 17 26 OF
3074 4048 18 26 THE
3092 4048 16 26 WEEK.

2939 4121 123 33 Tueiday,
3081 4121 61 26 Feb.
3172 4123 24 24 4.
3208 4115 112 42 Xjibr&.ry
3329 4133 74 24 open,
3420 4124 65 28 from

3007 4163 14 23 6
3041 4162 40 23 15.
3093 4169 25 23 p.
3130 4169 38 17 m.
3180 4163 31 26 to>
3226 4163 28 25 8»
3275 4172 25 23 p.
3314 4173 32 17 m.
3370 4187 4 3 .

2940 4199 167 31 Wednesday,
3126 4198 65 29 Feb*
3215 4201 28 27 5*
3262 4202 111 33 Meeting
3396 4202 26 26 of
3442 4203 45 26 the

2979 4261 5 5 ,
3009 4239 71 25 Eoad
3107 4239 97 29 Board*

2943 4280 138 31 Thursday,
3099 4278 64 29 F%b.
3182 4282 25 26 6.
3226 4282 74 27 Bank
3311 4291 71 25 open.
3408 4283 80 31 M<*^

3011 4320 44 30 ing
3073 4319 28 28 oj
3108 4319 89 28 Water
3215 4322 96 34 Supply
3328 4323 95 29 Boards
3467 4347 6 2 .
3484 4345 3 3 .

2947 4362 136 35 Saturday,
3092 4382 3 3 .
3107 4363 63 27 Feb.
3183 4366 24 24 8.
3225 4366 105 33 Library
3341 4369 67 30 op^
3422 4369 70 32 from;

3019 4416 66 25 6.15.
3097 4422 26 25 p.
3135 4423 35 17 m.
3183 4417 27 26 to
3222 4417 23 25 8.
3257 4425 25 24 p.
3295 4425 37 20 m,
3380 4419 112 34 Meeting

3018 4455 28 26 of
3064 4455 158 28 Oddfellows.

1140 61 176 31 OXFOBD
1363 61 230 33 OBSERVER
1637 61 238 39 SATURDAY,
1917 65 235 32 FEBRUARY
2229 66 29 34 1,
2317 66 89 29 1896.

2970 327 73 25 £240
3071 329 48 24 will
3147 336 49 25 pay

2994 365 49 23 300
3077 384 17 12 „
3267 388 5 8 4

2994 403 50 23 400
3077 421 16 11 „
3326 400 70 29 013
3432 391 89 49 5^H

2995 440 50 24 500
3079 458 16 12 „
3148 437 112 35 ,■*%;,-•
3325 439 16 27 1
3378 439 17 26 i
3428 440 18 26 8
3474 430 47 36 W

2995 480 49 23 600
3078 498 17 12 „
3147 472 101 38 „"*'":-.";
3325 482 13 24 l
3359 477 38 30 »
3427 481 17 24 o

2991 517 49 24 700
3073 534 18 13 „
3116 524 1 2 ■
3142 535 20 15 
3323 522 14 22 1
3356 520 33 25 18
3427 540 14 2 -

2989 554 51 24 800
3074 571 16 13 „
3133 556 49 30 •„'>
3321 558 16 23 2
3375 555 71 28 6$

2992 592 49 24 900
3075 609 20 12 „.
3142 611 17 11 „
3324 597 65 23 215
3424 588 28 32 &■

2973 628 65 25 1000
3074 647 16 13 „
3137 648 16 13 „
3325 634 14 22 3
3374 634 15 22 3
3422 634 17 23 4

2973 666 65 23 5000
3072 684 16 12 „
3132 686 17 10 „
3321 671 31 24 19
3371 671 31 24 16
3424 671 15 23 8

2956 703 92 28 10,000
3064 722 17 18 
3128 724 17 11 „
3318 710 31 23 _0
3366 710 32 23 13
3422 711 16 23 4

2936 740 105 27 100,000
3060 759 7 9 ,
3070 760 6 8 ;
3122 761 16 7 „
3309 746 48 22 415
3377 748 31 20 13
3425 748 17 20 4

2934 932 67 20 JB2OO
3026 932 51 21 will
3104 938 50 24 pay
3387 935 43 24 nil.

2950 964 49 25 220
3034 983 15 12 „
3103 985 16 11 „
3317 972 18 23 0
3370 972 31 23 10
3421 972 15 23 0

2949 1001 50 25 240
3033 1020 16 12 „
3102 1022 16 11 „
3319 1009 14 22 1
3369 1009 16 23 o
3418 1009 18 24 0

2950 1039 49 25 260
3033 1058 16 11 „
3102 1060 15 11 „
3320 1047 13 22 1
3370 1039 33 31 lb
3418 1047 18 23 0

2948 1076 50 25 280
3032 1096 16 10 „
3100 1097 16 11 „
3316 1083 17 24 2
3365 1084 18 24 0
3418 1084 18 24 0

2949 1120 50 24 SOO
3032 1138 16 12 „
3102 1140 15 12 „
3319 1128 16 23 2
3371 1129 33 24 10
3422 1129 14 23 0

2949 1159 32 23 Bfi
2982 1159 17 24 o
3033 1178 16 12 „
3103 1180 14 11 „
3319 1168 17 23 3
3370 1168 33 23 15
3420 1168 17 23 0

2948 1196 16 22 4
2966 1196 33 24 °o
3033 1215 16 10 „
3101 1217 16 12 „
3319 1205 16 23 5
3368 1205 18 23 0
3419 1205 17 24 0

2948 1235 51 24 450
3032 1254 16 12 »
3060 1265 2 1 .
3101 1256 15 12 „
3318 1243 15 23 6
3368 1245 15 23 5
3418 1244 18 24 0

2948 1273 51 24 600
3032 1291 87 14 >•■■!,
3317 1282 18 24 7
3370 1282 33 24 10
3418 1282 18 24 0

2949 1310 49 24 600
3032 1329 17 12 „
3102 1330 16 13 „
3316 1318 34 25 10
3366 1319 17 24 0
3418 1320 16 23 0

2948 1348 50 24 700
3032 1366 16 12 „
3101 1367 16 12 „
3319 1356 32 23 12
3370 1357 33 24 io
3418 1357 18 24 0

2948 1386 14 24 B
2964 1386 33 25 °o
3031 1405 17 11 „
3100 1407 16 11 „
3317 1396 32 23 15
3364 1396 19 24 0
3415 1397 19 24 0

2948 1426 50 24 900
3031 1445 18 16 „
3100 1447 16 12 „
3317 1434 32 24 17
3368 1435 33 24 10
3417 1436 16 23 0

2931 1468 65 24 1000
3031 1486 14 11 „
3098 1487 16 12 „
3315 1473 35 24 20
3366 1474 19 23 0
3418 1475 16 22 0

2931 1506 66 24 5000
3030 1524 16 12 „
3099 1524 16 12 „
3301 1511 49 24 120
3365 1511 19 25 0
3416 1512 16 24 0
