3570 4540
38 274 233 49 UNKNOWN.

42 404 136 40 JPul^Bied
200 406 32 30 by
244 408 99 28 request
366 406 46 26 foi\
411 406 56 29 Jibe
467 412 4 2 '
479 406 94 27 inform
576 421 20 16 r^

41 447 81 25 atiorr
137 444 25 24 of
189 442 123 26 members
341 443 27 24 of
379 438 77 36 -i||f^'
479 437 105 34 .diford

45 484 102 25 Branch
165 483 26 24 of
212 482 43 24 the
279 482 118 24 National
421 482 163 32 Association.

78 545 85 32 (From
192 543 41 25 Mr
264 542 148 34 Meredith'^
419 562 5 12 ;
435 539 117 38 SpeedE*)

44 624 171 24 Government
249 621 50 27 h%d
317 620 94 31 Jielped
446 620 45 24 the
519 624 66 20 confr-

46 666 97 24 mercial
168 666 91 23 classes
286 663 48 25 and
361 663 113 24 business
500 662 86 31 people

46 708 125 32 generally
189 707 50 24 and
255 706 92 35 indee£
362 706 43 27 fche
418 705 84 24 .whole
520 712 65 16 com-

47 753 108 30 munity,
181 750 32 32 by
238 749 100 31 coming
364 750 26 23 to
416 748 42 24 the
476 746 71 25 relief
562 746 27 24 of

48 795 45 24 the
111 794 72 23 Bank
202 792 26 24 of
244 792 31 23 N.
295 791 29 24 Z.
338 790 54 25 and.
405 789 102 31 thereby
518 796 68 17 aver-

50 838 55 30 ting
139 844 14 16 a
178 837 69 30 great
280 832 159 26 commercial
463 831 123 31 calamity.

51 881 52 23 The
122 879 62 24 Gov.
202 877 51 25 had
277 884 70 17 come
365 877 25 23 to
414 875 44 24 the
475 873 73 25 relief
563 872 25 25 of

50 924 105 24 farmers
172 922 26 23 m
215 920 141 32 particular,
392 925 28 17 as
441 917 57 25 well
516 924 26 16 as
561 917 25 23 to

51 966 45 24 the
112 964 69 25 relief
196 964 24 23 of
237 963 43 24 the
306 961 82 31 public
414 958 125 32 generally
556 958 31 30 by

49 1009 162 29 formulating
235 1006 56 24 and-
310 1005 114 30 carrying
447 1004 53 28 put,
519 1007 24 19 to
573 1009 25 20 a.

51 1053 118 33 practical
190 1053 73 27 issue,
298 1050 122 25 advances
446 1050 26 22 to
489 1046 98 25 settlers

51 1097 26 21 at
96 1093 61 24 such
174 1100 15 16 a
205 1091 48 24 low
270 1091 53 23 rate
335 1088 27 24 of
377 1088 104 24 interest
499 1093 26 17 as
537 1092 51 17 was

52 1137 112 24 hitherto
197 1133 127 24 unknown
358 1131 27 23 m
419 1130 42 24 the
491 1128 96 29 colony,

52 1177 77 29 cheap
164 1180 90 23 money
283 1171 49 24 and
366 1170 78 29 cheap
461 1167 59 24 land
538 1166 49 23 had

52 1219 103 31 directly
173 1217 50 25 and
249 1214 130 30 indirectly
404 1211 122 25 benefited
545 1210 43 24 the

52 1262 78 26 whole
148 1258 157 31 community.
338 1256 64 24 Now
421 1255 27 23 m
465 1253 123 25 reference

52 1311 27 20 to
103 1304 99 27 Oxford,
229 1302 27 24 m
280 1301 42 25 the
348 1299 55 24 first
428 1297 70 31 place
523 1296 65 24 Gov-

54 1351 114 26 ernment
201 1350 45 23 has
280 1345 120 32 arranged
417 1345 26 23 to
477 1344 53 30 give
548 1342 41 24 the

53 1399 95 27 settlers
166 1399 26 24 at
234 1393 147 29 Woodstock
418 1399 33 18 an
486 1389 102 26 additio-

55 1444 44 25 nal
122 1444 31 23 50
177 1448 67 18 acres
260 1438 68 29 each,
347 1438 26 23 at
396 1436 47 31 1/-.
471 1442 44 23 per
534 1440 56 17 acre

56 1495 28 17 so
101 1486 56 25 that
183 1484 60 25 each
277 1480 85 26 settler
388 1478 49 26 will
453 1484 57 17 now
526 1476 64 24 have

58 1533 49 24 100
133 1537 75 18 acres.
251 1526 52 25 The
337 1526 49 23 late
421 1521 170 26 Government

57 1575 144 27 considered
218 1575 31 23 50
284 1578 68 19 acres
378 1568 27 26 of
420 1566 91 26 second
528 1565 63 26 class

57 1619 60 26 land
134 1619 26 23 at
176 1614 150 27 Woodstock
350 1611 124 27 sufficient
494 1610 38 23 for
548 1608 44 24 the

57 1661 87 32 people
160 1661 26 23 to
212 1659 41 31 get
286 1657 36 24 fat
340 1654 49 25 and
414 1660 60 18 even
492 1653 25 23 to
535 1657 57 19 save

56 1714 92 23 money
165 1712 42 18 on.
240 1702 55 25 The
306 1700 101 33 present
424 1696 168 27 Government

58 1751 114 27 consider
182 1749 72 26 those
266 1744 85 34 people
364 1742 90 28 should
468 1742 64 24 have
545 1740 47 24 150

58 1802 69 18 acres
146 1801 28 17 or
202 1791 51 25 200
272 1795 68 19 acres
369 1785 68 29 each,
478 1791 28 17 as
528 1782 66 24 little

59 1837 100 32 enough
176 1836 25 24 to
211 1834 73 30 bring
300 1839 34 24 up
356 1830 64 25 their
430 1827 106 25 families
551 1832 41 21 on,

60 1882 50 24 and
133 1879 50 25 this
205 1876 116 33 quantity
330 1888 4 5 •
345 1872 82 27 would
446 1871 64 24 have
532 1868 62 25 been

59 1925 73 31 given
143 1922 71 25 them
236 1919 21 25 if
279 1916 169 27 Government
470 1912 52 25 had
544 1910 50 25 suf-

59 1966 84 26 ficient
162 1963 60 27 land
244 1959 119 28 available
386 1959 25 24 at
433 1954 161 28 Woodstock.

59 2007 170 28 Government
267 2001 106 28 reduced
406 2000 43 25 the
483 1998 112 29 Railway

57 2051 93 32 freight
173 2057 33 17 on
228 2045 116 27 firewood
366 2045 26 24 to
415 2038 180 29 Christchurch

57 2095 66 24 from
134 2094 45 23 28s
187 2094 27 22 to
225 2090 45 24 22s
283 2088 41 25 Bd.
341 2086 45 25 the
397 2083 82 28 truck,
491 2081 104 30 thereby

58 2137 84 32 giving
169 2134 45 24 the
247 2130 112 30 working
387 2133 60 18 man
465 2132 33 17 an
526 2126 70 23 extra

58 2178 75 32 profit
148 2184 34 17 on
204 2182 16 18 a
241 2172 58 26 cord
319 2171 28 25 of
369 2167 125 27 firewood.
529 2166 66 24 Gov-

58 2222 116 27 ernment
184 2217 104 28 reduced
298 2215 45 26 the
353 2212 98 34 royalty
462 2219 30 18 on
505 2209 91 27 timber

59 2267 44 25 out
113 2266 28 24 m
157 2264 43 25 the
223 2259 95 28 Oxford
334 2257 75 26 Bush
429 2255 33 32 by
486 2255 31 24 25
529 2260 37 25 p..
574 2260 13 17 c

61 2309 49 26 and
116 2316 32 17 on
156 2306 70 26 birch
233 2305 35 32 by
277 2304 31 24 33
319 2301 50 26 and
376 2308 48 18 one
435 2297 68 28 third
510 2304 48 25 p.c.
567 2303 32 17 on

60 2353 67 31 pine,
138 2356 54 19 now
204 2355 28 18 as
241 2354 51 18 saw
303 2344 101 30 milling
414 2339 25 28 is'
458 2348 47 19 one
516 2339 28 26 of
553 2339 45 25 the

58 2391 71 28 chief
136 2388 135 27 industries
282 2386 28 24 m
319 2382 94 28 Oxford
420 2381 43 27 the
474 2379 125 31 working-

59 2441 60 18 man
128 2431 88 27 should
222 2431 65 24 have
293 2428 43 26 the
343 2426 94 26 benefit
446 2424 28 25 of
480 2422 51 26 this
540 2429 59 18 con-

59 2476 104 27 cession,
174 2473 23 25 if
205 2473 20 24 it
234 2472 59 25 does
305 2471 54 28 not,
368 2469 21 24 it
400 2469 23 23 is
430 2469 44 23 not
486 2466 42 25 the
535 2464 64 24 fault

57 2518 30 28 Of
101 2518 42 26 the
155 2514 181 28 Government.
355 2510 86 26 Under
463 2507 44 27 the
518 2506 79 27 work-

58 2560 82 25 man's
162 2563 81 25 wages
263 2554 47 25 Act
335 2559 69 18 more
437 2550 64 25 than
525 2547 74 26 £300

58 2603 66 25 have
135 2598 105 27 reached
252 2596 44 26 the
307 2594 101 34 pockets
417 2593 25 25 of
451 2593 42 26 the
505 2590 94 27 Oxford

58 2643 180 32 workingmen,
256 2638 84 27 which
351 2638 29 24 m
401 2636 45 26 the
456 2634 106 27 absence
573 2633 28 26 of

57 2688 53 26 this
120 2685 124 34 provision
251 2683 59 30 they
320 2680 82 33 might
409 2680 66 24 have
482 2677 117 27 whistled

58 2732 39 24 for
105 2740 8 19 ;
126 2728 168 27 Government
305 2723 96 32 bought
413 2721 90 32 Ashley
515 2720 84 31 Gorge

57 2770 148 30 subdivided
226 2769 29 27 it-
274 2768 55 27 into
353 2767 32 25 13
410 2764 117 29 sections,
559 2762 40 26 for

56 2815 83 29 which
151 2815 70 25 there
232 2819 63 19 wtre
317 2810 76 26 about
402 2810 50 25 848
469 2806 129 34 applicati-

54 2868 57 22 ons,
120 2857 152 31 fortunately
280 2856 66 25 most
355 2854 27 26 of
388 2854 44 24 the
442 2851 108 26 sections
556 2849 43 26 fell

56 2904 28 24 to
105 2900 44 25 the
172 2898 37 25 lot
220 2897 28 25 of
263 2895 90 26 Oxford
365 2893 178 31 workingmen,
561 2890 38 25 for

58 2944 69 26 what
139 2949 44 18 are
199 2940 94 26 Messrs
305 2939 103 26 Baxter,
425 2935 102 28 Brown,
536 2933 61 27 Yin-

53 2988 71 27 <!ent,
152 2983 93 27 Powell
281 2983 43 24 &c.
352 2981 47 24 but
420 2978 178 32 workingmen.

56 3027 172 28 Government
246 3023 99 27 erected
367 3021 100 27 schools
487 3019 52 26 and
549 3026 49 25 pay

57 3073 113 25 teachers
181 3069 39 25 for
235 3068 45 26 the
301 3065 171 31 workingmen
492 3062 26 26 of
528 3062 71 26 View

56 3115 58 29 Hill
141 3112 89 27 Plains
256 3109 51 27 and
335 3105 162 31 Woodstock,
543 3104 56 27 The

54 3157 176 30 ttovernment
259 3155 43 26 did
324 3153 66 28 their
412 3150 65 28 level
498 3150 55 26 best
572 3149 27 26 to

58 3203 121 32 purchase
204 3200 66 25 from
292 3198 44 26 the
364 3194 115 27 Midland
490 3193 109 31 Railway

59 3245 131 31 Company
201 3243 43 26 the
256 3248 63 25 open
329 3239 61 27 land
415 3240 27 24 at
453 3237 45 26 the
516 3236 83 32 Gorge

57 3287 88 32 bridge
157 3285 51 26 and
230 3285 43 24 the
284 3283 63 26 bush
369 3281 81 25 Block
461 3290 7 20 ;
496 3280 47 24 but
555 3278 44 26 the

58 3326 130 30 Company
200 3322 100 27 wanted
319 3322 55 27 355,
387 3327 33 17 an
432 3326 56 17 acre
503 3316 39 27 for
554 3316 45 25 the

58 3376 66 24 open
131 3366 71 29 land,
219 3367 46 24 not
286 3363 81 27 worth
387 3369 70 19 more
486 3360 69 33 12/6.
566 3367 35 17 an

65 3418 58 18 acre
134 3409 51 25 and
197 3410 53 23 17s.
271 3406 41 25 6d.
332 3413 34 18 an
384 3412 56 18 acre
458 3403 40 25 for
509 3403 92 28 15,000

61 3454 30 25 m
102 3452 44 27 the
156 3451 74 25 Bush
249 3449 131 31 including
400 3447 43 26 the
453 3447 91 25 barren
554 3444 47 26 hill

58 3497 66 31 tops,
157 3493 83 27 would
273 3492 43 26 the
348 3490 110 31 working
486 3496 65 18 men
576 3488 28 25 of

59 3537 95 28 Oxford
176 3537 30 25 be
233 3534 98 32 willing
357 3534 57 25 that
431 3532 171 25 Government

56 3579 96 27 should
162 3577 123 34 purchase
301 3577 50 25 this
362 3576 60 25 land
433 3577 27 23 at
472 3575 50 25 this
534 3574 68 31 price

60 3623 50 26 and
129 3623 61 26 then
217 3623 56 24 rent
300 3620 22 26 it
345 3621 27 24 at
390 3620 14 24 5
428 3626 25 24 p.
470 3624 23 19 c.
511 3624 32 18 on
560 3616 44 25 the

61 3665 91 34 oapital
162 3665 83 26 value,
263 3663 122 31 certainly
402 3664 54 26 not,
487 3668 34 17 no
543 3667 61 18 man

61 3708 75 28 oould
144 3708 88 26 obtain
255 3715 15 17 a
279 3706 81 31 living
378 3706 44 24 out
433 3704 28 26 of
471 3703 63 26 such
543 3703 62 25 land

61 3755 28 26 at
100 3753 62 26 such
177 3760 15 18 a
220 3753 67 25 rent.
320 3751 69 25 Here
409 3757 38 19 we
458 3750 62 24 have
532 3757 15 15 a
557 3748 47 24 few

60 3794 84 32 things
173 3793 67 26 done
272 3792 34 32 by
341 3791 185 28 Government,
555 3788 49 24 and

62 3840 44 30 yet
122 3837 104 32 carping
254 3836 92 29 critics,
385 3835 54 25 will
465 3833 46 26 ask
538 3834 67 23 what

63 3881 47 25 has
122 3880 173 26 Government
307 3879 65 25 done
391 3878 39 25 for
440 3877 44 25 the
496 3877 110 29 working

63 3924 82 24 man?
174 3922 55 24 The
250 3922 98 31 present
371 3920 171 26 Government
559 3918 45 25 has

64 3962 64 25 done
154 3969 70 17 more
252 3961 39 24 for
316 3961 41 24 the
385 3959 172 32 workingmen
579 3958 26 23 of

63 4004 94 26 Oxford
173 4003 64 25 than
248 4010 50 25 any
308 4002 115 33 previous
432 4001 172 25 Government

63 4056 57 19 ever
135 4048 51 29 did,
204 4047 51 26 and
274 4047 31 24 he
333 4046 143 31 challenged
505 4047 99 23 contra-

62 4092 103 28 diction,
178 4098 15 17 a
205 4090 155 26 Goverment
371 4090 94 23 cannct
475 4088 32 25 do
519 4095 83 24 every-

61 4134 75 32 thing
145 4141 7 22 ;
176 4132 62 26 with
261 4140 66 18 some
343 4131 88 32 people
453 4130 22 25 if
491 4130 111 25 Govern-

61 4185 70 21 ment
149 4180 60 25 does
237 4179 61 25 nine
327 4178 86 32 things
432 4179 45 23 out
496 4177 28 25 of
549 4179 53 22 ten.

61 4225 56 30 they
136 4223 31 26 do
190 4224 46 24 not
265 4221 93 26 receive
381 4220 78 26 credit
481 4219 50 25 and
559 4219 44 25 the

59 4266 125 33 gratitude
199 4267 60 31 they
284 4273 42 17 are
343 4264 82 32 surely
442 4262 117 26 entitled.
566 4263 35 24 to!

58 4317 49 25 but
129 4324 42 17 are
188 4315 101 25 blamed
312 4315 49 24 and
380 4321 61 18 even
464 4313 93 25 abused
568 4312 32 32 by

58 4369 70 18 some
139 4360 86 33 people
241 4359 107 26 because
378 4358 60 32 they
465 4358 65 25 have
556 4359 46 22 not

54 4403 187 33 accomplished
254 4402 43 27 the
315 4401 82 27 tenth.

1186 84 173 31 OXFOKD
1403 84 226 31 OBSERVER
1659 83 240 35 SATURDAY,
1937 77 229 35 FEBRUARY
2215 77 28 34 1,
2295 74 54 29 189
2349 74 35 29 G.

2961 4185 106 26 Printed
3090 4187 52 25 and
3180 4188 142 27 Published
3349 4191 33 33 Ly
3418 4191 90 26 Laura

2994 4224 84 25 Annie
3101 4225 105 32 Pabish,
3231 4229 28 25 at
3282 4228 48 27 her
3361 4229 146 33 Registered

2994 4266 118 35 Printing
3124 4269 87 32 Office,
3234 4271 70 33 Higb
3330 4273 93 28 Street.
3447 4274 64 26 East

2994 4310 103 30 Oxford.
3107 4312 166 36 Canterbury.

3022 4360 134 29 Satubday
3188 4364 139 29 Febkuaky
3346 4370 25 23 1.
3401 4368 66 27 1896

2925 239 170 49 WATCH
3322 231 147 52 CLOCK

2928 287 332 89 lUuhir®
3300 324 170 47 Warn

3049 392 301 36 FITTED

3190 452 30 16 AT

2948 489 183 35 Parish's
3160 492 103 34 East
3286 493 162 43 Oxford.
3522 503 18 15 >

2931 642 318 49 WBETHIIM

3112 740 249 47 SINGE'S

2976 940 206 43 MACHINE
3229 943 201 42 NEEDLES

2947 1027 121 50 From
3102 1029 25 45 1
3148 1052 25 13 -
3203 1042 72 46 per
3313 1031 147 49 Uzm.

3195 1754 43 24 AT

3001 1824 45 27 19
3067 1825 35 26 A
3124 1825 46 26 T9
3192 1826 83 25 Tfi
3289 1826 56 25 TT
3357 1825 11 19 '
3382 1825 38 26 fil

2940 1903 190 34 EAST
3178 1904 296 34 OXFORD

3089 2457 264 49 NOTICE.-
3396 2497 5 5 .

2943 2559 99 46 Job
3060 2559 259 58 Printing!

3117 2627 104 47 Job
3237 2627 249 58 Printing

2987 2691 179 32 OXFORD
3220 2690 228 33 OBSERVER

3028 2741 164 40 Machine
3222 2739 184 54 Printing-

3126 2793 170 40 WORKS

2988 2843 101 33 MAIN.
3114 2843 146 31 STREET,
3296 2843 152 28 OXFORD.

3015 2921 132 53 Xj*INE
3197 2920 218 40 T>RINTING

3020 2998 39 30 In
3072 2997 74 40 Any
3159 2994 130 40 Variety
3304 3005 36 20 or
3356 2993 99 39 Style*

2950 3045 313 47 MEMORIAL
3310 3041 185 45 CARDS

2978 3101 54 40 (m
3046 3109 71 21 new
3131 3097 64 31 and
3209 3097 108 31 chaste
3331 3094 142 41 designs)

3133 3142 45 40 5/-
3189 3153 59 30 per
3270 3142 70 30 doz.

3034 3200 179 31 Statement
3229 3198 119 35 Heads,

3034 3240 73 31 Ball
3121 3239 228 39 Programmes.

3036 3281 137 34 Posters,
3187 3278 181 37 Handbills,

3035 3320 172 36 Billheads,
3229 3319 144 40 Cheques
3536 3346 4 12 ,

3037 3362 108 31 Letter
3159 3360 62 31 and
3229 3360 83 31 Note
3323 3360 111 32 Heads

3037 3402 170 36 Circulars,
3229 3400 123 37 Menus,

3037 3443 197 40 Catalogues,
3249 3442 56 31 &c.
3317 3442 77 39 ,&c.,
3418 3441 58 32 &c.

2954 3502 89 40 New
3058 3501 123 50 Styles
3194 3500 40 39 m
3248 3500 168 51 Visiting
3428 3499 70 45 and

3071 3563 170 40 Business
3257 3563 119 40 Cards.

2957 3624 38 31 R.
3017 3623 44 31 H.
3082 3622 123 38 Parish,
3263 3622 192 42 Proprietor.

3040 3686 67 31 The
3125 3685 184 32 NEWEST
3336 3685 164 33 STYLES

2958 3738 33 31 m
3002 3737 136 32 TYPES
3154 3737 63 31 and
3228 3736 267 33 ORNAMENTS

3299 3775 22 8 .V'

2988 3890 47 46 S.
3075 3890 81 44 W.
3192 3890 280 49 TURPIN.

2959 3956 247 41 WATCHMAKER.
3239 3960 177 39 JEWELLER
3442 3961 58 33 40.

3037 4018 89 27 MAIN
3140 4018 138 28 STREET
3296 4021 142 28 OXPOED

3155 4069 63 19 near
3229 4063 85 27 Bank.

2419 207 426 45 EUCALYPTUS

2624 276 10 14 ♦

2418 304 60 20 THE
2493 303 72 21 BEST
2580 303 87 21 HOME
2683 301 141 23 EEMEDIE

2476 341 36 15 are
2526 335 37 21 the
2572 336 135 25 preparation
2718 334 24 22 of
2750 334 37 20 the

2362 372 170 20 TASMANIAN
2550 372 186 20 EUCALYPTUS
2751 371 47 20 OIL
2813 370 82 20 COMP.

2391 409 135 24 Universally
2536 407 104 21 admitted
2649 407 36 21 the
2694 407 79 24 BEST,
2785 406 114 21 PUREST

2363 445 43 20 and
2416 445 56 20 most
2483 445 93 20 effective
2587 444 134 25 Eucalyptus
2744 442 105 21 Globulus
2865 441 35 21 Oil

2363 477 33 19 for
2415 476 172 25 INFLUENZA,
2609 475 91 26 Coughs,
2721 475 63 21 Colds
2810 474 43 21 and
2870 474 30 20 all

2363 507 65 20 Chest
2445 507 43 20 and
2496 507 63 24 Lung
2576 507 112 20 affections
2703 505 77 27 speedy
2789 506 60 19 relief
2859 505 42 20 and

2364 538 55 20 Cure
2438 539 33 19 for
2486 538 157 24 Rheumatism,
2664 538 123 24 Neuralgia,
2802 537 99 26 Sprains-

2363 565 72 20 Burns
2455 565 34 20 &c.

2391 597 133 26 Eucalyptus
2542 597 104 21 Globulus
2664 598 93 20 Extract
2766 597 90 26 sprayed
2870 596 32 21 in-

2365 628 62 21 haled
2443 628 44 21 and
2500 629 66 20 taken
2576 628 117 26 internally
2710 629 33 20 for
2758 628 36 21 the
2812 628 88 25 Throat,

2365 664 97 25 Catarrh,
2480 664 59 25 Hay,
2563 664 99 25 Typhoid
2678 665 43 20 and
2735 665 82 20 Scarlet
2826 665 77 20 Fevers

2366 696 130 20 MEASLES
2507 696 37 21 the
2549 697 56 20 most
2615 696 136 25 satisfactory
2760 696 144 25 preventative

2366 727 43 20 and
2424 727 61 21 Cure.
2512 727 57 21 Send
2582 727 52 20 Post
2649 727 57 20 Card
2714 729 23 19 to
2747 727 37 21 the
2794 727 63 20 Office
2871 727 33 21 for

2366 757 96 22 Circular
2475 759 121 25 describing
2614 759 123 20 treatment.
2764 759 140 26 Eucalyptus,

2366 790 111 22 Ointment
2487 792 36 20 the
2533 792 70 24 Magic
2613 792 79 20 Healer
2706 792 22 20 of
2743 792 70 23 Sores,
2826 792 78 24 Burns,

2367 821 102 25 Wounds,
2485 823 60 19 Boils
2564 824 44 23 &c,
2632 823 134 25 Eucalyptus
2786 822 57 26 Soap
2857 822 43 20 Fra

2366 854 63 23 grant
2439 853 43 20 and
2490 854 125 26 refreshing,
2640 854 133 26 Eucalyptus
2782 854 90 26 Jujubes
2881 859 24 15 or

2366 883 102 21 Pastilles
2477 885 34 20 for
2520 885 37 20 the
2582 886 81 20 Throat
2673 886 44 20 and
2726 885 63 21 Voice
2806 891 29 15 an
2849 886 55 20 anti-

2368 915 67 25 septic
2445 915 42 21 and
2497 916 121 21 stimulant.

2368 947 125 27 Veterinary
2510 950 35 19 Oil
2555 950 43 20 and
2608 950 111 20 Ointment
2728 950 34 19 for
2772 950 37 20 the
2818 950 86 21 stables.

2395 981 30 19 Be
2434 987 49 14 sure
2493 988 42 19 you
2545 983 108 19 Purchase
2667 983 40 20 the
2717 983 104 25 Platypus
2837 983 69 20 brand

2368 1012 50 24 only
2428 1013 22 19 of
2458 1013 29 19 all
2496 1013 114 24 Chemists,
2615 1014 89 19 Grocers
2709 1013 43 20 and
2759 1014 147 26 Storekeepers

2368 1042 44 20 and
2425 1044 23 18 at
2462 1042 36 21 the
2509 1044 64 20 Office
2583 1045 12 20 9
2605 1044 114 20 Cathedral
2728 1049 77 20 square
2813 1044 94 21 between

2368 1073 101 21 Morten's
2483 1074 113 26 Buildings
2604 1077 42 19 and
2657 1076 37 20 the
2702 1076 52 20 Post
2764 1076 70 21 Office.

2533 1108 89 21 Oxford
2632 1108 79 27 Agent

2423 1142 27 22 R.
2460 1142 30 22 H.
2504 1144 119 26 PARISH,
2646 1145 77 21 EAST
2737 1146 119 21 OXFORD

2450 1181 141 27 Eucalyptus
2601 1182 38 20 Oil
2653 1183 30 26 1/-
2697 1189 40 20 per
2746 1183 78 22 bottle.

2392 1333 117 41 HELP
2525 1334 83 41 FOR
2624 1334 87 42 THE
2735 1335 148 43 WEAK.

2371 1440 180 26 VTERVOUS
2571 1441 70 26 AND
2660 1442 246 30 DEBILITATED,

2372 1467 32 31 li
2429 1474 64 27 who,
2506 1474 111 31 through
2627 1475 61 32 folly
2706 1476 50 24 and
2766 1477 140 30 ignorance,

2371 1505 65 25 have
2447 1505 81 25 trifled
2539 1514 69 24 away
2619 1508 62 23 their
2692 1508 87 31 vigour
2798 1508 27 24 of
2833 1508 73 32 body,

2372 1538 78 28 mind,
2463 1538 50 24 and
2525 1539 134 29 manhood,
2672 1541 101 31 causing
2790 1540 116 26 exhaust-

2371 1570 45 31 ing
2432 1570 84 25 drains
2528 1578 67 24 upon
2606 1572 44 25 the
2671 1573 128 25 fountains
2820 1574 26 25 of
2857 1573 49 31 life,

2373 1602 63 25 Loss
2444 1602 26 25 of
2479 1603 103 32 Energy
2590 1604 49 24 and
2648 1605 127 32 Strength,
2788 1606 120 32 Timidity

2372 1634 165 26 Bashfulness
2571 1636 28 24 m
2634 1636 106 32 Society,
2765 1637 141 31 Headache,

2373 1667 135 31 Backache,
2528 1668 179 30 Nervousness,
2729 1670 137 25 Weakness
2883 1670 28 25 of

2374 1700 120 32 Memory,
2505 1700 112 26 Restless
2627 1701 82 33 Sleep,
2719 1702 116 30 Dreams,
2844 1703 65 26 Loss

2373 1733 76 25 Flesh
2461 1733 51 25 and
2523 1733 69 26 Vital
2611 1734 93 29 Power,
2726 1735 138 32 Eruptions
2875 1744 34 17 on

2373 1766 44 24 the
2425 1766 64 25 Face
2500 1766 51 25 and
2561 1766 79 33 Body,
2653 1767 77 26 Want
2752 1768 28 25 of
2789 1768 120 33 Develop-

2373 1801 79 27 ment,
2472 1799 117 26 Varicose
2604 1800 84 29 Veins,
2711 1800 143 33 Incapacity
2871 1801 39 26 for

2373 1831 113 27 business
2497 1840 29 18 or
2535 1833 121 32 pleasure,
2669 1832 106 34 Urinary
2783 1834 124 30 Diseases,

2375 1865 50 24 and
2443 1865 35 24 all
2500 1865 44 25 the
2566 1866 84 25 effects
2672 1866 101 33 leading
2793 1870 27 23 to
2841 1867 68 33 early

2375 1898 85 31 decay,
2483 1898 106 32 perhaps
2610 1899 183 32 Consumption
2816 1908 29 18 or
2866 1900 43 25 In-

2375 1931 91 30 sanity,
2479 1938 47 17 can
2549 1931 30 25 be
2591 1932 115 25 obtained
2716 1933 33 31 by
2768 1933 143 33 consulting

2375 1963 139 33 personally
2532 1972 28 18 or
2566 1964 33 33 by
2610 1967 64 30 post,
2709 1966 93 26 FREE
2812 1966 98 26 PROP.

2376 1996 178 31 NOTMANN,
2584 1998 202 31 M.E.,E.M.G.,
2838 1999 72 26 Cam-

2376 2029 85 31 bridge
2473 2029 111 31 Terrace,
2607 2031 112 31 opposite
2741 2031 118 26 Colombo
2872 2032 39 26 St.

2377 2062 100 31 Bridge,
2505 2062 190 26 Christchurch-
2756 2064 54 25 The
2852 2064 60 31 only

2376 2093 228 26 Electrobotanical
2631 2095 97 32 Expert
2761 2096 152 32 advertising

2376 2125 55 24 who
2442 2126 52 24 will
2505 2128 136 29 guarantee
2658 2135 16 17 a
2690 2128 126 32 thorough
2845 2135 67 18 cure.

2378 2157 58 26 Sole
2450 2159 137 30 proprietor
2614 2159 52 24 and
2680 2161 117 29 patentee
2824 2160 28 25 of
2869 2160 45 25 the

2377 2189 59 32 only
2458 2191 150 30 guaranteed
2630 2191 110 25 Electric
2762 2192 72 25 Belts
2864 2192 50 24 and

2378 2222 72 25 other
2460 2222 91 32 special
2573 2223 126 26 electrical
2721 2223 143 33 appliances
2885 2225 29 24 m

2377 2254 43 26 the
2428 2255 116 26 colonies.
2578 2255 100 27 Ladies'
2690 2256 97 27 French
2798 2256 116 27 herbace-

2379 2295 44 17 ous
2432 2288 60 31 pills
2510 2288 41 25 for
2576 2289 179 32 irregularities
2775 2290 68 25 from
2865 2297 51 26 any

2379 2328 81 22 cause,
2486 2321 43 24 10s
2551 2322 95 29 posted.
2680 2320 146 34 Pamphlets
2853 2323 62 24 free.

2380 2352 205 26 Testimonial:—
2585 2354 100 31 Napier,
2694 2354 98 33 August
2799 2355 46 27 7th
2851 2356 63 24 1895

2380 2385 65 25 Prof.
2456 2385 133 26 Notmann.
2589 2401 34 4 —
2623 2387 68 25 Dear
2700 2387 49 31 Sir,
2751 2402 33 4 —
2784 2388 15 25 I
2807 2389 109 24 received

2379 2425 60 25 your
2445 2418 74 25 letter
2527 2419 50 25 last
2588 2419 76 29 week,
2683 2420 50 25 and
2743 2420 15 26 I
2774 2428 42 18 am
2824 2420 91 26 thank-

2380 2450 37 25 ful
2439 2453 26 22 to
2487 2451 55 25 find
2563 2459 50 24 you
2624 2460 42 17 are
2677 2453 105 24 anxious
2798 2455 28 23 to
2845 2453 71 24 know

2380 2483 44 25 the
2434 2482 108 26 benefits
2558 2484 14 23 I
2582 2484 65 25 have
2658 2484 100 28 derived
2776 2485 62 25 from
2855 2493 61 24 your

2380 2516 143 25 treatment,
2558 2516 50 31 bir,
2634 2515 22 28 it
2683 2517 68 33 gives
2778 2524 41 20 me
2847 2519 69 32 great

2379 2547 115 33 pleasure
2505 2550 27 25 to
2542 2549 93 26 inform
2645 2558 50 24 you
2702 2550 57 27 that
2768 2559 16 18 a
2794 2552 122 32 complete

2380 2581 51 24 and
2441 2581 93 32 perfect
2545 2589 59 18 cure
2613 2581 49 27 has
2679 2583 64 27 been
2765 2584 103 26 effected
2878 2585 38 25 ■of

2380 2613 44 26 the
2434 2614 118 25 maladies
2563 2615 15 25 I
2595 2616 166 32 complained'
2772 2617 29 26 of
2809 2618 27 25 to
2857 2625 59 25 you.

2380 2645 15 26 I
2405 2654 43 18 am
2459 2647 115 33 enjoying
2584 2648 64 32 good
2664 2649 94 30 health,
2770 2651 50 24 and
2830 2657 43 19 am
2880 2658 37 18 re-

2381 2679 83 26 stored
2483 2681 26 24 to
2528 2681 88 32 manly
2636 2681 97 33 vigour.
2767 2683 94 25 P.S.—
2861 2683 57 32 Any

2381 2711 104 27 sufferer
2491 2712 112 28 desirous
2609 2714 29 25 of
2641 2715 211 32 communicating
2856 2716 62 25 with

2380 2754 42 18 me
2429 2754 50 25 you
2491 2754 42 18 are
2544 2748 28 25 at
2587 2747 90 33 liberty
2699 2749 27 24 to
2745 2748 56 32 give
2820 2755 44 25 my
2874 2747 43 26 ad-

2381 2780 77 30 dress,
2470 2779 38 27 for
2518 2780 14 25 I
2548 2780 49 26 like
2607 2788 62 24 your
2684 2782 120 31 practical
2814 2780 104 28 method

2382 2812 26 26 of
2418 2813 144 26 treatment.
2563 2827 33 5 —
2596 2813 31 26 T.
2640 2813 30 27 C.
2683 2815 118 26 Simpson.

2462 2948 366 46 IMPORTANT

2384 3056 84 31 ALL
2497 3055 122 33 WOOL
2642 3054 171 32 ROSLYN
2834 3053 88 32 AND

2419 3127 299 33 WELLINGTON
2739 3127 154 31 TWEED

2532 3194 257 41 SUITS

2427 3263 68 40 35/-
2512 3262 88 32 Suits
2613 3261 148 32 Reduced
2769 3264 35 27 to
2826 3260 69 40 25/-

2427 3323 69 42 --4-
2537 3346 22 17 „
2645 3345 19 15 „
2749 3344 20 15 „
2835 3319 69 41 35/-

2427 3372 150 32 Trousers
2591 3371 62 31 and
2667 3368 75 33 Vest
2807 3366 76 42 13/6

2622 3429 53 23 AT

2414 3483 198 33 PARISH'S
2638 3483 90 30 East
2750 3481 146 32 Oxford.

2390 3619 176 33 OXFORD
2609 3616 189 33 LIBRARY
2839 3615 89 33 AND

2482 3669 199 32 READING
2701 3668 133 32 ROOM.

2389 3777 54 26 The
2472 3777 94 26 Oxford
2592 3776 107 32 Library
2725 3775 24 26 is
2774 3781 65 26 open
2859 3781 72 25 every

2389 3820 115 32 Tuesday
2514 3819 52 26 and
2587 3819 123 31 Saturday
2739 3817 97 33 nights,
2864 3816 67 26 from

2390 3864 60 24 680
2461 3869 71 25 p.m.,
2552 3863 27 24 to
2599 3863 16 23 8
2625 3868 73 24 p.m.,
2721 3860 52 25 and
2802 3867 35 18 on
2859 3867 72 24 every

2389 3904 122 26 alternate
2521 3903 134 32 Thursday
2678 3902 140 29 afternoon,
2849 3901 82 33 (Sale-

2389 3947 71 32 days)
2483 3946 66 26 from
2561 3947 61 23 230
2632 3953 67 24 p.m..
2714 3946 28 24 to
2753 3946 15 23 5
2780 3952 60 24 p.m.
2878 3944 53 25 The

2580 3995 26 21 L.
2624 3994 127 30 REEVES,

2672 4031 69 26 Hon.
2753 4031 143 26 Librarian;

2441 4075 177 24 SCBSOKIPTION
2630 4074 38 32 2/-
2680 4082 51 15 PER
2749 4074 130 30 QUARTER.

2452 4182 214 42 HOLLAND
2701 4182 158 44 FINISH

2570 4238 157 44 CALICO

2501 4301 66 32 3d.
2601 4311 74 29 per
2695 4304 117 38 yard.

2646 4377 35 29 at

2500 4424 40 31 R.
2557 4424 42 33 H.
2622 4424 199 36 PARISH'S

1295 281 401 48 BAHLOf
1739 281 166 40 AKTD
1951 271 276 48 PRICE

1480 333 192 42 Coventry
1710 331 113 43 Cycle
1869 329 132 35 Works

1236 371 24 22 *
1345 387 37 28 88
1406 383 199 32 COLOMBO
1630 382 174 35 STREET,
1848 375 344 36 CHRISTCHURCH.

1179 442 56 30 We
1249 442 119 39 having
1383 442 94 29 taken
1492 450 74 20 over
1645 439 72 30 well
1731 439 115 31 known
1855 438 113 35 works,
1984 435 181 37 machinery
2174 430 62 32 and
2244 429 91 31 stock

1178 484 33 28 m
1224 484 90 28 trade
1328 483 78 29 wish
1420 486 33 25 to
1467 482 113 28 inform
1594 481 55 29 the
1670 481 105 38 public
1789 481 71 28 that
1872 490 47 19 we
1935 489 52 19 are
2001 474 152 42 prepared
2166 476 33 27 to
2220 471 113 30 under-

1178 523 73 30 take
1266 522 103 30 orders
1383 522 49 30 for
1445 531 69 20 new
1528 521 158 30 machines
1693 519 212 31 'anoTexecute
1923 519 120 39 repairs
2065 519 33 26 at
2120 515 53 29 the
2198 514 137 28 shortest

1310 563 103 29 notice
1427 562 49 30 for
1497 562 42 30 all
1554 562 92 29 kinds
1660 561 36 30 of
1705 561 214 38 Engineering
1933 560 63 29 and
2008 557 94 40 Cycle
2113 554 96 31 work.

1343 616 127 21 SPECIAL
1483 615 177 22 ATTENTION
1676 604 94 42 GI^JilN
1785 614 37 20 TO
1837 613 141 21 COUNTRY
1993 610 123 22 ORDERS.

1181 655 119 39 Racing
1314 654 160 30 Machines
1498 653 61 30 and
1580 639 100 52 liight
1702 651 167 30 Roadsters
1885 661 19 19 a
1918 650 156 43 specialty.
2118 646 48 30 No
2181 643 155 40 imported

1180 696 156 29 machines
1350 695 75 38 kept
1439 695 33 29 m
1488 690 108 34 stockr
1603 693 49 29 all
1659 692 88 30 work
1761 692 79 29 done
1855 701 40 20 on
1909 691 54 28 the
1985 689 157 40 premises.
2195 686 30 28 A
2249 685 88 37 large

1210 736 90 29 stock
1314 735 35 30 of
1359 736 129 37 Lamps,.
1496 733 94 35 Bells,
1606 733 63 30 and
1685 732 128 31 Saddles
1827 742 40 19 on
1881 731 84 30 hand
1980 733 32 26 at
2025 729 114 30 reduce
2151 726 130 39 dprices.

1312 831 119 86 R.
1497 831 132 84 H.
1688 823 515 92 PARISH

1459 963 198 59 EAST
1703 963 328 59 OXFORD

1414 1090 48 30 IS
1492 1088 123 32 NOW
1644 1089 59 32 IN
1733 1089 228 32 RECEIPT
1992 1088 65 32 OF

1348 1149 4 3 •
1402 1143 34 21 Ex
1446 1144 168 22 RIMTJTAKA
1623 1145 65 22 AND
1698 1145 102 21 OTHER
1810 1146 113 22 DIRECT
1933 1147 165 24 STEAMERS,

1359 1189 277 47 SUMMER
1716 1192 247 54 SEASON,
2037 1193 129 46 1895.

1191 1288 522 90 PRINTS!
1759 1269 576 111 PRIJSTTST!

1262 1436 581 113 Ginghams,
1937 1442 339 100 Drills,

1190 1588 294 85 Dress
1550 1591 395 86 Tweeds
1985 1597 112 82 4s
2163 1594 179 85 lid

1440 1711 63 21 THE
1516 1712 79 22 FULL
1604 1712 95 22 DRESS
1713 1714 89 21 WITH
1813 1714 112 24 LINING
1939 1716 59 22 FOR
2011 1718 88 22 BODY.

1415 1801 78 32 has
1507 1803 191 33 received
1716 1812 25 24 a
1756 1806 294 40 consignment
2065 1808 45 31 of

1190 1848 301 61 Messrs
1548 1853 418 63 Johnsons
2018 1859 68 57 &
2145 1860 202 58 Sons

1365 1931 269 63 GREAT
1694 1935 451 64 YARMOUTH

1255 2016 229 86 OIL
1563 2017 696 102 CLOTHING

1371 2177 338 49 ENORMOUS
1770 2184 390 52 REDUCTIONS

1197 2276 435 92 MAIDS
1759 2281 592 102 ULSTERS

1312 2411 457 89 Reduced
1810 2421 104 81 to
1957 2421 114 86 2s
2114 2424 165 89 6d.

1555 2572 40 31 36
1616 2575 34 29 to
1670 2574 41 30 45
1723 2573 105 34 inches
1848 2577 91 42 deep.-

1443 2648 362 23 >♦♦♦♦♦♦♦♦♦♦♦♦♦♦♦♦♦♦♦♦♦♦♦♦♦
1810 2654 23 17 M
1837 2655 24 17 M
1866 2655 24 17 «t
1895 2655 9 17 ♦
1909 2655 23 17 M
2004 2657 14 14 «

1190 2709 83 40 npHE
1290 2708 117 33 question
1417 2708 23 25 is
1610 2708 67 33 Why
1687 2709 62 26 send
1763 2711 27 24 to
1802 2710 178 28 Christchurch
1999 2713 40 26 for
2055 2721 63 26 your
2135 2714 111 35 Drapery
2253 2717 14 25 ?
2300 2717 53 27 The

1196 2736 23 31 1
1255 2741 104 32 drapery
1370 2740 55 26 sold
1432 2741 28 24 m
1468 2740 57 26 that
1536 2741 51 31 city
1598 2748 74 25 every
1681 2749 48 18 one
1740 2742 95 31 knows,
1847 2744 23 25 is
1881 2746 45 24 not
1937 2746 73 26 made
2020 2747 78 29 there,
2117 2747 46 27 but
2173 2748 131 33 imported.
2338 2751 16 26 I

1192 2775 95 32 import
1296 2774 67 26 from
1373 2773 45 27 the
1429 2773 54 26 best
1494 2772 109 34 English
1613 2774 51 26 and
1681 2774 89 27 Scotch
1780 2775 102 28 houses.
1927 2777 72 28 lam
2011 2780 106 27 enabled
2126 2782 28 26 to
2164 2783 123 31 purchase
2304 2784 49 28 low

1192 2808 52 25 and
1252 2807 47 26 sell
1310 2808 27 25 at
1345 2814 16 18 a
1371 2808 55 24 rate
1437 2806 28 25 of
1472 2806 76 32 profit
1559 2807 56 33 (my
1625 2814 120 25 expences
1756 2808 73 33 being
1839 2810 84 37 small)
1935 2811 57 26 that
2003 2813 83 26 would
2097 2814 31 27 be
2145 2816 147 27 considered
2310 2818 43 26 ab-

1193 2840 60 26 surd
1263 2840 33 32 by
1310 2847 50 25 any
1379 2838 181 27 Christchurch
1582 2839 201 28 establishment.
1835 2842 45 33 My
1900 2842 78 27 Stock
1996 2845 22 26 is
2037 2845 44 27 the
2100 2847 96 33 largest
2213 2850 51 26 and
2285 2853 69 25 most
2360 2840 3 17 1

1192 2873 96 27 tvaried
1297 2873 58 26 that
1364 2872 46 25 has
1421 2879 58 18 ever
1488 2872 64 25 been
1562 2872 89 25 shown
1660 2873 29 26 m
1698 2873 45 26 the
1753 2874 105 32 district,
1871 2876 51 25 and
1931 2876 40 26 for
1980 2878 94 33 quality
2093 2881 51 25 and
2161 2882 73 26 value
2251 2885 60 29 puts
2326 2885 28 28 m

1192 2908 32 25 he
1235 2906 79 27 shade
1330 2905 78 34 goods
1418 2905 93 25 offered
1521 2904 35 33 by
1566 2906 104 33 visiting
1681 2906 118 28 hawkere
1810 2909 64 25 from
1884 2909 46 26 the
1946 2910 184 30 Christchurch
2140 2921 47 27 rag
2198 2918 88 26 marts.

1226 2959 95 26 Dress
1332 2958 166 32 Materials,
1510 2958 89 26 Plain
1610 2960 60 24 and
1681 2959 104 33 Fancy
1796 2961 80 26 from
1888 2963 51 26 3d.
1952 2970 56 26 per
2015 2967 86 30 yard.

1226 3017 29 27 A
1270 3017 112 30 Strong
1397 3017 89 26 Stout
1501 3017 133 26 Durable
1651 3017 127 33 Kaiapoi
1794 3019 115 28 Tweed
1924 3022 53 32 2/6
1988 3029 56 25 per
2054 3025 76 30 yard

1825 3063 110 28 Makes
1945 3066 157 28 first-class
2118 3068 92 33 Boys'
2229 3070 91 28 Suits.

1227 3111 59 27 Art
1300 3111 141 31 Muslins,
1459 3109 158 34 Gretones,
1636 3111 80 26 Lace
1733 3111 141 27 Curtains
1891 3113 55 26 &c.

1227 3181 27 31 A
1270 3178 112 29 Choice
1398 3179 169 27 Collection
1584 3180 34 25 of
1631 3179 122 33 Gloves,
1778 3180 80 32 Ties,
1886 3179 132 35 Aprons,
2047 3181 168 29 Insertions
2232 3186 54 26 &c.

1228 3230 122 33 Striped
1366 3229 125 27 Galatea
1507 3228 56 35 4/6
1573 3234 56 28 per
1639 3229 107 33 dozen,
1776 3230 103 26 worth
1890 3230 50 31 9d,
1957 3237 56 26 per
2029 3233 85 31 yard.

1229 3292 104 28 Prints
1343 3292 80 26 from
1435 3291 53 25 4d.
1500 3296 56 27 per
1566 3290 85 32 yard.
1663 3290 141 33 Muslins,
1816 3290 140 33 Selesias,
1968 3291 128 34 Calicos,
2109 3294 56 28 &c«

1815 3334 89 26 With
1919 3335 89 26 other
2025 3336 194 29 Manchester
2234 3340 89 32 lines.

1229 3390 90 31 Hats,
1336 3388 105 32 Fancy
1457 3388 61 25 and
1534 3386 107 32 Sailor,
1659 3387 32 24 m
1706 3385 106 27 White
1829 3387 61 25 and
1906 3386 118 28 Colors.

1774 3428 128 27 Newest
1917 3429 125 34 Shapes.
2076 3431 99 34 Large
2191 3435 132 35 Variety,

1229 3485 151 31 Flowers,
1397 3484 156 30 Feathers,
1570 3482 150 31 Ribbons,
1738 3480 106 32 Laces,
1862 3480 76 33 Jets,
1957 3481 56 27 &c.

1703 3520 89 26 With
1808 3521 42 25 all
1865 3522 186 25 necessaries
2068 3522 48 26 for
2131 3523 194 34 Trimmings.

1230 3574 105 31 Fancy
1350 3573 141 29 Frillings
1509 3571 78 32 3yds
1598 3570 48 26 for
1655 3569 37 34 1/-
1708 3569 104 26 worth
1822 3568 51 32 9d,
1890 3573 56 27 per
1956 3570 85 30 yard,

1769 3611 184 33 Umbrellas,
1970 3612 153 33 Parasols,
2140 3613 185 36 Sunshades,

1349 3699 334 47 SPECIAL
1768 3698 425 43 PURCHASE

1201 3774 112 35 BOYS
1344 3772 90 32 AND
1463 3767 174 34 YOUTHS
1676 3765 217 33 COLONIAL
1925 3765 156 32 TWEED
2107 3768 253 38 OVERCOATS

1686 3826 78 31 with
1785 3825 98 41 Capes

1479 3889 94 29 From
1595 3887 67 29 17s.
1705 3884 52 30 6d.
1801 3884 103 30 worth
1945 3885 68 30 255.
2059 3885 50 31 6d.

1355 3951 197 35 IVCen's
1595 3948 227 32 Tweed
1865 3948 350 38 Overcoats

1677 3999 96 31 From
1796 4000 66 30 15s.

1199 4168 134 41 English
1347 4171 129 40 Witney
1484 4169 151 31 Blankets
1649 4171 34 26 to
1698 4167 37 31 be
1750 4166 69 32 sold
1833 4170 33 27 at
1876 4167 59 30 less
1943 4167 79 30 than
2035 4167 182 33 Melbourne
2230 4169 131 32 Whole-

1200 4220 63 31 sale
1284 4223 84 40 price
1368 4238 43 7 —
1411 4222 122 34 Double
1547 4219 70 33 Bed
1633 4218 69 33 Size
1724 4219 65 30 12s.
1815 4218 49 31 6d.
1914 4218 103 32 worth
2032 4219 66 32 16s.
2137 4220 50 31 6d.
2208 4230 56 31 per
2278 4221 77 40 pair.

1367 4291 132 41 cheaper
1511 4289 79 30 than
1605 4282 227 35 Christchurch
1844 4283 114 33 houses
1971 4285 67 32 will
2051 4286 59 31 sell
2124 4287 94 32 them.

1241 4406 74 33 R.
1341 4404 79 34 H.
1458 4401 315 42 PARISH,
1832 4400 156 35 East
2036 4402 261 37 Oxford.

614 506 251 45 JOSEPH
903 504 246 45 TjOUGH.

759 576 245 30 UNDERTAKER.
1045 572 83 27 *^*«#
1140 580 21 10 *'

728 625 108 29 EAST
861 623 185 32 OXFORD.

648 674 103 31 Having
759 674 52 31 jujt
819 668 124 38 infpofted
952 672 63 24 from
1022 671 140 41 England.^

614 724 55 17 new
693 716 115 31 Designs,
844 721 54 21 n^yw
1102 713 49 24 and

615 759 88 29 Robes,
715 759 24 23 is
746 749 155 40 pt^pa'red'Vo
912 757 106 24 conduct
1027 753 123 27 Funerals

616 797 95 29 Adults,
731 798 26 22 at
770 796 45 24 £5.
830 796 49 23 and
891 794 124 33 upwards,
1039 792 113 32 polished

615 840 80 27 coffin,
720 839 48 23 and
800 836 194 26 silvermounted
1016 836 136 23 Furniture

616 883 76 23 From
705 881 45 24 £8.
770 880 131 30 according
913 881 25 22 to
961 878 116 31 Designs.
1112 877 40 24 No

616 926 69 23 extra
696 923 88 31 charge
796 923 38 24 for
847 923 95 23 Hearse
966 928 27 17 or
1013 927 64 24 open
1093 919 57 25 Car-

615 966 74 30 riage.

610 1027 1 9 ,
649 1008 30 23 N.
696 1006 43 26 .B.
770 1006 93 24 Coffins
886 1005 58 30 kept
966 1005 27 23 m
1023 1003 70 25 stock
1114 1003 38 24 for

618 1050 86 31 urgent
724 1055 77 17 cases.

721 1242 213 29 Established
959 1239 80 29 1862

667 1307 123 28 FLOUE,
802 1306 56 24 best
869 1304 81 26 brand
961 1304 59 31 only
1031 1303 68 30 kept.

619 1349 143 28 SHARPS,
798 1347 53 26 OA
860 1348 19 23 T
889 1347 27 24 M
925 1346 79 28 EAL,
1021 1344 129 29 .BRAN

708 1389 293 29 CHICKENWHEAT,
1020 1389 42 24 &c.

644 1436 41 19 AT
713 1433 122 22 LOWEST
864 1431 142 22 CURRENT
1033 1429 105 24 RATES,

708 1541 54 44 F.
794 1540 50 44 B.
866 1536 190 56 LANE.

726 1613 91 40 (Late
832 1612 38 30 E.
891 1610 161 39 Butcher.)

621 1671 252 34 Watchmaker,
903 1669 185 34 Jeweller,
1104 1665 53 33 &c.

620 1723 125 31 Importer
778 1721 28 24 of
845 1718 108 26 Musical
987 1717 172 25 Instruments

721 1758 111 26 Victoria
853 1757 39 26 St.
922 1756 136 31 Rangiora.

623 1837 100 32 Special
734 1836 71 25 value
827 1834 28 25 m
878 1833 81 25 Extra
982 1833 87 30 strong
1080 1829 80 26 Cased

622 1881 88 31 highly
719 1878 109 26 finished
841 1876 109 32 English
968 1876 81 24 Lever
1056 1872 105 27 Watch-

623 1932 35 16 es.
704 1919 192 28 Manufactured
913 1920 27 24 to
961 1925 44 24 my
1033 1916 72 26 order
1126 1915 35 32 by

623 1963 56 25 best
689 1961 106 26 London
813 1958 108 26 makers.
955 1954 159 35 Unequalled
1122 1954 39 25 for

624 2005 123 26 excellent
759 2001 179 32 Timekeeping
953 1999 51 26 and
1015 1998 144 32 durability.

656 2048 30 25 F.
704 2046 32 26 B.
748 2045 96 26 LANE
856 2043 141 33 personally
1018 2041 73 26 visits
1111 2040 49 26 Ox-

623 2090 55 26 ford
697 2088 126 31 monthly,
846 2086 116 32 carrying
981 2093 16 16 a
1018 2084 70 31 large
1110 2082 51 26 and

623 2132 85 25 choice
743 2130 70 25 stock
841 2129 28 25 of
900 2127 128 28 Watches,
1056 2126 104 28 Chains,

624 2173 133 28 Brooches,
768 2172 88 31 Rings,
867 2170 86 28 Studs,
971 2168 129 26 Pendants
1112 2169 47 27 etc,

626 2216 142 33 Spectacles
788 2213 125 34 (Pebbles,
929 2212 169 31 Pantoscopsc
1110 2209 51 25 and

626 2259 108 33 Crystal)
747 2257 97 29 Clocks,
863 2255 108 34 (Marble
990 2253 52 26 and
1058 2252 103 33 Wood,)

726 2300 156 26 Accordeons
894 2298 51 25 and

660 2346 81 24 Exact
752 2344 57 24 date
821 2342 28 26 of
858 2341 63 26 each
931 2340 61 27 visit
1013 2339 24 25 is
1048 2337 107 27 notified

774 2387 29 25 m
858 2385 130 25 Observer.

627 2432 114 27 Repaibs..
743 2444 32 4 —
777 2429 41 26 All
828 2428 95 32 repairs
940 2434 43 18 are
999 2424 120 27 executed
1129 2424 33 32 by

625 2473 92 33 myself
737 2480 29 18 or
781 2471 80 26 under
877 2478 44 24 my
940 2467 222 33 superintendence

626 2525 27 19 so
675 2517 56 26 that
750 2516 103 33 patrons
864 2520 48 21 can
934 2513 53 33 rely
1008 2518 34 19 on
1064 2509 99 35 getting

627 2561 154 27 satisfaction
789 2561 27 25 at
827 2560 44 26 the
882 2566 60 25 very
952 2556 87 28 lowest
1048 2554 113 35 charges.

659 2605 105 33 Repairs
774 2611 28 18 or
811 2603 85 26 orders
904 2609 59 25 may
973 2601 31 25 be
1012 2600 46 27 left
1068 2601 27 25 at
1095 2614 34 5 —

626 2654 27 25 J.
670 2652 134 29 Weeber's,
839 2650 65 26 East
927 2648 101 27 Oxford,

626 2699 27 24 at
675 2697 41 25 W.
739 2696 37 25 M.
799 2695 39 28 C,
860 2694 66 25 East
950 2692 103 26 Oxford.

626 2739 25 26 J.
668 2739 100 29 Brown,
780 2736 161 30 Bootmaker,
965 2734 72 26 West
1060 2732 102 26 Oxford.

626 2782 41 26 W.
679 2782 25 26 J.
718 2780 118 27 Crothers
846 2780 19 25 &
877 2779 45 26 Co.
930 2796 7 7 .
958 2777 72 26 Oust.

659 2825 51 25 and
725 2824 53 25 will
783 2823 32 25 be
825 2820 128 35 promptly
964 2818 120 27 attended
1093 2820 36 24 to.

628 2869 55 30 All
693 2868 101 31 Work
804 2866 78 31 done
894 2875 41 21 on
947 2864 55 30 the
1013 2862 152 32 Premises

751 2918 62 30 and
828 2914 200 43 guaranteed.

630 3019 91 39 MR
741 3016 66 41 W.
832 3016 51 39 N.
907 3011 258 46 CATHRO,

670 3087 182 26 BARRISTER
867 3085 68 23 AND
950 3083 176 24 SOLICITOR.

780 3127 234 36 RAsraioßA.

627 3184 133 32 Attends
774 3182 124 32 Oxford
912 3191 41 21 on
962 3179 100 32 Court
1068 3177 98 40 Days.

627 3257 168 26 Instructions
803 3256 34 31 by
847 3256 58 31 post
915 3252 53 27 will
978 3251 94 26 receive
1082 3257 84 25 prom-

792 3295 30 30 pt
849 3291 134 26 attention.

750 3341 108 22 MONEY
885 3339 39 22 TO
952 3337 90 23 LEND.

679 3426 46 54 S.
757 3424 52 46 B.
830 3418 309 56 SEYMOUR,

829 3488 140 27 DENTIST,

671 3532 41 23 216
726 3531 107 23 Colombo
848 3530 83 25 Street,
953 3526 171 25 Christcliurch.

801 3602 181 22 CHARGES:—

700 3645 94 26 Filling,
809 3643 24 21 se
840 3651 8 17 ;
883 3641 135 22 Extraction
1027 3641 25 21 2s
1066 3638 37 23 6d.

658 3710 97 22 Nitrons
764 3706 61 23 Ozid
834 3706 47 22 Gas
889 3703 173 24 Administered
1066 3703 39 22 for
1110 3702 62 22 Fain

631 3753 46 21 less
687 3748 134 24 Extraction
831 3747 24 22 of
863 3746 82 22 Teeth.
978 3745 47 22 Fee
1034 3744 37 22 for
1079 3743 94 22 Admin-

632 3789 111 23 istration
753 3787 32 21 ss.

689 3864 110 26 CHILD
810 3861 110 26 BIRTH
933 3859 96 30 SAFE,
1041 3858 75 26 AND

740 3904 139 26 ALMOST
888 3900 174 27 PAINLESS

634 3948 92 68 BY
771 3947 75 31 using
881 3945 50 25 DR
975 3941 198 28 FAWCETT'S

736 3979 132 25 Medicine.

665 4022 73 27 MRS
761 4019 167 27 BURRELL
949 4018 61 31 begs
1032 4018 28 24 to
1081 4016 92 26 inform

632 4063 43 24 the
687 4060 92 25 Ladies
790 4059 58 25 that
857 4058 45 24 she
910 4057 47 24 has
966 4056 64 24 been
1039 4053 132 32 appointed

632 4101 57 25 Sole
709 4099 75 32 agent
805 4098 29 24 m
857 4093 180 28 Christchurch
1063 4092 39 25 for
1128 4092 45 25 the

631 4139 77 25 above
719 4135 127 26 Medicine
857 4135 27 24 to
898 4131 122 26 facilitate
1030 4129 141 26 Accouche-

631 4179 88 23 raents.
754 4175 91 25 Ladies
856 4180 49 18 can
926 4172 32 25 be
978 4169 115 33 supplied
1112 4169 61 24 with

631 4217 42 23 the
695 4215 77 25 above
794 4212 33 32 by
851 4210 108 32 sending
980 4216 29 17 or
1030 4207 94 31 calling
1145 4207 28 24 at

630 4256 42 24 Mr
693 4252 123 27 Burrell's
838 4249 185 33 Photographic
1044 4247 72 32 place
1147 4246 28 25 of

629 4294 125 26 business,
766 4291 107 26 Gould's
895 4289 142 31 Buildings,
1059 4285 113 28 Victoria

631 4332 90 28 Street,
734 4328 184 30 Christchurch,
936 4327 84 25 where
1039 4324 35 26 all
1093 4324 78 24 infor-

629 4371 97 26 mation
754 4376 47 18 can
828 4368 32 25 be
888 4365 118 27 obtained
1033 4364 58 29 free,
1121 4362 51 26 and

628 4408 119 33 perfectly
789 4406 158 30 satisfactory
978 4402 51 26 and
1063 4400 108 35 genuine

630 4444 167 28 testimonials
808 4450 48 19 can
867 4442 31 26 be
909 4449 68 18 seen.
