2540 4039
606 516 219 37 PUBLISHED
870 517 134 36 EVERY
1048 517 255 37 WEDNESDAY
1347 517 88 36 AND
1480 518 228 39 SATURDAY
1754 521 204 37 MORNING.

584 630 128 31 PORT
736 630 285 39 NICHOLSON,
1046 630 259 34 SATURDAY
1326 630 240 40 MORNING,
1590 636 221 32 OCTOBER
1834 642 52 33 22,
1912 643 87 29 1842.

104 638 61 30 No.
183 635 82 38 187.]

2274 647 98 38 [Vol.
2394 647 67 32 111.

1259 71 98 32 THE

91 127 450 129 NEW
642 129 872 130 ZEALAND
1623 132 856 134 GAZETTE

1255 289 99 30 AND

85 319 1143 154 WELLINGTON
1342 319 1142 154 SPECTATOR.

1294 720 183 47 WILLIAM
1493 720 106 23 ALLEN
1619 723 142 28 respectfu.ly
1785 724 94 22 informs

1390 746 37 22 the
1436 747 137 22 inhabitants
1582 748 26 21 of
1619 748 53 22 Port
1682 750 129 26 Nichoison,
1832 751 49 21 that

1295 771 26 22 he
1341 772 39 21 has
1399 773 90 22 entered
1507 774 49 21 into
1576 781 165 21 arrangements
1762 777 53 21 with
1834 778 44 21 Mr.

1295 797 67 28 Watt,
1374 799 33 21 for
1417 807 13 14 a
1439 800 88 26 regular
1537 802 79 26 supply
1623 803 25 20 of
1654 802 56 27 beef,
1723 807 94 23 mutton,
1829 804 48 26 &c,

1294 824 71 22 which
1374 826 45 21 will
1428 826 78 22 enable
1515 826 47 22 him
1573 832 22 17 to
1605 828 41 21 sell
1655 832 24 17 at
1695 830 97 21 reduced
1808 831 71 25 prices

1294 851 33 22 for
1336 852 68 27 ready
1414 860 84 20 money
1507 853 61 27 only.

1321 879 34 20 W.
1374 879 26 20 A.
1410 879 55 27 begs
1475 880 48 21 that
1532 879 28 22 all
1570 880 142 27 outstanding
1722 885 106 18 accounts
1837 882 42 23 due

1294 907 21 18 to
1324 905 47 21 him
1381 913 51 19 may
1443 906 27 21 be
1480 905 80 22 settled
1569 906 120 27 forthwith,
1701 915 24 14 as
1736 908 33 22 his
1780 908 100 23 business

1294 931 42 21 will
1347 932 22 20 in
1380 932 73 21 future
1464 933 26 20 be
1501 932 126 22 conducted
1636 934 73 21 under
1719 935 93 21 another
1822 935 57 22 firm.

1321 963 97 21 October
1428 965 33 25 14,
1474 965 61 20 1842.

1293 1014 197 47 ALYALL
1512 1019 57 18 most
1580 1016 143 27 respectfully
1734 1018 55 26 begs
1809 1018 67 22 leave

1347 1051 9 10 •
1388 1045 22 16 to
1423 1048 117 15 announce
1551 1046 22 17 to
1594 1043 36 21 the
1651 1043 79 27 public,
1743 1044 48 21 that
1799 1044 30 22 he
1839 1046 39 20 has

1292 1067 90 21 entered
1401 1067 46 22 into
1467 1074 169 21 arrangements
1660 1074 22 17 to
1703 1071 95 25 receive,
1818 1072 59 21 from

1293 1093 148 28 Berhampore
1452 1095 74 26 Farm,
1538 1103 13 14 a
1561 1096 61 26 daily
1632 1096 78 27 supply
1717 1098 25 21 of
1749 1098 60 21 fresh
1820 1099 57 26 beef,

1293 1120 43 21 and
1347 1120 67 27 hopes
1424 1122 53 26 thnt,
1489 1121 59 22 from
1559 1122 38 21 the
1608 1123 97 25 superior
1715 1124 86 27 quality
1809 1125 25 21 of
1842 1125 36 21 the

1293 1152 64 21 meat,
1370 1148 36 21 the
1422 1148 97 22 reduced
1538 1150 76 25 prices,
1626 1149 45 21 and
1682 1150 32 21 his
1730 1152 148 27 unremitting

1292 1174 107 21 attention
1418 1178 21 18 to
1460 1175 33 22 his
1512 1180 130 22 customers,
1662 1179 22 18 to
1707 1177 91 22 deserve
1822 1178 57 22 their

1292 1203 127 25 patronage.

1320 1233 129 27 September
1458 1235 32 26 39,
1504 1235 61 21 1842.

1445 1280 38 20 To
1500 1280 34 20 be
1550 1280 63 20 sold
1627 1280 92 27 cheap,

1291 1311 75 49 AN
1380 1313 112 21 excellent
1502 1320 79 20 square
1597 1317 54 23 tent,
1661 1314 61 22 lined
1733 1315 143 28 throughout,

1355 1339 53 21 with
1420 1347 13 13 a
1442 1340 98 21 boarded
1550 1340 63 22 floor.

1319 1373 75 27 Apply
1404 1376 23 18 at
1437 1374 37 21 the
1487 1374 87 21 Gazette
1585 1374 77 23 Office.

1406 1420 123 25 Country
1543 1421 78 20 Land
1634 1421 43 20 for
1691 1422 68 20 Sale.

1292 1451 67 49 TO
1374 1452 39 21 BE
1428 1453 78 22 SOLD
1524 1453 35 22 IN
1575 1454 81 26 LOTS,
1673 1458 22 18 to
1711 1456 44 21 suit
1770 1455 36 22 the
1825 1463 52 14 con-

1366 1479 108 22 venience
1484 1480 26 21 of
1516 1480 137 27 purchasers,
1665 1482 40 21 No.
1714 1484 12 19 3
1736 1482 23 21 in
1771 1482 36 22 the
1818 1487 58 17 town

1291 1504 90 28 district,
1394 1506 43 21 No.
1446 1508 28 19 44
1482 1507 25 20 in
1517 1507 37 21 the
1569 1507 61 22 Hutt
1639 1508 91 26 district,
1741 1509 44 22 and
1797 1509 43 22 No.
1851 1512 26 19 68

1291 1531 23 21 in
1330 1531 38 22 the
1387 1533 92 21 Porirua
1499 1533 86 22 district
1592 1542 5 13 :
1613 1534 50 21 half
1674 1535 25 21 of
1714 1536 38 21 the
1768 1536 109 27 purchase

1291 1565 82 20 money
1382 1559 44 21 will
1441 1560 27 21 be
1477 1560 96 21 allowed
1588 1564 22 18 to
1619 1562 84 21 remain
1714 1569 28 14 on
1753 1567 123 23 mortgage,

1290 1588 24 18 at
1324 1587 24 20 10
1357 1593 40 20 per
1406 1590 59 18 cent.
1493 1586 47 22 For
1548 1588 138 27 particulars,
1697 1589 65 27 apply
1772 1594 22 17 to

1324 1635 3 4 •
1561 1621 98 22 Hanson
1672 1623 44 21 and
1731 1623 117 22 Alzdorf.

1425 1674 85 19 Town
1526 1674 78 20 Land
1615 1675 42 19 for
1672 1675 67 20 Sale.

1291 1705 91 21 rriHE
1397 1705 71 22 whole
1485 1707 26 20 of
1525 1710 59 18 town
1595 1707 96 22 sections
1705 1708 54 22 Nos.
1769 1710 47 25 285,
1829 1710 45 26 106,

1297 1728 29 26 JL
1364 1732 45 22 and
1425 1734 47 25 878,
1483 1733 46 22 and
1544 1738 50 22 part
1603 1734 25 21 of
1642 1738 58 18 town
1715 1736 97 21 sections
1827 1737 47 25 204,

1289 1759 46 25 248,
1348 1759 44 21 and
1406 1761 41 20 528
1465 1768 35 13 are
1514 1761 83 21 offered
1608 1761 33 22 for
1651 1762 51 21 sale.
1732 1762 58 21 Half
1802 1763 25 20 of
1839 1763 36 22 the

1288 1785 108 28 purchase
1413 1794 81 20 money
1505 1790 22 18 to
1538 1788 85 21 remain
1634 1795 28 14 on
1679 1793 121 23 mortgage,
1811 1792 24 19 at
1850 1791 26 20 10

1290 1820 38 19 per
1338 1816 58 18 cent.
1425 1813 44 22 For
1477 1814 138 27 particulars,
1627 1814 65 28 apply
1702 1820 22 17 to

1561 1849 97 21 Hanson
1673 1850 44 22 and
1732 1851 117 21 Alzdorf.

1310 1892 85 20 Town
1411 1893 54 20 and
1480 1893 124 26 Country
1618 1895 76 20 Land
1708 1897 28 18 to
1753 1896 32 20 be
1802 1897 56 19 Let.

1291 1924 168 49 SECTIONS
1475 1926 45 21 and
1536 1927 99 26 portions
1653 1928 26 20 of
1691 1928 100 22 Sections
1807 1929 25 21 in
1847 1929 29 21 all

1326 1959 16 24 _;
1359 1955 61 23 parts
1437 1952 26 22 of
1477 1952 38 22 the
1535 1953 69 22 Town
1624 1954 25 21 of
1666 1954 142 28 Wellington,
1830 1956 46 21 also

1290 1978 98 27 Coimtry
1399 1979 101 22 Sections
1513 1979 25 22 in
1548 1980 39 21 the
1715 1982 25 21 of
1754 1983 37 21 the
1808 1982 66 27 Hutt,

1289 2001 139 30 the~&arori,
1442 2005 35 21 the
1488 2006 78 25 Ohiro,
1579 2007 45 21 and
1636 2006 38 22 the
1684 2007 98 23 Porirua.
1811 2008 65 27 Long

1288 2031 70 22 leases
1369 2031 25 21 of
1402 2031 37 22 the
1456 2035 94 23 country
1561 2032 54 22 land
1630 2033 45 21 will
1691 2034 26 22 be
1733 2035 95 26 granted
1846 2042 29 14 on

1288 2058 130 21 reasonable
1430 2062 73 17 terms.
1533 2058 44 23 For
1587 2060 129 27 particulars
1726 2062 66 27 apply
1802 2065 23 18 to

1318 2091 94 22 PLvnson
1424 2092 46 21 and
1482 2092 119 26 Alzdorf,
1610 2093 196 29 Thorndon-quay.
1818 2103 25 13 or
1853 2098 23 19 to

1317 2119 92 21 Robert
1421 2119 93 26 Stokes,
1526 2120 65 21 Land
1606 2121 109 26 Surveyor
1732 2122 44 21 and
1791 2122 83 28 Agent,

1474 2145 215 24 Woolcomb-street.

1343 2192 65 20 Port
1423 2193 153 20 Nicholson
1592 2194 54 20 and
1656 2194 163 27 Wanganui.

1291 2224 164 49 SEVERAL
1470 2226 68 21 Town
1555 2226 44 22 and
1616 2227 98 26 Country
1735 2227 99 22 Sections
1851 2228 23 21 in

1354 2251 62 22 these
1426 2252 95 22 districts
1531 2257 23 17 to
1564 2253 28 21 be
1602 2253 50 22 sold
1661 2261 25 14 or
1699 2254 38 22 lei.
1768 2255 44 21 For
1825 2262 51 20 par-

1288 2278 90 22 ticulars
1388 2279 45 21 and
1443 2283 72 24 terms,
1528 2281 67 26 apply
1606 2284 21 18 to

1594 2312 95 23 Robert
1703 2314 27 21 R.
1747 2315 100 21 Strang.

1315 2338 89 26 August
1411 2340 21 25 4,
1444 2340 61 21 1842.

1287 2383 87 20 Town
1398 2385 56 19 and
1477 2385 124 26 Country
1620 2387 76 21 Land
1717 2389 30 19 to
1769 2389 50 20 Let
1839 2395 36 15 on

1477 2413 79 26 Long
1577 2414 108 20 Leases.

1287 2445 98 48 NOS.
1404 2446 25 21 of
1445 2446 37 21 the
1501 2449 60 19 town
1569 2454 4 4 •
1581 2455 61 15 acres
1662 2456 29 14 on
1707 2449 38 22 the
1766 2451 110 26 Surveyor

1486 2473 118 23 General's
1615 2476 62 27 Plan,

1394 2501 41 20 224
1562 2502 41 22 510
1724 2505 41 21 263

1287 2525 43 22 For
1338 2526 139 28 particulars,
1488 2528 68 28 apply
1566 2532 22 18 to

1449 2561 125 29 Wallace,
1586 2563 93 27 White,
1691 2564 45 23 and
1749 2564 124 23 Wallace.

1314 2587 55 27 May
1377 2589 34 25 31,
1424 2590 60 20 1842.

1286 2632 67 49 TO
1371 2632 40 22 BE
1432 2634 86 26 SOLD,
1535 2634 23 22 in
1573 2635 43 22 bis
1631 2639 22 18 to
1674 2637 42 21 suit
1734 2637 137 28 purchasers,

1350 2659 38 22 the
1404 2660 71 22 whole
1492 2662 26 20 of
1528 2665 60 18 town
1605 2670 50 14 acre
1672 2663 42 22 No.
1726 2666 46 25 131,
1790 2672 33 14 on-
1835 2665 37 21 the

1284 2686 50 27 plan
1347 2687 25 21 of
1376 2687 37 22 the
1417 2688 67 21 Town
1492 2688 25 21 of
1521 2688 144 28 Wellington,
1671 2690 83 27 having
1759 2692 114 27 frontages

1284 2717 22 18 to
1315 2714 191 23 Taranaki-street
1515 2715 46 22 and
1571 2716 195 27 Ingestrie-street.
1795 2718 77 23 Terms

1282 2740 85 23 liberal.
1395 2742 76 28 Apply
1482 2747 22 17 to

1622 2770 34 21 W.
1668 2770 28 22 V.
1708 2771 107 28 Brewer,

1678 2798 192 24 Manners-street.

1310 2822 59 22 Jnne
1380 2822 31 26 17,
1423 2822 61 23 184&

1283 2867 117 48 LAND
1415 2871 22 18 to
1447 2868 28 22 be
1486 2868 54 22 Sold
1551 2876 25 14 or
1585 2869 44 23 Let
1642 2876 28 15 on
1687 2870 101 28 building
1800 2871 71 22 leases

1357 2893 25 22 in
1392 2894 29 22 all
1431 2899 60 23 parts
1501 2895 26 21 of
1535 2895 36 22 the
1582 2897 76 21 Town.
1689 2897 74 27 Apply
1774 2904 21 15 to

1391 2928 90 22 Messrs.
1496 2928 80 23 Evans
1590 2930 44 21 and
1649 2930 121 27 Chetham,

1587 2961 118 28 Solicitors,

1653 2989 189 28 Lambton-quay.

1310 3013 55 27 May
1374 3015 34 25 23,
1420 3016 60 20 1842.

1282 3058 171 28 Wellington
1474 3061 54 20 and
1548 3061 183 27 Wanganui—
1732 3062 91 21 Lands
1839 3064 28 19 to

1520 3088 34 19 be
1570 3089 58 19 Let.

1283 3118 121 36 rpOWN
1428 3120 211 23 ALLOTMENTS
1663 3121 25 22 in
1710 3122 31 22 all
1764 3126 60 24 parts
1848 3123 24 21 of

1290 3143 29 24 X
1356 3145 137 30 Wellington
1510 3147 45 22 and
1566 3147 131 29 Wanganui,
1710 3149 45 22 and
1771 3151 99 26 Country

1282 3172 98 22 Sections
1393 3173 23 22 in
1434 3175 53 21 both
1504 3174 104 28 districts,
1624 3179 23 19 to
1662 3176 27 21 be
1703 3176 32 22 let
1744 3184 28 14 on
1790 3176 79 22 leases.

1281 3199 44 22 For
1333 3199 64 28 plans
1407 3201 45 21 and
1461 3202 140 27 particutars,
1612 3202 66 28 apply
1689 3206 20 19 to

1615 3237 86 21 Henry
1716 3238 36 21 St.
1769 3238 72 22 Hill.

1309 3260 53 28 July
1373 3263 19 25 1,
1403 3264 60 20 1542.

1448 3309 90 20 Beach
1555 3309 146 27 Frontage.

1284 3341 64 48 TO
1363 3340 40 23 BE
1417 3342 65 28 LET,
1498 3342 72 22 beach
1580 3343 102 27 frontage
1696 3344 44 22 lots
1750 3344 23 22 in
1785 3347 85 19 section

1352 3369 43 20 490
1406 3376 28 15 on
1451 3369 37 22 the
1498 3369 57 22 Plan
1566 3370 27 21 of
1601 3370 36 21 the
1647 3370 67 22 Town
1729 3372 26 20 of
1762 3371 108 27 Welling-

1280 3399 46 23 ton,
1336 3394 117 29 adjoining
1463 3397 42 22 Mr.
1515 3396 90 23 Taine's
1613 3401 67 23 store;
1696 3398 45 22 and
1750 3398 23 22 in
1785 3399 84 21 section

1279 3423 47 25 616,
1334 3422 101 23 between
1444 3424 75 27 Major
1527 3423 93 23 Baker's
1631 3424 44 22 and
1682 3425 45 21 Mr.
1735 3425 135 23 Swainson's

1279 3448 88 23 houses.

1307 3483 55 22 Also
1372 3483 37 22 the
1418 3483 115 29 following
1543 3485 97 22 sections
1650 3492 29 15 on
1689 3485 37 22 the
1734 3485 56 22 Plan
1799 3486 26 21 of
1832 3486 37 22 the

1279 3509 76 28 Town,
1366 3510 46 22 viz:
1414 3522 29 4 —

1381 3539 28 20 55
1547 3540 41 21 319
1736 3541 42 20 922

1369 3566 42 20 240
1548 3566 40 21 718
1724 3568 54 21 1079

1306 3591 75 28 Apply
1395 3596 23 18 to

1454 3619 27 22 E.
1496 3619 23 21 J.
1535 3619 151 27 Wakefield,
1702 3627 26 15 or

1454 3646 35 21 W.
1506 3646 28 21 V.
1550 3646 108 28 Brewer,
1674 3648 192 23 Manners-street.

1278 3698 121 26 Country
1413 3698 127 21 Sections
1559 3698 43 21 for
1622 3699 60 20 Sale
1703 3705 36 15 on
1758 3700 109 22 Liberal

1522 3725 104 22 Terms.

1278 3756 165 50 SEVERAL
1479 3757 101 22 Sections
1608 3758 27 22 of
1665 3759 101 28 Country
1793 3760 73 29 Land,

1314 3786 6 19 \
1340 3783 94 29 already
1443 3784 81 22 chosen
1535 3784 25 22 in
1569 3784 39 22 the
1622 3786 92 22 Porirua
1729 3786 92 28 district,
1833 3788 35 22 for

1276 3808 58 29 Salt's,
1345 3818 75 15 TERMS
1430 3819 106 15 LIBERAL.
1566 3812 76 28 Apply
1652 3815 23 19 to

1371 3844 25 22 F.
1412 3845 29 22 A.
1455 3845 174 28 Molbsworth,
1645 3846 186 29 Murphy-street,
1844 3856 23 14 or

1316 3893 3 8 ,
1372 3871 35 22 W.
1421 3871 30 22 V.
1466 3873 108 26 Brewer,
1585 3874 195 23 Manners-street.

1277 3907 71 58 C'SN
1364 3916 86 27 SALE,
1466 3921 22 18 at
1497 3917 39 22 the
1549 3919 86 20 Gazette
1650 3919 79 22 Office,
1746 3928 29 14 an
1788 3923 79 20 exten-

1301 3942 16 23 J
1324 3948 12 12 '*
1342 3944 29 22 'si
1373 3951 26 15 ve
1410 3944 44 22 and
1465 3944 77 23 varied
1551 3949 135 19 assortment
1702 3949 22 19 of
1743 3949 123 28 stationery

1271 3971 108 29 ■af/'4very
1389 3971 142 29 description.

2112 757 28 11 ■ur
2156 732 194 32 Spb-Treasurer's
2361 739 75 28 Office,
2458 755 9 7 ..
2491 755 2 13 ,

2112 759 143 29 Wellington,
2267 762 96 24 October
2373 767 33 25 21,
2418 768 52 21 1842

1914 788 184 24 WILLIAM
2114 791 219 27 FITZHERBERT
2350 798 25 21 of
2385 798 108 28 Welling-

1929 819 12 15 T
1952 818 12 17 T
1990 818 42 23 ton,
2044 818 125 27 Merchant,
2180 819 40 23 has
2230 821 55 22 been
2298 823 41 22 this
2347 825 43 26 day
2396 825 97 24 licensed

1913 846 22 14 as
1947 847 27 14 an
1987 843 140 27 Auctioneer,
2139 845 22 21 in
2177 849 67 19 terms
2258 849 26 21 of
2295 849 36 22 the
2343 851 117 23 Ordnance
2470 854 25 21 of

1914 867 35 20 the
1962 867 114 23 Governor
2091 871 44 21 and
2152 873 99 28 Council,
2267 875 41 23 No.
2321 879 27 19 14
2357 878 25 21 of
2392 878 39 21 sth
2441 879 53 22 Vic-

1914 896 60 23 toria,
1987 896 55 20 bess.
2053 896 21 21 2.
2369 901 3 4 ■

2236 927 25 21 p.
2272 928 118 29 d:hoqo,

2297 955 180 26 Sub-Treasurer.

1914 990 132 41 T)AVID
2062 993 190 32 WILKINSON,
2267 999 53 27 begs
2331 1003 23 19 to
2363 1002 81 22 inform
2455 1004 38 22 the

1928 1043 3 12 ,
1965 1047 6 8 „
2023 1021 23 19 bl
2048 1027 5 13 >
2056 1028 11 13 c
2068 1035 6 11 »
2095 1021 47 21 that
2160 1022 29 22 he
2205 1024 40 22 has
2260 1032 49 15 now
2326 1027 68 28 ready
2403 1029 35 22 for
2447 1032 46 20 sale

1912 1050 70 32 X?
1999 1052 11 13 °
2012 1046 13 20 f
2032 1073 12 6 »
2044 1046 28 22 ha
2072 1073 5 9 ,
2074 1049 8 18 t
2098 1048 104 24 beautiful
2220 1058 47 14 new
2284 1054 98 28 seedling
2398 1057 97 22 mimulus

1916 1072 137 26 WiU-imomi,
2064 1073 36 22 the
2110 1076 103 23 varieties
2222 1081 83 24 youngii
2311 1082 45 21 and
2365 1084 82 21 smithis
2457 1092 38 14 are

1912 1101 38 17 not
1967 1102 22 17 to
2006 1099 26 21 be
2049 1102 117 25 compared
2182 1107 21 17 to
2222 1106 29 25 it;
2276 1107 35 21 the
2335 1108 105 24 blossoms
2455 1119 39 14 are

1973 1132 21 13 al
1989 1132 11 30 j
2003 1125 12 21 d
2026 1133 11 14 r
2038 1134 33 33 ?l
2067 1127 47 21 ular
2114 1155 5 4 .
2128 1135 24 15 ln
2166 1129 56 23 form
2224 1147 5 10 >
2248 1139 12 14 a
2262 1133 29 21 »d
2308 1140 58 17 most
2381 1137 113 28 distinctly

1910 1150 91 23 maiked
2018 1153 55 21 with
2089 1161 94 17 crimson
2204 1165 28 13 on
2251 1159 77 26 yellow
2344 1164 93 27 ground,
2455 1164 38 22 the

1910 1176 86 23 flowers
2005 1186 37 14 are
2054 1179 112 27 produced
2172 1183 24 21 in
2206 1183 188 28 abundanceW
2401 1190 91 23 renders

1911 1205 36 20 the
1956 1205 61 26 plant
2029 1213 52 20 very
2091 1207 80 28 showy,
2184 1211 44 21 and
2244 1213 108 26 produces
2368 1223 13 14 a
2395 1216 99 24 brilliant

1910 1237 146 23 appearance;
2070 1233 36 21 the
2116 1235 62 27 plant
2187 1237 19 21 is
2216 1244 51 21 easy
2276 1242 22 18 to
2307 1240 108 25 increase.

1937 1261 49 18 if.b.
2004 1261 13 19 1
2021 1261 105 27 lowering
2136 1262 73 27 plants
2217 1270 41 16 two
2268 1266 98 29 shillings
2377 1270 60 23 each.

1937 1290 50 22 Oct.
1999 1294 33 23 21,
2044 1295 60 20 1842.

2133 1341 52 20 For
2200 1343 69 25 Sale,

1910 1370 96 41 rpWO
2020 1373 118 22 well-built
2152 1376 130 24 substantial
2296 1379 86 29 houses,
2398 1383 96 24 situated

1917 1402 28 16 J-
1970 1404 24 14 in
2004 1406 42 14 one
2058 1402 21 19 of
2095 1402 36 21 the
2140 1406 58 19 most
2207 1407 132 21 convenient
2347 1413 61 22 parts
2418 1411 25 21 of
2455 1412 37 21 the

1909 1427 57 17 town
1993 1425 91 28 directly
2100 1435 23 14 in
2141 1429 36 22 the
2192 1438 51 14 rear
2259 1433 26 20 of
2296 1433 105 24 Barrett's
2416 1437 76 23 Hotel.

1909 1451 47 19 One
1968 1451 26 21 of
2004 1453 61 22 them
2080 1458 101 19 contains
2195 1458 51 21 four
2260 1466 79 21 rooms,
2352 1462 44 22 and
2410 1464 19 21 is
2444 1472 49 15 now

1908 1476 107 29 realizing
2025 1481 44 20 10s.
2080 1482 93 23 a-week.
2213 1485 20 21 A
2244 1485 101 24 fourteen
2360 1496 64 19 years
2434 1491 59 23 lease

1909 1510 41 15 can
1959 1505 28 21 be
1995 1513 75 19 given.
2110 1508 44 22 The
2170 1512 88 24 ground
2270 1513 20 21 is
2307 1515 50 21 well
2371 1516 80 23 fenced
2458 1518 33 25 in,

1909 1534 45 18 and
1962 1539 51 20 may
2022 1534 29 21 be
2062 1541 52 14 seen
2124 1543 28 14 on
2163 1538 134 27 application
2307 1544 22 18 to

2272 1573 22 22 J.
2305 1574 133 30 Shepherd,

2199 1599 33 21 At
2241 1599 89 24 Colonel
2343 1602 149 26 Wakefield's.

2009 1639 95 22 Seeds!
2131 1642 106 23 Seeds!!
2258 1646 81 21 Seeds
2355 1647 32 22 I!!

1909 1671 87 49 FOR
2009 1673 85 27 SALE,
2105 1675 30 26 by
2143 1676 37 22 the
2193 1678 150 29 undersigned
2351 1689 6 14 :
2358 1693 28 4 —

1967 1699 20 20 A
2004 1701 85 21 various
2105 1707 131 19 assortment
2250 1707 24 20 of
2289 1714 46 15 new
2349 1709 71 25 seeds,
2438 1718 57 15 war-

1907 1725 79 21 ranted
1996 1733 75 19 grown
2080 1734 24 16 in
2116 1729 36 22 the
2163 1731 91 28 Colony.

2203 1764 109 24 William
2323 1767 142 24 Bannister.

2021 1806 55 21 For
2089 1807 70 26 Sale,
2175 1814 36 16 ex

1908 1837 107 49 PALE
2030 1839 96 22 INDIA
2142 1841 62 22 ALE
2218 1842 25 22 in
2258 1843 76 27 bottle,
2348 1846 86 27 Bryant
2448 1848 46 22 and

1980 1865 97 28 Davis's,

1935 1892 69 27 Stout,
2015 1893 87 27 Bryant
2111 1894 45 22 and
2164 1896 98 27 Davis's,

1933 1919 64 21 Bass'
2006 1920 86 21 Burton
2103 1921 42 27 ale,

1933 1945 54 23 Pale
2006 1947 78 28 sherry
2103 1949 45 21 and
2164 1950 112 28 Madeira,
2296 1952 138 24 Rutherford
2449 1955 46 22 and

1907 1973 75 27 Drury
1990 1981 11 13 s
2009 1973 79 28 brand,

1935 1999 61 27 Very
2004 1999 42 29 old
2046 1999 114 29 Madeira,
2172 2006 51 23 port
2237 2004 45 21 and
2297 2004 76 29 sherry
2383 2002 57 28 in'y.
2452 1999 52 33 »<*J

1907 2027 133 21 Rutherford
2050 2027 45 21 and
2105 2028 93 28 Drury's
2210 2031 79 27 brand,
2438 2030 32 27 ,'Z

1933 2053 44 21 Old
1987 2060 85 20 cognac
2083 2055 85 27 brandy
2176 2056 25 21 in
2212 2058 76 26 bottle,

1933 2079 82 28 Cherry
2028 2080 86 28 brandy
2123 2082 22 21 in
2155 2090 69 20 cases,

1933 2107 118 26 Sparkling
2062 2108 143 28 champagne,

1933 2133 143 23 Maraschion
2087 2136 44 21 and
2138 2138 76 25 punch
2225 2145 96 22 essence,

1933 2160 49 22 Eau
1993 2161 27 22 de
2034 2162 105 27 Cologne,

1934 2189 9 19 I
1957 2195 49 15 case
2016 2189 88 22 French
2114 2197 58 19 rugs.

1932 2215 108 22 Assorted
2050 2216 103 27 anchors.

1933 2241 71 22 Chain
2014 2243 81 26 cables,
2107 2244 89 23 various
2206 2246 63 27 sizes,

1934 2269 79 22 Patent
2022 2275 94 23 carpets,

1935 2295 95 29 Glasses,

1933 2322 123 28 Tumblers,

1934 2350 93 28 Pickles,

1933 2377 76 22 Butter
2018 2379 24 21 in
2049 2380 54 26 jars,

1934 2404 54 22 Pine
1999 2405 85 27 cheese,
2099 2406 39 22 &c.
2150 2408 40 21 &c.

2218 2436 82 23 Waitt
2314 2439 47 21 and
2378 2439 84 24 Tyser.

1933 2463 144 29 Wellington,
2088 2465 130 28 September
2227 2469 33 26 30,
2273 2470 59 22 1842.

1907 2509 71 49 ON
1994 2510 85 28 SALE,
2091 2519 28 14 ex
2126 2513 110 26 Eagle.—

1972 2537 20 21 A
2003 2540 101 25 quantity
2115 2540 25 21 of
2152 2541 66 27 coals,

1968 2563 98 24 Dantzic
2077 2566 66 27 deals,

1968 2591 71 27 Ships'
2049 2592 84 28 fittings
2134 2605 27 4 —
2163 2595 50 27 viz.,
2224 2595 53 22 inch
2293 2596 88 27 boards,
2393 2598 96 29 batteni,

1904 2618 45 21 and
1958 2619 153 27 poles/suited
2120 2621 34 21 for
2163 2623 139 27 stock-yards
2312 2632 23 14 or
2345 2625 98 28 fencing.

1907 2678 14 2 _
1961 2677 5 7 ,
2294 2655 90 24 Willis
2394 2665 47 15 and
2451 2659 39 22 Co.

1904 2677 97 22 October
2009 2679 20 26 7,
2041 2681 61 20 1542.

2024 2726 43 19 On
2081 2726 69 25 Sale,
2164 2733 37 15 ex

1904 2756 120 50 SLOPS,

1956 2784 79 22 Cotton
2046 2784 71 27 shirts,

1956 2810 97 28 Regatta
2063 2813 43 26 do.,

1957 2837 89 23 Double
2056 2839 44 21 and
2110 2839 190 28 single-barrelled
2311 2843 91 26 fowling
2410 2843 81 28 pieces,

1904 2865 59 26 (flint
1973 2865 44 22 and
2027 2867 146 27 percussion,)

1955 2892 105 29 Farming
2072 2893 146 28 implements,

1956 2920 138 26 Carpenters'
2105 2921 61 26 tools,
2178 2929 61 19 saws,
2251 2929 44 15 saw
2305 2923 55 28 files,
2372 2924 48 28 &c,

1956 2946 168 29 Ironmongery,
2136 2948 63 27 nails,
2210 2949 48 26 &c,

1956 2973 71 22 Glass.

2170 3002 26 22 F.
2212 3002 29 22 V.
2256 3003 100 23 Martin
2370 3004 44 22 and
2424 3004 40 23 Co.

1901 3032 31 23 Te
1941 3032 55 28 Aro,
2008 3033 128 27 September
2145 3034 33 30 27,
2191 3036 61 21 1842.

1954 3078 54 20 For
2027 3079 61 20 Sale
2111 3080 29 20 at
2162 3080 46 20 the
2223 3080 105 22 Nelson
2349 3081 85 27 Dairy

2181 3108 39 23 at.

2082 3133 105 21 Nelson
2201 3133 104 22 Haven.

1905 3169 66 27 Qfi
1987 3165 84 22 COWS
2087 3166 35 21 IN
2138 3167 86 27 CALF,

1900 3189 71 28 O\J
2000 3194 26 20 30
2037 3192 82 23 heifers
2127 3193 24 22 in
2161 3194 50 28 calf,

1999 3220 27 21 50
2036 3227 76 20 young
2121 3220 90 28 heifers,

1927 3246 15 21 4
1951 3245 116 23 halt-bred
2077 3247 103 23 Durham
2192 3248 67 28 bulls,

1928 3274 25 20 II
1964 3277 75 23 steers,

1943 3322 3 3 .
1956 3302 13 19 6
1980 3300 101 28 working
2088 3300 110 30 bullocks,

1954 3328 15 20 4
1978 3327 64 22 stock
2049 3328 85 28 horses,

1956 3356 41 20 100
2007 3362 63 20 ewes,

1955 3382 27 21 50
1992 3382 101 27 wethers,

1927 3408 49 22 The
1991 3408 71 23 above
2076 3417 38 14 are
2128 3410 56 23 from
2201 3412 40 21 Dr.
2253 3412 90 27 Imlay's
2362 3411 126 23 celebrated

1901 3435 62 22 stock
1972 3439 24 18 at
2006 3436 100 23 Twofold
2119 3437 42 27 Ba3
2168 3454 6 6 .
2203 3438 48 23 The
2262 3439 64 21 cattle
2341 3446 37 14 are
2390 3438 37 22 the
2439 3439 50 22 best

1902 3462 60 26 bred,
1973 3462 57 23 have
2043 3464 57 22 been
2109 3464 84 23 landed
2203 3466 22 21 in
2239 3465 37 21 the
2286 3465 64 22 finest
2362 3465 70 27 order,
2444 3466 42 22 and

1900 3490 59 21 form
1968 3490 40 21 the
2020 3490 50 22 best
2081 3491 104 23 selection
2193 3493 26 21 of
2225 3499 42 20 any
2274 3492 31 22 lot
2314 3497 38 22 yet
2361 3493 96 27 brought
2465 3498 23 18 to

1901 3516 56 23 New
1967 3516 108 24 Zealand.
2105 3518 44 22 For
2155 3519 135 28 particulars,
2302 3519 65 28 apply
2377 3523 22 17 to

2003 3558 4 8 1
2091 3553 23 22 S.
2130 3553 100 28 Revans,
2245 3552 144 29 Wellington,
2401 3561 24 15 or

2092 3579 28 22 D.
2131 3580 145 26 Drummovd,
2288 3580 85 23 Nelson
2384 3581 89 23 Haves.

1927 3605 55 28 July
1992 3606 20 24 7,
2023 3608 61 21 1842.
2437 3613 4 6 '

2021 3652 171 27 Wellington
2206 3652 162 22 Almanack.

1900 3684 47 51 IT
1957 3684 41 22 has
2008 3685 56 22 been
2074 3685 109 27 arranged
2193 3689 23 17 to
2225 3685 59 22 issue
2295 3693 12 14 a
2321 3686 87 22 Pocket
2420 3686 45 23 and
2474 3694 14 15 a

1957 3712 68 22 Sheet
2034 3713 127 21 Almanack
2170 3713 34 21 for
2213 3713 61 26 1843,
2284 3712 56 23 from
2351 3713 38 22 the
2403 3714 86 21 Gaxett*

1901 3739 77 23 Office.
2008 3739 94 22 Persons
2117 3739 67 27 being
2197 3739 23 22 in
2229 3740 123 26 possession
2363 3740 26 22 of
2401 3748 45 21 any
2453 3742 35 22 in-

1898 3766 120 23 formation
2029 3766 73 22 which
2113 3766 51 26 they
2175 3766 66 23 think
2250 3766 69 28 likely
2328 3771 22 18 to
2361 3767 46 23 add
2417 3772 24 18 to
2451 3769 37 22 the

1899 3793 117 23 attraction
2025 3793 26 22 of
2058 3793 39 22 the
2106 3793 60 22 work
2176 3794 24 21 in
2215 3793 108 29 question,
2335 3802 38 14 are
2387 3795 101 24 solicited

1900 3824 22 17 to
1931 3820 86 22 furnish
2028 3820 37 22 the
2076 3827 60 16 same
2147 3824 22 18 to
2180 3820 37 23 the
2227 3821 85 20 Gazette
2318 3822 77 26 Office,
2406 3822 35 23 for
2450 3823 37 23 the

1899 3855 39 14 use
1947 3848 28 21 of
1980 3847 38 22 the
2027 3847 78 22 Editor
2114 3847 26 22 of
2147 3855 14 14 a
2170 3848 60 23 work
2239 3848 80 26 which,
2326 3849 21 21 if
2354 3850 50 21 well
2415 3850 73 24 stared

1898 3874 53 22 with
1960 3874 58 21 local
2034 3877 88 24 matter,
2133 3878 83 19 cannot
2225 3875 40 22 foil
2279 3879 23 18 to
2319 3883 63 15 serve
2392 3876 38 22 th«
2441 3877 49 23 be*

1898 3902 105 21 interests
2013 3901 24 22 of
2045 3901 38 22 the
2092 3902 135 22 settlement.

1900 3946 87 51 FOR
2002 3946 79 22 SALE
2095 3951 22 17 at
2134 3946 44 22 this
2192 3947 72 26 office,
2283 3947 77 28 Hymn
2377 3948 74 24 Baoks
2465 3949 23 23 ia

1973 3975 36 22 the
2018 3975 76 23 native
2104 3975 118 26 language.

214 727 51 20 For
280 724 117 21 London
412 722 93 24 direct,

181 762 27 19 To
222 760 41 19 sail
283 759 34 20 the
332 757 39 20 end
385 757 27 25 of
423 755 116 26 November,

82 792 86 33 '"'<tfabF
168 802 9 14 t
177 813 5 12 j
221 795 92 30 rpHE
338 793 49 22 well
407 793 79 21 known
510 791 38 21 fast
566 790 81 26 sailing

94 814 103 38 jQ^jpk
228 814 30 30 JL
308 821 84 26 barque
427 819 109 26 Clydeside,
566 816 80 22 Alfred

70 842 144 37 >«g»=Ok
233 849 87 22 Adams
331 847 149 22 commander.
508 844 47 22 This
564 844 45 21 will
618 844 27 21 be

70 875 146 31 mS&&Bg
233 879 24 18 tn
259 884 10 13 °
287 878 47 20 nrst
348 874 30 21 oil
456 878 22 17 tn
480 880 7 14 *
488 880 10 14 s
510 878 69 15 season
583 887 5 11 >
600 870 45 22 alld

70 896 144 36 ?mJSBSjjjB£?
233 910 25 14 as
277 905 49 24 part
345 901 25 21 of
386 901 40 21 her
445 907 65 20 cargo
527 899 15 21 is
555 896 89 27 already

235 928 106 28 engaged,
357 927 100 28 shippers
466 926 44 22 will
527 925 80 27 require
623 927 21 17 to

70 958 66 21 make
156 957 58 26 early
233 955 139 28 application.
411 955 47 21 The
479 952 97 27 Clydeside
593 950 51 26 will,

69 984 151 27 immediately
230 991 28 14 on
268 981 140 28 discharging
421 981 41 21 her
479 986 60 19 cargo
546 979 22 21 in
586 978 59 21 Lon-

71 1011 51 27 don,
132 1018 91 21 prepare
233 1014 22 18 to
271 1014 77 17 return
363 1011 23 18 to
402 1008 55 21 New
472 1006 99 22 Zealand,
601 1006 43 19 bhe

69 1038 44 21 will
130 1037 108 22 therefore
254 1035 68 23 afford
339 1042 27 14 an
385 1034 109 22 excellent
511 1030 133 29 opportunity

65 1065 36 21 for
120 1064 68 27 goods
207 1063 101 28 required
325 1065 22 17 at
362 1061 38 21 the
421 1059 87 22 earliest
525 1058 70 28 period
616 1058 28 26 by

68 1092 81 26 parties
159 1091 59 24 here,
227 1089 48 21 who
287 1096 36 14 are
333 1087 117 27 requested
459 1089 22 18 to
490 1086 86 20 instruct
587 1084 58 22 their

58 1122 86 22 .agents
154 1117 43 21 and
207 1115 84 23 friends
302 1118 22 18 at
334 1114 66 21 home
409 1117 23 17 to
442 1113 49 26 give
499 1113 40 20 this
545 1111 97 22 Colonial

67 1145 73 21 trader
159 1143 35 22 the
212 1142 129 28 preference
358 1148 28 14 on
392 1164 5 9 t
404 1140 29 22 all
452 1139 113 23 occasions.
600 1138 45 22 For

64 1171 84 26 freight
157 1177 24 15 or
189 1176 99 21 passage,
299 1167 65 28 apply
374 1171 23 18 to

380 1199 83 22 Waitt
479 1198 43 22 and
535 1198 79 21 Tyser.

95 1236 141 27 Wellington,
249 1235 96 21 October
355 1235 33 25 11,
400 1235 61 20 1842.

180 1280 53 20 The
244 1277 156 28 brigantine

231 1315 122 21 TTT'ILL
386 1317 56 19 start
468 1316 22 18 to
514 1312 127 22 AKAROA

101 1336 103 38 jS*TV^v
247 1346 14 17 T
267 1336 19 27 V
327 1341 157 26 immediately,
498 1340 38 21 her
547 1340 97 21 destina-

97 1362 128 40 ajT/lrNsg^
245 1369 47 21 tion
303 1369 65 26 being
379 1368 85 21 altered
473 1367 55 21 from
538 1366 88 22 Nelson.

73 1416 156 34 &£&%£&&
259 1422 96 21 October
365 1423 33 24 14,
411 1423 60 20 1842.

197 1476 52 20 For
264 1475 147 20 Auckland
426 1474 93 20 direct.

81 1504 103 36 ■^jufe&-,
221 1508 91 22 rfIHE
329 1508 107 21 schooner
448 1509 82 24 Osprey,
540 1507 36 22 150
585 1510 57 23 tons,

96 1540 113 28 jSKnESj^
229 1529 29 28 J_
302 1536 27 21 R.
350 1534 117 28 Sedgwick
486 1538 81 22 master,
585 1534 59 26 daily

75 1557 144 39 /«|a=-g2&
235 1562 105 28 expected
360 1562 57 21 from
443 1562 54 21 New
522 1560 120 27 Plymouth,

73 1583 148 38 jnlwwjflfßß
235 1590 44 21 and
294 1588 44 23 will
351 1589 28 21 be
395 1588 128 28 dispatched
536 1588 44 21 four
590 1588 54 26 days

94 1653 44 21 For
146 1652 82 27 freight
235 1658 26 14 or
268 1657 98 21 passage,
378 1649 67 28 apply
456 1653 21 18 to

220 1685 131 25 Ridgways,
369 1684 106 26 Guyton,
491 1682 43 22 and
546 1683 69 22 Earp.

94 1719 142 26 Wellington,
249 1718 96 22 October
355 1719 33 25 11,
401 1719 60 20 1142.

68 1770 179 50 NOTICE.—
249 1769 38 21 All
293 1776 90 20 persons
389 1768 105 22 indebted
500 1771 22 19 to
529 1769 39 21 Mr.
577 1769 27 21 G.
612 1768 30 22 D.

158 1795 117 27 Monteith,
289 1803 36 14 are
345 1796 119 27 requested
484 1799 22 17 to
524 1802 38 20 pay
585 1795 58 21 their

68 1827 104 19 accounts
183 1827 20 17 to
213 1823 34 21 his
258 1823 109 25 collector,
381 1822 49 22 who
438 1823 20 21 is
473 1822 101 27 provided
589 1821 53 23 with

66 1851 86 26 printed
162 1851 91 26 receipts
263 1849 92 26 bearing
371 1856 39 20 my
425 1850 85 21 written
522 1849 118 26 signature;

68 1877 44 21 and
122 1877 71 21 unless
204 1877 36 21 the
247 1874 64 24 Same
322 1883 36 14 are
368 1876 82 22 settled
465 1875 112 26 forthwith,
590 1876 47 26 thej
637 1883 5 8 r

66 1904 43 21 will
121 1905 25 21 be
157 1904 87 22 handed
255 1911 52 13 over
316 1906 22 18 to
348 1910 14 14 a
377 1903 95 21 solicitor
486 1902 35 22 for
535 1902 52 22 their
600 1903 42 21 im-

66 1931 96 21 mediate
172 1938 111 19 recovery.

395 1957 28 21 G.
439 1957 29 21 D.
485 1957 128 21 Monteith.

95 1984 139 26 Wellington,
247 1984 49 21 Oct.
306 1985 33 24 20,
352 1985 60 19 1840.

66 2034 157 48 MESSRS.
235 2033 151 22 MACLEOD
403 2034 44 21 and
463 2034 44 21 CO.
520 2033 51 21 have
582 2041 59 14 com-

156 2060 92 22 menced
268 2060 37 21 the
323 2060 101 21 business
438 2061 27 20 of
482 2060 158 28 Store-keepers

65 2095 27 13 on
113 2088 37 20 the
170 2088 102 26 premises
292 2086 67 28 lately
378 2086 107 28 occupied
507 2087 28 27 by
551 2088 88 20 Messrs.

66 2114 119 22 Anderson
200 2114 44 21 and
260 2114 107 26 Rownnd,
387 2114 24 21 in
428 2113 151 27 Willis-street,
596 2114 44 21 and

65 2145 73 21 trusts,
149 2142 30 26 by
190 2149 12 13 a
212 2140 76 28 steady
298 2140 42 22 and
350 2140 146 27 unremitting
505 2142 102 20 attention
618 2145 22 17 to

64 2168 107 26 business,
182 2170 20 19 to
212 2168 64 21 merit
286 2168 36 21 the
332 2171 121 23 patronage
464 2167 42 22 and
524 2173 82 22 support
616 2175 24 14 so

64 2194 101 28 liberally
175 2194 114 22 conferred
298 2202 27 13 on
338 2194 58 21 their
405 2194 152 28 predecessors.

91 2226 57 22 N.B.
151 2237 28 4 —
179 2225 46 22 The
235 2226 49 21 best
293 2226 90 22 articles
393 2227 26 21 of
433 2234 66 19 every
513 2227 125 27 description

64 2256 23 18 at
96 2253 111 22 moderate
216 2253 78 27 prices.

92 2285 95 22 October
197 2286 31 25 11,
242 2286 59 21 1542.
320 2285 5 10 '

204 2336 130 20 Charcoal
350 2337 55 19 and
419 2337 84 20 Lime.

63 2369 91 22 rriHE
169 2369 148 27 undersigned
329 2369 39 21 has
379 2377 29 14 on
418 2370 61 22 hand
491 2378 43 19 any
542 2372 96 27 quantity

70 2391 29 26 JL
136 2396 26 21 of
169 2395 99 22 charcoal
278 2396 46 21 and
339 2396 53 22 lime
404 2397 24 21 of
439 2397 39 22 the
492 2397 47 22 best
548 2399 89 27 quality,

61 2423 45 21 and
116 2430 28 14 on
153 2422 44 22 sale
208 2426 23 18 at
240 2422 37 22 the
289 2426 56 18 most
356 2423 131 23 reasonable
497 2425 72 26 prices.

247 2457 22 21 J.
285 2457 119 27 Plimmar,
419 2458 189 28 Ingestrie-street.

89 2489 95 21 October
195 2490 32 24 14,
239 2490 61 20 1542.

168 2533 165 27 Survey-office,
345 2533 55 23 New
412 2535 98 21 Zealand
521 2536 113 28 Company,

249 2560 143 27 Wellington,
404 2562 49 21 Oct.
464 2563 19 25 7,
495 2564 55 20 3842.

59 2592 145 49 NOTICE
219 2592 28 23 IS
263 2593 128 22 HEREBY
407 2594 105 28 GIVEN,
534 2596 42 21 that
598 2597 37 21 the

141 2620 96 26 Country
248 2620 64 21 Land
324 2627 47 15 row
381 2621 73 22 under
463 2629 78 21 survey
548 2623 42 21 will
606 2624 28 21 be

59 2645 85 22 thrown
156 2654 54 20 open
221 2647 32 21 for
268 2646 104 23 selection
389 2648 36 21 for
442 2649 37 21 the
494 2649 141 29 Preliminary

61 2672 104 27 Sections,
184 2676 22 18 at
223 2678 89 21 present
329 2675 125 27 remaining
472 2676 114 27 unchosen,
606 2685 30 14 on

60 2699 105 27 Monday,
176 2700 36 21 the
223 2702 33 20 Ist
265 2700 106 28 January,
385 2703 59 27 1843,
463 2703 45 21 and
525 2703 110 28 following

60 2725 52 27 days
113 2738 27 3 —
141 2728 153 26 commencing
303 2731 22 18 at
341 2730 23 19 11
381 2735 61 21 a.m.,
459 2730 46 21 and
521 2730 76 28 closing
612 2736 25 17 at

58 2754 15 19 4
82 2760 61 20 p.m.,
152 2754 114 27 precisely,
277 2754 46 22 and
331 2754 68 27 being
409 2763 24 14 as
442 2756 85 22 follows
534 2765 29 13 :—

484 2789 33 17 No.
529 2790 17 16 of
556 2792 79 16 Sections

491 2811 56 16 under
552 2811 71 22 Survey.

85 2828 112 22 District
208 2836 26 14 of
240 2836 46 14 the
293 2829 102 26 Oiiariu,
402 2829 38 22 the
447 2831 98 22 Sections

113 2862 38 14 are
161 2855 93 21 situated
269 2855 24 21 in
310 2855 36 21 the
356 2855 81 28 valley,
457 2858 89 26 parallel

42 2894 2 8 i
111 2881 54 22 with
184 2881 47 22 that
249 2881 68 27 given
336 2885 39 19 out
393 2886 24 18 at
440 2884 38 21 the
501 2884 42 23 last

111 2908 112 27 selection,
235 2908 44 22 and
291 2909 105 26 comprise
407 2913 23 18 at
437 2911 66 22 least.
511 2927 31 6 ...
581 2914 28 21 44

94 2935 79 26 [Plans
184 2942 54 20 open
253 2935 35 22 for
300 2935 124 27 inspection
435 2941 23 18 at
467 2938 36 22 the
515 2939 83 28 Office.]

84 2968 113 23 District
212 2976 26 14 of
254 2977 45 13 the
315 2969 68 22 Hutt
569 2975 39 22 100

111 2996 47 21 The
178 2996 98 21 Sections
296 3003 36 14 are
353 2996 47 22 laid
414 3001 38 19 out
467 3003 23 17 at
508 3000 37 22 the

110 3030 70 20 upper
188 3025 49 25 part
242 3022 26 22 of
275 3022 39 22 the
322 3022 65 28 river,
396 3025 44 21 and
449 3033 37 14 are
494 3034 51 15 con-

110 3048 81 23 nected
210 3048 53 23 with
284 3049 63 22 those
364 3051 98 28 .already
480 3053 65 27 given

110 3079 45 18 out.
185 3076 67 21 Plans
261 3079 23 18 to
293 3076 29 22 be
330 3077 70 28 ready
410 3080 33 20 Ist
450 3080 94 23 Decem-

108 3103 47 28 ber,
169 3104 58 21 1842.

82 3137 113 22 District
206 3145 27 13 of
242 3137 104 27 Horoki,
358 3140 123 28 extending
490 3142 53 22 from

109 3171 54 14 near
174 3164 89 22 Section
273 3166 33 26 10,
318 3165 116 28 Kinapora
443 3168 100 28 District,

109 3191 93 22 towards
225 3191 38 22 the
287 3195 61 18 coast
370 3196 25 18 at
419 3194 125 24 Wai-kanai

108 3218 106 27 probably
567 3225 40 21 150

98 3243 78 29 [Plans
186 3249 21 17 to
217 3245 28 22 be
254 3245 71 29 ready
335 3248 33 20 Ist
378 3247 133 28 December,
524 3250 67 29 1842.]

83 3277 111 23 District
223 3286 27 15 of
283 3279 84 23 Loury
400 3282 58 28 Bay,
494 3283 51 22 Port

111 3305 119 23 Nicholson
593 3314 13 20 5

225 3332 79 28 [Plans
313 3342 51 14 now
373 3336 92 29 ready.]

82 3358 109 28 Porirua,
203 3361 133 28 Kinapora,
345 3363 44 21 and
395 3364 85 28 sundry
485 3367 58 25 parts

108 3387 82 22 around
200 3388 53 22 Port
262 3389 124 22 Nicholson
578 3396 28 21 38

95 3412 77 27 [Plans
179 3417 23 19 to
211 3415 27 22 be
248 3416 70 27 ready
329 3418 32 20 Ist
372 3417 138 29 November,
522 3419 68 29 1842.]

80 3443 111 25 District
201 3455 27 14 of
237 3448 148 28 Manawatu,
395 3449 38 23 the
443 3451 100 22 Sections

108 3473 79 22 extend
214 3474 66 28 along
310 3476 37 21 the
370 3476 60 23 bank
454 3478 26 22 of
505 3478 36 22 the

107 3499 66 23 River
181 3500 70 23 above
261 3502 63 22 those
332 3503 68 27 given
412 3507 39 19 out
465 3509 24 18 at
504 3506 37 22 the

106 3525 42 22 last
160 3527 112 29 selection,
291 3530 80 22 thence
390 3533 22 19 to
433 3532 38 22 the
490 3532 50 22 hills

106 3553 41 21 and
157 3555 106 27 comprise
278 3559 25 18 at
318 3557 57 22 least
562 3563 41 21 800

98 3579 75 26 [Plans
183 3584 21 19 to
214 3582 28 21 be
251 3583 69 27 ready
331 3585 32 20 Ist
372 3585 134 29 December,
519 3589 66 27 1842.]

79 3610 46 23 The
135 3612 62 22 Field
202 3613 68 23 .Plots
278 3622 54 21 may
344 3615 28 22 be
385 3624 53 15 seen
456 3622 24 19 at
492 3619 37 22 the
544 3624 86 23 present

51 3639 53 20 time
113 3641 23 18 at
145 3639 36 23 the
191 3641 84 28 Survey
285 3642 98 22 Stations
398 3645 27 21 of
434 3645 39 23 the
490 3648 79 21 several
583 3648 45 23 dis-

52 3665 59 21 tricts
120 3667 150 28 respectively.
465 3687 3 3 .
489 3683 2 5 ,

78 3697 28 22 In
113 3700 63 23 order
186 3704 21 19 to
217 3702 167 23 accommodate
393 3705 38 21 the
440 3706 89 24 holders
539 3709 21 22 of
566 3711 62 25 early

52 3727 91 26 choices,
155 3733 165 23 arrangements
329 3730 57 23 have
402 3732 57 23 been
475 3735 63 22 made
548 3736 30 23 for
588 3738 38 22 the

51 3755 62 24 party
123 3756 121 26 possessing
260 3756 39 22 the
315 3757 49 22 first
372 3758 66 23 order
455 3761 25 21 of
487 3761 77 27 choice,
576 3772 50 15 suc-

50 3780 104 28 cessively
162 3782 91 28 making
268 3783 59 22 their
341 3784 106 24 selection
458 3791 22 18 at
495 3788 37 23 the
545 3791 79 25 Survey

52 3810 67 18 utnee
130 3815 23 14 as
162 3816 52 15 soon
224 3817 25 15 ai
258 3810 38 22 the
306 3810 67 23 Plans
383 3819 38 15 are
430 3814 75 28 ready.

287 3843 94 22 Samuel
396 3845 108 24 Charlei
519 3848 76 31 Breei,

388 3878 235 35 Principal-Surveyor.

48 3920 34 42 JJ
84 3921 20 22 U
105 3923 33 23 ST
151 3925 129 29 OPENED,
289 3928 45 23 and
345 3936 28 15 on
384 3930 51 23 Sale
445 3935 23 19 at
478 3932 36 24 the
525 3935 64 25 Office
600 3938 26 22 of

48 3952 25 15 v
109 3952 42 21 thw
160 3952 76 29 Paper,
245 3954 40 23 iak
296 3956 76 23 stands
383 3958 28 21 of
416 3959 88 23 various
514 3961 57 25 liiM.

680 720 91 49 MR.
787 719 85 22 JOHN
887 720 97 22 WADE
994 721 18 21 is
1021 721 122 21 instructed
1154 724 21 18 to
1185 720 41 22 sell
1235 720 30 27 by

769 746 106 28 Auction,
888 753 27 15 on
935 746 36 22 the
981 748 115 26 premises,
1108 755 27 14 on
1147 747 116 27 Saturday,

677 772 36 21 the
724 772 60 22 22nd
793 773 103 27 October,
909 774 60 26 1842,
982 778 24 17 at
1020 776 11 20 1
1050 774 84 21 o'clock
1148 774 114 28 precisely!

679 799 36 21 the
726 800 90 21 interest
826 801 26 20 of
860 800 37 21 the
908 800 82 22 Lessee
1002 800 97 27 (Robert
1112 802 117 26 Sturgeon)
1241 803 22 19 in

678 825 36 22 the
724 826 60 22 lease
796 827 27 20 of
833 826 29 22 all
872 827 49 22 that
930 827 63 27 piece
1010 835 24 14 or
1049 828 75 26 parcel
1135 828 25 21 of
1173 828 52 21 land
1241 835 24 14 or

676 853 86 26 ground
781 853 45 22 and
844 854 113 27 premises,
978 854 98 21 situated
1095 861 28 14 on
1143 854 121 22 Lambton-

676 886 65 20 qua>,
751 884 49 23 part
810 880 26 21 of
841 884 59 19 town
910 887 50 15 acre
969 880 42 22 No.
1018 882 43 20 486
1071 887 27 14 on
1109 880 36 22 the
1155 882 109 26 Surveyor

677 906 115 21 General's
813 907 55 22 Plan
893 907 25 21 of
939 907 37 21 the
1001 907 50 26 City
1076 908 25 20 of
1122 908 140 27 Wellington,

675 932 107 23 beunded
791 941 29 13 on
831 934 37 21 the
879 938 48 17 east
941 934 30 26 by
982 934 189 27 Lambton-quay,
1183 942 29 14 on
1227 935 36 21 the

676 960 66 21 sonth
760 960 31 26 by
809 963 51 23 part
882 960 26 21 of
921 960 43 26 .the
983 968 61 14 same
1068 960 123 28 allotment,
1214 969 49 14 now

677 987 107 26 occupied
799 987 31 27 by
840 987 89 25 George
946 986 79 23 Clarke
1046 987 54 26 (late
1117 988 87 27 Wright
1220 989 43 21 and

677 1012 97 27 Clarke),
787 1014 44 20 and
846 1021 27 14 on
886 1014 36 21 the
934 1018 54 17 west
997 1014 45 21 and
1052 1014 65 21 north
1126 1014 29 28 by
1164 1016 99 26 portions

675 1039 26 21 of
717 1040 37 21 the
771 1047 61 14 same
847 1040 131 27 allotment;
995 1040 82 28 having
1093 1049 13 14 a
1121 1042 100 26 frontage
1241 1046 21 17 to

677 1066 183 28 Lambton-quay
878 1068 26 21 of
915 1068 26 21 25
959 1068 52 26 feet,
1022 1068 47 21 and
1087 1076 13 13 a
1115 1068 66 27 depth
1199 1069 26 21 of
1236 1070 25 20 95

674 1093 45 21 feet
729 1101 24 14 or
770 1094 62 21 there
843 1094 86 22 abouts.
959 1095 88 22 Leased
1058 1098 22 17 to
1096 1095 37 21 the
1144 1099 76 18 tenant
1229 1096 34 21 for

673 1120 102 23 fourteen
785 1128 71 19 years,
867 1121 58 22 from
941 1121 37 22 the
995 1122 51 22 17th
1065 1122 58 21 June
1140 1124 58 25 1841,
1211 1122 51 21 with

673 1146 39 23 the
720 1147 75 27 option
803 1148 25 21 of
836 1148 121 27 extending
967 1148 54 22 such
1028 1149 62 22 lease
1100 1152 22 18 to
1129 1152 132 23 twenty-one

673 1181 72 18 years.
774 1174 66 26 Rent,
851 1175 47 22 £25
905 1182 40 20 per
953 1183 60 19 year,
1023 1176 97 27 payable
1130 1176 133 27 quarterly.^

703 1202 35 20 On
748 1201 38 22 the
795 1202 56 21 land
863 1202 61 21 there
934 1209 37 14 are
982 1206 41 17 two
1032 1202 130 22 substantial
1170 1204 90 20 wooden

673 1227 88 28 houses,
773 1228 31 21 let
813 1232 24 17 to
846 1229 138 27 respectable
995 1232 96 24 tenants,
1103 1229 44 22 and
1155 1229 108 27 realizing

675 1261 12 14 a
698 1259 48 17 rent
758 1255 25 21 of
789 1255 48 22 £60
846 1263 39 23 per
893 1262 62 20 year.

702 1281 22 21 It
733 1282 19 21 is
761 1276 96 27 situated
866 1282 22 21 in
905 1281 36 22 the
957 1285 57 18 most
1028 1282 132 28 flourishing
1174 1286 51 24 part
1240 1284 25 21 of

675 1307 37 22 the
722 1312 66 22 town,
798 1308 49 23 and.
854 1308 43 21 will
913 1315 68 20 prove
997 1315 27 14 an
1035 1309 127 22 invaluable
1177 1310 41 21 site
1228 1310 34 21 for

673 1334 110 28 business,
793 1335 65 22 when
870 1335 36 22 the
915 1336 115 26 projected
1040 1336 174 26 improvements
1225 1344 36 15 are

674 1362 133 26 completed.

735 1390 77 20 Torms
813 1400 27 3 —
842 1390 21 20 A
872 1388 59 27 good
941 1388 47 26 bill,
1000 1391 23 18 at
1033 1389 63 21 three
1105 1390 95 22 months.

902 1434 41 19 On
964 1433 69 25 Sale,

675 1461 92 49 THE
781 1460 76 22 BEST
871 1460 76 21 CASE
964 1460 64 27 GIN,
1044 1460 24 22 in
1079 1468 61 15 cases
1154 1462 43 22 and
1214 1461 51 23 half

749 1494 67 15 cases.

990 1514 83 22 Waitt
1090 1515 45 21 and
1148 1515 84 23 Tyser.

702 1541 58 22 June
771 1543 31 25 24,
816 1542 60 20 1842.

816 1600 4 14 (
845 1587 94 20 Wines
953 1586 30 20 in
998 1587 91 20 wood.

675 1620 71 48 ON
762 1620 78 22 SALE
854 1620 31 27 by
895 1619 38 22 the
943 1619 158 28 undersigned,
1112 1620 57 23 from
1180 1628 42 15 one
1237 1621 26 21 of

750 1647 38 21 the
797 1647 49 21 first
854 1646 96 22 London
961 1646 83 22 houses
1046 1658 27 3 —

702 1674 81 22 Choice
807 1674 60 26 Port,
892 1673 89 27 Sherry,
1007 1674 110 27 Madeira,
1142 1674 116 27 Teneriffe,

677 1701 85 28 Alican,
783 1701 45 21 and
847 1701 118 26 Taragoua
988 1701 76 26 wines,
1084 1701 24 21 in
1126 1701 68 22 bottle
1216 1702 43 22 and

674 1731 89 24 quarter
772 1728 70 26 casks,

701 1755 53 22 Port
764 1755 42 21 and
817 1755 62 21 Sheri
885 1762 15 19 y
909 1754 25 21 in
946 1762 70 14 cases.

954 1781 22 21 J.
993 1781 33 22 M.
1042 1781 102 28 Taylor,
1160 1783 32 21 Te
1204 1783 52 21 Aro.

701 1809 96 21 October
808 1810 33 25 14,
853 1810 60 20 1842.

794 1855 41 20 On
850 1854 69 25 Sale,
935 1860 36 14 ex

729 1888 129 22 UNTER'S
873 1895 115 20 preserves
1002 1888 46 20 and
1058 1887 84 22 bottled
1158 1888 63 22 fruits
1235 1888 23 21 in

677 1913 51 23 >JT
755 1915 98 21 assorted
872 1922 68 19 cases,
960 1914 86 22 bottled
1064 1915 97 27 vinegar,
1173 1922 83 19 sauces,

672 1941 92 28 herring
773 1945 69 23 paste,
853 1945 50 22 pate
913 1948 30 14 au
953 1941 80 26 diable,
1044 1941 92 28 pickles,

700 1969 81 21 Choice
793 1968 102 22 Chedder
906 1968 79 21 cheese
995 1969 45 20 and
1051 1968 172 27 confectionery,

687 2013 3 3 .
699 1995 173 21 London-made
882 1995 90 21 saddles
982 1995 145 26 and^bridles,

699 2020 138 22 Bush-made
846 2021 88 21 saddles
945 2021 43 21 and
998 2021 89 27 bridles,

699 2049 56 25 10-4,
769 2049 56 25 11-4,
837 2048 44 20 and
892 2049 52 20 12-4
952 2048 111 26 blankets,
1074 2048 109 27 coloured,

699 2075 51 21 12-4
760 2081 51 19 rugs
821 2074 44 22 and
876 2077 171 24 counterpanes,
1060 2074 64 21 toilet
1133 2082 83 20 covers,

699 2102 115 20 Women's
823 2105 67 23 stays,
902 2101 40 21 red
952 2101 74 27 shirts,

699 2128 52 22 Two
760 2135 60 14 cases
830 2128 140 22 fashionable
981 2128 84 27 shaped
1074 2128 102 27 bonnets,

699 2155 98 21 Ribbons
808 2155 45 21 and
863 2155 91 27 general
963 2155 121 27 millinery,

699 2183 74 21 Coffee
783 2182 22 21 in
816 2182 63 27 bags,

699 2209 75 22 Green
785 2212 35 18 tea
830 2209 23 21 in
864 2209 74 21 chests
946 2209 46 21 and
1001 2209 50 21 half
1059 2208 79 27 chests,

699 2237 62 26 Oars,
772 2236 76 22 mould
860 2235 97 27 candles,

699 2263 63 22 Nails
773 2263 24 21 of
803 2270 68 20 every
880 2263 143 26 description,

698 2289 80 23 Tinn'd
791 2293 35 18 tea
837 2290 87 26 kettles,
938 2297 132 20 saucepans,
1081 2291 48 27 &c,

698 2317 75 21 White
782 2317 58 27 lead,
851 2317 82 28 paints,
945 2324 61 21 soap,
1018 2318 40 21 &c.
1070 2317 40 21 &c.

983 2349 22 21 J.
1021 2349 34 22 M.
1071 2349 100 23 Taylor,

1133 2377 31 21 Te
1173 2378 55 21 Aro.

698 2403 97 21 October
803 2404 34 25 11,
849 2404 61 21 1842.

900 2449 41 20 On
955 2449 71 25 Sale,

668 2482 139 48 POLICE
823 2481 91 22 DARK
929 2481 176 28 LANTERNS,

741 2509 121 22 American
874 2516 76 14 ovens.

984 2535 22 22 J.
1023 2536 33 21 M.
1071 2536 102 28 Taylor,

1127 2564 32 22 Te
1173 2564 55 22 Aro.

695 2589 97 22 October
802 2592 33 25 11,
848 2592 60 21 1842.

755 2636 42 20 On
811 2636 69 25 Sale,
897 2641 36 16 ex
1119 2636 43 21 &c.

665 2669 167 48 MARINE
846 2669 222 27 BAROMETERS,

757 2696 133 27 Quadrants,
902 2699 107 24 sextants,

692 2723 161 26 Hydrometers
863 2724 43 21 and
917 2723 54 22 saxh
975 2731 37 14 aro
1015 2726 88 25 meters,

692 2749 185 28 Thermometers,
887 2750 63 28 spirit
958 2750 76 28 levels,

692 2777 107 27 Drawing
806 2778 153 26 instruments,
973 2778 128 28 telescopes,

677 2810 3 3 •
693 2803 48 27 Log
750 2805 44 20 and
802 2804 56 21 hour
868 2804 90 27 glasses,
969 2805 41 22 &c.
1021 2806 41 21 &c.

1008 2839 22 21 J.
1047 2839 33 22 M.
1096 2841 101 26 Taylor,

1129 2868 32 22 Te
1170 2869 55 21 Aro.

666 2890 98 22 October
774 2893 31 24 11,
817 2893 60 20 1842.

694 2935 39 20 To
745 2935 199 26 Ship-builders
959 2937 56 20 and
1030 2937 194 27 Ship-owners.

668 2968 71 49 ON
754 2968 78 23 SALE
846 2970 30 26 by
886 2970 38 21 the
934 2970 151 28 undersigned
1092 2979 5 13 :
1098 2983 29 4 —

731 2996 103 21 Anchors
846 2997 26 21 of
882 2996 31 22 all
922 2997 64 27 sizes,

694 3022 70 22 Chain
775 3022 72 22 cables
858 3024 43 21 and
917 3024 61 22 short
992 3024 79 22 linked
1087 3025 82 28 chains,
1181 3027 71 23 tested

665 3048 30 28 by
705 3057 14 14 a
727 3049 134 28 hydrostatic
872 3051 87 27 engine,
968 3051 101 23 assorted
1078 3053 56 22 sizes
1143 3054 43 22 and
1197 3062 54 14 war-

665 3076 84 28 ranted,

692 3103 106 22 Bitheads
807 3104 46 22 and
861 3112 63 20 spare
936 3105 108 28 shackles,

692 3130 112 22 Windlass
814 3133 67 21 metal
891 3132 25 22 in
926 3133 109 27 complete
1046 3137 61 24 setts,

692 3158 112 22 Mariners
814 3166 131 20 compasses,

692 3184 46 22 Sail
748 3191 92 17 canvass
849 3186 45 22 and
904 3187 73 26 twine,

692 3211 71 28 Pitch,
775 3215 39 24 tar,
826 3213 40 22 &c.
878 3214 39 22 &c.

1027 3242 90 23 Willis
1127 3251 45 14 and
1183 3245 39 21 Co.

664 3264 98 23 October
772 3267 32 25 11,
815 3267 63 22 1842.

664 3309 40 21 To
719 3310 165 27 Merchants,
901 3313 113 26 general
1035 3314 214 28 Store-keepers,

934 3340 46 19 &c.

663 3370 52 48 A
729 3370 219 24 RESPECTABLE
962 3373 115 23 YOUNG
1091 3375 73 23 MAN
1173 3384 76 15 accus-

743 3398 74 21 tomed
826 3401 23 19 to
858 3398 38 22 the
905 3400 94 26 general
1007 3405 60 18 store
1077 3401 108 30 business,
1195 3405 19 20 is
1224 3405 24 21 in

663 3427 61 18 want
740 3424 26 22 of
776 3432 14 14 a
804 3425 103 23 situation
922 3434 26 14 a3
964 3427 106 23 assistant
1086 3436 24 14 or
1124 3431 61 22 clerk
1199 3431 23 22 in
1236 3439 13 14 a

663 3450 134 23 merchants'
805 3453 129 22 warehouse
951 3461 25 15 or
989 3455 92 26 general
1091 3460 64 20 store.
1183 3458 38 22 He
1230 3458 19 23 is

663 3477 99 23 desirous
772 3479 26 21 of
806 3480 87 27 getting
908 3481 152 28 employment
1075 3483 73 23 where
1163 3485 28 22 he
1207 3492 42 15 can

661 3511 99 21 improve
770 3505 91 23 himself
872 3508 24 22 iv
911 3509 131 22 mercantile
1060 3511 80 27 affairs,
1152 3512 43 22 and
1204 3512 45 23 will

661 3531 51 27 give
722 3532 33 22 his
764 3533 94 23 services
873 3535 35 22 for
922 3542 15 14 a
952 3542 55 21 very
1016 3537 116 23 moderate
1146 3546 102 16 remune-

661 3559 85 21 ration.

689 3586 200 28 Mostrespectable
896 3589 125 24 references
1032 3598 42 15 can
1082 3591 30 22 be
1121 3592 74 28 given,
1203 3594 45 22 and

661 3613 96 28 security
766 3613 20 21 if
797 3616 110 26 required.

687 3640 76 27 Apply
774 3643 22 19 to
806 3641 45 23 Mr.
862 3643 55 27 Roe,
929 3646 24 19 at
962 3643 39 23 the
1013 3646 88 20 Gazette
1114 3646 76 24 Office.

659 3667 143 28 Wellington,
815 3669 96 23 October
921 3672 32 25 11,
966 3673 61 20 1842.

879 3716 54 21 For
948 3716 70 26 Sale,

657 3747 53 49 A
724 3746 59 28 good
801 3747 133 24 substantial
953 3750 51 22 well
1026 3751 60 22 built
1108 3752 68 23 house
1199 3754 46 22 and

736 3774 113 28 premises,
874 3776 54 22 with
952 3784 14 15 a
990 3778 129 23 Publican's

657 3801 95 23 License
767 3802 110 29 attached,
896 3803 23 23 in
940 3812 14 14 a
974 3806 160 28 commanding
1150 3808 44 21 and
1210 3807 34 22 in-

656 3829 101 27 creasing
781 3829 183 28 neighbourhood
986 3832 25 21 in
1034 3832 144 28 Wellington,
1199 3834 45 23 and

655 3855 52 23 well
716 3855 86 28 worthy
814 3857 40 21 the
871 3859 110 21 attention
995 3859 27 21 of
1036 3859 67 22 small
1117 3861 126 27 capitalists.

655 3883 48 22 The
719 3885 67 20 terms
800 3884 122 27 moderate,
943 3885 47 22 and
1008 3893 52 20 may
1075 3886 28 21 be
1117 3887 82 23 known
1214 3888 29 28 by

655 3910 108 29 applying
773 3913 22 19 to

816 3937 23 23 J.
854 3938 131 28 Zillwood,
995 3939 220 26 Wiltshire-Tavern.

681 3964 224 29 Hawkstone-street,
917 3966 89 27 August
1016 3968 33 26 19,
1061 3968 60 28 1842,
