2540 4039
1911 130 220 25 WHOLESALE
2160 132 125 24 PRICES
2319 133 170 27 CURRENT.

1925 3564 39 17 The
1976 3565 49 15 New
2035 3564 95 17 Zealand
2142 3565 91 18 Gazette
2239 3568 37 16 and
2288 3568 132 18 Wellington
2433 3570 55 16 Spec-

1905 3589 64 13 tator
1973 3585 17 16 is
1997 3584 94 21 published
2097 3590 55 16 every
2158 3586 113 23 Wednesday
2281 3590 38 15 and
2330 3591 90 18 Saturday.
2441 3591 43 17 Sub-

1903 3606 61 20 joined
1971 3610 31 12 are
2009 3606 30 15 the
2046 3609 63 14 terms:
2110 3614 23 4 —

1925 3627 64 16 Price
1996 3630 24 12 op
2027 3631 40 12 the
2074 3627 96 16 Paper.—
2170 3628 54 21 Forty
2229 3630 87 21 shillings
2322 3635 31 14 per
2363 3636 73 16 annum,
2445 3636 43 16 pay-

1904 3647 39 17 able
1950 3647 19 16 in
1976 3647 89 19 advance;
2076 3652 20 12 or
2102 3652 35 12 one
2143 3649 75 21 shilling
2225 3651 28 16 for
2258 3652 61 20 single
2325 3653 88 17 numbers.

1926 3668 154 17 Advertisements
2087 3669 37 16 will
2130 3671 33 15 not
2169 3675 65 17 appear
2244 3672 19 17 in
2276 3674 31 15 the
2317 3678 77 16 ensuing
2403 3675 83 18 number,

1905 3689 16 16 if
1928 3689 83 16 received
2018 3689 45 17 later
2070 3689 44 17 than
2126 3691 19 15 10
2152 3690 73 22 o'clock,
2233 3697 48 16 a.m.,
2288 3698 24 12 on
2320 3694 30 17 the
2357 3694 89 22 mornings
2453 3696 30 15 be-

1904 3710 38 16 fore
1954 3710 118 20 publication.
2093 3711 157 19 Advertisements
2263 3715 39 15 will
2312 3715 23 16 be
2345 3717 94 15 continu-sd
2446 3715 36 17 and

1905 3731 77 19 charged
1992 3730 49 17 until
2051 3734 164 20 counter-ordered;
2225 3736 47 15 such
2278 3736 53 16 order
2337 3738 48 15 must
2392 3737 19 16 be
2418 3739 40 14 sent
2465 3737 19 14 to

1905 3751 30 17 the
1945 3751 56 16 Office
2012 3753 36 15 two
2065 3753 44 21 days
2127 3754 61 17 before
2199 3756 117 20 publication,
2327 3757 36 16 and
2372 3758 48 16 must
2430 3758 21 16 be
2461 3757 20 16 in

1904 3774 79 18 writing.
2007 3773 154 18 Advertisements
2175 3776 81 17 received
2275 3777 52 21 after
2344 3778 20 17 10
2379 3778 65 16 o'clock
2458 3781 24 13 on

1905 3793 82 20 Tuesday
2001 3794 36 16 and
2048 3795 13 15 f
2062 3795 50 21 riday
2123 3797 93 20 mornings
2225 3798 38 16 will
2274 3798 22 17 be
2307 3798 76 21 charged
2394 3798 49 18 twice
2451 3798 31 16 th»

1905 3814 52 16 usual
1963 3815 54 15 rates.

1924 3835 31 16 All
1962 3835 67 19 orders,
2040 3836 157 21 advertisements,
2208 3838 35 17 and
2254 3840 159 17 communications
2425 3842 18 14 to
2454 3840 30 16 th«

1905 3856 68 19 Editor,
1980 3860 31 11 are
2017 3858 95 19 requested
2119 3859 17 15 to
2145 3859 21 16 be
2172 3859 97 18 addressed
2276 3862 18 15 to
2300 3861 38 16 this
2345 3861 59 16 Office.

1905 3901 73 16 Printed
1992 3902 37 16 and
2042 3903 96 20 published
2155 3909 55 16 every
2225 3905 114 22 Wednesday
2354 3906 35 16 and
2399 3906 84 19 Saturday

1924 3923 91 20 morning,
2030 3923 23 21 by
2070 3924 84 17 Samuel
2169 3925 43 17 Rev
2213 3930 12 12 a
2228 3931 28 13 us,
2273 3929 19 14 at
2307 3927 32 17 the
2354 3927 51 16 Office
2420 3931 19 12 01
2450 3929 32 13 t&e

1925 3944 48 16 Nbw
1988 3944 98 16 Zealavd
2096 3946 92 16 Gazittb
2200 3951 40 13 axd
2253 3947 134 17 Wellington
2403 3948 81 16 Skcta-

1924 3968 44 15 tor,
1980 3965 155 21 Mannew-m**,
2143 3967 115 21 Wollinftoo,
2271 3969 43 17 Port
2327 3968 101 20 Nfefaolion,
2441 3968 42 16 K««r

578 40 98 47 €%t
700 40 118 42 W*t»
844 41 205 40 Zmimb
1075 41 190 47 i&attttt
1289 43 91 38 mb
1406 42 299 46 iSßtiUtttgtoit
1728 40 255 48 gbpirta*o?«

2249 197 16 17 £
2289 202 15 12 a.
2328 197 17 16 d.
2399 198 17 16 £
2438 204 14 12 i.
2477 201 20 16 <j.

1911 223 66 21 Alb:
1992 223 28 21 In
2028 223 77 27 bottle,
2113 231 41 20 per
2163 224 68 22 hhd..
2251 225 14 22 7
2293 227 14 20 0
2333 227 14 20 0
2364 240 18 6 ..
2401 228 13 19 0
2441 229 13 19 0
2481 232 13 18 0

2086 258 40 19 per
2131 251 100 21 barrel..
2250 253 13 20 5
2293 254 14 19 0
2333 254 14 19 0
2364 267 18 6 ..
2400 254 13 20 0
2441 256 13 19 0
2481 258 13 19 0

2085 284 40 20 per
2134 277 46 22 d0z.
2186 292 46 6 ....
2251 280 54 20 013
2333 280 14 20 0
2363 293 5 6 .
2375 293 5 6 .
2400 281 13 19 0
2441 282 12 19 0
2480 284 17 19 a

1911 302 100 22 Arrack
2019 310 5 14 :
2039 303 43 21 Per
2090 304 45 25 gal.
2145 305 24 20 in
2177 304 62 22 bond
2252 307 14 19 0
2295 307 11 19 1
2334 307 13 19 9
2365 320 4 6 .
2376 320 6 6 .
2401 307 14 20 0
2441 308 14 21 2
2480 313 14 19 0

1910 329 81 21 Bread
1999 336 5 14 :
2020 329 41 22 Per
2069 329 45 23 21b.
2126 330 50 22 loaf
2253 334 14 19 0
2295 334 13 19 0
2334 332 80 22 7..0
2441 335 13 19 0
2481 337 12 18 0

1911 355 61 22 Beef
1980 364 5 13 :
2001 355 75 28 Fresh,
2095 364 88 14 carcase
2198 364 42 21 per

2027 382 23 22 lb
2250 387 15 20 0,
2292 386 12 19 0
2320 386 25 21 10
2362 399 17 7 ..
2399 387 13 20 0
2440 387 13 20 0
2479 389 13 19 0

2019 409 53 26 Salt,
2082 416 40 20 per
2135 411 66 21 tierce
2216 425 5 5 .
2228 425 6 6 .
2274 418 58 16 none
2364 414 131 21 ..000

2020 435 42 21 Do.
2072 443 40 20 per
2126 436 72 22 barrel
2215 451 5 6 .
2227 452 6 5 .
2274 445 58 15 none
2363 453 4 5 .
2374 454 5 5 .
2399 441 13 19 0
2441 441 12 19 0
2480 442 13 19 0

1910 462 95 22 Butter
2011 469 6 14 :
2032 462 65 27 Irish,
2107 470 40 20 per
2155 463 29 22 lb.
2216 478 6 6 .
2229 478 6 6 .
2272 471 60 16 none
2363 479 5 6 .
2374 480 6 6 .
2400 468 13 19 0
2441 467 12 20 0
2481 470 14 18 0

2032 488 67 23 Fresh
2253 493 14 20 0
2294 493 13 21 3
2334 493 13 19 3
2365 506 17 6 ..
2401 494 14 20 0
2443 494 12 20 0
2481 496 14 19 0

1910 521 82 16 J7RANU
1997 523 11 13 r
2015 523 5 13 :
2035 515 58 22 First
2099 517 92 26 quality,
2198 524 41 21 per

2058 542 76 27 gallon
2144 543 22 21 in
2179 543 59 22 bond
2252 546 13 20 0
2295 544 12 23 7
2334 546 13 20 0
2365 559 4 7 .
2376 560 5 6 .
2401 547 12 20 0
2442 547 13 20 9
2481 550 14 18 0

1910 568 88 22 Brown
2017 569 85 21 Stout:
2126 576 40 21 per
2180 569 52 23 hhd.
2248 573 13 19 6
2277 573 27 19 10
2332 573 12 19 0
2361 586 17 6 ..
2400 573 13 21 7
2441 574 12 20 0
2480 576 12 19 0

1911 595 100 22 Cigars:
2023 595 101 28 Manilla,
2132 603 40 20 per
2177 597 60 26 1000,
2252 599 13 19 3
2295 600 13 19 0
2334 600 46 19 0..
2401 601 12 19 0
2442 601 13 19 0
2481 602 14 19 0

2020 622 95 22 Inferior
2253 625 54 21 118
2333 627 47 19 0..
2399 627 14 19 2
2441 627 13 20 0
2481 629 12 19 0

2020 649 217 27 Havannah,perlb.
2272 658 60 15 none
2363 654 49 20 ..0
2441 653 13 21 0
2480 656 12 19 0

2020 675 166 28 Chinsurahper
2192 677 70 22 10001
2280 679 26 20 10
2333 679 12 20 0
2363 693 16 6 ..
2399 681 13 19 0
2439 681 14 19 0
2479 682 12 19 0

2020 701 153 23 Alexandrian
2185 705 120 21 ....110
2332 706 80 21 0..0
2439 707 14 20 0
2480 709 12 19 0

1910 729 88 21 Coffee
2005 736 5 14 :
2022 729 63 27 Java,
2095 737 40 20 per
2143 730 23 22 lb
2250 733 14 19 0
2293 733 13 19 0
2321 733 25 20 10
2363 746 16 6 ..
2399 734 13 20 0
2441 734 10 20 1
2479 735 15 19 3

1910 756 91 21 Cheese
2008 763 5 13 :
2029 755 104 23 Cheshire
2250 759 14 19 0
2293 759 11 19 1
2332 759 80 21 6..0
2440 761 13 19 0
2480 762 13 19 0

2027 783 54 21 Pine
2092 783 74 27 Apple
2251 786 13 20 0
2293 787 13 19 0
2333 787 79 20 0..0
2442 788 9 19 1
2479 788 13 20 2

2027 809 74 21 Dutch
2252 813 13 19 0
2293 813 14 19 0
2334 813 46 19 0..
2420 819 59 15 none

1910 835 106 22 Candles
2024 843 4 13 :
2035 835 93 27 English
2136 844 55 19 wax,
2198 844 41 21 per

2053 862 23 22 lb
2251 867 13 19 0
2292 866 13 20 3
2333 867 12 19 0
2364 880 16 6 ..
2399 868 14 20 0
2441 869 13 19 0
2481 870 10 18 0

2039 889 81 21 Mould
2250 893 13 19 0
2293 893 10 19 1
2333 893 47 20 3..
2399 895 13 19 0
2441 895 12 19 0
2480 896 15 19 0-

2040 915 56 28 Dips
2249 920 14 19 0
2292 919 10 20 1
2332 920 47 19 0..
2398 921 13 19 0
2439 922 13 19 0
2479 923 12 18 0

1910 942 93 22 Flour:
2013 943 129 27 lstquality,
2153 950 39 21 per
2196 947 39 19 ton

2032 969 133 23 of2ooolbs
2234 972 27 20 28
2290 973 14 19 0
2331 974 13 18 0
2361 974 50 20 ..30
2438 975 14 19 0
2479 977 11 19 0

2009 996 44 22 2nd
2064 996 55 22 ditto
2251 999 13 21 0
2292 1000 13 20 0
2333 1000 12 20 0
2363 1001 50 21 ..20
2439 1002 14 19 0
2481 1003 14 19 0'

1910 1023 60 22 Gin:
1992 1023 51 21 Pale
2059 1024 24 20 in
2095 1023 59 22 bond
2250 1027 13 19 0
2291 1027 13 19 3
2332 1027 13 19 0
2361 1041 17 6 ..
2398 1029 13 19 0
2438 1029 14 19 4
2479 1030 15 18 6>

1959 1050 275 27 Case,4gal4-sinbond
2249 1054 13 19 0
2291 1054 13 19 0
2332 1054 12 20 0
2361 1068 17 6 ..
2439 1056 13 20 8
2481 1057 11 19 0

1910 1076 82 22 Hams:
2009 1077 126 27 Yorkshire,
2150 1078 84 27 perlb.
2250 1081 14 19 0
2292 1081 13 19 0
2333 1081 12 20 0
2363 1095 16 6 ..
2399 1083 13 19 0
2440 1083 13 19 0
2481 1084 14 19 0

1909 1103 127 22 Mustard:
2051 1103 43 22 Per
2102 1104 72 22 dozen
2187 1108 77 19 ....0
2279 1107 26 21 18
2333 1109 79 20 0..0
2440 1109 14 20 0
2482 1111 12 18 0

1909 1130 115 22 Mutton:
2044 1131 93 21 Carcase
2147 1138 40 20 per
2194 1131 23 22 lb
2229 1148 5 5 .
2250 1135 14 19 0
2292 1135 13 19 0
2333 1135 12 19 9
2363 1149 16 5 ..
2399 1136 13 20 0
2440 1136 13 20 0
2469 1137 21 19 II

1908 1156 124 22 Muskets:
2048 1157 91 21 Walnut
2145 1158 92 22 stocked
2251 1161 13 19 0
2292 1161 13 19 0
2333 1161 12 20 0
2363 1175 17 7 ..
2399 1163 13 19 0
2429 1163 24 19 15
2483 1164 12 19 0

1907 1183 81 23 JMilk:
2004 1183 42 21 Per
2052 1183 49 27 pint
2251 1188 13 19 0
2292 1188 13 19 0
2333 1188 11 20 3
2363 1202 16 6 ..
2399 1190 13 19 0
2440 1190 13 19 0
2481 1190 12 19 4

1909 1209 57 22 Oil:
1983 1209 102 26 Linseed,
2096 1217 39 20 per
2144 1211 74 25 gallon
2229 1227 5 6 .
2250 1214 14 19 0
2291 1213 13 20 5
2333 1215 12 19 0
2363 1229 16 5 ..
2399 1216 13 20 0
2440 1215 13 21 7
2482 1219 11 18 0

1984 1236 76 26 Black,
2065 1237 23 21 in
2094 1237 171 28 cask,pertonl7
2281 1240 26 20 10
2335 1241 12 19 0
2364 1255 16 6 ..
2400 1243 13 19 0
2441 1244 13 19 0
2481 1245 12 18 0

2022 1264 76 26 Sperm
2234 1267 26 19 75
2290 1267 12 19 0
2332 1267 45 21 0..
2397 1269 13 19 0
2438 1269 13 19 0
2479 1271 11 17 0

1909 1290 78 21 Pork:
2002 1290 75 27 Fresh,
2096 1297 88 15 carcase
2198 1298 40 21 per

2027 1317 21 21 lb
2250 1321 13 19 0
2292 1322 12 19 0
2332 1321 12 20 5
2362 1336 17 5 ..
2398 1324 14 19 0
2439 1324 13 19 0
2479 1326 12 19 0

1909 1343 78 21 Pork:
2003 1343 57 22 Irish
2061 1360 6 13 ;
2078 1351 41 20 per
2127 1344 72 22 barrel
2212 1360 19 5 ..
2250 1348 13 19 0
2292 1349 13 19 0
2333 1349 12 19 0
2363 1363 16 5 ..
2413 1355 58 16 none

1908 1370 131 22 Potatoes:
2060 1371 56 21 New
2130 1371 105 28 Zealand,

2085 1405 38 19 per
2133 1402 38 17 ton
2249 1401 13 19 5
2292 1403 12 18 0
2333 1403 79 20 0..0
2439 1405 13 19 0
2479 1406 13 18 0

1909 1424 94 22 Porter.
2012 1432 5 12 :
2046 1424 101 27 Dunbar,
2159 1426 23 20 in
2191 1425 43 22 bot.

2076 1458 38 20 per
2125 1451 41 22 doz
2250 1455 12 19 0
2279 1455 26 20 13
2332 1457 13 19 0
2362 1470 17 5 ..
2398 1459 14 18 0
2439 1459 13 18 0
2479 1462 12 17 0

2018 1478 84 26 Bryant
2112 1479 45 21 and
2166 1479 68 22 Davis
2250 1482 13 19 0
2292 1483 13 19 0
2332 1483 12 20 0
2361 1497 18 5 ..
2398 1485 14 19 0
2439 1486 13 19 0
2478 1487 12 18 0

1909 1505 98 21 Pickles
2018 1513 5 13 :
2054 1505 116 27 Assoi-ed,
2198 1514 38 19 per

2080 1531 58 26 doz.,
2163 1538 73 21 quarts
2253 1536 8 18 1
2294 1537 10 19 1
2334 1537 12 19 0
2363 1550 17 6 ..
2400 1540 13 18 0
2441 1540 12 18 0
2480 1540 11 18 0

1909 1558 73 22 Pitch
1996 1565 5 13 :
2033 1559 136 27 Stockholm,
2198 1568 38 19 per

2058 1585 71 22 barrel
2252 1590 13 19 0
2293 1590 14 20 0
2334 1591 12 19 0
2363 1604 17 6 ..
2401 1592 11 19 1
2429 1593 25 19 10
2482 1596 11 17 0

1909 1611 82 22 Plank
1998 1619 5 13 :
2032 1612 51 22 Port
2105 1612 130 29 Nicholson,

2057 1646 40 20 per
2106 1641 40 20 100
2155 1640 45 21 feet
2213 1656 5 5 .
2225 1656 6 4 .
2251 1644 13 19 0
2292 1644 13 20 0
2333 1646 12 19 0
2362 1658 5 6 .
2375 1658 5 6 .
2399 1646 10 19 1
2441 1647 8 19 1
2478 1650 12 17 o

1907 1665 59 22 Rice
1973 1674 5 13 :
1992 1666 108 22 Common
2109 1673 40 20 per
2155 1671 47 17 cwt.
2214 1683 4 5 .
2227 1683 5 5 .
2252 1671 13 19 0
2293 1672 12 18 0
2333 1672 12 19 0
2363 1686 5 4 .
2375 1686 5 5 .
2399 1674 14 19 0
2439 1675 13 18 0
2478 1676 12 18 0

1992 1693 63 21 Good
2251 1697 9 20 1
2291 1698 13 19 6
2332 1699 76 20 0..1
2438 1702 12 18 8
2477 1704 13 18 o

1907 1719 56 21 Rum
1971 1728 6 12 :
1994 1720 24 21 P.
2029 1721 24 20 B.
2065 1720 33 25 P.,
2112 1728 40 19 per
2161 1721 75 26 gallon

2031 1747 22 21 in
2067 1747 61 21 bond
2250 1751 12 19 0
2290 1752 15 19 4
2333 1752 11 19 0
2363 1766 17 5 ..
2398 1756 14 17 0
2438 1755 12 18 5
2478 1757 12 18 0

1908 1773 89 22 Sugar:
2014 1774 117 22 Mauritius
2142 1782 40 19 per
2189 1779 47 18 cwt.
2252 1778 13 20 0
2293 1779 13 19 0
2335 1780 12 19 0
2364 1793 17 6 ..
2414 1787 55 14 none

2018 1801 79 21 Brown
2111 1801 55 21 ditto
2248 1804 10 21 1
2275 1805 28 20 14
2331 1807 12 19 0
2360 1820 5 5 .
2373 1820 5 5 .
2395 1807 13 20 2
2437 1810 12 17 0
2476 1811 12 17 o

2018 1827 94 22 Reiined
2128 1829 52 26 loaf,
2197 1837 39 20 per

2043 1855 22 21 lb
2250 1860 13 18 0
2292 1860 13 19 0
2333 1860 13 20 9
2363 1874 17 5 ..
2398 1863 14 18 O
2439 1865 12 16 (.)
2478 1864 14 19 0

2020 1882 92 21 Manilla
2131 1890 40 19 per
2185 1887 47 18 cwt.
2247 1886 13 19 0
2289 1888 13 17 0
2331 1888 12 19 0
2360 1900 18 6 ..
2396 1887 65 22 None

1907 1909 74 20 Salt:
1998 1909 124 27 Liverpool,
2132 1917 40 20 per
2182 1914 37 17 ton
2227 1926 7 5 .
2248 1912 14 20 3
2290 1914 14 19 0
2332 1914 12 20 0
2362 1927 17 6 ..
2396 1916 15 19 4
2437 1919 13 16 v
2477 1918 13 18 0

1907 1935 60 21 Soap
1977 1944 5 13 :
2010 1935 100 22 Hawes's
2133 1937 101 27 London,

2036 1970 36 19 per
2079 1966 39 18 ton
2234 1966 26 19 35
2290 1968 13 18 0
2331 1968 12 19 0
2360 1981 5 5 .
2373 1981 5 5 .
2396 1968 12 19 0
2438 1971 12 18 0
2477 1973 12 17 d

2025 1989 117 27 Liverpool
2233 1993 27 19 26
2289 1994 13 18 0
2330 1995 78 20 0..0
2436 1998 12 17 0
2476 2000 13 16 <j

1907 2015 104 21 Starch:
2027 2015 73 21 Perlb
2248 2019 14 19 0
2290 2021 14 17 O
2331 2021 13 18 9
2361 2033 18 6 ..
2396 2022 13 18 0
2438 2025 12 16 o
2478 2025 13 16 0

1907 2042 143 20 Scantling:
2066 2042 42 21 Per
2114 2043 41 20 100
2164 2042 66 22 feet..
2250 2046 13 19 0
2291 2046 13 19 0
2332 2047 12 19 0
2361 2060 18 5 ..
2398 2048 10 19 1
2438 2051 12 18 0
2478 2053 12 16 o

1907 2069 129 20 Shinglks:
2051 2068 42 21 Per
2100 2070 61 25 1000,
2171 2070 61 21 N.Z.
2250 2072 7 19 1
2292 2072 7 20 1
2331 2074 47 19 0..
2398 2075 9 19 1
2436 2076 12 19 f>
2476 2081 12 15 v

2038 2095 69 27 Ditto,
2131 2095 25 21 V.
2168 2097 28 20 D.
2206 2097 26 21 L.
2247 2098 13 20 2
2289 2100 13 19 0
2331 2101 13 18 0
2360 2114 19 5 ..
2396 2104 13 17 v
2437 2105 12 18 o
2476 2107 13 16 y

1906 2122 62 21 Tar.
1985 2122 54 22 Coal
2249 2126 9 19 i
2289 2126 13 19 5
2332 2128 12 19 0
2361 2140 18 6 ..
2396 2128 14 20 0
2438 2132 12 17 0
2477 2133 13 17 0

1990 2149 126 21 Stockholm
2252 2153 53 20 110
2333 2155 77 20 0..0
2438 2159 12 17 0
2477 2159 13 18 O

1906 2175 48 23 Tea
1961 2184 7 14 i
1979 2177 79 26 Hyson
2063 2175 55 27 skin,
2125 2184 40 19 per
2175 2177 61 22 chest
2250 2180 12 20 7
2291 2180 13 20 7
2332 2182 12 18 0
2361 2182 49 20 ..10
2437 2184 13 19 0
2476 2185 12 18 d

1983 2204 91 26 Congou
2237 2206 27 21 12
2291 2208 14 19 0
2332 2209 78 20 0..0
2437 2211 13 19 0
2476 2213 13 18 0

1905 2229 106 23 Tobacco
2021 2238 4 13 :
2039 2230 141 27 Negrohead,
2197 2239 39 20 per

2064 2257 31 21 lb.
2109 2257 22 21 in
2148 2257 58 22 bond
2248 2262 13 18 0
2291 2262 7 18 1
2331 2262 48 20 0..
2396 2264 13 19 0
2436 2265 13 19 0
2476 2266 14 19 0

1906 2283 163 23 Turpentine:
2086 2285 42 21 Per
2132 2285 97 26 gallon..
2249 2288 13 19 0
2291 2290 13 17 S
2332 2290 13 19 0
2361 2302 18 6 ..
2397 2291 14 18 0
2438 2294 12 17 v
2476 2293 13 19 0

1908 2310 159 22 Wiialuhone:
2084 2311 43 21 Per
2136 2316 38 16 ton
2236 2314 25 20 8.5
2290 2316 14 19 0
2332 2317 12 18 0
2361 2318 49 19 ..90
2436 2319 13 18 0
2475 2321 13 17 0

1907 2337 82 22 Wine:
2006 2338 86 27 Sherry,
2103 2346 40 19 i>er
2151 2339 50 26 pipe
2212 2354 17 5 ..
2234 2342 28 19 28
2290 2343 14 19 0
2332 2344 12 19 0
2361 2344 49 19 ..10
2436 2347 13 17 0
2476 2348 12 17 0

2016 2365 69 27 Ditto,
2101 2372 40 20 per
2154 2366 78 21 dozen.
2248 2369 10 19 1
2288 2370 15 19 4
2331 2371 13 18 0
2360 2383 17 6 ..
2396 2371 12 19 2
2436 2374 12 17 0
2475 2376 11 16 0

2017 2392 58 27 Port,
2085 2399 40 21 per
2135 2392 50 28 pipe
2208 2396 52 19 ..28
2288 2396 14 20 0
2330 2398 78 21 0..60
2435 2399 13 20 0
2474 2400 12 19 0

2083 2426 39 20 per
2132 2422 48 19 doz.
2209 2436 6 4 .
2222 2436 5 5 .
2247 2423 11 20 1
2288 2424 13 19 8
2330 2425 13 19 0
2359 2437 5 5 .
2371 2438 6 5 .
2393 2425 15 20 2
2434 2427 12 19 8
2474 2427 12 19 0

2017 2446 147 28 Champagne,
2179 2446 53 23 ditto
2246 2450 15 19 2
2288 2450 13 19 5
2330 2452 13 19 0
2359 2464 18 6 ..
2394 2452 13 20 3
2424 2452 24 21 10
2474 2454 12 19 0

1906 2472 122 22 Poultry:
2044 2474 77 26 Fowls,
2128 2481 41 19 per
2175 2475 59 25 pair.
2249 2478 14 19 0
2292 2478 12 19 8
2333 2479 13 19 0
2361 2492 18 5 ..
2396 2481 15 18 O
2425 2481 25 18 Jli
2476 2482 13 18 0

2043 2500 83 27 Ducks,
2137 2501 56 21 ditto
2212 2517 18 5 ..
2249 2506 13 18 0
2278 2505 26 19 16
2332 2506 13 19 0
2361 2518 18 6 ..
2396 2507 13 18 0
2437 2508 13 18 0
2476 2508 12 18 0

2044 2528 77 26 Geese,
2133 2528 56 21 each
2210 2544 6 5 .
2224 2544 5 5 .
2249 2531 11 20 1
2289 2533 14 18 o
2330 2533 35 19 o•
2372 2546 6 5 .
2396 2535 12 18 0
2436 2536 12 17 0
2476 2538 11 15 v

2042 2554 107 27 Turkeys,
2161 2555 54 22 each
2250 2558 10 19 1
2291 2559 14 19 0
2332 2560 34 19 0.
2374 2573 6 5 .
2398 2561 12 19 0
2438 2562 12 18 0
2477 2563 13 17 0

2043 2581 101 27 Pigeons,
2155 2583 77 27 (wild,)

2066 2615 41 19 per
2116 2609 48 26 pair
2248 2612 14 19 O
2290 2612 14 19 0
2331 2613 79 21 0..0
2436 2615 13 19 2
2478 2615 12 19 0

2041 2634 84 26 Ducks,
2133 2635 96 22 do.-cio..
2248 2639 14 19 0
2290 2638 12 19 5
2332 2641 12 18 0
2361 2653 18 6 ..
2397 2642 13 19 0
2438 2643 13 18 0
2478 2643 11 17 0

1904 2661 62 21 Eggs
1974 2669 6 13 :
1996 2661 43 22 Per
2048 2660 71 22 dozen
2248 2666 15 18 O
2290 2665 14 20 3
2331 2667 49 19 0..
2397 2669 13 18 0
2438 2669 14 19 0
2478 2670 14 18 O

1905 2715 77 22 Cows:
1997 2714 70 22 Milch
2234 2719 28 20 20
2289 2720 14 19 0
2330 2721 14 19 0
2360 2721 49 21 ...'lO
2436 2723 14 19 0
2477 2723 11 19 0

1905 2742 86 22 Makes
1998 2749 4 14 :
2018 2742 73 21 Brood
2233 2746 28 19 50
2288 2747 14 19 0
2330 2748 14 19 0
2359 2760 6 6 .
2372 2760 6 7 .
2384 2749 26 19 90
2437 2749 13 20 0
2477 2750 12 19 0

1905 2768 117 23 Working
2039 2769 131 22 Bullocks:
2193 2770 42 23 Per

1932 2796 50 27 pair
2236 2800 28 20 40
2292 2801 13 19 0
2332 2801 14 20 0
2362 2802 50 20 ..60
2439 2803 13 19 0
2477 2803 13 19 0

1905 2822 65 22 Hire
1981 2830 27 14 of
2019 2830 66 14 ditto
2092 2831 5 13 :
2114 2824 42 21 Per
2164 2824 49 28 day,
2223 2832 12 15 a

1933 2854 61 17 team
2004 2850 45 21 and
2055 2850 74 22 driver
2251 2854 11 19 1
2292 2855 13 19 0
2333 2855 78 21 0..2
2438 2857 13 19 0
2477 2857 13 19 0

1906 2876 88 23 Sheep:
2011 2876 59 23 Each
2250 2881 10 20 1
2290 2881 14 20 0
2331 2883 14 19 0
2360 2895 19 7 ..
2397 2883 9 20 1
2436 2884 13 20 8
2476 2885 13 18 0

1906 2904 64 21 Boat
1980 2904 73 22 Hire:
2068 2904 44 22 Per
2118 2905 49 27 day,
2173 2906 63 21 with-

2096 2935 40 18 out
2145 2933 71 21 hands
2226 2949 5 5 .
2248 2935 55 20 010
2331 2937 14 19 0
2361 2949 17 6 ..
2398 2937 8 19 1
2437 2939 13 18 0
2476 2938 11 19 0

1907 2984 87 23 Wages
2000 2993 5 12 :
2034 2984 138 30 Mechanics,
2198 2994 38 20 per

2060 3013 61 21 week
2250 3016 14 20 2
2291 3017 14 19 0
2332 3019 78 19 0..3
2438 3019 14 20 0
2476 3019 12 19 0

2043 3039 125 23 Labourers
2185 3055 45 7 ....
2250 3043 10 21 1
2278 3044 27 20 10
2332 3045 13 19 0
2362 3057 5 6 .
2374 3058 6 6 .
2398 3046 10 19 1
2425 3046 25 20 16
2476 3045 12 20 0

2141 3068 121 22 DUTIES.

1906 3093 100 22 British
2018 3094 89 22 Spirits
2246 3097 58 20 '.....
2322 3099 32 21 4s.
2363 3105 38 20 per
2408 3098 81 27 gallon.

1906 3120 107 22 Foreign
2024 3120 54 22 ditto
2322 3125 32 21 ss.
2363 3132 36 20 per
2407 3125 81 26 gallon.

1905 3148 106 21 Tobacco
2021 3149 177 28 manufactured,
2324 3153 30 21 Is.
2362 3159 37 20 per
2408 3153 30 21 lb.

2020 3175 205 24 Unmanufactured
2321 3179 35 21 9d.
2366 3186 38 19 per
2410 3178 31 22 lb.

1906 3201 74 22 Snuff
2321 3207 30 20 2s.
2360 3212 38 20 per
2405 3205 31 22 lb.

1906 3228 87 22 Cigars
2321 3234 31 19 2s.
2362 3232 76 27 perlb.

1905 3255 84 23 Wines
2313 3259 24 21 15
2351 3265 38 20 per
2398 3262 55 19 cent.

1905 3282 56 27 Tea,
1976 3284 84 27 Sugar,
2077 3285 87 27 Flour,
2182 3285 96 28 Wheat,
2287 3287 8 20 1

1924 3309 45 22 and
1979 3310 64 22 other
2054 3311 85 26 Grain,
2150 3314 13 20 5
2173 3320 39 17 per
2220 3318 58 17 cent.
2291 3307 4 27 I
2337 3327 11 10 j
2387 3327 7 10 ,

1905 3336 39 22 All
1954 3337 64 22 other
2027 3338 104 23 Foreign
2138 3339 140 28 productions
2288 3326 14 46 f
2321 3327 30 21 ad
2361 3327 35 22 val
2398 3335 66 16 °«m-

1919 3363 45 22 and
1969 3365 166 23 manufactures
2143 3368 25 20 10
2174 3374 39 19 per
2220 3371 56 17 cent.
2281 3360 13 33 J

2107 3393 183 22 EXCHANGE.

1906 3431 68 23 Bank
1984 3433 50 22 bills
2044 3440 28 15 on
2082 3434 94 21 London
2208 3421 49 42 \3O
2273 3422 28 21 da
2301 3429 15 20 y
2318 3430 10 14 s
2343 3423 17 22 sI
2361 3424 45 27 BK
2424 3426 13 21 2
2450 3432 39 20 per

2213 3452 10 21 I
2262 3454 60 17 cent,
2333 3457 113 21 premium.

1906 3472 135 29 OnSydney
2325 3477 71 23 Ditto.

1906 3499 89 23 Private
2006 3501 49 21 biLls
2300 3503 111 24 Nominal.

1535 130 40 20 To
1589 130 58 24 Let,

1300 154 87 50 FOR
1400 155 56 22 such
1466 162 13 15 a
1489 158 56 19 term
1556 156 26 21 of
1587 163 63 19 years
1660 163 23 14 as
1700 163 51 20 may
1761 156 28 22 be
1803 156 81 28 agreed

1371 189 37 19 on,
1418 182 35 21 six
1462 189 63 15 acres
1542 182 64 27 along
1623 182 37 22 the
1670 182 46 23 Kai
1730 182 151 28 Warra-road,

1298 215 28 14 on
1336 208 87 22 Section
1434 208 43 22 No.
1488 210 19 25 4,
1524 208 23 21 in
1563 216 42 14 one
1622 216 25 14 or
1663 217 60 14 more
1738 210 51 21 lots.
1818 210 63 27 Also,

1296 234 87 22 wanted
1403 242 12 14 a
1434 238 125 19 contractor
1576 235 35 22 for
1629 236 101 26 building
1749 243 13 15 a
1776 236 107 23 weather-

1296 261 98 22 boarded
1408 261 77 27 house,
1502 262 54 21 with
1573 262 63 22 brick
1654 262 116 28 chimnies,
1785 271 30 14 on
1834 263 49 22 said

1296 288 91 21 section.
1417 288 76 28 Apply
1502 293 24 17 to

1486 316 49 21 Mr.
1550 315 154 27 Macdonald,
1714 316 45 22 Kai
1770 316 85 23 Warra.

1324 341 44 21 Kai
1378 341 86 27 Warra,
1477 341 53 27 July
1542 343 19 25 8,
1573 343 59 20 1842.

1444 386 40 21 To
1499 387 34 20 be
1547 386 66 21 Sold
1632 392 30 15 or
1676 388 56 19 Let.

1293 417 12 12 r
1310 417 77 35 pWO
1400 417 102 22 Wooden
1512 417 96 26 Houses,
1620 425 28 14 on
1655 418 38 21 the
1698 419 183 29 Tinakore-road,

1285 439 44 29 ,JL
1372 443 36 28 the,
1427 444 83 22 second
1530 451 49 15 acre
1598 445 57 21 from
1674 445 94 27 Captain
1784 445 90 23 Smith's

1340 471 130 26 containing
1483 471 50 21 four
1542 478 74 14 rooms
1626 471 44 21 and
1685 479 14 14 a
1711 479 99 20 passage,
1826 472 56 22 each

1296 496 53 22 with
1366 497 50 22 zinc
1434 498 68 24 roofs,
1529 497 45 22 and
1596 498 24 21 in
1644 505 66 20 every
1728 503 88 22 respect
1833 499 48 22 well

1295 522 100 23 finished.
1424 524 107 22 Terms—
1531 524 26 22 lf
1564 524 54 27 sold,
1629 524 59 22 £150
1700 525 33 21 for
1739 525 56 22 each
1799 525 70 23 house
1875 534 6 19 ;

1294 549 21 21 if
1326 550 37 26 let,
1374 550 31 22 £l
1417 558 40 19 per
1467 551 63 22 week
1538 551 35 21 for
1583 551 55 22 each
1647 551 77 23 house.
1752 552 75 27 Apply
1837 556 24 18 to

1685 585 76 22 James
1775 586 80 22 Watt.

1308 609 143 29 Wellington,
1460 611 59 22 Nov.
1528 612 35 26 27,
1571 613 61 21 1841.

1521 657 54 21 For
1589 658 69 23 Sale,

1296 688 91 50 THE
1403 689 145 23 COTTAGE
1563 691 94 22 situated
1667 692 23 21 in
1709 692 98 22 Oriental
1824 692 55 28 Bay,

1370 715 45 22 and
1429 716 69 27 lately
1507 718 106 26 occupied
1628 718 30 26 by
1668 719 37 21 the
1722 718 158 28 undersigned.

1295 742 21 21 A
1333 742 52 27 long
1402 742 60 22 lease
1481 743 25 21 of
1524 744 37 21 the
1575 745 83 21 section
1673 753 58 20 upon
1752 746 72 22 which
1844 746 36 22 the

1293 769 70 22 house
1373 769 75 22 stands
1459 770 43 21 will
1512 770 28 21 be
1550 771 101 26 granted.

1321 796 67 21 Town
1399 796 54 21 land
1464 796 43 21 will
1517 798 27 20 be
1554 798 66 21 taken
1631 799 22 20 in
1664 798 121 28 exchange.

1323 822 41 22 For
1373 822 84 23 further
1466 824 137 27 particulars,
1614 825 65 27 apply
1689 829 23 18 to

1616 856 96 22 George
1726 857 89 28 Duppa,
1831 865 24 14 or

1615 883 36 21 W.
1667 883 28 22 V.
1712 884 99 22 Brewer

1486 927 92 21 House
1594 929 29 19 to
1634 929 56 20 Let.

1294 960 52 48 A
1368 960 86 21 GOOD
1474 961 131 22 substantial
1624 962 74 27 house,
1719 962 53 22 with
1791 963 90 22 kitchen

1373 986 44 22 and
1427 987 137 28 out-houses,
1576 992 22 18 to
1608 989 31 21 let
1648 989 23 21 in
1681 989 198 23 Manners-street.

1295 1012 45 22 For
1348 1014 135 26 particulars,
1496 1015 66 27 apply
1573 1019 22 17 to
1606 1016 45 21 Mr.
1662 1016 120 22 Brewer's
1803 1017 75 22 Office.

1469 1064 107 22 Heifers
1591 1066 29 20 in
1636 1067 67 20 Calf.

1295 1089 88 48 FOR
1397 1090 86 26 SALE,
1495 1091 69 22 about
1577 1092 27 21 50
1614 1094 99 25 superior
1721 1094 57 21 bred
1791 1094 87 27 heifers,

1355 1120 57 18 most
1428 1116 25 22 of
1466 1115 61 24 them
1542 1118 73 27 heavy
1629 1120 23 20 in
1669 1120 50 26 calf,
1737 1120 45 21 and
1797 1121 84 28 having

1295 1143 56 21 been
1370 1151 60 14 some
1447 1144 54 21 time
1516 1145 22 20 in
1553 1146 37 21 the
1611 1146 91 27 Colony,
1720 1151 39 16 not
1773 1147 66 22 liable
1857 1152 22 17 to

1294 1170 67 21 suffer
1370 1170 55 21 from
1436 1170 38 22 the
1485 1170 75 23 effects
1571 1172 24 21 of
1607 1172 37 22 the
1660 1172 62 22 Toot.
1750 1173 48 22 The
1811 1174 69 22 above

1295 1197 66 21 cattle
1378 1204 41 15 can
1435 1197 27 21 be
1479 1198 100 28 strongly
1592 1200 179 26 recommended,
1791 1208 22 14 as
1828 1200 52 28 they

1294 1223 58 22 have
1368 1224 56 21 been
1441 1224 98 23 selected
1554 1226 57 21 from
1627 1226 37 21 the
1681 1234 119 15 numerous
1815 1228 66 21 cattle

1295 1249 59 29 ships
1363 1250 72 22 which
1445 1250 57 23 have
1519 1252 87 22 arrived
1620 1253 59 22 here.
1709 1253 75 27 Apply
1800 1257 21 18 to
1835 1254 44 21 Mr.

1294 1277 97 28 Revans,
1404 1278 87 20 Gazette
1501 1279 70 27 office,
1583 1287 25 14 or
1617 1283 22 19 to
1651 1280 42 21 Mr.
1707 1280 84 26 Hulke,
1799 1281 80 22 Evans'

1295 1304 55 27 Bay.

1322 1332 61 26 Also,
1394 1332 62 21 three
1467 1332 115 23 well-bred
1592 1341 72 14 mares
1669 1334 24 21 in
1704 1334 52 27 foal,
1768 1339 21 16 to
1799 1335 81 27 impor-

1295 1358 37 21 ted
1342 1358 81 22 horses.

1295 1403 64 26 Ship
1374 1404 83 20 Hotel
1472 1405 21 19 &
1508 1405 114 25 Tavern,
1638 1407 130 19 Manners
1784 1407 95 25 Street,

1444 1437 41 22 BY
1500 1438 85 22 JOHN
1601 1439 129 27 FULLER,

1295 1470 80 20 WINES,
1387 1471 96 20 SPIRITS,
1495 1473 45 13 AND
1550 1473 62 14 MALT
1622 1474 97 15 LIQUORS
1730 1474 27 14 OF
1768 1475 112 14 SUPERIOR

1533 1499 106 16 QUALITY.

1368 1517 155 23 Commodious
1534 1527 74 14 rooms
1619 1520 49 21 with
1678 1520 57 27 good
1744 1520 62 22 beds.

1321 1545 92 20 Dinners
1429 1547 38 24 got
1488 1547 63 25 ready
1571 1553 26 14 on
1617 1548 36 19 the
1665 1549 91 19 shortest
1777 1550 74 19 notice.

1375 1579 31 14 AN
1416 1579 119 16 ORDINARY
1547 1581 69 14 DAILY
1627 1582 29 14 AT
1665 1576 13 20 2
1696 1575 101 22 O'CLOCK.

1437 1618 143 22 CHARLES
1597 1619 138 28 HARVEY,

1503 1646 100 25 Tailor,
1618 1648 54 23 &c,

1421 1672 115 26 Adjoining
1549 1674 71 20 Kumu
1636 1675 50 20 Toto
1700 1675 55 27 Pah,

1511 1707 156 21 WELLINGTON,

1294 1725 106 48 BEGS
1416 1728 23 18 to
1455 1729 78 19 return
1550 1727 80 23 thanks
1648 1732 21 18 to
1687 1729 36 21 the
1739 1732 81 24 gentry
1834 1730 45 21 and

1370 1752 74 27 public
1456 1753 22 20 of
1488 1753 57 21 New
1556 1754 99 22 Zealand
1664 1756 34 21 for
1706 1756 36 22 the
1751 1760 92 23 support
1851 1757 28 21 he

1293 1779 41 21 has
1350 1779 101 21 received
1466 1779 57 22 from
1542 1781 59 22 them
1617 1783 60 21 since
1692 1783 29 21 he
1735 1784 145 21 commenced

1293 1805 108 27 business,
1419 1807 44 21 and
1483 1806 29 22 he
1529 1814 87 16 assures
1632 1809 59 21 them
1709 1809 48 22 that
1773 1810 17 20 it
1809 1810 18 21 is
1846 1811 34 21 his

1292 1833 111 21 intention
1414 1837 22 17 to
1447 1834 106 22 continue
1563 1835 33 21 his
1613 1839 57 18 most
1685 1840 117 18 strenuous
1817 1844 54 14 exer

1293 1859 59 21 tions
1363 1864 21 16 to
1395 1860 66 21 merit
1470 1867 14 14 a
1493 1862 149 22 continuance
1652 1863 25 21 of
1684 1863 57 22 their
1751 1867 128 24 patronage.

1321 1887 24 21 C.
1357 1887 27 21 H.
1395 1887 62 22 takes
1475 1887 42 23 this
1539 1890 142 27 opportunity
1697 1891 26 21 of
1733 1891 83 26 stating
1834 1891 47 22 that

1292 1913 34 21 his
1337 1914 62 21 stock
1410 1915 93 21 consists
1514 1915 25 21 of
1551 1923 13 13 a
1573 1917 58 26 good
1641 1917 84 27 variety
1736 1918 26 21 of
1768 1918 111 27 superfine

1293 1939 77 28 cloths,
1382 1941 111 27 doeskins,
1510 1944 88 24 tweeds,
1615 1943 127 28 moleskins,
1754 1944 124 27 velveteen,

1292 1966 56 28 pilot
1363 1967 66 27 cloth,
1441 1969 40 21 &c.
1492 1969 48 26 &c,
1556 1970 44 20 and
1617 1971 33 21 his
1662 1971 92 26 charges
1766 1972 46 24 {for
1830 1974 49 18 cash

1291 1995 59 24 only}
1363 1995 120 21 moderate.

1486 2040 25 19 J.
1526 2040 38 20 M.
1580 2041 108 25 Taylor,

1307 2072 151 22 LICENSED
1484 2073 240 23 CUSTOM-HOUSE
1747 2076 116 27 AGENT,

1540 2108 28 13 TE
1583 2109 50 13 AltO.

1428 2147 89 20 Town
1534 2147 30 20 of
1577 2148 165 21 Manewatu.

1293 2179 92 37 rpHE
1407 2179 216 25 PROPRIETORS
1648 2183 25 20 of
1698 2183 37 21 the
1756 2183 60 23 three
1831 2185 48 21 first

1299 2203 30 26 JL
1380 2207 89 21 choices
1485 2211 24 17 at
1517 2209 38 21 the
1573 2209 43 21 last
1630 2209 105 22 selection
1747 2210 24 22 of
1786 2216 93 23 country

1292 2233 71 26 lands,
1376 2233 83 28 having
1479 2235 137 22 determined
1630 2244 60 18 upon
1707 2237 38 21 the
1762 2238 40 21 site
1817 2239 33 20 for
1865 2247 14 14 a

1305 2261 93 21 TOWN
1414 2261 42 21 ON
1473 2261 65 23 THE
1555 2263 187 22 MANEWATU
1757 2265 107 26 RIVER,

1291 2287 58 22 after
1354 2289 78 19 several
1439 2290 61 19 vvsits
1510 2293 20 17 to
1541 2289 36 22 the
1587 2290 185 27 neighbouroood,
1785 2293 46 20 and
1841 2293 37 22 the

1290 2318 59 18 most
1368 2315 82 22 careful
1469 2316 46 21 and
1533 2316 84 22 minute
1637 2318 150 22 examination
1803 2319 24 22 of
1841 2320 37 22 the

1291 2346 72 18 entire
1379 2343 91 27 district,
1487 2343 65 22 aided
1569 2344 30 27 by
1609 2344 37 22 the
1662 2344 142 27 professional
1820 2346 56 28 skill,

1291 2368 136 28 knowledge,
1448 2370 45 21 and
1508 2371 130 26 experience
1654 2371 25 21 of
1691 2372 37 21 the
1744 2378 59 16 most
1818 2381 60 14 com-

1291 2399 77 23 petent
1375 2396 87 27 judges,
1480 2404 93 20 propose
1589 2401 22 18 to
1628 2398 53 22 offer
1692 2399 34 21 for
1742 2399 102 28 disposal,
1855 2406 24 17 at

1441 2423 36 22 the
1493 2428 88 23 present
1591 2425 59 26 time,
1663 2425 67 21 about

1290 2449 221 23 TWENTY-FIVE
1545 2452 106 26 ACRKS,
1690 2453 36 20 IN
1763 2454 116 23 ALLOT-

1291 2476 113 28 MENTS,
1420 2477 87 22 EACH
1528 2478 40 22 OF
1592 2479 63 22 ONE
1676 2479 148 24 QUARTER
1839 2483 39 21 OF

1509 2505 43 21 AN
1569 2505 89 22 ACRE.

1317 2530 48 22 The
1374 2534 48 24 spot
1432 2531 51 21 thus
1493 2531 96 22 selected
1601 2540 109 19 possesses
1720 2533 36 22 the
1766 2539 58 18 most
1839 2544 38 13 ex-

1289 2557 87 22 tensive
1389 2558 102 27 frontage
1505 2561 23 18 to
1546 2559 55 27 deep
1613 2564 68 17 water
1696 2560 26 21 of
1733 2568 44 20 any
1792 2569 28 15 on
1840 2563 36 22 the

1289 2585 66 21 river.
1384 2585 22 21 It
1423 2584 18 22 is
1461 2585 97 22 situated
1572 2586 48 26 just
1632 2589 23 18 at
1671 2587 48 21 that
1738 2588 63 26 point
1818 2590 58 22 from

1354 2611 70 22 which
1435 2619 13 14 a
1458 2612 54 21 road
1523 2613 72 21 would
1606 2613 82 22 branch
1700 2614 33 21 off
1738 2619 22 17 to
1771 2615 37 22 the

1290 2646 95 14 WOODED
1408 2646 46 14 AND
1476 2646 98 15 FERTILE
1594 2647 116 15 DISTRICTS
1732 2649 75 15 ALONG
1831 2651 45 14 THE

1460 2673 57 14 BASE
1530 2674 28 13 OF
1573 2674 45 13 THE
1633 2675 74 19 HILLS,

1290 2692 45 22 and
1347 2692 69 22 above
1427 2692 73 22 which
1512 2693 35 21 the
1562 2693 127 27 navigation
1704 2694 34 22 for
1747 2696 81 22 vessels
1837 2697 40 22 be-

1291 2726 75 15 comes
1375 2721 85 24 tedious,
1471 2721 25 24 if
1500 2723 37 18 not
1547 2721 93 25 difficult.
1670 2721 21 22 It
1698 2722 18 21 is
1724 2722 107 23 therefore
1838 2724 38 22 the

1420 2753 2 11 i
1490 2748 62 26 point
1562 2748 71 21 where
1644 2748 36 21 the

1291 2780 89 22 LAND
1394 2781 68 21 AND
1477 2781 115 23 WATER
1606 2783 162 23 CARRIAGE
1782 2784 94 23 MEET,

1291 2807 45 21 and
1347 2807 71 22 where
1427 2814 14 15 a
1451 2808 70 22 Town
1538 2816 59 14 must
1613 2817 27 14 be
1656 2817 89 15 formed
1763 2811 65 23 when
1838 2813 39 21 the

1291 2834 85 22 district
1390 2834 20 22 is
1419 2835 88 21 settled.
1536 2835 23 21 It
1568 2843 43 15 was
1622 2837 95 21 selected
1735 2838 28 27 by
1775 2838 36 22 the
1825 2839 53 22 Sur-

1290 2861 82 27 veying
1382 2862 58 21 Staff
1451 2870 24 14 as
1486 2862 38 22 the
1533 2863 137 22 rendezvous
1679 2864 35 22 for
1730 2865 57 21 their
1801 2866 59 27 body
1871 2875 4 19 ;

1291 2888 42 22 and
1345 2888 38 22 has
1394 2889 56 21 been
1460 2896 52 15 now
1524 2890 77 27 found,
1612 2891 58 21 after
1680 2892 85 22 several
1782 2894 95 21 months'

1289 2915 105 27 location,
1406 2920 21 17 to
1442 2916 27 22 be
1479 2916 38 22 the
1527 2921 58 17 most
1599 2917 164 28 advantageous
1773 2921 102 27 position,

1290 2942 57 22 from
1364 2943 28 21 its
1407 2943 98 27 peculiar
1525 2944 86 27 facility
1626 2945 26 21 of
1663 2946 111 27 approach
1784 2947 53 22 both
1848 2948 29 27 by

1290 2969 54 22 land
1354 2969 43 22 and
1407 2975 75 17 water.

1319 2996 28 22 In
1359 2997 152 22 confirmation
1523 2998 26 21 of
1554 2998 37 22 the
1601 2999 131 27 superiority
1742 3000 26 21 of
1776 3001 42 21 this
1829 3004 49 24 spot

1290 3030 54 15 over
1354 3030 43 21 any
1407 3024 63 22 other
1478 3030 39 22 yet
1526 3025 89 27 known,
1627 3026 37 22 the
1677 3027 87 21 Messrs.
1773 3027 103 28 Kebbell,

1290 3050 59 22 after
1366 3050 37 22 the
1423 3052 150 22 examination
1591 3053 27 21 of
1633 3053 37 21 the
1688 3054 59 21 river
1762 3053 59 23 from
1839 3055 38 22 the

1292 3077 89 22 Paneiri
1390 3078 47 22 Pah
1447 3082 23 18 to
1479 3079 30 21 its
1519 3079 85 27 mouth,
1615 3079 139 23 determined
1768 3088 29 15 on
1808 3086 70 18 erect-

1530 3106 39 26 ing
1582 3106 57 22 their

1291 3138 68 21 SAW
1373 3138 80 23 MILL
1474 3138 230 24 IMMEDIATELY
1719 3141 157 24 OPPOSITE.

1291 3165 48 22 The
1357 3166 70 21 works
1446 3166 26 21 of
1487 3166 48 21 that
1554 3166 167 23 establishment
1740 3175 36 15 are
1796 3173 22 17 at
1835 3169 43 23 this

1292 3196 100 19 moment
1409 3193 23 21 in
1447 3193 65 27 rapid
1526 3200 108 20 progress,
1652 3194 43 22 and
1713 3194 38 22 the
1768 3197 110 27 proposed

1290 3220 71 21 Town
1370 3219 44 22 will
1423 3220 134 26 necessarily
1562 3221 92 27 partake
1661 3221 25 21 of
1691 3222 44 21 this
1744 3222 132 29 advantage.

1317 3246 50 23 The
1385 3246 92 23 nucleus
1493 3246 26 22 of
1535 3255 13 14 a
1566 3248 69 21 Town
1650 3248 26 27 is,
1685 3248 24 22 in
1723 3249 52 27 fact,
1786 3250 92 29 already

1291 3273 96 25 created,
1397 3274 29 27 by
1436 3273 38 22 the
1485 3275 166 21 concentration
1666 3275 25 21 of
1705 3275 37 22 the
1753 3277 125 28 Surveying

1291 3300 59 22 Staff
1357 3307 28 15 on
1395 3300 48 22 that
1451 3304 57 24 spot,
1520 3309 23 13 as
1553 3301 38 21 the
1601 3305 75 18 centre
1691 3303 25 21 of
1727 3305 151 21 communica-

1291 3328 45 21 tion
1347 3330 24 19 to
1382 3327 36 22 the
1427 3328 151 27 surrounding
1587 3328 96 28 district;
1700 3329 38 22 the
1748 3332 96 21 erection
1855 3333 26 21 of

1290 3355 91 21 Messrs,
1393 3354 117 22 Kebbell's
1525 3356 49 20 Saw
1591 3356 62 21 Mills
1670 3357 96 27 opposite
1775 3366 5 19 ;
1797 3359 29 27 by
1839 3359 39 22 the

1290 3385 164 24 arrangements
1469 3382 35 21 for
1519 3389 28 14 an
1565 3383 114 21 extensive
1690 3385 97 22 General
1801 3386 61 22 Store
1869 3394 7 20 ;

1291 3408 44 22 and
1346 3409 29 27 by
1383 3408 36 22 the
1430 3408 43 22 late
1483 3409 132 27 application
1624 3410 33 22 for
1666 3418 13 14 a
1685 3411 109 23 Licensed
1802 3413 75 22 House

1289 3442 28 14 on
1328 3435 38 22 the
1373 3439 50 27 part
1433 3436 26 20 of
1470 3442 28 15 an
1510 3436 122 22 individual
1648 3437 47 22 who
1711 3437 46 29 has,
1768 3439 61 23 since
1840 3440 38 22 the

1289 3463 119 21 formation
1425 3463 26 20 of
1465 3462 38 22 the
1521 3463 90 28 Colony,
1629 3464 95 27 pursued
1740 3473 13 14 a
1771 3466 107 23 lucrative

1289 3489 65 21 trade
1366 3489 50 22 with
1425 3489 38 22 the
1473 3489 94 27 natives,
1579 3489 45 23 and
1636 3491 71 22 whose
1717 3491 131 30 knowledge
1856 3495 25 21 of

1289 3517 37 21 the
1338 3516 135 27 advantages
1483 3516 26 22 of
1516 3516 38 22 the
1564 3517 100 27 position,
1672 3520 116 27 prompted
1798 3521 46 22 him
1855 3524 23 19 at

1289 3550 57 15 once
1357 3548 23 16 to
1387 3543 74 27 prefer
1470 3542 50 23 that
1532 3544 142 27 application.

1316 3570 48 22 The
1375 3570 92 22 Natives
1482 3569 31 28 by
1522 3571 73 21 whom
1610 3571 45 21 this
1665 3571 52 23 land
1728 3580 45 16 was
1784 3575 94 22 claimed

1289 3604 37 15 are
1337 3597 60 28 quite
1407 3597 110 27 prepared
1526 3601 22 17 to
1557 3597 51 27 give
1614 3604 30 21 up
1651 3600 131 28 possession,
1790 3602 45 21 and
1841 3610 37 14 are

1288 3624 146 27 exceedingly
1444 3624 94 21 anxious
1552 3628 23 18 to
1590 3625 57 21 have
1657 3632 13 14 a
1681 3626 118 29 European
1808 3636 70 20 popu-

1287 3651 70 22 lation
1368 3658 80 19 among
1458 3651 69 26 them,
1538 3650 84 28 haviug
1639 3652 56 22 been
1704 3660 59 21 upon
1774 3656 38 21 the
1821 3660 58 17 most

1287 3678 98 27 friendly
1391 3678 86 27 footing
1488 3677 52 22 with
1550 3678 39 22 the
1600 3679 124 28 Surveying
1735 3682 58 21 Staff
1798 3683 81 27 during

1286 3705 38 22 the
1335 3705 50 23 four
1394 3712 24 15 or
1426 3705 44 21 five
1479 3704 91 22 months
1578 3705 54 27 they
1652 3705 57 23 have
1724 3708 56 22 been
1791 3709 88 22 located

1286 3733 71 22 there.

1316 3759 33 22 As
1361 3759 36 22 the
1404 3759 138 27 Proprietors
1552 3766 94 21 purpose
1655 3763 22 18 to
1688 3760 86 28 dispose
1785 3763 26 21 of
1817 3764 40 21 but
1865 3771 14 14 a

1286 3787 87 21 limited
1388 3785 88 29 portion
1493 3785 27 22 of
1531 3785 38 22 the
1583 3787 70 21 Town
1669 3790 22 18 at
1708 3792 96 25 present,
1824 3790 54 27 they

1284 3813 82 28 pledge
1376 3813 133 22 themselves
1517 3813 55 27 that,
1583 3815 23 19 at
1615 3820 29 14 no
1664 3813 73 24 future
1747 3815 63 28 sales,
1821 3817 57 22 shall

1286 3841 39 22 the
1336 3841 128 22 allotments
1472 3840 29 22 be
1509 3842 41 25 put
1557 3847 30 20 up
1597 3842 24 19 at
1630 3848 13 14 a
1653 3837 44 26 /ess
1707 3849 49 15 sum
1766 3843 54 22 than
1829 3851 49 15 now

1286 3867 92 23 offered.

1313 3897 23 21 A
1356 3895 131 27 Prospectus
1507 3893 45 23 and
1571 3893 57 23 Plan
1648 3895 27 21 of
1689 3895 36 22 the
1745 3897 68 21 Town
1833 3897 45 22 vrill

1285 3922 87 27 shortly
1382 3921 26 23 be
1417 3921 69 28 ready
1495 3921 35 21 for
1538 3921 125 27 inspection
1679 3925 22 19 at
1714 3923 37 22 the
1762 3923 82 23 Offices
1855 3924 26 22 of

1286 3950 92 21 Messrs.
1390 3947 68 22 Waitt
1467 3947 46 24 and
1523 3948 76 26 Tyser,
1609 3949 32 21 Te
1651 3949 54 22 Aro.

1279 3975 5 7 '
1313 3975 146 26 Wellington,
1470 3974 66 27 April
1545 3976 35 26 2%
1591 3976 60 21 1842.

66 130 42 21 To
123 129 164 21 Gentlemen
300 129 146 25 intending
460 130 28 19 to
505 130 76 19 enter
594 128 60 21 into

95 156 45 21 the
169 156 144 26 profitable
343 155 109 27 pursuit,
478 154 30 21 of
534 154 122 27 Grazing

95 183 55 20 and
171 182 136 27 Breeding
326 182 99 24 Stock,'
439 181 43 21 for
501 181 89 20 which
610 181 44 20 the

96 209 88 21 fertile
204 210 111 19 Islands
337 208 29 21 of
383 208 68 21 New
468 208 122 20 Zealand
609 213 45 14 are

94 241 31 15 so
141 236 152 25 peculiarly
307 235 125 26 adapted.

68 269 92 22 rr*HE
172 268 151 27 undersigned
333 269 42 26 beg
385 272 21 18 to
415 268 81 22 inform
507 267 147 23 theirfriends

75 290 30 28 A
139 297 45 21 and
202 297 36 21 the
254 295 73 27 public
345 295 119 26 generally,
481 295 48 21 that
547 294 51 27 they
609 295 44 21 will

67 326 101 18 contract
193 323 34 21 for
246 322 38 21 the
308 321 99 28 delivery
432 321 26 22 of
479 321 36 22 the
540 321 115 27 following

66 349 134 28 description
214 349 26 21 of
247 348 73 27 Stock,
329 349 25 21 in
362 355 44 20 any
416 348 52 22 Port
478 348 26 22 of
516 348 38 21 the
564 348 90 22 Islands

67 376 26 21 of
100 376 55 22 New
166 375 99 23 Zealand
273 382 6 14 :—:
280 387 28 4 —

93 402 96 22 Horned
205 401 67 22 cattle
290 401 125 28 (improved
428 401 88 27 breeds)
533 401 26 21 of
571 401 29 21 all
615 400 39 22 de-

66 429 124 26 scriptions,

93 456 92 25 Horses,
206 455 58 21 from
286 455 38 21 the
348 455 49 21 best
416 454 93 27 English
529 454 45 22 and
591 454 62 22 Arab

64 482 69 26 studs,
150 482 94 21 suitable
261 481 35 22 for
315 481 84 27 racing,
415 481 83 27 saddle,
509 488 25 14 or
547 480 92 22 harness
646 488 6 20 ;

63 509 47 21 and
119 509 107 26 breeding
235 516 81 18 mares,

93 535 56 21 Pure
160 535 74 21 Saxon
246 535 45 21 and
300 535 86 21 merino
397 542 64 19 ewes,

92 561 120 23 Half-bred
228 562 115 21 Leicester
357 561 45 22 and
418 561 85 22 merino
522 568 65 18 ewes,
602 568 52 20 par-

62 588 105 27 ticularly
176 588 97 27 adapted
287 588 34 21 for
331 588 43 22 this
385 591 100 24 country,
496 595 24 14 as
529 588 54 26 they
590 588 63 21 unite

63 615 82 27 weight
155 615 26 21 of
188 622 87 15 carcass
286 615 52 21 with
348 615 96 22 fineness
454 615 27 21 of
487 615 63 21 wool.

90 642 47 21 The
161 642 152 26 undersigned
337 649 41 15 can
407 641 166 23 accommodate
600 647 53 20 pur-

64 668 88 22 chasers
168 669 25 21 of
207 668 58 22 their
275 668 68 22 Stock
362 668 52 22 with
431 668 114 22 extensive
559 667 95 27 grazing

62 702 62 20 runs,
136 695 77 21 within
223 697 40 20 100
273 695 66 22 miles
350 695 24 22 of
380 695 43 21 this
434 695 59 21 Port.

327 722 36 22 W.
378 722 26 21 B.
420 722 92 21 Rhodes
526 720 45 22 and
587 721 36 21 Co.

254 768 70 20 Bees
338 767 42 21 for
395 767 68 20 Sale.

66 801 42 24 T?
116 800 144 22 XPECTED
275 800 57 21 from
352 799 94 27 Sydney,
458 799 30 28 by
498 798 47 22 first
561 798 90 28 arrival,

73 821 39 24 l^-i
144 834 13 14 a
171 827 42 22 few
230 827 63 21 hives
303 826 26 21 of
335 826 52 21 bees
393 834 5 18 ;
416 826 75 21 orders
503 825 45 22 will
564 825 45 22 also
625 826 27 21 be

65 853 67 22 taken
143 854 35 21 for
188 854 36 21 the
239 853 144 27 importation
394 853 26 21 of
431 853 53 21 bees
493 856 22 17 to
526 852 38 21 the
575 856 78 17 extent

65 880 25 21 of
97 880 56 21 from
164 883 83 23 twenty
256 884 21 17 to
284 880 68 26 thirty
359 880 69 21 hives.
457 880 44 21 For
509 879 69 27 price,
585 879 68 27 apply

65 909 23 19 at
97 907 37 21 the
295 906 79 22 Office.

92 934 129 26 September
230 935 34 25 20,
277 934 61 21 1842.

317 979 89 20 Seeds.

66 1013 72 48 ON
150 1013 85 27 SALE,
246 1016 23 18 at
279 1013 37 22 the
327 1014 85 19 Gazette
418 1012 76 25 Office,
503 1012 22 21 in
532 1012 121 26 Quantities

144 1042 22 18 to
182 1040 45 21 suit
244 1039 138 27 purchasers,
402 1040 37 21 the
457 1039 113 27 following
588 1039 64 21 seeds

63 1073 75 19 grown
150 1066 23 21 in
183 1066 38 21 the
232 1066 86 27 Colony
318 1077 29 4 —

92 1093 93 21 Lettuce
197 1092 108 27 (cabbage
315 1093 46 22 and
371 1092 143 27 drumhead),

89 1120 85 26 Turnip
185 1119 76 27 (white
272 1122 63 19 stone
345 1120 45 21 and
400 1120 90 26 swede),

91 1146 78 21 Carrot
180 1146 69 26 (early
260 1146 56 21 horn
328 1147 43 21 and
381 1146 53 28 long
444 1146 100 27 orange),

91 1173 104 27 Cabbage
207 1173 75 27 (sugar
292 1174 63 26 loaf),

90 1200 56 21 Peas
171 1200 109 26 (victoria,
305 1207 67 20 green
402 1207 99 19 marrow,
530 1207 119 19 auvergne,

62 1226 90 27 knights
161 1233 100 19 marrow,
273 1227 108 27 imperial,
394 1226 133 27 Mazarine),

89 1254 75 21 Beans
176 1254 91 25 (scarlet
275 1254 103 26 runner),

90 1280 81 26 Beans,
183 1280 83 28 kidney
277 1280 116 28 (speckled
406 1280 76 28 dwaif,
493 1280 66 22 black
574 1280 75 28 dwarf,

64 1308 62 21 dunn
136 1307 87 27 dwarf),

91 1334 78 27 Celery
181 1334 75 26 (white
267 1334 75 27 solid),

92 1361 75 21 Onion
180 1360 86 27 (mixed
278 1361 72 27 seed),

90 1388 68 24 Leek,

89 1414 97 22 Lentille
198 1414 98 26 (French
306 1415 46 22 and
362 1414 103 28 Spanish)

90 1441 107 26 Raddish,

89 1468 105 22 Mustard
206 1468 43 21 and
260 1475 67 20 cress,

91 1495 95 26 Spinach
198 1495 100 27 (round),

64 1522 52 22 And
126 1522 88 21 various
223 1522 69 21 kinds
301 1522 26 21 of
334 1522 116 26 vegetable
461 1522 65 22 seeds
541 1530 73 20 grown
626 1523 24 21 in

63 1548 117 28 England;
198 1548 45 22 also
254 1557 14 13 a
284 1549 87 27 variety
380 1550 26 21 of
418 1549 76 22 flower
509 1550 69 27 seeds,
596 1550 55 22 both

62 1576 102 21 Colonial
174 1576 46 21 and
230 1576 102 27 English.

91 1603 130 27 September
232 1604 102 25 16,1842.

70 1648 87 33 JUST
171 1647 161 23 RECEIVED
343 1651 23 18 at
373 1647 38 23 the
420 1648 69 22 Office
496 1649 25 21 of
527 1649 37 21 the

63 1682 25 15 v
127 1674 98 22 Zealand
367 1682 12 14 a
388 1675 43 21 few
446 1675 73 28 copies
529 1676 25 21 of
561 1676 38 22 the
609 1677 42 21 fol-

60 1701 84 27 lowing
157 1701 78 27 works,
248 1701 25 22 of
280 1701 46 23 last
334 1702 73 27 year's
416 1702 141 27 publication,
568 1703 44 22 and
627 1704 22 21 in

61 1729 113 21 excellent
185 1729 111 21 condition
303 1737 6 13 :
311 1739 27 5 —

87 1762 49 21 The
151 1762 100 21 Poetical
265 1762 81 22 Works
364 1762 25 22 of
403 1762 88 27 Alilton,
503 1763 53 22 with
572 1771 13 14 a
604 1771 47 14 me-

61 1789 63 27 moir,
145 1789 43 22 and
211 1796 68 15 seven
303 1789 191 23 embellishments
517 1790 31 28 by
567 1791 82 27 Fuseli,

61 1815 99 27 Westall,
186 1816 45 21 and
255 1816 94 22 Martin.
396 1817 62 26 Also,
482 1824 29 14 an
540 1818 111 22 excellent

60 1843 95 26 portrait
173 1843 27 21 of
216 1843 89 26 Milton,
328 1843 113 27 engraved
454 1844 30 27 by
498 1844 23 21 J.
541 1844 107 28 Cochran,

59 1870 60 21 from
129 1877 14 14 a
151 1870 126 26 miniature,
289 1870 117 27 originally
416 1871 23 21 in
450 1870 37 22 the
494 1872 121 25 possession
628 1872 25 21 of

61 1896 77 22 Oliver
146 1896 123 22 Cromwell.
300 1897 10 21 I
322 1897 45 21 vol.
374 1899 55 23 Bvo.,
439 1897 75 22 bound
524 1898 22 21 in
554 1898 67 22 cloth.

89 1924 50 21 Life
155 1924 26 21 of
197 1923 38 22 the
252 1924 67 21 Duke
336 1924 26 21 of
375 1924 144 27 Wellington,
540 1925 110 28 compiled

60 1950 59 22 from
143 1950 34 22 his
202 1950 92 22 Grace's
317 1951 144 27 Despatches,
486 1952 118 27 published
625 1953 24 21 in

61 1978 61 26 1840,
134 1978 30 26 by
175 1978 88 26 George
273 1978 81 26 Soane,
366 1978 56 21 A.B.
451 1980 12 19 2
473 1978 53 22 vols.
537 1979 60 22 cloth
605 1980 45 21 and

60 2004 101 21 lettered.

87 2030 48 22 The
145 2030 63 27 Holy
218 2030 71 26 Bible,
300 2031 128 26 containing
438 2030 36 21 the
484 2031 44 21 Old
538 2032 45 21 and
594 2032 55 22 New
658 2033 2 21 i

61 2057 146 26 Testaments,
232 2056 54 22 with
310 2059 70 25 notes,
400 2057 31 27 by
454 2058 37 21 the
510 2058 56 21 Rev.
588 2059 61 21 John

61 2084 89 21 Hobart
163 2084 105 26 Caunter,
285 2084 62 26 8.C.,
362 2084 79 21 author
456 2084 25 21 of
487 2084 38 22 the

61 2111 26 21 of
97 2110 38 22 the
324 2111 46 21 and
380 2111 144 21 embellished
534 2112 53 22 with
600 2112 50 22 four

60 2145 64 20 maps
138 2137 45 22 and
199 2139 40 20 144
253 2138 139 26 engravings,
413 2138 56 21 from
488 2138 113 28 paintings
619 2140 30 27 by

60 2164 93 22 Westall
164 2164 44 22 and
220 2164 92 27 Martin,
324 2166 48 20 Svo.
383 2164 67 22 cloth.

86 2192 49 21 The
146 2191 131 27 Beginner's
288 2192 88 21 French
392 2192 69 26 Book,
475 2192 43 22 and
531 2193 38 21 the
580 2193 69 22 Scho-

58 2218 53 22 lar's
131 2218 85 22 French
234 2218 70 27 Book,
322 2219 28 27 by
363 2219 62 21 Ren6
442 2219 75 27 Aliva,
529 2220 79 22 author
627 2221 25 21 of

58 2245 38 21 the
132 2246 168 27 Anti-Spelling

86 2272 133 22 Montacute
227 2280 4 13 :
247 2280 25 14 or
282 2279 14 14 a
306 2272 56 22 New
379 2272 65 22 horne
445 2284 27 4 —
472 2273 75 22 who'll
560 2274 74 22 follow
639 2275 9 21 ?

59 2299 34 27 By
103 2299 56 21 Mrs.
171 2299 65 27 Mary
246 2299 99 22 Clavers.
374 2301 13 20 2
394 2300 52 22 vols.
458 2303 49 19 Bvo.

87 2326 110 27 Scripture
214 2326 135 28 Biography,
364 2329 34 19 for
410 2327 37 21 the
461 2327 90 28 Young,
563 2329 85 21 embel-

58 2352 73 22 lished
141 2353 52 21 with
203 2353 77 27 plates.

86 2380 111 27 Voyages,
209 2380 150 27 Adventures,
376 2380 45 22 and
435 2381 96 26 Escapes
546 2382 26 22 of
585 2383 61 27 Capt.

60 2406 97 22 Richard
167 2407 116 25 Falconer,
296 2407 86 22 written
392 2407 30 27 by
432 2407 96 28 himself,
540 2411 10 20 1
562 2410 44 22 vol.

86 2433 96 22 Fisher's
192 2434 106 22 Juvenile
309 2435 69 26 Scrap
387 2434 70 27 Book,
467 2435 36 21 for
512 2437 59 21 1842.

86 2460 50 22 Life
155 2461 47 21 and
221 2461 72 25 Reign
313 2461 26 21 of
351 2461 97 22 William
463 2462 38 22 the
517 2463 90 27 Fourth,
618 2464 30 26 by

58 2487 36 21 the
105 2488 57 22 Rev.
174 2488 28 22 G.
214 2488 28 22 N.
254 2488 96 27 Wright,
364 2489 71 26 M.A.,
446 2491 14 19 2
469 2489 55 22 vols.

86 2514 51 22 Life
145 2515 44 21 and
199 2515 135 28 Campaigns
345 2515 26 22 of
383 2515 36 22 the
429 2516 67 22 Duke
506 2517 25 21 of
539 2517 108 28 Welling-

57 2545 44 22 ton,
113 2542 30 27 by
153 2541 37 22 the
201 2549 60 15 same
272 2541 97 23 Author.
395 2544 15 20 4
420 2543 53 22 vols.

86 2569 50 21 Life
150 2569 45 21 and
209 2569 96 21 services
322 2569 25 21 of
361 2569 93 22 Horatio
467 2570 109 23 Viscount
593 2572 54 22 Nel-

58 2603 47 19 •on,
126 2596 54 21 from
195 2595 35 22 his
247 2595 120 28 lordship's
386 2598 152 26 manuscripts,
559 2599 31 26 by
609 2599 37 22 the

58 2623 57 21 Rev.
127 2623 21 21 J.
159 2623 22 21 S.
193 2623 86 26 Clarke,
291 2623 90 27 F.R.S.,
392 2623 45 23 and
447 2624 60 22 John
517 2625 127 28 M'Arthur,

58 2650 60 26 Esq.,
129 2650 87 21 L.L.D.
244 2651 13 20 3
268 2650 55 22 vols.

85 2676 48 23 The
151 2676 80 27 Rhine,
243 2677 66 27 Italy,
321 2677 45 22 and
384 2678 84 22 Greece
477 2678 134 29 illustrated,
621 2680 24 21 in

58 2711 14 14 a
81 2704 68 21 series
159 2703 26 22 of
192 2703 111 28 drawings
319 2704 57 22 from
391 2708 86 25 nature,
490 2706 51 21 with
557 2706 89 22 histori-

58 2730 35 22 cal
103 2731 46 21 and
157 2730 123 27 legendary
289 2731 153 28 descriptions.

86 2757 158 28 Shakspeare's
253 2757 117 23 Dramatic
380 2759 86 27 Works,
477 2759 53 22 with
540 2760 78 27 plates.
635 2762 9 20 1

57 2784 44 22 toI.

85 2811 145 22 Buchanan's
239 2811 85 27 history
335 2811 26 21 of
368 2812 113 23 Scotland.
510 2815 10 20 1
531 2814 44 21 vol.

86 2838 93 27 History
190 2837 26 23 of
227 2838 109 27 England,
349 2841 22 19 to
388 2838 35 22 the
440 2839 66 22 death
522 2841 25 20 of
560 2841 86 27 George

58 2865 37 22 the
108 2865 94 26 Second,
213 2865 29 27 by
253 2865 77 22 Oliver
341 2865 137 29 Goldsmith;
495 2868 121 22 continued
624 2872 22 17 to

57 2892 37 22 the
106 2893 127 21 coronation
244 2892 26 22 of
284 2893 79 23 Queen
375 2892 104 27 Victoria,
496 2894 30 25 by
536 2894 37 22 the
589 2895 56 22 Rev.

59 2919 28 22 G.
99 2919 30 22 N.
141 2918 98 29 Wright,
248 2919 66 22 M-A.

84 2945 109 28 Wesley's
218 2947 110 26 Sermons,
348 2945 53 23 with
420 2954 13 14 a
450 2948 99 27 memoir,
574 2948 30 28 by
623 2950 22 21 S.

58 2973 73 27 Drew,
146 2973 65 22 M.A.

85 3000 97 21 Memoir
192 3000 26 22 of
225 3001 55 20 Rev.
291 3001 109 21 Rowland
415 3001 54 27 Hill,
481 3002 30 26 by
522 3002 34 22 W.
568 3002 76 28 Jones,

58 3026 88 22 Author
171 3027 25 21 of
241 3028 171 27 Testamentary
436 3028 113 28 Counsels,
602 3030 45 22 2nd

58 3053 90 22 edition.
177 3055 8 20 1
201 3054 42 21 vol.

84 3080 123 27 Magnall's
216 3081 121 26 Questiqns
344 3089 5 19 ;
364 3081 103 28 pictorial
477 3082 90 23 edition.

85 3107 103 22 Barton's
200 3107 82 29 Gospel
291 3108 86 28 history
386 3109 25 21 of
417 3109 79 22 Christ.
526 3112 10 20 1
546 3110 44 22 vol.

84 3133 48 22 The
143 3134 78 21 Easter
231 3135 55 24 Gift,
296 3135 30 27 by
336 3135 85 22 L.E.L.
450 3138 11 19 1
472 3136 44 22 vol.

85 3160 48 23 The
144 3161 99 22 Parents'
254 3162 89 27 Friend,
352 3162 29 28 by
390 3162 59 23 John
461 3163 106 27 Morison,
575 3164 69 27 D.D.,

58 3187 88 22 Author
155 3188 25 21 of
329 3193 22 17 to
362 3197 14 14 a
388 3190 176 26 newly-wedded

86 3215 111 27 Scripture
215 3214 92 28 History
320 3216 35 22 for
372 3216 83 23 Youth.
483 3220 14 19 2
513 3218 61 28 vols.,
593 3219 52 22 with

56 3249 64 19 maps
131 3241 43 22 and
184 3241 77 28 plates.

84 3268 49 22 The
152 3269 95 21 Women
267 3269 24 21 of
310 3269 106 28 England,
438 3270 57 23 their
514 3272 73 22 Social
602 3272 41 23 and

55 3295 116 22 Domestic
185 3295 88 27 Duties,
290 3296 30 27 by
330 3296 57 23 Mrs.
402 3297 54 22 Ellis
465 3306 5 19 ;
486 3298 52 23 15th
553 3300 89 22 edition.

56 3324 10 19 1
80 3322 43 22 vol.

82 3350 103 22 Summer
199 3349 46 22 and
254 3349 86 22 Winter
355 3350 25 22 in
394 3350 36 23 the
442 3351 115 29 Pyrenees,
569 3353 30 28 by
606 3353 38 22 the

55 3383 61 15 same
126 3376 96 23 Author.
251 3378 11 20 1
273 3376 46 22 vol.

84 3404 138 21 Goldsmiths
232 3403 83 26 history
326 3403 25 21 of
359 3404 35 21 the
404 3404 69 23 earth.
501 3407 14 20 4
525 3406 54 23 vols.

82 3430 107 23 Burder's
199 3430 88 28 Village
298 3431 111 21 Sermons.
439 3431 10 22 I
460 3432 43 22 vol.

82 3457 91 23 Wood's
183 3458 132 26 Dictionary
325 3456 27 22 of
359 3457 36 22 the
406 3458 69 23 Bible.
503 3462 15 19 2
527 3460 55 23 vols.

82 3485 93 22 Smith's
185 3484 111 27 Mecanic,
308 3486 14 20 2
331 3484 55 21 vols.

81 3510 48 23 The
140 3512 63 21 Book
214 3512 26 21 of
252 3512 108 21 Common
372 3511 89 27 Prayer,
472 3512 128 24 illustrated.
635 3516 7 6 '

80 3537 147 23 Fleetwood's
236 3538 39 23 life
286 3538 26 21 of
319 3538 79 22 Christ.

82 3564 66 23 Fox's
159 3565 110 22 Christain
281 3565 162 27 Martyrology.

80 3592 47 21 The
140 3591 70 23 whole
221 3592 53 28 duty
286 3593 26 21 of
318 3592 65 27 Man,
397 3592 30 28 by
437 3591 37 22 the
484 3592 56 23 Rev.
552 3594 90 23 Charles

53 3620 102 25 Atmore,
254 3638 7 6 „
368 3635 3 9 ,

80 3645 131 23 Morrison's
221 3646 88 27 Family
319 3646 101 28 Prayers.

80 3673 117 27 Bunyan's
215 3672 113 28 Pilgrim's
343 3674 112 27 Progress,
471 3674 131 28 beautifully
616 3675 16 21 il

50 3700 116 21 histrated.

79 3726 112 23 Sermon's
200 3727 30 26 by
238 3726 62 23 Blair
310 3726 46 22 and
366 3726 135 23 Whitefield.

79 3754 114 22 Buchau's
203 3754 115 21 Domestic
328 3754 123 22 Medicine.
468 3761 2 5 '

78 3780 113 22 Walker's
202 3780 157 28 Pronouncing
368 3781 136 28 Dictionary.

79 3808 135 22 Jamieson's
220 3807 133 27 Dictionary
359 3808 26 21 of
388 3808 143 22 Mechanical
541 3808 98 28 Science,

51 3835 61 25 ▲rte,
124 3834 175 26 Manufactures,
312 3835 40 22 &c.
381 3836 14 20 2
403 3836 64 26 vols.,
477 3837 44 20 4to.

78 3860 174 28 Encyclopedia
261 3860 129 23 Edinensis.
418 3864 13 19 6
440 3862 55 22 vols.

79 3888 116 27 Drawing-
197 3888 72 22 Room
280 3888 69 27 Scrap
359 3888 62 22 Beok
430 3888 35 22 for
475 3890 61 22 1842.

78 3914 101 23 Mathew
188 3914 74 23 Wald.

78 3940 84 23 Close'a
171 3941 87 25 Family
268 3940 91 29 Prajer.

79 3968 71 27 Guy'g
159 3968 94 27 spelling
261 3968 66 28 book,
338 3970 49 26 &c,
399 3968 40 23 &c.
462 3970 40 22 Sic.

868 128 114 21 Gazette
997 128 88 21 Office.

684 161 200 23 STATIONERY
897 161 196 23 WHOLESALE
1107 162 21 21 &
1143 161 123 23 RETAIL.

682 196 89 48 WE
794 196 45 27 beg
860 198 22 19 to
905 202 115 15 announce
1038 195 38 22 the
1098 195 88 27 arrival,
1209 196 58 21 from

778 222 111 27 England,
900 222 26 21 of
934 222 35 21 the
985 222 48 21 first
1041 226 50 22 part
1100 222 26 21 of
1134 229 42 24 pur
1190 226 78 18 exten-

682 248 46 21 sive
738 248 75 22 orders
820 249 26 21 in
856 248 44 22 this
909 248 140 28 department
1060 248 24 22 of
1091 248 108 22 business.
1220 250 48 21 Our

683 275 61 22 stock
754 275 92 27 already
856 275 90 22 consists
962 276 26 21 of
999 282 66 20 every
1074 274 76 22 article
1167 275 100 27 required

682 302 34 21 for
730 302 98 26 Schools,
846 302 80 26 Banks,
942 302 86 25 Courts,
1046 301 54 22 Law
1116 301 87 24 Offices,
1222 302 45 21 and

683 328 88 27 Artists,
783 328 39 21 &c.
832 336 6 18 ;
855 328 71 22 whilst
935 328 36 21 the
989 328 137 21 ornamental
1137 328 45 21 and
1197 328 70 22 draw-

683 355 36 26 ing
731 362 63 14 room
810 355 121 27 stationery
947 354 39 22 has
1000 358 40 18 not
1051 356 60 21 been
1127 354 139 23 overlooked.

682 381 47 22 The
740 381 126 22 difficulties
877 381 114 27 attending
1000 381 37 22 the
1046 382 49 21 first
1102 381 166 22 establishment

682 407 80 28 having
772 408 58 21 been
847 415 120 19 overcome,
978 408 45 21 and
1034 415 67 20 every
1116 408 80 21 arrival
1210 408 60 22 from.

682 434 105 27 England
806 434 83 28 adding
903 434 60 22 fresh
978 434 111 22 additions
1103 437 23 18 to
1142 441 40 15 our
1197 434 67 27 stock,

682 461 44 21 will
743 461 78 22 enable
837 468 26 15 us
872 464 23 19 to
910 461 80 22 reduce
1008 469 39 14 our
1063 461 91 27 charges
1165 468 29 15 on
1209 465 58 18 most

682 487 87 22 articles
778 492 25 17 at
810 488 58 21 least
877 488 26 21 50
910 495 40 20 per
960 492 57 17 cent.

709 515 156 27 Storekeepers
882 515 42 21 and
943 515 117 21 wholesale
1079 514 86 21 dealers
1183 521 40 15 can
1237 515 28 22 be

682 541 101 27 supplied
799 545 22 18 to
837 549 44 19 any
890 544 82 24 extent,
991 541 43 22 and
1050 548 28 15 on
1096 546 68 17 terms
1180 541 86 27 equally

682 567 166 28 advantageous
856 571 23 19 to
889 575 43 21 any
940 568 104 22 obtained
1053 568 23 21 in
1088 568 97 27 Sydney,

710 595 94 26 Writing
812 602 76 20 papei,

710 621 111 27 Imperial,

709 648 79 27 Royal,

709 675 114 27 Foolscap,
835 675 87 21 various
932 675 107 27 qualities,

709 701 71 27 Large
789 701 61 22 thick
859 704 55 29 post,
925 709 62 14 wove
997 702 45 22 and
1051 701 54 28 laid,

708 727 57 22 Thin
776 731 55 24 post,
844 728 61 27 ditto,

709 754 55 21 Fine
775 755 52 20 bath
839 759 55 22 post,
905 755 47 27 gilt.

708 781 89 22 Double
813 781 110 28 elephant,
940 782 147 27 antiquarian,
1103 782 107 28 imperial,
1222 781 44 23 and

681 807 62 28 royal
753 808 100 27 drawing
860 815 73 21 paper,

710 834 91 27 Oblong
811 835 89 27 clasped
910 835 167 22 memorandum
1086 835 78 27 books,

708 861 86 22 French
804 862 85 27 tracing
898 869 73 21 paper,

708 888 88 22 Ladies'
808 888 45 22 and
862 889 145 27 gentlemen's
1017 889 53 22 card
1079 896 68 19 cases,

708 915 64 22 Ditto
843 915 34 22 do.
934 916 71 21 tinted
1015 916 45 21 and
1070 915 118 22 embossed
1194 916 69 26 cards,

708 942 95 27 Sponge,
815 941 78 23 wafers
902 942 22 22 in
933 944 14 20 2
957 950 33 14 oz.
1000 942 75 26 boxes,

708 969 68 22 Black
793 969 56 27 edge
868 969 44 22 and
931 969 114 27 bordered,
1066 969 65 22 letter
1150 969 46 22 and
1213 972 52 19 note

680 1002 74 21 paper.

708 1022 91 22 Invoice
810 1022 75 28 books,
895 1023 52 21 with
957 1023 99 27 indexes,
1069 1024 88 21 various
1168 1023 60 28 sizes,

708 1049 57 21 Cash
771 1049 80 27 books,
861 1049 63 22 ruled
933 1050 88 26 double,
1032 1049 88 23 various
1130 1050 63 26 sizes,

707 1075 131 28 Envelopes,

708 1102 85 22 Pewter
797 1103 124 31 jnkstands,

707 1129 81 27 Ebony
796 1130 123 27 inkstands,
929 1130 53 22 with

707 1156 73 21 Broad
792 1156 43 22 and
846 1164 82 15 narrow
940 1165 67 19 green
1017 1157 41 22 silk
1070 1157 86 27 ribbon,

708 1183 117 28 Brief-apd
834 1184 59 21 deed
901 1191 73 20 paper,

708 1210 72 21 Ruled
791 1218 68 20 paper
868 1211 34 21 for
910 1211 39 21 bill
959 1210 75 27 heads,

708 1237 72 27 Royal
796 1238 68 26 nand,
878 1238 78 21 double
974 1238 61 21 hand
1049 1238 86 26 brown,
1152 1237 45 22 and
1205 1238 60 28 royal

680 1263 74 22 brown
766 1264 114 28 wrapping
889 1272 72 20 paper,

708 1290 100 28 Ledgers
818 1292 45 21 and
872 1296 95 17 account
975 1292 76 27 books,
1063 1292 88 21 various
1162 1292 61 26 sizes,

708 1317 83 22 Pocket
799 1318 89 28 ledgers
898 1319 42 22 and
949 1318 170 23 memorandum
1128 1318 77 26 books,

707 1344 121 28 Engraved
837 1353 56 21 copy
901 1346 52 28 slips
962 1346 46 21 and
1017 1346 76 26 books,

708 1371 52 22 Best
769 1372 81 22 Welch
860 1375 71 24 slates,
941 1373 61 26 large
1010 1372 43 22 and
1063 1372 72 28 small,

708 1398 73 22 Blank
792 1400 71 21 music
872 1400 75 26 books,

708 1425 103 28 Message
821 1428 72 27 cards,

707 1452 111 23 Coloured
830 1461 84 21 papers,

708 1480 70 27 Sugar
787 1487 87 22 papers,

709 1506 58 22 Note
778 1515 85 20 papers,

707 1534 93 28 Playing
811 1536 69 28 cards,
893 1536 101 22 coloured
1005 1536 43 22 and
1055 1536 53 28 gold
1116 1536 74 26 backs,

707 1562 61 26 Copy
778 1561 77 29 books,

707 1588 69 22 Black
785 1589 51 22 lead
846 1590 89 28 pencils,

707 1615 65 22 India
780 1617 90 27 rubber,
881 1618 69 21 bottle
960 1618 44 21 and
1016 1620 86 25 patent,

708 1642 67 28 Ivory
785 1643 82 22 folders
877 1644 44 21 and
929 1644 86 27 knives,

707 1669 46 22 Pen
764 1670 85 26 knives,

707 1696 86 26 Rulers,
804 1698 82 26 pocket
895 1698 76 27 books,

707 1723 73 22 Blank
789 1724 52 22 bills
852 1725 25 21 of
884 1725 121 27 exchange,

707 1750 76 22 Letter
792 1751 45 21 and
848 1751 37 22 bill
898 1752 54 27 files,

707 1776 42 22 Ink
759 1778 43 21 and
812 1778 41 21 ink
862 1779 102 26 powders,

707 1804 74 22 Bibles
791 1805 44 21 and
845 1809 134 23 testaments,

707 1831 97 27 Spelling
813 1832 76 27 books,
901 1833 91 27 various,

706 1858 101 27 Primers,

707 1884 125 23 Children's
840 1886 71 22 books
920 1887 22 21 in
954 1889 62 24 great
1025 1886 92 27 variety,

706 1912 72 22 Blank
789 1913 170 23 Custom-house
973 1914 75 26 forms,
1066 1913 36 22 for
1118 1913 143 27 auctioneers,

679 1938 45 22 and
734 1939 28 21 all
773 1939 38 22 the
828 1940 64 22 other
902 1941 169 21 Custom-house
1081 1940 69 22 forms
1160 1940 34 22 for
1204 1941 58 21 Mer-

679 1965 83 22 chants.

707 1993 114 21 Seamen's
830 1993 99 23 advance
940 1997 70 18 notes.

707 2019 114 21 Seamen's
832 2021 86 20 articles
928 2021 26 20 of
961 2023 134 23 agreement.

707 2045 135 27 Log-books.

706 2072 72 22 Blank
788 2073 67 25 writs,

706 2099 145 22 Parchments
862 2100 34 21 for
922 2099 73 23 deeds.

707 2126 77 23 Quills.

707 2153 57 21 Ever
773 2153 91 28 pointed
874 2154 71 27 pencil
955 2162 61 14 cases
1024 2155 23 20 in
1056 2155 98 26 superior
1165 2155 97 21 German

679 2179 76 22 Silver.

705 2207 89 21 Lucifer
803 2207 77 22 boxes.

706 2233 75 22 Wafer
790 2237 89 24 stamps.
926 2245 3 8 t

747 2279 108 22 ANTED
870 2279 21 22 A
906 2280 204 22 SHEPHERD.—
1112 2280 35 22 No
1157 2289 40 13 one
1207 2281 56 22 need

759 2305 66 28 apply
836 2306 48 21 who
895 2306 39 22 has
949 2310 40 18 not
997 2307 58 22 been
1069 2308 97 26 brought
1174 2315 29 20 up
1213 2315 23 14 as
1249 2315 14 14 a

678 2332 122 27 Shepherd.
830 2333 76 28 Apply
915 2336 23 19 to

855 2367 34 22 W.
902 2367 88 29 Hulke,
1002 2369 150 27 Cowpastures
1162 2369 72 22 Farm.

771 2419 93 20 Union
878 2420 79 20 Bank
970 2421 30 19 of
1018 2421 149 20 Australia.

677 2451 94 22 London
790 2453 93 26 Office,
900 2453 43 22 No.
957 2455 35 25 38,
1012 2454 49 21 Old
1077 2454 185 23 Broad-street.

731 2484 94 28 Capital,
835 2485 121 28 £800,000;
976 2486 52 27 paid
1037 2494 36 19 up,
1089 2487 119 26 £500,000.

911 2524 108 12 DIRECTORS
1024 2525 5 12 :

781 2545 68 21 George
858 2545 38 16 Fife
903 2545 66 21 Angas,
978 2547 48 20 Esq.,

781 2566 68 16 Robert
856 2566 74 20 Brooks,
941 2567 48 20 Esq.,

780 2587 62 16 James
849 2587 49 17 John
907 2587 97 20 Cummins,
1013 2588 48 21 Esq.,

781 2607 68 17 Robert
856 2608 96 20 Gardener,
963 2609 49 20 Esq.,
1023 2609 122 20 Mancheiter,

780 2628 49 17 John
838 2628 46 17 Gore
900 2629 47 20 Esq.,

780 2649 48 17 John
836 2649 79 18 William
923 2650 74 20 Buckle,
1002 2651 49 21 Esq.,

780 2670 95 21 Benjamin
884 2672 21 15 E.
912 2670 62 20 Lindo,
982 2672 48 20 Esq.,

780 2691 73 17 Charles
863 2692 74 17 Edward
945 2692 87 21 Mangles,
1040 2693 49 21 Esq.,

780 2712 116 21 Christopher
903 2713 82 19 Rawson,
994 2714 48 19 Esq.,
1054 2714 81 20 Halifax,

779 2733 81 17 Thomas
867 2734 62 19 Sands,
937 2734 49 20 Esq.,
993 2734 100 21 Liverpool,

780 2754 62 17 James
849 2755 57 20 Bogle
913 2755 63 19 Smith,
982 2755 49 21 Esq.,

780 2775 62 17 James
849 2775 80 17 Ruddell
935 2776 56 19 Todd,
999 2776 42 20 Esq.

676 2804 85 16 Trustee!
766 2809 5 11 :
787 2803 82 17 George
881 2804 54 16 Carr
947 2804 60 19 Glyn,
1020 2804 48 21 Esq.,
1079 2805 53 16 John
1144 2806 62 19 Goue,
1215 2807 48 20 Esq..

822 2824 37 17 and
866 2825 65 16 James
938 2825 17 16 J.
962 2825 101 21 Cummins,
1072 2825 44 21 Esq.

703 2852 91 16 Bankers:
806 2852 76 16 Messrs.
889 2853 60 19 Glyn,
961 2852 114 21 Hallipax,
1083 2853 72 21 Mills,
1163 2854 37 16 and
1207 2854 29 18 Co.

795 2880 101 20 Secretary:
909 2881 82 16 Samuel
997 2881 95 20 Jackson,
1100 2882 43 20 Esq.
1223 2889 2 8 i

766 2907 81 17 Colonial
853 2908 103 21 Inspector:
968 2909 17 16 J.
993 2909 18 17 C.
1019 2910 103 19 M'Laiven,
1129 2910 44 21 Esq.

797 2957 70 19 New
884 2957 122 21 Zealand
1025 2957 115 22 Branch.

675 2990 54 17 Local
735 2990 92 16 Directors
833 2995 4 11 :
853 2990 47 17 Geo.
912 2990 17 17 S.
940 2991 72 18 Evans,
1025 2991 48 21 Esq.,
1086 2992 64 17 D.C.L.
1168 2994 38 17 and
1217 2995 45 16 Geo.

896 3011 91 20 Hunter,
999 3013 43 19 Esq.

675 3037 96 20 Manager:
783 3037 49 16 John
840 3037 72 19 Smith,
920 3037 48 21 Esq.,
975 3037 36 18 late
1020 3039 20 16 of
1048 3039 30 16 the
1086 3039 119 18 Commercial
1211 3041 51 17 Bank

844 3058 21 16 of
873 3058 88 20 England,
973 3059 122 17 Manchester.

784 3079 115 22 Branches
910 3082 23 19 at
948 3080 96 28 Sydney,

948 3107 89 22 Hobart
1044 3108 77 28 Town,

840 3154 4 8 ,
949 3134 148 28 Launceston,
1109 3136 46 22 and

948 3161 54 22 Port
1011 3161 80 29 Philip.

675 3187 53 22 Port
737 3187 133 28 Nicholson,
881 3188 78 21 March
969 3189 34 26 24,
1015 3190 61 21 1840.

675 3241 91 48 THE
782 3241 116 22 Directors
915 3241 26 22 of
955 3241 39 23 the
1010 3242 57 23 New
1082 3244 102 23 Zealand
1199 3245 63 22 Land

750 3269 117 27 Company
881 3269 80 27 hereby
980 3269 50 27 give
1047 3271 81 27 notice,
1147 3272 49 21 that
1211 3273 51 28 they

674 3295 57 22 have
738 3303 113 14 effected
862 3303 30 14 an
902 3303 171 16 arrangement
1081 3298 52 21 with
1142 3298 37 23 the
1187 3299 73 23 Union

673 3322 65 21 Bank
753 3322 25 22 of
794 3322 122 27 Australia,
932 3323 44 22 No.
993 3325 34 25 38,
1042 3324 44 22 Old
1102 3325 158 28 Broad-street,

674 3348 101 28 London,
786 3349 35 22 for
831 3349 37 22 the
882 3350 167 22 establishment
1063 3351 26 22 of
1102 3359 14 14 a
1132 3352 130 24 BRANCH

673 3375 89 22 BANK
776 3375 36 22 IN
827 3376 72 21 NEW
914 3376 156 30 ZEALAND,
1084 3378 97 28 through
1191 3380 71 23 which

674 3402 36 22 the
720 3402 101 23 business
835 3402 26 22 of
874 3403 38 22 the
929 3403 56 23 New
1001 3404 101 23 Zealand
1115 3406 65 23 Land
1198 3408 64 22 Com-

674 3437 59 20 pany
741 3430 46 21 will
795 3430 28 21 be
834 3430 134 22 transacted.
995 3430 49 23 The
1058 3432 116 23 Directors
1190 3434 72 22 there-

672 3458 48 21 fore
729 3456 146 23 recommend
884 3460 22 19 to
924 3458 109 21 Colonists
1049 3458 37 22 the
1105 3460 76 22 Union
1197 3461 63 23 Bank

672 3484 27 21 of
717 3484 115 22 Australia
849 3491 25 14 as
892 3491 28 15 an
946 3484 168 24 establishment
1136 3489 126 27 possessing

672 3510 57 22 their
746 3510 70 23 entire
840 3511 136 27 confidence,
996 3512 45 21 and
1060 3512 49 23 able
1129 3517 22 18 to
1170 3516 90 25 provide

672 3537 125 28 effectually
813 3538 36 21 for
863 3537 39 23 the
917 3538 105 23 financial
1035 3543 71 18 wants
1124 3540 25 22 of
1161 3544 37 19 the
1215 3542 46 22 first

672 3564 134 23 settlement.

839 3592 36 27 By
885 3592 65 22 order
958 3593 27 21 of
995 3593 37 22 the
1042 3594 80 28 Board,

917 3626 84 22 JOHN
1015 3627 104 28 WARD,
1136 3629 122 29 Secretary.

672 3652 56 22 New
737 3653 102 22 Zealand
848 3653 66 22 Land
922 3654 134 27 Company's
1065 3655 79 28 Office,

700 3686 19 22 1,
729 3684 161 28 Adam-street,
901 3685 104 28 Adelphi,
1015 3686 54 23 2^
1077 3687 61 27 Aug.
1157 3690 61 21 1839.

674 3729 90 35 npHE
787 3731 81 19 Nelson
891 3732 115 20 Examiner
1029 3734 43 19 and
1091 3734 54 20 New
1168 3736 92 20 Zealand

679 3752 29 25 JL
747 3756 109 22 Chronicle
872 3758 126 27 (published
1007 3763 23 18 at
1039 3759 101 29 Nelson,)
1157 3761 19 22 is
1193 3769 65 20 regu-

670 3782 58 28 larly
747 3782 140 24 transmitted
903 3788 23 18 to
940 3785 145 30 Wellington,
1105 3787 45 23 and
1164 3796 53 21 may

670 3808 44 23 had
726 3812 22 19 at
756 3810 38 22 the
804 3811 64 21 office
879 3811 26 21 of
915 3811 43 23 this
966 3820 75 19 paper.

697 3836 48 22 The
755 3838 79 20 Nelson
842 3839 117 21 Examiner
974 3840 44 21 will
1027 3840 28 22 be
1063 3841 71 23 found
1144 3850 29 14 an
1185 3844 73 21 excel-

669 3863 49 21 lent
726 3864 99 22 medium
835 3865 35 21 for
881 3865 135 23 advertisers.

696 3890 77 23 Terms
784 3891 35 23 for
827 3892 38 22 the
875 3900 74 20 paper,
960 3897 36 18 ten
1006 3893 101 28 shillings
1120 3903 40 20 per
1169 3901 90 23 quarter

669 3917 93 28 payable
771 3919 23 21 in
805 3919 109 23 advance.
1229 3919 5 34 [

664 3962 1 4 .
697 3944 81 23 Orders
801 3946 34 22 for
856 3947 38 21 the
916 3954 67 20 paper
1005 3947 46 23 and
1073 3949 185 27 advertisements

669 3971 102 23 received
781 3975 23 19 at
813 3973 38 21 the
863 3973 71 21 Office
943 3973 26 22 of
981 3973 44 22 this
1034 3980 76 21 paper.
1230 3977 8 28 }
