3330 4340
1460 1532 57 43 THE
1536 1532 57 43 HOT
1612 1532 95 43 LAKES
1726 1532 171 43 CHRONICLE

1460 1575 437 42 AND

1460 1617 219 43 Tourists'
1703 1617 194 43 Journal.

1460 1660 171 20 WEDNESDAY,
1646 1661 155 18 SEPTEMBER
1806 1663 89 18 25,
1895 1660 2 21 1895.

1461 1722 102 23 LOCAL
1578 1723 96 23 NEWS
1700 1724 70 23 AND
1784 1724 110 23 NOTES.

1484 1781 39 18 The
1545 1781 86 23 monthly
1646 1782 84 24 meeting
1747 1783 19 17 of
1789 1783 31 18 the
1838 1785 58 15 Town

1462 1804 63 18 Board
1532 1804 52 18 takes
1598 1804 53 23 place
1664 1807 113 16 to-morrow
1788 1807 107 21 afternoon,

1462 1828 18 16 in
1490 1827 31 17 the
1530 1827 124 19 Courthouse.

1484 1854 113 18 Lieut.-Col.
1606 1855 78 19 Roberts
1691 1856 104 18 concluded
1804 1857 32 17 the
1843 1857 42 17 busi-

1462 1884 41 10 ness
1512 1878 19 17 of
1541 1878 30 18 the
1581 1879 128 22 Magistrate's
1718 1880 59 18 Court
1789 1886 24 11 on
1829 1880 55 17 Satur-

1462 1901 36 22 day
1507 1901 38 18 aud
1553 1901 34 18 left
1596 1902 29 17 for
1634 1902 100 24 Tauranga
1742 1908 25 13 on
1780 1903 31 18 the
1821 1903 64 18 follow-

1462 1924 34 23 ing
1505 1924 91 24 morning.

1486 1953 31 17 Mr
1526 1953 25 18 M.
1563 1954 69 19 Simon,
1643 1954 61 21 tailor,
1714 1960 108 13 announces
1832 1955 18 18 in
1861 1955 36 18 this

1462 1976 48 18 issue
1518 1976 44 18 that
1568 1976 24 18 ho
1600 1973 40 21 will
1648 1982 47 18 open
1714 1978 33 17 the
1761 1978 89 23 premises
1867 1985 19 10 re-

1462 2000 62 21 cently
1534 1999 71 18 erected
1615 2000 28 18 for
1657 2000 39 18 him
1711 2001 19 17 in
1745 2002 67 16 Arawa
1827 2001 67 20 Street,

1462 2022 85 23 opposite
1556 2022 31 18 the
1596 2023 123 22 Courthouse,
1729 2030 25 11 on
1763 2025 92 21 Tuesday.

1484 2049 64 23 Judge
1557 2050 42 18 (Jill,
1611 2050 63 18 native
1681 2051 47 18 land
1732 2052 92 22 purchase
1831 2053 63 22 agont,

1462 2072 34 18 loft
1506 2079 23 10 on
1540 2072 82 24 Monday
1638 2074 28 16 for
1681 2075 25 17 To
1721 2075 57 19 Puke,
1796 2075 66 17 thence
1876 2077 19 15 to

1462 2096 105 23 Tauranga.
1592 2096 75 24 During
1677 2098 30 16 the
1717 2098 42 22 past
1770 2098 52 17 throe
1835 2098 60 18 woeks

1462 2119 32 17 Mr
1502 2119 38 17 Gill
1547 2119 35 17 has
1589 2119 45 22 paid
1642 2125 44 13 over
1695 2119 69 22 £1,200
1778 2127 25 11 on
1817 2123 79 15 account

1462 2143 20 15 of
1491 2141 45 17 land
1544 2143 106 20 purchases.

1486 2171 31 16 Mr
1525 2170 76 20 Wilson,
1617 2171 20 17 of
1651 2171 81 22 Tluntly.
1744 2172 14 16 is
1768 2173 31 16 the
1814 2178 71 12 success-

1463 2194 28 16 ful
1505 2193 85 17 tenderer
1607 2194 29 17 for
1653 2194 31 17 the
1701 2195 59 21 stock,
1778 2195 32 18 &c.
1829 2196 18 16 in
1865 2196 31 17 the

1462 2216 87 23 assigned
1558 2218 57 16 estate
1632 2218 21 16 of
1669 2216 99 19 Oronstein
1787 2220 14 15 it
1819 2218 64 23 Rappa-

1462 2241 43 21 port
1514 2240 20 16 of
1547 2240 60 17 which
1622 2240 70 17 Messrs
1708 2241 53 17 Cook
1777 2242 15 17 &
1810 2242 56 22 Gray,
1878 2242 19 18 of

1463 2263 103 19 Auckland,
1577 2269 31 11 are
1617 2263 32 18 the
1657 2265 87 16 trustees.

1486 2290 94 22 Amongst
1588 2290 32 17 the
1630 2291 73 17 visitors
1719 2293 19 15 to
1752 2292 84 16 Rotorua
1852 2291 33 19 dur-

1462 2312 34 23 ing
1503 2313 34 18 the
1544 2314 43 22 past
1594 2314 54 17 week
1655 2320 45 15 may
1707 2314 24 18 be
1747 2315 104 18 numbered
1866 2315 31 18 Mr

1463 2336 21 17 G.
1505 2336 112 19 Hutchison,
1641 2336 87 23 M.H.R.,
1744 2338 41 17 who
1798 2339 34 16 has
1851 2338 45 18 been

1463 2359 89 23 suffering
1561 2359 47 18 from
1618 2366 23 10 an
1651 2361 64 17 attack
1724 2361 20 17 of
1751 2361 94 18 influenza
1859 2362 38 16 and

1463 2383 31 17 obt
1502 2383 49 16 lined
1564 2383 51 17 three
1631 2383 66 17 weeks'
1713 2384 52 17 leave
1782 2385 20 16 of
1818 2385 79 17 absence

1464 2406 27 16 fro
1500 2413 11 9 n
1519 2406 28 16 his
1556 2406 104 23 legislative
1671 2406 67 19 duties.
1768 2408 31 16 Mr
1816 2408 69 17 Hutchi-

1463 2434 39 16 son,
1511 2428 43 18 who
1561 2434 40 13 was
1608 2430 135 23 accompanied
1750 2430 25 23 by
1791 2432 38 16 M'-s
1848 2431 36 18 Hut-

1463 2451 69 22 chison,
1538 2454 23 15 ret
1568 2452 80 18 urncdto
1655 2453 99 17 Auckland
1760 2454 36 16 this
1803 2454 93 23 morning.

1486 2482 37 16 The
1535 2481 90 17 furniture
1638 2482 71 16 destine
1717 2482 6 16 1
1740 2483 28 16 for
1782 2482 32 18 the
1832 2483 64 17 Grand

1463 2505 58 17 Hotel
1529 2504 16 18 is
1553 2510 43 12 now
1603 2504 71 24 rolling
1681 2505 19 17 in
1717 2505 25 23 by
1757 2506 137 23 wagon-loads,

1462 2528 37 17 and
1509 2528 30 17 Mr
1548 2528 27 16 W.
1585 2528 22 17 A.
1619 2528 80 17 Boulton
1711 2524 36 21 aiid
1756 2536 11 9 a
1784 2529 52 22 large
1853 2528 45 19 staff

1463 2552 19 16 of
1491 2552 96 16 assistants
1597 2557 30 10 are
1641 2551 48 22 busy
1702 2552 110 23 unpacking
1821 2552 37 17 and
1867 2558 20 12 re-

1464 2574 87 23 gulating
1564 2573 32 18 the
1607 2580 56 10 same.
1689 2574 88 24 Judging
1791 2576 46 16 from
1851 2575 34 23 hap-

1463 2597 68 18 hazard
1540 2597 75 23 glances
1624 2597 69 23 during
1700 2598 35 17 the
1738 2604 75 17 process
1823 2599 25 17 of,
1859 2605 23 10 un-

1464 2621 64 21 casing
1537 2620 54 17 much
1600 2622 48 15 taste
1657 2621 34 16 has
1707 2622 47 16 been
1771 2622 98 22 displayed
1878 2622 18 17 in

1464 2644 31 16 the
1504 2643 62 19 choice
1571 2643 20 18 of
1601 2644 30 16 the
1641 2644 75 16 various
1726 2644 64 18 suites.

1486 2673 38 16 The
1540 2672 54 17 usual
1612 2672 85 23 monthly
1719 2674 84 22 mooting
1824 2674 19 16 of
1865 2674 31 16 the

1464 2695 66 18 School
1539 2696 111 16 Committee
1660 2696 44 16 took
1712 2696 53 23 place
1774 2703 24 10 on
1813 2696 84 23 Monday

1464 2718 55 24 night
1533 2719 52 16 when
1603 2719 52 16 there
1672 2724 48 13 were
1737 2722 75 20 present
1829 2720 68 18 Messrs

1465 2741 78 22 Purcell,
1554 2741 72 23 (chair),
1638 2742 102 22 Robinson,
1754 2743 51 19 Hall,
1820 2743 37 16 and
1871 2743 25 17 H.

1464 2764 27 18 W.
1514 2764 115 23 Neighbour.
1668 2766 39 16 The
1730 2767 84 16 master's
1835 2767 63 22 report

1464 2788 75 16 showed
1546 2788 42 16 that
1597 2788 51 16 there
1654 2789 37 16 had
1698 2789 47 17 boon
1753 2795 11 11 a
1768 2790 55 21 great
1831 2789 67 23 falling

1464 2811 27 16 off
1497 2811 19 16 in
1526 2811 30 16 the
1565 2811 118 21 attendance,
1693 2811 38 18 and
1740 2812 15 17 it
1769 2818 37 12 was
1822 2812 75 17 decided

1464 2836 19 15 to
1504 2840 46 16 urge
1570 2836 75 20 parents
1666 2836 20 15 to
1703 2835 44 17 take
1763 2837 50 21 steps
1830 2836 19 16 in
1867 2836 30 16 the

1464 2858 74 16 matter.

1487 2886 39 16 The
1538 2887 55 15 event
1608 2886 19 17 of
1641 2886 31 17 the
1686 2888 51 15 town
1745 2893 25 11 on
1782 2887 69 22 Friday
1861 2888 37 16 and

1465 2908 223 22 SaturdaynextwiU.be
1702 2910 32 16 the
1748 2910 95 18 extensive
1860 2910 38 17 sale

1464 2932 20 16 of
1497 2931 50 18 Mr.l
1555 2931 107 19 Falloona's
1670 2933 93 17 furniture
1772 2933 26 22 by
1804 2933 31 17 Mr
1843 2933 18 17 J.
1871 2934 25 16 H.

1464 2955 73 22 Taylor,
1547 2956 112 19 auctioneer,
1669 2957 21 16 at
1698 2956 33 17 the
1739 2956 85 17 Rotorua
1832 2956 65 18 Hotel.

1464 2978 100 17 Reference
1571 2980 19 15 to
1601 2984 35 11 our
1643 2978 118 23 advertising
1770 2980 83 16 columns
1860 2980 37 16 will

1464 3001 52 16 show
1523 3001 41 16 that
1571 3001 32 17 the
1609 3002 74 16 various
1689 3003 37 16 lots
1733 3004 20 15 to
1760 3003 22 17 be
1788 3002 108 21 submitted,

1464 3023 74 18 include
1546 3030 55 16 every
1610 3025 87 22 requisite
1709 3025 21 17 of
1745 3032 12 11 a
1770 3025 41 18 well
1821 3025 76 18 ordered

1464 3047 107 20 household,
1582 3048 38 16 and
1629 3054 19 11 as
1658 3048 31 17 the
1695 3048 61 17 whole
1763 3050 113 15 assortment
1883 3049 14 16 is

1464 3070 19 16 in
1497 3070 102 18 admirable
1619 3071 95 17 condition
1729 3072 32 16 the
1776 3072 121 21 competition

1465 3093 37 16 will
1511 3093 95 17 doubtless
1614 3094 23 16 bo
1653 3094 48 17 keen
1717 3095 38 16 and
1769 3095 32 16 the
1818 3094 80 24 bidding

1464 3116 83 22 spirited.

1488 3145 25 16 At
1521 3145 35 17 last
1570 3145 67 17 week's
1650 3145 78 24 sittings
1742 3147 20 16 of
1778 3145 32 18 the
1825 3146 60 24 Magis-

1464 3168 59 17 trates
1531 3168 58 17 Court
1597 3168 32 17 the
1638 3169 98 22 following
1745 3175 51 11 cases
1804 3170 19 15 in
1838 3170 59 17 which

1464 3190 108 23 Europeans
1582 3197 48 11 wore
1639 3192 103 17 concerned
1757 3198 47 11 were
1820 3192 66 23 adjudi-

1464 3213 55 18 cated
1535 3220 22 11 on
1566 3213 4 23 :
1571 3215 51 16 —M.
1641 3215 85 17 Griffiths
1743 3221 16 11 v.
1782 3215 21 17 F.
1821 3216 63 16 Boord
1892 3213 3 23 ;

1464 3237 56 16 claim
1528 3239 29 14 for
1566 3236 26 18 £o
1603 3237 29 17 17s
1650 3237 24 18 7d
1687 3238 29 17 for
1730 3238 54 17 share
1798 3238 20 17 of
1836 3236 61 23 fuiiee;

1464 3259 84 23 plaintiff
1550 3265 38 12 was
1594 3260 101 18 nonsuited
1703 3260 46 19 with
1757 3262 28 15 10s
1792 3263 54 15 costs.
1860 3262 38 17 The

1464 3288 41 11 case
1512 3287 37 12 Was
1557 3284 110 16 afterwards
1677 3284 68 17 settled
1754 3286 33 15 out
1796 3284 21 17 of
1833 3284 64 18 Court.

1464 3305 22 17 P.
1497 3305 78 23 Starkey
1584 3312 16 11 v.
1611 3307 22 16 G.
1643 3307 94 22 McAuley
1747 3305 4 24 ;
1765 3307 55 17 claim
1829 3307 26 17 £.j
1866 3309 29 17 14s

1464 3328 29 19 fid,
1505 3329 49 16 work
1564 3330 36 15 and
1610 3329 52 18 labor
1669 3330 55 17 done.
1750 3330 54 17 After
1811 3330 86 17 evidence

1464 3351 37 18 had
1510 3352 46 16 been
1565 3352 57 17 heard
1632 3359 23 10 on
1664 3353 46 17 both
1720 3353 48 17 shies
1785 3354 32 16 the
1835 3354 63 17 Bench

1465 3373 78 19 reduced
1552 3375 32 17 the
1592 3375 54 17 claim
1657 3377 19 15 to
1685 3375 22 17 £1
1723 3377 17 15 Is
1750 3375 23 19 3d
1782 3376 37 16 and
1829 3383 49 15 gave
1886 3384 11 10 a

1464 3397 72 18 verdict
1544 3398 28 16 for
1580 3398 42 17 that
1631 3401 83 15 amount.

1488 3429 29 17 On
1526 3427 68 24 Friday
1604 3430 35 16 last
1649 3436 11 10 a
1677 3432 49 15 most
1738 3431 88 16 welcome
1839 3431 58 17 break

1465 3451 18 17 in
1504 3451 32 17 the
1552 3453 82 16 Weather
1650 3453 45 17 took
1712 3453 53 22 place
1780 3453 38 17 and
1832 3454 65 22 steady

1465 3474 112 23 downpours
1587 3476 31 16 foil
1625 3475 70 23 during
1703 3476 32 17 the
1741 3476 43 22 day.
1810 3477 87 16 Towards

1465 3497 32 17 the
1505 3498 80 21 evening
1592 3505 12 9 a
1612 3498 41 17 stiff
1659 3501 107 15 nor-easter
1778 3500 120 17 commenced

1465 3521 19 16 to
1504 3521 50 16 blow
1573 3522 134 22 accompanied
1730 3522 26 22 by
1777 3523 61 21 heavy
1857 3523 41 17 rain

1465 3544 69 21 squalls
1542 3544 38 16 and
1589 3544 37 17 this
1635 3545 61 17 lasted
1704 3545 27 17 off
1737 3545 36 17 and
1779 3551 25 11 on
1811 3545 28 17 till
1848 3545 50 23 early

1465 3572 24 11 on
1498 3566 76 22 Sunday
1584 3567 92 24 morning.
1702 3568 38 17 The
1749 3568 40 17 rain
1803 3574 61 17 gauge
1878 3570 20 16 at

1465 3589 32 17 the
1506 3589 118 18 Sanatorium
1637 3591 103 22 registered
1754 3597 26 16 up
1794 3592 21 16 to
1829 3592 10 16 9
1853 3598 44 11 a.m.

1465 3618 24 11 on
1498 3612 76 22 Sunday
1585 3613 67 16 PGlin.
1684 3613 40 18 The
1738 3614 82 17 weather
1832 3614 16 17 is
1859 3615 39 17 still

1465 3635 70 17 broken
1544 3635 37 17 and
1589 3636 102 17 unsettled.

1488 3667 23 16 In
1524 3666 136 24 relinquishing
1674 3668 32 17 the
1723 3669 146 22 proprietorship
1879 3670 19 16 of

1465 3689 32 16 the
1506 3690 83 16 Rotorua
1597 3690 58 17 Hotel
1664 3691 32 16 Mr
1708 3692 37 16 and
1754 3692 40 17 Mrs
1808 3692 90 17 Falloona

1465 3718 53 15 carry
1527 3712 45 17 with
1579 3712 51 19 them
1639 3714 33 16 the
1681 3714 68 22 hearty
1766 3714 49 23 good
1833 3715 65 17 wishes

1465 3735 19 16 of
1493 3741 11 10 a
1512 3735 51 21 large
1581 3736 53 16 circle
1651 3737 21 16 of
1690 3737 68 18 friends
1775 3738 61 16 whom
1853 3739 45 21 they

1465 3758 47 16 have
1521 3758 53 17 made
1583 3759 27 16 for
1621 3759 109 18 themselves
1740 3760 19 17 in
1771 3761 39 16 this
1818 3760 79 18 district.

1467 3780 71 28 During
1547 3787 10 11 a
1566 3782 93 17 residence
1669 3783 20 16 of
1697 3789 44 10 over
1747 3785 32 15 ten
1788 3789 59 16 years,
1858 3784 40 17 first

1465 3805 19 15 at
1492 3804 78 20 Wairoa,
1582 3805 61 17 where
1651 3806 23 16 he
1683 3812 38 10 was
1730 3806 94 17 stationed
1833 3813 24 11 on
1866 3806 32 18 the

1456 3822 1 29 I
1465 3827 111 17 memorable
1585 3827 56 21 night
1650 3829 20 16 of
1678 3828 32 18 the
1721 3829 93 22 eruption,
1824 3831 47 15 next
1878 3831 19 15 in

1465 3850 31 16 the
1506 3849 30 17 old
1545 3850 66 17 Palace
1623 3851 61 17 Hotel,
1698 3852 39 17 and
1751 3852 77 22 latterly
1836 3853 19 16 in
1865 3853 32 16 the

1461 3872 60 16 'house
1530 3872 60 18 which
1600 3874 23 16 ho
1631 3874 15 16 is
1655 3880 43 11 now
1712 3874 80 23 leaving,
1808 3874 31 18 Mr
1853 3876 33 16 Fal-

1464 3895 71 16 loona's
1544 3896 156 23 goodfollow.ship
1716 3897 94 17 attracted
1818 3898 52 17 hosts
1878 3899 20 16 of

1462 3918 77 17 friends.
1565 3919 19 16 It
1592 3919 15 17 is
1617 3920 119 22 satisfactory
1745 3922 20 15 to
1781 3920 56 17 know
1854 3921 43 17 that

1460 3938 33 19 iris
1502 3947 60 11 career
1570 3941 33 17 has
1612 3942 47 17 been
1667 3949 11 10 a
1687 3949 112 16 prosperous
1808 3949 40 13 one,
1860 3944 37 17 and

1465 3963 92 17 wherever
1565 3964 24 16 he
1598 3971 43 15 may
1649 3965 69 17 launch
1728 3966 30 17 his
1775 3966 84 17 fortunes
1878 3967 18 16 in

1465 3986 31 16 the
1503 3987 60 16 future
1572 3987 29 18 his
1610 3988 69 17 friends
1688 3989 49 21 hope
1742 3989 43 17 that
1793 3989 23 16 he
1825 3989 73 22 maybe

1465 4009 74 17 favored
1556 4010 45 17 with
1618 4011 32 16 the
1667 4012 104 21 propitious
1787 4012 73 17 breezes
1878 4013 20 16 of

1465 4032 99 17 continued
1573 4039 78 11 success.

1576 4060 46 17 SEA
1636 4060 122 18 SICKNESS

1487 4094 58 17 There
1553 4095 16 16 is
1576 4095 82 23 nothing
1665 4096 38 17 like
1716 4097 76 17 Wolfe's
1802 4097 95 22 Schnapps

1464 4118 20 15 to
1492 4117 55 16 avoid
1562 4123 20 11 or
1597 4118 93 17 alleviate.
1710 4120 19 16 It
1742 4120 16 16 is
1771 4120 127 22 exhilarating

1464 4139 39 17 and
1520 4140 151 23 strengthening.
1686 4142 43 21 Buy
1745 4142 70 18 bottles
1831 4142 65 18 intact.

1948 146 38 18 The
2003 148 46 16 Rev.
2067 145 72 20 Father
2152 148 21 16 C.
2189 147 123 24 Krdjmborg
2325 149 32 17 Ims

1925 170 45 18 beeii
1980 171 102 22 appointed
2092 171 45 17 li.C.
2147 171 69 17 Rector
2224 171 20 17 of
2255 171 31 17 the
2299 171 47 19 Roto-

1925 199 33 12 rua
1979 194 78 17 district.
2095 193 71 18 Father
2187 193 122 23 Kreijmborg
2325 195 32 17 has

1923 216 47 18 been
1980 217 19 16 in
2007 216 69 24 charge
2089 216 20 18 of
2124 217 32 17 the
2170 217 76 16 mission
2264 217 28 18 for
2308 224 49 11 some

1924 240 75 16 months
2008 240 47 21 past,
2071 240 35 17 but
2121 240 15 16 it
2150 240 16 16 is
2182 240 45 22 only
2243 240 66 17 within
2326 241 31 18 the

1923 263 36 15 last
1968 262 37 23 day
2013 268 21 12 or
2046 264 35 16 two
2091 263 43 17 that
2142 263 23 16 ho
2174 263 34 17 lias
2224 263 83 18 received
2323 270 23 12 no-

1923 285 36 18 tice
1966 286 21 16 of
1996 286 29 16 bis
2032 286 112 22 permanent
2152 285 131 23 appointment
2292 288 20 16 to
2326 287 31 17 the

1923 308 76 23 charge.

1945 340 61 17 Those
2013 340 42 18 who
2065 340 44 17 take
2118 346 23 11 an
2150 340 79 18 interest
2236 341 20 16 in
2263 341 32 17 the
2312 342 36 16 rail-

1923 369 40 16 way
1979 364 69 16 reform
2062 368 108 13 movement
2184 364 86 17 initiated
2284 364 26 22 by
2326 365 31 17 Mr

1923 386 75 17 Samuel
2006 386 53 17 Vaile
2068 393 31 11 are
2108 386 93 18 informed
2210 386 43 18 that
2260 393 12 11 a
2276 388 81 22 petition

1921 411 21 15 to
1952 409 31 18 the
1992 410 88 20 Premier,
2092 410 32 17 the
2133 409 87 19 Minister
2228 411 20 16 of
2262 410 94 23 Railways

1921 431 38 18 and
1966 432 34 17 the
2014 433 55 16 other
2084 433 92 18 members
2193 433 19 18 of
2229 433 31 18 the
2278 433 79 19 Cabinet

1921 455 68 23 asking
1998 455 29 18 for
2040 462 10 11 a
2066 456 43 17 trial
2124 456 20 17 of
2161 456 31 17 the
2210 456 57 23 Stage
2283 458 74 21 System

1921 484 50 16 upon
1981 484 50 11 some
2045 478 69 19 section
2129 480 20 16 of
2163 479 31 17 the
2210 479 46 17 New
2273 480 82 18 Zealand

1921 501 100 23 Railways,
2031 501 33 18 lies
2074 506 17 12 at
2103 502 37 17 this
2149 502 52 17 office
2210 503 29 17 for
2252 503 102 22 signature.

1921 524 59 17 There
1987 524 127 23 can*scarcely
2121 525 23 17 be
2153 526 37 17 two
2204 525 84 23 opinions
2301 532 20 10 as
2335 528 20 15 to

1921 547 32 17 tin;
1961 547 78 18 benefits
2048 549 20 16 to
2078 548 22 17 be
2109 548 62 17 derive
2180 547 4 24 i
2193 548 46 18 from
2248 549 30 16 the
2285 550 69 21 system

1921 577 19 9 as
1950 571 29 16 far
1986 577 20 10 :is
2016 571 82 17 Rotorua
2109 572 15 16 is
2137 571 108 19 concerned,
2255 572 37 16 ami
2301 579 20 10 as
2330 573 24 16 its

1921 598 71 13 success
2001 594 33 17 has
2049 594 47 17 been
2112 598 49 13 most
2173 594 80 20 marked,
2273 595 44 17 both
2335 597 17 15 in

1921 617 94 22 Hungary
2024 623 23 10 an
2054 617 6 16 I
2070 617 72 21 Russia,
2153 618 15 15 it.
2177 618 14 15 is
2201 618 31 16 the
2241 618 47 22 duty
2297 619 21 16 of
2321 619 34 17 the

1920 639 63 23 public
1992 643 19 14 to
2020 642 79 20 support
2109 640 30 18 Mr
2147 640 54 17 Vaile
2210 641 19 16 in
2238 641 29 17 his
2279 644 76 19 present

1920 663 59 16 effort.

1943 697 38 16 The
1998 697 38 16 ball
2052 697 19 16 in
2090 697 29 17 aid
2137 698 20 16 of
2172 698 32 17 the
2217 698 56 17 funds
2286 699 20 16 ~f
2322 699 32 16 the

1920 720 83 18 Rotorua
2013 720 54 17 Brass
2077 721 55 16 Band
2140 720 66 23 passed
2215 722 27 16 off
2253 727 44 17 very
2312 726 31 14 suc-

1920 743 87 23 cessfully
2017 743 35 17 last
2067 741 117 25 Wednesday
2198 744 60 23 night.
2290 745 65 18 About

1919 768 23 15 40
1956 766 75 22 couples
2045 772 48 11 were
2107 769 75 20 present
2196 767 36 17 and
2247 768 31 16 the
2295 769 60 17 music

1919 790 61 16 which
1990 795 37 11 was
2037 790 89 21 provided
2135 790 25 21 by
2169 790 31 17 Mr
2213 790 87 18 Landells
2316 794 38 15 mi*

1920 812 93 18 universal
2022 813 96 21 approval.
2144 809 38 21 The
2191 813 55 20 band,
2257 814 59 18 Under
2320 814 34 19 the

1919 835 145 23 conductorsmp
2086 837 20 15 of
2132 837 31 15 Mr
2188 836 75 22 Munro,
2285 838 69 22 played

1919 859 71 16 several
2006 859 98 17 selections
2120 859 52 23 prior
2188 861 19 15 to
2224 860 32 16 the
2271 861 83 23 opening

1919 884 49 15 most
1977 882 109 22 creditably.
2112 882 39 17 The
2159 882 47 17 floor
2215 889 37 10 was
2268 884 20 16 in
2302 884 51 22 good

1919 905 101 19 condition,
2031 905 69 17 thanks
2109 907 19 15 to
2137 906 33 16 the
2178 906 93 16 exertions
2285 908 19 16 of
2320 908 33 17 the

1920 928 111 21 committee,
2041 928 38 17 and
2096 929 32 16 the
2145 929 38 16 hall
2201 934 38 11 was
2255 931 98 21 tastefully

1919 951 99 17 decorated
2036 952 45 16 with
2095 951 58 18 nikuu
2169 951 60 23 palms
2244 953 37 16 and
2295 953 56 18 ferns.

1920 975 72 22 Supper
2000 980 38 11 was
2055 974 86 23 supplied
2156 975 24 22 by
2195 975 31 17 Mr
2239 975 77 18 Samson
2333 977 20 16 in

1919 998 28 16 his
1968 998 54 16 usual
2043 998 92 16 excellent
2149 998 54 22 stylo,
2220 999 37 16 and
2276 1000 50 16 after
2341 1006 12 11 a

1919 1020 117 24 thoroughly
2041 1020 100 24 enjoyable
2152 1021 45 17 time
2211 1021 32 17 the
2259 1027 94 19 company

1919 1044 56 17 broke
1985 1050 26 16 up
2019 1046 20 15 at
2047 1044 59 16 about
2137 1050 43 11 a.m.

1942 1075 38 18 The
1989 1075 111 24 contingent
2109 1076 20 16 of
2137 1076 33 17 the
2179 1075 113 19 Permanent
2302 1077 51 17 force

1919 1099 58 16 under
1987 1098 60 19 Liout.
2066 1100 64 16 Hume
2147 1098 58 24 lately
2221 1100 93 18 stationed
2332 1102 21 16 at

1919 1123 25 16 Te
1954 1122 70 18 Whaiti
2039 1122 20 17 in
2074 1122 32 17 tin;
2121 1122 87 17 Urowcra
2222 1125 79 20 country
2314 1124 39 17 and

1919 1145 113 23 numbering
2053 1145 59 17 about
2125 1147 22 15 40
2165 1152 47 13 men,
2228 1147 88 17 returned
2333 1148 20 16 to

1919 1169 83 17 Rotorua
2012 1175 23 10 on
2044 1169 101 21 Saturday,
2155 1174 22 11 en
2187 1171 53 15 route
2251 1169 29 17 for
2288 1171 52 16 Auck-

1919 1192 49 17 land.
1994 1192 39 17 The
2093 1189 44 19 look
2146 1197 48 11 none
2201 1192 32 17 the
2240 1198 57 11 worse
2304 1194 49 16 after

1919 1214 118 24 undergoing
2047 1214 32 18 the
2087 1214 90 23 hardship
2186 1216 20 16 of
2217 1215 66 17 winter
2295 1223 46 15 quar-

1919 1240 37 15 ters
1964 1238 20 16 in
1992 1244 11 10 a
2012 1238 54 16 bleak
2077 1240 84 20 country,
2172 1238 34 16 but
2215 1239 44 21 they
2267 1245 32 11 are
2305 1246 48 10 none

1918 1261 32 17 the
1966 1261 37 17 less
2019 1267 52 16 sorry
2088 1263 20 15 to
2126 1263 64 15 return
2205 1267 45 11 once
2265 1268 50 12 more
2333 1264 20 16 to

1919 1284 117 17 civilisation.
2066 1285 52 21 They
2132 1290 48 11 were
2194 1284 77 17 billeted
2286 1287 21 15 at
2319 1286 34 17 the

1919 1308 72 19 Palace,
2003 1307 83 19 Rotorua
2095 1307 37 17 and
2142 1307 51 17 Like
2206 1307 63 19 House
2285 1309 68 17 Hotels

1918 1331 38 16 and
1965 1330 50 18 Lake
2022 1331 58 19 View,
2090 1330 38 17 and
2137 1332 51 15 went
2196 1336 23 11 on
2226 1333 19 15 to
2254 1331 99 18 Auckland

1918 1354 19 16 in
1945 1354 69 22 special
2024 1354 93 21 carriages
2124 1359 25 12 on
2158 1354 83 22 Monday
2257 1355 94 23 morning,

1941 1388 39 16 Tin'
1988 1387 66 17 humid
2063 1386 83 18 weather
2154 1387 122 22 experienced
2283 1387 70 25 during

1918 1411 32 16 the
1959 1411 43 22 past
2010 1410 36 22 day
2056 1416 22 11 or
2085 1411 38 15 two
2132 1410 34 17 has
2175 1411 134 21 superinduced
2321 1412 32 16 the

1918 1439 87 17 presence
2013 1434 20 16 of
2041 1433 84 22 myriads
2135 1434 21 15 of
2168 1434 54 16 small
2236 1434 39 16 flies
2292 1435 60 17 which

1918 1463 31 11 are
1958 1456 32 18 the
1999 1463 63 11 source
2072 1456 20 17 of
2100 1456 54 23 great
2163 1461 108 18 annoyance
2280 1460 20 14 to
2309 1464 32 15 par-

1918 1481 35 16 ties
1967 1480 43 16 wdto
2025 1486 44 15 may
2083 1479 47 18 have
2144 1479 89 24 painting
2246 1482 106 20 operations

1919 1504 18 16 in
1945 1503 58 17 band.
2030 1503 18 16 It
2064 1503 15 16 is
2094 1508 24 11 no
2131 1503 135 23 exaggeration
2283 1505 20 15 to
2320 1510 32 16 say

1918 1527 43 16 that
1969 1532 11 11 a
1989 1532 48 11 mass
2052 1526 20 17 of
2085 1526 52 17 those
2150 1526 73 19 insects,
2236 1528 37 15 two
2289 1527 63 18 inches

1919 1550 51 21 deep,
1993 1549 55 17 could
2065 1549 23 16 be
2105 1555 43 11 seen
2165 1548 102 24 clustering
2284 1552 20 14 to
2321 1551 32 17 the

1919 1573 46 16 Post
1985 1573 57 16 Office
2063 1572 81 16 window
2161 1572 38 17 sills
2215 1579 24 10 on
2259 1573 94 23 Saturday

1919 1595 61 24 night,
2007 1597 19 15 ft
2033 1596 16 16 is
2058 1596 77 16 averred
2145 1596 42 16 that,
2195 1595 32 18 the
2236 1595 79 18 lateness
2332 1598 19 16 of

1919 1619 32 17 the
1959 1618 70 18 arrival
2036 1619 21 17 of
2064 1618 33 18 the
2112 1618 49 17 train
2174 1625 25 10 on
2214 1619 43 16 that
2273 1620 80 22 evening

1919 1648 38 11 was
1965 1642 37 16 due
2012 1643 19 17 to
2039 1642 34 17 the
2081 1642 40 16 fact
2128 1642 43 16 that
2187 1642 30 16 the
2233 1642 67 23 engine
2316 1643 37 17 had

1919 1668 19 14 to
1950 1665 48 17 force
2007 1666 23 16 its
2044 1671 42 16 way
2099 1665 85 22 through
2196 1671 24 11 an
2236 1665 68 17 almost
2317 1666 23 18 im-

1919 1688 108 23 penetrable
2035 1694 51 12 mass
2094 1688 21 17 of
2122 1688 52 18 these
2186 1689 66 16 insects
2267 1689 35 17 but
2316 1689 36 18 this

1919 1712 15 16 is
1942 1714 33 14 not
1984 1711 142 18 authenticated
2135 1717 20 11 so
2165 1712 47 21 fully
2222 1718 19 10 as
2254 1712 62 23 might
2330 1713 22 16 be

1919 1735 90 17 desirable
2017 1735 3 17 '.

1942 1764 38 17 The
2002 1763 98 23 following
2116 1763 156 23 complimentary
2292 1764 61 19 notice

1919 1792 66 17 appoi's
1995 1787 17 16 in
2023 1787 31 17 the
2064 1787 87 17 Waikato
2159 1787 95 17 Advocate
2264 1793 77 12 concern-

1919 1810 33 22 ing
1961 1817 9 9 a
1982 1809 108 24 gentleman
2100 1811 41 15 who
2151 1810 14 17 is
2174 1811 58 16 about
2246 1812 18 15 to
2280 1813 40 15 cast
2334 1811 20 17 in

1919 1834 28 16 his
1956 1833 27 17 lot
1992 1834 18 15 in
2021 1839 33 10 our
2065 1832 67 19 midst:
2180 1834 28 16 Mr
2223 1833 72 18 Horace
2311 1835 31 16 Ste-

1919 1858 53 16 wart,
1982 1856 42 17 who
2033 1857 31 16 for
2072 1863 11 10 a-
2092 1856 45 23 long
2146 1856 44 17 time
2204 1858 42 20 past
2259 1857 34 16 has
2306 1858 46 16 been

1919 1880 17 16 in
1948 1879 31 17 the
1987 1879 129 23 employment
2125 1881 19 15 of
2154 1880 30 16 .Mr
2193 1880 21 16 R.
2226 1879 73 22 Davies,
2310 1881 32 17 sad-

1919 1902 44 21 dler,
1983 1902 119 23 Cambridge,
2125 1903 15 16 is
2157 1903 54 16 about
2232 1905 19 14 to
2269 1905 47 16 start
2333 1904 18 17 in

1919 1926 83 17 business
2012 1932 22 10 on
2045 1926 28 16 his
2082 1931 41 11 own
2134 1928 78 15 account
2227 1928 20 14 at
2262 1927 89 18 Rotorua,

1919 1949 60 17 where
1990 1949 27 17 his
2029 1949 46 22 high
2092 1949 87 22 qualities
2193 1955 20 11 as
2230 1955 11 11 a
2257 1950 96 18 workman

1919 1972 66 17 should
1996 1978 61 11 secure
2067 1973 29 16 for
2109 1972 37 17 him
2160 1979 11 10 a
2186 1978 44 15 very
2244 1971 51 24 largo
2309 1979 33 11 con-

1918 1995 81 18 nection.
2037 1995 30 18 Mr
2088 1994 77 19 Stewarl
2186 1995 36 17 will
2241 1995 21 16 be
2279 1996 74 23 greatly

1918 2018 67 18 missed
1996 2019 18 16 in
2031 2018 77 18 musical
2123 2018 63 18 circles
2200 2019 19 16 in
2233 2018 118 24 Cambridge,

1919 2042 35 16 and
1970 2041 99 22 especially
2087 2041 25 22 by
2129 2042 31 16 the
2178 2042 90 17 members
2285 2043 19 16 of
2321 2044 32 16 tin'

1918 2065 58 17 Town
1982 2064 60 20 Bind,
2053 2065 66 18 which,
2132 2070 19 12 as
2156 2064 126 22 bandmaster,
2291 2065 23 18 ho
2319 2065 34 18 has

1919 2087 100 18 succeeded
2032 2088 18 16 in
2068 2088 91 23 bringing
2177 2091 18 14 to
2209 2095 11 9 a
2237 2089 117 17 remarkable

1919 2112 47 16 state
1975 2112 20 15 of
2003 2111 101 22 efficiency.
2130 2111 19 17 It
2158 2111 15 17 is
2182 2110 113 19 understood
2311 2112 42 17 that

1918 2134 23 16 he
1955 2134 39 16 will
2008 2140 75 10 assume
2099 2133 69 23 charge
2184 2135 20 15 of
2221 2135 30 15 the
2269 2134 83 18 Rotorua

1919 2157 53 16 Baud
1981 2157 105 16 forthwith.
2112 2157 30 16 Mr
2152 2157 79 16 Stewart
2245 2157 33 16 has
2293 2159 20 14 at
2328 2157 25 17 all

1919 2180 53 16 limes
1981 2178 95 19 exhibited
2086 2186 9 10 a
2107 2179 113 23 willingness
2229 2181 19 15 to
2264 2180 54 17 assist
2333 2182 21 15 at

1918 2203 48 16 local
1975 2203 84 17 concerts
2067 2203 49 19 here,
2127 2202 36 16 and
2175 2203 26 16 his
2217 2203 137 17 contributions

1919 2226 46 16 have
1974 2226 45 16 been
2029 2226 50 17 most
2085 2225 113 23 acceptable.
2224 2226 29 17 All
2262 2225 28 18 his
2296 2226 43 18 Cam-

1919 2248 65 24 bridge
1994 2249 70 16 friends
2080 2249 37 16 will
2132 2249 46 16 wish
2192 2249 39 16 him
2247 2250 107 22 prosperity

1918 2272 19 16 in
1945 2272 29 17 his
1984 2277 40 12 new

1942 2304 64 17 About
2014 2305 37 16 two
2060 2304 57 17 hours
2125 2310 47 10 were
2184 2304 89 21 occupied
2286 2305 20 16 in
2321 2305 33 16 the

1919 2326 120 24 Magistrates
2048 2327 61 18 Court
2116 2333 23 11 on
2155 2327 69 22 Friday
2238 2327 19 16 in
2273 2327 82 23 hearing

1918 2357 10 10 a
1939 2351 34 16 few
1983 2350 78 23 charges
2078 2351 19 15 of
2112 2350 128 18 drunkenness
2258 2351 96 22 preferred

1918 2373 25 22 by
1952 2374 32 16 tin-
1994 2373 58 24 police
2069 2373 76 23 against
2159 2378 76 18 persons
2252 2373 103 24 attonding

1918 2397 31 16 the
1956 2396 77 23 sittings
2042 2397 20 16 of
2071 2397 32 16 the
2111 2396 68 17 Native
2189 2396 53 17 Lmd
2251 2397 64 17 Court.
2337 2398 16 17 It

1918 2420 33 16 has
1960 2421 34 16 not
2003 2422 31 19 yet
2043 2420 113 22 apparently
2165 2420 78 16 dawned
2253 2426 51 16 upon
2321 2421 33 16 the

1919 2443 62 16 native
1998 2443 84 17 intellect
2099 2443 41 17 that
2161 2443 32 16 tin:
2210 2444 48 16 most
2275 2443 79 18 discreet

1919 2465 76 18 method
2004 2467 20 17 to
2033 2465 66 18 follow
2106 2466 19 17 in
2143 2465 44 18 sucb
2205 2465 78 23 charges
2302 2467 14 16 is
2334 2470 20 13 to

1919 2489 60 16 admit
1989 2489 31 18 the
2029 2490 37 17 soft
2076 2489 137 23 impeachment
2222 2490 37 16 and
2269 2495 37 17 pay
2323 2490 31 17 the

1919 2512 51 18 small
1982 2512 78 23 penalty
2067 2512 75 22 usually
2154 2512 88 21 inflicted,
2258 2513 36 17 and
2310 2513 15 17 it
2339 2514 15 16 is

1921 2535 91 18 therefore
2034 2542 7 10 a
2071 2536 68 16 matter
2166 2536 28 16 fur
2217 2535 136 19 consideration

1921 2559 83 16 whether
2010 2559 14 16 it
2034 2559 63 22 might
2106 2560 33 15 not
2147 2559 23 16 be
2179 2558 41 17 well
2230 2561 18 14 to
2263 2559 51 17 draw
2330 2566 24 16 up

1919 2587 11 12 a
1939 2581 104 23 graduated
2052 2582 49 17 scale
2118 2582 19 16 of
2151 2582 45 16 fines
2212 2582 103 17 calculated
2330 2589 25 10 on

1919 2605 31 17 the
1960 2606 78 16 amount
2047 2606 19 16 of
2076 2605 44 17 time
2130 2604 99 18 consumed
2241 2606 20 16 in
2276 2605 78 23 hearins;

1919 2628 32 17 the
1959 2627 93 18 ovidenee.
2081 2628 31 17 Bui
2127 2628 30 16 the
2169 2627 58 18 Maori
2236 2628 52 18 mind
2294 2634 7 12 i
2302 2627 2 19 -
2305 2629 49 17 evels

1919 2651 20 17 in
1945 2651 97 23 litigation
2052 2657 46 12 ovou
2105 2651 16 17 if
2129 2651 33 17 the
2170 2651 73 22 subjoct
2257 2651 14 18 is
2285 2652 43 21 only
2345 2658 10 11 a

1939 2674 65 23 simple
2123 2674 19 16 fn
2151 2674 31 17 the
2191 2681 48 9 eases
2248 2674 80 18 referred
2335 2677 19 15 to

1919 2698 31 16 the
1960 2697 112 18 defendants
2081 2697 57 23 being
2147 2697 37 18 firsi
2201 2697 91 19 offonders
2307 2704 47 11 were

1919 2720 44 23 only
1973 2721 56 17 mulct
2039 2721 19 16 in
2069 2721 31 16 the
2109 2725 10 12 o
2128 2721 30 17 ists
2168 2721 18 17 of
2195 2726 10 12 c
2213 2722 31 16 iurl
2262 2727 28 11 a;n
2302 2722 36 16 mat-

1919 2744 33 22 ing
1963 2745 19 15 to
1991 2744 24 17 7s.
2043 2745 16 15 A
2069 2749 40 12 case
2119 2745 19 15 of
2147 2744 66 16 assault
2226 2744 94 22 preferred
2329 2745 25 21 by

1920 2768 43 15 At.ut
2008 2771 17 12 to
2038 2766 37 18 Kiri
2085 2766 76 23 against
2168 2766 28 18 his
2207 2767 37 17 bra!
2250 2768 36 17 he:-.
2297 2768 56 17 Tama

1919 2791 19 16 te
1945 2789 49 21 Kiri,
2005 2789 90 23 oocupiai
2102 2790 33 17 the
2151 2790 43 17 tims
2211 2791 19 15 of
2246 2791 31 15 the
2296 2791 57 17 Court

1919 2813 29 16 for
1958 2815 31 15 too
1995 2818 33 18 grc
2034 2818 36 11 iter
2077 2813 42 22 part
2124 2813 20 17 of
2147 2813 73 19 therein
2229 2813 59 17 under
2296 2814 19 16 of
2323 2814 30 17 the

1919 2836 42 21 day.
1989 2837 28 15 Aft
2024 2843 17 9 or
2056 2836 79 22 hearing
2149 2836 87 17 evidence
2252 2836 102 18 defendant

1919 2865 39 11 was
1966 2859 49 17 fined
2025 2860 32 17 20s
2068 2859 42 17 with
2163 2860 54 16 costs.

1942 2895 40 16 The
1990 2895 98 22 following
2097 2895 43 16 civil
2149 2900 49 11 cases
2208 2900 46 12 wore
2264 2895 41 20 disp
2314 2902 23 11 »3e
2345 2896 6 16 1

1919 2918 20 17 of
1946 2918 27 22 by
1981 2918 115 17 Liout.-Col.
2105 2918 81 17 Roberts
2199 2918 20 17 in
2234 2919 31 16 the
2281 2919 60 22 Magis-

1919 2941 59 17 trates
1994 2941 59 17 Court
2071 2946 24 11 on
2116 2940 70 22 Friday
2203 2941 35 17 and
2260 2942 94 22 Saturday

1918 2964 98 17 last:—Te
2024 2963 108 19 Korowhiti
2140 2970 18 10 v.
2169 2963 63 23 Nepa;
2252 2965 54 17 claim
2324 2966 29 16 for

1919 2986 26 18 £'.3
1955 2992 21 12 or
1984 2989 66 15 return
2064 2987 19 16 of
2098 2994 11 9 a
2123 2987 58 16 horse.
2217 2987 84 18 Plaintiff
2318 2994 36 11 was

1919 3010 100 17 nonsuited
2036 3010 45 16 with
2097 3011 54 15 costs.
2186 3010 59 18 Tuare
2262 3011 60 17 Kauri
2335 3017 18 11 v.

1919 3033 52 17 Hani
1980 3035 18 15 te
2006 3032 72 20 Hauti;
2093 3033 54 17 claim
2158 3034 28 16 for
2194 3032 38 18 £lO
2241 3040 21 10 or
2276 3034 32 17 the
2323 3041 20 10 re-

1919 3057 44 15 turn
1980 3056 20 16 of
2012 3057 39 15 two
2066 3056 69 18 horses.
2168 3056 87 18 Plaintiff
2270 3063 37 11 was
2322 3058 32 16 the

1919 3079 96 17 discarded
2025 3079 43 17 wife
2078 3080 19 15 of
2106 3079 31 16 the
2144 3079 101 18 defendant
2255 3080 37 17 ami
2309 3081 45 16 sued

1920 3102 34 17 her
1961 3104 86 15 recreant
2055 3107 73 17 spouse,
2138 3102 42 17 who
2193 3102 36 17 bad
2248 3104 54 16 made
2320 3109 22 12 an-

1919 3125 55 17 other
1989 3125 127 17 matrimonial
2125 3126 137 22 arrangement,
2279 3126 30 17 for
2322 3126 32 18 the

1919 3148 55 17 value
1982 3153 6 12 (
1996 3149 6 16 f
2010 3150 38 15 two
2057 3149 63 16 horses
2130 3147 73 24 alleged
2212 3150 18 16 to
2249 3149 70 23 bolong
2334 3151 19 15 to

1919 3171 34 16 her
1958 3173 86 20 separate
2048 3172 64 16 estate.
2126 3172 16 15 A
2146 3171 71 17 verdict
2222 3178 37 11 was
2266 3172 89 23 givenfor

1919 3194 33 16 tht!
1960 3194 85 22 plaintiff
2052 3194 29 17 for
2093 3194 26 17 £5
2128 3200 21 11 or
2158 3194 31 17 the
2204 3197 64 15 return
2282 3196 20 17 of
2319 3201 35 12 one

1919 3217 55 17 horse
1982 3217 37 17 and
2029 3216 24 18 £2
2066 3218 29 16 16s
2104 3219 55 15 costs.
2173 3217 26 17 At
2205 3218 31 17 the
2246 3219 108 17 conclusion

1920 3241 19 16 of
1949 3240 31 17 the
1994 3246 40 11 case
2050 3239 86 19 husband
2152 3240 34 17 and
2203 3241 41 16 wife
2259 3241 55 18 could
2331 3241 23 18 be

1919 3269 42 10 seen
1979 3262 122 23 fraternising
2114 3263 19 16 in
2150 3264 32 16 the
2199 3265 48 16 mist
2264 3265 90 16 amicable

1919 3292 79 10 manner
2010 3286 38 17 and
2064 3284 83 25 judging
2164 3287 48 17 from
2229 3293 125 16 appearances

1919 3309 33 17 the
1959 3315 42 11 new
2019 3309 43 17 wife
2075 3309 39 17 will
2127 3309 46 17 have
2187 3316 12 10 a
2214 3311 62 16 rather
2293 3311 61 17 sultrv

1920 3332 45 17 time
1981 3333 20 16 of
2015 3332 15 17 it
2044 3332 84 17 between
2142 3332 31 17 the
2186 3333 104 17 reconciled
2307 3334 46 22 pair.

1920 3355 24 17 In
1956 3355 33 17 the
2002 3361 42 11 case
2059 3356 19 16 of
2093 3355 74 17 Hikeki
2182 3355 81 18 Ihehara
2276 3363 18 10 v.
2310 3355 30 19 Wa-

1919 3377 69 24 hanga,
2031 3379 29 15 for
2067 3379 31 15 the
2105 3384 31 10 use
2142 3379 20 15 of
2169 3379 75 19 ahorse,
2252 3379 102 24 judgment

1920 3406 37 12 was
1967 3401 55 22 given
2031 3401 30 17 for
2076 3401 32 17 the
2121 3401 103 17 defendant
2238 3403 44 16 with
2298 3404 55 15 costs.

1921 3424 22 16 In
1951 3424 79 17 another
2039 3424 54 17 horse
2105 3430 47 13 case,
2162 3425 104 16 Arekatara
2282 3427 18 16 te
2315 3426 39 17 Poa

1920 3453 16 11 v.
1947 3447 124 17 Hikatarawa
2081 3447 64 19 Maihi,
2156 3447 82 23 plaintiff
2252 3454 38 12 was
2306 3455 36 11 non-

1920 3470 60 16 suited
1991 3470 45 16 with
2046 3471 31 15 10s
2088 3471 54 16 costs.

1943 3504 37 16 The
1990 3504 77 17 absence
2077 3505 19 16 of
2106 3506 57 15 water
2172 3511 43 10 over
2231 3506 85 21 portions
2335 3507 20 16 of

1919 3526 32 17 the
1968 3528 122 21 magnificent
2109 3528 58 16 forest
2183 3530 80 20 country
2279 3534 25 11 on.
2321 3529 33 17 the

1920 3551 53 20 great
1982 3551 77 21 plateau
2073 3551 19 16 of
2109 3551 87 16 Patcterc
2212 3551 15 17 is
2245 3552 83 21 proving
2342 3559 12 9 a

1919 3579 64 10 source
1989 3573 19 16 of
2014 3573 70 18 serious
2091 3573 73 17 trouble
2170 3575 19 15 to
2195 3574 69 22 parties
2269 3574 85 18 desirous

1919 3596 21 17 of
1947 3595 79 24 settling
2034 3596 58 17 there.
2118 3596 44 17 This
2175 3596 16 17 is
2205 3596 99 23 especially
2321 3598 33 17 the

1919 3624 41 11 case
1969 3619 72 17 around
2050 3619 32 16 the
2099 3619 90 17 Mamaku
2205 3620 101 21 Township
2316 3621 25 16 Re-

1919 3646 56 14 serve,
1987 3642 35 17 and
2034 3642 30 17 the
2074 3642 126 17 Government
2209 3642 61 18 Would
2280 3643 24 16 do
2311 3644 43 16 well

1919 3666 20 15 to
1952 3665 44 16 take
2010 3664 108 18 immediate
2135 3666 50 21 steps
2199 3667 20 15 to
2231 3666 76 21 remedy
2321 3667 32 16 the

1920 3689 50 15 want
1978 3688 25 21 by
2012 3687 101 23 providing
2121 3694 50 10 some
2184 3688 46 17 kind
2239 3689 20 16 of
2267 3689 86 17 artificial

1919 3712 58 15 water
1985 3711 69 22 supply
2063 3711 29 16 for
2102 3711 42 16 that
2159 3711 104 23 promising
2271 3711 80 19 district.

1920 3733 29 16 Mr
1959 3733 86 20 Stewart,
2055 3733 19 17 in
2083 3733 32 17 the
2132 3740 64 10 course
2205 3735 19 16 of
2240 3735 28 16 Iris
2286 3735 66 16 official

1919 3753 60 20 duties
1988 3762 20 10 as
2016 3756 89 23 engineer
2113 3758 19 15 to
2143 3757 30 16 the
2182 3757 158 18 Auckland-Roto-

1919 3784 33 11 rua
1962 3779 90 22 Railway,
2062 3779 123 22 propounded
2198 3787 11 9 a
2222 3780 73 17 scheme
2305 3781 28 17 for
2341 3787 12 10 a

1919 3803 58 15 water
1985 3803 69 21 supply
2062 3802 25 22 by
2094 3808 63 11 means
2166 3804 20 15 of
2192 3803 96 21 hydraulic
2294 3809 55 13 rams,

1919 3824 93 18 sufficient
2021 3826 29 15 for
2059 3832 10 9 a
2079 3825 47 16 wide
2135 3825 78 20 district,
2230 3827 49 16 from
2287 3832 36 11 one
2332 3826 21 17 of

1919 3847 31 17 the
1964 3849 77 16 streams
2054 3848 60 16 which
2124 3854 33 11 run
2170 3849 64 17 within
2248 3851 37 15 two
2299 3849 53 17 miles

1919 3870 91 18 eastward
2019 3872 20 16 of
2048 3871 96 21 Mamaku,
2154 3871 37 17 and
2201 3878 26 10 we
2236 3872 115 16 understand

1919 3893 32 16 the
1968 3892 129 20 Government
2121 3894 91 22 proposed
2230 3897 19 14 to
2266 3896 36 21 put
2318 3895 33 16 tin;

1919 3916 51 17 work
1979 3916 18 17 in
2008 3916 49 18 hand
2065 3923 50 10 some
2123 3923 52 14 years
2182 3923 41 16 ago.
2238 3917 39 18 The
2285 3918 56 16 settle-

1919 3941 52 15 ment
1987 3940 21 16 of
2016 3939 43 17 that
2067 3939 74 17 district
2149 3940 83 23 through
2243 3941 60 16 which
2315 3946 36 12 our

1919 3961 76 23 railway
2005 3968 62 16 passes
2076 3963 16 16 is
2101 3963 90 21 certainly
2198 3963 57 22 being
2260 3963 90 22 seriously

1919 3984 86 18 retarded
2013 3986 20 15 in
2042 3990 131 18 consequence.
2207 3986 99 17 Attention
2314 3986 35 17 lias

1919 4007 58 22 lately
1985 4008 47 16 been
2047 4014 51 11 more
2114 4008 126 23 prominently
2257 4009 65 17 drawn
2330 4011 20 15 to

1919 4030 38 17 this
1965 4030 101 18 drawback
2081 4037 25 11 on
2123 4033 79 15 account
2218 4033 20 15 of
2246 4038 11 10 a
2272 4032 79 17 selector

1919 4052 123 23 discovering,
2053 4059 24 11 on
2092 4054 31 16 the
2137 4060 88 16 surveyor
2233 4055 74 21 cutting
2317 4056 34 15 out

1919 4075 28 17 his
1965 4076 105 22 boundary,
2093 4076 42 17 that
2154 4083 25 11 no
2196 4078 57 17 water
2271 4077 78 20 existed,

1919 4098 73 21 though,
2002 4099 32 17 the
2043 4105 44 16 map
2095 4099 19 16 in
2124 4099 32 17 the
2170 4106 66 15 survey
2252 4100 52 16 office
2317 4100 22 16 de-

1919 4118 57 19 noted
1985 4122 37 16 two
2036 4121 126 18 considerable
2177 4123 77 16 streams
2267 4123 84 21 running

1919 4143 84 22 through
2012 4144 29 17 his
2050 4144 94 17 selection.

2405 149 65 17 MrH.
2484 149 22 17 Li.
2518 149 128 23 MacFadyen,
2662 150 80 20 .saddler,
2759 150 58 23 lately

2381 173 20 16 of
2410 173 90 18 Rotorua,
2510 172 16 17 is
2534 174 20 15 at
2562 175 75 19 present
2645 173 19 17 in
2672 173 102 18 Auckland
2781 174 36 17 and

2380 196 16 17 is
2404 195 91 22 expected
2504 195 47 17 back
2559 195 44 18 here
2613 196 18 17 in
2640 203 10 10 a
2660 196 37 22 day
2707 203 21 11 or
2741 199 39 15 two
2793 203 24 11 on

2380 225 12 10 a
2400 219 53 16 short
2462 218 50 17 visit.

2404 255 86 17 Another
2497 256 76 16 assured
2590 258 103 20 guarantee
2707 257 19 17 of
2741 257 33 17 the
2787 256 20 18 in-

2380 279 86 22 creasing
2474 279 105 21 prosperity
2589 280 19 16 of
2615 279 30 17 the
2652 280 53 21 place
2712 281 14 15 is
2733 279 84 19 afforded

2380 302 25 22 by
2412 302 32 17 the
2453 302 39 16 fact
2501 301 43 17 that
2552 302 31 17 .Mr
2591 302 25 17 IE
2625 303 54 18 Kirk,
2687 303 86 19 butcher,
2783 303 34 17 has

2380 329 42 14 seen
2432 325 22 16 tit
2462 326 21 15 to
2491 325 89 16 establish
2590 332 10 9 a
2613 325 69 18 branch
2692 327 20 15 of
2721 326 29 17 his
2763 326 42 17 busi-

2379 354 41 10 ness
2430 348 18 16 in
2457 348 31 16 the
2497 354 41 10 new
2545 348 99 22 township.
2657 348 24 18 In
2685 354 106 16 pursuance
2796 350 21 17 of

2379 371 29 17 his
2427 371 66 20 design
2512 371 127 18 commodious
2658 372 38 16 and
2717 372 42 16 well
2781 378 23 16 ap-

2378 394 78 22 pointed
2465 395 89 21 premises
2563 394 47 17 have
2619 395 45 16 been
2673 394 74 19 erected
2756 397 20 14 at
2784 396 31 15 the

2378 417 122 17 intersection
2516 418 20 16 of
2556 417 73 18 Fenton
2649 418 39 16 and
2713 418 101 17 Pukuatua

2378 440 72 18 Streets
2455 440 40 17 and
2502 440 40 17 will
2549 440 24 18 be
2582 446 47 17 open
2643 441 30 16 for
2688 441 86 17 business
2791 447 23 11 on

2379 463 95 23 Saturday
2481 464 52 17 next.
2547 463 63 23 Every
2618 465 94 16 attention
2721 465 33 16 has
2768 465 46 16 been

2377 487 44 21 paid
2430 487 25 21 by
2464 486 33 17 the
2505 487 96 18 architect,
2613 484 30 19 Mr
2658 487 21 16 B.
2696 487 18 17 H.
2733 487 78 21 Corlett,

2378 512 19 14 to
2407 510 31 16 the
2446 515 82 17 purpose
2537 510 29 16 for
2574 509 60 18 which
2643 510 33 16 the
2685 510 52 23 place
2753 510 15 17 is
2784 516 20 12 re-

2377 532 66 23 quired
2460 533 37 16 and
2512 533 32 16 the
2561 533 58 17 result
2635 533 15 17 is
2665 539 12 11 a
2690 533 88 23 building
2794 534 19 16 in

2377 562 55 15 every
2448 561 42 16 way
2504 555 82 23 adapted
2599 558 19 14 to
2632 556 32 17 the
2679 556 53 18 trade
2734 557 77 21 —lofty,

2377 578 156 17 well-ventilated
2542 579 36 16 and
2589 579 103 23 promising
2700 580 54 16 much
2761 580 41 17 cool-

2376 608 42 10 ness
2427 602 19 16 in
2460 602 32 16 the
2506 602 60 21 sultry
2582 608 58 11 summ
2650 608 13 11 ir
2681 609 17 10 in
2707 602 55 18 mths.
2796 604 16 15 A

2377 625 128 17 Considerable
2524 625 100 22 departure
2643 625 33 17 his
2696 626 45 16 been
2758 625 54 17 made

2377 649 48 16 from
2434 649 32 16 the
2476 648 88 22 ordinary
2572 653 36 12 run
2617 649 19 16 of
2644 649 65 18 store*
2721 656 8 9 a
2740 648 4 22 1
2752 648 4 22 1
2769 655 8 10 «
2785 649 26 16 lib

2377 671 54 18 much
2441 670 112 24 advantage,
2562 677 20 11 as
2589 671 74 18 thebuil
2673 671 39 24 ling
2721 677 10 16 p
2742 670 11 25 11
2765 678 17 11 es
2789 677 7 11 v
2806 682 5 3 -

2376 701 11 11 a
2394 694 68 23 quaint
2470 693 37 18 and
2523 694 81 23 striking
2617 697 116 20 rtppcfcu'anco
2752 695 59 17 which

2376 719 69 16 cannot
2465 717 32 16 fail
2516 719 19 14 to
2551 719 69 16 attract
2637 719 101 16 attention.
2773 719 39 15 Tic

2376 741 112 20 contractor,
2499 741 30 16 .Mr
2538 741 21 16 It.
2570 741 66 18 Burns,
2648 741 34 17 has
2690 740 71 18 cirried
2778 743 33 15 out

2376 764 33 17 the
2415 763 54 18 work
2476 763 97 18 entrusted
2585 765 19 16 to
2618 763 38 18 him
2674 764 45 16 with
2733 764 32 16 the
2780 767 21 13 ut-

2376 788 49 16 most
2436 786 95 18 attention
2548 791 19 12 to
2581 787 56 17 detail
2652 794 24 10 an
2684 786 4 22 1
2705 787 33 16 has
2756 792 55 16 every

2375 816 65 10 reason
2458 811 19 15 to
2495 809 23 16 be
2534 810 59 21 proud
2610 811 21 16 of
2643 811 29 16 bis
2688 811 57 16 work.
2782 810 31 17 Mr

2376 832 63 17 Kirk's
2448 832 108 23 reputation
2564 838 21 12 as
2592 839 12 10 u
2615 838 95 18 purveyor
2724 834 20 17 of
2763 834 50 15 meat

2375 856 15 18 is
2399 855 115 24 thoroughly
2524 856 112 16 established
2645 856 43 17 here
2698 856 37 16 and
2745 856 14 17 it
2770 856 14 17 is
2801 863 12 10 a

2375 879 90 23 foregone
2486 878 105 18 conclusion
2613 880 40 16 that
2677 879 23 17 he
2718 879 35 17 will
2772 879 41 17 find

2375 902 65 22 plenty
2450 902 20 17 of
2474 905 78 18 support,
2559 902 18 16 in
2585 902 27 17 his
2620 908 41 12 now
2671 902 95 23 promises.

2374 966 53 17 THE
2448 965 133 17 PROPOSED
2601 966 59 17 FIRE
2684 966 126 17 BRIGADE.

2398 1012 16 17 A
2424 1011 83 23 meeting
2516 1011 19 18 of
2543 1011 90 18 residents
2642 1012 102 17 interested
2752 1013 18 17 in
2778 1013 32 16 the

2375 1035 101 17 formation
2486 1036 20 15 of
2514 1040 10 11 a
2538 1035 42 16 Fire
2595 1035 81 23 Brigade
2691 1036 19 17 to
2724 1035 24 18 do
2763 1036 48 22 duty

2374 1058 20 17 in
2410 1058 33 17 the
2464 1059 37 15 two
2521 1058 104 22 townships
2645 1058 46 18 took
2711 1059 54 22 place
2786 1065 24 11 on

2375 1081 94 21 Saturday
2486 1081 52 22 night
2557 1081 19 16 in
2593 1082 32 16 the
2638 1081 87 24 Beading
2743 1082 66 16 Room.

2375 1103 68 25 Owing
2452 1106 20 15 to
2481 1104 32 17 the
2521 1103 113 24 inclemency
2644 1105 20 16 of
2679 1105 32 16 the
2721 1105 87 19 weather,

2375 1127 38 18 and
2420 1127 33 18 the
2468 1128 37 15 fact
2519 1128 42 15 that
2576 1127 93 23 Saturday
2682 1128 56 23 night
2753 1128 15 17 is
2786 1135 24 10 an

2374 1150 131 18 inconvenient
2515 1150 44 17 time
2569 1151 29 16 for
2610 1150 85 18 business
2708 1151 67 22 people
2790 1153 20 15 to

2374 1174 72 18 attend,
2456 1173 32 17 the
2497 1173 88 17 audience
2595 1180 36 10 was
2641 1176 34 15 not
2689 1181 20 9 so
2723 1174 52 23 largo
2790 1181 20 10 as

2375 1198 31 17 the
2415 1197 116 21 importance
2540 1197 19 16 of
2568 1197 32 16 the
2613 1199 68 15 matter
2697 1197 111 18 demanded.

2375 1221 98 18 However,
2484 1219 52 18 there
2545 1226 37 10 was
2596 1227 10 9 a
2620 1221 55 21 fairly
2691 1222 108 21 representa-

2375 1244 37 18 tive
2429 1242 107 24 gathering.
2570 1243 101 23 Apologies
2687 1244 29 16 for
2730 1246 68 14 non-at-

2375 1267 91 17 tendance
2475 1272 48 11 were
2532 1266 81 17 received
2623 1267 48 17 from
2680 1267 32 16 Mr
2721 1267 19 17 C.
2760 1267 37 17 Mal-

2375 1291 47 20 froy.
2433 1290 43 15 who
2485 1289 60 17 stated
2556 1290 41 16 that
2610 1290 22 16 he
2648 1295 38 12 was
2692 1290 118 23 thoroughly

2375 1314 19 16 in
2403 1314 54 16 favor
2465 1312 20 17 of
2493 1312 32 17 the
2535 1314 104 16 movement
2648 1313 38 17 and
2695 1313 63 17 would
2767 1314 43 20 give

2374 1337 15 16 it
2398 1342 55 15 ('very
2463 1335 14 17 it
2486 1341 54 16 every
2554 1336 99 16 assistance
2667 1336 19 16 in
2700 1337 28 15 his
2740 1342 68 16 power,

2375 1359 36 17 and
2422 1359 48 16 from
2482 1359 29 16 Mr
2520 1356 27 20 W.
2558 1359 21 16 A.
2591 1358 96 22 Williams,
2697 1356 113 26 locolagcnt

2375 1384 29 15 for
2412 1382 32 17 the
2453 1381 82 18 Phoenix
2541 1382 42 17 Fire
2589 1382 62 19 OlKce,
2660 1382 43 17 who
2710 1387 86 18 exprosse
2803 1383 6 16 I

2375 1406 28 16 his
2412 1406 78 16 interest
2505 1404 19 18 in
2539 1405 32 17 the
2584 1404 128 25 undertaking
2726 1406 38 16 and
2782 1406 27 16 his

2374 1428 92 18 intention
2475 1429 20 14 to
2502 1428 22 16 be
2531 1429 72 21 present
2611 1430 20 14 at
2639 1429 62 16 future
2710 1429 98 22 mcotings.

2375 1453 30 16 Mr
2422 1451 97 17 Robinson
2532 1451 39 17 also
2586 1453 58 15 wrote
2658 1451 107 24 regretting
2782 1452 27 17 his

2374 1475 88 21 inability
2470 1477 20 14 to
2499 1474 65 17 attend
2573 1474 36 17 and
2620 1474 104 23 promising
2733 1477 20 14 to
2764 1481 33 16 sup-

2374 1500 42 21 port
2426 1498 32 16 the
2467 1498 105 17 movement
2582 1497 71 24 though
2665 1498 68 18 unable
2738 1499 21 17 to
2765 1498 45 18 take

2374 1528 23 10 mi
2415 1521 60 17 active
2491 1521 42 22 part
2555 1521 18 16 in
2595 1521 30 16 the
2647 1521 57 16 work.
2740 1522 69 16 Yerb.il

2374 1544 96 24 apologies
2486 1550 46 10 were
2547 1543 52 18 made
2617 1545 28 15 for
2664 1545 63 16 others
2749 1545 61 16 whose

2374 1568 84 16 business
2479 1568 134 22 engagements
2636 1567 101 23 precluded
2761 1568 49 17 their

2374 1589 119 19 attendance.

2397 1615 32 16 Mr
2438 1614 21 16 B.
2470 1613 18 17 S.
2499 1613 76 21 Corlett,
2586 1613 41 17 who
2638 1620 36 10 was
2684 1614 56 17 voted
2750 1615 19 16 to
2778 1615 32 16 the

2375 1638 57 17 chair,
2442 1637 19 16 in
2471 1636 82 23 opening
2563 1637 31 16 the
2611 1636 123 24 proceedings
2749 1637 61 16 stated

2375 1661 28 16 his
2417 1660 106 16 conviction
2537 1660 41 16 that
2593 1658 72 25 though
2683 1660 31 17 the
2728 1660 83 18 weather

2375 1683 73 18 seemed
2458 1684 18 16 to
2486 1683 22 16 be
2517 1683 121 16 unfavorable
2648 1684 19 16 to
2672 1683 35 17 the
2712 1683 98 22 initiatory

2375 1709 55 19 steps,
2442 1706 53 17 when
2505 1711 44 12 once
2557 1705 126 23 inaugurated
2690 1706 31 18 the
2729 1706 81 23 Brigade

2375 1729 62 17 would
2447 1735 24 16 go
2481 1735 23 10 on
2514 1729 125 22 successfully.
2667 1730 29 16 lie
2707 1730 58 16 called
2776 1735 23 17 up-

2375 1759 24 12 on
2408 1752 32 18 the
2449 1758 92 12 convener
2548 1752 22 18 of
2576 1752 33 18 the
2621 1752 84 23 meeting
2719 1755 19 14 to
2754 1758 32 16 say
2800 1759 10 10 a

2375 1777 36 17 fow
2419 1775 62 18 words
2488 1775 21 17 in
2517 1775 67 23 regard
2596 1777 20 15 to
2631 1776 31 16 the
2676 1781 68 17 proper
2761 1777 50 21 stops

2375 1801 19 15 to
2403 1799 44 18 take
2461 1800 20 15 to
2495 1799 48 16 form
2557 1805 11 10 a
2582 1798 81 23 Brigade
2678 1805 20 10 as
2712 1799 14 16 it.
2745 1805 36 10 was
2800 1806 11 9 a

2375 1824 69 15 matter
2453 1824 32 14 out
2495 1822 19 16 of
2523 1822 28 16 his
2561 1822 113 21 experience.

2398 1846 31 16 Mr
2438 1846 68 16 Ernest
2515 1845 57 17 Davis
2582 1845 60 17 stated
2653 1846 42 16 that
2704 1845 22 17 he
2736 1845 32 17 did
2777 1848 33 14 not

2375 1869 55 17 think
2439 1868 52 17 there
2502 1867 55 19 could
2566 1868 22 17 he
2601 1871 37 14 two
2654 1868 86 22 opinions
2754 1874 19 12 as
2791 1869 19 17 to

2375 1893 31 16 the
2416 1891 115 23 desirability
2541 1891 20 17 of
2569 1891 124 23 establishing
2702 1898 10 10 a
2725 1891 33 18 fire
2771 1892 30 17 bri-

2375 1915 49 23 gade
2431 1914 21 18 in
2460 1914 85 18 Rotorua
2566 1921 14 9 •i.
2589 1916 49 15 town
2650 1915 60 17 which
2728 1921 37 10 was
2782 1915 19 17 in-

2375 1937 85 24 creasing
2470 1938 16 16 in
2498 1937 113 23 importance
2624 1943 56 16 every
2689 1937 42 22 day.
2763 1938 36 17 Pro-

2375 1963 54 21 perty
2451 1966 71 11 owners
2540 1960 99 23 generally,
2660 1961 31 16 the
2712 1961 99 18 insurance

2375 1984 113 22 companies,
2498 1984 31 17 tho
2547 1983 126 18 Govcrnnieut
2688 1984 42 17 who
2745 1984 66 17 owned

2375 2008 32 17 the
2417 2010 5 14 t
2434 2006 83 23 iwnship,
2528 2006 36 17 mid
2573 2012 55 16 every
2638 2013 43 11 man
2691 2007 37 17 and
2738 2013 73 12 woman

2376 2032 16 16 in
2403 2032 12 16 it
2427 2038 9 8 c
2445 2029 37 19 mid
2491 2031 33 15 not
2535 2030 31 16 fail
2575 2031 19 15 to
2604 2032 79 20 support
2696 2036 24 11 an
2733 2031 69 16 institu-

2376 2055 39 16 tion
2425 2053 59 18 which
2497 2053 61 16 would
2567 2053 22 16 be
2603 2053 19 16 of
2636 2053 59 17 direct
2708 2053 70 18 benefit
2792 2055 20 16 to

2375 2078 31 16 all.
2435 2078 21 15 In
2467 2077 30 16 the
2507 2078 67 15 matter
2584 2077 19 15 of
2617 2076 88 23 securing
2720 2076 91 17 members

2375 2102 52 16 there
2437 2099 68 19 would,
2516 2099 22 17 he
2547 2105 38 11 was
2593 2099 77 19 certain,
2685 2100 22 15 be
2723 2106 24 10 no
2762 2100 41 16 diffi-

2375 2124 52 21 culty
2437 2123 100 17 whatever.
2564 2123 21 16 In
2601 2122 68 21 rosjard
2683 2123 19 16 to
2716 2123 32 16 the
2763 2127 45 12 most

2375 2146 104 22 important
2493 2146 69 15 matter
2576 2145 19 15 of
2608 2145 31 17 all.
2657 2145 31 16 the
2704 2145 71 22 raising
2791 2146 21 15 of

2375 2169 62 18 funds,
2448 2168 23 18 ho
2479 2168 38 16 had
2530 2168 45 16 been
2591 2166 83 19 directed
2687 2169 20 15 to
2721 2169 48 15 state
2786 2167 25 22 by

2375 2193 32 16 the
2415 2192 43 16 firm
2467 2191 23 17 he
2499 2190 117 23 represented
2634 2191 42 16 that
2689 2191 45 21 they
2749 2191 62 16 would

2376 2214 106 19 contribute
2491 2220 9 10 a
2510 2220 41 11 sum
2561 2213 19 16 of
2592 2212 35 19 £SO
2635 2213 82 18 towards
2726 2214 32 16 the
2772 2213 29 18 for-

2377 2238 71 18 mation
2456 2237 20 18 of
2484 2237 33 18 the
2526 2236 84 23 brigade.
2636 2236 118 23 (Applause).
2781 2237 30 17 He

2376 2262 37 17 hud
2422 2267 24 11 no
2455 2260 60 18 doubt
2523 2260 33 17 the
2564 2259 127 18 Government
2700 2260 61 16 would
2769 2260 42 23 give

2376 2292 20 10 as
2404 2284 63 18 much,
2477 2290 21 10 or
2510 2289 56 11 more,
2582 2283 35 16 and
2634 2283 52 17 there
2701 2289 37 10 was
2756 2288 55 17 every

2376 2313 66 13 reason
2451 2309 19 15 to
2479 2312 80 16 suppose
2566 2306 41 17 that
2617 2306 33 17 the
2658 2306 74 17 various
2749 2307 52 16 insur-

2376 2337 44 11 ance
2430 2330 106 22 companies
2545 2328 70 23 having
2627 2330 47 16 risks
2691 2330 42 16 here
2750 2329 61 17 would

2377 2354 38 17 also
2425 2353 105 18 contribute
2539 2353 91 20 liberally.
2656 2353 39 15 But.
2704 2353 15 16 it
2727 2358 39 11 was
2778 2354 34 15 not

2377 2379 18 16 to
2409 2377 51 17 these
2474 2382 73 11 sources
2561 2375 52 17 alone
2627 2376 40 16 that
2684 2376 45 21 they
2745 2375 67 18 should

2377 2401 42 17 look
2434 2401 30 16 for
2480 2400 83 21 support.
2589 2398 38 17 The
2645 2398 91 19 residents
2749 2399 50 18 them-

2377 2424 57 17 selves
2444 2422 83 18 whether
2536 2422 44 21 they
2589 2426 47 14 were
2644 2424 91 20 property
2740 2427 72 12 owners

2377 2453 20 11 or
2417 2448 33 15 not
2469 2445 46 17 weal
2524 2445 6 16 I
2547 2445 80 17 without
2642 2445 87 22 question
2745 2445 67 17 render

2377 2470 100 18 assistance
2486 2469 27 16 for
2521 2468 44 22 they
2573 2467 150 21 mustbeaware,
2727 2468 85 23 judging

2377 2494 48 16 from
2435 2493 48 16 what
2495 2492 10 16 h
2513 2491 18 17 id
2540 2491 97 22 happened
2647 2492 20 16 in
2676 2492 54 16 other
2743 2492 67 22 places,

2377 2517 41 16 how
2437 2516 54 16 much
2507 2514 75 17 distress
2599 2518 38 13 was
2657 2514 68 17 caused
2746 2516 20 16 to
2787 2514 24 18 all

2377 2540 66 16 classes
2453 2539 17 15 in
2482 2539 29 15 tiie
2521 2546 9 7 c
2538 2537 98 23 immunity
2646 2537 25 23 by
2679 2538 102 16 outbreak's
2792 2539 20 15 of

2377 2563 38 16 fire.
2442 2562 53 16 Since
2508 2560 70 23 calling
2592 2560 32 18 tho
2640 2561 83 23 meeting
2738 2561 22 16 he
2775 2561 36 16 had

2377 2584 83 19 received
2476 2585 49 16 from
2542 2583 91 23 Sorgoant
2650 2584 81 23 Hughes
2746 2584 20 17 of
2780 2584 31 17 the

2377 2608 99 18 Auckland
2493 2608 42 16 Fire
2551 2607 79 22 Brigade
2648 2608 61 21 copies
2726 2608 19 16 of
2763 2607 48 17 rules

2377 2632 37 17 and
2423 2631 116 23 regulations
2549 2630 36 17 and
2595 2630 70 17 several
2676 2630 108 23 pamphlets
2793 2636 18 11 re

2378 2654 101 19 formition
2487 2654 20 17 of
2514 2654 45 17 such
2570 2653 86 23 brigades
2675 2654 60 17 which
2751 2654 59 16 would

2377 2679 22 15 be
2408 2678 20 17 of
2437 2679 51 21 great
2500 2677 68 17 service
2577 2678 19 16 to
2605 2676 59 18 them.
2691 2677 29 16 Mr
2733 2676 78 24 Hughos

2377 2701 37 17 had
2423 2701 39 17 also
2471 2701 48 16 state
2527 2700 6 17 I
2542 2700 41 16 that
2592 2700 23 16 he
2624 2699 64 17 would
2696 2700 66 21 gladly
2769 2706 31 10 ren-

2377 2724 32 17 der
2418 2724 52 17 them
2480 2723 24 17 all
2514 2723 31 17 the
2554 2723 43 22 help
2606 2723 19 16 in
2635 2723 28 16 his
2672 2728 64 17 power
2746 2723 18 16 in
2780 2723 31 16 the

2377 2749 69 15 matter
2455 2747 19 16 of
2484 2752 42 19 proc
2535 2746 33 17 irin
2575 2752 8 8 »
2593 2751 50 17 gear,
2650 2746 33 17 &•.
2709 2746 38 17 Not
2756 2746 55 22 being

2377 2777 10 10 a
2397 2770 81 17 resident
2491 2770 19 16 of
2526 2770 30 16 the
2573 2773 49 13 town
2641 2768 75 18 himself
2734 2769 22 17 lie
2774 2768 37 22 (Mr

2377 2793 66 23 Davis)
2452 2793 60 22 might
2523 2794 48 15 state
2580 2793 41 16 that
2629 2792 23 16 he
2663 2793 44 20 only
2714 2793 55 15 wish::
2778 2792 4 24 !
2792 2794 18 14 to

2377 2817 43 16 take
2429 2822 24 11 an
2466 2816 60 17 active
2542 2818 40 18 put
2596 2816 19 16 in
2629 2815 33 17 the
2677 2815 49 18 form
2732 2815 46 18 ition
2792 2815 19 16 of

2377 2840 31 16 the
2418 2838 77 24 brigade
2504 2839 38 16 and
2551 2838 31 17 did
2592 2842 30 13 not
2636 2838 44 17 wish
2691 2841 18 14 to
2724 2839 87 16 interfere

2377 2862 45 18 with
2432 2862 24 17 its
2465 2862 49 17 after
2523 2862 138 23 management.

2401 2887 24 15 At
2435 2886 31 16 the
2476 2885 73 23 request
2558 2885 20 16 of
2587 2885 53 17 those
2650 2886 78 20 x»'esent
2740 2884 31 17 Mr
2785 2884 25 17 H.

2376 2909 28 17 W.
2415 2908 111 23 Neighbour
2538 2908 101 17 consented
2653 2909 19 16 to
2687 2911 29 14 act
2732 2914 19 10 as
2767 2908 43 15 hon.

2377 2934 100 19 secretary.

2400 2954 39 18 The
2447 2954 84 23 meeting
2540 2954 42 17 then
2594 2953 101 24 proceeded
2707 2954 19 16 to
2738 2953 47 16 elect
2801 2959 10 9 a

2377 2978 121 22 preliminary
2507 2977 106 18 committee
2622 2981 19 12 to
2654 2977 53 17 make
2722 2981 77 17 arrange-

2377 3001 67 20 ments,
2452 3007 20 11 as
2483 3000 62 17 follow
2553 2999 98 22 :—Messrs
2661 3001 20 15 (!.
2691 3000 88 20 Malfroy,
2789 2999 20 16 1!.

2377 3024 23 17 D.
2411 3024 82 18 Dansev,
2504 3024 20 16 B.
2536 3024 17 16 S.
2564 3023 77 20 Corlett,
2651 3023 28 16 W.
2691 3024 20 15 A.
2723 3022 86 21 Boulton,

2377 3047 21 17 E.
2410 3047 64 18 Davis.
2484 3046 119 21 Wainhouse,
2614 3046 66 20 Webb,
2687 3045 20 18 C.
2713 3045 22 17 A.
2745 3045 65 17 Clarke

2377 3071 27 16 W.
2416 3071 22 16 A.
2449 3070 96 17 Williams,
2559 3069 36 17 and
2611 3069 32 18 the
2650 3069 98 21 secretary,
2766 3068 43 16 with

2376 3099 64 17 power
2450 3094 19 16 to
2478 3093 37 17 add
2524 3095 20 14 to
2552 3093 49 16 their
2612 3092 85 17 number.

2400 3116 32 17 Mr
2448 3116 57 17 Davis
2523 3115 61 18 stated
2600 3116 41 16 that
2658 3115 22 16 he
2697 3114 113 16 understood

2376 3140 53 16 there
2439 3145 47 11 were
2498 3139 75 21 already
2588 3144 49 12 soma
2655 3137 32 18 fire
2704 3137 106 21 appliances

2375 3162 45 17 hero
2430 3162 38 17 and
2476 3162 15 17 it
2500 3162 62 17 would
2570 3162 22 16 be
2601 3162 42 16 well
2653 3163 18 14 to
2681 3160 54 17 make
2749 3160 50 21 appli-

2377 3185 62 17 cation
2449 3188 19 14 to
2477 3185 32 18 the
2517 3191 68 16 proper
2592 3185 77 22 quarter
2678 3189 19 11 so
2706 3189 20 10 as
2735 3184 20 16 to
2764 3183 47 16 have

2377 3208 33 17 the
2418 3214 33 11 use
2457 3208 20 17 of
2483 3208 57 17 these.
2566 3207 28 17 He
2601 3206 84 23 thought
2691 3206 45 21 they
2744 3205 67 17 should

2377 3231 43 18 look
2430 3231 81 17 forward
2521 3233 19 15 to
2552 3231 70 21 having
2636 3236 11 11 a
2661 3229 32 17 tire
2709 3229 36 16 reel
2759 3234 39 12 com-

2378 3259 49 18 pany
2436 3254 38 17 and
2483 3261 10 10 a
2502 3255 34 16 fire
2545 3254 36 16 bell
2590 3254 18 16 in
2617 3253 45 16 etch
2672 3252 94 20 township
2775 3252 36 16 but

2377 3278 47 16 both
2432 3277 107 22 companies
2553 3278 19 16 to
2587 3276 50 17 work
2651 3276 19 16 in
2684 3275 72 16 unison.
2791 3275 19 16 In

2377 3300 68 22 regard
2461 3302 20 15 to
2498 3301 32 17 the
2547 3299 30 17 old
2593 3298 93 22 township
2704 3297 31 17 Mr
2752 3297 59 17 Webb

2377 3323 102 23 suggested
2496 3324 52 16 there
2565 3322 60 17 would
2641 3322 17 16 bi
2685 3327 11 10 a
2719 3319 91 23 difficulty

2377 3346 63 21 owing
2460 3348 20 15 to
2497 3346 31 17 the
2545 3346 49 16 want
2611 3345 21 17 of
2647 3342 92 20 sufficient
2752 3344 59 16 water

2377 3375 85 16 pressure
2477 3370 33 16 but
2526 3368 119 18 information
2663 3366 62 16 would
2738 3366 25 17 be
2776 3366 23 17 ob-

2377 3392 63 17 tained
2451 3398 23 11 on
2481 3392 42 17 that
2532 3391 53 22 point
2592 3393 19 14 at
2620 3391 46 16 next
2678 3389 88 23 meeting.
2792 3390 19 17 It

2377 3415 63 23 might
2447 3415 24 18 be
2476 3419 97 17 necessary
2581 3414 19 17 to
2613 3412 89 18 establish
2718 3418 10 11 a
2743 3412 68 17 bucket

2377 3438 78 23 brigade
2464 3438 19 17 in
2491 3438 32 16 the
2532 3436 32 19 old
2567 3435 94 22 township
2667 3435 38 17 and
2712 3436 87 16 eventual-

2377 3462 19 21 ly
2406 3467 78 16 procure
2499 3466 24 11 an
2540 3459 72 23 engine.
2647 3458 31 18 Mr
2695 3459 58 16 Davis
2770 3459 40 16 also

2377 3483 102 24 suggested
2488 3484 42 16 that
2538 3489 10 10 a
2557 3483 76 21 salvage
2640 3487 55 16 corps
2710 3481 63 17 Would
2787 3481 23 17 he

2377 3514 10 10 a
2396 3506 88 18 valuable
2493 3506 77 22 adjunct
2577 3507 19 15 to
2605 3511 10 10 a
2625 3505 32 16 fire
2672 3501 83 24 brigade.
2787 3504 22 17 In

2377 3531 44 18 fact,
2430 3530 21 17 in
2459 3536 11 10 a
2479 3531 51 15 town
2538 3528 59 17 Where
2607 3528 30 16 the
2648 3527 107 22 appliances
2761 3532 48 11 were

2377 3555 33 15 not
2418 3559 20 11 so
2448 3551 49 23 good
2505 3558 20 10 as
2531 3551 44 21 they
2582 3551 59 21 might
2648 3550 29 18 be,
2684 3550 44 17 such
2735 3556 12 10 a
2755 3556 54 15 corps

2377 3582 36 11 was
2423 3577 19 15 at
2451 3574 86 19 essential
2549 3580 19 10 as
2583 3580 10 10 a
2610 3569 33 21 fire
2660 3573 84 21 brigade.
2779 3573 30 16 Mr

2377 3599 88 18 Boulton,
2483 3598 19 16 of
2518 3597 32 17 the
2566 3596 65 18 Grand
2646 3595 64 21 Hotel,
2728 3595 38 17 had
2779 3595 20 17 in-

2442 3621 6 17 1
2455 3621 37 16 him
2501 3621 41 15 that
2551 3620 22 16 he
2582 3618 90 18 intended
2680 3621 21 14 to
2714 3618 48 17 have
2778 3618 30 17 the

2377 3642 59 19 whole
2445 3644 20 16 of
2473 3643 27 17 his
2509 3643 45 16 staff
2560 3642 40 17 told
2608 3640 29 19 off
2642 3642 20 17 to
2672 3642 49 17 their
2735 3647 63 16 respec-

2376 3668 37 16 tive
2422 3668 50 21 posts
2485 3666 37 16 anil
2537 3664 66 18 drilled
2617 3666 20 16 to
2655 3664 49 18 their
2720 3664 51 17 work
2789 3671 19 9 so

2375 3691 43 16 that
2426 3690 19 16 in
2455 3689 31 17 the
2495 3690 55 15 event
2558 3689 20 15 of
2585 3694 12 10 a
2606 3687 33 17 fire
2648 3688 51 16 there
2710 3687 61 17 would
2785 3687 23 16 be

2375 3719 24 10 no
2408 3712 102 17 confusion.
2536 3711 29 17 He
2574 3711 37 16 had
2620 3716 24 11 no
2653 3711 61 16 doubt
2722 3710 32 17 the
2764 3716 32 16 pro-

2375 3736 78 22 prietors
2462 3735 19 16 of
2490 3735 32 16 the
2533 3734 52 17 other
2601 3734 52 21 large
2667 3732 61 18 hotels
2745 3732 63 18 would

2374 3758 23 17 do
2407 3758 32 16 the
2448 3763 55 11 same.

2397 3779 31 18 Mr
2437 3781 72 17 Corlett
2523 3779 106 18 considered
2644 3779 42 17 that
2700 3779 33 17 the
2745 3779 51 16 insur-

2373 3810 46 11 ance
2427 3803 106 22 companies
2547 3803 60 20 ought
2622 3804 19 15 to
2656 3802 107 17 contribute
2777 3808 20 9 ac-

2374 3826 77 21 cording
2462 3827 17 16 to
2489 3826 31 17 the
2535 3826 77 17 amount
2627 3826 21 16 of
2660 3825 49 17 their
2725 3825 46 16 risks
2788 3826 19 15 in

2373 3850 31 16 the
2414 3851 56 16 town,
2481 3849 37 17 and
2528 3849 29 16 Mr
2566 3849 58 16 Davis
2632 3847 94 23 promised
2736 3848 19 16 to
2763 3847 33 17 sub-

2373 3872 35 17 mit
2424 3872 32 17 the
2469 3873 68 16 matter
2552 3873 19 15 to
2585 3871 137 18 consideration
2739 3871 20 16 of
2775 3870 32 17 tho

2373 3897 66 19 agents
2448 3895 54 16 when
2510 3895 24 16 be
2542 3896 50 15 went
2601 3896 21 15 to
2630 3896 58 15 town.
2714 3894 38 16 The
2767 3893 26 17 Go-

2373 3920 97 15 vernment
2480 3918 61 16 would
2551 3918 37 16 also
2597 3918 23 16 be
2629 3916 76 24 applied
2714 3918 25 15 to.

2396 3941 19 17 It
2422 3941 58 21 being
2488 3940 76 18 decided
2573 3942 19 15 to
2601 3943 49 14 meet,
2663 3940 57 22 again
2735 3945 24 11 on
2774 3939 32 17 the

2373 3964 98 22 following
2478 3964 71 22 Friday
2556 3964 21 17 at
2584 3964 12 17 8
2603 3969 53 17 p.m.,
2675 3964 32 15 the
2722 3962 84 22 meeting

2372 3987 62 17 closed
2443 3987 44 17 with
2497 3987 32 17 tho
2537 3988 107 20 customary
2653 3988 42 15 vote
2705 3986 18 16 of
2737 3985 69 17 thanks

2372 4011 19 16 to
2400 4010 32 16 the
2443 4010 57 16 chair.

2430 4112 32 67 I

2912 152 116 18 LIBRARY
3045 154 159 17 COMMITTEE.

2864 197 16 17 A
2889 197 69 23 special
2965 199 85 24 meeting
3062 199 20 18 of
3096 200 33 16 the
3144 199 78 23 liibrary
3236 207 12 13 m

2830 218 1 27 I
2841 220 85 24 Beading
2935 221 59 18 Boom
3005 221 111 20 Committee
3130 223 44 16 took
3189 223 49 22 place
3248 218 3 27 j,

2841 244 31 17 the
2882 244 88 17 Institute
2980 251 25 11 on
3018 245 70 23 Friday
3102 246 57 22 night
3172 242 53 21 When
3239 249 9 9 »'
3248 242 1 26 :
3250 242 1 26 ,

2841 266 96 23 following
2945 267 93 19 members
3046 274 48 12 were
3104 270 87 19 present:
3205 268 46 21 Mesa

2839 289 77 21 Corlett,
2927 291 54 17 Kirk.
2989 291 96 19 Williams,
3095 292 117 23 Neighbour,
3222 293 29 20 Wat

2839 313 37 16 ;md
2893 313 108 21 Protheroe,
3018 314 44 17 hon.
3081 320 37 14 sec.
3142 315 30 16 An
3190 315 61 24 apologi

2839 341 37 11 was
2885 336 82 18 received
2978 337 48 18 from
3034 338 31 16 Mi-
3074 337 84 24 Malfroy
3168 338 83 24 regrettiaj

2839 359 28 16 his
2875 359 86 17 enforced
2971 360 79 18 absence
3058 361 64 22 awing
3130 363 20 15 to
3166 361 33 17 the
3214 361 36 18 imi,

2839 384 50 15 ment
2898 383 87 21 weather,
2996 383 38 17 and
3043 383 31 17 Mr
3090 384 73 17 Corlett
3179 384 45 17 took
3238 387 13 17 t!,

2839 405 57 17 chair*

2863 428 20 16 In
2892 428 113 19 accordance
3013 429 46 18 with
3074 430 61 18 notice
3144 430 31 16 Mr
3184 430 67 19 Corlett'

2838 451 69 17 motion
2916 451 20 17 in
2945 452 67 23 regard
3022 454 19 15 to
3057 453 76 22 vesting
3142 453 31 17 the
3182 458 68 17 properl

2837 474 19 17 of
2872 474 32 17 tin!
2921 474 108 18 institution
3043 476 19 16 in
3081 478 80 15 trustees
3179 482 36 11 was
3231 477 20 19 dis

2837 496 69 19 cussed,
2914 498 37 16 ami
2957 498 14 16 it
2980 504 37 11 was
3025 498 107 23 eventually
3139 499 112 20 unanimousli

2836 519 76 18 decided
2925 521 41 17 that
2977 521 29 18 the
3020 521 99 24 following
3132 522 101 18 resolution
3246 522 5 19 i

2836 543 102 18 submitted
2945 545 21 16 to
2975 544 32 18 the
3015 545 77 22 general
3105 545 82 23 meeting
3201 546 19 16 in
3233 547 16 15 0,

2836 566 62 20 tobcr;
2945 567 50 17 That
3003 568 33 17 the
3045 569 90 21 property
3149 568 20 17 of
3183 568 68 18 tliel.il,.

2837 595 41 16 rary
2887 590 22 15 be
2918 590 62 17 vested
2991 591 17 16 in
3020 592 83 19 trustees,
3115 591 36 17 and
3167 590 43 18 that
3226 597 21 12 sui

2838 613 75 17 trustees
2923 612 22 18 bo
2955 614 31 16 the
2996 615 57 15 Town
3068 614 61 17 Board
3139 620 19 10 as
3167 616 17 14 at
3196 620 55 17 preseu

2836 635 120 21 constituted,
2968 642 21 12 or
2996 642 38 16 any
3043 637 54 18 other
3104 637 52 23 body
3170 637 42 17 that
3227 644 24 13 mat

2836 659 17 15 in
2863 659 4 23 i
2879 665 14 9 i','
2904 659 61 17 future

2858 681 28 17 On
2896 682 32 16 tin'
2937 683 70 16 motion
3018 684 20 16 of
3047 684 30 16 Mr
3088 684 79 18 Corlett,
3178 684 68 18 Becondi

2837 704 21 23 by
2870 705 28 16 .Mr
2909 705 115 23 Neighbour,
3034 707 12 15 it
3059 712 36 10 was
3111 706 81 18 resolved
3208 707 43 19 that,

2836 728 85 22 building
2931 728 45 17 fund
2984 729 24 16 be
3020 729 112 23 originated,
3147 729 37 17 and
3193 730 39 17 that
3243 731 8 18 ul

2836 756 49 12 sunn
2893 751 90 18 collected
2991 752 24 17 be
3023 752 66 22 placed
3102 753 20 16 in
3140 753 32 16 the
3186 754 53 15 Bank
3246 751 3 23 i

2836 774 31 17 the
2876 774 57 18 credit
2942 775 20 16 of
2972 775 31 17 the
3015 775 82 18 Rotorua
3113 775 80 23 Library
3202 776 49 18 Build

2836 795 94 25 iugFuud
2948 798 90 20 Account,
3055 801 19 14 to
3090 799 24 16 be
3131 799 45 16 used
3194 800 28 15 for
3238 800 13 18 tin

2836 820 60 17 stated
2903 825 81 18 purpose
2992 821 61 21 alone,
3063 822 39 17 and
3105 823 24 16 .to
3144 822 22 17 bo
3180 825 70 19 operate

2835 849 24 12 on
2866 843 25 22 by
2899 844 34 17 the
2942 844 101 18 Chairman
3051 845 21 17 of
3080 845 33 18 the
3127 845 57 17 Town
3199 845 52 18 Bour.l

2835 867 36 16 and
2880 867 32 17 the
2922 866 95 18 President
3032 868 37 16 and
3086 868 100 16 Treasurer
3203 869 19 15 of
3239 870 9 15 tl

2836 889 112 18 institution.
2975 891 29 16 Mr
3013 891 71 17 Corlett
3098 891 61 17 stated
3175 891 42 17 that
3224 898 27 12 cun

2834 912 99 18 tributions
2944 914 34 15 had
2989 914 75 22 already
3071 915 45 16 been
3125 914 98 22 promised,
3231 922 18 9 an

2834 936 22 16 he
2865 935 36 17 bad
2911 942 23 10 no
2945 936 58 18 doubt
3013 937 42 17 that
3064 943 10 11 a
3085 937 92 22 judieious
3192 943 59 13 canvas

2834 959 61 16 would
2904 965 45 11 soon
2959 959 58 18 result
3026 961 19 15 in
3054 967 11 9 a
3073 966 42 12 sum
3127 961 20 16 of
3157 966 67 16 money
3234 961 13 17 lin-

2833 982 32 23 ing
2874 982 89 17 obtained
2973 983 60 18 which
3052 983 62 17 would
3130 983 68 22 justify
3216 984 35 17 the..

2833 1006 18 16 in
2860 1005 68 23 taking
2933 1007 52 20 steps
2994 1006 29 17 for
3033 1006 31 17 the
3073 1007 81 16 erection
3162 1007 19 16 of
3187 1013 11 10 a
3205 1006 46 19 build

2834 1028 31 22 ing
2874 1035 23 9 on
2907 1030 32 15 tiie
2949 1029 34 17 site
2993 1029 79 23 granted
3084 1030 28 16 for
3125 1030 41 16 that
3179 1034 48 18 purp
3236 1036 13 11 isi

2858 1052 14 16 It
2885 1057 36 11 was
2930 1052 39 17 also
2978 1051 77 19 decided
3064 1053 42 16 that
3120 1053 32 16 the
3168 1053 83 19 followiiu

2834 1074 99 17 resolution
2947 1075 23 17 bo
2987 1076 102 17 submitted
3107 1078 19 15 to
3144 1076 31 16 the
3192 1081 35 17 gen
3241 1083 5 9 r

2834 1097 82 23 meeting
2925 1099 19 15 of
2952 1098 92 18 members
3051 1104 10 11 :-
3158 1099 31 17 the
3198 1105 53 12 annun

2833 1121 74 22 general
2919 1121 82 24 meeting
3010 1123 20 15 of
3046 1122 92 16 members
3155 1123 43 15 take
3215 1122 32 22 plm

2833 1144 18 16 in
2860 1144 31 16 the
2901 1144 67 17 see.aid
2986 1145 50 16 Week
3053 1145 19 16 in
3088 1142 81 21 October
3186 1145 19 16 in
3222 1153 19 9 en-

2833 1173 43 16 year
2887 1166 29 18 for
2923 1167 32 17 the
2965 1167 78 18 eleetiort
3054 1170 20 15 of
3082 1175 10 10 a
3102 1168 58 17 board
3177 1169 20 16 of
3214 1174 37 12 mini

2832 1191 93 22 agoirtont,
2944 1190 103 24 coosisting
3062 1192 20 15 of
3099 1189 100 25 president,
3218 1192 26 17 vie

2832 1213 100 23 president,
2944 1214 34 16 and
2987 1214 42 16 nine
3039 1214 91 18 members
3135 1215 21 17 of
3163 1215 85 17 committi

2833 1237 41 16 who
2883 1238 17 14 at
2912 1237 50 16 their
2970 1236 42 19 first
3017 1237 83 23 meeting
3109 1236 38 18 will
3161 1237 77 23 proceed
3246 1236 3 24 t

2833 1260 43 16 eleel
2888 1266 10 10 a
2908 1262 92 14 treasurer
3009 1261 37 16 and
3063 1267 11 10 a.
3090 1263 95 19 secretary'
3199 1262 33 15 out
3247 1260 3 22 i

2832 1283 48 17 their
2890 1289 42 10 own
2941 1284 98 16 number.''
3065 1284 19 16 It
3093 1290 38 10 was
3145 1284 75 21 pointed
3235 1290 16 12 ou

2832 1306 39 17 that
2883 1306 37 16 this
2930 1307 62 16 would
3001 1307 52 22 place
3063 1307 48 16 rules
3121 1307 11 17 3
3140 1307 37 17 and
3189 1309 19 14 1:1
3218 1312 32 12 mot

2832 1330 18 15 in
2860 1328 73 18 accord.

2855 1352 55 18 Some
2919 1352 93 23 contompl
3020 1352 37 18 itod
3067 1353 82 22 changes
3162 1351 19 19 in
3191 1353 31 17 the
3235 1354 11 16 li-

2831 1375 20 18 of
2858 1375 84 22 periodic
2947 1375 23 18 lis
2978 1382 48 11 wore
3044 1376 43 18 then
3105 1375 106 19 considered
3229 1383 20 9 .•::•

2831 1405 11 10 a
2858 1399 82 16 decision
2958 1399 73 18 arrived
3046 1402 18 14 at
3083 1399 87 22 whereby
3196 1405 55 10 sever,

2832 1422 62 16 serials
2901 1422 36 16 wili
2948 1422 22 17 be
2979 1422 23 17 ad
3010 1422 17 17 le
3036 1422 2 23 1
3050 1424 19 16 to
3078 1423 31 16 the
3119 1422 132 23 Roading-roon

2831 1448 20 13 at
2859 1451 24 10 no
2893 1445 81 16 increase
2984 1446 19 16 of
3012 1445 130 23 expenditure.

2855 1468 38 17 The
2903 1469 83 22 meeting
2994 1469 46 16 then
3050 1469 68 16 closed.

2926 1531 235 32 TELEGRAPHIC.

2856 1604 81 24 Sydney,
2949 1605 109 23 September
3067 1606 28 17 24.
3118 1606 41 18 The
3172 1606 60 18 Diroul
3248 1614 9 6 ■•

2833 1629 19 17 of
2862 1629 24 16 tin
2890 1628 2 24 1
2904 1628 71 18 Brokon
2987 1630 38 15 Hill
3043 1629 117 23 Proprietary
3172 1630 51 17 Mine

2832 1652 45 22 port
2884 1651 39 17 thai
2944 1652 32 17 the
2991 1652 32 17 fire
3036 1652 17 17 in
3070 1652 57 18 Block
3147 1653 16 17 11
3185 1649 31 21 li'us
3232 1659 11 11 11
3255 1649 2 25 :

2832 1674 101 18 interfered
2942 1675 45 17 with
2998 1675 32 17 the
3039 1675 86 24 working
3142 1680 20 13 so
3178 1677 53 17 mueli
3245 1684 13 10 tu

2833 1703 38 12 was
2879 1698 71 22 anticip
2957 1698 43 17 ttod.
3027 1699 49 21 Thoy
3088 1699 92 18 therefore
3189 1705 38 17 pay
3231 1705 21 12 on

2833 1720 78 24 shilling
2919 1720 61 19 bonus
2987 1727 36 17 per
3030 1721 55 18 share
3100 1722 58 22 along
3173 1723 43 16 with
3235 1720 3 24 i

2833 1744 93 18 dividend.

2857 1767 116 21 Melbourne,
2994 1767 110 23 September
3121 1770 26 15 21.
3154 1769 91 16 •-Eni-imi
3255 1767 2 23 I

2834 1790 103 18 Abrahams
2947 1790 33 18 has
2989 1790 83 19 received
3081 1798 24 10 an
3119 1791 103 18 additional
3238 1792 19 17 sis

2834 1813 75 18 months
2918 1814 28 17 for
2959 1814 131 24 malingering.

2857 1836 95 22 Adelaide,
2969 1837 109 22 September
3093 1840 52 14 21.
3147 1838 23 16 In
3185 1838 32 18 the
3232 1838 18 18 As-

2834 1859 71 23 sembly
2914 1860 31 17 the
2956 1860 87 18 Minister
3050 1861 21 17 of
3081 1861 62 17 Linds
3153 1861 60 17 stated
3226 1861 32 18 tlu:

2834 1883 30 17 the
2875 1883 73 23 Village
2958 1883 11 18 S
2978 1884 56 17 ittlem
3045 1885 33 17 mts
3088 1884 36 17 had
3135 1887 38 14 cost
3183 1884 30 18 the
3229 1885 13 17 G
3252 1895 6 4 -

2834 1907 94 17 vcrnmonl
2942 1905 84 22 £23,000,
3038 1906 35 18 and
3092 1907 41 18 that
3151 1907 48 18 their
3214 1908 38 17 vain

2834 1935 38 11 was
2880 1929 82 17 assessed
2978 1931 16 16 id
3015 1929 83 21 £35,700,
3119 1930 53 18 while
3188 1931 30 17 the
3233 1931 19 17 vil-

2833 1952 61 23 lagers
2905 1955 56 15 assets
2973 1953 25 17 to!
3006 1953 44 18 tiled
3069 1953 83 20 £41,000.
3185 1954 28 17 He
3232 1960 26 11 w.-.-

2835 1975 53 18 much
2900 1974 84 24 gratified
2996 1976 44 17 with
3050 1976 32 18 the
3093 1976 63 18 result.

2857 1998 85 21 Thames,
2952 2000 44 16 This
3006 1999 42 23 day.
3069 2000 29 18 -At
3109 2000 32 18 the
3147 2000 59 22 police
3216 2006 35 12 com

2834 2021 99 23 yesterday
2938 2022 81 20 .Charles
3036 2023 77 17 Handel
3132 2029 36 12 was
3185 2023 72 23 churgel

2835 2045 44 17 with
2889 2045 56 23 using
2954 2045 120 27 threatening
3087 2046 95 23 language
3192 2047 23 23 by
3225 2052 25 17 say-

2834 2068 33 23 ing
2875 2068 24 17 he
2907 2068 64 17 would
2987 2069 56 17 shoot,
3059 2070 32 16 tho
3108 2069 41 18 first
3166 2076 42 10 nun
3225 2070 32 16 t'.ir

2835 2092 48 16 wont
2893 2091 39 18 into
2942 2098 10 10 u
2961 2092 71 17 certain
3040 2092 57 18 drive.
3111 2092 19 18 J.
3140 2092 47 18 McL
3196 2099 31 11 an,
3236 2093 16 17 tli

2834 2114 48 17 mine
2905 2120 94 17 uitnager,
3024 2121 36 11 was
3081 2115 33 18 the
3135 2116 118 22 complainant

2834 2137 80 16 Accused
2925 2137 83 22 justified
3019 2138 29 17 bis
3055 2139 63 16 action
3132 2138 24 22 by
3170 2139 68 21 saying
3245 2139 7 16 li

2833 2165 38 10 was
2879 2159 103 23 dofondtnq
2992 2160 28 17 his
3029 2165 42 12 own
3086 2161 95 22 property*
3206 2160 31 18 Mr
3246 2161 12 17 E.

2834 2181 73 23 Kenny,
2927 2182 58 20 R.M.,
3001 2182 77 18 ordered
3100 2183 77 18 accused
3195 2187 18 13 to
3230 2184 21 16 fin

2834 2205 77 18 sureties
2919 2206 20 17 to
2952 2205 47 23 keep
3018 2206 30 18 the
3066 2212 62 17 peace.
3154 2206 29 19 On
3191 2207 37 18 this
3237 2207 15 17 tli

2834 2228 77 18 accused
2921 2228 78 23 jumped
3010 2230 47 16 from
3067 2230 27 16 his
3104 2230 38 17 seat
3152 2230 37 17 and
3198 2230 36 17 said
3244 2231 7 15 1.

2835 2251 61 17 would
2905 2251 54 18 allow
2970 2258 24 11 no
3003 2258 35 11 one
3046 2254 19 16 to
3074 2258 34 17 say
3118 2253 22 17 ho
3149 2252 36 18 had
3196 2253 54 18 threat-

2834 2273 47 18 ened
2890 2275 19 17 to
2919 2275 54 16 shoot
2982 2282 11 10 a
3003 2282 49 11 man.
3078 2276 74 17 Amidst
3167 2277 52 22 great
3236 2282 15 12 ex-

2834 2298 89 17 citement
2932 2298 33 17 the
2973 2299 54 17 court
3037 2298 110 23 adjourned.

2859 2320 120 24 Wellington,
2991 2322 44 16 This
3044 2322 42 22 day.
3095 2322 56 17 -The
3168 2322 55 17 Stock
3238 2322 14 17 In-

2835 2345 73 21 spector
2916 2344 15 17 is
2945 2344 87 18 doubtful
3052 2345 83 17 whether
3152 2346 31 17 the
3200 2345 54 17 discus

2834 2367 16 17 is
2854 2367 82 18 anthrax
2944 2367 58 18 which
3010 2367 33 18 has
3046 2368 94 22 appeared
3143 2370 19 16 at
3172 2369 75 17 Wdharu
3257 2367 1 23 ,

2858 2390 30 17 Mr
2899 2390 26 17 \V.
2934 2390 57 23 Kelly
2999 2391 16 17 is
3023 2391 69 26 asking
3105 2392 28 17 for
3143 2392 9 17 li
3170 2398 40 11 sum
3220 2392 16 17 fr
3244 2390 1 27 i

2835 2413 32 17 tho
2876 2413 129 19 Government
3013 2415 20 17 to
3042 2414 55 17 finish
3107 2415 32 17 tho
3155 2415 95 22 incomple!

2834 2436 74 22 portion
2916 2437 19 17 of
2943 2437 30 17 the
2981 2437 44 16 road
3034 2437 84 18 between
3125 2439 99 21 Tauiuug.i
3231 2444 19 11 an

2836 2459 89 21 Waikato,
2937 2460 68 17 known
3015 2466 21 12 as
3043 2460 33 18 the
3092 2461 71 16 Kiimii
3175 2461 57 18 track.

2857 2482 31 18 Mr
2897 2482 107 23 Thompson
3017 2484 33 17 lias
3060 2489 19 17 pi
3079 2482 3 24 -
3083 2486 61 15 esente
3152 2482 4 24 1
3175 2484 50 18 three
3237 2491 8 10 i>

2834 2505 64 18 titions
2911 2506 18 17 to
2946 2506 84 23 prohibit
3045 2506 33 18 the
3097 2507 17 22 pi
3123 2507 62 23 mting
3200 2508 20 17 of
3236 2508 17 17 tli

2834 2528 54 23 pinus
2898 2529 77 23 insignis
2988 2535 45 12 near
3046 2530 98 23 boundary
3154 2531 66 17 fences.

2857 2549 39 20 Tho
2903 2552 73 18 Debate
2987 2552 19 18 in
3020 2553 113 18 Committee
3147 2559 25 12 on
3179 2553 33 18 the
3220 2553 29 19 Cus-

2834 2574 48 18 toms
2891 2574 37 18 and
2937 2575 68 18 Excise
3013 2576 67 18 Duties
3095 2576 37 18 Bill
3146 2577 15 16 is
3170 2577 58 20 going
3238 2583 7 11 o

2836 2641 64 18 WILL
2912 2641 53 18 YOU
2980 2642 32 17 BE
3028 2643 63 17 WISE

2974 2687 32 19 OB
3022 2688 161 19 FOOLHARDY

2834 2733 66 18 SUCH
2912 2733 139 19 SYMPTOMS
3060 2736 30 16 AS

2882 2756 149 21 HEADACHE,

2927 2780 146 20 BACKACHE,

3026 2827 27 18 [N
3056 2827 143 21 DIGESTION,
3203 2829 37 17 &3..

2834 2848 124 18 INDICATE
2971 2850 15 17 A
3001 2850 167 19 DISORDERED
3185 2852 71 17 LTVEB

2904 2871 136 20 CLEMENTS
3054 2874 78 17 TOXIC
3149 2875 20 16 TS
3185 2875 15 17 A

2865 2894 103 19 PROMPT
2978 2896 53 18 AND
3043 2897 118 17 POSITIVE
3172 2898 67 18 CURE

2868 2940 137 20 CLEMENTS
3018 2943 79 17 TONIC
3109 2943 65 18 DOE?
3185 2944 49 17 NOT

2932 2965 81 17 TREAT
3024 2966 144 18 SYMPTOMS.

2891 2987 26 17 IT
2926 2987 123 19 REMOVES
3060 2990 53 16 THE
3123 2990 89 17 CAUSE.

2882 3033 50 17 FOR
2941 3034 84 18 PROOF
3041 3035 70 17 READ
3126 3036 96 17 THIS:-

2857 3060 87 18 MrWR
2966 3062 70 21 Welch,
3055 3063 47 17 Pine
3119 3060 66 21 Y'allev
3203 3064 56 17 Hotel.

2833 3084 76 20 Cooraa,
2916 3084 83 22 N.S.W.,
3008 3085 43 18 who
3056 3086 63 18 writes
3129 3093 23 10 on
3161 3087 46 20 Miy
3218 3087 41 17 IStli.

2836 3107 53 17 1893:
2916 3108 9 16 I
2940 3107 47 18 have
3003 3109 78 18 suffered
3097 3109 81 23 severely
3192 3111 31 16 for
3236 3110 19 17 tli

2833 3130 36 16 Inst
2886 3130 51 18 three
2955 3136 53 16 years
3025 3132 46 18 with
3089 3136 62 14 severe
3161 3132 68 19 bilious
3238 3137 14 13 at-

2833 3153 58 21 tacks,
2910 3153 100 21 headache,
3030 3161 75 15 nausea,
3123 3156 54 22 pains
3201 3156 18 17 in
3236 3156 17 17 tli

2834 3176 90 22 stomach,
2943 3177 135 23 sleeplessness,
3093 3179 39 16 loss
3149 3180 19 16 of
3185 3179 73 22 ifypctit

2833 3199 38 17 and
2885 3205 76 17 energy,
2978 3201 34 18 etc.
3039 3201 87 23 Reading
3140 3201 37 18 and
3191 3202 68 17 hcirin-j

2834 3228 19 10 so
2869 3222 56 18 much
2939 3224 59 16 about
3012 3224 32 17 the
3058 3231 53 10 cures
3124 3226 92 21 perform••
3223 3226 5 15 1
3243 3225 16 18 by

2834 3245 95 17 Clements
2937 3245 59 19 Tonic
3004 3248 48 16 after
3061 3248 55 16 other
3125 3247 88 19 remedies
3223 3248 29 18 fail-

2834 3275 38 15 ing,
2888 3269 9 16 I
2912 3269 86 18 resolved
3015 3272 18 16 Lo
3049 3271 30 22 try
3097 3277 12 10 a
3125 3271 59 17 bottle
3192 3278 21 10 or
3223 3271 29 17 t\v.
3258 3269 1 24 .

2834 3291 84 24 Finding
2930 3293 53 16 relief
2998 3294 48 17 from
3062 3294 32 17 the
3109 3300 45 16 very
3161 3293 46 20 first,
3219 3295 9 16 I
3237 3300 15 11 re-

2833 3313 63 19 solved
2911 3316 21 16 to
2946 3316 43 23 give
3003 3316 17 18 it
3027 3322 12 12 a
3048 3316 38 18 fair
3093 3317 44 18 test,
3145 3314 39 20 and
3193 3317 57 17 contin-

2833 3336 36 19 ued
2884 3337 68 23 taking
2965 3339 15 16 it
2990 3339 48 17 Until
3052 3339 10 17 I
3077 3339 38 17 bad
3130 3340 44 16 used
3182 3346 54 10 seven
3246 3346 13 10 u;

2833 3360 53 23 eight
2902 3361 74 18 bottles,
2992 3361 37 18 and
3044 3363 8 16 1
3067 3368 30 11 am
3107 3362 64 23 happy
3181 3365 20 15 to
3210 3369 33 16 say
3251 3363 8 17 it

2832 3381 79 25 entirely
2918 3384 56 18 cured
2980 3390 30 11 me
3017 3385 20 17 of
3043 3385 31 16 the
3081 3385 24 18 ab
3113 3387 27 16 >Vo
3147 3386 112 22 complaint-..

2834 3407 8 16 I
2858 3412 30 12 am
2902 3412 21 12 as
2930 3407 43 17 WoD
2987 3411 45 14 now
3036 3414 21 11 as
3066 3412 44 14 ever
3118 3408 10 18 I
3136 3408 47 18 have
3191 3408 48 18 been
3246 3409 13 17 in

2832 3434 31 16 my
2873 3429 37 18 life.
2937 3430 19 17 If
2965 3431 37 16 this
3011 3431 56 17 letter
3075 3432 16 16 is
3100 3432 19 16 of
3126 3438 35 16 any
3169 3432 67 16 benefit
3247 3429 3 25 t

2832 3458 37 15 you
2876 3458 36 16 you
2919 3458 32 12 are
2955 3454 22 16 at
2980 3453 69 23 liberty
3056 3455 20 17 to
3083 3455 43 23 give
3132 3454 15 18 it
3152 3460 56 17 every
3218 3455 31 19 pub-

2832 3474 57 23 licity,
2900 3476 33 16 —I
2944 3476 76 21 remain,
3029 3483 58 16 yours
3096 3478 95 22 sincerely,
3199 3478 28 17 W.
3242 3478 17 17 R.

2832 3497 70 21 Welch,
2912 3499 46 16 Pine
2966 3499 73 22 Valley,
3055 3499 58 19 Coom
3119 3508 11 12 i,
3144 3501 23 17 N.
3181 3501 18 17 S.
3215 3501 27 17 W.

2855 3552 23 16 Tn
2886 3554 67 21 rogard
2964 3554 19 16 to
2993 3554 31 16 the
3121 3555 19 16 of
3155 3555 32 16 the
3200 3555 49 16 Mot.

2832 3573 117 19 MrLoitch's
2965 3575 71 19 drama,
3050 3580 44 14 now*
3107 3577 83 24 running
3200 3578 20 17 at
3233 3578 20 16 t\\
3256 3573 2 28 r

2832 3596 97 19 Auckland
2951 3597 62 24 Opera
3038 3597 69 23 ffouse,
3135 3596 44 25 the'
3194 3599 64 19 Herald

2831 3621 69 16 states:
3010 3628 12 11 a
3036 3623 60 16 scenic
3112 3623 54 21 point
3182 3624 19 16 of
3218 3623 40 18 view

2831 3642 32 18 the
2871 3643 111 22 production
2994 3651 36 11 was
3043 3646 82 22 perhaps
3138 3646 32 17 the
3183 3646 42 17 Lest
3245 3651 13 12 o;

2830 3665 23 17 its
2871 3668 38 15 sort
2926 3671 42 13 ever
2990 3674 41 12 seen
3052 3668 19 18 in
3092 3668 104 21 Auckland,
3219 3675 39 11 even

2831 3688 72 22 though
2921 3690 32 17 the
2970 3689 76 20 Priest's
3064 3691 37 17 and
3118 3691 69 18 Rachol
3200 3692 58 17 baths,

2831 3710 61 19 which
2904 3710 73 21 Nature
2994 3714 64 22 placed
3075 3716 16 15 al
3110 3714 88 19 Ritorua.
3218 3721 39 12 won

2830 3735 114 17 transferred
2950 3738 20 15 to
2980 3736 32 18 the
3021 3738 48 16 Pink
3080 3738 81 17 Terrace.
3187 3738 29 17 No
3222 3744 36 11 one.

2831 3756 90 22 however,
2944 3757 85 23 obfrrted
3047 3761 19 16 to
3082 3760 32 17 the
3130 3761 125 22 transpositim

2829 3779 77 19 because
2918 3782 29 17 the
2960 3783 31 21 pioi
3045 3789 35 11 ,v,is
3093 3789 20 11 so
3128 3783 92 21 effective;
3243 3790 7 11 s

2829 3802 26 18 als
2866 3802 3 25 i
2878 3809 37 13 was
2924 3809 55 18 every
2990 3815 5 4 ■■
3027 3813 7 9 u
3044 3802 2 25 .
3074 3806 37 17 The
3121 3806 43 17 view
3174 3806 20 18 of
3198 3807 48 17 Auck-

2829 3825 45 18 land
2882 3827 39 21 city
2929 3828 36 17 and
2975 3829 85 20 suburbs,
3072 3829 38 17 that
3120 3830 19 16 of
3147 3825 4 24 <
3158 3830 96 18 minemut'

2829 3849 37 16 and
2883 3849 52 19 Like
2956 3851 89 19 Rotorua,
3064 3852 37 17 and
3120 3853 31 16 the
3174 3853 83 17 tableau.'

2829 3871 19 17 of
2856 3872 36 18 the
2897 3874 89 19 eruption
2993 3874 20 17 of
3028 3875 95 17 Tiirawcrn
3140 3881 46 12 wore
3200 3881 58 13 soone<

2829 3894 40 18 that
2884 3897 39 16 coul
2935 3894 2 25 !
2954 3902 6 12 s
2970 3898 64 21 tarcely
3052 3898 47 17 have
3117 3898 43 18 been
3177 3898 71 18 botte're

2829 3919 99 18 even-with
2946 3920 57 17 treble
3018 3920 31 18 the
3066 3922 52 21 stage
3132 3921 114 18 accommoda-

2914 3943 38 16 The
2966 3944 44 15 Star
3024 3943 43 17 thus
3084 3943 98 18 enthuses:
3207 3948 9 6 •'
3224 3945 26 16 Tl.

2827 3963 49 18 view
2885 3965 19 17 of
2914 3964 114 20 Ohinomutu
3038 3966 36 17 and
3084 3966 50 18 Lake
3144 3966 83 21 Rotorua,
3240 3969 18 20 by

2828 3986 108 25 ffiOOnhght
2949 3989 39 16 vies
3004 3989 46 17 with
3067 3995 56 16 many
3140 3990 20 17 of
3174 3990 32 18 the
3222 3991 5 15 1
3232 3996 26 10 >.■--

2827 4014 65 14 scenes
2899 4015 43 14 ever
2949 4011 101 22 presented
3057 4012 43 17 hero
3116 4013 53 17 while
3184 4013 38 17 thai
3241 4018 16 13 oi

2827 4032 32 17 the
2869 4032 73 19 famous
2951 4035 49 16 link
3008 4035 83 20 Terrace,
3102 4036 45 16 with
3155 4036 33 17 the
3201 4037 56 17 steam

2827 4054 63 25 rising
2895 4058 49 16 from
2952 4057 34 17 the
2993 4057 33 18 hot
3043 4057 75 24 springs
3132 4058 19 18 in
3165 4059 32 17 the
3212 4060 36 17 fore-

2828 4079 79 21 ground,
2918 4080 15 16 is
2942 4086 11 11 a
2963 4080 49 18 work
3027 4080 60 18 which
3093 4079 55 19 alone
3161 4082 60 19 wotrJd
3238 4083 15 17 b

2827 4101 92 19 sufficient
2928 4104 19 17 to
2957 4109 65 10 ensure
3031 4104 32 16 the
3077 4110 35 11 run
3125 4104 20 18 of
3162 4105 30 18 the
3210 4106 39 21 pier

2827 4124 19 16 in
2855 4128 38 19 any
2901 4126 20 16 of
2930 4126 31 18 the
2970 4126 52 21 large
3031 4126 52 18 cities
3092 4127 20 17 of
3120 4128 92 17 Australia
3223 4128 34 17 and

2827 4147 19 16 in
2855 4147 80 19 London
2944 4149 29 17 for
2982 4155 10 11 11
3001 4149 72 23 goodly
3078 4150 82 18 number/
3162 4151 21 17 of
3186 4151 72 21 nights,

1250 78 58 23 The
1334 80 58 21 hot
1419 78 93 23 lakes
1540 80 172 26 chronicle,
1740 78 190 28 Wednesday,
1959 82 169 22 September
2156 84 33 23 25,
2207 83 49 20 isas

766 161 47 33 \/
846 161 116 33 er\A/

216 237 136 26 Overlooking
364 239 34 18 tho
408 237 35 22 Pa,
456 236 82 24 Boiling
553 235 84 24 Springs
650 233 40 19 and
700 233 91 19 Rotorua
802 232 63 20 Lake,

241 311 186 23 TSRMS:
442 309 47 21 30s
500 315 45 22 per
554 308 82 25 week,
648 313 28 16 or
689 307 27 22 5s
729 313 46 23 per
785 306 59 30 day.

100 347 103 30 Special
210 348 202 28 Arrangements
418 346 40 22 for
468 353 16 15 a
489 344 159 30 lengthened
655 344 134 23 residence
797 343 51 23 and
860 341 124 24 families.

368 405 121 24 CUISINE,
496 407 40 17 -A
550 404 174 22 SPECIALITY.

139 449 121 19 References
270 447 124 24 throughout
409 445 49 19 New
471 445 90 19 Zealand
573 445 39 18 and
621 445 34 19 the
664 445 116 18 Australian
789 442 94 20 Colonies
894 442 52 18 from

438 471 93 26 previous
552 471 93 19 Visitors.

100 506 33 19 JJo
143 507 55 17 touts
208 504 105 26 employed
322 506 22 17 at
353 503 108 20 Auckland
468 510 22 12 or
509 503 88 19 Eiotorua
616 503 90 23 Railway
725 501 89 19 Stationg
834 506 22 12 or
876 499 96 20 Steamers-

347 535 32 12 7\T.,
392 539 7 8 +
402 542 23 5 .>„
437 542 35 5 ~„..
482 540 44 7 ..,.„*■
536 535 81 12 n..„,-..-v„
620 542 8 5 Q
640 533 90 14 „,.,.nr.tr.il

124 600 153 19 NOTE.—Ask
288 600 31 18 for
327 597 107 25 SbddoN's,
444 598 40 19 and
494 605 34 12 see
536 605 40 18 you
586 603 34 13 are
637 597 37 18 left
684 596 64 19 there.

103 889 100 37 UNION
216 888 137 17 STEAMSHIP
367 887 114 17 COMPANY
501 886 27 16 OP

185 909 57 17 NEW
254 909 112 17 ZEALAND
376 909 80 16 Limited.

165 945 122 17 fKOPOsED
299 945 91 16 DEPARI
400 945 7 15 L
417 945 47 14 Klw

235 978 29 14 J-(J
268 978 14 13 It
294 976 99 16 SYDNJsr.

101 1008 121 19 Tarawera,
232 1008 90 21 Tuesday,
330 1008 41 14 Oct.
383 1008 83 19 l.op.in.

99 1030 108 21 MoNOWAI,
217 1029 121 22 Wednesday,
346 1029 40 16 Oct,
394 1029 15 20 0,
419 1029 9 16 5
437 1033 44 17 p.m.

176 1071 47 16 POK
235 1070 128 17 SOUTHERN
376 1071 77 14 I'UKIS.

284 1382 109 22 parker,
416 1383 53 17 and
490 1382 38 18 co.

98 1401 46 27 JUL
260 1406 106 25 (limited),

174 1454 59 18 NEW
245 1453 84 19 STEAM
342 1452 108 19 SERVICE

99 1486 124 30 Bringing
224 1484 2 32 1
236 1486 61 23 Low
304 1486 79 22 Fares
393 1485 54 22 into
459 1484 69 23 force

119 1535 95 22 Splendid,
224 1533 160 24 Well-appointed
391 1533 93 19 Steamers
490 1532 38 18 will

96 1558 22 18 be
126 1558 114 23 despatched
248 1558 50 17 from
305 1558 118 20 Auckland,
435 1562 19 12 as
470 1556 58 17 under

96 1580 90 24 (weather
201 1581 37 18 and
257 1581 53 18 other
327 1581 142 17 circumstances
485 1585 33 17 per-

96 1603 85 24 mitting)
188 1610 8 12 :•

96 1627 40 18 Foe
143 1625 135 23 (HSBORNE,
285 1626 103 21 NAPIER,
396 1625 116 19 WELLING-

118 1650 55 22 TON,
186 1647 155 24 LYTTELT.ON,
352 1650 13 17 &
377 1648 127 22 DDNEDIN,

96 1674 63 17 Axcii.i
167 1673 38 22 lir,.
213 1674 109 20 .Tuesday,
333 1673 51 22 Sept.
391 1673 28 20 24,
433 1673 20 16 10
461 1677 43 12 a.m.

96 1698 107 17 Tasmania
207 1709 37 6 ....
249 1697 100 20 Tuesday,
362 1695 40 19 Oct.
409 1697 16 19 8,
437 1700 55 12 noon.

224 1743 50 17 FOR
289 1742 109 21 SYDNEY,

143 1766 113 24 (Returning
270 1767 18 17 to
297 1764 97 19 Auckland
405 1764 77 23 Direct.)

96 1789 94 24 Carrying
210 1789 111 23 Passengers
343 1789 27 17 for
393 1788 134 20 Melbourne,

108 1813 55 18 other
167 1813 129 18 Australian
304 1812 70 20 Ports,
383 1811 35 17 and
426 1811 89 20 Hobart,

96 1841 114 17 Tasmania.
218 1854 15 4 ..
241 1839 106 21 .Monday,
362 1839 50 23 Sept.
420 1839 28 20 23,
466 1839 4 23 i
483 1843 44 18 p.m.

97 1864 94 17 Anglian
263 1863 96 20 Monday,
378 1862 41 18 Oct.
435 1863 15 16 7.
465 1862 62 22 3p.m.

120 1890 75 23 Freight
207 1891 36 16 and
252 1890 91 23 Passages
356 1890 19 17 at
390 1893 77 14 lowest
480 1893 36 13 cur-

96 1918 53 13 rent
162 1918 68 13 RATES.

118 1937 73 17 Return
200 1936 73 18 Tickets
279 1935 91 18 available
378 1936 29 16 for
412 1935 26 17 six
446 1934 81 18 months,

196 1966 21 16 L.
232 1965 23 18 D.
266 1965 105 17 NATHAN
385 1964 14 18 &
413 1965 44 17 CO.,

427 1987 78 18 Agents.

127 2048 225 46 Visitors'
379 2048 115 44 List.

129 2126 101 23 Brent's
247 2126 129 28 Bathgate
397 2125 95 23 House.

97 2159 40 16 Hi's
146 2158 68 22 Major,
223 2158 97 17 Auckland

143 2181 61 22 Espie,
215 2181 91 18 Gisborne

141 2204 69 18 Hozior
219 2205 37 16 and
265 2203 55 22 maid,
330 2203 92 19 Gisborne

144 2226 68 22 Dodds,
228 2227 90 18 Gisborne

143 2250 80 23 Girling,
233 2250 97 18 Blenheim

143 2274 21 17 B.
175 2273 70 23 Penny,
257 2273 96 18 Blenheim

142 2295 81 23 Nesbitt,
237 2297 116 22 Wellington

143 2319 94 21 Brandon,
254 2320 111 22 'Wellington

143 2344 78 16 Tunnci'.
231 2344 79 17 Thames

97 2365 65 19 Misses
173 2365 90 19 Williams
270 2365 33 24 (2),
313 2365 87 19 Dunedin

96 2389 47 17 Miss
152 2389 100 19 Davidson,
261 2386 108 26 Wairarapa

97 2412 30 17 Mr
136 2412 122 23 Gillingham,
268 2412 76 18 Timaru

132 2435 37 17 and
177 2436 40 16 Airs
226 2436 21 17 F.
258 2436 21 17 A.
289 2436 62 18 Krnll,
360 2433 107 24 Waugamai

200 2459 81 17 Andrew
294 2459 46 20 Bell,
358 2457 98 19 Auckland

200 2483 99 17 Atkinson,
311 2481 99 18 Auckland

200 2504 102 21 Anderson,
312 2504 108 22 Wairarapa

199 2528 22 17 G.
231 2528 113 19 Hutchison,
355 2526 114 24 Wellington

120 2551 89 21 Gilmour,
227 2551 91 18 Taraualri

132 2574 24 18 H.
168 2575 22 17 E.
199 2575 47 20 Hill,
257 2573 89 19 Adelaide

97 2598 28 19 Dr
132 2598 61 22 Barry
200 2598 21 17 T.
233 2598 77 17 Russell.
322 2597 75 22 Sydney

219 2636 69 22 Lake
303 2636 94 21 House.

97 2666 46 19 Miss
158 2666 113 21 Gellibrand,
289 2664 97 18 Auckland

97 2690 32 18 Mr
137 2690 65 20 Bruce,
213 2690 26 16 St.
249 2688 67 18 John's
322 2688 80 22 College,
414 2686 77 18 Tamaki

132 2713 118 17 Sutherland,
263 2712 80 16 Flawkes
351 2711 40 22 Bay

131 2736 87 21 Ransom,
232 2734 96 19 Auckland

132 2759 96 21 Freeman,
245 2757 97 18 Auckland

131 2782 111 21 Beaumont,
254 2781 74 22 Sydney

131 2806 97 18 Newman,

96 2827 113 19 Permanent
217 2828 89 18 Artillery
316 2826 36 20 (12)

210 2869 52 21 The
273 2868 138 28 Langham.

98 2897 31 19 Mr
138 2898 95 23 Seymour,
245 2897 97 19 Auckland

132 2921 64 21 Blake,
211 2922 96 21 Taurango

134 2944 107 21 Tarawhiti,
252 2943 96 19 Auckland

132 2967 54 21 Ross,
195 2967 89 17 Mamaku

98 2990 63 22 Judge
170 2991 78 19 Wilson,
258 2989 97 18 Auckland

209 3039 113 22 Rotovua
337 3038 84 22 Hotel.

98 3073 64 21 Judge
174 3073 42 20 Gill,
232 3072 97 23 Tawangu

98 3097 31 16 Mr
138 3096 66 20 Green,
223 3095 97 18 Auckland

133 3118 106 22 Kallender,
266 3132 11 7 ~

132 3142 18 17 J.
160 3142 102 22 Campany,
280 3142 74 16 Matata

134 3166 28 16 AW
175 3165 77 21 Wilson,
270 3163 97 18 Auckland

134 3188 28 18 W.
172 3188 55 22 Grey,
238 3186 96 19 Auckland

134 3212 23 16 A.
165 3211 20 17 J.
193 3210 111 21 Whittaker,
315 3210 78 17 Haw-era

135 3235 22 16 G.
166 3234 67 20 Ferris,
248 3233 109 23 Inglewood

134 3256 98 22 Fairburn,
248 3256 97 17 Auckland

135 3281 28 16 W.
174 3280 50 17 Bird,
244 3280 76 16 Galatea

98 3301 62 22 Lieut,
171 3303 40 17 Col.
220 3303 85 19 Iloberts,
315 3303 99 21 Tauranga

98 3326 62 17 Lieut.
171 3326 62 17 Hume
243 3325 35 17 and
293 3325 119 18 detachment
421 3325 19 16 of
453 3323 64 20 Perms

169 3350 45 16 nent
225 3348 88 21 Artillery

235 3417 159 23 EOTORUA.

284 3598 37 16 .•alk
332 3598 47 16 from
386 3597 32 17 the
425 3596 73 18 Grovorn-

284 3621 17 17 at
310 3620 74 20 Baths.)

217 3689 171 22 TeR7WTS
400 3694 5 15 :

127 3725 96 29 35sper
242 3724 87 26 week;
348 3722 155 29 6sfperday.

129 3755 59 22 Two
198 3754 88 23 weeks
297 3760 27 16 or
333 3753 97 28 longer,
449 3752 54 22 30s.

136 3824 27 31 C.
195 3823 133 33 HAWKER
355 3822 142 36 WILSON,

223 3873 184 22 PROPRIETOR.

167 3930 165 24 COTTAGES
345 3929 38 23 TO
397 3929 68 22 LET.

104 3983 85 48 ONE
199 3982 145 19 Four'roomed
353 3988 26 12 on
389 3981 34 19 the
438 3981 92 19 Utuhina

176 4007 71 21 Creek.

106 4037 44 19 One
158 4033 138 22 Two-roomed
305 4033 20 18 in
336 4030 123 22 Ohinenmtu.
468 4034 50 17 town-

107 4063 51 24 ship.

132 4088 40 19 For
181 4084 119 26 particulars
310 4084 66 25 apply,

285 4110 35 19 W.
337 4109 114 23 ROGERS,

327 4134 101 19 Hinemoa
441 4135 64 18 Store.

557 787 238 48 KUSABS
829 790 154 45 BROS

659 853 218 33 MAHAKU

552 893 74 40 SAW
640 893 25 40 &
692 893 152 41 PLANING
866 894 115 40 MILLS.

555 963 266 23 MOUNTHIN
846 964 137 25 Rl7vtU,

710 1006 41 14 THE
765 1006 53 15 ONLY

553 1039 132 21 GENUINE
699 1040 60 19 DRY
775 1040 79 19 LAND
873 1041 110 19 TIVIBER

656 1074 28 17 IN
697 1074 53 17 THE
764 1074 114 19 MARKET.

553 1119 125 44 MESSRS
697 1121 100 17 KUSABS
815 1121 70 17 BROS,
899 1121 37 22 bog
953 1126 20 13 re-

628 1143 100 23 spectfully
734 1145 19 16 to
763 1143 68 19 inform
840 1143 32 19 the
885 1145 65 16 Public:
964 1144 19 18 of

556 1167 74 16 Kuturua
638 1166 34 16 mid
680 1167 74 20 vicinity
763 1167 38 16 Chat
810 1168 41 19 they
864 1168 44 14 have
924 1169 48 14 estab-

554 1187 53 17 lished
616 1194 9 9 a
634 1188 43 20 yard
685 1188 18 15 in
716 1187 125 19 Hiuemoa-st.,
851 1189 33 14 and
899 1194 30 9 can
944 1194 39 10 now

553 1211 61 19 supply
623 1209 29 16 the
659 1209 51 15 finest
717 1209 44 15 class
774 1209 19 16 of
808 1209 82 20 Building-
903 1209 80 16 Material

554 1230 15 16 in
579 1230 28 16 the
616 1230 73 16 Market.
706 1231 16 15 It
730 1230 14 15 i.s
752 1230 102 20 unequalled
863 1230 17 15 in
888 1230 95 21 durability

555 1252 32 15 and
597 1252 101 20 impervious
707 1253 17 14 to
734 1251 28 16 tho
770 1253 67 14 attacks
853 1251 18 16 of
885 1251 49 16 burer
948 1252 35 15 and

553 1273 30 20 dry
597 1277 30 12 rot.
650 1272 51 16 Their
710 1272 81 16 sawmills
801 1278 27 10 are
837 1272 49 16 fitted
897 1273 40 15 with
953 1272 30 16 tho

555 1298 43 11 most
605 1293 68 16 modern
683 1293 98 21 appliances
790 1294 33 14 and
833 1294 28 14 the
870 1294 36 14 firm
920 1294 14 14 is
944 1294 39 15 able

554 1319 16 10 to
585 1315 62 20 supply
663 1320 33 14 any
712 1314 81 21 quantity
809 1315 19 15 of
842 1314 38 21 Dry
899 1314 84 21 Building

553 1336 78 15 Material
641 1340 20 12 on
670 1336 29 15 the
708 1338 74 13 shortest
790 1336 62 15 notice.

553 1378 137 28 Skirtings,
699 1378 178 28 Architraves,
884 1378 82 23 Mould-

586 1409 66 28 ings,
664 1409 50 22 and
724 1408 111 23 Dressed
846 1409 100 23 Timber

617 1439 27 23 of
652 1446 80 23 every
746 1439 166 30 description,

644 1470 109 29 Always
763 1477 33 16 on
807 1470 82 23 Hand.

577 1504 117 22 HENAU
706 1505 106 23 HOUSE
827 1505 128 23 BLOCKS.

573 1551 48 16 Price
629 1551 45 15 Lists
683 1557 21 9 on
713 1551 103 22 application
829 1554 18 13 to

553 1582 223 32 KUSABS
811 1583 170 36 BROS,,

626 1623 116 20 MAMAKU
755 1629 24 12 ok
794 1625 112 17 OHAL'PO.

680 1652 26 18 Or
713 1655 21 15 at
742 1653 32 17 tho
787 1653 67 21 Yards,

575 1680 122 17 HINEMOA
710 1680 101 21 STREET,
833 1680 126 18 ROTORUA.

554 1729 216 46 Rotorua
787 1730 194 57 Bakery

565 1911 101 32 BAKER
678 1912 26 31 &
714 1912 255 32 CONFECTIONER.

604 1984 83 23 Bread
699 1985 132 23 delivered
851 1986 77 30 daily.

606 2044 135 20 GROCEIUE-

748 2073 38 18 ])K
791 2072 99 22 APERY,

553 2123 120 18 GENERAL
679 2124 206 18 STOREKEEPER'S
892 2125 91 18 GOODS.

552 2170 160 41 ROTORUA
736 2171 92 41 BOOT
849 2171 26 41 &
892 2171 89 42 SHOE

703 2226 126 41 DEPOT.

608 2296 44 52 J.
675 2296 248 53 LARKIN.

551 2556 18 18 A
588 2556 65 26 Large
672 2559 62 18 Stock
755 2560 21 18 oil
792 2559 94 24 Gin-man,
905 2558 77 21 French

619 2584 40 18 and
668 2584 92 20 Colonial
770 2585 62 20 Boots
842 2586 76 24 always

714 2612 20 17 in
753 2612 65 19 Stock.

551 2640 67 20 BEST
626 2641 76 20 MATE
708 2643 71 19 RIAL.
817 2644 15 18 B
837 2644 46 18 EST
894 2643 88 20 WORK,

551 2721 160 25 Hand-sewn
722 2723 79 24 Boots
812 2732 15 15 a
843 2724 138 30 Specialty.

640 2776 247 46 NOTICE.

555 2909 192 34 FRANKTON
773 2912 208 33 JUNCTION

717 2953 112 32 HOTEL.

555 3046 200 45 PASSENGERS
771 3048 26 24 by
814 3049 53 19 train
883 3051 20 17 to
918 3049 63 20 Auok.

741 3074 55 19 land.

553 3167 70 19 Trains
644 3170 44 23 stop
708 3170 75 24 twenty
802 3170 87 19 minutes
908 3173 22 16 at
950 3171 33 19 the

597 3193 106 19 TYankton
712 3194 95 19 Junction
819 3196 30 18 for
860 3196 76 19 diimer.

578 3218 42 19 The
642 3220 137 25 undersigned
807 3222 37 17 has
875 3223 108 18 lirst-class

553 3244 63 19 Meals
629 3246 61 24 ready
701 3246 40 19 and
750 3246 71 19 served
831 3253 25 13 on
871 3248 73 20 arrival
963 3249 20 18 of

553 3270 26 19 all
590 3271 68 19 trains.

553 3319 217 47 William
782 3322 198 56 Geateh,

606 3386 320 25 PROPRIETOR.

553 3429 145 24 Hancock's
705 3430 98 23 XXXX
810 3430 62 23 Ales
883 3431 100 29 always

682 3464 33 15 on.
724 3457 125 27 Draught.

554 3504 133 23 BARBER
701 3505 22 23 &
739 3505 237 23 HAIRDRESSER

570 3568 56 52 H.
652 3568 315 55 STEWART

579 3655 54 20 HAS
647 3656 114 19 OPENED
780 3656 48 19 HIS
843 3656 112 24 SALOON,

554 3710 74 20 NEXT
644 3711 75 20 DOOE
733 3711 34 19 TO
781 3711 41 19 MR
840 3711 142 21 SAMSON'S.

592 3814 86 20 Setting
692 3815 81 20 Razors
788 3823 12 11 a
815 3816 121 19 Specialty.

586 3873 160 31 CLEARING
773 3873 62 31 OUT
867 3873 80 31 SALE

755 3910 32 17 OF

611 3946 137 23 WINTER
759 3945 168 26 DRAPERY:

578 4018 148 20 HOWARD'S
750 4019 91 19 COMET
863 4019 94 19 HOUSE

552 4052 43 18 Will
604 4052 87 17 continue
697 4053 29 17 for
732 4054 9 16 3
748 4053 91 17 WEEKS
846 4053 73 22 longer.
934 4053 36 17 Fur-

552 4080 41 17 ther
601 4079 106 17 reductions
715 4080 20 16 in
743 4080 57 22 price.
826 4080 16 17 A
851 4080 26 18 lot
893 4080 20 17 of
926 4080 42 17 Rem-

552 4109 55 16 nants
615 4108 37 17 and
661 4108 73 17 Ladies'
747 4108 38 17 und
793 4108 105 18 Children's
903 4109 78 20 Ulsters,

552 4137 54 18 Hats,
618 4137 39 18 &C,
666 4140 72 14 UNDER
751 4141 46 14 COST
809 4141 64 14 PitlCE.

1009 145 33 19 TO
1057 145 59 19 TEE
1130 145 106 20 PUBLIC
1251 145 33 20 OF
1304 145 138 20 ROTORUA.

1010 195 24 44 I
1048 196 55 20 BEG
1114 200 20 16 to
1144 197 65 19 thank
1218 198 36 18 the
1266 197 73 19 Public
1350 197 22 19 of
1380 197 50 19 Roto-

1062 230 41 12 rua
1120 224 32 18 for
1167 223 53 19 their
1226 224 83 18 favours
1322 224 75 24 during
1409 223 33 19 the

1008 251 46 22 past
1063 249 70 19 fifteen
1142 255 65 18 years,
1218 249 41 19 and
1275 252 20 16 to
1312 250 65 23 notify
1398 249 44 19 that

1008 275 31 18 for
1050 275 34 18 the
1095 275 132 19 convenience
1237 275 22 18 of
1268 275 99 19 residents
1376 276 21 18 in
1407 275 34 18 the

1009 301 50 18 New
1070 301 115 24 Township,
1197 301 40 18 and
1247 308 33 18 my
1294 301 56 19 trade
1369 307 60 19 goner-

1008 326 47 25 ally,
1066 326 11 19 I
1088 326 52 19 have
1150 326 54 19 built

1034 360 51 19 New
1096 360 101 19 Premises
1207 366 21 14 DT
1236 360 84 20 Fenton
1327 361 85 24 Street,

1008 390 65 21 which
1084 391 40 18 will
1144 391 24 18 be
1184 392 112 25 completed
1312 395 48 16 n9xt
1377 392 63 22 week,

1007 418 41 17 and
1058 417 40 19 will
1109 417 25 18 bo
1144 423 51 19 open
1204 418 31 18 for
1247 418 92 19 business
1348 424 26 13 on

1021 451 151 19 SATURDAY
1186 451 83 24 NEXT,
1284 452 74 19 SEPT.
1369 453 60 19 28th.

1007 483 12 18 I
1037 483 41 19 -will
1096 484 48 18 then
1164 483 25 19 be
1210 484 99 24 prepared
1326 487 21 16 to
1367 483 74 27 supply

1147 513 71 20 Prime
1238 514 61 19 Meat

1007 545 21 18 in
1039 545 51 18 both
1098 545 52 19 New
1160 546 40 18 and
1211 546 38 19 Old
1259 545 125 26 Townships.

1038 597 43 23 An
1094 597 152 29 Inspection
1260 599 22 22 is
1298 597 107 24 invited.

1217 630 100 18 HENRY
1332 628 80 20 KIRK.

1007 675 176 33 PUBLIC
1216 673 223 35 AUCTION,

1008 780 217 46 Rotorua
1275 778 160 47 Hotel.

1006 874 111 19 FRIDAY
1138 879 41 14 asd
1199 873 157 23 SATURDAY,
1379 874 45 19 SEP-

1032 900 114 19 TEMBER
1163 901 54 18 28th
1232 903 41 16 AND
1289 901 53 17 29th
1358 905 54 14 inst.

1078 950 136 22 WITHOUT
1228 950 133 21 RESERVE.

1019 1004 135 19 OoMMEXCIXG
1169 1009 26 13 AT
1211 1005 20 16 11
1247 1009 43 13 A.M.
1305 1009 52 14 EACH
1376 1009 49 14 DAY.

1006 1055 40 19 The
1057 1054 136 27 undersigned
1204 1056 37 18 lias
1250 1055 91 19 received
1352 1056 85 19 instruct

1030 1082 53 18 tions
1092 1082 52 18 from
1155 1082 33 18 Mr
1198 1081 97 19 Falloona
1305 1084 20 16 to
1338 1082 51 18 olfer
1408 1082 32 19 for

1031 1107 40 19 sale
1083 1108 26 23 by
1118 1107 73 20 Public
1199 1108 86 18 Auction
1294 1114 25 12 on
1329 1108 32 18 tho
1372 1108 67 19 above

1031 1133 63 19 dates.

1006 1163 78 19 HnilE
1095 1163 106 20 ENTIRE
1211 1163 142 20 CONTENTS
1364 1165 21 18 of
1404 1165 36 20 the

1014 1185 21 21 -L
1070 1189 91 20 Rotorua
1171 1190 67 22 Hotel,
1250 1191 149 24 comprising—

1006 1220 76 20 Duong
1104 1221 67 23 Room,
1175 1223 36 16 —2
1233 1222 66 24 Large
1321 1222 80 24 Tables,
1428 1223 11 19 7

1057 1247 32 19 Oil
1102 1247 113 25 Paintings,
1229 1250 7 16 1
1249 1248 65 24 Large
1324 1248 79 24 Mirror,
1415 1251 22 16 2-i

1057 1272 54 20 Cane
1127 1273 77 22 Chairs,
1221 1274 115 23 Breakfast,
1360 1274 79 21 Dinner

1056 1299 42 18 and
1120 1299 41 19 Tea
1184 1300 95 22 Services,
1300 1300 136 24 Silver-ware,

1056 1324 88 26 Cutlery,
1156 1325 63 20 Table
1230 1326 163 24 Appointments,
1404 1328 24 17 Li-

1056 1350 88 23 noleum,
1156 1353 41 22 &c,
1211 1353 31 18 &c.

1005 1375 82 20 Sitting
1097 1377 75 24 Rooms,
1176 1378 101 19 —Round
1283 1378 80 24 Tables,
1374 1379 65 25 Gipsy

1056 1402 80 21 Tables.
1161 1404 55 24 Easy
1239 1404 77 23 Chairs,
1339 1405 100 19 Austrian

1057 1428 77 25 Chairs,
1146 1430 65 23 Sofas,
1223 1430 89 25 Carpets,
1326 1431 39 24 fee.,

1006 1453 215 28 Bedrooms.—Single
1233 1458 40 17 and
1285 1456 81 19 Double
1385 1457 42 19 Bod-

1058 1482 73 22 steads,
1144 1482 70 25 Single
1227 1482 40 19 and
1284 1482 81 19 Double
1380 1483 59 19 AVire

1059 1507 126 23 Mattrasses,
1212 1509 80 24 Kapok,
1320 1509 52 18 Hair
1398 1510 41 18 and

1058 1533 52 19 Flax
1121 1533 124 24 Mattrasses,
1257 1535 72 19 Chests
1338 1535 20 18 of
1370 1535 67 19 Draw,

1058 1566 38 16 ers,
1104 1559 189 27 Looking-glasses,
1303 1561 136 19 Washstands

1058 1586 41 18 and
1109 1586 65 20 Toilet
1184 1587 67 20 Ware,
1261 1587 89 24 Carpets,
1360 1587 79 19 Towels

1059 1611 105 25 Blankets,
1183 1612 156 26 Counterpanes,
1358 1613 79 24 Sheets,

1059 1638 39 24 &c.,
1111 1639 32 19 &e.

1007 1664 228 25 Kitchen.—Splendid
1249 1664 92 25 Cooking
1357 1665 80 24 Range,

1059 1689 110 27 Stewpans,
1188 1691 120 24 Saucepans,
1331 1690 106 26 Crockery,

1061 1715 92 27 Cooking
1161 1717 95 22 Utensils,
1266 1717 79 23 Tables,
1354 1716 85 20 Dresser

1059 1742 58 19 Plate
1126 1743 74 23 Racks,
1212 1743 40 23 &c,
1265 1750 32 11 >xc.

1190 1773 73 24 ALSO,

1059 1808 96 19 Cortland
1165 1808 103 24 Waggon,

1059 1834 127 25 Canterbury
1200 1834 106 24 Roadster,

1059 1860 160 20 Double-seated
1233 1860 74 26 Buggy

1060 1887 81 22 Horses,
1155 1886 97 20 Harness.

1060 1914 39 21 &c,
1207 1907 44 26 &c.,'
1356 1914 32 17 &(.'.

1082 1980 24 41 J,
1136 1980 29 41 H.
1196 1980 147 46 TAYLOR,

1194 2030 217 23 AUCTIONEER.

1009 2145 57 42 IT.
1096 2147 135 40 HOBSON
1267 2147 168 45 NURSERY,

1033 2201 172 27 EEMUEEA,
1221 2200 190 28 AUCKLAND,

1113 2234 61 24 [long
1182 2235 152 23 established.]

1009 2263 27 22 C?
1047 2263 21 19 U
1077 2263 16 18 P
1102 2264 15 17 P
1126 2264 16 18 L
1151 2264 9 19 I
1169 2264 17 19 E
1195 2265 12 18 S
1219 2264 103 19 advanced
1335 2264 58 19 Fruit
1400 2264 39 18 and

1009 2263 59 46 SU
1077 2263 16 19 P
1101 2263 16 20 P
1126 2264 16 18 L
1151 2264 9 19 I
1169 2264 17 19 E
1195 2265 12 18 S
1219 2264 45 19 advi

1067 2290 132 19 Ornamental
1213 2290 50 18 Tree

1035 2320 74 19 Native
1119 2320 72 19 Plants
1201 2321 40 17 and
1251 2320 68 24 Ferns,
1338 2320 101 25 prepared

1007 2346 31 18 for
1049 2346 87 25 sending
1145 2349 20 16 to
1177 2347 26 18 all
1215 2349 55 22 parts
1288 2352 22 13 or
1324 2346 34 19 the
1377 2346 61 18 world

1007 2373 49 18 with
1066 2373 209 24 success—including
1286 2372 33 20 the
1327 2371 111 21 handsome

1007 2399 75 24 species
1092 2399 20 18 of
1122 2398 124 19 Tree-Ferns
1257 2399 20 18 of
1286 2399 55 18 these
1352 2398 85 20 Islands,

1007 2424 39 19 and
1057 2424 27 19 all
1094 2425 57 18 other
1161 2425 59 18 items
1234 2424 93 26 required
1337 2424 26 25 by
1379 2424 50 19 culti-

1007 2453 37 16 vat«
1049 2457 31 12 >rs.

1033 2476 85 19 Current
1137 2476 84 19 circular
1241 2476 114 19 forwarded
1372 2483 25 12 on
1409 2483 20 12 re-

1007 2502 52 25 ceipt
1069 2503 21 18 of
1100 2503 89 18 address.

1038 2554 49 45 C.
1120 2538 285 71 T.^WREN,

1097 2622 253 33 REMUEBJL

1008 2686 51 44 T.
1094 2686 65 44 M.
1198 2686 50 45 H
1248 2685 114 20 AERtsra
1364 2700 5 8 '
1383 2686 16 18 E
1400 2699 5 5 -
1407 2688 18 17 A

1042 2733 143 18 BARRISTER
1198 2734 54 16 AND
1261 2732 141 22 SOLICITOR,

1031 2758 39 14 lis.
1084 2756 97 16 Victoria
1194 2758 88 14 Arcade,
1297 2758 119 14 Auckland.

1007 3145 430 47 HANCOCKS'

1129 3217 184 23 CELEBRATED

1186 3270 87 33 xxxx

1117 3328 210 50 ALES,

1138 3396 59 12 MADE
1205 3396 54 12 FROM
1268 3392 44 16 THE

1007 3431 115 31 FINEST
1149 3431 88 31 MALT
1256 3429 66 33 AND
1339 3427 99 38 HOPS,

1113 3559 138 16 DELETERIOUS
1270 3561 64 14 ACIDS.
1355 3559 8 18 \

1007 3633 138 32 CAPTAIN
1167 3633 83 32 CQQK
1268 3633 171 38 BREWZBY,

1111 3683 194 19 NEWMARKET.

1054 3737 133 40 HORACE
1209 3737 176 42 STEWART,
1414 3721 19 65 \

1005 3794 106 19 SADDLE,
1126 3794 123 19 HARNESS,
1264 3796 32 16 AN
1296 3794 3 20 -
1303 3796 13 16 J)
1334 3796 104 18 COLLAR
1438 3794 2 20 1

1176 3822 98 20 MAKER,

1005 3853 72 18 Wishes
1085 3854 19 17 to
1117 3855 61 21 notify
1192 3855 31 16 the
1237 3855 66 18 Publio
1319 3857 20 16 of
1353 3857 85 17 Rotorua

1005 3876 37 17 and
1052 3876 126 24 surrounding
1187 3877 72 18 district
1264 3879 43 17 that
1311 3879 24 18 ho
1344 3879 37 17 will
1390 3886 24 11 on

1062 3904 91 19 Monday
1161 3910 60 16 next,
1230 3906 120 19 September
1353 3908 29 20 23,

1005 3937 105 12 commence
1118 3932 84 17 business
1214 3933 19 17 in
1248 3934 32 17 the
1293 3934 59 17 above
1366 3935 37 17 line
1417 3935 20 17 in

1005 3954 31 17 the
1045 3955 87 21 premises
1142 3956 102 23 belonging
1254 3958 18 15 to
1284 3957 21 17 B.
1321 3958 17 16 S.
1357 3957 78 22 Corlett,

1005 3977 73 18 Fenton
1086 3977 67 22 Street,
1164 3985 24 10 on
1196 3979 34 17 the
1239 3980 85 21 opposite
1337 3985 66 13 corner
1418 3982 19 16 to

1005 4000 31 17 the
1046 4000 63 18 Grand
1118 4001 65 21 Hotel,
1193 4002 37 16 and
1238 3998 69 22 solicits
1316 4009 11 10 a
1335 4003 37 17 fair
1382 4003 59 20 sharp

1005 4023 19 16 of
1032 4024 111 23 patronage.

1028 4046 70 18 Collars
1108 4047 54 17 made
1174 4048 20 16 to
1208 4053 83 12 measure
1305 4054 24 11 on
1346 4049 32 17 the
1393 4053 36 18 pre-

1005 4068 54 18 mises
1067 4074 11 12 a
1086 4071 103 21 speeiality.

1028 4092 123 22 Lengthened
1160 4094 106 21 experience
1276 4093 18 18 in
1303 4094 25 17 all
1339 4094 73 18 classes*,
1422 4092 19 17 of

1005 4114 93 18 Saddler's
1107 4116 57 17 work.
1190 4116 30 17 All
1230 4116 62 17 orders
1301 4117 96 22 promptly
1407 4116 26 16 -at-

1005 4137 68 17 tended
1084 4139 27 15 to.
1399 4137 4 17 '

1495 145 184 47 Robert
1714 147 157 46 Wake

1486 219 21 22 I>
1512 219 52 19 EOfS
1573 221 19 18 to
1600 220 92 19 intimate
1700 223 21 16 to
1728 221 35 19 the
1773 220 126 20 inhabitants

1486 240 24 24 3
1539 245 21 19 of
1575 245 90 20 Rotorua
1679 247 40 19 and
1736 246 35 20 the
1790 247 109 25 travelling

1464 271 70 25 public
1543 272 104 24 generally
1662 272 45 19 that
1724 273 26 18 he
1768 273 37 18 has
1821 279 12 13 a
1854 275 45 23 trap

1464 297 90 24 running
1564 303 58 18 every
1634 298 55 19 week
1698 298 91 19 between
1801 298 97 22 Rotorua,

1465 323 85 18 Galatea
1560 323 40 18 and
1611 323 27 19 Te
1654 324 80 19 Wliaiti
1752 325 32 18 for
1800 324 34 19 the
1851 331 48 12 con-,

1465 355 87 18 veyance
1562 349 21 18 of
1592 355 126 19 passengers,
1734 350 86 24 parcels,
1839 351 34 18 &c.

1491 375 80 18 Parcels
1580 375 80 19 reived,
1668 376 41 18 and
1721 376 29 18 nil
1767 375 132 20 information

1465 400 61 25 given
1544 405 22 14 at
1583 400 23 19 R.
1629 402 85 19 Wake's
1734 402 65 23 Store,
1821 401 78 20 Fenton

1465 428 71 17 Street.

1561 489 245 20 ANNOUNCEMENT.

1465 540 24 19 T
1505 540 78 20 HAVE
1594 541 113 25 purchased
1719 548 11 12 a
1747 541 37 19 full
1804 540 56 20 stook
1879 542 17 18 of

1475 566 4 26 •
1517 566 69 26 drugs,
1601 567 113 23 chemicals,
1733 567 40 23 &c,
1792 567 40 19 nnd
1847 567 49 19 have

1490 592 67 26 jaged
1567 599 12 13 a
1588 596 113 21 competent
1710 599 48 13 man
1771 595 19 18 to
1802 593 94 25 dispense

1463 618 35 18 the
1512 625 55 12 same
1583 623 20 14 at
1619 618 35 19 the
1673 625 43 13 new
1735 620 52 24 shop
1806 620 90 24 opposite

1463 644 35 18 the
1508 644 70 19 Grand
1589 644 69 19 Hotel.

1647 670 112 19 ROBERT
1774 672 95 19 WAKE.

1611 722 137 20 TENDERS.

1473 773 142 46 FENDERS
1627 781 33 13 are
1670 776 78 19 iavitcd
1762 783 28 17 up
1808 778 21 16 to
1848 775 36 25 Sep-

1530 801 77 19 tember
1630 802 53 23 27th,
1708 802 33 18 for
1767 802 95 24 building
1886 808 10 12 a

1461 826 104 19 chemist's
1574 827 56 25 shop,
1642 828 27 18 &c
1679 826 3 26 ,
1694 828 32 18 for
1732 828 79 19 Robert
1822 827 74 20 Wake.

1489 853 68 22 Plans,
1569 854 38 22 &c,
1620 857 20 15 at
1651 854 30 18 his
1693 854 57 24 shop.
1778 854 81 19 Lowest
1876 860 21 12 or

1462 885 39 18 any
1514 879 70 19 tender
1593 882 35 16 not
1636 880 123 24 necessarily
1768 880 100 25 accepted.

1588 905 19 19 J.
1624 905 32 19 W.
1674 905 141 24 WBIGLEY,

1760 932 110 18 Architect,

1489 981 152 20 FIREWOOD

1702 983 166 19 FIREWOOD!

1463 1060 106 19 Delivered
1588 1061 28 24 by
1635 1060 84 21 Kusabs
1740 1061 57 19 Bros,
1814 1063 21 18 to
1855 1068 40 18 any

1463 1088 45 23 part
1520 1087 21 18 of
1552 1087 34 18 the
1597 1088 99 24 township
1706 1090 20 16 at

1534 1112 84 19 Lowest
1631 1112 98 21 Cctbreut
1743 1113 76 20 Rates.

1489 1138 73 19 Orders
1571 1139 89 18 received
1673 1143 20 14 at
1703 1140 34 18 tl-e
1747 1140 68 24 yards,
1827 1140 56 18 Iliue-

1463 1171 44 13 ~.oa
1517 1166 71 17 Street.

1463 1255 139 27 rpENDERS
1611 1256 38 18 will
1658 1256 23 18 bo
1693 1256 83 19 received
1787 1262 24 18 up
1820 1258 19 17 to
1850 1256 34 24 Sop-

1474 1275 19 24 |_
1501 1279 72 18 tomber
1581 1279 44 17 30th
1639 1280 29 17 for
1684 1280 32 18 tho
1733 1280 88 23 building
1838 1280 58 23 lately

1463 1308 8 11 o
1479 1301 71 24 jcupied
1571 1302 25 23 by
1618 1302 20 18 P.
1660 1303 28 16 AV.
1710 1303 78 20 Martin,
1814 1303 81 19 saddler,

1463 1325 75 18 liround
1548 1328 40 14 rent
1632 1331 34 17 per
1674 1331 77 13 annum.
1778 1326 80 17 Tenders
1877 1328 19 17 to

1463 1348 21 18 bo
1492 1348 99 18 addressed
1599 1350 20 16 to

1671 1372 29 18 W.
1715 1372 110 22 SEDDOST,

1755 1395 51 19 Lake
1813 1396 59 18 View.

1461 1446 37 43 17
1501 1446 136 19 UENISHED
1646 1448 81 22 Cottage
1738 1449 21 17 to
1775 1449 38 18 lot.-
1828 1448 68 23 -Apply

1480 1487 6 2 .
1525 1470 98 18 Seddox's
1632 1470 58 19 Lake
1703 1472 65 17 View.

1004 4227 99 39 Ask
1133 4228 71 38 for
1229 4228 279 43 Hancock's
1533 4228 281 41 Celebrated
1841 4231 187 39 XXXX
2053 4232 112 41 Ales
2192 4235 94 37 and
2312 4232 152 41 Stout.
