3226 4211
1862 127 71 19 SOME
1951 127 88 19 QUEER
2057 127 176 19 MARRIAGES.

1905 189 14 13 A
2065 188 48 12 WHO
2120 188 42 12 HAS
2173 188 67 13 T»KKV

1869 215 55 13 PAItT
1935 214 25 14 IN
1971 214 70 14 THEIR
2051 213 163 15 PEEFOBMANeE.

1866 261 79 23 During
1956 268 11 11 a
1985 261 48 24 long
2052 266 119 16 experience
2192 260 9 18 1
2220 260 50 20 have

1841 289 41 17 met
1892 287 47 19 with
1951 293 53 13 some
2015 287 81 18 curious
2106 285 117 21 candidates
2240 286 32 19 fur

1841 313 126 26 matrimony,
1987 313 39 19 and
2046 313 10 18 1
2074 313 48 18 have
2146 312 73 19 known
2239 313 33 18 the

1840 339 67 19 bauns
1922 341 21 17 to
1962 340 24 18 he
2014 339 107 19 forbidden
2150 339 122 24 repeatedly.

1842 365 31 19 On
1885 369 39 15 two
1935 366 22 18 of
1973 365 56 19 these
2046 365 61 18 latter
2124 365 102 19 occasions
2240 365 33 18 the

1843 391 78 25 ground
1939 392 77 24 alleged
2040 390 35 20 bas
2096 391 49 19 been
2165 391 44 18 that
2240 391 34 18 the

1844 418 123 26 bridegroom
1993 424 40 13 was
2063 418 76 22 insane,
2164 418 44 20 and,
2229 424 45 12 sure

1843 445 86 25 enough,
1939 445 21 18 in
1969 451 38 12 one
2018 451 45 12 case
2068 444 35 19 the
2115 451 44 11 man
2169 443 103 20 murdered

1844 471 29 18 bis
1892 471 77 19 mother
1995 470 20 19 in
2035 477 11 12 a
2063 470 85 19 terrible
2167 477 68 12 access
2254 469 22 18 of

1844 498 91 19 madness
1946 505 25 11 on
1983 496 33 20 tbe
2026 503 47 18 very
2082 496 39 24 day
2136 502 26 12 on
2178 495 62 20 which
2252 495 23 19 be

1844 524 72 20 should
1928 524 48 19 have
1986 524 49 19 been
2045 522 93 20 married.

1872 551 41 18 .Not
1933 557 57 17 many
2011 556 57 18 years
2083 555 39 19 ago
2145 548 7 19 1
2169 547 106 20 remarried

1845 583 45 13 over
1901 578 26 18 20
1941 576 80 24 couples
2042 575 42 19 who
2106 575 35 18 had
2163 574 113 26 previously

1845 604 36 19 had
1891 604 35 19 the
1940 604 49 19 knot
1999 602 40 20 tied
2057 602 32 19 for
2108 601 61 24 them,
2188 607 22 12 as
2230 600 45 22 they

1844 630 109 25 imagined,
1973 630 24 24 by
2017 635 25 13 an
2061 626 109 26 officiating
2187 626 90 19 minister

1847 656 41 19 who
1900 656 118 19 afterwards
2030 661 38 12 was
2081 654 73 25 proved
2180 656 20 16 to
2219 653 23 18 be
2265 659 12 12 a

1845 682 101 24 swindler,
1958 682 38 19 and
2009 688 23 13 do
2044 681 114 24 clergyman
2170 682 21 16 at
2198 678 32 20 all.

1874 710 43 19 One
1929 709 97 24 marriage
2037 708 10 19 I
2058 713 38 13 was
2110 707 63 18 about
2193 709 19 15 to
2233 712 33 19 per-

1847 735 51 20 form
1910 741 40 12 was
1960 734 86 24 actually
2056 733 87 25 stopped
2154 735 20 17 at
2183 732 34 18 the
2226 732 51 18 altar

1873 770 10 11 a
1895 768 75 11 woman
1981 760 73 20 claimi:
2064 767 13 18 g
2094 759 34 19 tbe
2143 759 133 23 bridegroom,

1847 788 42 19 who
1901 795 39 12 was
1948 788 63 19 about
2021 789 20 16 to
2053 793 62 12 marrv
2128 793 10 12 a
2150 785 40 19 rich
2201 785 45 24 girl,
2255 791 22 12 as

1847 814 34 21 her
1884 814 99 20 husband.
2012 813 42 20 The
2058 819 68 19 youug
2131 818 43 14 man
2180 811 95 23 violently

1848 841 100 25 protested
1960 840 29 19 his
2009 839 113 24 iunccence,
2143 837 39 20 and
2202 837 16 18 it
2239 844 37 10 was

1847 866 119 21 afterwards
1999 866 62 19 found
2099 865 46 19 with
2181 863 96 19 tolerable

1846 893 102 26 certainty
1958 892 44 20 that
2019 896 34 16 the
2063 891 65 21 whole
2148 890 58 25 thing
2215 896 40 17 yas
2266 896 11 12 a

1845 920 69 19 device
1926 923 20 15 to
1957 926 40 12 mir
2007 919 35 19 the
2051 918 130 25 proceedings
2198 922 25 13 on
2243 917 34 17 trie

1847 948 46 24 part
1903 946 21 20 of
1931 953 11 11 a
1951 952 44 13 man
2005 945 42 19 who
2054 945 16 19 is
2077 946 88 23 actually
2173 950 11 12 a
2192 942 85 19 member

1847 974 21 18 of
1887 972 34 21 the
1945 973 65 17 House
2029 971 21 20 of
2070 971 108 20 Commons
2201 969 76 24 to-day.

1846 1000 20 19 it
1881 998 116 24 effectually
2014 997 86 26 stopped
2120 999 33 17 the
2171 995 106 25 marriage,

1847 1026 23 25 by
1883 1025 34 20 the
1927 1032 47 16 way,
1983 1025 31 18 for
2023 1025 33 18 the
2068 1023 57 20 bride
2133 1024 81 20 showed
2228 1021 48 20 such

1847 1056 75 21 temper
1938 1051 38 20 and
1993 1053 131 21 resentment,
2144 1049 78 26 despite
2243 1047 34 19 the

1845 1079 72 19 almost
1928 1076 316 26 hear!-breakingprotestations
2256 1074 19 18 ol

1845 1105 34 19 the
1891 1105 91 25 bridegro
1991 1110 30 18 >ir,
2042 1104 44 19 that
2105 1105 6 16 1
2131 1102 69 20 rather
2218 1099 59 21 think

1846 1132 33 18 the
1895 1131 60 19 latt;r
1974 1137 38 12 was
2030 1129 120 19 afterwards
2178 1128 44 19 «lnd
2243 1127 33 19 the

1845 1164 104 18 ceremony
1962 1157 35 18 had
2005 1157 50 18 been
2065 1156 112 19 forbidden.

1937 1195 27 14 AN
1979 1193 120 15 EXPEXSIVE
2110 1193 75 14 UNION.

1873 1223 30 26 By
1922 1231 38 11 one
1989 1222 96 25 marriage
2109 1223 10 18 I
2140 1229 38 12 was
2205 1223 33 17 out
2259 1221 19 19 if

1847 1250 70 26 pocket
1937 1250 23 25 by
1971 1256 12 13 a
1993 1249 56 26 large
2058 1255 44 13 sum
2129 1249 78 19 indeed.
2236 1247 41 20 The

1846 1277 62 18 banns
1916 1280 52 15 must
1976 1276 24 24 by
2012 1276 34 18 law
2055 1275 23 19 be
2086 1275 92 19 declared
2189 1281 24 12 on
2222 1273 55 21 three

1844 1307 92 22 separate
1946 1303 100 21 Sundays,
2058 1302 35 18 but
2105 1303 24 24 by
2146 1308 54 11 some
2220 1307 55 13 error

1844 1329 21 19 of
1876 1329 34 19 the
1920 1329 56 20 clerk
1986 1329 21 18 in
2013 1332 45 19 not,
2070 1328 20 19 in
2101 1334 12 13 a
2124 1327 47 26 lorg
2187 1327 41 23 list,
2248 1333 20 12 in-

1845 1356 83 25 eluding
1943 1355 33 19 the
1995 1361 68 12 names
2083 1355 21 18 of
2120 1360 37 13 one
2176 1353 71 23 couple
2266 1353 10 19 1

1845 1382 85 20 omitted
1941 1384 20 17 to
1972 1381 80 25 publish
2064 1381 34 19 the
2114 1381 64 18 bauns
2199 1387 23 12 on
2243 1380 34 18 the

1845 1409 73 19 second
1931 1411 88 22 Sunday,
2030 1409 20 17 to
2059 1406 37 20 sail
2112 1407 31 19 lor
2155 1406 92 20 America
2258 1409 19 16 at

1845 1442 54 18 once,
1931 1435 52 20 their
2004 1441 76 19 passagi
2089 1440 9 13 s
2117 1434 61 25 being
2197 1432 80 27 already

1845 1462 82 20 beoked,
1957 1461 40 19 The
2027 1460 93 20 dreadful
2141 1460 88 25 thought
2247 1467 20 12 oc-

1845 1489 70 19 curred
1927 1491 20 18 to
1959 1494 29 14 mo
1996 1487 55 20 lifter
2061 1490 33 17 the
2103 1488 71 19 second
2196 1487 80 25 Sunday

1845 1517 45 19 that
1905 1516 10 20 J.
1934 1516 35 19 had
1988 1515 105 19 ointnitted
2115 1514 33 20 the
2168 1514 65 20 bannts
2253 1520 24 13 on

1845 1543 44 20 that
1901 1543 39 27 day
1941 1555 5 12 3
1966 1541 38 20 and
2026 1542 9 19 I
2057 1541 89 25 uctually
2176 1539 49 22 took
2244 1540 33 20 the

1846 1568 81 27 opinion
1938 1569 20 20 of
1965 1571 39 17 tv.v
2014 1568 89 20 eminent
2114 1568 84 26 lawyers
2217 1575 20 12 as
2258 1571 19 16 to

1847 1595 88 23 whether
1947 1596 10 20 I
1966 1595 58 21 could
2044 1595 72 26 legally
2138 1594 87 27 perform
2245 1594 33 20 tbe

1846 1630 111 19 ceremony.
1995 1619 40 22 The
2054 1628 79 14 annwer
2153 1628 37 14 was

1847 1651 44 20 Not
1901 1651 48 24 only
1960 1656 49 14 were
2019 1649 33 19 the
2063 1649 71 25 couple
2145 1648 93 20 detained
2258 1651 21 17 at

1848 1684 31 19 my
1889 1684 91 19 expense,
1993 1683 21 12 so
2028 1676 45 19 that
2087 1676 34 18 the
2136 1676 63 19 banns
2217 1675 62 25 might

1848 1706 22 18 be
1879 1705 48 25 duly
1946 1703 112 26 published,
2080 1703 35 18 but
2135 1703 11 19 I
2167 1703 46 25 paid
2232 1708 47 13 over

1847 1732 54 25 forty
1914 1731 77 25 pounds
2002 1730 21 19 in
2035 1729 85 26 lawyers
2131 1729 42 20 fees
2188 1728 33 20 for
2239 1728 40 19 this

1846 1762 37 15 cue
1894 1757 101 21 omission.

1874 1785 31 19 On
1919 1788 38 15 two
1968 1784 80 24 operate
2059 1782 102 20 occasions
2173 1781 53 20 when
2246 1782 33 18 the

1848 1809 125 28 bridegroom
1986 1810 33 18 has
2031 1812 35 16 not
2077 1810 73 18 turned
2174 1816 26 18 up
2210 1808 11 19 I
2233 1808 47 19 have

1847 1834 3 28 c
1859 1844 14 12 n
1883 1846 11 10 a
1905 1838 124 24 subsequent
2049 1837 38 24 day
2107 1839 36 16 not
2160 1836 48 24 long
2227 1834 53 20 after

1846 1864 87 19 married
1953 1863 34 19 the
2007 1862 143 26 disappointed
2174 1861 66 20 brides
2259 1863 20 16 to

1847 1891 58 19 other
1917 1897 50 15 men,
1978 1889 19 19 in
2008 1896 37 12 one
2054 1895 45 13 ease
2109 1894 22 13 to
2143 1888 34 19 tbe
2186 1886 93 22 intended

1849 1918 43 18 best
1904 1924 43 12 man
1959 1916 19 19 iu
1990 1915 35 19 the
2036 1915 93 25 wedding
2139 1915 47 19 that
2201 1914 33 19 did
2246 1918 34 14 not

1848 1943 37 20 ake
1894 1945 65 23 place,

1908 1983 13 12 A
1931 1980 186 14 NOnTH-COUNTRY
2127 1980 86 12 WOMAN.

1875 2008 7 18 ]
1896 2007 50 19 have
1958 2006 85 19 married
2065 2012 37 12 one
2120 2004 63 26 rough
2204 2002 65 21 North-

1848 2035 168 23 countrywoman
2025 2035 21 16 to
2054 2031 153 20 fourhusbands
2214 2030 66 18 within

1849 2061 24 18 10
1884 2067 62 18 years,
1955 2060 38 18 and
2006 2056 4 29 <
2018 2065 13 12 n
2042 2058 34 19 the
2087 2058 40 19 last
2138 2058 89 19 occasion
2247 2056 35 19 she

1849 2086 74 20 herself
1955 2085 80 25 planted
2066 2084 56 19 down
2141 2092 11 11 a
2171 2084 31 18 fee
2228 2082 21 19 of
2271 2088 11 12 a

1847 2113 141 27 guinea—tliin
1999 2118 39 13 was
2049 2117 9 13 s
2135 2112 80 24 present
2217 2110 63 21 —and

1850 2141 40 18 said
1913 2140 46 18 wi'h
1979 2145 11 13 a
2009 2137 68 25 laugh,
2099 2137 85 24 'There,
2203 2143 79 19 parson,

1850 2166 62 20 that's
1922 2166 33 19 tho
1966 2164 69 21 fourth
2047 2163 72 26 you've
2129 2164 41 19 tied
2186 2166 70 16 meto
2258 2174 24 3 —

1849 2201 40 18 you
1903 2192 59 25 bring
1972 2197 32 14 mo
2020 2190 50 26 good
2080 2191 51 22 luck,
2143 2197 38 17 you
2192 2191 24 17 do
2225 2190 4 29 ;
2250 2190 32 18 the

1851 2221 38 18 last
1899 2220 56 17 three
1966 2224 51 13 were
2030 2217 35 19 bad
2079 2216 65 20 'tins."
2174 2216 10 19 1
2202 2216 80 20 refused

1851 2246 34 19 the
1897 2248 84 22 present.

1878 2272 30 19 On
1917 2277 36 13 one
1963 2270 89 19 occasion
2059 2276 12 12 a
2079 2269 38 25 girl
2123 2269 107 24 presented
2239 2269 33 19 her-

1852 2298 39 19 self
1910 2300 19 16 to
1948 2297 24 19 bo
1991 2295 87 20 married
2098 2295 43 19 who
2159 2295 73 19 looked
2249 2295 34 19 tho

1851 2327 74 16 merest
1943 2323 59 19 child.
2030 2322 56 18 Even
2112 2321 79 25 though
2215 2321 68 22 things

1852 2350 41 19 bad
1903 2356 51 19 gone
1964 2356 21 12 so
1995 2349 38 22 far,
2043 2347 11 19 I
2068 2347 63 19 asked
2150 2347 35 19 her
2202 2350 19 16 to
2240 2349 43 24 step

1852 2377 42 19 into
1906 2376 33 19 the
1948 2376 67 23 vestry
2033 2373 67 19 whilst
2110 2373 11 18 I
2139 2373 63 19 asked
2221 2374 35 18 her
2273 2381 9 11 a

1852 2403 39 19 few
1903 2401 107 26 cpiestions.
2038 2399 11 19 I
2058 2399 78 19 noticed
2153 2399 130 26 particularly

1853 2429 45 19 that
1908 2428 33 20 the
1950 2426 69 27 people
2027 2426 27 24 by
2065 2425 64 19 whom
2140 2426 35 18 she
2193 2432 42 12 was
2253 2432 20 14 ac-

1854 2453 117 28 companied
1986 2459 49 12 wore
2054 2451 56 25 quite
2129 2453 21 17 of
2160 2459 11 11 a
2190 2451 93 21 different

1855 2481 50 20 class
1924 2483 19 16 to
1953 2479 80 22 herself,
2044 2477 40 19 and
2102 2477 45 19 that
2165 2478 34 19 tho
2218 2477 54 21 bride-

1856 2513 68 18 groom
1934 2512 40 12 was
1991 2511 11 12 a
2019 2504 78 24 slangy,
2118 2504 165 25 horsey-looking

1854 2539 69 19 young
1940 2538 46 12 man
2005 2531 21 18 of
2044 2530 38 18 low
2098 2533 53 23 type.
2180 2531 19 18 A
2216 2537 67 12 severe

1854 2557 197 24 cross-examination
2078 2557 40 18 and
2143 2564 12 11 a
2187 2557 96 25 telegram

1855 2586 77 20 elicited
1941 2584 35 19 tho
1986 2583 40 19 fact
2037 2583 45 19 that
2091 2583 35 18 the
2140 2582 39 26 girl
2190 2590 40 12 was
2237 2583 46 24 only

1854 2620 12 12 a
1877 2611 63 19 school
1950 2610 47 19 miss
2007 2610 20 17 of
2039 2611 29 22 14,
2078 2610 40 18 and
2128 2610 45 17 that
2181 2609 49 19 both
2249 2610 34 17 she

1854 2639 38 19 and
1903 2639 33 18 the
1945 2643 68 19 young
2023 2643 47 11 man
2080 2635 40 20 had
2130 2635 58 20 made
2204 2642 12 11 a
2233 2636 50 18 false

1853 2664 126 23 declaration.
2007 2662 44 19 Her
2065 2664 81 23 parents
2166 2667 52 13 wero
2235 2662 48 23 rich,

1854 2691 40 19 and
1901 2690 11 19 I
1922 2689 50 20 shall
1983 2695 61 12 never
2050 2688 66 25 forget
2123 2687 53 20 their
2182 2688 101 25 gratitude

1854 2720 20 16 to
1883 2723 37 12 me.

1879 2743 40 18 But
1929 2748 29 12 we
1965 2741 55 18 often
2030 2740 58 19 make
2108 2740 56 19 these
2181 2739 101 26 inquiries,

1852 2769 40 19 and
1901 2774 54 13 some
1965 2766 114 26 clergymen
2089 2766 41 19 like
2139 2766 114 25 personally
2263 2769 20 16 to

1852 2802 32 12 see
1894 2794 34 19 the
1939 2793 68 25 people
2019 2792 44 19 who
2073 2799 54 13 come
2138 2795 20 16 to
2167 2794 37 23 put
2214 2799 27 18 up
2249 2792 34 19 the

1853 2822 69 19 banns,
1932 2819 78 19 instead
2023 2819 21 18 of
2054 2819 82 24 leaving
2154 2818 39 19 this
2213 2821 19 16 to
2249 2818 34 19 the

1852 2848 60 18 (.dork.
1941 2846 11 18 I
1970 2845 51 19 have
2040 2844 63 20 heard
2122 2845 21 19 of
2169 2851 47 12 man
2244 2844 38 18 and

1852 2879 76 12 women
1938 2872 99 24 swearing
2046 2871 21 19 in
2077 2877 12 13 a
2099 2872 56 18 court
2172 2871 21 18 of
2211 2870 71 25 justice

1851 2899 45 19 that
1905 2898 48 25 they
1960 2897 41 19 had
2011 2904 25 12 no
2046 2904 89 17 memory
2150 2897 101 19 whatever
2261 2903 21 12 as

1851 2929 21 15 to
1882 2924 61 25 being
1953 2923 93 23 married,
2058 2923 38 19 and
2112 2923 11 19 1
2142 2930 37 12 can
2195 2921 87 26 actually

1852 2951 93 19 conceive
1954 2950 16 18 it
1980 2956 21 12 as
2011 2949 63 26 being
2081 2949 99 26 perfectly
2194 2949 88 24 possible

1850 2977 51 19 from
1913 2976 54 20 what
1982 2975 11 19 I
2011 2975 52 20 have
2080 2982 53 12 seen.
2160 2976 20 18 A
2195 2981 47 13 man
2261 2982 22 12 or

1851 3009 77 13 woman
1946 3002 64 18 under
2026 3001 34 19 tho
2079 3001 97 19 influence
2195 3001 21 19 of
2225 3001 45 24 long-

1851 3028 106 20 continuad
1968 3028 104 25 drugging
2082 3034 22 12 or
2114 3027 57 19 doses
2178 3027 21 19 of
2206 3027 76 18 alcohol

1851 3054 71 25 might,
1938 3053 67 21 whilst
2021 3054 93 24 seeming
2133 3053 119 26 stuptd—as
2270 3060 12 11 a

1850 3083 58 22 great
1926 3087 60 18 many
2010 3080 139 25 bridegrooms
2176 3078 106 26 especially

1850 3107 78 24 do—go
1938 3106 89 25 through
2039 3106 34 19 tho
2084 3105 64 20 whole
2155 3105 58 25 thing
2223 3105 41 19 like
2270 3112 11 12 a

1851 3133 73 19 dream.

1878 3217 57 19 Have
1944 3217 59 25 ready
2015 3224 53 12 somi;
2079 3216 56 20 stock
2147 3222 19 14 in
2186 3216 62 20 which
2271 3224 9 12 a

1852 3242 45 20 fowl
1923 3250 22 11 or
1973 3246 79 16 mutton
2073 3243 34 19 has
2133 3242 50 20 been
2211 3243 69 19 boiled.

1852 3269 63 19 Wash
1932 3269 96 26 carefully
2048 3276 10 13 a
2078 3269 102 23 le-icupful
2199 3269 21 18 of
2237 3269 43 23 rice,

1851 3295 37 20 add
1907 3297 15 18 it:
1939 3298 19 17 to
1976 3296 33 20 the
2027 3302 55 19 soup,
2107 3295 38 20 and
2176 3295 38 19 boil
2230 3295 50 20 until

1854 3322 75 20 lender.
1957 3323 74 18 Season
2043 3322 98 24 cniefully
2153 3322 47 18 with
2207 3328 73 18 pepper

1851 3349 37 18 and
1900 3349 43 22 salt,
1954 3349 37 18 and
2002 3349 44 25 just
2056 3348 68 19 before
2143 3347 80 25 serving
2244 3349 37 18 stir

1851 3374 19 20 in
1896 3382 10 12 a
1935 3374 174 26 dessertspoonful
2138 3375 21 18 of
2192 3374 88 24 chopped

1854 3403 84 23 parsley.
1975 3401 47 18 This
2051 3401 16 18 is
2091 3407 12 13 a
2129 3400 71 26 simple
2225 3407 55 17 soup.

1853 3427 105 26 especially
1979 3427 69 19 useful
2071 3428 64 18 where
2159 3428 56 17 there
2235 3426 17 19 i:?
2271 3433 9 13 a

1853 3453 54 26 large
1916 3454 68 24 family
1995 3453 21 20 of
2035 3453 91 19 children
2147 3455 19 16 to
2187 3453 22 18 be
2238 3460 32 18 pro-

1851 3480 57 19 vided
1919 3480 37 19 for.

1960 3520 84 14 COKNKI)
2055 3520 54 14 BEEP
2120 3520 44 13 PIE.

1879 3546 52 20 Take
1954 3553 53 12 some
2027 3546 43 19 cold
2091 3546 73 19 corned
2180 3545 52 22 beef,
2251 3551 19 12 re-

1851 3581 54 10 move
1926 3572 33 19 the
1976 3572 44 18 skin
2041 3572 38 18 and
2093 3572 34 23 far,
2146 3572 37 18 and
2204 3571 50 22 chop
2264 3571 16 17 it

1851 3600 65 24 finely.
1946 3600 57 17 Place
2014 3600 20 17 iii
2044 3605 11 11 a
2076 3598 61 23 basin,
2146 3598 38 18 and
2196 3601 82 15 moisten

1851 3626 47 19 with
1909 3632 11 11 a
1930 3626 52 18 little
1992 3627 49 22 gorod
2051 3630 70 19 gravy,
2129 3631 11 11 a

1852 3652 29 19 fill
1890 3652 21 18 of
1922 3653 77 17 tomato
2010 3657 65 16 sauce,
2096 3650 37 19 and
2153 3657 74 18 pepper
2241 3648 36 19 and

1851 3678 39 18 salt
1914 3680 20 16 t.)
1961 3680 58 16 taste.
2049 3677 59 18 Place
2140 3683 10 11 a
2179 3676 53 23 layer
2259 3674 19 18 of

1852 3706 98 16 tomatoes
1961 3706 21 17 at
1993 3703 34 19 the
2037 3703 77 18 bottom
2125 3702 21 18 of
2155 3709 11 12 a
2178 3701 30 25 pie
2228 3699 49 23 dish,

1853 3730 47 19 then
1920 3734 37 17 put
1982 3729 20 18 in
2024 3733 57 14 meat.
2112 3729 63 17 Cover
2194 3727 33 17 the
2245 3729 33 19 top

1851 3756 47 18 with
1914 3756 41 18 thin
1976 3755 58 21 slices
2052 3756 22 17 of
2096 3754 75 25 pickled
2190 3751 87 26 gherkin.

1850 3783 37 18 and
1896 3783 58 23 lastly
1966 3781 46 19 with
2025 3781 78 19 mashed
2114 3781 67 24 potato
2200 3781 20 15 to
2246 3778 33 17 the

1850 3808 62 23 depth
1923 3809 21 17 of
1955 3815 23 11 an
1994 3807 46 19 inch
2058 3807 80 23 scoring
2156 3805 35 19 the
2210 3805 68 23 potato

1851 3835 64 23 nicely
1931 3840 73 16 across,
2023 3833 40 18 aid
2084 3832 49 18 bake
2150 3832 21 17 in
2192 3836 10 12 a
2220 3829 48 24 quick-

1849 3866 49 12 oven
1917 3860 32 18 for
1978 3859 141 22 hali-au-liour,
2145 3856 51 21 until
2215 3856 64 24 nicely

1851 3886 73 18 brown.
1952 3887 59 17 Serve
2022 3889 21 14 at
2053 3890 55 13 once.

1877 3948 54 19 Cook
1942 3950 41 17 3oz.
1995 3948 21 18 of
2031 3947 40 18 rice
2081 3947 21 17 in
2112 3953 12 11 a
2142 3946 43 24 pint
2195 3948 21 18 of
2230 3947 49 19 milk

1852 3974 50 18 until
1915 3974 77 18 tender.
2020 3973 57 18 Then
2096 3977 87 14 sweeten
2201 3974 48 19 with
2268 3981 12 11 a

1850 3999 126 25 teaspooui'ul
2001 3999 21 18 of
2048 3998 60 18 white
2136 4004 66 19 sugar,
2241 4000 38 18 and

1850 4025 104 18 lluvourto
1964 4027 51 15 taste
2025 4023 47 19 with
2081 4029 79 13 essence
2169 4026 21 18 of
2207 4025 72 19 lemon.

1851 4049 60 21 Servo
1919 4050 48 18 with
1976 4050 41 18 this
2027 4055 58 12 sauce
2095 4049 3 27 :
2102 4050 76 19 —Peat
2188 4053 92 23 onefjegg

1852 4076 49 18 until
1909 4077 47 22 still',
1968 4075 48 19 with
2028 4077 40 16 20/..
2079 4075 22 19 of
2107 4081 68 20 sugar,
2184 4077 48 19 then
2242 4078 37 17 add

1850 4101 145 25 half-a-cupful
2014 4101 21 18 of
2060 4100 78 27 boiling;
2154 4105 67 22 water,
2241 4103 39 19 and

1850 4127 76 21 flavour
1937 4127 48 21 wi'.h
1995 4133 79 13 essence
2084 4127 21 19 of
2113 4129 73 19 loiuon.

2345 129 139 20 INCREASE
2501 130 34 19 OF
2550 129 109 20 CANCER.

2312 182 34 20 Mr
2362 181 25 20 G.
2401 182 34 20 W.
2455 182 87 22 Russell,
2557 181 94 22 M.H.R.,
2666 181 55 19 drew

2288 209 33 18 tlio
2329 209 98 18 attention
2441 209 22 18 of
2478 209 35 18 the
2528 209 135 18 Government
2681 207 40 18 and
2729 207 2 22 ;

2288 235 34 18 the
2345 234 70 18 House
2438 233 63 26 lately
2523 236 21 17 to
2559 235 35 17 the
2608 233 114 24 increasing

2288 259 102 26 mortality
2414 261 51 17 from
2491 261 45 18 that
2559 259 63 19 dread
2644 259 78 18 disease
2729 259 2 26 i

2288 293 75 14 cancer,
2376 286 63 18 which
2458 287 26 17 lie
2494 286 42 18 said
2555 285 42 19 had
2611 291 69 18 grown
2695 291 27 19 up
2730 285 2 30 j

2289 312 51 18 from
2350 313 35 17 177
2395 313 22 17 in
2428 314 81 17 1885-to
2524 314 37 16 408
2573 312 21 18 in
2604 313 56 16 1891.
2689 310 34 20 He

2290 338 87 24 thought
2395 338 56 18 these
2465 338 75 25 figures
2555 337 112 19 warranted
2689 336 34 19 the

2290 364 135 19 (iovorument
2448 365 19 18 in
2489 364 77 25 setting
2583 370 28 18 up
2632 369 12 12 a
2658 362 66 25 Royal
2731 358 1 31 |

2291 389 131 20 Commission
2434 393 21 16 to
2469 390 80 25 inquire
2566 390 42 18 into
2623 389 34 18 the
2676 388 56 27 sub-,

2290 415 46 25 ject,
2360 416 41 19 and
2422 417 21 18 to
2459 418 67 23 report
2547 416 84 19 thereon
2646 416 21 17 at
2689 414 35 19 the

2292 442 79 19 earliest
2379 442 88 24 possible
2482 444 95 17 moment.
2605 440 53 19 That
2668 440 56 19 these

2292 468 74 24 figures
2375 474 33 12 are
2424 468 100 24 alarming
2534 475 25 11 no
2570 473 38 13 one
2618 473 36 12 can
2665 466 57 24 deny,

2293 494 38 18 and
2341 494 44 18 that
2393 494 48 24 they
2459 501 34 12 are
2503 496 75 17 correct
2594 492 40 19 will
2644 492 26 19 bo
2679 499 33 12 con-

2293 520 59 18 ceded
2367 519 75 26 readily
2453 520 27 24 by
2497 520 57 19 those
2564 519 45 19 who
2623 518 52 19 have
2686 525 26 17 ac-

2293 546 118 24 knowledge
2441 546 22 19 of
2489 546 35 19 the
2556 545 86 25 subject.
2684 544 42 19 Our

2293 572 79 18 readers
2395 571 50 20 have
2468 572 48 25 only
2538 574 21 16 to
2577 571 48 19 look
2647 570 78 18 around

2293 598 54 18 them
2366 598 38 18 and
2419 600 20 16 to
2458 601 60 16 count
2528 605 27 17 up
2570 597 45 19 how
2634 602 61 19 many
2705 596 21 18 of

2293 623 52 19 their
2354 623 76 20 friends
2444 631 22 11 or
2475 624 94 18 relatives
2588 623 51 18 have
2653 622 73 25 passed

2294 656 56 17 away
2359 650 61 24 lately
2439 650 52 18 from
2501 650 39 18 this
2550 649 77 19 fearful
2640 648 84 22 disease,

2295 675 69 23 which,
2376 682 47 12 once
2437 676 16 18 it
2470 676 38 18 has
2523 675 86 19 reached
2624 681 12 12 a
2650 674 76 18 certain

2294 703 62 21 stage,
2366 701 17 19 is
2401 708 45 12 sure
2460 705 20 15 to
2495 702 38 18 end
2545 701 35 19 the
2599 701 35 18 life
2652 700 22 18 of
2691 699 35 19 the

2294 722 115 24 uui'ortuato
2427 728 78 24 patient
2518 728 53 18 after
2587 734 12 12 a
2613 726 113 25 protracted

2295 760 69 11 season
2382 754 21 17 of
2421 753 82 20 teriiblo
2517 753 115 24 sufferings.
2661 752 65 18 There

2294 782 53 15 must
2359 779 23 19 be
2400 786 53 12 some
2467 781 79 23 spec'fic
2565 785 59 13 cause
2637 778 33 19 for
2686 778 40 19 this

2288 804 1 24 r
2295 805 99 23 alarming
2411 805 88 19 increase
2519 805 21 19 in
2554 805 35 19 the
2608 804 60 19 death
2682 805 44 17 rate

2295 830 50 19 from
2355 831 40 18 this
2410 831 109 19 loathsome
2539 831 83 21 disease,
2637 830 39 19 and
2691 830 35 18 the

2295 856 80 26 general
2394 857 80 25 opinion
2489 858 16 19 is
2519 858 45 17 that
2578 858 16 17 it
2611 857 16 18 is
2642 856 84 24 directly

2295 882 98 20 traceable
2403 886 20 15 to
2439 883 34 18 the
2488 883 140 25 consumption,
2644 882 21 18 of
2681 882 45 18 beef

2295 908 40 18 and
2352 908 50 19 milk
2418 910 51 17 from
2479 915 107 13 cancerous
2604 908 66 19 cattle.
2700 908 25 18 80

2295 934 47 23 long
2365 941 21 12 as
2411 934 55 20 there
2489 936 16 17 is
2522 941 25 13 no
2571 934 110 25 inspection
2705 934 21 18 of

2295 959 139 27 slaughtering
2448 961 114 25 operations
2581 960 34 19 the
2625 960 70 18 health
2705 960 21 18 of

2295 986 33 18 '.lie
2360 986 67 25 public
2455 987 15 18 is
2502 990 20 15 at
2551 987 33 18 the
2615 992 67 18 mercy
2705 986 21 18 of

2295 1011 154 26 slaughtermen,
2464 1013 43 18 who
2527 1019 22 13 as
2559 1019 12 12 a
2589 1012 43 19 rule
2647 1018 34 12 are
2691 1014 35 16 not

2294 1037 109 26 particular
2425 1045 21 12 as
2469 1042 20 15 to
2511 1039 34 19 the
2562 1038 70 19 health
2648 1038 21 18 of
2691 1037 35 19 the

2295 1065 66 17 beasts
2397 1065 46 24 they
2474 1065 36 18 kill
2545 1064 96 27 provided
2678 1064 48 23 they

2296 1090 39 18 will
2353 1096 46 18 pass
2420 1093 76 16 muster
2510 1091 57 18 when
2590 1089 81 20 dressed
2686 1089 40 19 and

2295 1116 87 23 exposed
2399 1117 31 18 for
2450 1117 47 18 sale.
2524 1117 21 18 It
2563 1117 17 18 is
2595 1123 46 18 easy
2657 1118 20 16 to
2692 1118 34 16 cut

2295 1143 34 18 out
2338 1148 12 12 a
2360 1143 65 18 tumor
2442 1150 21 10 or
2481 1142 56 19 other
2552 1143 75 17 fibrous
2646 1142 79 23 growth

2295 1168 39 18 and
2345 1171 19 15 to
2382 1168 76 25 dispose
2469 1169 20 18 of
2498 1169 34 18 the
2552 1171 40 16 rest
2608 1168 22 18 of
2639 1168 35 18 tho
2683 1174 31 12 cur-

2295 1200 44 12 case
2368 1196 20 16 to
2411 1194 33 18 the
2471 1194 144 25 unsuspecting
2642 1193 81 25 public:

2295 1220 61 18 hence
2367 1219 86 26 perhaps
2468 1221 32 18 the
2517 1220 113 25 increasing
2639 1219 87 20 number

2295 1246 21 18 of
2334 1245 76 20 human
2428 1246 69 19 deaths
2511 1246 53 19 from
2578 1252 75 13 cancer.
2682 1245 43 20 The

2295 1272 110 24 inspection
2420 1273 21 17 of
2448 1272 71 19 dairies
2534 1272 37 19 has
2582 1272 81 22 already
2674 1272 51 18 been

2295 1298 20 18 of
2334 1301 58 21 great
2413 1298 73 19 service
2499 1298 104 19 inasmuch
2618 1304 21 12 as
2658 1298 16 18 it
2688 1297 37 19 has

2295 1323 109 26 compelled
2423 1324 47 19 milk
2486 1324 66 19 sellers
2571 1327 21 16 to
2606 1324 51 21 keep
2673 1323 53 19 their

2295 1350 96 25 premises
2410 1350 54 18 clean
2479 1350 38 19 and
2531 1353 19 16 to
2574 1350 74 19 refrain
2672 1350 53 18 from

2295 1376 87 24 milking
2399 1376 89 19 diseased
2503 1383 56 12 cows.
2587 1376 41 19 But
2642 1375 56 20 there
2708 1376 17 18 is

2295 1409 25 12 no
2339 1402 49 19 such
2407 1402 107 24 safeguard
2528 1402 79 24 against
2627 1402 33 19 the
2675 1401 50 19 milk

2295 1428 20 19 of
2338 1428 49 19 such
2409 1428 83 19 animals
2505 1428 62 25 being
2589 1428 82 19 utilised
2693 1427 32 20 for

2297 1456 66 19 butter
2383 1455 39 20 and
2442 1455 67 20 cheese
2525 1454 86 27 making,
2631 1455 39 19 aud
2692 1455 33 19 the

2297 1480 65 21 health
2387 1482 22 19 of
2427 1482 34 21 the
2475 1484 79 24 general
2575 1482 67 24 public
2665 1480 60 26 being

2295 1507 127 27 jeopardised
2439 1508 86 27 thereby,
2554 1508 21 21 If
2596 1509 32 18 the
2648 1508 77 19 disease

2296 1542 15 13 is
2333 1539 19 16 to
2363 1536 24 19 be
2398 1536 89 24 stamped
2502 1538 36 18 out
2554 1536 16 19 it
2580 1534 16 21 is
2611 1534 113 26 absolutely

2297 1568 104 20 necessary
2409 1563 44 20 that
2461 1568 65 15 means
2531 1562 69 21 should
2609 1562 115 26 beadopted

2296 1590 21 19 to
2326 1593 83 21 prevent
2420 1590 34 19 the
2463 1588 110 28 possibility
2583 1588 21 21 of
2616 1588 63 21 either
2689 1588 35 21 the

2297 1619 51 16 meat
2355 1623 21 13 or
2388 1613 47 24 milk
2446 1617 21 18 of
2477 1622 105 15 cancerous
2593 1616 62 19 cattle
2667 1615 59 26 being

2297 1643 41 20 sold
2363 1643 32 20 for
2415 1642 72 22 human
2502 1643 146 26 Oonsumplion<
2684 1642 42 20 The

2297 1668 46 27 only
2355 1677 42 19 way
2408 1672 20 19 to
2449 1668 103 29 efficiently
2563 1670 64 26 guard
2644 1667 80 27 against

2298 1696 33 20 the
2355 1697 75 26 danger
2449 1696 50 20 from
2514 1697 33 20 the
2571 1696 48 20 milk
2639 1697 21 18 of
2677 1697 47 18 such

2297 1722 60 21 cattle
2378 1724 59 25 being
2451 1725 44 17 sent
2518 1722 42 21 into
2582 1724 33 19 the
2641 1722 83 25 market,

2297 1750 65 19 cither
2373 1750 21 19 in
2404 1750 27 19 its
2443 1757 38 12 raw
2491 1752 52 17 slate
2554 1757 21 12 or
2591 1757 20 12 ns
2622 1750 69 20 cheese
2702 1756 23 13 or

2298 1777 75 23 butter,
2394 1776 64 19 would
2475 1776 21 19 he
2518 1779 20 16 t>
2561 1776 59 19 insist
2639 1783 54 17 upou
2709 1777 17 18 it

2298 1804 58 24 being
2367 1803 98 20 sterilised
2482 1803 66 19 before
2560 1804 58 24 being
2638 1803 54 24 used,
2703 1810 23 12 so

2298 1830 44 19 that
2361 1830 34 19 the
2409 1829 77 20 disease
2495 1837 63 17 geitns
2573 1830 16 19 it
2600 1830 63 24 might
2679 1837 35 13 con-

2298 1856 41 19 tain
2351 1856 65 19 would
2427 1856 23 19 be
2466 1856 93 19 rendered
2578 1856 98 20 inocuous
2686 1857 38 19 and

2298 1882 34 20 the
2344 1882 46 19 milk
2404 1882 103 25 powerless
2523 1885 19 16 to
2554 1883 70 24 spread
2642 1884 83 18 disease.

2298 1909 52 19 That
2371 1908 46 19 milk
2428 1909 17 18 is
2465 1915 35 12 one
2510 1909 21 18 of
2545 1909 33 19 the
2598 1912 51 17 most
2663 1910 62 24 easily

2298 1936 77 18 tainted
2388 1936 93 25 products
2493 1935 60 19 which
2564 1938 58 16 enter
2638 1936 44 19 into
2693 1936 33 19 the

2299 1961 46 20 food
2369 1961 73 27 supply
2462 1962 19 18 of
2496 1962 33 18 the
2550 1961 72 19 human
2646 1969 45 12 race
2710 1963 17 18 is

2300 1988 72 19 known
2383 1991 21 16 to
2415 1988 31 22 all,
2458 1988 37 19 and
2505 1990 33 23 yet
2549 1988 16 18 it
2576 1988 15 18 is
2611 1988 83 19 allowed
2706 1991 20 16 to

2299 2015 23 18 he
2342 2014 74 20 offered
2428 2014 33 19 for
2471 2014 39 20 sr.'e
2526 2014 85 20 without
2630 2021 39 19 any
2686 2016 42 18 real

2300 2041 106 25 safeguard
2417 2041 58 23 being
2485 2040 83 26 adopted
2581 2044 20 15 to
2616 2048 73 12 ensure
2700 2041 28 20 its

2301 2067 68 26 purity
2392 2068 36 18 and
2462 2067 87 19 freedom
2574 2067 52 19 from
2651 2067 76 19 disease

2300 2100 71 17 germs.
2399 2093 66 19 When
2476 2093 89 24 sanitary
2576 2093 47 19 laws
2636 2100 34 12 are
2681 2093 44 19 held

2300 2120 19 19 in
2331 2126 21 12 as
2363 2119 45 26 high,
2418 2122 71 16 esteem
2531 2119 57 17 those
2597 2119 31 17 for
2639 2119 34 19 the
2684 2126 33 12 oro-

2300 2146 73 19 tection
2385 2147 21 18 of
2427 2147 94 24 property
2531 2145 16 19 it
2558 2145 39 19 will
2617 2146 24 18 be
2651 2145 45 19 held
2708 2149 20 16 to

2300 2173 24 19 be
2343 2169 89 23 criminal
2448 2174 19 17 to
2486 2172 50 18 vend
2559 2171 34 20 the
2616 2174 53 18 meat
2689 2173 38 18 and

2301 2199 55 24 dairy
2369 2199 86 24 produce
2466 2198 49 19 from
2527 2198 89 19 diseased
2635 2199 62 19 cattle
2709 2206 20 11 as

2301 2228 20 16 to
2331 2225 51 19 steal
2392 2232 10 12 a
2421 2225 61 19 man's
2498 2232 66 17 purse.
2593 2225 83 22 Indeed,
2686 2225 17 19 it
2713 2225 16 19 is

2301 2258 11 13 a
2332 2259 62 12 worse
2413 2251 58 25 thing
2486 2254 21 16 to
2523 2251 30 24 do,
2564 2258 21 12 as
2596 2251 48 19 such
2665 2259 11 11 a
2691 2252 29 18 dis-

2302 2279 70 24 regard
2392 2278 21 19 of
2430 2278 70 18 human
2513 2277 35 19 life
2564 2284 42 19 may
2623 2285 58 12 cause
2696 2279 34 17 the

2301 2305 58 18 death
2381 2305 21 18 of
2412 2305 73 18 dozens
2500 2304 21 19 of
2540 2304 94 19 innocent
2654 2305 75 24 people,

2302 2331 66 19 whilst
2390 2331 35 19 the
2451 2331 38 18 loss
2504 2330 21 20 of
2549 2337 12 11 a
2580 2331 62 19 man's
2663 2338 66 18 purse,

2301 2357 102 24 annoying
2411 2357 74 23 though
2495 2360 15 16 it
2522 2364 42 18 may
2576 2357 23 19 be
2609 2359 21 17 at
2639 2357 33 20 the
2684 2361 47 15 time

2301 2390 16 12 is
2328 2384 73 18 seldom
2421 2383 93 19 followed
2527 2383 23 26 by
2566 2383 33 19 the
2616 2384 39 19 loss
2666 2384 21 18 of
2698 2385 33 18 the

2301 2409 81 19 owner's
2398 2410 41 18 life.

2328 2471 18 19 A
2357 2470 144 20 JAPANESE
2513 2471 191 19 COMMERCIAL

2432 2496 176 19 TRAVELLER.

2329 2550 115 26 According
2461 2551 20 18 to
2493 2557 23 12 an
2533 2551 101 25 exchange
2645 2558 11 12 a
2673 2551 45 20 Japa-

2301 2584 49 14 nese
2369 2576 123 21 commccial
2510 2577 92 20 traveller
2623 2578 16 19 is
2649 2579 22 19 at
2688 2585 31 18 pre-

2301 2608 46 15 sent
2366 2604 83 25 touring
2464 2602 33 21 the
2509 2603 60 19 West
2584 2605 60 18 Coast
2663 2603 21 20 of
2699 2604 30 19 the

2302 2631 64 18 South
2377 2630 76 21 Island,
2483 2629 109 27 Naturally
2611 2633 33 17 the
2661 2630 68 24 doings

2302 2657 22 18 of
2333 2657 34 19 the
2379 2658 42 18 lirst
2432 2657 124 18 commercial
2573 2656 156 26 representative

2302 2684 21 19 of
2333 2684 33 18 the
2378 2682 123 26 progressive
2511 2682 84 21 Eastern
2609 2684 65 18 nation
2682 2682 46 19 have

2301 2710 77 19 excited
2388 2709 56 19 much
2457 2709 84 18 interest
2554 2709 97 20 wherever
2661 2709 23 18 he
2694 2708 33 19 has

2301 2736 57 19 been.
2386 2736 41 19 The
2447 2735 114 25 gentleman
2571 2743 20 11 in
2608 2735 88 25 question
2712 2735 14 17 is

2301 2762 69 26 highly
2380 2762 104 22 educated,
2503 2762 37 18 and
2557 2762 70 24 speaks
2645 2760 81 26 English

2302 2789 46 19 with
2360 2788 124 19 remarkable
2496 2788 82 26 fluency.
2608 2790 25 17 At
2640 2795 11 11 a
2661 2790 63 16 recent

2301 2819 88 21 meeting
2409 2814 21 19 of
2450 2816 34 17 the
2508 2815 93 22 debating
2620 2813 71 24 society
2705 2813 19 18 in

2301 2841 108 27 Westport
2420 2846 19 13 to
2448 2840 77 20 discuss
2536 2841 32 19 the
2579 2840 81 19 Chinese
2670 2846 44 18 ques-

2301 2868 48 23 tion,
2361 2868 34 19 the
2414 2867 100 22 Japanese
2526 2868 68 18 visitor
2604 2866 64 22 spoke,
2688 2865 28 19 dis-

2301 2895 82 25 playing
2403 2894 79 19 marked
2508 2892 101 21 oratorical
2634 2891 90 20 abilities.

2303 2922 30 17 lie
2344 2928 39 11 was
2403 2927 48 18 very
2461 2920 98 25 emphatic
2570 2920 17 18 in
2606 2918 29 19 his
2645 2918 68 18 ({enun-

2300 2947 73 20 ciation
2394 2948 20 17 of
2425 2946 33 19 the
2479 2946 85 24 flooding
2579 2945 20 18 of
2609 2946 47 17 New
2677 2943 39 21 Zea

2301 2974 44 19 land
2366 2974 38 18 and
2421 2973 104 19 Australia
2545 2971 44 19 with
2609 2971 113 23 Chinamen,

2300 3000 37 18 and
2345 3000 108 23 expressed
2460 3000 34 18 the
2504 2998 77 25 opinion
2590 2997 44 18 that
2642 3003 11 12 a
2663 2996 60 25 heavy

2301 3026 84 24 poll-tax
2396 3026 71 19 should
2479 3026 22 18 he
2512 3023 96 20 enforced.

2326 3073 38 20 Old
2382 3078 126 21 newspapers
2523 3076 31 13 are
2568 3069 43 19 said
2627 3071 19 17 to
2665 3069 25 19 bo
2704 3071 21 17 of

2299 3099 59 19 value
2368 3099 21 19 in
2399 3099 104 25 wrapping;
2516 3102 26 19 up
2551 3095 70 19 winter
2635 3095 90 26 clothing

2298 3125 21 19 in
2337 3125 34 19 the
2381 3131 92 16 summer,
2493 3123 82 19 because
2584 3121 34 19 the
2631 3122 92 24 printers'

2299 3151 35 19 ink
2353 3151 17 19 is
2388 3158 22 12 as
2425 3151 81 19 noxious
2521 3150 18 16 to
2553 3146 34 19 the
2605 3147 66 19 moths
2685 3148 40 19 and

2300 3177 52 19 their
2361 3177 61 20 larvro
2432 3183 21 12 as
2460 3174 92 24 camphor
2561 3172 40 20 and
2609 3172 88 20 coal-tar.

2326 3203 42 19 The
2377 3203 78 24 longest
2468 3199 161 25 telephone-wire
2645 3205 50 19 span
2705 3200 20 18 in

2300 3230 34 19 the
2353 3229 61 20 world
2429 3228 33 19 has
2481 3225 43 25 just
2537 3224 52 19 been
2608 3225 116 25 completed.

2300 3255 19 19 It
2338 3256 18 18 is
2364 3252 98 23 stretched
2479 3257 66 12 across
2559 3250 56 20 Lake
2624 3251 64 19 Yalen
2704 3251 21 19 in

2300 3280 134 22 Switzerland,
2453 3277 118 24 connecting
2584 3277 34 19 the
2638 3279 52 16 town
2705 3278 20 17 of

2300 3308 94 21 Quinten,
2401 3311 46 12 near
2454 3302 138 24 Leistkmann,
2601 3303 48 19 with
2657 3302 67 26 Murg.

2300 3333 42 20 The
2364 3330 47 21 total
2443 3328 71 26 length
2541 3335 100 13 measures
2664 3329 61 19 about

2300 3360 71 21 80,000
2380 3358 45 17 i'cet.

2325 3385 27 18 At
2370 3390 11 12 a
2394 3380 88 25 meeting
2500 3381 21 18 of
2535 3387 26 12 an
2584 3381 83 24 English
2690 3380 35 20 life

2300 3414 103 15 assurance
2414 3407 74 21 society
2497 3407 34 19 the
2539 3407 57 19 other
2605 3407 43 23 day,
2660 3406 16 18 it
2685 3413 40 12 was

2299 3435 63 20 stated
2371 3433 44 19 that
2425 3432 48 25 they
2481 3432 41 20 had
2532 3433 47 24 paid
2598 3433 86 23 £52,700
2693 3432 32 19 for

2300 3461 68 19 deaths
2387 3458 72 19 caused
2478 3459 83 24 directly
2575 3459 27 24 by
2620 3457 103 25 influenza,

2299 3486 63 20 which
2380 3484 41 19 had
2431 3487 41 16 cost
2482 3485 55 18 them
2551 3487 38 16 two
2608 3484 38 19 and
2660 3483 65 20 a-hajf

2298 3513 56 18 times
2377 3516 55 13 more
2449 3510 41 19 loss
2509 3511 21 18 in
2549 3513 39 16 two
2606 3516 56 18 years
2676 3509 48 19 than

2298 3537 77 19 cholera
2385 3536 41 19 had
2436 3536 52 19 done
2497 3536 21 19 in
2528 3537 24 18 43
2562 3543 62 18 years.

2323 3562 42 20 Mrs
2375 3561 87 25 McKay,
2474 3563 35 18 the
2519 3562 45 19 wife
2574 3562 20 18 of
2605 3569 10 11 a
2625 3560 99 21 furniture

2298 3589 73 20 maker,
2382 3588 95 19 attended
2487 3595 12 12 a
2509 3588 81 23 skating
2599 3587 86 19 carnival
2704 3587 19 19 in

2298 3614 96 25 Bendigo,
2404 3614 96 23 Victoria,
2512 3621 25 12 on
2547 3614 47 24 July
2612 3612 52 23 24th,
2685 3613 39 18 and

2297 3647 25 12 on
2337 3640 81 24 leaving
2436 3640 33 19 the
2488 3640 40 19 hall
2547 3640 60 19 about
2624 3638 99 23 midnight,

2298 3666 43 18 trod
2351 3673 26 11 on
2386 3673 11 11 a
2407 3666 77 20 lucifer.
2512 3666 39 19 She
2569 3672 39 12 was
2617 3664 78 19 dres-ed
2703 3664 21 19 in

2298 3699 11 11 a
2333 3692 53 24 light
2411 3695 95 19 costume,
2530 3690 135 26 representing
2690 3690 33 18 the

2297 3717 102 19 character
2403 3715 29 25 of'
2437 3718 85 22 'Snow,"
2528 3718 38 18 and
2571 3715 152 25 itimmediately

2298 3745 47 17 took
2354 3744 41 18 lire.
2424 3744 19 18 A
2451 3744 102 19 constable
2560 3743 59 18 throw
2629 3741 31 18 his
2667 3747 45 12 over-

2298 3772 42 16 coat
2368 3776 47 12 over
2441 3770 43 23 her,
2513 3767 149 24 extinguishing
2688 3767 35 18 the

2298 3795 73 19 flames.
2401 3795 40 19 She
2450 3802 40 12 was
2499 3795 60 24 badly
2569 3792 74 20 burned
2661 3792 62 20 about

2298 3821 33 19 the
2342 3828 57 16 arms,
2412 3822 61 22 chest,
2484 3821 39 19 and
2532 3821 48 18 face.

2320 3877 118 19 Hallenstein
2454 3878 60 18 Bros.,
2536 3875 92 19 Clotliiors,
2652 3874 69 18 Tailors

2298 3901 36 17 and
2343 3901 99 21 outfitters,
2454 3902 33 16 22G
2495 3900 36 18 and
2538 3900 37 18 228,
2583 3898 61 19 Queen
2654 3897 67 21 Street,

2299 3924 103 17 Auckland.
2428 3924 38 17 The
2484 3924 47 17 liiost
2543 3920 71 19 reliable
2630 3920 58 17 house
2703 3922 18 16 in

2299 3947 127 23 tho-province
2435 3948 29 16 for
2474 3947 68 21 vaiiety
2555 3943 35 18 and
2606 3943 54 17 value
2668 3948 20 12 in
2696 3944 26 17 nil

2298 3970 132 23 departments.
2456 3971 85 16 Patterns
2550 3967 34 17 and
2593 3966 22 17 nil
2632 3966 78 18 informa-

2299 3993 38 18 tion
2354 3993 86 23 supplied
2452 3996 21 14 to
2494 3992 74 20 country
2581 3990 100 16 customers
2698 3996 24 11 on

2299 4016 119 23 application.
2443 4016 32 17 Mr
2490 4016 64 21 Jaggs,
2563 4012 40 17 who
2620 4010 102 24 supervises

2299 4040 30 16 the
2343 4039 97 21 Tailoring
2452 4037 119 24 Department
2582 4035 15 16 is
2611 4040 35 12 one
2654 4035 21 17 of
2691 4037 32 16 the

2299 4063 48 16 most
2367 4062 75 17 reliable
2463 4063 69 16 cutters
2554 4059 17 17 in
2591 4058 30 17 the
2642 4058 79 23 Colony,

2299 4085 138 21 X.Z.Clothing
2444 4085 85 21 Factory,
2534 4080 183 21 Auckland.—ADVT

2324 4113 91 25 Visiting
2424 4113 63 19 Cards
2498 4111 56 28 equal
2562 4112 18 17 to
2594 4111 128 28 copperplate

2299 4139 50 21 done
2357 4141 22 19 at
2388 4139 35 21 the
2432 4140 55 20 office
2497 4140 20 20 of
2528 4138 36 21 this
2574 4141 67 20 paper,

2774 130 199 23 SPECULATION
2987 134 63 21 RUN
3064 138 64 19 MAD

2765 184 42 19 The
2826 183 46 20 mail
2900 186 89 19 received
3013 188 47 21 here
3083 196 85 19 recently

2741 210 88 24 brought
2841 212 119 23 particulars
2980 214 22 19 of
3020 215 35 20 the
3152 228 17 14 in

2741 236 78 19 wheat"'
2841 236 62 20 which
2924 245 39 12 was
2989 242 115 21 mentioned
3123 245 20 20 in
3161 256 9 13 a

2741 263 49 19 New
2801 263 57 19 York
2877 263 112 26 cablegram
3009 274 11 11 a
3040 270 68 19 month
3128 279 26 12 .v
3154 282 10 12 0

2741 289 41 19 The
2796 296 58 12 scene
2873 296 25 12 on
2917 292 34 18 the
2966 292 85 26 Chicago
3066 295 67 22 Board
3140 289 30 33 °cf

2741 315 63 19 Trade
2827 322 17 12 is
2858 315 102 21 described
2977 318 19 19 in
3022 320 148 28 characteristic

2742 341 99 25 language
2851 341 26 25 by
2893 343 34 19 the
2936 347 161 23 correspondent
3105 350 23 19 of
3137 359 33 15 one

2741 368 39 19 oft
2782 374 25 14 ne
2813 369 40 19 San
2867 369 103 20 (Trancisco
2977 371 99 24 journals.

2742 400 12 12 a
2773 394 97 25 swishing
2889 396 63 18 sound
2961 391 23 28 ,"'
2997 398 24 19 he
3050 396 120 32 telegraphs'

2815 421 66 19 wheat
2891 421 47 20 shot
2946 429 26 18 up
2992 427 19 16 to
3029 426 25 19 S2
3069 431 57 17 cents
3145 422 27 30 to'.

2742 447 45 25 day.
2815 447 29 19 As
2854 447 16 19 it
2879 454 45 13 rose
2938 449 38 19 and
2996 453 68 18 soared
3084 461 13 12 a
3116 456 44 22 thou-

2743 474 49 18 sand
2804 473 63 19 hands
2887 475 22 18 of
2924 475 75 24 yelling
3022 478 83 22 brokers
3124 489 47 16 were

2743 502 25 16 sti
2775 499 59 19 ethed
2845 503 22 15 to
2877 500 59 25 bring
2945 502 16 18 it
2971 502 49 21 back
3030 507 20 16 to
3060 507 64 20 earth.
3153 511 18 20 It

2743 532 40 13 was
2797 533 11 11 a
2818 525 48 25 long
2876 528 38 17 and
2926 529 89 25 exciting
3137 536 33 21 but

2742 552 44 24 just
2806 552 68 20 before
2891 553 33 19 the
2943 554 53 20 closo
3006 557 23 19 of
3049 558 34 19 the
3100 563 71 21 session

2743 578 35 20 the
2789 582 63 15 turorc
2862 580 87 24 quieted,
2961 581 33 19 the
3006 583 53 24 price
3079 585 92 24 fluttered

2744 612 12 11 a
2766 605 63 23 while,
2841 606 40 18 and
2892 606 48 19 then
2949 607 89 26 dropped
3047 614 20 15 to
3075 612 39 23 78J
3120 618 53 19 cents

2745 638 22 11 or
2778 633 6 16 1
2792 632 9 17 1
2811 635 56 16 cents
2878 632 63 20 above
2951 630 41 23 the'
3001 637 78 25 closing
3097 644 66 19 quotat-

2744 658 31 19 ion
2785 659 21 18 of
2994 661 42 20 But
3045 663 57 21 while
3112 667 59 22 wheat

2745 691 38 12 was
2794 685 61 25 going
2864 692 27 15 up
2902 687 38 17 and
2960 688 79 25 coming
3057 690 65 26 down,
3142 694 31 21 the

2746 710 15 19 B
2771 711 40 19 iard
2822 712 132 24 experienced
2965 713 34 19 the
3008 720 89 19 greatest
3107 708 40 31 d'av
3157 721 16 20 in

2745 737 26 19 its
2782 737 82 25 history.
2894 738 63 19 There
2968 746 44 16 may
3037 741 47 21 have
3095 744 50 21 been
3155 754 18 13 as

2746 764 57 18 much
2814 764 123 19 excitement
2944 772 24 12 on
2982 767 76 24 previos
3065 772 102 20 occasions

2747 790 54 19 when
2815 790 32 24 big
2983 799 49 13 were
3043 802 45 18 ruu,
3097 797 36 21 but
3144 799 29 20 the

2745 823 31 12 rec
2791 818 24 17 nt
2825 816 85 20 -'boom"
2921 819 99 25 certainly
3030 823 125 21 constituted
3164 834 9 11 a

2745 844 69 17 record
2825 850 21 11 so
2857 843 31 18 far
2900 850 20 12 as
2931 845 34 18 the
2984 850 84 16 amount
3091 851 21 18 of
3124 851 40 20 busi-

2745 876 45 11 ness
2805 870 114 19 transacted
2939 870 16 19 is
2975 875 110 18 concerned
3122 877 51 21 Over

2744 897 134 21 2.50,000,000
2899 896 79 20 bushels
2999 899 22 18 of
3041 901 71 23 wheat,
3129 904 16 19 it
3159 905 14 20 is

2744 922 106 19 estimated
2876 929 50 12 were
3150 932 24 19 Of

2743 955 79 16 course,
2834 948 35 19 the
2879 949 65 19 wheat
2959 950 37 20 had
3015 958 26 13 no
3060 957 101 20 existence
3173 948 2 29 •

2745 974 81 19 br.siiels
2837 981 57 15 were,
2906 982 22 12 so
2970 978 67 24 speak,
3055 982 75 25 merely
3145 984 30 20 the

2746 1007 67 12 names
2824 1001 57 24 given
2894 1005 20 14 to
2924 1002 33 19 the
2967 1009 95 16 counters
3072 1009 102 24 employed

2745 1027 21 24 by
2780 1027 33 18 the
2822 1027 106 24 gamblers.
2956 1029 80 27 During
3046 1032 33 20 the
3095 1035 38 25 day
3145 1036 30 21 Mr

2743 1052 54 19 John
2823 1054 22 19 C.
2870 1054 105 24 .Schwartz,
3001 1057 72 21 known
3097 1067 22 13 as
3144 1063 31 20 the

2827 1079 56 26 King
2967 1084 20 17 to
3003 1084 76 19 borrow
3092 1088 83 21 another

2745 1106 73 24 phrase
2827 1105 50 20 from
2886 1106 33 19 the
2927 1112 159 22 correspondent
3095 1120 28 12 we
3131 1115 44 20 have

2743 1132 44 25 just
2797 1133 81 24 quoted,
2977 1139 36 16 nut
3023 1138 22 17 of
3055 1139 34 19 the
3101 1141 74 21 market

2745 1158 40 20 like
2800 1166 11 11 a
2831 1158 30 18 hit
2879 1158 23 19 of
3022 1163 41 20 The
3088 1166 87 26 farmers,

2767 1185 36 19 the
2812 1185 71 19 chinch
2896 1186 39 25 bug
2949 1188 22 17 of
2990 1189 33 18 the
3044 1192 131 21 professional

2855 1218 75 19 appear
2945 1213 31 19 for
2983 1221 48 14 once
3044 1212 28 24 'to
3083 1218 50 21 have
3142 1224 33 21 got

2744 1238 34 18 the
2789 1237 81 20 earliest
2885 1239 133 20 information
3034 1243 22 18 of
3067 1244 34 19 the
3112 1247 54 19 condi-

2745 1264 41 18 tion
2798 1265 21 18 of
2830 1264 35 18 the
2875 1272 65 17 crops,
2948 1267 40 18 and
3007 1268 77 26 bought
3103 1271 73 27 largely

2744 1290 32 19 for
2787 1290 33 20 the
2833 1290 44 20 rise.
2907 1292 76 20 ''There
2996 1301 50 13 were
3067 1297 37 20 five
3125 1299 38 19 hun-

2743 1317 48 19 dred
2816 1317 21 18 of
2862 1317 60 24 them,
2969 1322 107 25 according
3096 1326 21 17 to
3142 1332 34 13 one

2743 1347 94 20 account,
2869 1345 108 26 swarmiug
2987 1348 63 19 about
3058 1350 34 19 the
3112 1351 63 20 Board

2744 1369 21 19 of
2776 1369 69 24 Trade,
2856 1371 39 18 and
2909 1371 46 26 they
2975 1374 109 21 continued
3105 1379 22 18 to
3140 1378 36 24 buy

2744 1395 71 20 wheat.
2851 1396 41 19 The
2903 1399 140 26 provisional,
3073 1402 43 21 who
3145 1404 31 21 has

2745 1422 98 25 persisted
2855 1422 19 20 iu
2884 1423 99 28 believing
2996 1426 43 21 that
3050 1428 34 21 the
3094 1429 82 23 farmers

2745 1449 64 19 would
2821 1451 35 23 get
2866 1450 87 26 through
2966 1453 34 19 has
3017 1454 48 21 been
3077 1456 35 20 the
3123 1458 53 21 loser,

2745 1475 40 21 The
2809 1476 68 20 victim
2902 1479 21 18 of
2941 1477 48 22 hard
3013 1480 59 23 times
3087 1484 40 20 and
3141 1484 26 21 low-

2745 1501 64 21 wheat
2822 1503 64 25 prices
2907 1503 16 21 is
2933 1505 80 28 getting
3030 1509 64 27 richly
3109 1512 66 25 repaid

2745 1531 31 17 lor
2801 1529 31 21 his
2856 1529 121 23 confidence.
3036 1535 28 20 Th
3068 1543 9 14 e
3106 1538 70 26 pando<

2744 1555 90 26 mpnium
2844 1555 20 21 in
2876 1558 34 18 the
2949 1559 64 22 wheat
3035 1562 35 26 pit,
3112 1564 63 22 whero

2744 1583 35 19 tiie
2790 1587 135 18 transactions
2938 1592 50 15 were
3004 1588 76 23 carried
3096 1599 32 17 or,
3141 1598 35 15 was

2746 1609 90 21 watched
2860 1611 51 20 from
2936 1612 34 21 the
2989 1616 77 27 gailery
3091 1617 26 26 by
3142 1621 34 19 500

2745 1642 82 19 women,
2840 1637 43 21 who
2895 1645 50 15 were
2954 1643 87 30 scarcely
3050 1644 38 21 less
3100 1647 76 19 excited

2743 1664 51 19 tK-m
2820 1663 34 21 the
2875 1667 65 19 active
2965 1669 133 26 participants
3107 1673 21 20 in
3145 1674 31 20 the

2745 1691 44 18 wild
2801 1693 92 24 struggle
2904 1693 31 20 for
2946 1696 64 19 wheat
3020 1698 40 19 and
3070 1699 54 25 gold.
3153 1700 22 20 In

2745 1717 50 19 New
2810 1716 57 22 York
2898 1722 113 26 something
3030 1725 22 18 of
3072 1726 35 20 the
3126 1733 50 14 same

2745 1744 48 18 kind
2803 1751 38 12 was
2848 1746 60 24 going
2918 1753 32 14 on.
2974 1749 65 21 There
3048 1752 129 25 287,000,000

2746 1769 81 20 bushels
2837 1772 22 19 of
2874 1773 64 19 wheat
2950 1781 50 14 wero
3034 1778 77 24 bought
3119 1769 57 30 "'and

2838 1798 20 19 in
2867 1805 11 13 a
2897 1799 38 20 few
2954 1800 172 31 hours—making
3147 1806 29 19 thfl

2745 1823 52 18 total
2935 1829 105 25 employed
3056 1830 21 21 in
3096 1833 34 19 the
3140 1837 35 16 two

2745 1856 56 13 cities
2811 1858 26 11 on
2850 1852 40 19 this
2907 1856 118 19 memorable
3041 1858 38 26 day
3097 1862 77 22 greater

2745 1875 48 19 than
2802 1877 34 19 the
2848 1879 61 20 whole
2916 1886 47 18 crop
2974 1881 22 19 of
3006 1883 33 19 the
3049 1885 75 19 States.

2785 1935 34 20 TE
2833 1937 121 22 AROHA'S
2968 1941 162 23 PROSPECTS.

2773 1987 42 20 Iko
2833 1988 28 20 To
2879 1989 70 22 Aroha
2962 1993 61 20 News
3042 1995 48 21 thus
3113 1999 63 19 writes

2746 2014 63 19 about
2832 2015 34 19 the
2893 2020 81 22 present
2997 2021 40 18 and
3060 2022 71 22 future
3159 2026 18 18 of

2746 2040 45 19 that
2801 2041 101 21 erstwhile
2911 2044 56 24 quiet
2976 2046 52 19 little
3038 2049 101 25 township
3148 2058 29 8 •

2746 2065 26 19 In
2782 2065 35 20 the
2827 2072 45 14 ease
2888 2069 21 18 of
2920 2070 88 26 treating
3018 2073 48 19 with
3081 2075 35 18 tho
3127 2079 40 17 tour-

2746 2096 37 19 ing
2800 2092 81 25 foreign
2897 2093 101 26 capitalist
3065 2098 28 20 To
3111 2100 66 21 Aroha

2747 2117 113 24 syndicates
2869 2124 33 14 are
2912 2121 34 18 not
2956 2126 61 21 eager
3026 2125 21 17 to
3057 2124 52 21 deal.
3137 2127 40 20 Nor

2747 2148 34 13 are
2791 2143 28 18 lo
2829 2143 68 21 Aroha
2916 2145 102 25 goldmine
3035 2155 77 18 owners
3122 2157 21 16 at
3152 2154 24 19 all

2747 2174 87 13 anxious
2844 2173 20 15 to
2874 2177 39 18 pop
2927 2172 29 19 off
2966 2173 53 20 their
3028 2176 69 21 claims
3114 2179 21 19 in
3145 2180 31 20 the

2748 2195 115 24 proverbial
2874 2195 4 31 '
2888 2199 83 23 quarter
2980 2201 23 17 of
3011 2208 26 12 an
3047 2202 66 21 hour.'
3140 2206 37 20 Wo

2751 2220 75 20 behove
2836 2221 19 20 in
2866 2222 61 26 doing
2937 2224 112 25 legitimate
3060 2229 104 22 businoss-

2749 2253 50 13 even
2817 2248 101 25 goldmine
2928 2249 141 25 business—in
3079 2263 12 12 a
3109 2259 68 22 steady

2750 2272 173 28 happy-go-lucky
2928 2277 111 26 sang-froid
3045 2280 50 23 kind
3106 2285 21 18 of
3136 2291 41 18 way

2750 2301 40 18 and
2799 2307 28 14 wo
2838 2308 33 12 are
2885 2303 63 26 going
2958 2307 20 17 to
2987 2314 56 14 como
3052 2312 36 17 out
3103 2314 74 21 trumps

2750 2333 20 12 in
2785 2328 37 29 .tho
2831 2333 44 14 case
2891 2329 22 19 of
2921 2331 28 18 all
2960 2338 36 14 our
3010 2335 54 19 mine
3078 2336 98 22 dotations

2752 2352 56 20 wlnle
2818 2352 32 20 the
2860 2354 86 26 English
2956 2359 101 25 capitalist
3069 2362 18 19 is
3096 2363 81 24 looking

2751 2385 31 13 on.
2822 2378 100 28 Meetings
2941 2384 22 18 of
2980 2387 114 22 syndicates
3112 2390 22 19 in
3153 2392 24 19 Te

2750 2404 67 20 Aroha
2833 2412 34 13 are
2881 2409 21 18 at
2916 2408 17 19 it
2951 2412 21 18 at
2987 2411 51 21 least
3048 2415 31 19 six
3098 2416 49 24 days
3167 2425 10 12 a

2751 2430 119 38 jyeek-and
2884 2435 34 18 not
2935 2442 60 14 seven
3011 2439 49 24 days
3077 2448 23 13 as
3116 2450 49 13 some-

2751 2456 51 25 body
2815 2457 97 22 affirmed.
2949 2463 49 19 This
3017 2465 45 21 field
3080 2469 40 19 and
3138 2470 39 19 this

2751 2486 102 17 mountain
2863 2486 20 18 of
2891 2493 46 14 ours
2944 2493 54 15 must
3007 2491 26 19 be
3040 2493 71 20 looked
3119 2495 51 21 after

2750 2508 37 19 and
2798 2515 36 13 our
2843 2512 113 23 syndicates
2967 2522 33 13 are
3010 2517 61 27 doing

2749 2534 97 27 properly.
2884 2537 22 20 If
2920 2540 33 20 the
2970 2542 60 20 boom
3048 2545 99 22 increases
3157 2549 20 19 in

2749 2562 78 24 tler-srty
2849 2564 39 19 and
2918 2566 96 26 intensity
3040 2571 34 19 the
3097 2575 79 19 various

2748 2589 112 22 syndicates
2869 2593 106 27 operating
2989 2595 21 20 in
3023 2596 41 21 this
3073 2600 55 19 town
3136 2600 39 21 had

2749 2616 64 16 better
2821 2616 135 25 amalgamate
2963 2622 40 18 and
3009 2622 20 19 in
3038 2623 33 19 the
3078 2625 98 23 panning

2747 2642 35 15 out
2787 2646 79 18 process
2876 2645 19 17 to
2904 2643 162 25 follow—divide

2770 2706 35 20 An
2813 2707 73 23 official
2904 2714 106 20 .statement
3026 2716 66 22 shows
3101 2720 45 20 that
3155 2722 18 19 in

2745 2730 84 23 Ontario
2847 2735 34 20 the
2896 2739 95 27 standing
3005 2749 47 13 area
3067 2746 23 18 of
3099 2747 47 21 pine
3158 2748 16 20 is

2745 2758 63 20 about
2832 2749 163 40 19,404,000,00*0
3018 2769 46 24 feet,
3093 2753 40 39 Z
3155 2775 19 18 in

2745 2785 81 19 Uuobee
2850 2788 163 28 15,734,000,000
3042 2796 48 21 feet.
3133 2800 41 19 The

2744 2809 83 22 Ontario
2846 2813 72 21 forests
2929 2817 40 20 will
2984 2819 24 20 be
3027 2822 113 23 exhausted
3154 2827 19 18 in

2744 2842 24 11 -u
2787 2843 58 17 years
2855 2843 21 16 at
2885 2842 34 19 the
2933 2848 80 21 present
3032 2850 43 18 rate
3095 2852 21 18 of
3130 2858 33 13 con-

2744 2867 107 21 sumption,
2863 2867 40 20 and
2912 2869 34 20 the
2957 2870 80 23 Quebec
3049 2874 73 22 forests
3132 2878 20 19 in
3162 2885 11 13 a

2743 2893 51 14 little
2805 2893 45 17 less.

2744 2922 71 45 ufZ
2827 2931 54 36 T°
2891 2954 6 13 1
2900 2931 5 16 ,
2907 2922 2 45 -
2910 2929 24 20 im
2937 2936 10 13 °
2958 2937 21 30 ,P
2980 2933 30 20 ast
3026 2936 55 19 stock
3141 2939 32 20 tho

2743 2951 74 19 Mount
2838 2951 94 24 Gambiei
2952 2957 78 22 district
3050 2961 53 21 have
3123 2963 50 21 been

2742 2980 89 21 ravaged
2841 2980 27 23 by
2878 2987 26 13 an
2914 2984 75 19 annual
2999 2989 101 23 supposed
3110 2993 21 16 to
3149 2992 24 19 bo

2743 3006 12 13 a
2764 3005 58 22 Oger.
2852 3005 40 21 The
2892 3009 91 25 .animal,
2995 3012 65 20 which
3075 3014 37 20 has
3122 3016 51 20 been

2743 3025 68 28 kdled,
2822 3033 105 22 proved.to
2936 3034 26 21 be
2972 3042 13 14 a
2992 3036 58 28 large
3063 3040 110 28 European

2742 3079 73 21 known
2912 3064 34 21 &0t
2956 3064 20 17 t0
2986 3063 34 20 the
3029 3066 72 26 ColoDy
3113 3069 5 18 J
3120 3075 10 13 *
3139 3074 34 15 DOt

2768 3116 19 19 A
2797 3118 66 20 writer
2881 3120 19 19 in
2913 3128 11 13 a
2934 3121 64 23 South
3007 3125 85 22 African
3110 3136 63 18 paper

2742 3141 164 24 describes.some
2916 3149 21 18 of
2946 3149 34 19 the
2990 3151 113 23 characters
3117 3158 20 18 to
3147 3157 25 20 bo

2742 3172 40 14 met
2805 3172 49 19 with
2872 3180 21 11 m
2913 3174 163 29 Johannesburg.
3111 3182 56 20 Here

2743 3245 51 20 little
2804 3248 59 21 while
2872 3257 40 19 ago
2920 3259 40 13 was
2969 3260 13 13 a
2990 3258 171 24 prosperouVrner-

2743 3270 60 22 chant
2819 3281 24 13 m
2850 3276 70 21 Natal.
2947 3280 70 24 There,
3034 3285 86 19 another
3135 3294 25 12 un-

2744 3299 2 40 •
2765 3299 60 40 win,
2846 3309 13 28 \
2884 3310 9 29 !'
2895 3304 99 21 <lomalion
3125 3319 47 13 onco

2743 3328 13 13 a
2765 3327 109 21 well-to-do
2884 3329 91 21 business
2985 3339 48 14 man
3044 3342 26 12 on
3080 3337 34 19 the
3124 3345 49 15 very

2743 3353 70 17 streets
2836 3353 25 19 he
2878 3361 44 14 now
2942 3357 77 21 haunts
3029 3353 4 32 ;
3053 3363 41 19 and
3116 3363 49 22 herd

2742 3381 66 19 again,
2833 3381 85 19 another
2949 3389 113 22 scarecrow,
3094 3391 79 20 castine

2743 3402 85 27 hungry,
2839 3405 82 28 fleeting
2931 3408 81 26 glancea
3021 3412 43 21 into
3074 3415 34 19 the
3118 3407 53 29 bar?

2743 3433 39 13 was
2805 3431 32 19 for
2860 3438 54 14 some
2936 3435 48 19 time
3013 3444 11 12 a
3047 3443 125 23 responsible

2743 3459 95 21 manager
2847 3459 21 17 of
2878 3466 36 12 one
2924 3461 21 18 of
2955 3462 34 19 the
2998 3462 83 29 leading
3099 3467 73 23 banks.

2767 3486 19 19 A
2804 3488 39 20 few
2857 3490 49 25 days
2925 3499 43 19 ago,
2994 3496 21 19 in
3033 3504 12 13 a
3059 3499 115 23 Newcastle

2742 3511 97 44 ;lomenta
2841 3504 4 51 Iys,hool,_ad
2845 3504 1 51 1
2846 3517 160 32 ys,hool,_ada
3008 3529 9 12 S
3019 3525 69 26 sofgi
3090 3504 4 51 i
3095 3504 77 45 r;L

2742 3537 41 20 had
2805 3540 50 20 been
2880 3549 102 23 receiving
3003 3548 120 24 instruction
3151 3555 21 19 in

2743 3563 17 24 Pi
2769 3567 97 24 biology,
2876 3575 39 14 was
2922 3571 62 20 asked
2991 3574 46 25 why
3043 3577 54 25 tight
3105 3579 67 27 lacing

2742 3617 79 40 [cacher
2857 3620 111 29 indicating
2999 3632 12 13 a
3040 3628 132 29 bright-eyed

2749 3653 5 30 ;
2763 3649 57 34 toL
2834 3645 63 20 hosoc
2899 3654 10 12 °
2911 3654 29 29 u^
2940 3652 82 18 tonancn
3029 3653 59 22 beam
3090 3657 25 19 cd
3123 3658 49 20 with

2896 3674 60 24 'why
2970 3678 64 23 ought
3053 3688 30 12 we
3098 3685 34 17 not
3151 3687 20 17 to

2742 3692 40 19 lace
2789 3702 38 12 our
2834 3699 53 23 stays
2898 3701 32 16 too
2940 3701 75 26 tightly
3022 3704 14 19 ?'
3067 3692 4 36 <
3077 3708 41 20 For
3127 3709 10 19 f
3160 3692 11 12 °

2740 3718 21 18 of
2770 3719 84 28 busting
2863 3723 121 25 them,'was
2993 3711 70 40 tLre
3064 3739 18 19 Sl
3082 3741 5 11 ,
3090 3741 34 12 onp
3126 3723 11 32 ;
3161 3717 12 14 r

2741 3751 99 44 th?E
2841 3755 15 20 Si
2857 3762 12 13 °
2869 3763 12 13 n
2882 3782 10 13 *
2911 3765 34 12 ar6
2964 3767 21 12 ™
2986 3768 34 18 poi
3021 3751 1 44 '
3025 3764 33 19 t6d
3077 3772 95 22 amongst

2740 3777 34 19 the
2783 3778 77 23 leaders
2871 3783 21 18 of
2902 3784 33 19 the
2946 3785 71 22 Cuban
3031 3789 140 27 insurrection!

2740 3805 18 16 A
2780 3807 53 19 train
2852 3814 111 22 conveying
2982 3814 116 24 volunteers
3118 3821 53 19 from

2740 3827 114 25 Tavanuah
2865 3836 19 16 to
2895 3835 33 20 the
2938 3837 55 20 front
3003 3847 41 13 was
3054 3843 118 25 dynamited

2740 3856 19 17 at
2768 3856 111 27 ISolondon,
2890 3862 40 19 and
2939 3862 38 21 but
2986 3865 40 20 fow
3038 3871 91 25 escaped.

2765 3887 17 19 A
2801 3891 80 20 notable
2904 3894 108 25 departure
3029 3899 23 19 in
3074 3901 98 25 shipping

2885 3919 64 20 whicl,
2966 3922 36 19 has

2741 3938 126 24 Wlo-landt
2975 3948 35 20 the
3026 3950 55 24 Port,
3093 3955 18 18 is
3126 3955 44 20 that,

2739 3992 58 40 Sn
2808 4000 11 12 a
2820 4022 7 10 t
2822 3996 7 16 t
2829 4020 5 12 I
2836 3994 73 21 Demh(
2909 4003 17 23 ll
2926 4005 27 12 111i
2956 3992 4 40 '
2968 4000 39 21 and
3015 4006 45 17 sent
3067 4005 22 19 in
3096 4006 75 20 chilled

2739 4023 41 12 '-•us
2791 4023 19 14 to
2820 4023 34 17 tile
2864 4024 68 16 vessel.

1110 70 57 21 TBE
1180 72 60 20 HOT
1255 71 92 20 LAKES
1362 70 174 26 CHRONICLE,
1555 71 190 24 WEDNESDAY,
1769 71 167 21 SEPTEMBER
1950 73 33 23 24,
1996 73 56 22 15-95,

2763 4097 24 13 ar
2792 4080 22 32 °M
2815 4103 8 9 s
2821 4076 12 16 d
2842 4082 36 30 ?Z
2989 4083 26 24 >
3017 4089 7 10 r
3040 4085 30 16 the
3078 4089 91 19 propriety

2751 4139 159 30 TOvDNMDAY,
2919 4148 142 23 SEPTEMBER
3069 4138 82 37 24,185J

160 123 548 60 WAIWER

906 122 776 62 SANATORIUM,

876 188 124 34 AND

32 337 88 33 Only
148 338 42 26 30
223 337 99 26 miles
355 336 110 26 North
497 335 37 27 of
561 335 193 30 Auckland,
769 333 104 34 |with
903 334 97 32 daily
1030 335 297 27 communication
1355 334 87 27 with
1470 334 112 27 Coach
1614 340 38 20 or
1672 333 129 27 steame
1803 329 18 19 r

358 377 53 20 See
426 377 168 20 advertised
605 377 84 20 Time
704 376 77 20 table
792 376 31 20 of
831 381 46 15 s.s.
893 376 79 20 Rose
982 376 98 26 Casey
1091 376 59 20 and
1166 376 130 20 Butler's
1306 376 32 20 R.
1352 376 36 20 M.
1407 376 106 20 Coach.

28 414 103 23 MHE
155 414 118 24 ABOVE
289 412 295 24 ESTABLISHMENT
596 412 137 24 STANDS
747 411 232 24 UNRIVALLED
993 420 26 14 as
1037 420 14 14 a
1062 411 91 24 Health
1164 420 26 15 or
1203 412 110 31 pleasure
1327 412 96 26 Resort,
1435 412 48 22 and
1496 411 43 24 has
1552 410 90 32 special
1672 410 152 31 advantages

43 446 23 27 J[
113 447 37 23 for
163 447 79 23 either
265 447 112 23 Tourists
394 454 27 15 or
435 446 118 24 Invalids.

391 552 172 27 Beautiful
583 551 147 33 Scenery
760 551 240 33 Sea-Bathing,
1028 552 156 33 Boating,
1204 551 151 38 Fishing,
1370 551 54 31 &c.

583 584 125 27 Ousine
722 585 70 27 and
807 585 209 28 attendance
1036 585 37 26 of
1094 586 59 26 the
1174 587 84 28 best.

30 628 92 24 Famed
133 629 37 23 for
182 628 31 24 its
226 628 109 24 curative
347 628 93 23 natural
456 626 102 25 medical
573 627 53 23 Hot
638 626 103 33 Springs
753 628 49 22 and
817 627 81 24 Baths.
934 628 37 22 As
984 627 40 23 the
1040 626 102 33 Springs
1155 628 47 22 and
1217 626 74 24 Baths
1303 635 41 15 are
1353 627 41 23 the
1407 631 115 26 property
1534 626 26 23 of
1572 625 41 24 the
1627 624 85 27 Hotel,
1726 624 99 23 visitors

64 670 40 15 are
113 662 110 32 supplied
233 661 57 24 with
300 661 104 28 Towels,
417 661 46 23 and
477 669 43 15 can
530 659 56 25 take
596 668 31 15 an
640 659 126 24 unlimited
781 661 102 23 number
896 660 26 24 of
934 660 74 24 Baths
1021 666 24 17 at
1057 668 46 23 any
1117 661 59 23 time
1190 661 24 23 of
1224 660 40 24 the
1277 660 47 30 day
1339 660 77 26 FREE
1428 659 63 23 from
1505 667 46 22 any
1559 659 89 30 charge
1660 658 132 24 whatever.

216 703 223 39 TARIFF
457 702 119 39 PER
590 701 141 45 BAY,
753 701 52 40 7s
824 704 66 44 8s;
939 702 120 38 PER
1073 703 193 44 WEEK,
1289 701 62 38 £1
1400 701 77 38 15s
1496 702 49 37 to
1572 701 71 38 £2
1662 701 67 37 2s.

429 757 169 32 JCottag'es
611 757 35 25 to
659 755 48 26 let
778 756 59 27 the
856 757 106 30 week,
974 756 130 32 month,
1120 763 38 20 or
1180 755 55 27 the
1254 762 131 20 season.

33 812 48 24 For
98 817 45 23 any
156 809 156 24 information
325 808 110 31 required
450 807 80 31 please
543 805 72 33 apply
630 811 24 19 to
667 805 145 32 Proprietor.

586 847 59 42 A.
673 847 52 38 A.
754 848 203 41 SMITH,

1080 951 223 26 OFFICIAL
1325 951 181 26 TESTIM
1525 951 105 25 ONY.

1025 1010 243 38 uirCHEN'S
1297 1011 152 37 BLOOD
1473 1010 247 38 RESTORER

1120 1066 24 10 .Lio
1152 1059 76 16 Colouial
1236 1059 20 14 In
1264 1059 66 16 lustrial
1338 1059 98 16 Exhibition
1449 1060 39 15 held
1496 1061 17 14 in
1525 1059 109 19 Wellington,
1644 1058 34 17 and
1699 1064 10 9 n
1725 1057 27 16 the
1773 1057 53 15 ofiici;.

963 1082 54 16 rcdort
1026 1081 90 16 submitted
1124 1084 17 11 to
1149 1080 27 15 the
1184 1079 115 15 Uovemmurit
1311 1079 26 16 tbo
1346 1079 87 20 following
1441 1080 85 15 reference
1534 1083 34 11 was
1576 1080 48 14 mude
1633 1081 17 13 to
1657 1078 37 15 it.—

1020 1102 20 14 A.
1052 1101 23 15 H.
1084 1100 86 18 liitchons,
1175 1097 98 20 Auckland,
1280 1099 49 15 sends
1334 1103 10 11 a
1352 1099 54 18 small,
1416 1101 29 13 but,
1454 1099 78 16 valuablo
1539 1099 71 17 exhibit,
1618 1097 92 19 consisting
1724 1097 19 15 of
1757 1101 7 10 n
1773 1101 42 15 vege-

925 1122 42 15 table
975 1122 92 18 compound
1075 1120 42 15 from
1127 1120 41 14 .New
1176 1118 73 15 Zealand
1256 1118 53 18 herbs,
1316 1118 27 16 for
1350 1119 27 15 the
1384 1124 40 10 euro
1431 1119 18 15 of
1463 1118 111 20 Indigestion,
1589 1117 122 18 itneuniatisiii,
1724 1116 102 16 llheunuttic

925 1143 44 15 tjout
980 1141 33 15 aud
1019 1140 98 20 impurities
1124 1139 18 15 of
1147 1139 29 14 the
1183 1138 60 15 Blood.
1265 1137 36 16 The
1304 1138 59 16 maker
1369 1142 34 11 unci
1410 1138 84 15 exhibitor
1508 1137 57 17 claims
1580 1137 27 16 for
1625 1137 32 14 this
1670 1133 80 19 medicine
1762 1135 64 16 several

925 1161 89 20 uuportaut
1020 1159 84 20 qualities,
1111 1158 35 16 and
1153 1158 30 15 has
1189 1157 62 20 gained
1257 1156 28 16 the
1297 1157 37 16 first
1340 1158 50 15 order
1396 1158 18 15 of
1425 1157 49 16 merit
1480 1157 47 16 from
1532 1157 30 17 the
1573 1156 67 21 judges.
1669 1156 35 15 The
1719 1155 107 20 preparation

925 1188 10 9 is
944 1184 29 12 ~(jt,
981 1184 17 11 to
1007 1181 18 14 be
1033 1177 106 18 confounded
1147 1178 39 14 with
1194 1177 80 18 ordinary
1281 1177 54 19 quack
1344 1177 94 19 medicines,
1447 1177 87 16 inasmuch
1541 1181 18 11 as
1566 1177 14 14 it
1595 1177 13 14 is
1623 1177 27 14 the
1658 1175 71 19 product
1744 1175 17 14 of
1775 1179 51 14 many

926 1208 17 12 )0
944 1194 3 26 ,
956 1204 14 11 rs
979 1200 16 14 of
1006 1201 51 16 siinly
1065 1200 33 13 and
1107 1196 118 19 investigation
1232 1196 20 19 hy
1259 1202 22 9 an
1288 1198 74 14 eminent
1369 1197 86 19 physician
1463 1198 17 13 of
1485 1198 29 14 the
1523 1198 52 17 Army
1583 1196 73 14 Medical
1668 1195 47 19 Staff,
1723 1194 41 16 with
1772 1194 54 15 whom

925 1230 27 8 „,„,
958 1219 84 16 exhibitor
1049 1217 59 16 servod
1114 1216 62 19 during
1183 1215 29 16 the
1226 1215 120 16 NewZeulauu
1359 1221 34 10 war
1406 1222 18 9 as
1438 1216 80 16 assistant
1528 1215 91 20 Inspenser
1625 1216 19 15 to
1663 1215 27 15 the
1705 1218 41 11 .sew
1754 1214 72 14 Zealand

961 1243 22 11 es.
1005 1237 28 16 Mr
1039 1237 86 16 Kitchens
1132 1235 77 20 explains
1216 1235 40 16 that
1261 1235 30 15 the
1298 1240 48 10 cures
1352 1236 19 15 of
1377 1235 123 20 Xtheumatism,
1508 1236 32 18 etc,
1547 1235 72 15 effected
1626 1235 22 19 by
1663 1234 26 15 bis
1699 1233 88 19 medicine,
1798 1238 28 9 are

930 1251 16 10 lu
962 1258 69 18 entirely
1039 1258 18 15 to
1064 1256 21 15 its
1094 1255 91 16 wonderful
1194 1255 48 16 effoct
1250 1259 44 15 upon
1303 1255 27 14 the
1338 1255 48 14 blood
1400 1256 21 19 by
1435 1255 21 16 its
1463 1255 92 19 cleansing,
1563 1254 94 20 purifying,
1670 1254 33 14 and
1713 1252 113 21 invigorating

991 1278 18 14 It
1023 1282 14 10 is
1049 1276 49 16 made
1106 1276 43 14 from
1158 1275 42 14 New
1208 1275 74 14 Zealand
1294 1275 47 14 herbs
1348 1275 33 15 and
1388 1275 63 15 roots.''

175 1850 161 28 'DiC.L'.Brand

374 1963 188 64 i^OiSlll
582 1974 9 36 1
738 1963 4 64 :

37 2122 462 34 WHOLESALESiAGENTS

333 2165 49 38 l.
412 2164 51 39 d.
494 2165 6 37 :

468 2042 146 34 'O/j/mm//,
637 2043 141 31 SCOTMM
884 2042 3 34 ;

43 2246 510 46 SPECIAL
612 2246 294 46 SALE

459 2316 52 26 OF

87 2375 191 44 Cutlery,
304 2373 256 36 Hardware,
587 2372 286 45 Brasswares,

179 2427 148 35 House
345 2426 278 45 Furnishing
639 2427 142 35 Goods

321 2477 53 33 (in
386 2478 98 32 great
496 2477 146 34 variety)

41 2516 156 37 Nickle
224 2516 87 35 and
336 2516 95 34 E.P.
460 2517 165 43 Spoons
661 2516 86 35 and
781 2517 128 35 Forks

342 2562 93 38 EoF.
465 2563 154 34 Cruets

181 2614 87 36 Tea
293 2613 114 41 Pots,
434 2614 154 34 Butter
618 2613 156 35 Dishes

45 2666 101 36 Jam
165 2667 165 45 Spoons
585 2666 154 34 Butter
758 2666 154 35 Knives

303 2718 144 45 Sugar
497 2717 147 46 Tongs

224 2776 80 33 etc.
446 2775 77 36 etc.
668 2775 78 33 etc.

104 2948 35 24 \j
167 2965 17 7 «
211 2937 80 34 cSS
307 2937 34 31 \J
369 2963 16 5 -
424 2937 23 32 ..J
478 2937 72 31 J—L

258 2982 92 40 234,
385 2981 146 43 Queen
569 2984 148 39 Street,

324 3718 346 28 THURHNGH

60 3752 81 41 Smith
169 3754 47 39 and
234 3753 112 49 Carriage
367 3753 104 44 Works,
501 3753 80 38 Coach
608 3753 47 37 and
685 3751 110 51 Waggon
831 3753 96 48 Factor]

259 3814 211 21 ESTABLISHED
486 3814 81 19 OVER
584 3814 25 19 10
625 3813 105 20 YEARS.

75 3861 38 16 The
120 3861 114 19 undersigned
244 3866 27 11 are
279 3861 137 16 manufacturers
423 3861 18 16 of
449 3861 14 16 a!
468 3860 2 21 1
481 3861 61 16 classes
550 3861 19 16 of
577 3860 79 17 Vehicles
665 3860 14 16 &
689 3860 119 21 Agricultural
817 3860 32 20 Itn;
856 3860 72 16 lements

77 3882 37 16 Our
122 3882 109 15 well-known
239 3882 96 21 reputation
344 3887 18 10 as
370 3882 84 16 Practical
468 3882 102 16 Jlech'unica
585 3882 33 15 and
633 3881 58 17 W.Pa
701 3882 21 16 27
738 3887 50 15 years
800 3882 99 20 experience
917 3882 11 15 ii

57 3904 30 16 the
91 3903 117 16 Australasian
218 3902 82 20 Colonies,
309 3904 62 19 justify
380 3909 18 9 us
407 3904 17 14 in
441 3903 82 19 claiming;
536 3904 38 15 that
590 3908 24 10 we
630 3908 31 10 can
675 3903 68 16 furnish
759 3908 10 11 a
785 3903 55 16 better
856 3903 43 15 class
917 3909 10 8 u

59 3925 75 16 vehicles,
142 3924 93 15 consistent
244 3924 40 15 with
291 3924 60 15 honest
360 3925 45 14 work
414 3926 18 14 at
440 3929 11 10 a
459 3924 74 20 cheaper
545 3927 34 14 rato
589 3924 40 15 Ihan
639 3930 33 13 any
680 3925 19 14 of
706 3929 33 11 our
746 3925 116 20 competitors.

76 3946 37 16 The
120 3945 61 16 Public
190 3944 34 16 will
237 3941 55 19 find'it
303 3946 17 14 to
333 3945 44 15 their
391 3945 98 20 advantage
506 3947 17 14 to
539 3945 148 17 ENCOUUAUE
705 3944 80 18 .LOCAL
804 3944 124 18 INDUSTkY

54 3967 57 16 where
118 3967 42 20 they
176 3970 32 12 oan
215 3965 44 16 have
263 3965 31 16 the
298 3965 78 21 pleasure
382 3967 18 16 i.f
407 3967 59 20 seeing
481 3967 91 16 first-class
588 3966 77 16 material
677 3967 35 15 an'l
728 3967 126 21 workmanship
870 3969 32 17 put
916 3967 13 14 it

88 3989 42 18 cles?
138 3987 50 17 made
196 3991 17 11 to
222 3986 44 16 their
273 3986 60 16 valued
342 3986 62 18 orders.

63 4009 48 19 K,B.
113 4009 106 16 —Vehicles
228 4007 17 16 of
251 4008 23 15 all
282 4007 113 21 descriptions
406 4009 83 20 repaired,
501 4009 78 20 {Minted,
591 4008 93 17 renovated
692 4009 34 16 and
736 4009 49 16 made
801 4011 18 14 to
833 4009 39 15 look
889 4007 4 22 t
899 4014 30 10 cm.i

62 4037 12 10 •
82 4036 45 11 new.

56 4076 201 30 WILLIAM
275 4075 182 32 PABKES,
478 4077 254 31 Coachbuilder.

404 4113 139 27 JAMES
562 4115 86 25 HAD
656 4115 36 30 A,
713 4113 216 29 Blacksmith

418 4146 47 17 OBT
477 4146 78 20 JiOAD,
569 4146 126 18 TAUKAGA-

1167 1335 222 23 NOTABLE
1424 1335 163 23 CURES.

929 1390 90 21 Mention
1028 1391 18 19 is
1056 1389 58 21 made
1125 1389 21 20 of
1155 1388 35 21 the
1200 1388 107 25 following
1314 1395 22 12 as
1347 1395 10 12 a
1367 1394 8 14 I

945 1424 137 20 Sciatica—Gapt
1105 1423 93 21 Farqubar,
1207 1428 13 10 a.
1230 1428 12 9 s.
1265 1421 99 18 'Clansman'

946 1484 113 18 lttioumatisra
1066 1484 16 15 of
1088 1483 27 16 tha
1120 1482 107 20 Feet—Oapt
1247 1481 56 18 Jamea
1308 1482 45 17 Avon-

926 1506 43 19 dale,
977 1505 91 16 Auckland
1080 1505 18 16 17
1106 1508 48 16 years
1162 1503 85 19 standing.

948 1524 99 16 iiueuiuatio
1054 1524 53 19 liout,
1115 1528 18 10 *o
1139 1523 34 15 bad
1181 1524 37 14 that
1225 1524 29 14 the
1260 1524 66 16 patient
1333 1522 33 16 had

927 1546 36 16 obe
970 1543 50 18 lifted
1028 1544 17 16 in
1053 1544 33 15 and
1094 1545 30 14 out
1132 1543 17 15 of
1157 1542 80 17 bed—Mr
1247 1542 25 16 W,
1289 1543 76 19 Hunter,

927 1565 75 17 Ormoud
1009 1565 73 19 l'overty
1094 1564 42 19 Buy.

950 1585 103 17 Kbeuuiatio
1061 1583 56 18 lever
1119 1583 49 16 —Mr
1187 1583 69 20 Brown,
1273 1581 94 18 Britannia

928 1606 76 22 Height,
1020 1605 72 18 Nelson.

951 1628 102 18 Kneumatio
1070 1627 54 21 Gout,
1140 1627 78 21 Dropsy,
1238 1627 60 21 Ague,
1314 1625 53 17 Liver

929 1651 106 20 Complaint,
1044 1649 35 16 and
1086 1649 83 17 Stomach
1187 1649 69 20 Cough,
1274 1650 46 15 moat
1329 1649 28 16 dis-

931 1677 74 16 tressing
1007 1672 49 16 —Mr
1074 1671 78 20 Waugh,
1169 1670 84 21 Bombay,
1277 1670 89 19 Waikato;

929 1695 51 20 given
990 1700 28 14 up,
1028 1699 22 9 no
1060 1693 43 21 hope
1112 1693 41 15 held
1161 1696 37 17 out,
1209 1693 132 16 recommended
1350 1695 17 13 to

930 1722 22 15 go
962 1719 48 12 home
1019 1715 34 15 and
1065 1716 34 15 die.

954 1736 128 18 Luflanimation
1098 1737 17 15 of
1130 1736 30 16 the
1174 1735 54 17 Liver
1247 1735 35 16 and
1298 1736 70 16 Uastrio

930 1759 50 17 Juice
986 1761 18 14 ot
1012 1758 30 16 the
1053 1758 81 17 Stomach
1138 1758 50 15 —Mr
1205 1757 75 17 lliomaa
1296 1757 71 21 Macky,

933 1781 95 19 Merchant,
1039 1780 100 16 Auokland.

952 1803 61 19 .Lupus
1020 1802 17 14 of
1044 1804 28 13 tlie
1078 1801 45 17 Face
1128 1801 47 15 —Mr
1181 1801 84 19 Dickson,
1275 1800 93 17 Auckland

955 1823 104 17 Rheumatic
1067 1823 48 16 Guut
1119 1823 48 15 —Mr
1185 1823 103 20 Blackman,
1303 1822 65 17 'Even--

933 1848 29 18 ing
972 1846 44 15 Star'
1026 1845 54 19 I'iliee,
1094 1844 101 17 Auckland.

954 1863 122 20 Rheumatism
1086 1867 17 15 of
1120 1868 20 14 'l"j
1159 1866 57 21 years'
1234 1865 136 21 standing—Mr

936 1889 75 17 William
1020 1888 85 21 McEvoy,
1115 1888 38 17 Pitt
1160 1888 81 21 Terrace,
1249 1887 98 16 Auckland.

955 1910 78 19 Sciatica,
1044 1911 34 14 and
1087 1905 143 26 Lumbago—Mr
1239 1909 22 15 N.
1269 1908 99 20 McMillan,

935 1932 66 17 Vulcan
1011 1931 54 21 Lauo,
1074 1929 100 18 Auckland.

957 1953 151 20 Lumbago—Mro
1119 1954 52 19 Mary
1180 1953 59 19 Knox,
1249 1952 73 20 Kokcby
1336 1952 32 16 St..

935 1975 100 17 Auckland.

957 1996 134 17 Scia'.ica—Mrs
1097 1996 19 17 J.
1124 1995 92 21 Renwiok,
1231 1995 59 17 Drake
1306 1995 63 20 Street,

936 2018 99 17 Auckland.

958 2039 119 17 Rheumatism
1086 2040 18 15 of
1113 2041 19 14 20
1141 2040 56 20 years'
1214 2039 84 20 standing
1315 2038 56 16 which

938 2062 76 20 brought
1021 2067 21 10 on
1050 2062 74 15 Asthma
1133 2061 33 15 and
1173 2060 122 22 Dropsy—Mr
1302 2060 70 16 Samuel

937 2083 55 17 Field,
1002 2082 47 16 Lorn
1058 2084 57 14 Suent,
1120 2082 100 18 Auckland,

959 2104 120 16 Rheumatism
1082 2103 49 16 —Mr
1137 2104 25 15 11.
1171 2103 65 21 Lewis,
1247 2104 60 17 Queen
1315 2103 58 16 Street

938 2126 97 16 Auckland.

960 2147 73 15 Sciatica
1042 2147 33 15 and
1084 2147 144 20 Lumbago—Mr
1237 2147 50 16 Ch:i3.
1298 2147 63 21 Iloney-

939 2168 65 21 couibe,
1016 2168 96 18 Auckland,

966 2190 103 17 Klieumatie
1088 2189 96 18 Gout—Mt
1202 2189 60 21 Elliot,
1281 2190 90 21 McGuire,

938 2212 108 20 Contractor,
1056 2211 99 17 Auckland.

960 2234 73 15 Chronic
1054 2232 173 17 Kheumatism—Mr
1246 2233 68 16 Ronald
1334 2233 38 16 Mc-

942 2255 70 20 Donald,
1022 2255 88 16 liolleston
1124 2256 61 18 Street,
1199 2255 80 15 Thames.

960 2276 115 21 Indigestion,
1089 2277 73 15 General
1178 2276 85 20 Debility,
1280 2276 34 16 and
1328 2276 44 16 Con-

940 2311 64 20 Tlieso
1013 2316 57 14 cuvos
1080 2316 34 14 are
1120 2309 28 21 all
1157 2309 87 20 attested
1253 2309 27 24 by
1290 2309 85 19 testimoi

1176 2335 104 18 hundreds
1290 2336 20 17 of
1321 2335 54 18 other

1378 1395 28 12 ew
1414 1388 21 19 of
1442 1388 35 20 the
1487 1388 109 19 multitude
1607 1388 21 19 of
1638 1394 57 13 cures
1705 1387 92 20 effected:
1801 1399 25 2 —

1385 1430 48 14 stant
1441 1428 81 21 Dyseute
1533 1434 17 15 y,
1561 1428 64 17 eamal
1642 1429 32 20 by
1685 1428 83 20 working
1777 1428 19 15 in

1386 1455 26 10 air
1420 1452 34 14 and
1461 1455 34 12 wot
1504 1451 24 15 mi
1534 1456 26 10 jbs
1571 1454 54 13 sitae
1639 1451 10 15 V
1659 1449 109 17 hamea—D.
1786 1449 34 16 Elk

1407 1472 179 17 Rheumatism—Mr
1594 1472 74 17 James
1677 1472 57 19 Pook,
1745 1473 80 14 Aueklau

1407 1494 99 17 Cancerous
1536 1493 53 18 Ulcer
1610 1494 18 17 iu
1660 1493 100 17 Pace—Mr
1778 1493 29 17 W.

1386 1514 79 22 Walaer,
1475 1515 103 18 Auckland.

1407 1536 105 19 Rheumatic
1532 1536 98 18 Gout—Mr
1649 1536 87 16 Kdwards
1748 1536 77 18 Waters'

1386 1558 127 21 Conftetiouer,
1531 1560 95 18 Auckland;
1636 1558 30 18 Mr
1670 1558 102 18 Alexander
1783 1559 32 15 Bar-

1386 1584 38 15 rett,
1435 1580 61 20 Queen
1513 1581 63 19 Street,
1592 1581 92 16 Auckland
1696 1580 3 20 ;
1715 1580 29 17 Mr
1763 1580 21 15 E.
1802 1581 23 16 D.

1386 1602 92 20 Haletead,
1491 1601 105 23 Veterinary
1605 1604 86 19 Burgeon,
1704 1602 100 16 Auckland,

1397 1625 121 16 Hliournutism
1527 1627 19 14 in
1552 1625 30 16 the
1588 1623 59 18 Knees
1652 1624 36 19 and.
1692 1623 49 21 Feet,
1750 1623 77 23 brought

1386 1651 21 10 ou
1418 1647 20 20 by
1449 1646 80 21 working
1538 1648 17 14 iu
1567 1650 53 12 water
1622 1646 50 17 —Mr
1686 1646 86 16 Matthew
1788 1648 38 14 iiox

1389 1668 79 16 Ihuu.'cs.

1409 1688 129 21 Rhgumaliam,
1549 1690 75 20 causing
1635 1690 68 16 iutciuc
1711 1689 49 23 paiuj
1771 1689 55 17 which

1386 1712 94 19 prevented
1489 1713 30 14 th~
1529 1712 67 21 patient
1605 1715 44 13 lrum
1659 1712 51 19 ueing
1718 1711 108 17 overturned

1387 1738 18 9 in
1416 1733 31 15 bed
1470 1733 29 15 All-
1508 1733 59 15 David
1577 1733 62 21 Barry,
1649 1733 82 17 Newton.

1409 1753 75 17 Chronic
1492 1755 153 20 Dysentery—Mr
1654 1757 22 14 A.
1686 1754 83 22 Bettany,
1779 1755 35 15 Pon-

1387 1776 54 19 sonby
1450 1776 57 18 Koiid,
1525 1776 97 17 Auckland.

1410 1797 76 16 Chronic
1501 1797 124 18 Rheumatism
1645 1798 18 15 in
1683 1798 29 15 the
1721 1799 55 19 spine,
1790 1798 36 20 hip,

1388 1818 49 19 knee,
1444 1819 62 20 joints,
1520 1820 35 15 call
1564 1820 18 14 of
1592 1823 29 12 ttic
1636 1819 34 21 log,
1691 1820 33 15 and
1746 1820 80 15 toes—J.'.

1388 1839 80 21 Morgan,
1480 1841 63 15 .Mount
1551 1841 49 15 Eden
1611 1841 55 20 Road,
1676 1841 98 17 Auekland.

1388 1861 107 17 Rheuinatio
1503 1863 54 19 Cout,
1568 1862 58 17 whioh
1635 1862 78 16 confined
1724 1863 28 15 tlie
1759 1863 69 20 patient

1390 1886 17 12 tu
1415 1883 27 15 hit)
1451 1884 32 15 bed
1491 1884 27 16 for
1531 1884 107 16 weeks—Air
1645 1884 21 16 T.
1677 1884 17 16 J.
1712 1884 114 21 Baiubndge,

1389 1903 98 22 Ponsonby,
1498 1906 99 15 Auckland.

1417 1925 75 17 General
1510 1927 81 21 Debility
1603 1927 34 16 and
1658 1926 118 21 Indigestion,
1793 1928 35 15 and

1390 1947 82 21 inability
1481 1951 17 12 to
1507 1949 43 19 keep
1557 1949 87 19 anything
1658 1955 21 9 on
1689 1950 30 15 the
1727 1949 101 17 stomach—

1390 1969 28 14 Air
1426 1969 65 15 (jrc-raid
1501 1969 62 21 Grace,
1574 1970 60 20 Kyber
1640 1970 47 20 Pass,
1696 1971 98 16 Auekland.

1423 1990 75 18 Sciatica
1500 1992 50 15 —.Mr
1565 1992 47 16 John
1628 1992 52 20 Ross,
1696 1992 52 16 Duke
1763 1994 65 15 Street.

1390 2012 102 16 Auckland.

1412 2033 96 22 Discharge
1515 2035 17 15 of
1541 2035 56 16 Blood
1605 2036 45 15 from
1657 2035 29 16 tho
1692 2035 138 21 Bowels—Capt

1390 2055 21 15 T.
1421 2055 94 21 Aidridge.

1412 2077 53 14 Great
1473 2077 79 21 Debility
1561 2079 34 15 and
1601 2078 86 20 Bleeding
1696 2081 18 13 at
1723 2079 30 16 the
1760 2078 70 17 Nose—

1412 2118 98 22 Neuralgia
1518 2122 35 14 and
1562 2121 81 16 Nervous
1651 2121 142 21 Debility—Mrs
1804 2121 25 17 11.

1393 2139 63 22 Waile,
1466 2142 102 17 Auekland.

1413 2162 52 16 After
1473 2163 59 17 eii'eets
1548 2164 19 16 of
1572 2163 105 17 Rheumatic
1696 2164 61 20 Fever,
1776 2165 55 16 which

1392 2183 31 16 left
1434 2187 28 12 toe
1471 2186 69 18 patient
1549 2185 127 21 helpless—Mr
1685 2186 48 16 John
1742 2187 25 15 11.
1778 2186 54 17 Jones

1393 2206 100 16 Auckland-

1414 2226 71 22 Kidney
1495 2229 74 15 Disease
1578 2229 33 15 and
1620 2229 93 20 Lumbago
1726 2229 17 17 of
1753 2230 19 15 120
1781 2235 51 15 years

1399 2249 144 20 standing—Mr
1555 2251 79 16 William
1642 2251 35 15 Tji
1686 2257 24 13 ei,
1722 2251 7 16 1
1737 2254 49 18 c.plar
1800 2251 32 16 i'm

1393 2276 42 10 near
1444 2270 81 19 Howick.

1378 2309 50 23 lials,
1438 2309 66 19 which
1513 2309 35 19 tho
1564 2316 24 11 m;

1379 2342 14 12 s.
1404 2335 21 19 iu
1431 2335 32 19 his
1473 2335 114 19 UOSSCrisioil

1036 2413 31 15 ioUI
1078 2413 22 20 by
1112 2411 134 21 allrespectablo
1258 2410 84 17 3hcraists
1348 2410 34 16 and
1394 2410 126 22 Storekeeper*;,
1531 2410 34 15 and
1577 2410 22 20 by
1612 2410 30 16 the
1649 2411 105 21 proprietor,

1046 2453 27 20 H.
1084 2453 25 19 A.
1120 2453 27 19 11.
1159 2451 145 21 KITCHENS
1323 2453 24 17 50
1369 2451 126 21 SuoamisD
1505 2451 86 24 Stiieet,
1601 2449 123 22 Auckla2»j>.

954 2580 13 17 A
980 2577 76 19 DVICE,
1077 2575 152 17 PERSONALLY
1247 2578 13 12 U
1271 2575 30 17 B?
1313 2575 42 16 LEr

946 2590 33 23 iL
1120 2590 50 23 TJ-.I:,
1184 2595 62 15 FKEE.

962 2637 36 16 BR.
1016 2635 55 16 NEIL
1082 2635 29 16 hao
1129 2635 75 20 pleasure
1219 2634 16 15 in
1251 2634 91 20 informing
1357 2634 24 15 his

946 2658 68 19 patrons
1022 2656 33 16 and
1063 2656 28 15 the
1099 2655 56 20 public
1164 2654 36 16 that
1210 2654 20 15 hu
1238 2654 29 15 bus
1278 2654 66 15 secured
1353 2655 28 15 tue

946 2673 67 19 Services
1020 2675 18 15 of
1048 2680 10 10 a
1164 2678 78 15 manager
1253 2674 26 15 for
1291 2674 24 14 his
1325 2675 56 14 A~ck

946 2696 38 14 !;iinl
1002 2695 80 19 business,
1100 2695 55 15 whose
1172 2693 69 16 rnedicul
1259 2693 72 19 tra'-riig

946 2714 70 21 liospitul
1031 2714 96 19 experience
1137 2713 68 16 enables
1223 2712 33 16 him
1273 2714 18 14 to
1301 2713 37 18 give
1354 2712 27 16 the

946 2736 33 14 best
987 2733 57 16 advice
1052 2735 26 14 for
1086 2733 27 16 the
1124 2733 91 15 treatment
1221 2733 18 14 of
1246 2731 76 17 diseease.
1343 2731 2 19 .

964 2759 65 17 BALM
1047 2759 28 16 OF
1094 2758 148 17 GILEAD.—Tho
1258 2759 72 17 greatest
1341 2758 42 15 Cold

946 2784 47 12 curer
1009 2780 18 14 of
1038 2779 27 15 the
1076 2783 41 14 ago:
1135 2778 29 15 lias
1179 2778 49 14 clued
1245 2778 44 14 eulds
1308 2778 16 14 of
1339 2778 43 15 from

946 2804 47 11 seven
1001 2800 18 14 to
1026 2800 29 15 ten
1065 2804 49 14 years
1124 2797 83 19 standing.
1230 2797 53 19 Price,
1294 2798 17 14 lis
1322 2797 20 16 (id
1353 2801 30 16 por

946 2819 57 16 bottle.

965 2838 62 16 LUNG
1043 2836 151 17 BALSAM—WiII
1207 2841 38 10 cure
1263 2836 119 20 Consumption

946 2858 17 16 in
970 2859 21 15 its
1000 2858 45 18 early
1054 2862 17 10 or
1082 2855 61 17 middle
1153 2859 61 15 stages.
1236 2856 45 15 Miss
1292 2856 89 20 RUSSELL,

947 2877 74 16 Woollen
1040 2877 50 18 Mills,
1109 2875 98 20 Ouchunga,
1226 2876 63 19 speaks:
1349 2880 34 10 was

946 2902 51 15 gsveu
1005 2901 22 15 up
1035 2896 21 20 by
1063 2900 32 11 two
1109 2896 65 15 doctors
1188 2895 56 15 defore
1259 2895 9 14 1
1278 2895 104 15 eorumonced

948 2917 57 19 taking
1019 2921 42 14 your
1075 2917 49 18 Lung
1143 2915 73 17 Balsam,
1235 2914 33 15 and
1291 2916 8 12 J.
1317 2916 65 14 declare

948 2936 71 16 without
1030 2940 31 14 any
1073 2936 120 18 exaggeration
1205 2935 37 14 that
1259 2934 12 14 it
1289 2934 48 15 saved
1355 2939 27 13 my

948 2956 35 16 life.
1004 2957 38 17 Any
1062 2956 69 15 sulfeier
1141 2954 60 15 thould
1343 2954 40 15 with

1014 2975 48 15 Prico
1068 2975 19 15 2s
1094 2975 21 14 OU
1119 2978 31 16 per
1155 2974 59 18 bottle;
1232 2974 31 14 live
1274 2973 27 15 for
1311 2973 32 16 ].os.

972 2995 103 17 CASCABA
1093 2994 33 16 Bl'J
1131 2992 115 17 TEBS—'lhe
1257 2996 39 15 only
1308 2996 34 12 iwil
1353 2997 30 11 cur

948 3015 26 16 for
990 3015 104 19 costiyeness,
1113 3013 110 18 Indigestion,
1238 3012 92 16 Headache
1350 3013 33 14 and

948 3034 102 19 Flatulence,
1060 3033 69 20 making
1143 3038 10 9 a
1170 3032 87 15 miserable
1274 3032 29 14 life
1320 3032 61 19 happy:

949 3055 35 15 well
995 3055 60 14 named
1066 3054 21 18 by
1097 3053 47 15 those
1155 3052 36 15 who
1202 3051 43 14 have
1256 3052 41 14 used
1308 3052 13 15 it

949 3074 108 16 StJFEERKK's
1180 3072 46 15 Price
1234 3071 18 15 2s
1259 3071 20 15 Gd
1287 3076 28 14 per
1324 3072 58 14 bottle-

969 3100 66 16 Ladies
1062 3098 131 16 Complexions
1221 3096 88 16 beautified
1336 3096 47 16 made

949 3120 51 17 cle;m,
1009 3119 69 19 pimples
1088 3119 32 13 and
1133 3117 72 16 blotches
1216 3116 76 14 removed
1304 3116 21 19 by
1336 3117 47 18 using

950 3144 29 10 our
991 3138 69 16 LIVER
1070 3137 75 18 lONIC,
1157 3136 52 15 which
1221 3137 13 13 is
1245 3136 33 14 also
1296 3136 28 14 the
1341 3140 42 11 most

950 3158 88 15 successful
1045 3163 39 10 euro
1091 3157 27 14 for
1124 3157 102 15 Biliousness
1237 3156 33 14 and
1279 3155 24 16 nil
1313 3156 71 14 diseases

950 3178 17 16 of
976 3178 28 15 the
1012 3178 46 14 liver.
1083 3177 45 15 Prico
1157 3176 21 14 (id
1184 3180 30 15 per
1219 3175 20 15 bo
1249 3175 28 18 tie;
1284 3176 31 14 live
1324 3175 26 14 for
1357 3176 27 14 10s

970 3203 61 16 IRISH
1050 3201 58 17 MOSS
1125 3201 49 15 AND
1195 3201 46 16 COB
1258 3201 69 16 LIVEK
1346 3202 37 14 Oil,

951 3222 172 17 EMULSION—Tho
1131 3221 37 16 best
1172 3221 33 15 and
1211 3220 83 20 Cheapest
1297 3220 85 16 Emulsion

950 3244 17 14 in
974 3243 28 14 the
1012 3242 70 17 market;
1090 3246 10 10 a
1113 3241 61 19 special
1188 3245 38 10 cure
1241 3241 25 14 fur
1275 3240 69 18 wasting
1351 3241 32 14 and

951 3262 79 19 debility.
1052 3261 49 15 Price
1107 3260 17 16 2s
1135 3265 30 14 per
1177 3260 60 15 bottle.

973 3282 32 15 BR
1016 3279 80 19 NEIL'S,
1116 3279 154 19 Wollcsloy-strect
1283 3279 42 14 Bast
1353 3279 30 19 (t\v

951 3302 51 15 doors
1009 3301 53 14 above
1070 3300 52 14 Milne
1129 3299 124 18 andChoyce's,
1259 3298 13 15 is
1279 3298 104 19 tbocheapes

950 3322 51 13 house
1007 3322 17 13 to
1029 3321 32 18 buy
1067 3320 62 14 Patent
1135 3319 33 14 and
1172 3317 120 20 Homeopathic
1296 3318 83 15 Medicine

950 3340 56 16 Toil-jc
1026 3338 92 20 lioquisites
1139 3339 34 14 and
1193 3338 91 18 Bruggists
1305 3337 78 15 Sundries

950 3361 55 14 Herbs
1011 3359 33 15 and
1051 3359 63 14 Herbal
1122 3357 125 18 Preparations.

1086 3392 86 18 ADVICE
1188 3392 59 16 FREE

1428 2566 41 19 Tl.o
1485 2566 23 19 St
1523 2566 68 20 James
1602 2574 8 11 a
1634 2566 87 20 Gazette
1733 2566 100 20 considers

1402 2592 32 20 the
1463 2596 110 16 treatment
1596 2593 22 19 of
1641 2593 34 19 the
1700 2592 60 21 Costa
1787 2592 46 20 Rica

1404 2619 74 20 Packet
1493 2619 57 19 claim
1570 2619 34 19 has
1622 2619 87 20 reduced
1730 2619 92 20 internat-

1401 2645 51 20 ional
1478 2645 119 19 arbitration
1622 2652 20 12 10
1665 2653 25 11 an
1720 2646 113 23 absurdity.

1402 2673 49 19 New
1468 2672 63 19 South
1549 2671 74 21 Wales'
1642 2675 81 22 request
1741 2672 33 19 for
1791 2678 31 18 pro-

1402 2699 75 20 tection
1493 2699 21 18 of
1529 2699 43 18 V3rit
1615 2698 95 25 subjects,
1722 2697 65 26 rights
1800 2699 33 17 lias

1402 2726 49 18 been
1466 2724 87 20 bandied
1568 2725 62 19 about
1653 2725 31 19 for
1706 2732 57 17 years
1787 2724 46 20 with

1402 2758 23 14 no
1442 2751 72 19 result.

1426 2784 43 19 The
1493 2784 118 19 treasurer's
1635 2786 113 17 statement
1769 2783 64 20 shows

1402 2811 44 18 that
1470 2810 33 19 the
1529 2809 70 20 Scotch
1630 2811 41 18 coal
1704 2810 63 19 strike
1791 2813 42 16 cost

1402 2836 89 24 £BB,OOO
1505 2836 21 19 in
1547 2836 82 19 aliment
1644 2836 32 20 for
1700 2838 34 18 the
1755 2836 78 19 miners.

1401 2864 29 19 Of
1440 2864 40 18 tins
1491 2870 42 11 sum
1545 2862 92 24 £70,000
1652 2870 54 12 came
1716 2863 51 19 from
1780 2862 39 26 Eng-

1402 2889 53 20 land.
1493 2888 33 21 All
1545 2888 43 19 that
1600 2896 42 11 now
1653 2890 86 19 remains
1749 2890 20 18 in
1782 2888 49 20 hand

1402 2916 15 19 is
1428 2917 63 18 £l5O.
1524 2916 51 23 Why
1585 2915 37 19 cali
1633 2916 17 19 it
1661 2916 34 19 the
1707 2915 72 20 Scotch
1790 2914 41 20 coal

1401 2941 79 20 strike?
1510 2942 129 25 Apparently
1658 2942 16 19 it
1691 2949 40 13 was
1743 2949 25 12 an
1780 2943 39 22 Eng-

1404 2970 35 18 lish
1451 2968 42 20 coal
1503 2968 63 19 strike
1578 2968 17 19 in
1611 2968 29 19 Sci
1650 2969 63 19 tland.

1428 3000 45 19 One
1484 3000 20 19 of
1515 3001 35 19 the
1557 2999 115 21 difficulties
1683 3000 20 19 in
1715 2998 117 21 connection

1403 3026 46 20 with
1461 3026 33 19 the
1513 3026 157 20 establishment
1686 3027 22 18 of
1725 3027 34 18 the
1773 3031 60 19 sugar

1403 3054 44 17 beet
1470 3053 98 23 industry
1593 3053 15 18 is
1632 3055 31 17 set
1682 3053 56 18 forth
1758 3052 20 19 in
1799 3052 34 19 the

1403 3080 103 24 following
1531 3079 52 18 biief
1604 3078 129 27 paragraph:
1738 3078 93 19 —Prom

1402 3106 47 19 time
1460 3108 20 17 to
1496 3107 48 17 time
1563 3106 81 19 various
1660 3107 102 17 estimates
1782 3104 48 19 have

1403 3133 47 18 been
1461 3132 58 24 given
1529 3131 22 19 of
1562 3131 33 20 the
1604 3134 45 17 cost
1663 3132 21 18 of
1700 3130 111 21 establishit
1820 3136 12 19 g

1402 3165 10 12 a
1425 3160 120 22 beet-sugar
1556 3158 84 24 factory,
1658 3158 38 19 and
1713 3158 16 18 it
1748 3163 84 19 appears

1402 3184 44 19 that
1457 3184 34 19 the
1500 3184 96 20 industry
1607 3187 75 16 cannot
1697 3184 23 18 be
1730 3186 30 15 set
1771 3182 61 26 going

1405 3211 92 25 properly
1511 3212 58 17 much
1586 3211 60 18 below
1657 3210 96 23 £60,000.
1784 3208 44 19 rhn

1403 3238 15 17 is
1428 3243 11 12 a
1450 3243 46 18 very
1508 3238 54 22 large
1576 3244 50 14 sum,
1646 3237 38 18 and
1705 3235 31 19 far
1754 3236 76 23 beyond

1403 3262 50 20 what
1466 3270 38 18 any
1517 3264 50 23 body
1583 3264 21 18 of
1621 3263 83 18 farmers
1725 3262 64 18 would
1809 3262 23 18 bo

1401 3289 89 25 justified
1501 3290 21 17 in
1534 3289 84 24 risking.

1428 3321 41 19 The
1484 3321 52 19 War
1552 3321 62 20 Office
1630 3320 35 19 has
1682 3320 66 18 issued
1766 3326 12 13 a
1795 3319 27 19 cir-

1402 3347 56 20 cular
1468 3349 20 17 to
1500 3347 34 20 the
1543 3347 82 19 Loudon
1640 3346 107 25 municipal
1759 3346 67 19 bodies

1401 3371 71 27 asking
1484 3374 94 22 whether,
1595 3374 19 17 in
1631 3372 34 19 the
1677 3375 59 16 event
1756 3372 22 19 of
1789 3379 38 12 was

1402 3400 34 18 the
1447 3400 99 23 hospitals
1556 3400 57 17 could
1624 3399 23 18 be
1658 3398 55 19 made
1733 3398 97 19 availablo

1402 3428 20 16 to
1432 3426 51 19 form
1496 3429 44 21 part
1550 3426 21 18 of
1582 3425 34 18 the
1630 3431 104 16 necessary
1754 3424 46 25 plan
1813 3424 20 19 of

1402 3452 114 24 mobilising
1526 3459 24 12 an
1562 3452 60 23 Army
1639 3451 64 23 Corps
1720 3450 33 19 for
1766 3451 64 20 Home

1401 3478 83 19 defence

1422 3509 50 19 K.S.
1480 3507 141 27 Ranjitsinhji.
1629 3507 34 20 the
1670 3508 75 18 Indian
1752 3508 78 26 Prince,

1402 3535 44 19 who
1456 3536 16 18 is
1482 3535 84 25 playing
1580 3534 72 18 cricket
1668 3533 32 19 for
1719 3533 80 25 Sussex,
1814 3536 18 18 is

1401 3567 25 14 an
1446 3560 102 19 all-round
1569 3560 117 24 sportsmen.
1727 3560 34 19 He
1779 3561 53 20 rides

1401 3587 50 23 well,
1463 3587 68 18 shoots
1544 3585 51 23 well,
1606 3585 17 18 is
1640 3586 129 25 remarkably
1779 3588 52 23 good

1400 3615 20 17 at
1431 3613 65 18 tennis
1507 3611 39 19 and
1555 3610 96 25 billiards,
1668 3612 39 18 and
1717 3617 24 14 an
1753 3614 68 17 enthui-

1401 3639 49 18 astie
1459 3638 55 18 lover
1524 3637 21 18 of
1553 3636 34 18 the
1597 3636 75 19 drama.
1696 3637 134 28 Ranjitsinhji

1401 3665 16 18 is
1428 3664 41 18 also
1480 3662 107 23 unusually
1595 3662 64 19 clever
1673 3666 20 15 at
1703 3664 63 19 chess.

977 3499 44 37 W.
1043 3495 314 47 Blomfield&Co.,

951 3576 206 22 TOTALISATOR
1176 3574 204 27 PROPRIETORS-

980 3632 39 18 Arc
1025 3629 98 26 prepared
1133 3632 18 16 lo
1166 3627 56 21 make
1228 3630 153 22 arrangements

953 3664 23 11 on
998 3657 116 21 favourjib'tj
1134 3658 62 16 terms
1219 3654 32 19 for
1268 3654 33 19 the
1313 3661 36 12 use
1361 3655 20 18 of

953 3683 52 19 their
1015 3683 107 19 machines.

1124 3716 34 19 Ad
1161 3721 26 13 dp.
1189 3721 35 14 ess

953 3756 45 38 W.
1037 3754 183 36 Blomfleld
1256 3753 35 36 &
1327 3753 54 39 Co,

1019 3826 106 35 QUEEN
1186 3825 129 34 STREET,

1081 3873 171 22 AUCKbANU.

1022 3953 32 38 J,
1072 3953 37 38 T,
1124 3952 186 43 Hensf2aw,

1047 4000 54 19 THE
1126 3998 158 21 BUNGALOW.

951 4033 188 22 KAHABAMEAj
1164 4031 128 20 GALATEA
1324 4030 57 18 AND

1000 4059 172 21 WAI-U-TAPU
1186 4055 146 21 JUNCTION.

973 4112 83 22 Horse
1070 4111 55 21 feed
1164 4109 51 21 and
1243 4108 138 22 Luncheon

1098 4135 137 31 provided.

1420 3704 34 14 The
1461 3703 35 15 best
1503 3701 79 15 mediciue
1594 3702 59 14 known
1660 3703 15 13 in
1682 3703 63 15 Sunder
1749 3704 33 14 ami
1790 3705 42 14 .Sons

1402 3721 87 20 Eucalypti
1503 3721 73 14 Extract.
1604 3721 39 15 Test
1649 3721 21 15 its
1677 3723 62 14 emiuut
1750 3723 81 19 powerfx.!

1402 3742 47 14 effect
1478 3740 67 18 coughs,
1551 3740 48 16 colds,
1605 3739 86 22 influenza,
1698 3742 80 16 etc.—the
1785 3743 47 15 relief

1402 3760 12 15 is
1427 3760 129 15 instantaneous.
1583 3759 95 16 Thousands
1695 3761 36 18 give
1755 3761 28 16 the
1790 3763 42 15 most

1402 3779 91 21 gratifying
1507 3778 93 22 testimony.
1625 3779 30 15 His
1669 3780 64 20 Mi'jcsy
1747 3781 28 15 the
1787 3781 45 20 Kiug

1402 3802 14 12 ut
1435 3798 49 19 Italy,
1503 3798 31 14 and
1546 3798 66 14 medical
1624 3799 91 18 syndicates
1722 3800 22 14 all
1759 3805 38 10 over
1804 3801 27 14 the

1400 3818 47 19 globe
1455 3822 27 9 are
1489 3817 21 14 its
1517 3818 71 17 patrons.
1609 3817 45 16 Kead
1664 3819 29 14 the
1703 3819 58 15 official
1768 3822 63 17 reporet

1400 3838 37 14 that
1443 3840 100 14 accompany
1555 3836 40 15 each
1607 3837 65 15 botttle.
1699 3838 65 20 Hosier,
1778 3839 53 15 M.D..

1402 3855 45 21 I'rof.
1454 3855 101 19 University,
1567 3855 104 20 GreHswald,
1693 3858 64 18 reports
1798 3858 32 15 Thf

1402 3874 87 20 Eucalypti
1496 3874 68 15 Extract
1572 3875 59 19 proved
1635 3876 123 19 magnificently
1763 3882 67 10 success

1401 3894 24 14 ful
1433 3893 16 15 in
1461 3898 40 14 very
1513 3898 54 10 .severe
1579 3895 97 19 contusions,
1684 3896 67 18 bruises,
1763 3896 68 19 sprains,

1400 3913 73 17 wounds,
1480 3912 85 20 scoldings,
1571 3914 59 14 broken
1635 3914 37 18 ribs,
1678 3915 31 15 am]
1716 3915 53 16 limbs.
1778 3915 53 19 (Med-

1402 3932 73 17 Jounial,
1484 3931 49 20 Nov.,
1545 3932 23 20 IKS
1568 3932 23 20 1),
1613 3933 20 15 In
1641 3933 69 16 diseases
1719 3935 29 17 Jof
1760 3935 28 14 the
1795 3935 26 14 kid

1400 3956 45 14 neys,
1460 3951 52 14 either
1525 3951 52 16 active
1590 3953 94 19 congestion
1697 3958 18 10 or
1729 3953 102 19 suppression

1402 3970 82 19 (uraemia)
1503 3975 18 10 or
1545 3970 115 21 albuminuria,
1682 3973 65 18 dropsy,
1763 3972 70 16 lithiasis

1401 3988 105 21 notbingwill
1516 3990 46 18 equal
1569 3991 16 14 in
1590 3991 21 14 its
1616 3991 52 14 action
1674 3991 158 20 EucalyptfExtract

1400 4008 56 20 Doses,
1465 4008 33 15 sto
1505 4009 8 14 S
1524 4009 52 19 drops.
1598 4010 64 18 Hosier,
1673 4010 54 19 M.D.,
1738 4011 45 14 Prof.
1789 4010 32 15 Uui

1400 4028 67 19 versity,
1475 4027 103 22 Greifswajd,
1586 4029 246 20 reports:—Diptheria.Tonsils

1400 4047 102 17 continually
1505 4047 76 15 coherent
1584 4049 94 19 presenting
1684 4049 52 14 ulcers
1739 4049 39 14 with
1782 4048 51 16 white

1400 4066 74 15 exudate.
1486 4066 53 15 Cured
1552 4066 17 16 in
1583 4067 17 15 14
1607 4067 46 20 days.
1673 4068 73 19 Surgical
1758 4067 51 16 Clinic
1816 4069 18 14 of

1400 4085 46 15 Prof.
1458 4085 87 19 M'lntyre,
1556 4086 65 19 College
1627 4087 18 14 of
1651 4087 95 17 Physicians
1752 4087 33 14 and
1791 4087 31 15 Sui-

1400 4110 11 13 g
1418 4110 28 12 ms,
1463 4106 19 14 St
1495 4105 144 15 Louis—Scirrhus
1646 4106 17 14 of
1673 4106 59 15 Breast
1748 4106 77 15 Excision

1400 4124 156 20 oicolyptiExtract
1562 4124 91 20 employed.
1673 4124 28 17 JNo
1706 4125 79 21 swelling,
1793 4125 40 16 brat

1399 4144 111 18 isjolroatiou.
1522 4143 54 18 Cured
1588 4145 34 15 nil
1639 4144 134 20 days.—rAdyl.J
