2460 3880
1885 173 128 66 Oxford
2034 173 64 66 and
2119 173 85 66 Cust
2225 173 170 66 Observer

1962 239 104 20 PUBLISHED
2066 239 242 20 WEEKLY.

1905 315 164 27 SATURDAY.
2094 321 128 21 November
2237 325 23 17 21th
2263 325 28 23 ,
2310 327 59 19 1891.

1912 375 238 27 WAIMAKARIRI
2169 388 49 15 cum
2228 380 138 27 ASHLEY

1943 412 120 27 WATER
2070 415 85 25 RACE
2169 417 164 26 DISTRICT.

1911 494 50 22 The
1989 494 134 32 following,,
2138 497 24 25 is
2178 497 57 25 .the
2267 499 134 24 resolution

1878 532 84 30 passed
1974 532 30 32 by
2016 534 45 24 the
2070 534 88 26 Oxford
2170 537 69 24 Eoad
2234 564 6 8 f
2250 537 89 30 Board,
2358 538 55 26 dw

1878 569 76 31 fining
1966 571 41 24 the
2019 570 141 27 boundaries
2172 575 27 23 of
2207 575 42 23 the
2260 576 73 24 above
2350 576 50 24 dis-

1879 608 74 23 trict.-
1958 622 18 3 —
1977 629 1 1 .

1937 645 63 24 That
2012 647 39 24 the
2062 647 124 26 Governor
2196 649 29 24 be
2235 650 124 32 requested
2375 652 26 23 to

1878 683 116 30 proclaim
2007 685 33 23 all
2053 685 54 24 that
2128 688 92 28 portion
2244 689 26 23 of
2291 690 40 23 the
2351 689 84 24 Ox-^

1879 722 50 24 ford
1952 723 69 23 Boad
2040 724 100 29 district,
2174 727 108 25 bounded
2305 736 31 17 on
2357 728 44 24 the

1880 760 79 24 North
1968 760 68 24 West
2048 762 46 24 and
2106 762 78 25 North
2207 765 29 30 by
2256 766 41 24 the
2319 765 81 24 North

1880 796 71 25 West
1959 797 48 23 and
2020 798 82 24 North
2113 799 62 25 Ean
2185 801 122 33 boundary
2319 802 27 24 of
2365 803 38 23 lot

1881 836 39 27 51,
1933 835 47 24 and
1992 835 41 26 the
2045 836 77 25 North
2137 837 66 26 West
2216 838 139 26 boundaries
2378 840 28 25 of

1879 875 48 24 lots
1940 876 38 25 45,
1991 876 40 28 44,
2045 878 30 22 14
2075 877 58 23 -and
2145 879 42 26 20,,
2206 878 73 33 being
2300 882 54 29 part
2377 880 28 24 of

1864 927 6 3 -
1879 912 103 24 Reserve
1990 913 73 28 2331,
2075 915 41 22 the
2130 915 78 24 South
2225 916 68 25 West
2308 917 94 24 bound-

1879 958 40 23 ary
1931 949 27 25 of
1966 949 35 25 lot
2015 952 38 27 10,
2065 953 54 29 part
2130 952 26 24 of
2164 953 43 24 the
2218 962 66 17 same
2303 963 96 17 reserve

1844 981 2 38 !
1879 990 87 24 thence
1978 990 36 31 by.
2020 991 41 24 thfe
2073 991 70 31 depot
2158 993 67 28 road,
2247 995 25 24 to
2294 1003 15 16 a
2330 995 71 31 point

1878 1030 105 29 opposite
1999 1029 40 24 the
2053 1029 146 34 Southeast
2207 1040 83 17 corner
2298 1034 26 23 of
2323 1041 6 11 J
2333 1035 29 22 E.
2373 1034 27 25 S.

1879 1066 88 28 20492,
1973 1066 88 25 thence
2075 1067 30 32 by
2113 1068 42 24 the
2164 1069 108 25 Western
2281 1071 124 33 Icui.claiy
2417 1091 10 8 ,

1879 1105 26 24 of
1908 1106 30 23 R.
1952 1106 25 24 S.
1984 1107 89 27 20492,
2086 1107 87 25 thence
2179 1108 30 32 by
2214 1109 109 26 Brown's
2333 1111 69 25 Eoad

1879 1143 49 23 and
1940 1143 40 24 the
1988 1143 66 25 Main
2067 1145 69 24 Road
2147 1149 26 21 to
2195 1155 13 15 a
2231 1148 68 29 point
2321 1157 78 22 oppo-

1879 1180 45 25 site
1938 1181 40 24 the
1992 1181 76 25 South
2082 1182 68 27 West
2173 1192 85 17 corner
2276 1186 25 24 of
2322 1186 31 24 R.
2373 1186 26 25 S.

1880 1220 77 27 1625,'
1966 1220 88 25 thence
2066 1221 30 31 by
2109 1222 41 23 the
2162 1223 108 25 Western
2280 1225 123 32 boundary

1879 1257 26 23 of
1916 1257 42 23 the
1969 1257 49 23 last
2030 1259 139 25 mentioned
2192 1261 97 29 section,
2314 1262 89 25 thence

1880 1294 73 31 along
1964 1295 40 23 the
2015 1295 68 25 Main
2094 1296 70 25 Bush
2176 1297 68 25 Road
2255 1301 29 26 to.
2298 1301 41 23 the
2361 1300 74 25 oldv

1880 1333 55 25 Mill
1946 1334 66 28 road,
2025 1335 87 25 thence
2130 1336 70 32 along
2213 1361 3 6 ,
2222 1337 42 25 the
2286 1339 37 24 old
2346 1322 89 43 Mill^

1880 1371 56 24 road
1948 1372 25 23 to
1985 1379 14 16 a
2011 1372 67 30 point
2089 1372 79 26 where
2177 1382 15 16 a
2202 1374 51 26 line
2274 1377 81 24 drawn
2375 1377 26 25 m

1879 1409 166 24 continuation
2057 1411 26 23 of
2092 1411 39 24 the
2142 1412 119 26 Northern
2283 1414 120 33 boundury

1879 1445 26 25 of
1921 1447 29 23 E.
1971 1446 24 25 S.
2020 1449 47 24 710
2084 1449 76 24 would
2172 1450 122 29 intersect,
2314 1452 88 25 thence

1879 1483 27 24 m
1915 1492 14 15 a
1943 1484 103 31 straight
2065 1480 50 30 line
2126 1487 25 24 to
2154 1510 2 7 :
2174 1487 41 25 the
2237 1488 78 25 North
2333 1490 68 26 West

1879 1531 84 16 corner
1974 1525 26 23 of
2009 1524 29 24 R.
2058 1525 26 24 S.
2096 1527 55 27 710,
2164 1527 85 24 thence
2268 1530 71 30 along
2356 1531 41 24 the

1881 1560 107 24 Western
2001 1562 48 23 and
2068 1562 122 26 Northern
2212 1564 143 27 boundaries
2376 1568 28 23 of

1880 1598 30 24 R.
1930 1598 24 25 S.
1974 1600 30 24 74
2028 1602 23 21 to
2073 1600 40 23 the
2136 1601 53 31 Bay
2211 1602 77 29 Road,
2312 1605 89 25 thence

1880 1638 73 31 along
1964 1638 40 24 the
2015 1638 53 32 Bay
2079 1640 68 24 Eoad
2166 1642 26 23 to
2214 1642 41 24 the
2277 1643 124 25 Northern

1879 1675 125 31 boundary
2014 1677 27 24 of
2049 1677 29 24 E.
2092 1679 25 23 ci.
2127 1677 70 32 1561,
2220 1680 85 25 thence
2327 1681 74 32 along

1870 1713 52 26 .the
1945 1714 123 25 Northern
2089 1717 139 25 boundaries
2249 1717 27 26 6f
2306 1719 30 24 E.
2362 1720 38 25 Ss.

1882 1753 61 23 1561
1956 1752 48 23 and
2017 1754 63 24 1786
2092 1755 25 23 to
2129 1755 42 23 the
2181 1748 84 31 North'
2272 1757 61 25 East
2350 1765 51 17 cor-

1879 1796 45 16 ner
1935 1789 25 23 of
1970 1790 29 22 R.
2014 1790 26 24 S.
2054 1792 72 26 1786,
2139 1794 59 22 then
2218 1793 128 32 Northerly
2369 1795 31 31 by

1879 1835 13 15 a
1915 1828 47 24 line
1985 1829 99 30 parallel
2107 1832 25 22 to
2154 1832 111 24 Powell's
2287 1833 59 25 road
2373 1838 26 21 to

1882 1865 75 25 Sale's
1968 1866 66 29 road,
2044 1867 87 25 thence
2143 1870 73 30 along
2225 1870 76 25 Sale's
2308 1872 59 23 road
2374 1873 25 23 to

1880 1905 110 25 Powell's
2002 1906 65 29 road,
2087 1908 88 25 thence
2196 1909 73 32 along
2290 1911 111 25 Powell's

1880 1943 56 24 road
1953 1944 49 23 and
2023 1945 42 24 the
2077 1945 132 27 -Northern
2232 1947 121 32 bqundury
2374 1951 27 23 of

1881 1980 30 24 R.
1925 1981 26 23 S.
1965 1981 63 24 7285
2052 1984 25 22 to
2099 1983 41 23 the
2162 1984 80 24 North
2265 1985 61 25 East
2348 1994 51 17 cor-

1882 2026 41 16 ner
1934 2018 26 24 of
1969 2018 42 24 the
2022 2018 48 26 last
2084 2020 134 26 mentioned
2230 2023 98 28 section,
2352 2024 49 25 and

1880 2056 87 24 thence
1978 2056 28 24 m
2016 2065 14 16 a
2042 2058 106 31 straight
2160 2059 48 25 line
2220 2061 25 23 to
2256 2061 41 24 the
2321 2061 79 25 South

1882 2093 67 26 West
1965 2102 84 17 corner
2053 2103 2 8 ;
2070 2096 28 24 of
2116 2096 29 24 R.
2169 2098 25 24 S.
2216 2099 72 27 8261,
2312 2099 87 26 thence

1880 2133 32 32 by
1934 2134 42 25 the
1999 2134 75 26 North
2094 2136 67 26 West
2194 2138 47 24 and
2275 2139 124 25 Northern

1881 2171 142 25 boundaries
2046 2173 28 24 of
2100 2173 30 24 R.
2155 2174 26 25 S.
2213 2176 61 23 8261
2301 2180 26 20 to
2357 2174 78 32 the''^,

1883 2207 77 26 South
1977 2209 64 25 West
2059 2205 82 30 coiner
2160 2212 26 23 of
2205 2212 29 24 R.
2260 2213 25 25 S.
2309 2214 79 26 11807
2394 2198 26 46 *\

1881 2247 85 24 thence
1978 2247 31 30 by
2031 2248 41 24 the
2095 2249 112 24 Western
2229 2250 123 32 boundary
2375 2253 27 24 of

1880 2284 42 24 the
1934 2285 46 23 last
1993 2286 134 24 mentioned
2139 2287 91 24 section
2241 2289 26 23 to
2278 2289 41 23 the
2338 2289 61 24 Ger-

1880 2329 58 16 man
1948 2322 66 28 road,
2034 2322 87 25 thence
2141 2324 72 31 along
2234 2324 50 26 the-
2294 2326 104 26 Gorman

1879 2359 65 28 road,
1957 2359 42 24 the
2021 2360 79 24 North
2119 2360 69 26 West
2211 2362 141 26 boundaries
2373 2366 28 24 of

1879 2396 30 25 R.
1934 2397 26 24 S.
1995 2397 73 29 2272,
2108 2394 32 29 R.
2171 2397 33 28 S;
2234 2401 78 27 31897
2351 2404 47 23 and

1879 2435 88 30 31901,
1980 2434 47 24 and
2039 2435 40 25 the
2098 2435 109 26 Western
2229 2437 125 34 boundary
2375 2441 27 24 of

1875 2472 25 24 of
1909 2472 30 24 R.
1955 2472 32 26 '5.
1992 2473 85 25 '24488
2100 2475 31 23 to.
2144 2475 41 25 the
2207 2476 72 26 River
2297 2475 97 35 Ashley,

1859 2524 4 3 •
1880 2510 87 24 thence
1978 2512 73 30 along
2061 2513 39 22 the
2111 2512 72 25 River
2194 2514 91 31 Ashley
2306 2518 26 22 to
2355 2516 43 25 the

1880 2547 103 25 Eastern
1986 2553 2 4 1
1994 2548 122 32 boundary
2128 2550 25 24 of
2163 2550 143 26 the^Oxford
2329 2553 70 25 Road

1856 2597 3 14 :
1882 2586 109 28 District,
2004 2594 31 17 on
2047 2587 49 24 .the
2118 2587 77 26 South
2217 2588 65 26 East
2302 2590 31 32 by
2355 2591 43 25 the

1880 2623 103 24 Eastern
1997 2625 118 31 boundary
2127 2625 25 24 of
2160 2627 40 23 the
2218 2627 88 24 Oxford
2328 2628 70 25 Road

1879 2660 101 24 District
1992 2661 48 23 and
2059 2670 30 15 on
2103 2661 51 25 -the
2176 2662 78 26 South
2277 2664 68 24 West
2366 2665 32 32 by

1863 2712 7 7 .
1880 2697 42 25 the
1933 2698 73 24 River
2017 2698 175 31 Waimakariri,
2202 2708 35 24 ,as
2259 2708 67 18 more
2345 2710 52 24 par-

1879 2736 109 32 ticularly
1997 2733 132 28 delineated
2146 2746 37 15 on.
2197 2738 56 31 plan
2275 2738 121 33 deposited

1878 2773 27 25 m
1915 2774 40 24 the
1967 2773 89 26 Oxford
2063 2774 73 27 ;Road
2147 2775 79 30 Bqard
2247 2776 80 29 Office,
2352 2778 47 24 and

1879 2811 99 25 thereon
1990 2813 118 26 coloured.
2111 2821 79 23 green,
2202 2813 26 25 m
2239 2814 156 32 conjunctiba

1879 2850 58 24 with
1948 2851 41 23 the
2001 2850 66 29 Oust,
2085 2851 120 31 'Eyreton,
2219 2865 2 19 ;
2229 2851 68 26 West
2319 2853 76 31 Eyre-

1850 2913 3 4 ,
1879 2890 51 27 ton,
1933 2914 5 7 t
1954 2888 153 30 Mandeville,
2128 2890 48 24 arid
2198 2890 121 31 Rangiora
2340 2892 58 25 road

1879 2926 114 28 districts,
2013 2935 27 16 or
2058 2929 66 29 parts
2147 2927 26 25 of
2193 2927 57 25 such
2270 2928 58 25 road
2350 2929 58 35 di^~

1879 2964 76 28 tricts,
1964 2963 40 29 for
2013 2965 41 23 the
2065 2973 101 22 purpose
2176 2957 225 42 of.theconstou.pjr

1879 3000 53 25 tion
1941 3001 28 24 of
1978 3004 71 24 water
2058 3010 66 17 races
2135 3002 102 28 therein,
2249 3002 48 25 arid
2319 3005 26 22 to
2352 3001 8 10 y
2357 3004 39 24 -be

1879 3038 78 24 called
2067 3039 167 25 Waimakariri
2249 3039 61 26 Cum
2333 3040 63 25 Ash-

1878 3075 38 32 ley
1930 3075 81 26 Water
2032 3077 65 24 Race
2114 3077 107 25 District.

1950 3203 38 25 ST
2000 3203 167 27 ANDREWS
2183 3203 141 26 BAZAAR.

1879 3285 61 25 Give
1950 3285 65 27 what
2025 3294 48 24 you
2084 3285 85 33 please,
2182 3283 61 26 we'll
2252 3292 32 17 no
2296 3285 101 33 offering

1941 3330 87 28 refuse;
2037 3339 73 19 ..;.•..

1846 3383 33 14 r'r
1908 3372 61 27 Beit
1981 3372 135 30 something
2126 3372 26 39 Ja
2162 3370 56 26 look
2228 3372 37 38 afy
2275 3379 27 17 or
2317 3379 78 17 some-

1929 3435 5 3 .
1942 3415 69 31 thing
2022 3418 96 36 touse^
2138 3433 4 12 ,
2153 3433 4 14 ;
2167 3433 4 3 -
2179 3433 26 14 ;O
2204 3433 5 3 -

1878 3457 82 25 Smart
1978 3459 64 24 little
2061 3459 93 23 dresses
2174 3457 37 24 for
2232 3452 108 33 qhildren
2350 3478 9 9 v
2369 3459 26 24 to

2015 3513 3 7 -
2027 3504 1 10 '■
2037 3502 3 13 :
2039 3517 1 1 -
2053 3501 2 4 '
2065 3521 1 2 .
2073 3501 6 20 )

1845 3550 1 10 '
1860 3556 6 3 -
1882 3546 4 2 '
1908 3542 108 25 Brushes
2027 3544 37 24 foi
2075 3541 71 28 tee^fiK
2153 3542 28 27 br
2188 3542 99 33 pdmid.e
2298 3543 36 25 for
2353 3544 51 29 the>
2402 3570 8 6 v

1876 3627 109 25 Fanciful
2006 3631 149 28 ornaments,
2178 3637 66 17 vases
2272 3631 47 23 and
2336 3629 58 32 jars,

1910 3669 78 25 Small
2005 3670 90 25 leather
2116 3681 65 16 cases
2202 3673 37 24 for
2260 3673 66 31 pipes
2348 3674 48 23 and

1905 3723 7 30 I
1940 3711 85 31 cigars;

2074 3756 38 26 for
2120 3758 94 27 needles
2221 3758 48 25 and
2280 3758 113 24 cushions

1918 3807 1 1 ■
1937 3796 39 25 for
1985 3798 64 31 pins,
2152 3796 23 30 /
2425 3795 2 13 '

1320 3620 114 44 TELEGRAPHIC
1434 3620 308 44 MESSAGES.

1231 3710 3 34 I
1312 3716 200 40 Telegraphic
1550 3718 153 40 Messages
1740 3730 56 19 can
1833 3729 5 15 >

1235 3788 4 7 ,
1268 3773 71 21 now
1361 3765 38 30 be
1426 3769 69 26 sent
1514 3765 60 30 and
1594 3767 139 31 received
1762 3772 33 26 at

1269 3809 79 30 East
1357 3810 117 29 Oxford
1489 3810 128 29 Station.

526 46 167 32 OXFORD
733 46 89 29 AND
865 47 102 30 CUST
1011 49 218 31 OBSERVER
1272 47 232 35 SATURDAY,
1526 47 230 31 NOVEMBER
1778 50 49 32 21,
1857 49 86 28 1891.

1277 3080 522 64 PRffiCEoFWINDSQR

1243 3163 10 11 •'
1274 3163 41 12 ■■■■■
1346 3162 50 13 !■'--■
1474 3176 2 1 .
1494 3160 8 16 >.
1514 3160 48 18 ■t>
1574 3163 8 13 <
1603 3176 1 2 .
1622 3167 36 11 ■.:■■..-■

1269 3201 70 32 'The
1352 3196 149 39 favourite
1524 3205 179 40 C].y;desdale
1722 3206 77 30 Stal-

1241 3273 3 2 .
1276 3245 62 32 lipn
1343 3245 63 30 will
1414 3246 96 29 travel
1523 3245 83 31 View
1620 3246 74 36 Hill,
1712 3247 85 38 Cust,

1278 3284 151 36 Oarleton,
1468 3285 46 30 W.
1555 3287 148 39 Eyreton,
1739 3289 60 29 and
1811 3312 4 3 .

1230 3349 2 4 .
1263 3336 2 17 i
1278 3325 116 30 Oxford
1410 3326 135 31 districts
1561 3327 61 29 this
1641 3337 115 21 season.

1319 3366 59 29 For
1382 3367 136 29 -'-farther
1542 3368 185 39 particulars
1750 3380 49 21 see

1279 3406 94 30 Cards
1387 3417 35 19 or
1436 3408 93 39 apply
1540 3413 31 25 to
1585 3409 53 29 the
1652 3420 102 19 owner
1767 3421 30 19 m
1802 3439 11 9 r
1813 3433 7 6 ,

1275 3446 119 39 charge.
1430 3451 5 3 '
1695 3461 3 15 ;

1242 3505 3 6 -
1323 3487 109 30 JOHN
1441 3508 3 5 -
1454 3486 188 32 PAELA¥3E
1666 3490 88 30 Junr.

1253 3544 197 21 ■■...■■...
1489 3556 2 3 ■
1615 3530 85 32 View
1720 3532 83 30 HilLt
1808 3537 17 23 A
1832 3539 4 7 1
1830 3550 6 10 ,

1271 164 227 60 TOWN
1567 167 217 66 HALL,

1390 228 86 30 East
1527 229 140 31 Oxford.

1285 296 226 31 WEDNESDAY,
1536 299 75 26 DEC.
1630 301 52 29 9tL,
1702 301 71 25 1891.

1291 354 86 36 MR
1398 355 61 39 W.
1489 357 272 45 COLLINS,

1270 404 49 26 will
1343 405 90 26 deliver
1453 407 35 25 Ins
1504 409 100 30 popular
1622 408 110 27 Lecture,
1757 415 33 17 on

1272 444 97 42 ''HOW
1384 449 65 37 THE
1464 447 110 40 WORLD
1587 449 68 38 WAS

1420 590 223 45 BRINK

1293 651 200 39 EYSLOP'S
1507 652 118 39 PURE
1648 652 122 38 TEAS.

1272 707 63 30 The
1349 708 90 30 finest
1452 708 52 30 the
1517 708 102 30 World
1637 709 153 38 produces.

1275 753 73 30 Sold
1358 754 43 37 by
1429 753 50 29 Mr
1492 753 34 30 E.
1542 754 38 29 A.
1590 782 2 9 ,
1608 754 185 34 Waterman,

1313 793 79 29 East
1402 793 126 32 Oxford.

1274 833 51 30 Mr
1344 834 22 29 R.
1370 858 11 10 B
1397 833 115 33 Fisher,
1529 833 86 30 West
1627 833 127 29 Oxford.

1275 874 47 29 Mr
1339 875 34 29 E.
1390 874 48 29 W.
1469 874 123 39 Cooper,
1622 873 84 37 Cust,
1735 875 61 28 and

1315 925 91 29 many
1423 915 109 29 others.

1338 1059 49 37 R.
1416 1058 54 37 H.
1505 1057 231 46 PARISH,

1408 1099 88 30 East
1523 1096 139 33 Oxford.

1308 1149 93 31 Special
1411 1149 62 24 lines
1484 1150 65 28 to.be
1561 1149 51 24 sold
1632 1149 47 24 this
1700 1149 96 27 month,

1275 1194 25 23 at
1312 1192 48 24 less
1369 1192 60 24 than
1442 1190 137 26 Wholesale
1591 1190 58 29 cost,
1670 1192 49 24 and
1740 1199 56 17 con-

1275 1234 122 31 siderably
1409 1234 75 24 below
1495 1234 78 31 prices
1585 1234 103 30 charged
1699 1234 36 23 for
1757 1234 42 24 the

1278 1286 67 17 same
1356 1278 90 32 quality
1459 1278 25 24 of
1489 1277 94 25 articles
1591 1279 25 23 at
1626 1276 165 33 Co-operative

1277 1321 89 25 StoreiS.

1275 1373 253 25 FLANNELETTS.
1688 1370 2 8 :

1339 1411 65 25 AET
1444 1410 161 27 MUSLINS.

1386 1448 121 26 BBOWN
1525 1448 175 25 HOLLAND.

1613 1484 185 25 DELAINES.

1259 1785 28 30 V
1329 1785 16 30 y
1388 1800 16 8 -
1422 1789 124 30 Season
1570 1786 111 32 1891/-
1787 1801 2 2 ■

1277 1839 190 32 SHUFFLE
1498 1837 84 31 THE
1614 1839 181 37 BKOGUE,

1272 1898 8 32 1
1293 1899 49 29 Fill
1354 1898 22 26 st
1377 1907 32 16 an
1410 1900 14 23 cl
1437 1900 25 23 at
1473 1900 41 29 my
1526 1899 62 24 farm
1601 1898 68 26 West
1683 1899 99 25 Oxford.

1262 1968 15 16 .:
1311 1963 157 25 SHUFFLE
1491 1962 70 24 THE
1584 1962 139 24 BKOGUE
1721 1984 5 12 (
1735 1961 63 31 isby

1277 2006 135 25 Middleton
1424 2006 57 23 dam
1489 2005 158 24 Burnblefoot
1656 2006 28 30 by
1695 2005 104 24 Leotard

1277 2050 66 32 (imp
1354 2050 8 32 )
1373 2064 48 10 .—
1422 2049 81 30 Queen
1510 2048 25 25 of
1544 2048 105 24 Trumns
1656 2048 32 32 by
1704 2048 96 31 Sleight

1251 2085 11 9 v
1276 2088 107 30 oTHand
1391 2091 69 27 Junr.
1469 2091 70 33 (imp)
1546 2109 6 7 .
1557 2091 45 25 —3
1609 2091 62 25 essie
1677 2091 26 25 of
1707 2091 90 25 Borneo

1277 2136 82 32 (imp).

1310 2198 135 25 Middleton
1458 2197 192 33 (Metropolitian
1657 2198 103 31 winner)
1766 2198 32 31 by
1804 2205 2 4 ■

1255 2255 2 5 •
1277 2242 119 24 Traducer
1408 2242 69 31 (imp)
1485 2259 5 5 .
1499 2255 32 4 —
1531 2241 69 31 Lady
1625 2241 119 24 Florence
1768 2241 31 31 by

1279 2285 101 24 Towton
1394 2283 68 33 (imp.
1475 2285 48 22 bro.
1538 2286 25 22 to
1575 2284 41 24 the
1634 2284 71 25 Peer.
1706 2299 32 3 —
1739 2284 60 25 Miss

1277 2327 158 32 Nightingale
1446 2327 31 31 by
1490 2326 39 25 Sir
1542 2326 118 25 Hercules
1670 2341 3 10 •.
1673 2341 30 3 —
1705 2326 92 25 Jessica

1277 2371 30 31 by
1341 2369 110 26 Satellite
1496 2368 246 33 (Arab)—^Daughter
1775 2370 35 23 of.

1276 2412 223 26 Northumberland
1511 2412 81 32 (imp).

1364 2451 38 11 ■•.,,,
1413 2451 3 3 •
1427 2452 22 11 •,,.
1462 2450 32 9 -»...
1503 2449 12 10 r
1541 2439 15 20 ~.
1575 2451 17 8 ..
1596 2455 8 12 r
1618 2441 12 22 ;'
1669 2455 15 12 _._.

1302 2476 128 21 SHUFFLE
1441 2476 57 19 THE
1509 2476 113 22 BROl&UE
1632 2476 18 19 is
1659 2483 13 13 a
1683 2482 47 18 very
1738 2478 66 17 corn^-

1276 2515 49 24 pact
1335 2513 41 20 and
1387 2513 141 26 eymmetrical
1538 2513 51 19 dark
1594 2512 70 20 brown
1670 2513 61 19 horse
1741 2514 57 18 stan-
1808 2530 3 4 ,
1830 2524 3 2 ■

1275 2550 50 25 ding
1335 2550 25 20 15
1367 2549 67 20 handß
1444 2549 11 20 1
1465 2544 57 28 inoli,
1531 2564 2 7 ,
1540 2544 51 29 wjih
1606 2542 42 26 oeVt
1663 2549 26 21 '.oi
1707 2550 90 24 tempers

1275 2588 42 19 and
1327 2587 156 23 constitutions,
1499 2586 18 20 is
1526 2592 14 14 a
1556 2592 48 14 sure
1619 2587 117 24 .foalgetter,
1756 2587 41 19 and

1275 2624 34 20 his
1326 2624 60 20 Beook
1404 2629 35 15 are
1455 2623 129 20 remarkable
1602 2624 32 19 for
1653 2623 80 25 quality
1756 2624 42 19 and

1275 2660 120 23 substance,
1406 2660 42 20 and
1458 2666 35 13 are
1502 2659 108 24 becoming
1625 2660 68 22 better
1703 2660 94 25 appreci-

1277 2697 49 21 ated
1335 2702 59 19 every
1404 2702 50 19 year
1463 2702 23 14 as
1496 2697 55 24 good
1562 2697 67 19 useful
1637 2697 98 19 animals.

1318 2753 140 32 TEEMS
1473 2754 44 30 £1
1533 2754 129 38 payable
1677 2758 35 28 at
1731 2754 69 31 first

1277 2816 124 20 service.
1415 2832 3 3 .
1444 2809 172 27 U-uarantee
1644 2815 32 21 as
1686 2816 54 30 per
1766 2816 33 20 a-

1277 2859 161 37 greement.
1700 2857 56 31 fee.

1249 2987 2 11 i
1251 2994 2 9 :
1266 2981 2 6 '
1282 2982 29 23 ■;.;
1325 2972 25 31 ;.'■;
1366 2987 47 24 /.;
1448 2989 13 6 •'
1469 2985 12 16 ■',
1481 2986 19 12 ■■■
1510 2984 7 20 \
1530 2967 85 34 Wf^st
1630 2968 127 30 Oxford.

658 156 99 37 TOWN
775 157 107 45 HALL,
904 159 93 36 EAST
1013 158 160 37 OXFORD.

689 216 73 43 ST
805 216 345 44 ANDREWS

661 286 238 58 FLOWER
998 286 179 58 SHOW.

694 366 186 28 SATURDAY,
898 366 75 24 NOV.
1001 366 60 24 28th
1079 367 70 23 1891.

742 410 173 30 SPECIAL
946 410 155 33 PRIZES.

661 460 52 24 Mrs
725 460 117 28 Mitchell,
860 461 21 23 A
903 460 121 31 Wedding
1047 460 75 27 Cake,
1145 458 37 25 for

695 497 167 25 bestPansies.
1049 499 99 6 ■.,«

663 534 38 25 Mr
713 534 140 28 Wakefield,
867 535 36 24 for
915 534 51 25 best
984 533 125 29 Rhubarb,-
1128 533 54 33 <2/(3,
1190 539 2 16 :
1204 540 4 24 j

695 575 38 23 for
745 574 52 24 best
810 574 119 30 Cabbage,
953 574 53 32 2/6.

665 611 38 23 Mr
715 607 117 33 Mitchell,
841 612 37 23 for
889 611 54 24 best,
952 610 270 32 goosoberriea^/BT""'

665 649 110 26 Fktcher
797 649 145 32 Humphrey
964 650 19 24 &
1006 649 42 28 Co,
1072 649 36 25 for
1134 648 52 26 best

664 688 67 29 ham,
743 690 12 22 2
768 688 88 26 bottles
867 689 26 24 of
915 688 122 31 Whiskey.

665 726 39 24 Mr
717 726 113 27 Wallace,
853 726 36 24 for
911 726 53 25 best
987 726 38 24 six
1046 733 75 21 roses,
1141 733 45 17 one

698 763 99 30 Canary.

667 801 23 24 J.
702 802 31 23 R.
754 802 103 30 Gorton,
884 802 38 24 for
941 802 55 24 best
1016 801 125 24 collection
1164 801 25 24 of

700 840 71 27 ferns,
785 840 62 32 10/-.

668 879 40 24 Mr
719 879 27 24 P.
759 879 93 28 Fisher,
865 879 36 24 for
912 887 45 16 one
969 879 75 24 dozen
1056 879 25 25 of
1099 879 90 30 largest

700 918 67 24 fowls
780 926 62 23 eggs,
867 919 51 31 2/6.
1084 929 5 8 '
1150 928 3 11 ;

668 957 35 26 Dr
714 957 142 30 Volckman,
870 958 37 25 for
922 957 53 26 best
997 958 192 31 Pelargoniums.

701 995 45 33 5/-.
1101 986 4 7 '
1150 991 1 12 l

670 1034 50 24 Mrs
743 1034 30 23 B.
804 1034 143 28 Volckman,
981 1034 37 24 for
1050 1034 53 24 best
1135 1032 55 25 blue

703 1071 89 25 balvia,
811 1071 45 32 5/-.

669 1109 51 24 Mrs
732 1109 83 28 Elliot,
833 1109 36 24 for
881 1109 52 24 best
945 1109 75 24 Work
1032 1109 26 24 of
1065 1109 44 24 Art
1128 1108 61 32 10/-.

669 1146 39 24 Mr
719 1146 24 24 J.
757 1147 125 31 Mourisey,
894 1147 37 23 for
954 1147 52 24 best
1027 1147 80 24 model
1129 1146 27 23 of
1176 1154 14 16 a

701 1184 96 31 gjvrden,
816 1192 14 16 a
842 1183 99 32 sucking
961 1184 48 31 pig.

669 1222 39 24 Mr
720 1222 87 26 Storer,
819 1222 37 24 for
867 1222 53 23 best
931 1222 136 27 cucumber,
1081 1230 14 16 a
1107 1220 77 33 lamb^

669 1260 39 24 Mr
729 1259 31 25 G.
782 1259 87 28 Smith,
898 1267 15 16 a
936 1259 188 31 Watering-can,
1154 1260 37 23 for

700 1300 53 24 best
764 1299 64 24 table
839 1300 137 23 decoration
988 1317 6 6 .

668 1338 39 23 Mr
718 1338 22 23 J.
754 1337 106 27 Weeber,
878 1345 13 14 a
904 1336 76 28 clock,
998 1336 35 24 for
1042 1343 44 17 one
1108 1335 82 31 pound

682 1399 3 2 .
701 1376 53 25 best
765 1376 88 24 butter.

668 1414 52 24 Mrs
743 1414 104 31 Hodges,
866 1421 46 16 one
934 1413 75 24 bottle
1030 1412 58 25 Port
1110 1412 79 28 Wine,

700 1452 37 24 for
745 1451 54 25 best
809 1453 51 30 pair
872 1450 68 25 black
952 1450 106 31 Spanish
1070 1450 87 24 Fowls.

668 1491 54 25 Mrs
744 1491 105 32 Hodges,
868 1498 45 18 one
935 1490 75 25 bottle
1030 1490 56 24 Port
1121 1489 69 25 Wine

701 1530 36 23 for
748 1529 53 24 best
809 1529 53 30 pair
870 1528 26 24 of
917 1526 133 33 Plymouth
1070 1526 87 26 Rock's.

668 1566 39 24 Mr
716 1566 115 31 Comyns,
848 1568 46 22 two
905 1566 94 30 gallons
1011 1564 63 31 beer,
1091 1565 36 23 for
1134 1560 56 34 (best

701 1604 75 24 dozen
787 1611 54 16 new
847 1604 117 30 potatoes.
1134 1613 2 15 i

668 1643 40 24 Mr
730 1643 80 28 Allen,
830 1643 36 24 set
886 1641 27 26 of
934 1642 78 24 Horse
1041 1636 94 33 Slides,:
1155 1639 36 26 for

701 1683 53 24 best
766 1691 71 23 green
855 1690 65 24 peas.
1075 1689 11 18 v
1133 1691 2 24 j

669 1720 40 25 Mr
719 1721 104 31 Murrey,
842 1720 42 33 2/6
907 1719 36 26 for
964 1719 54 25 best
1040 1717 152 32 button-fhole

703 1759 112 30 bouquet.

669 1796 39 24 Mr
720 1796 100 30 Cooper,
838 1803 15 16 a
863 1795 53 31 pair
933 1794 26 24 of
978 1793 74 28 fowls,
1080 1794 37 24 for
1138 1792 54 26 best

702 1832 128 25 Radishes.
1131 1832 4 32 J

669 1872 24 25 J.
706 1872 105 32 Ingram,
830 1872 44 32 5/-,
892 1872 37 24 for
941 1871 53 24 best
1010 1870 116 26 Primula.
1131 1881 2 20 |
1194 1876 7 31 |
1212 1876 7 8 r

670 1912 155 29 MrCaverel,
844 1912 40 32 2/6
888 1921 17 18 r
911 1911 37 26 for
959 1912 51 23 best
1030 1908 111 27 lettuces'.
1158 1920 8 11 «

670 1951 40 23 Mr
720 1951 89 29 Papps,
827 1951 50 31 2/6,
894 1950 37 23 for
942 1951 52 22 best
1005 1949 64 23 hand
1080 1949 95 29 boquet.
1195 1964 2 7 ,

670 1987 40 24 Mr
729 1987 148 28 Waterman,
906 1986 21 24 A
950 1987 101 30 Teapot,
1080 1985 37 25 for
1139 1985 53 25 best

703 2025 104 32 turnips.

671 2064 23 23 A
707 2064 97 27 Friend,
823 2063 45 32 5/-,
886 2062 36 24 for
942 2062 53 24 best
1004 2073 3 7 ■
1018 2062 127 24 collection
1168 2061 26 25 of

704 2101 142 31 vegetables.
864 2101 48 23 2nd
921 2100 87 24 Prizes
1058 2105 3 18 :

672 2139 38 24 Mr
720 2138 113 32 Laming,
851 2138 21 24 A
885 2138 71 32 whip,
974 2138 60 24 Best
1053 2137 78 24 Ixias..

671 2177 39 24 Mr
721 2177 86 27 Munn,
824 2176 22 24 A
858 2177 53 29 pair
922 2177 26 23 of
957 2175 81 24 tennis
1058 2175 80 26 shoes,
1156 2173 37 25 for

705 2213 51 25 best
763 2213 130 25 children's
901 2213 96 32 boquet,
1081 2212 111 32 flowers.)

671 2254 39 24 Mr
730 2253 100 28 Martin,
851 2253 66 24 West
940 2253 115 31 Eyreton,
1074 2252 21 24 A
1117 2245 75 31 (irorse
1219 2257 4 4 '

703 2291 80 27 Knife,
795 2291 38 24 for
844 2291 52 23 best
908 2290 105 24 Carrots.

672 2329 39 23 Mr
733 2329 93 29 Foster,
852 2328 49 32 2/6,
920 2328 37 24 for
979 2328 53 23 best
1054 2327 89 24 Cactus
1166 2326 26 25 m

704 2366 86 25 bloom.

672 2405 38 23 Mr
733 2403 121 32 Aldridge,
883 2412 13 15 a
919 2403 52 31 pair
993 2402 25 25 of
1039 2402 88 29 Fowls,
1155 2402 38 25 for

701 2443 54 24 best
775 2441 95 26 Stocks.

672 2483 20 23 A
704 2482 96 27 Friend,
814 2483 36 23 set
868 2481 26 24 of
914 2481 148 27 horseshoes,
1081 2480 36 24 for
1139 2480 53 25 best

704 2522 42 29 pot
768 2526 133 24 geranium.

672 2559 39 24 Mr
721 2558 98 28 Stubbs,
837 2566 15 16 a
874 2557 102 32 sucking
997 2557 47 31 pig,
1072 2554 54 28 best
1147 2557 45 24 col-

705 2599 89 24 lection
805 2599 27 23 of
840 2598 141 30 veeteblesg.

673 2639 39 23 Mr
724 2638 99 28 Stubbs,
835 2637 52 25 best
900 2637 38 23 six
948 2637 110 25 varieties
1070 2636 26 25 of
1103 2641 89 20 colum-

705 2677 76 24 bines.
1120 2671 3 21 '

673 2715 41 24 Mr
734 2714 94 28 Ancall,
847 2713 36 27 101
883 2713 24 27 b.
927 2713 61 31 beef,
1011 2713 52 26 besl
1087 2713 53 26 dish
1169 2713 27 26 of

708 2752 174 26 Strawberries.
919 2771 3 8 :
1119 2749 6 16 '•

674 2791 38 25 Mr
724 2790 136 31 Weylandt,
879 2789 56 24 101
942 2789 11 24 b
954 2789 61 29 beef,
1033 2789 53 25 best
1105 2789 89 26 bundle
1198 2786 25 24 -^

705 2829 26 25 of
748 2829 141 30 Asparagas.

672 2867 39 25 Mr
733 2866 93 29 Paiish,
856 2865 35 32 5/-
919 2865 35 25 for
975 2866 51 24 best
1056 2865 136 25 Free-hand

705 2904 111 31 drawing.

673 2944 51 23 Mrs
736 2942 93 30 Lough.
849 2940 95 30 Queens
956 2939 132 32 Vegetable
1095 2940 99 25 Masher

704 2984 39 23 for
756 2984 48 22 oest
819 2981 131 24 Verbenas.
1053 2985 3 18 l
1112 2994 3 21 ;

703 3021 127 25 Exhibits*
837 3028 38 16 are
897 3019 124 32 requested
1026 3021 2 10 !
1034 3021 25 22 to
1069 3019 28 24 be
1111 3044 2 3 ,
1117 3021 24 22 at
1154 3019 38 27 Mr
1209 3031 14 8 -■

673 3065 119 25 Griffith's
804 3068 71 24 store,
894 3062 105 31 opposite
1019 3062 62 25 East
1101 3062 92 25 Oxford

672 3108 108 28 Railway
793 3106 101 26 Station,
915 3104 30 31 by
957 3105 58 23 nine
1026 3105 89 23 o'clock
1135 3113 56 16 a.m.

670 3149 113 23 entrance
806 3145 35 24 fee
863 3144 37 24 for
922 3144 105 24 exhibits
1051 3146 85 29 except
1157 3145 37 25 for
1201 3167 3 3 .
1213 3165 3 5 ,

671 3188 119 24 childrens
798 3184 108 31 bbquetsi
1146 3188 77 17 ■■»•;*.

655 3237 3 3 •
673 3226 49 23 Mrs
733 3224 26 25 S.
778 3222 95 28 Horreli
893 3221 35 31 5/-
931 3221 12 17 ii
947 3221 104 25 for'best
1051 3229 3 9 (
1063 3222 96 31 Apples.

669 3262 40 25 Mr
722 3261 91 29 Fisher,
831 3259 20 24 A
864 3259 79 30 spade,
961 3259 36 24 for
1008 3258 53 25 best
1081 3260 78 25 bread.

825 3301 31 23 To
868 3299 25 23 be
906 3316 6 6 r
915 3300 147 23 continued.'-'

670 3345 68 25 THE
748 3342 135 26 OXFORD
891 3341 105 24 BRASS
1004 3331 91 36 BAnd
1102 3339 90 29 WILL

759 3387 44 25 BE
816 3386 35 23 IN
870 3384 234 26 ATTENDANCE.

748 3483 199 40 PEARSON
968 3483 138 39 PARK.
1173 3510 5 4 -
1222 3509 1 3 -

700 3575 129 25 OFFERS
841 3582 41 16 are
893 3574 92 24 invited
997 3575 30 29 by
1039 3574 40 24 the
1099 3574 93 25 Oxford
1212 3589 4 3 -

666 3612 106 25 Domain
783 3612 80 25 Board
872 3612 38 24 for
923 3612 40 24 the
974 3614 96 28 present
1088 3619 55 23 crop
1166 3612 33 24 of'

666 3658 66 22 grass
745 3651 22 22 m
779 3650 42 25 the
833 3650 106 24 Pearson
948 3649 72 24 Park.
1039 3649 76 24 Offers
1123 3651 25 22 to
1159 3649 29 25 be

665 3689 55 22 sent
730 3687 34 28 m,
777 3687 128 24 addressed
917 3688 24 22 to
954 3694 43 19 me,
1016 3694 30 15 on
1058 3694 28 17 or
1108 3686 80 25 before

665 3723 158 32 Wednesday,
835 3723 42 25 the
889 3724 58 24 25th
968 3723 57 24 inst.

827 3762 24 26 J.
885 3761 141 28 INGRAM,

939 3799 66 25 Hon.
1018 3799 134 30 Secretary.

44 170 122 38 OXFORD
195 169 92 39 TOWN
310 169 80 37 HALL
418 168 148 37 COMPANY

233 215 142 39 LIMITED,

43 305 79 57 THE
135 303 97 25 Annual
241 303 106 30 meeting
354 303 24 23 of
392 298 174 28 Shareholder's

106 338 26 22 m
155 337 41 23 the
216 336 75 24 above
313 335 132 30 Company,
470 334 47 23 vill
541 334 28 23 be

44 374 58 26 held
114 376 25 23 at
150 375 64 24 7.30.
227 381 57 23 p.m.
296 380 31 16 on
348 372 132 29 Thursday,
505 371 61 24 Nov.

45 414 59 25 2Gth
126 413 57 26 inst,
200 412 26 23 m
249 411 42 24 the
312 410 17 10 m
331 418 52 16 own
408 407 66 30 Hall,
505 409 62 24 East

45 451 97 24 Oxford.
178 450 121 25 Business,
328 447 110 25 Elsotion
462 447 26 24 of
512 447 55 23 Dir-

45 489 86 26 ectors,
144 486 49 24 and
203 486 140 29 Inspection
355 484 26 24 of
399 486 122 22 accounts.

195 529 31 24 H.
239 528 17 24 J
258 547 5 9 ;
281 527 143 28 LAMLNG,

326 566 64 23 Hon.
405 566 131 29 Secretary.

49 672 98 38 LOYAL
157 672 52 37 NIL
219 670 237 38 DESPERANDUM
471 668 102 39 LODGE

45 802 153 60 1.0.0
222 789 353 116 Jmjlf.M.U

82 974 167 26 MEMBERS
267 981 39 16 aie
318 973 89 30 hereby
430 972 148 25 summoned

49 1022 26 22 to
87 1018 84 26 attend
178 1027 15 15 a
203 1016 88 33 special
303 1016 108 30 Meeting
421 1024 30 15 on
460 1016 41 24 the
511 1016 64 28 21st,

50 1063 27 24 to
88 1062 58 24 elect
158 1069 14 16 a
183 1059 154 28 Committee,
349 1058 48 24 and
404 1061 24 21 to
437 1065 98 24 arrange
543 1058 36 24 for

51 1105 42 24 the
113 1103 171 30 Anniversary.

185 1207 258 46 NOTICE.

55 1308 86 56 ALL
169 1307 166 31 Tresspassers
359 1314 30 16 on
423 1314 42 24 my
498 1307 69 24 Land

129 1340 53 28 will,
192 1343 26 21 be
237 1340 148 30 prosoeuted.

185 1382 115 26 SARAH
314 1381 133 28 WHYTE,

125 1420 4 8 !
178 1409 41 12 ■""'
363 1421 65 25 West
445 1421 98 24 Oxford.

110 1539 198 43 TOWN
324 1539 194 43 HALL.

155 1598 103 31 EAST
294 1599 179 30 OXFORD.

52 1644 186 38 Saturday,
270 1644 78 30 Nov.
372 1646 82 28 28th
487 1646 89 30 1891.

80 1692 147 27 VARIETY
247 1691 302 30 ENTERTAINMENT,

224 1730 138 31 Consisting
371 1730 31 28 of,

152 1767 142 25 SPANISH
306 1767 125 28 DANCE,

242 1804 168 29 JtfAYPOLE
437 1804 123 28 DANCE,

96 1841 98 39 VOCAL
209 1837 62 42 AND
286 1841 250 38 INSTRUMENTAL

211 1890 200 32 Selections.

55 1936 36 24 To
103 1935 114 24 conclude,
227 1935 57 23 with
294 1935 42 24 the
346 1935 140 31 Screaming
494 1935 83 29 Farce,

154 1972 67 24 THE
240 1971 79 24 LION
339 1972 141 24 SLAYER.

56 2010 75 24 Front
156 2009 70 25 Seats
249 2009 49 24 and
320 2010 93 28 Chairs,
448 2010 45 31 2/-,
512 2009 66 24 Back

58 2048 78 28 Seats,
156 2048 43 31 1/-.

141 2137 352 55 WANTED-

55 2245 199 78 WANTED
268 2248 33 26 to
313 2245 143 39 purchase
470 2255 18 19 a
517 2255 61 19 sec-

157 2286 58 28 ond
231 2285 82 29 hand
336 2286 132 37 Buggy..

58 2326 102 40 Apply
171 2330 42 31 to,
230 2325 90 30 Office
333 2326 31 28 of
380 2326 59 29 this
472 2326 109 39 Paper.

118 2443 51 32 TO
198 2444 194 31 FARMERS
431 2445 86 30 AND

232 2485 174 30 OTHERS.

57 2562 451 45 GRiFFIiH^BROTHERS
519 2577 60 29 will

58 2627 116 30 convey
188 2618 87 29 Wool
289 2619 31 27 m
336 2617 85 29 small
436 2628 34 19 or
496 2619 84 37 large

57 2659 175 37 quantities,
244 2662 31 25 to
294 2658 163 38 Rangiora,
486 2658 94 29 Kaia-

57 2699 60 38 poi,
134 2709 33 20 or
197 2698 225 37 Christchurch,
448 2703 31 25 at
506 2708 74 31 very

55 2740 59 30 low
128 2743 89 27 rates.

56 2864 246 45 PUBLIC
320 2866 258 45 NOTICE.

54 2979 305 79 TRESPASSERS
426 2989 39 21 on
526 2981 52 29 the

138 3020 90 30 Farm
244 3021 109 29 known
371 3031 32 19 as
416 3021 116 37 Snell's,
546 3025 32 26 at

58 3060 27 29 V.
96 3065 47 26 est
169 3062 126 35 Oxford,
324 3062 61 29 will
414 3063 37 29 be
477 3072 101 29 prose-

54 3102 100 30 cuted.

156 3153 110 29 JOHN
301 3152 172 39 INGRAM,

278 3195 103 38 Agent
395 3195 40 29 fo*
458 3194 118 31 Owner.

80 3315 466 46 VACCINATION.

235 3418 46 24 DR
306 3418 108 24 WELD.

125 3472 2 4 ■
134 3462 169 24 Government
332 3461 162 26 Vaccinator.

85 3501 96 34 Hereby
199 3504 66 31 gives
288 3503 78 24 notice
388 3504 52 25 that
463 3504 30 25 lie
515 3504 61 25 Vac-

53 3549 93 23 cinates
179 3548 27 22 m
240 3546 98 28 Oxford,
369 3546 125 32 Tuesdays
527 3548 49 24 and

52 3589 151 31 Thursdays^
217 3591 25 22 at
255 3590 31 22 10
310 3596 55 16 a.m.

84 3633 97 23 Private
193 3632 91 24 Rooms
296 3632 25 23 at
334 3630 41 25 the
399 3631 81 29 Hotel,
505 3631 68 30 Oust,

51 3682 33 15 on
108 3674 174 29 Wednesdays,
305 3673 63 24 from
393 3675 28 21 12
447 3682 56 16 a.m.
536 3675 39 24 till

51 3717 16 23 2
78 3723 61 25 p.m.

85 3758 61 25 N.B.
182 3757 76 31 Bring
280 3756 110 26 children
418 3756 79 26 before
531 3758 43 26 hot

51 3801 108 28 Weather
170 3800 91 32 begins.
