2460 3880
88 165 58 25 Tea-
149 174 58 23 cups
219 166 46 24 and
276 174 102 20 saucers,
390 167 85 30 plates,
494 165 81 24 dishes

119 209 48 23 and
179 209 54 28 tins;

55 250 112 26 Window
178 251 88 29 blinds,
289 253 192 27 antimacassars,
502 251 72 25 wool-

121 298 70 26 mats,

87 337 162 29 Needlework,
262 338 108 31 slippers,
383 337 77 29 boots,
470 338 104 24 bonnets

118 380 115 24 and*h%ts
238 390 6 20 ;

53 421 72 25 Dolls
135 423 59 24 with
206 424 77 30 pretty
295 423 72 28 faces,
380 423 115 25 beautiful
508 425 64 22 curls

90 465 108 24 Suitable
205 467 109 29 presents
321 466 36 23 for
365 467 59 29 gooi]
434 466 64 24 little
506 467 68 29 girls;

55 506 73 31 Tops,
140 507 69 27 balls,
219 507 102 28 wickets,
332 507 61 28 bats,
404 508 89 27 knives,
503 508 72 24 boxes

120 548 27 25 of
156 550 59 30 toys,

90 592 125 29 Whistles,
225 592 116 27 neckties,
353 592 92 30 collars,
455 592 33 27 all
497 593 79 25 useful

122 636 25 22 to
160 635 63 31 boys.

55 675 80 26 Books
158 677 36 24 for
227 677 40 24 the
300 678 115 29 studienfc,
438 685 15 18 a
474 685 101 25 nursery

153 721 91 31 rhyme,

89 763 114 24 Watches
214 763 47 24 and
273 764 79 23 clocks
363 765 24 22 to
408 764 53 30 give
484 767 90 20 correct

121 806 63 28 time,

59 847 71 25 Fruit
149 848 28 25 of
195 848 34 26 all
251 848 70 25 kinds
343 849 37 24 for
398 848 73 31 jams,
490 848 86 32 jellies,

121 891 93 24 dessert

88 933 33 24 Or
132 934 68 24 those
210 933 77 24 better
308 934 79 24 suited
394 933 37 25 for
448 934 127 32 puddings,

120 984 27 16 or
156 978 66 23 tarts.

54 1017 120 32 Farming
185 1018 107 28 utensils,
305 1019 76 30 grain,
400 1021 106 29 potatoes
528 1020 48 23 and

121 1069 56 23 peas
186 1070 7 21 ;
589 1085 2 3 .

90 1104 86 29 Cattle,
201 1104 73 29 fowls,
295 1105 82 28 ducks,
407 1113 77 23 geese,
509 1114 68 22 eggs,

122 1147 78 24 butter
205 1147 47 23 and
259 1147 92 28 cheese',

57 1189 63 31 Soap
142 1189 37 24 for
201 1189 42 25 the
265 1190 76 28 toilet,
365 1192 70 23 small
455 1191 88 24 bottles
555 1191 26 24 of

144 1234 66 22 scent

90 1274 137 29 Inkstands,
248 1276 140 31 penwipers,
400 1276 33 24 all
444 1276 67 24 these
523 1284 57 23 may

123 1317 29 25 be
169 1320 54 22 sent

59 1360 71 24 With
141 1369 15 16 a
167 1362 67 30 great
240 1368 74 24 many
321 1361 79 25 others
409 1364 42 23 not
458 1362 118 25 mention-

124 1413 29 24 ed
175 1413 75 24 above

91 1455 110 31 Samples
212 1455 27 24 of
247 1455 116 31 industry,
377 1456 84 24 tokens
483 1456 26 24 of
528 1457 52 24 love

57 1497 68 26 Witli
137 1498 89 25 thanks
237 1501 25 22 to
274 1500 39 23 the
325 1499 86 25 donors
429 1499 60 25 well
500 1500 81 32 gladly

121 1538 89 25 receive
611 1544 2 22 j

91 1580 130 25 Whatever
233 1580 58 24 kind
303 1580 90 25 friends
403 1581 70 24 think
495 1589 85 24 proper

123 1625 26 22 to
163 1624 61 29 give;
247 1644 1 2 .

57 1664 42 26 All
121 1665 70 24 kinds
224 1665 26 23 of
269 1665 97 24 articles
396 1665 74 32 likely
492 1667 24 23 to
535 1667 45 23 sell

90 1707 75 25 From
184 1717 16 16 a
210 1709 77 30 lady's
309 1708 56 31 gold
393 1709 76 24 watoh
481 1711 25 22 to
539 1709 40 24 the

123 1751 85 24 child's
222 1753 40 30 toy
273 1752 48 23 and
334 1751 54 24 bell.

270 1804 1 21 :
271 1820 37 6 —
308 1815 31 15 *$,
415 1822 34 4 _
611 1799 2 30 !

107 1870 198 25 MECHANICS
342 1870 191 26 INSTITUTE.

92 1950 53 24 The
166 1950 130 31 adjoiirncd
318 1950 88 24 aunual
428 1950 106 31 meeting
555 1950 26 24 of

59 1987 43 24 the
114 1988 140 24 Mechanics
273 1988 112 24 Institute
406 1996 49 16 was
478 1988 54 24 held
553 1988 27 24 m

58 2025 43 25 the
113 2026 94 32 Orange
219 2025 66 29 Hall,
298 2034 31 16 on
348 2026 109 31 Tuesday
479 2027 103 31 evening

59 2063 57 25 last.
150 2064 76 24 There
248 2071 49 17 was
305 2073 14 14 a
328 2064 46 24 fair
380 2064 149 29 attendance,
541 2065 39 22 Mi-

60 2102 100 32 lligram
181 2103 42 24 the
245 2103 100 31 retiring
355 2103 132 29 President,
500 2103 25 24 m
535 2104 43 23 the

60 2141 76 24 chair.

92 2178 53 24 The
156 2180 103 22 minutes
272 2178 26 24 of
306 2179 40 24 the
357 2179 112 30 previous
491 2178 90 25 annual

59 2221 113 26 meeting,
184 2223 61 18 were
254 2217 56 24 read
322 2216 48 24 and
389 2217 142 24 confirmed.

92 2253 53 24 The
156 2253 126 24 chairman
294 2253 59 29 said,
364 2262 59 23 your
445 2254 136 24 committee

58 2291 62 24 have
131 2293 50 22 met
193 2291 82 25 eleven
286 2291 67 24 times
366 2291 88 31 during
466 2291 42 24 the
525 2293 55 29 past

56 2336 56 23 year
122 2329 37 24 for
169 2330 41 23 the
227 2329 104 24 conduct
352 2328 27 25 of
398 2329 42 24 the
463 2329 100 25 busines-
573 2347 6 7 .

59 2366 51 23 The
119 2366 116 30 principal
253 2366 111 24 business
386 2368 56 27 wa>
457 2367 124 29 removing

58 2402 43 25 the
112 2402 74 25 books
198 2405 24 21 to
233 2410 15 16 a
265 2410 66 17 more
355 2402 93 25 central
469 2403 110 31 position.

58 2440 59 24 This
128 2440 80 25 action
219 2439 27 24 of
254 2439 40 24 the
307 2440 142 24 Committee
461 2441 117 29 appeared

58 2479 25 23 to
94 2477 61 25 have
179 2477 58 25 been
249 2477 157 31 appreciated,
419 2486 27 16 as
468 2479 30 23 84
521 2486 53 17 new
593 2482 6 33 [

58 2517 144 25 subscribers
225 2517 60 23 have
303 2517 82 31 joined
415 2517 88 31 during
536 2519 40 23 the

54 2562 66 23 year.
153 2554 22 24 A
185 2554 104 24 number
301 2555 26 23 of
331 2562 135 23 newspaper
486 2562 91 18 owners

58 2600 60 16 were
131 2592 94 24 written
237 2595 33 25 to,
282 2592 86 31 asking
378 2591 36 25 for
436 2601 13 15 a
472 2600 61 23 copy
555 2592 26 25 of

58 2630 63 23 their
131 2637 75 23 paper
217 2634 25 19 to
254 2629 29 24 be
295 2632 52 21 sent
369 2632 25 21 to
418 2630 41 24 the
482 2630 98 31 Library

57 2667 80 28 whjch
147 2675 48 23 you
206 2675 40 16 are
257 2675 31 16 no
299 2667 75 24 doubt
386 2675 77 16 aware
474 2667 22 24 is
518 2676 62 23 open

57 2708 25 21 to
95 2705 41 24 the
148 2705 80 31 publ.ip
245 2705 48 24 free
315 2705 71 33 daily.
396 2726 2 2 .
421 2703 52 26 The
494 2713 86 23 papers

58 2742 80 25 which
149 2750 41 16 are
202 2742 72 31 being
285 2743 53 23 sent
343 2742 125 31 .regularly
479 2750 41 17 are
540 2743 41 24 the

59 2783 135 31 'Lytteltoo'
200 2782 106 29 -Times,',
315 2782 158 31 •Wellington
493 2783 86 28 Press,'
593 2785 4 7 '

58 2820 149 31 'W"anganui
212 2820 127 29 Yeoman,'
349 2820 121 25 ■Daranaki
478 2818 110 33 Budget/

59 2858 133 25 'Kaikoura
199 2858 56 25 Star
252 2874 5 12 :
256 2858 5 9 '
266 2853 115 40 'O^maru
386 2859 69 27 Mail,
460 2861 5 9 '
472 2858 105 25 Hawkes

57 2893 53 34 Bay
122 2896 97 28 Herald,
232 2896 49 24 and
292 2896 98 25 •Nelson
396 2895 88 33 'M'a'il.';
498 2896 35 27 In.
539 2896 47 27 ad-,

57 2934 78 24 dition
146 2936 25 21 to
183 2931 56 32 this,
251 2935 66 23 there
328 2934 22 24 is
361 2935 53 23 sent
424 2936 23 23 to
460 2934 42 24 the
522 2934 56 23 Lib-

41 2993 2 4 .
56 2981 56 24 rary
119 2994 3 9 ,
134 2973 31 31 by
187 2973 146 25 subscribers
341 2970 5 12 :
395 2973 52 25 The
480 2973 101 25 London
599 2994 3 2 .

58 3016 7 12 «
79 3013 105 31 Weekly'
192 3013 99 28 Times,'
305 3013 205 28 "'Australiasian,
527 3010 55 27 'and

195 3048 5 14 ;
227 3050 51 24 The
312 3050 137 25 Orfehogtral
480 3050 100 37 jSociety

41 3094 2 6 '
58 3087 104 26 handed'
167 3088 42 24 the
219 3088 138 25 committee
369 3088 36 24 £1
412 3090 4 6 '
424 3091 36 26 6s,
479 3088 36 24 for

58 3126 120 31 purchase
189 3125 26 26 df
217 3128 3 15 ;
223 3128 54 22 hew
289 3126 73 24 books
365 3136 6 18 j
378 3134 3 11 ;
383 3126 79 24 which
473 3125 43 25 has
525 3126 57 25 Tno't
600 3127 3 26 !

56 3164 115 31 yekbeen
183 3164 66 26 dealt
255 3164 67 27 with;
335 3170 11 21 ,'.
356 3164 69 25 After
436 3171 90 25 paymg
548 3165 33 24 all

57 3201 161 32 outstanding
228 3201 68 26 debts
308 3202 70 24 there
400 3203 21 24 is
444 3210 14 16 a
478 3198 116 29 IKalance..
604 3230 2 2 _

56 3240 27 25 m
90 3240 66 24 hand
167 3240 26 24 of
204 3239 37 24 £2
259 3241 28 23 6s
304 3240 39 25 sd.
378 3239 52 25 The
442 3241 139 23 committee

28 3278 91 26 f'-haye
131 3279 58 23 been,
199 3278 125 30 presented
341 3278 57 24 with
421 3280 30 22 50
474 3275 108 31 Volumes

54 3311 94 42 of^n'^y,
155 3316 82 30 boqks,
247 3315 80 25 Avhich
340 3316 43 23 has
393 3315 61 25 been
465 3316 76 24 added
552 3320 24 20 to

56 3356 42 23 the
109 3356 95 31 library.
319 3356 139 24 committee
470 3355 80 24 think,
560 3356 21 24 it

55 3392 124 25 advisable
191 3393 60 24 that,
263 3401 13 14 a
284 3401 61 16 -new
359 3393 109 31 B.uildjing
473 3393 42 29 jfor
519 3408 5 13 ;
538 3393 42 24 the
592 3408 2 3 •
610 3397 2 9 :

24 3452 2 3 .
37 3452 10 3 _
56 3439 103 23 purpose
162 3432 34 25 j)f
205 3440 14 16 a
231 3431 88 33 library
321 3432 57 37 j^nd
393 3432 101 32 reailiflg
512 3437 67 25 f,oom

24 3464 373 30 •^■■'sliouldibe'erectedVin'itne
411 3471 6 11 v
420 3470 73 24 Park.
517 3490 5 12 f
528 3471 54 29 T;he,

31 3510 124 27 .■'support
166 3509 124 29 promised-
292 3521 7 15 I
306 3509 103 26 towards
432 3510 48 22 this
502 3509 91 31 o,bj.eet,,
598 3519 14 15 ,:

114 3554 31 20 so,
150 3547 40 26 far,
195 3547 68 24 been.
268 3556 60 23 v^ry,
333 3548 139 32 gratifying,'
482 3549 49 23 and
542 3556 36 17 we

25 3604 19 14 ,
56 3585 126 37 hopejthat
195 3586 77 32 befqre;
280 3587 46 37 jthe
336 3591 57 20 next
405 3589 92 22 annual
506 3589 73 23 meet-

26 3648 2 2 .
54 3624 44 31 ing
108 3626 174 38 c^ome^round,
297 3627 39 24 die
347 3627 111 31 bu.ldmg
477 3627 49 24 will
549 3627 28 24 be

40 3683 14 18 y
54 3662 73 42 readj^^
144 3665 37 21 ior
193 3686 4 9 ,
204 3664 149 30 occupation.
388 3665 51 24 The
461 3665 70 31 plans
553 3665 27 24 of
602 3683 4 4 .

24 3713 14 13 v
51 3701 45 25 the
103 3726 5 7 ;
118 3702 117 31 proposed
258 3693 177 40 buiying.Kes
467 3713 31 16 on
511 3725 4 5 ,
531 3703 43 27 the
609 3713 3 3 '

26 3756 4 9 <
39 3754 4 26 I
53 3741 66 25 caWe
129 3747 5 21 ;
150 3741 60 29 tlujy
221 3741 61 23 have
292 3743 81 30 yet'to,
379 3742 29 24 be
419 3743 120 30 approved
550 3743 26 24 of

26 3779 4 3 '
39 3775 4 5 '
51 3773 32 35 by
94 3780 52 23 the^
155 3780 104 24 Domain
272 3777 87 28 Board.
369 3780 4 9 '
381 3776 4 13 '
391 3780 42 26 'On
445 3782 41 24 the
509 3782 53 25 mdt'
590 3788 3 3 '

665 171 42 24 ion
729 172 27 23 of
775 173 37 24 Mi
831 174 121 33 Prichard,
970 178 42 25 the
1034 181 81 30 report
1136 187 50 18 was

664 210 103 30 alopted
778 219 27 16 as
815 214 64 23 read.

694 248 24 24 It
729 257 47 17 was
798 253 115 28 proposed
923 254 48 23 and
982 256 99 28 carried,
1127 256 54 24 that

664 287 89 24 several
765 287 139 27 alterations
925 291 26 23 m
974 292 42 24 the
1040 294 145 30 regulations

662 323 79 25 which
752 333 59 16 were
822 327 64 28 read,
899 327 29 25 be
951 329 77 28 made,
1051 331 43 24 the
1116 331 65 31 prin-

661 361 61 31 ciple
733 362 25 23 of
770 361 75 26 which
858 373 48 16 was
918 366 52 24 that
990 369 39 23 the
1049 369 134 23 committee

660 400 25 22 of
701 404 166 26 management
878 402 30 24 be
929 404 103 24 reduced
1054 407 24 23 to
1102 414 79 20 seven,

660 439 48 24 and
720 439 54 24 that
789 447 63 17 none
873 441 43 25 but
936 444 146 25 subscribers
1094 446 87 24 should

659 479 62 22 have
730 486 14 16 a
758 479 63 24 voice
836 480 25 23 m
873 481 42 24 the
1159 484 20 24 A

660 519 55 23 vote
726 518 26 23 of
762 518 87 24 thanks
860 528 49 16 was
921 522 114 24 accorded
1047 526 25 21 to
1084 524 39 23 the
1145 531 36 16 re-

659 555 75 30 tiring
744 556 138 24 committee
893 558 48 23 and
949 561 26 22 to
988 559 38 24 Mr
1037 560 30 23 E.
1090 561 91 24 Reeves

659 593 36 24 for
707 593 37 24 his
756 594 134 31 gratuitous
899 596 101 25 services
1009 606 26 15 as
1044 598 136 25 Librarian.

659 633 25 23 It
695 641 47 15 was
751 635 117 29 proposed
880 635 28 30 by
920 635 40 23 Mr
972 637 82 28 Recce,
1067 639 48 22 and
1137 646 43 15 un-

660 672 135 32 animously
817 674 99 29 carried,
1035 684 15 17 a
1069 679 56 23 vote
1156 677 27 25 of

660 710 88 25 thanks
759 712 28 23 be
798 712 113 24 accorded
933 714 25 23 to
982 714 39 24 the
1043 722 139 25 newspaper
1210 728 2 9 ;

660 748 144 31 proprietors
815 750 54 24 who
879 759 39 16 are
929 752 103 30 sending
1042 754 43 22 the
1103 761 77 17 news-

660 795 91 23 papers,
765 788 47 23 and
831 791 25 22 to
867 789 70 24 those
949 790 52 25 who
1015 799 60 22 gave
1095 800 15 16 a
1121 793 58 23 don-

660 826 67 23 ation
738 825 26 24 of
777 825 73 25 books
873 829 26 21 to
921 827 41 24 the
1132 829 51 24 The

661 863 101 25 election
774 863 26 25 of
809 864 41 24 the
862 865 137 24 committee
1019 867 49 23 and
1089 867 94 24 officers

659 901 36 23 for
706 901 42 24 the
760 902 101 30 ensuing
866 910 56 22 year
930 910 46 17 was
984 903 59 24 then
1052 904 128 30 proceeded

662 938 65 28 with,
740 940 40 22 the
793 940 73 23 result
877 939 72 31 being
960 949 26 15 as
1007 940 94 26 follows
1110 949 6 17 :
1120 955 31 4 —

692 977 131 27 President,
836 977 39 24 Mr
885 978 30 23 A.
929 978 27 23 P.
978 978 123 28 Prichard,
1125 979 57 24 Sec-

647 1018 3 3 '
660 1016 80 28 retary
751 1014 47 23 and
810 1014 135 28 Treasurer,
958 1015 39 23 Mr
1009 1016 26 23 0.
1049 1016 33 23 H.
1091 1016 88 27 Petrie,

661 1053 131 28 Librarian,
805 1053 39 24 Mr
856 1055 29 23 E.
905 1054 100 29 Reeves,
1029 1055 154 29 Committee,

662 1093 88 24 Messrs
765 1093 94 28 Parish,
872 1093 131 31 Campbell,
1016 1095 106 30 Ingram,
1136 1095 48 24 and

661 1131 109 32 Laming.
789 1131 51 24 The
852 1132 108 31 meeting
970 1132 61 25 then
1042 1133 138 31 adjourned.

662 1278 93 26 WEST
768 1279 137 25 OXFORD
915 1279 133 26 SCHOOL
1056 1280 128 25 ENTER-

822 1316 185 26 TAINMENT.

694 1396 52 24 The
766 1396 201 26 Sub-committee
996 1397 130 32 appointed
1159 1399 24 24 to

662 1441 66 23 carry
739 1436 42 22 out
793 1434 42 23 the
847 1434 75 24 above
933 1436 88 29 report,
1031 1443 27 15 as
1069 1436 93 24 follows
1173 1444 5 16 :

695 2221 133 24 LETTER
840 2221 92 25 FROM
953 2221 198 25 MANAWATU.

695 2301 72 24 Dear
780 2301 105 28 MolliEj
887 2316 32 3 —
920 2301 61 25 Now
1002 2301 75 25 about
1098 2302 87 24 Feild-

662 2341 43 30 ing
715 2341 45 23 and
774 2341 40 23 the
851 2341 153 25 Manchester
1015 2341 102 28 Block.!'
1147 2341 38 25 No

639 2390 3 3 ■
663 2379 76 27 doubt
760 2387 47 23 you
827 2380 48 23 will
903 2380 135 24 remember
1070 2382 26 22 to
1103 2397 3 14 ,
1126 2381 59 23 have

663 2418 72 24 heard
747 2427 27 16 or
784 2418 66 29 read,
863 2419 54 23 that
940 2419 42 24 the
1029 2419 156 25 Manchester

664 2458 78 24 Block
792 2458 131 31 consisting
936 2459 35 23 lof
997 2466 45 17 one
1056 2460 3 3 '
1075 2458 109 25 hundred

664 2498 123 23 thousand
806 2506 65 16 acres
894 2498 27 24 of
938 2498 74 24 dense
1034 2498 71 30 bushj
1136 2498 49 24 and

663 2544 91 24 swamp
766 2537 65 27 land,
844 2545 50 16 was
905 2538 133 30 purchased
1060 2538 59 24 from
1141 2538 43 24 the

663 2576 57 24 New
733 2576 109 24 Zealand
854 2576 173 30 Government,
1041 2576 30 32 by
1082 2585 19 21 a,
1109 2576 72 26 Com-

663 2622 64 22 pany
738 2614 26 23 m
775 2613 123 31 England,
922 2615 25 22 of
969 2615 80 24 which
1072 2615 41 24 the
1135 2615 49 25 late

663 2653 69 24 Duka
743 2653 26 24 of
778 2653 153 24 Manchester
943 2661 49 17 was
999 2653 42 25 the
1048 2654 135 25 President.

663 2692 24 24 It
700 2700 47 17 was
758 2691 91 31 bought
860 2693 38 23 for
908 2691 84 26 fifteen
1004 2693 113 32 shillings
1140 2702 43 23 per

664 2740 62 19 acre,
740 2731 56 24 with
807 2731 37 23 hix
854 2732 119 24 thousand
984 2740 65 16 acres
1067 2734 71 30 given
1160 2734 27 23 m

625 2778 4 11 ■■
663 2769 37 24 for
710 2769 69 24 roads
791 2768 47 24 and
856 2776 113 18 reserves.
1004 2769 117 33 Feilding,
1143 2771 43 24 the

623 2818 10 11 ;.■
663 2806 63 25 chief
735 2809 66 22 town
812 2807 27 23 m
850 2808 41 23 the
901 2807 70 24 block
981 2808 21 24 is
1013 2809 90 24 named
1125 2809 62 25 after

664 2844 98 26 Colonel
774 2844 119 32 Feilding,
905 2853 45 17 one
962 2846 26 24 of
997 2846 42 24 the
1051 2847 135 31 Company,

663 2884 48 25 and
723 2884 138 26 Halcooibe,
872 2884 102 25 another
985 2886 71 27 town,
1068 2886 25 24 is>
1101 2888 84 23 named

663 2923 28 23 m
701 2922 79 24 honor
791 2922 27 24 of
827 2922 38 23 Mr
887 2922 141 28 Halcombe,
1053 2924 40 25 the
1112 2927 74 28 agent

642 2982 12 5 ..
664 2961 55 26 wJio
727 2969 72 18 .came
807 2963 43 27 put
861 2961 65 29 with.
931 2961 42 24 the
981 2962 55 24 first
1047 2963 35 24 lot
1091 2964 26 23 of
1126 2964 59 24 emi-

665 3003 84 27 grants
769 2999 27 24 m
819 3000 72 23 1873.
919 2999 184 33 >Bunnythorpe
1136 3003 49 23 and

665 3037 106 24 Ashurst
782 3044 41 16 are
834 3044 83 16 names
940 3037 26 23 of
986 3037 42 24 the
1050 3041 47 21 two
1119 3041 67 22 other

639 3076 7 20 r
664 3075 132 30 townships
807 3074 27 23 m
857 3074 43 24 the
923 3074 152 25 Manchester
1097 3076 85 25 Block.

663 3112 52 25 The
736 3112 58 25 land
816 3111 78 24 which
919 3112 129 31 comprises
1068 3121 68 17 some
1159 3114 26 24 of

634 3168 17 10 n
658 3150 92 28 ,rjcbest
773 3149 36 24 of.
819 3149 41 24 the
882 3149 78 26 fertile
990 3149 58 24 land
1089 3151 26 24 of
1143 3152 43 24 the

633 3182 7 9 r
663 3188 59 24 wide
728 3187 145 24 'Mana\vatu
884 3186 101 29 district,
1009 3194 48 17 was
1080 3188 52 23 sold
1154 3196 32 17 on

663 3234 56 23 easy
731 3225 83 28 terms;
827 3223 107 26 deferred
945 3226 130 30 payments
1097 3227 25 23 to
1143 3226 43 25 the

661 3264 54 24 first
727 3262 103 28 settlers,
840 3262 54 24 who
915 3262 51 24 also
985 3262 76 24 found
1082 3264 103 31 employ-

661 3304 68 23 ment
741 3304 23 22 m
776 3302 59 24 road
846 3302 109 30 making,
974 3302 49 23 and
1044 3303 70 23 other
1135 3310 52 17 im-

661 3343 160 31 provements.
834 3358 9 7 ,-
857 3341 119 30 Feilding.
999 3342 43 24 has
1086 3350 55 16 now
1171 3351 14 16 a

644 3396 18 14 _,
660 3379 143 38 population
825 3379 31 25 of.
873 3387 56 16 over
961 3379 66 24 three
1055 3379 129 25 thousand.

662 3418 91 30 Nearly
776 3417 71 30 ninty.
867 3416 120 24 thousand
1008 3423 75 28 aeresj
1096 3417 28 24 of
1143 3417 42 25 the

622 3451 3 7 '
638 3449 15 18 °
663 3455 65 24 buslr
736 3456 21 23 is
769 3456 41 23 cut
818 3454 77 27 down,
908 3452 49 25 and
974 3453 44 24 'the
1030 3460 4 7 '
1041 3454 59 23 land
1119 3463 64 16 sown

660 3491 58 27 with
727 3500 77 24 grass,
817 3492 47 24 and
877 3491 68 25 there
957 3499 40 17 are
1019 3491 122 25 hundreds
1161 3493 26 24 of

660 3529 154 25 comfortable
826 3529 133 30 dwelling's,
972 3528 45 24 and
1029 3529 62 30 good
1112 3529 73 25 farms

660 3568 81 23 where
755 3575 77 23 .crops
854 3574 65 24 grow
949 3567 156 31 luxuriantly,
1137 3569 49 22 and

661 3607 71 31 sheep
743 3606 49 24 and
803 3606 74 24 cattle
887 3613 72 24 graze
981 3606 49 23 and
1052 3613 65 23 grow
1140 3607 43 24 fat.

660 3644 139 31 Altogether
821 3644 68 23 there
910 3644 22 23 is
954 3651 55 16 over
1041 3645 70 26 5,000
1146 3645 37 23 in-

658 3683 132 26 habitants
802 3691 32 17 on
856 3683 51 26 the:
920 3682 154 25 Manchester
1096 3683 85 30 Block,

630 3727 4 4 '
660 3724 48 24 this
719 3731 65 23 year.
819 3723 13 23 I
854 3722 50 24 had
926 3731 13 14 a
963 3730 56 23 very
1041 3722 142 33 interesting

657 3762 55 24 chat
723 3761 60 24 with
795 3768 14 16 a
820 3761 65 31 lady,
898 3760 40 24 the
950 3760 54 24 wife
1016 3759 26 25 of
1048 3768 46 17 one
1106 3761 26 24 of
1141 3763 40 22 the

655 3798 55 25 first
731 3798 94 24 settlers
847 3798 26 23 m
894 3797 119 30 Feilding,
1035 3797 49 25 last
1105 3798 67 24 week

1280 182 48 25 She
1339 185 51 23 told
1402 194 38 16 me
1452 195 73 25 many
1547 189 146 34 interesting
1714 196 83 23 events

1277 222 27 24 of
1310 223 69 25 those
1391 226 64 30 early
1466 227 66 31 days.
1559 229 25 24 It
1595 238 76 18 seems
1684 233 40 24 the
1745 241 52 18 new

1276 260 99 26 arrivals
1386 262 49 25 had
1446 272 57 24 very
1514 267 62 24 little
1584 268 55 25 idea
1651 270 24 23 of
1686 270 41 24 the
1746 274 50 22 sort

1275 297 26 23 of
1310 299 66 29 place
1388 301 56 31 they
1452 310 59 17 weie
1533 305 97 32 coming
1642 308 32 23 to.
1724 308 69 25 Bush

1392 340 58 31 they
1483 342 104 32 thought
1619 348 84 23 meant
1737 349 58 24 land

1273 375 99 24 covered
1384 378 59 23 with
1454 387 53 16 rose
1517 388 26 16 or
1551 383 141 31 gooseberry
1700 385 93 26 bushes.

1272 410 39 25 Mr
1333 413 133 27 Halcombe
1489 417 39 25 the
1550 421 79 28 agent,
1655 421 49 24 had
1733 430 57 24 any-

1274 448 69 32 thing
1354 450 44 24 but
1409 460 14 16 a
1434 461 54 23 rosy
1497 455 57 25 time
1563 456 37 24 for
1608 465 68 17 some
1685 460 108 24 months.

1273 488 94 32 Angry,
1380 490 167 32 disappointed
1558 503 54 16 men
1624 499 65 22 went
1700 501 25 21 to
1734 500 59 28 him,

1272 526 94 31 asking,
1379 529 77 24 where
1468 538 39 16 are
1519 540 44 15 our
1581 533 74 25 farms
1665 536 11 22 ?
1693 536 49 23 and
1765 537 29 24 he

1271 573 49 17 was
1337 566 94 32 obliged
1442 571 25 23 to
1479 578 100 22 answer,
1691 576 102 30 patient,

1272 603 42 25 the
1325 605 58 23 land
1392 606 22 24 is
1422 609 44 23 not
1473 610 113 31 surveyed
1597 613 42 22 out
1727 613 67 25 Then

1272 642 88 25 tearful
1382 651 90 17 women
1494 648 79 23 would
1596 656 42 23 say
1661 649 56 32 they
1746 651 49 24 had

1271 677 60 26 been
1344 679 101 34 brought
1457 683 68 26 there
1539 686 24 23 to
1582 688 87 24 starve.
1704 688 38 25 Oh
1751 696 42 22 no,

1271 716 32 26 he
1313 718 97 31 replied,
1424 721 39 24 the
1483 731 53 17 men
1558 724 49 24 will
1630 725 29 25 be
1682 726 54 31 paid
1758 727 37 25 for

1271 755 64 25 their
1372 761 72 27 work,
1485 762 49 23 and
1579 762 63 25 their
1691 764 100 25 families

1271 800 46 17 can
1355 795 61 26 have
1455 798 63 24 their
1567 802 75 22 wants
1685 802 110 30 supplied

1278 834 25 22 at
1320 846 2 3 •
1334 832 42 25 the
1410 835 147 33 Company's
1590 838 83 24 stores.
1722 838 73 25 Some

1271 869 102 26 families
1386 874 92 23 wanted
1490 882 26 16 so
1538 883 74 22 many
1629 877 91 30 things,
1741 877 54 25 that

1273 910 25 22 at
1310 909 41 24 the
1363 910 43 23 end
1419 911 25 24 of
1456 911 40 24 the
1515 913 91 27 month,
1626 921 32 16 on
1680 915 111 30 pay-day,

1242 951 2 4 '
1273 945 42 25 the
1325 946 113 25 husband
1450 949 47 24 and
1516 949 79 25 father
1617 950 76 25 would
1716 951 30 25 be
1767 952 27 24 m

1272 983 55 24 debt
1339 986 25 22 to
1376 985 41 24 the
1430 994 119 24 company
1570 988 96 25 instead
1689 989 27 24 of
1735 990 58 23 hav-

1272 1021 44 30 ing
1334 1029 86 24 money
1442 1025 25 21 to
1491 1024 63 27 tale,
1575 1025 48 23 and
1645 1025 61 24 then
1727 1027 67 23 there

1272 1058 80 24 would
1364 1058 29 25 be
1404 1069 67 16 more
1483 1062 100 24 trouble.
1618 1063 60 25 This
1694 1063 56 33 lady
1772 1064 23 24 is

1271 1097 110 25 mistress
1393 1098 26 24 of
1428 1107 14 16 a
1454 1099 133 25 handsome
1598 1102 120 28 mansion,
1742 1110 51 16 sur-

1271 1135 108 25 rounded
1392 1137 57 24 with
1460 1137 123 26 hundreds
1595 1138 26 25 of
1630 1147 64 16 acres
1702 1139 26 25 of
1734 1140 59 24 free-

1272 1175 57 24 hold
1340 1175 65 24 land.
1418 1176 69 28 Now,
1499 1178 78 23 would
1586 1186 47 22 you
1645 1187 31 22 go
1683 1178 106 31 through

1271 1212 21 25 it
1303 1213 33 24 all
1348 1213 80 31 again,
1452 1213 14 24 I
1477 1214 82 27 asked.
1577 1215 39 24 Oh
1627 1223 50 23 yes,
1698 1216 42 24 she
1759 1223 35 16 re-

1272 1253 72 30 plied,
1357 1248 59 28 with
1439 1261 14 16 a
1475 1253 82 33 happy
1580 1255 75 28 smile,
1676 1255 69 24 tvrice
1768 1263 27 16 as

1274 1292 81 29 much,
1365 1293 37 23 for
1424 1293 42 24 the
1489 1301 63 17 same
1575 1295 93 24 results.
1701 1295 14 23 I
1734 1295 62 24 have

1272 1330 87 24 visited
1369 1330 140 25 Manawatu
1532 1331 88 32 Gorge.
1655 1331 61 25 Will
1738 1332 53 32 give

1271 1375 47 24 you
1330 1375 14 17 a
1356 1367 144 32 description
1511 1369 26 25 of
1546 1369 19 25 it
1577 1371 60 23 next
1649 1370 64 24 time.

1467 1406 79 25 Yours
1559 1408 40 27 &c,

1676 1446 87 24 Doris.

1376 1551 134 24 OXFORD
1527 1552 155 25 LIBRARY.

1305 1630 14 24 I
1329 1630 61 24 have
1402 1633 25 22 to
1439 1632 164 31 acknowledge
1615 1640 32 16 on
1669 1632 83 26 behalf
1772 1633 27 25 of

1273 1669 42 25 the
1338 1670 90 24 Oxford
1450 1670 103 32 Library
1577 1671 153 30 Committee,
1753 1673 43 24 the

1273 1709 122 32 following
1406 1710 115 24 donation
1533 1711 26 24 of
1567 1710 83 30 books,
1653 1726 32 4 —

1273 1748 75 25 From
1360 1749 39 24 Mr
1411 1750 108 30 Ingram,
1522 1764 31 5 —

1273 1788 52 25 The
1338 1792 64 27 story
1414 1789 26 24 of
1449 1790 40 23 the
1512 1790 135 31 Godsbury,
1675 1791 31 29 by
1728 1791 66 24 Eud-

1369 1827 60 31 yard
1446 1826 106 33 Kipling.

1274 1863 57 24 Wee
1343 1863 82 25 Willie
1438 1864 102 29 Winkie,
1593 1865 30 30 by
1635 1866 30 23 R.
1686 1865 109 31 Kipling.

1272 1900 29 24 In
1312 1901 77 23 Black
1400 1901 49 23 and
1461 1901 90 28 White,
1592 1901 30 31 by
1635 1903 30 23 R.
1687 1902 107 31 Kipling.

1273 1938 52 24 The
1334 1938 122 25 Phantom
1466 1939 134 28 Rickshaw,
1609 1939 30 32 by
1647 1940 30 24 R.
1687 1940 108 31 Kipling.

1273 1975 47 24 The
1332 1976 73 31 Light
1417 1977 53 23 that
1482 1976 80 29 failed,
1599 1977 31 31 by
1642 1978 29 23 R.
1684 1978 109 31 Kipling.

1271 2013 88 29 Tottie,
1524 2015 28 31 by
1570 2015 21 24 A
1602 2014 69 33 Lady
1682 2015 25 25 of
1722 2015 73 26 TitK

1271 2051 131 32 Desperate
1414 2053 133 29 Remedies,
1574 2053 106 25 Thomas
1701 2054 92 31 Hardy.

1272 2100 72 24 From
1356 2100 37 24 Dr
1410 2101 77 23 Recce
1498 2108 5 17 :
1506 2114 32 5 —

1272 2140 50 24 The
1332 2140 104 24 Russian
1445 2140 119 28 Princess,
1574 2140 30 31 by
1614 2140 27 25 T.
1651 2141 142 25 Turnerelli.

1272 2177 52 25 The
1336 2178 66 30 King
1413 2178 26 24 of
1448 2178 107 28 Amasio,
1569 2178 31 31 by
1623 2179 42 24 the
1688 2179 60 24 Earl
1771 2180 24 24 of

1370 2216 100 30 Lytton.

1270 2254 103 25 Modern
1385 2254 127 31 Athletics,
1529 2254 32 34 by
1573 2255 33 24 H.
1632 2255 146 26 Wilkinson.

1271 2292 21 25 A
1315 2293 120 31 Oigare+te
1472 2293 98 24 Makers
1600 2293 130 29 Romance,
1767 2295 30 31 by

1369 2332 96 24 Marion
1484 2332 130 25 Crawford.

1271 2369 53 24 The
1343 2369 202 25 Three-cornered
1567 2370 61 28 Hat,
1657 2371 30 30 by
1709 2371 29 24 A.
1760 2371 33 24 D.

1368 2406 111 24 Alarcon.

1272 2443 154 31 Somebodys'
1442 2444 79 30 Story,
1571 2445 31 30 by
1621 2444 33 24 H.
1679 2444 113 32 Cbnway.

1270 2481 69 26 With
1350 2481 69 32 Harp
1431 2482 48 23 and
1489 2481 94 30 Crown,
1608 2482 32 33 (A
1653 2482 86 34 Novel)
1764 2484 29 31 by

1366 2519 106 24 Beasant
1484 2520 48 23 and
1548 2520 66 24 Rice.

1270 2556 52 25 The
1344 2556 133 28 Brownies,
1499 2557 48 24 and
1569 2557 71 25 other
1661 2557 80 30 Tales,
1762 2558 33 32 by

1365 2594 24 24 J.
1402 2595 33 23 H.
1456 2594 94 32 Ewing.

1431 2632 31 24 E.
1475 2632 33 24 H.
1533 2634 99 28 Reeves,

1531 2670 66 25 Hon.
1618 2671 144 25 Librarian.

1270 2796 156 40 COMING
1443 2797 170 40 EVENTS
1637 2798 48 39 OF
1704 2798 86 39 THE

1458 2845 152 41 WEEK.

1303 2976 119 31 Tuesday.
1456 2976 101 31 Library
1569 2985 71 23 open.

1303 3013 160 31 Wednesday.
1500 3014 95 31 Sewing
1609 3015 55 24 Bee.

1303 3053 135 30 Thursday.
1474 3053 63 28 Sale,
1555 3054 71 23 Bank
1644 3062 70 23 open.

1303 3090 97 30 Friday.
1435 3090 70 23 Band
1517 3091 26 23 of
1556 3091 76 31 Hope.

1304 3126 127 32 Saturday.
1451 3128 29 24 Sfc
1499 3128 117 26 Andrews
1637 3130 65 32 Day.
1719 3131 74 32 Loyal

1271 3165 90 25 Oxford
1381 3166 89 33 Lodge.

1509 3240 37 16 •*»
1546 3246 25 5 —
1571 3247 2 10 :
1698 3237 2 7 :

1354 3293 144 26 RANDOM
1532 3295 178 26 HEADINGS.

1302 3372 51 24 The
1365 3373 112 24 Minister
1489 3374 61 24 likes
1573 3375 42 24 the
1637 3377 85 28 ladies,
1746 3378 47 24 and

1268 3422 45 17 our
1326 3415 64 24 Mem
1395 3417 38 22 ber
1446 3416 77 25 would
1534 3418 53 32 give
1599 3418 67 25 them
1679 3419 42 24 the
1730 3420 63 25 fran-

1268 3458 74 28 chise,
1362 3466 26 16 so
1406 3459 31 24 he
1459 3461 84 29 ought,
1567 3462 153 31 considering
1741 3465 52 23 that

1268 3500 52 24 half
1331 3501 41 24 the
1384 3510 136 21 possessors
1532 3504 27 23 of
1573 3504 43 24 the
1627 3505 84 30 village
1724 3507 69 24 block

1268 3551 40 15 are
1319 3543 105 25 married
1444 3552 101 21 women,
1568 3554 49 23 you
1640 3555 46 17 can
1709 3550 84 30 hardly

1268 3586 47 24 call
1338 3586 66 24 thorn
1435 3587 118 26 dummies
1576 3597 26 16 as
1625 3591 41 24 the
1688 3594 62 23 term
1773 3594 20 23 is

1268 3629 105 31 scarcely
1397 3630 136 25 consistent
1555 3632 59 25 with
1627 3634 41 24 the
1691 3643 100 24 average

1266 3670 119 26 feminine
1393 3672 130 29 character,
1533 3674 20 25 it
1562 3676 20 23 is
1590 3676 111 26 however
1707 3678 85 26 doubt-

1267 3714 36 23 ful
1321 3715 108 24 whether
1440 3717 54 30 they
1517 3718 109 26 conform
1649 3721 96 32 strictly
1767 3724 25 23 to

1266 3756 42 24 the
1320 3760 120 28 occupant
1451 3759 82 25 clause
1544 3769 27 16 as
1583 3764 64 23 most
1665 3763 127 28 husbands

1265 3799 80 31 object
1356 3801 24 23 to
1392 3801 63 24 th«ir
1484 3803 70 24 wives
1582 3804 74 30 being
1677 3810 43 21 out
1742 3809 50 24 late

1885 207 25 23 at
1921 206 71 32 night
2002 209 47 22 and
2058 209 56 31 they
2125 211 59 24 dont
2192 221 86 23 appear
2285 216 24 22 to
2317 221 89 25 appear

1885 251 25 22 to
1922 249 46 26 rise
1979 252 63 29 early
2053 254 96 30 enough
2161 254 47 32 buy
2229 256 75 33 cheap
2327 259 77 28 stock,

1885 292 70 25 when
1974 293 42 25 the
2028 294 171 33 Poundkeeper
2214 299 43 24 has
2279 302 26 23 to
2328 301 78 24 knock

1884 334 71 25 down
1966 344 14 16 a
1991 336 36 24 fat
2043 337 74 25 heifer
2135 339 38 25 for
2194 349 15 16 a
2220 342 45 24 bob
2287 344 48 23 and
2357 352 48 24 pay

1885 377 171 26 advertisment
2066 383 42 22 out
2120 381 27 24 of
2160 383 42 24 the
2223 385 93 30 profits.
2350 386 54 26 The

1865 427 6 5 -
1885 420 105 32 opening
2001 422 27 24 of
2035 423 42 24 the
2086 424 64 25 View
2171 425 52 25 Hill
2244 435 54 17 race
2319 429 21 24 is
2363 431 41 23 not

1886 462 121 32 definitely
2018 465 74 29 fixed,
2113 468 47 23 and
2179 469 66 24 Lord
2267 470 97 26 Onslow
2387 472 20 24 is

1884 506 43 23 not
1938 505 73 33 likely
2023 510 25 22 to
2065 508 30 25 be
2117 513 102 27 present,
2232 513 25 23 to
2279 514 57 23 turn
2359 514 44 24 the

1884 539 74 23 water
1979 547 40 20 on,
2042 540 20 24 it
2084 542 47 23 will
2153 543 107 25 however
2284 545 28 24 be
2334 546 68 31 quite

1884 579 65 32 right
1961 585 24 21 to
1997 586 40 27 get
2048 592 12 15 a
2072 585 49 24 real
2143 585 97 33 Wright
2262 596 39 16 ex-
2324 588 80 24 chair-

1885 631 58 16 man
1952 625 26 24 of
1987 626 40 24 the
2035 626 79 25 Board
2125 630 25 22 to
2162 629 30 25 do
2204 630 40 24 the
2256 631 64 31 right
2333 632 71 31 thing

1884 673 33 17 on
1939 667 54 25 that
2014 671 134 30 auspicious
2170 673 116 29 occasion,
2309 674 69 24 when

1883 710 66 31 right
1959 713 49 23 sort
2016 712 26 24 of
2049 721 13 15 a
2071 715 124 31 gathering
2206 724 55 24 may
2273 717 29 24 be
2309 720 97 28 expect-

1884 752 37 24 ed.
1957 754 75 24 When
2044 764 31 15 we
2084 757 49 24 will
2144 761 61 22 erect
2213 767 15 16 a
2239 759 73 29 Pole,
2324 760 78 31 digest

1884 802 15 16 a
1910 796 78 29 Bunn,
1997 798 47 23 and
2056 799 60 24 have
2128 808 14 15 a
2164 800 75 25 Fairy
2257 802 75 24 dance
2354 803 50 24 and

1884 837 64 26 Boys
1959 840 49 23 and
2025 840 59 32 girls
2105 842 49 24 will
2176 844 95 31 merrily
2289 846 53 31 sing
2364 846 41 24 the

1886 881 89 25 virtues
1987 883 26 24 of
2022 884 41 24 the
2074 886 88 29 crystal
2174 888 90 29 spring.

1917 923 24 24 It
1952 925 21 24 is
1992 927 43 22 not
2056 931 40 26 yet
2113 927 122 33 definitely
2258 929 99 25 decided
2380 933 26 23 to

1885 971 64 20 erect
1961 976 14 16 a
1997 969 120 25 cathedral
2129 971 22 22 m
2175 971 90 25 Oxford
2284 973 119 31 although

1884 1009 42 24 the
1938 1011 91 31 ratting
2039 1011 63 25 from
2119 1014 95 24 various
2235 1017 64 22 sects
2321 1016 82 30 points

1886 1053 24 23 to
1924 1051 41 26 the
1976 1054 117 31 necessity
2104 1054 24 26 of
2150 1057 58 23 such
2224 1065 14 16 a
2249 1065 154 17 consumma-

1884 1095 60 28 tion,

1916 1148 69 25 West
1997 1149 109 25 Coasters
2117 1159 39 16 are
2167 1152 41 30 big
2219 1152 52 24 beef
2280 1155 86 27 eaters,
2378 1162 27 16 as

1882 1192 89 31 proved
1983 1192 31 31 by
2035 1194 41 23 the
2098 1195 125 29 qaantities
2246 1195 26 24 of
2292 1196 111 25 bullocks

1882 1227 83 26 driven
1975 1228 62 26 from
2055 1230 118 31 lagram'a
2194 1234 47 23 last
2266 1233 39 31 big
2328 1234 74 24 cattln

1884 1271 71 25 sales.
1990 1272 41 25 All
2041 1273 64 32 right
2115 1282 47 23 you
2169 1275 61 30 jolly
2247 1275 86 25 miners
2345 1277 61 23 send

1885 1322 28 16 us
1924 1322 59 23 your
1993 1315 94 26 shiners
2098 1317 47 24 and
2154 1319 62 23 we'll
2225 1318 52 31 give
2288 1326 47 24 you
2344 1319 62 31 good

1886 1359 62 22 meat
1959 1358 25 23 m
1996 1360 87 24 return.

1917 1409 141 32 Capitalists
2079 1412 110 25 threaten
2217 1414 24 23 to
2269 1413 136 29 withdraw,

1886 1460 115 23 gammon
2023 1454 39 24 old
2083 1454 53 32 boy,
2159 1455 115 30 Russian*
2293 1456 113 28 Turkish,

1886 1496 46 24 and
1946 1495 112 26 Mexican
2068 1496 76 26 bonds
2156 1500 62 22 wont
2225 1506 47 23 pay
2283 1506 72 17 seven
2364 1506 43 23 per

1886 1540 62 23 cent.
1984 1540 50 24 'Tis
2046 1548 31 16 an
2089 1541 48 24 idle
2152 1541 80 24 threat
2244 1541 42 25 but
2305 1542 45 24 has
2373 1541 33 25 all

1873 1597 3 8 ..
1888 1578 73 32 ready
1972 1579 62 25 done
2055 1579 69 25 harm
2141 1580 27 24 m
2190 1588 44 16 one
2256 1582 100 29 quarter
2378 1580 29 32 by

1888 1621 95 31 driving
1994 1630 43 16 our
2048 1626 129 20 customers
2189 1623 52 24 into
2248 1624 159 30 cooperation.

1887 1663 77 25 Three
1971 1664 26 24 of
2004 1664 68 24 them
2080 1665 55 30 only
2145 1665 83 31 taking
2235 1673 44 16 one
2292 1665 115 24 Observer

1887 1708 113 30 amongst
2013 1708 36 22 the
2061 1707 43 25 lot.
2142 1707 63 25 Price
2216 1715 47 17 one
2274 1715 88 24 penny.

2000 1836 142 25 SCIENCE
2157 1837 135 26 SCRAPS.

1919 1915 131 32 Counting.
2055 1924 13 16 a
2080 1916 104 24 Billion:
2187 1931 33 3 —
2222 1917 21 23 A
2255 1917 86 24 billion
2361 1918 21 23 is
2394 1907 13 47 a]

1886 1952 95 25 million
1992 1953 27 24 of
2028 1953 115 28 millions,
2160 1954 48 24 and
2220 1962 34 16 we
2273 1955 77 24 would
2375 1963 32 25 rej

1883 1993 97 27 present
2001 1991 20 23 it
2049 1992 101 23 thus:—
2150 1977 257 43 1,000,000,000,000.1

1884 2027 66 24 That
1961 2028 20 24 is
1994 2036 56 24 easy
2073 2028 103 32 enough,
2197 2029 43 25 but
2261 2030 68 24 what
2350 2020 57 36 does!

1885 2067 41 22 the
1936 2065 62 32 huge
2011 2067 104 24 number
2127 2075 67 16 mean
2206 2070 25 22 to
2244 2076 28 16 us
2282 2070 10 23 ?
2304 2068 52 25 Can
2374 2058 33 47 wcj

1884 2107 26 19 at
1922 2103 32 24 all
1966 2105 156 29 comprehend
2133 2105 21 23 it
2161 2106 12 22 ?
2184 2105 25 23 If
2218 2114 15 15 a
2244 2114 87 22 person
2349 2095 58 36 werel

1886 2143 51 24 able
1948 2145 26 23 to
1985 2145 72 23 count
2066 2146 25 23 at
2102 2145 43 24 the
2159 2147 52 22 rate
2234 2145 26 24 of
2280 2147 48 23 200
2346 2146 25 24 m
2394 2137 13 34 si

1885 2181 94 25 minute
1981 2196 29 3 —
2013 2181 47 25 and
2070 2182 55 24 that
2133 2183 79 24 would
2225 2183 28 24 be
2262 2191 55 23 veiy
2336 2174 71 41 quicJ

1885 2219 117 31 counting
2002 2233 32 3 —
2034 2220 48 22 and
2093 2222 24 21 to
2129 2221 65 23 work
2205 2228 32 16 on
2247 2221 23 22 m
2279 2221 128 30 ascending

1884 2255 116 26 numbers
2011 2258 26 23 at
2048 2257 42 24 the
2102 2264 66 17 same
2178 2260 52 21 rate
2249 2257 100 25 without
2371 2251 36 30 ml

1884 2294 143 28 termission,
2051 2295 84 24 twelve
2163 2295 74 24 hours
2259 2303 70 23 every
2351 2292 56 34 day!

1884 2333 64 24 until
1959 2333 31 24 he
2002 2341 66 16 camo
2077 2338 25 20 to
2113 2334 41 23 the
2176 2334 92 27 billion,
2281 2335 29 23 lie
2328 2326 79 32 woulJ

1884 2370 94 30 require
1990 2373 25 21 to
2026 2371 47 23 live
2084 2372 38 22 for
2142 2372 128 27 6,944,444
2292 2372 67 29 days,
2380 2379 14 16 o

1887 2408 87 26 19,325
1985 2415 68 23 years
2065 2408 49 24 and
2130 2408 46 23 319
2189 2408 66 31 days,
2269 2409 25 23 to
2305 2408 30 24 be
2354 2408 40 24 abl

1885 2446 25 23 to
1922 2446 118 29 complete
2056 2445 37 24 his
2109 2445 62 25 task.
2205 2446 54 23 And
2277 2450 40 27 yet
2339 2446 55 24 ther

1886 2489 40 17 are
1938 2490 29 16 on
1980 2490 43 17 our
2035 2484 67 23 earth
2114 2483 73 32 living
2197 2484 118 23 creatures
2324 2484 25 24 to
2364 2483 28 24 th

1884 2520 102 25 number
2004 2521 26 24 of
2048 2523 45 22 not
2114 2521 90 31 merely
2233 2521 105 28 billions,
2362 2521 31 24 bu

1885 2557 96 25 billions
1992 2557 26 25 of
2027 2557 105 31 billions,
2150 2559 47 23 and
2208 2558 26 24 of
2249 2559 142 30 quadrillion

1886 2597 26 25 of
1921 2597 157 32 quadrillions
2089 2597 94 32 beyond
2204 2597 63 29 that,
2291 2599 48 23 and
2361 2590 46 32 onfl

1886 2636 20 22 is
1915 2636 77 23 afraid
2003 2637 25 22 to
2039 2643 42 24 say
2093 2636 54 24 how
2154 2636 73 24 much
2241 2643 71 17 more.
2331 2629 76 30 Therl

1886 2681 40 15 are
1948 2673 105 31 myriads
2073 2673 26 24 of
2129 2673 75 31 living
2239 2676 118 23 creatures
2380 2664 27 34 sfl

1887 2711 93 24 minute
1999 2711 54 24 that
2077 2719 14 16 a
2121 2711 111 24 hundred
2255 2711 106 24 millions
2383 2702 24 33 <fl

1888 2750 65 23 them
1969 2750 70 24 could
2050 2749 29 25 be
2102 2750 74 30 easily
2199 2749 82 31 placed
2304 2743 103 31 withotfl

1886 2788 114 31 crushing
2011 2789 26 22 m
2048 2789 41 23 the
2100 2796 70 23 space
2182 2788 26 25 of
2224 2787 57 32 only
2299 2797 13 14 a
2335 2781 72 30 cubil

1917 2906 71 25 Balm
2001 2907 26 24 of
2032 2907 91 25 Giload.
2126 2921 31 4 —
2157 2907 52 24 The
2221 2908 48 23 real
2291 2905 65 26 balm
2379 2898 28 34 (fl

1888 2947 85 24 Gilead
1984 2947 22 24 is
2017 2947 42 24 the
2070 2947 66 24 dried
2145 2947 64 31 juice
2222 2947 27 24 of
2258 2956 12 14 a
2277 2947 47 24 low
2333 2947 74 24 shr«

1888 2987 77 24 which
1977 2994 76 23 grows
2064 2987 27 23 m
2103 2986 77 31 Syria.
2215 2986 23 24 It
2249 2986 22 25 is
2285 2994 53 23 very
2357 2978 50 32 vafl

1886 3024 70 24 uable
1968 3025 47 23 and
2028 3032 86 19 scarce,
2127 3023 35 25 for
2175 3023 65 25 balm
2260 3023 94 32 yielded
2376 3017 31 31 lfl

1887 3071 44 17 one
1943 3063 73 25 shrub
2038 3071 74 16 never
2134 3064 97 23 exceeds
2255 3063 63 31 sixty
2337 3057 70 30 drofl

1886 3105 15 15 a
1912 3097 54 30 day,
1980 3096 125 30 according
2115 3098 26 21 to
2150 3096 128 30 Josephus,
2289 3098 41 22 the
2342 3087 65 33 ball

1886 3142 26 16 or
1924 3133 93 26 balsam
2029 3134 27 24 of
2077 3134 85 25 Gilead
2184 3142 50 16 was
2256 3142 46 16 one
2323 3133 27 25 of
2368 3125 39 33 tfl

1885 3178 109 26 presents
2005 3174 71 30 given
2088 3174 29 30 by
2126 3174 40 23 the
2175 3173 84 30 Quwn
2269 3174 25 24 of
2300 3169 107 29 ShebaH

1886 3213 64 31 King
1968 3213 124 25 Solomon.
2127 3213 53 25 The
2202 3213 94 24 ancient
2320 3203 87 34 JewiH

1886 3252 139 31 physicians
2037 3251 133 32 prescribed
2185 3251 21 25 it
2227 3251 122 32 evidently
2371 3243 36 33 ifl

1886 3285 128 31 dyspepsia
2026 3285 49 24 and
2087 3284 170 25 melancholia-
2380 3276 27 34 I

1919 3375 50 25 Cau
1992 3375 59 24 Fish
2063 3375 47 24 live
2129 3375 35 23 for
2187 3376 68 23 ever?
2260 3389 27 4 —
2290 3368 117 30 Amonrfl

1884 3413 56 28 fish,
1950 3431 4 3 .
1970 3413 36 24 Dr
2038 3413 106 24 Kichard
2172 3413 64 23 finds
2264 3420 32 16 n<>
2324 3403 83 33 deafl

1884 3451 63 25 from
1957 3451 40 25 old
2008 3459 50 23 age,
2072 3451 47 24 and
2141 3451 32 23 he
2184 3451 53 23 does
2255 3455 41 19 not
2318 3444 89 43 beli^B

1886 3491 57 31 they
1953 3491 60 24 have
2025 3498 48 23 any
2086 3495 61 20 term
2159 3492 24 22 to
2202 3489 63 25 their
2274 3490 67 26 lives,
2355 3482 52 32 s;fl

1886 3531 71 24 when
1971 3532 56 29 they
2038 3531 44 24 fall
2093 3537 14 17 a
2119 3537 54 23 prey
2194 3531 24 23 to
2241 3536 45 18 one
2309 3519 98 33 anotlM

1886 3578 26 17 or
1931 3573 24 22 to
1978 3570 115 31 parasitic
2115 3570 103 23 desease.
2252 3567 76 31 Carp,'
2344 3561 63 37 pifl

1886 3611 48 23 and
1945 3611 69 23 other
2026 3608 110 25 varieties
2159 3610 26 23 of
2204 3608 53 23 fish,
2274 3607 55 24 that
2346 3600 61 36 h*fl

1885 3648 61 24 been
1968 3646 103 26 isolated
2090 3646 48 25 and
2159 3645 107 24 watched
2288 3653 40 16 are
2359 3637 48 30 sH

1884 3686 76 32 living
1977 3687 25 22 at
2014 3692 128 17 enormous
2159 3692 73 23 ages..
2258 3683 32 23 As
2305 3675 102 37 longH

1884 3720 56 29 they
1959 3719 46 24 live
2016 3718 56 31 they
2084 3719 108 22 increase
2202 3717 27 23 m
2241 3717 56 23 size.
2369 3708 38 32 H

1914 3796 40 23 An
2004 3795 138 24 Automatic
2178 3793 167 32 Phonograph
2366 3783 41 34 H

466 53 166 31 OXFORD
675 53 88 30 AND
806 56 103 32 OUST
953 60 226 34 OBSERVER
1223 64 227 43 SATURDAY,
1473 72 237 33 NOVEMBER
1732 79 46 32 21,
1803 80 75 30 1891

862 1482 129 25 Receipts.

662 1521 37 31 By
712 1521 97 24 Tickets
821 1522 61 28 sold,
1045 1523 34 24 £5
1097 1524 28 23 3s
1142 1523 42 29 Od,

662 1559 64 24 Cash
738 1559 73 24 taken
822 1563 25 19 at
859 1561 40 22 the
910 1559 66 29 door,
1062 1561 15 22 2
1094 1562 29 22 2s
1141 1560 40 28 Od,

1047 1631 36 24 £7
1101 1633 28 22 5s
1147 1631 38 24 6d.

832 1705 190 25 Expenditure.

662 1744 34 23 To
708 1743 153 31 advertising,
885 1744 113 29 Priuting
1019 1744 96 24 Posters
1138 1743 48 25 and

695 1782 102 28 Tickets,
889 1787 37 27 ;;■;,
1049 1784 32 22 £1
1101 1777 28 40 7|s
1146 1782 40 29 6d,

663 1820 63 25 Rent
738 1821 26 23 of
775 1820 68 28 Hall,
1086 1822 43 22 10*
1147 1821 39 29 Od,

663 1858 63 23 Rent
737 1858 27 23 of
769 1858 85 28 Piano,
1086 1860 44 22 10s
1146 1858 40 28 Od,

662 1894 142 28 Incidental,
1103 1897 27 22 9s
1148 1895 38 28 3d,

727 1963 78 29 Total,
1030 1965 36 24 £2
1084 1966 43 23 16s
1145 1964 40 26 9d.

661 2039 107 25 Balance
798 2039 117 26 available
948 2040 37 25 for
1017 2041 66 31 prize
1115 2041 68 31 fund,

661 2078 35 24 £4
713 2079 28 23 8s
760 2078 38 24 9d.
1016 2099 2 5 .
