2460 3880
66 175 101 28 Edison,
177 176 40 22 the
235 178 67 26 great
324 174 143 27 electrician,
490 173 45 24 has
558 181 26 16 so

74 221 28 16 ar
109 212 119 32 perfected
235 212 46 25 and
288 211 112 25 modified
409 211 37 24 his
453 210 132 25 wonderful

64 252 129 28 invention,
203 252 41 24 the
255 251 166 32 phonograph,
430 251 54 23 that
496 251 19 22 it
538 258 45 15 can

66 298 50 17 now
128 290 29 24 be
168 290 65 24 fixed
245 298 33 22 up
288 289 26 24 m
337 297 32 16 an
389 289 53 24 iron
464 296 54 16 case
540 287 47 25 like

65 328 55 23 that
126 327 27 24 of
161 327 42 24 the
216 328 150 23 sweetmeats
378 326 48 23 and
449 325 135 30 cigarettes,

65 364 49 24 and
125 364 94 25 worked
231 364 30 31 by
280 364 41 24 thj
344 363 82 30 simple
445 371 94 22 process
563 362 25 24 of

64 402 98 31 putting
174 410 14 16 a
198 409 79 24 penny
288 401 25 24 m
325 401 42 24 the
389 400 54 24 slot.
478 400 30 23 In
528 399 56 28 fact*

64 447 33 16 an
108 439 125 24 American
245 445 118 23 company
375 438 44 23 has
440 439 71 22 taken
536 437 49 23 this

65 479 71 24 latest
172 479 130 23 automatic
339 486 38 21 up,
385 477 48 22 and
452 477 20 23 is
482 476 104 30 working

64 516 20 23 it
96 517 25 22 at
143 522 126 17 enormous
292 514 78 31 profit.
406 513 48 25 For
475 522 14 14 a
507 520 77 23 ponny

64 553 42 24 the
118 553 135 30 pedestrian
261 560 46 16 can
319 554 25 21 at
360 552 42 23 the
419 559 83 16 corner
523 552 26 22 of
571 559 14 15 a

64 592 73 22 street
148 590 71 24 listen
227 592 25 21 to
264 598 14 15 a
289 589 86 30 speech
391 589 26 23 of
424 588 160 28 Gladstone's,

64 636 27 17 or
102 630 25 22 to
135 628 87 24 Patti's
240 626 102 31 singing,
353 634 26 16 or
391 628 24 21 to
428 634 13 15 a
455 625 87 25 Sonata
556 626 28 29 by

64 665 140 25 Beethoven
222 665 56 23 with
290 663 43 24 full
354 663 130 24 orchestral
509 663 73 27 effect,

64 710 28 16 or
100 705 24 22 to
130 703 45 23 the
183 703 47 23 last
240 706 79 25 stump
327 701 94 23 oration
428 701 24 23 of
462 708 14 16 a
483 701 102 30 popular

65 740 182 30 Congressman.

97 816 49 24 The
157 824 41 16 sea
215 815 105 30 fronting
342 814 42 24 the
407 814 115 28 Amazon,
546 813 38 24 the

63 854 94 30 longest
168 854 63 21 river
248 860 30 15 on
301 853 76 26 earth,
397 852 22 22 is
437 851 146 23 discoloured

63 890 38 23 for
112 891 48 22 300
170 888 68 25 miles
250 887 108 26 outward
370 888 61 24 from
444 888 41 24 the
497 887 86 24 mouth

64 927 26 23 of
99 926 40 24 the
148 926 66 24 river
225 925 28 32 by
269 926 40 23 the
334 927 50 21 vast
412 924 129 31 quantities
559 923 25 24 of

63 964 59 24 mud
135 964 77 23 which
224 964 40 23 the
273 963 72 23 latter
354 961 136 31 constantly
498 961 85 24 carries

64 1002 77 23 down.

97 1076 113 31 Niagara,
223 1075 42 25 the
287 1083 73 16 name
382 1075 26 24 of
426 1077 40 22 the
487 1074 93 24 famous
591 1097 2 2 .

62 1115 65 26 falls,
140 1114 21 24 is
173 1122 30 16 an
215 1114 86 23 Indian
311 1114 70 27 word,
395 1121 27 15 or
433 1117 33 19 ra'
473 1113 43 23 her
537 1115 47 21 two

64 1152 84 27 words,
324 1150 69 24 Hark
405 1153 24 21 to
450 1150 41 26 thje
511 1150 74 24 thun-

97 1265 64 24 Who
174 1265 57 23 first.
235 1263 110 26 Doubled
357 1265 41 23 the
409 1263 62 31 Cape
481 1263 25 23 of
516 1263 68 25 Good

63 1302 71 31 Hope
143 1303 12 23 ?
156 1317 31 3 —
191 1302 40 24 We
253 1302 61 24 have
331 1301 33 25 all
386 1302 72 29 along
480 1300 104 32 thought

63 1341 53 23 that
125 1340 19 24 it
156 1348 49 16 was
217 1340 41 23 the
269 1340 104 23 famious
384 1339 134 30 Potuguese
529 1338 55 24 sail-

64 1385 28 16 or
104 1378 75 24 Vasco
192 1378 29 23 de
233 1377 84 27 Gama,
331 1377 41 23 but
386 1376 94 31 Vieyra,
490 1385 13 14 a
510 1376 74 30 priest

60 1416 30 23 of
95 1416 66 30 great
189 1415 113 29 celebrity
321 1414 27 23 m
365 1413 90 24 Lisbon
473 1416 109 28 genera*.-

61 1453 54 23 ions
127 1460 52 22 ago,
192 1453 68 22 knew
277 1451 83 24 better.
395 1451 29 23 In
436 1458 45 16 one
501 1451 26 23 of
547 1451 39 23 his

62 1497 117 19 sermons,
192 1489 77 23 whish
281 1496 37 16 are
331 1489 49 23 still
395 1489 55 23 read
472 1489 25 22 m
518 1489 65 23 Purii-

61 1527 64 30 ngal,
139 1527 31 23 he
182 1534 62 23 sayt:
246 1541 32 3 —
362 1533 57 16 man
430 1526 57 29 only
499 1526 85 30 passed

61 1566 43 24 the
122 1566 64 30 Cape
208 1565 28 24 of
256 1565 67 25 Good
349 1566 70 29 Hope
441 1565 79 23 before
542 1565 43 23 the

61 1604 154 30 Portuguese,
228 1604 48 23 and
289 1602 53 24 that
354 1610 48 16 was
421 1602 40 24 tin?
483 1603 102 30 prophet

63 1641 78 24 Jonah
165 1641 25 24 m
209 1642 41 23 the
285 1640 96 24 whalo's
536 1641 50 23 The

61 1679 82 26 whale,
158 1680 26 22 he
196 1686 57 23 goes
264 1686 32 15 on
306 1679 24 22 to
344 1677 105 30 explain,
469 1680 63 21 went
543 1679 42 21 out

61 1715 27 24 of
97 1715 42 24 the
158 1715 191 24 Mediterranean
372 1714 101 24 because
495 1715 20 23 it
537 1715 48 23 had

60 1762 32 15 no
100 1753 67 25 other
176 1761 91 19 course,
280 1752 47 24 and
339 1752 56 31 kept
407 1761 55 15 near
475 1752 40 24 the
527 1756 57 20 west

61 1793 67 21 coast
140 1790 27 24 of
175 1790 89 28 Africa,
276 1790 108 23 rounded
400 1789 40 24 the
453 1790 70 30 Cape,
536 1789 48 24 and

61 1836 69 15 came
142 1827 29 30 by
183 1828 40 23 the
243 1829 52 21 east
317 1829 67 21 coast
406 1827 25 22 of
453 1827 41 22 the
516 1834 67 15 same

61 1860 127 24 continent
205 1867 26 16 or
254 1859 113 30 Ethiopia
380 1861 25 22 to
426 1858 94 28 Arabia,
534 1859 47 24 and

61 1901 30 15 on
115 1894 24 22 to
151 1893 40 23 the
210 1892 84 24 shores
306 1891 25 24 of
351 1891 119 28 Ninevah,
491 1891 26 24 m
540 1892 41 24 the

61 1930 146 31 Euphrates,
220 1930 86 26 where,
316 1928 99 31 making
426 1929 32 23 its
471 1930 86 29 tongue
569 1938 12 14 a

60 1970 75 31 plank
146 1970 35 23 ior
193 1969 38 23 his
250 1968 168 28 convenience,
440 1968 20 24 it
482 1968 101 26 induced

61 2008 42 23 the
114 2006 103 31 prophet
229 2008 25 22 to
265 2005 58 25 land
341 2005 76 25 there.

247 2072 2 9 ;
305 2070 39 18 <&.

93 2140 471 57 CORRESPONDENCE.

64 2252 65 19 While
139 2257 36 14 our
184 2252 86 19 columns
280 2256 35 14 are
321 2256 49 20 open
389 2253 19 17 to
417 2252 31 18 all
470 2257 27 13 we
516 2251 25 20 do
559 2257 25 14 no

89 2284 88 25 identify
182 2284 98 19 ourselves
284 2283 51 20 with
339 2289 40 20 any
384 2284 93 24 opinions
481 2283 104 26 expressed

89 2315 78 18 therein

78 2360 68 25 THE
159 2361 124 24 VOTING
296 2361 65 24 FOR
370 2361 69 24 THE
452 2361 113 24 PUPIL-

200 2397 251 25 TEACHERSHIP.

97 2482 30 23 To
152 2482 36 23 the
202 2482 84 23 Editor
294 2483 29 28 of
330 2482 35 23 the

85 2535 98 27 Sir,—l
191 2543 38 16 see
237 2535 31 31 by
278 2543 61 22 your
348 2535 63 24 issue
423 2536 26 23 of
454 2535 41 24 the
508 2536 29 23 14
546 2535 35 27 th,

58 2580 15 15 a
84 2572 72 23 letter
167 2572 62 23 from
249 2573 41 23 the
303 2572 50 23 Rev
365 2572 110 30 Garbett,
490 2573 94 29 stating

57 2609 56 24 that
123 2609 42 24 the
180 2610 74 24 Board
268 2610 24 24 of
304 2609 139 25 Education
463 2610 120 29 promised

57 2648 61 24 Miss
141 2648 122 24 Hitchcox
282 2648 42 24 the
333 2649 57 23 'iext
407 2648 66 31 pupil
480 2649 103 23 teacher-

59 2688 61 29 ship.
155 2688 12 22 I
179 2695 45 16 can
237 2688 43 24 tell
291 2688 38 23 Mr
340 2688 100 23 Garbett
452 2688 65 23 what
527 2688 56 29 they

57 2725 49 29 did,
120 2725 61 24 Miss
194 2726 119 24 Hitchcox
323 2725 93 31 applied
429 2727 23 23 to
471 2725 30 24 be
513 2726 69 24 taken

58 2771 32 16 on
113 2764 37 23 for
173 2764 84 23 twelve
285 2763 99 24 months
407 2763 99 24 without
529 2771 52 23 pay.

58 2801 53 23 The
123 2800 78 24 Board
214 2803 72 22 wrote
299 2801 59 23 back
370 2801 100 29 stating,
484 2801 53 23 that
560 2800 22 24 if

59 2840 43 24 she
115 2849 60 15 were
188 2840 72 24 taken
271 2848 32 17 on
316 2840 57 31 they
385 2841 78 23 would
486 2844 44 19 not
553 2841 28 22 be

57 2880 147 30 responsible
217 2881 37 23 for
274 2888 47 15 any
344 2880 25 23 of
392 2879 43 24 her
458 2887 123 23 expenses.

57 2918 104 31 NoShing
174 2926 64 16 more
251 2925 49 17 was
319 2918 50 24 said
391 2917 73 25 abaut
487 2917 27 25 it.
545 2918 33 24 As

57 2957 35 23 for
103 2957 82 30 giving
198 2958 39 22 her
249 2956 102 24 services
363 2956 74 31 graLis
449 2956 19 23 it
479 2956 20 23 is
511 2957 70 23 noth-

57 2994 40 30 ing
110 2994 25 24 of
145 2994 40 23 the
203 2994 67 23 kind.
305 2993 59 25 Also
386 2994 19 24 if
430 2994 38 24 Mr
480 2993 101 25 Garbett

57 3034 62 21 ivent
131 3039 56 16 over
200 3032 41 24 the
254 3032 79 23 school
346 3031 101 31 register
459 3031 30 24 he
502 3032 77 23 would

57 3069 51 24 find
122 3071 53 22 that
198 3070 61 23 Miss
283 3069 121 24 Hitchcox
422 3069 22 24 is
459 3077 56 16 over
537 3077 45 23 age

57 3107 36 24 fox
110 3116 14 15 a
136 3107 66 31 pupil
216 3108 105 27 teacher,
335 3108 44 22 and
393 3107 19 23 it
423 3107 21 24 is
463 3107 119 30 anything

57 3145 42 24 but
112 3145 65 31 right
190 3147 26 23 of
227 3145 38 26 Mr
277 3145 102 25 Garbett
392 3147 25 23 to
426 3148 53 22 vote
485 3146 96 31 against

57 3192 44 16 one
114 3184 26 24 of
150 3184 36 24 his
199 3192 53 16 own
266 3184 179 30 congregation.

257 3222 81 24 Yours
351 3222 27 27 &,

434 3258 30 25 E.
479 3259 35 24 M.

53 3379 222 61 LOCALS
300 3379 264 59 GENERAL

82 3516 118 24 OarcKET.
207 3528 28 4 —
237 3515 60 23 C!ust
317 3523 14 15 v
352 3515 128 31 R.mgiova,
483 3530 32 4 —
517 3517 59 24 This

52 3559 85 23 match
150 3567 47 14 was
207 3558 86 30 played
314 3560 25 20 at
352 3557 59 24 Oust
422 3566 30 16 on
465 3559 113 25 Wednes-

51 3602 48 29 day
110 3601 47 23 last
172 3601 65 22 when
261 3600 41 24 the
324 3600 71 24 home
418 3602 62 22 team
503 3603 76 29 easily

50 3643 114 30 disposed
176 3642 26 24 of
212 3642 42 24 the
265 3642 95 24 visitors
380 3642 37 23 for
439 3643 43 24 the
505 3644 73 24 small

51 3685 59 24 total
122 3684 28 24 of
160 3685 38 26 24,
212 3685 49 23 and
273 3685 59 23 then
344 3685 91 23 treated
459 3685 67 24 them
551 3688 26 22 to
617 3689 7 22 J

50 3735 32 16 an
94 3728 148 23 afternoon's
257 3726 91 24 'eather
360 3727 112 30 hunting,
485 3727 91 31 having

50 3771 25 22 at
87 3770 47 23 last
144 3776 32 16 on
192 3772 102 21 account
306 3769 26 24 of
355 3770 40 23 the
419 3769 57 24 Sou'
487 3774 87 24 wester,

675 173 25 22 to
712 172 63 23 draw
783 172 40 23 the
836 174 94 30 stumps
941 174 59 24 with
1009 174 41 24 the
1069 174 122 31 telegraph

673 214 110 31 showing
792 216 107 23 126-8-4.

706 257 31 23 St
750 257 118 24 Andbews
881 258 125 29 Festival,
1010 274 30 3 —
1041 259 73 25 Local
1127 260 63 25 show

673 299 26 24 of
708 299 90 25 flowers
807 300 47 24 and
866 301 143 30 vegetables.
1033 303 54 23 Enc
1102 311 90 23 urage-

671 344 66 21 ment
749 343 25 22 of
786 343 78 23 flower
886 343 91 24 culture
1000 345 48 23 and
1070 346 121 30 vegetable

672 385 107 30 growing
807 386 38 23 for
877 385 85 31 family
1000 388 190 30 consumptions.

672 426 99 32 Display
783 428 27 24 of
816 428 64 31 plain
890 428 47 24 and
950 430 72 29 fancy
1033 430 157 24 needlework.

673 468 94 26 Alliance
785 472 24 22 to
831 470 82 24 obtain
937 473 53 28 toys
1012 472 37 23 for
1070 473 121 23 childrens

673 515 160 22 amusement.
852 513 20 23 A
880 513 66 31 day's
959 513 84 32 outing
1052 514 26 24 of
1084 515 107 30 pleasure

673 556 35 23 for
719 556 42 23 the
772 557 75 23 whole
863 557 154 30 community.
1051 557 143 24 Entertain-

673 600 68 22 ment
753 599 135 30 consisting
906 598 26 25 of
941 599 58 31 May
1021 599 59 24 Pole
1101 599 91 28 Dance,

675 640 102 32 Spanish
805 641 92 29 Dance,
931 641 48 24 and
1010 641 110 32 Singing.
1154 642 39 24 All

673 684 85 24 should
765 684 125 30 patronise
898 684 48 24 this
957 692 52 16 now
1024 684 101 31 popular
1147 684 63 32 day.

673 726 26 22 m
711 726 99 24 Oxford.

706 780 97 23 Oxfobd
811 780 101 24 Annual
926 780 98 24 Sports.
1026 795 33 4 —
1060 781 20 24 A
1088 781 107 30 meeting

673 821 25 25 of
713 830 100 23 persons
834 822 131 25 interested
986 823 25 23 m
1033 823 42 24 the
1098 823 99 24 Annual

674 863 84 31 Sports
770 872 47 15 was
829 864 74 23 called
923 864 37 24 for
983 865 111 31 Tuesday
1115 864 79 32 night,

673 905 56 31 only
741 914 15 15 a
767 907 42 22 few
823 907 132 30 attending.
990 907 33 24 As
1035 915 26 16 so
1082 907 64 25 little
1157 908 37 23 in-

673 949 73 23 terest
769 949 116 30 appeared
907 951 25 22 to
954 949 29 24 be
1007 950 73 23 taken
1104 950 27 23 m
1153 950 42 23 the

677 993 88 22 matter
776 992 70 24 those
857 994 96 28 present
963 992 111 24 declined
1085 994 25 22 to
1122 1000 30 23 go
1164 999 32 17 on

673 1035 58 23 with
754 1035 42 25 the
817 1036 95 31 getting
934 1043 33 24 up
990 1035 26 25 of
1049 1036 87 31 Sports
1170 1037 25 23 at

672 1080 105 27 present.

706 1201 95 24 Honest
810 1201 136 24 witnessess
955 1200 102 25 anxious
1066 1204 24 22 to
1101 1201 42 25 tell
1153 1201 41 25 the

674 1234 74 26 truth,
764 1234 41 22 the
814 1234 78 23 whole
901 1234 75 26 truth,
989 1234 48 23 and
1043 1234 103 30 nothing
1153 1235 41 22 but
1202 1248 5 6 •

675 1265 41 24 the
724 1266 74 27 truth,
809 1265 29 24 do
850 1268 41 21 not
903 1265 91 24 recieve
1005 1265 61 24 from
1071 1266 42 23 the
1118 1266 76 24 bench

674 1298 41 24 the
725 1298 131 30 protection
871 1300 25 22 to
915 1298 78 24 which
1016 1298 56 31 they
1094 1306 40 16 are
1155 1307 40 16 en-

674 1330 76 25 titled.
769 1331 66 30 They
842 1338 38 16 are
888 1330 125 30 badgered,
1021 1330 168 29 brow-beaten,

675 1364 48 23 and
735 1364 138 23 sometimes
884 1363 71 24 made
967 1365 25 22 to
1004 1364 100 23 commit
1126 1363 67 26 invo-

673 1395 101 30 luntary,
782 1395 94 31 pc-jury
887 1395 30 31 by
928 1398 91 21 'smart'
1031 1397 107 30 lawyers,
1151 1396 42 24 the

676 1432 5 10 '
701 1430 69 22 court
778 1430 6 9 '
797 1428 98 30 smiling
904 1428 41 24 the
967 1428 72 23 while
1050 1428 49 23 and
1122 1436 73 16 seem-

674 1461 42 29 ing
728 1463 25 21 to
764 1460 71 31 enjoy
845 1461 41 23 the
897 1460 155 31 overhearing
1071 1461 123 24 insolence

675 1493 26 24 of
722 1494 39 23 the
784 1493 49 24 bar.
863 1493 24 24 It
908 1493 21 24 is
937 1500 14 16 a
973 1493 108 30 disgrace
1104 1495 25 22 to
1151 1494 42 23 the

675 1526 92 30 tiignity
789 1525 47 24 and
856 1533 59 16 even
936 1526 84 29 tacitly
1040 1526 156 31 encouraged.

676 1558 61 31 Why
750 1557 85 25 should
857 1566 14 15 a
893 1558 146 30 respectable
1061 1559 88 23 citizen
1165 1559 28 24 be

676 1590 104 30 brought
791 1590 52 24 into
856 1592 66 22 court
944 1592 25 23 to
981 1590 29 25 be
1021 1591 71 24 made
1115 1598 14 17 a
1141 1592 53 23 butt

675 1623 37 24 for
718 1623 42 23 the
769 1623 60 24 stale
840 1623 42 24 wit
894 1623 46 23 and
952 1623 103 25 libelous
1066 1623 129 25 inuendoes

675 1655 27 24 of
718 1656 113 24 so-called
857 1656 157 30 professional
1035 1656 134 30 gentleman
1183 1657 12 22 ?

675 1688 62 29 Why
748 1688 29 22 do
786 1688 87 30 judges
885 1689 68 22 allow
965 1688 41 24 the
1016 1688 112 31 ordinary
1140 1696 54 16 cou-

675 1721 84 23 rtesies
770 1721 29 22 of
805 1720 40 23 life
856 1722 23 21 to
891 1721 28 23 be
930 1719 101 26 violated
1038 1728 70 24 every
1117 1721 45 31 day
1171 1721 26 24 m

675 1753 41 23 the
725 1752 127 28 tribunals,
864 1753 79 24 where
964 1753 21 23 if
1002 1754 131 29 anywhere,
1154 1754 41 24 the

673 1786 64 23 rules
749 1785 25 23 of
779 1785 103 31 decency
889 1785 48 24 and
946 1785 113 24 decorum
1071 1786 86 24 should
1165 1785 30 25 be

674 1818 88 29 rigidly
784 1818 122 23 enforced?
929 1818 54 30 why
1000 1817 86 24 should
1108 1826 14 15 a
1144 1820 53 28 pert

674 1852 109 27 attorney
795 1849 28 25 be
834 1849 126 31 permitted
982 1851 26 23 to
1018 1849 77 32 imply
1107 1849 31 32 by
1156 1851 39 24 his

673 1883 71 23 mode
762 1882 24 24 of
809 1882 165 24 examination
995 1883 55 24 that
1062 1891 13 16 a
1103 1884 91 30 gentle-

673 1923 59 15 man
753 1915 47 23 and
823 1923 13 15 a
859 1923 54 15 man
925 1915 26 24 of
971 1915 86 28 honor,
1069 1915 78 25 whom
1159 1916 32 24 he

673 1947 82 23 knows
767 1948 25 23 to
805 1948 28 23 be
845 1947 68 27 such,
922 1947 45 24 has
976 1948 118 30 appeared
1105 1956 31 15 on
1148 1949 40 23 the

672 1979 182 25 ■witness-stand
865 1980 37 24 for
913 1980 40 24 the
976 1987 96 24 express
1094 1988 102 23 purpose

673 2012 26 24 of
708 2012 122 31 perjuring
841 2012 106 29 himself,
960 2013 49 24 and
1019 2013 30 28 is,
1062 2021 65 23 upon
1150 2013 42 26 the

673 2045 85 28 whole,
771 2053 15 16 a
804 2045 133 31 suspicious
960 2046 135 24 character?
1127 2046 26 24 Is
1174 2047 21 23 it

673 2080 43 22 not
733 2078 95 31 enough
838 2078 54 24 that
905 2086 29 15 an
943 2078 85 24 honest
1039 2086 57 16 man
1108 2079 87 24 should

673 2110 29 25 be
710 2111 73 24 taken
791 2110 61 27 from
860 2111 37 24 his
906 2110 110 26 business
1023 2111 101 26 without
1131 2120 63 17 com-

673 2143 126 31 pensation
812 2145 25 23 to
849 2144 83 31 testify
943 2144 26 24 m
979 2152 16 16 a
1005 2150 53 18 case
1069 2144 27 25 m
1118 2145 76 24 which
1200 2149 4 5 '

674 2177 29 23 he
715 2177 45 23 has
783 2184 30 16 no
835 2176 110 30 personal
963 2177 110 27 interest,
1096 2176 45 25 but
1162 2177 32 25 he

674 2213 67 19 must
751 2209 49 23 also
808 2208 62 24 have
881 2208 38 24 his
937 2209 134 30 reputation
1091 2210 104 24 assailed

673 2241 49 24 and
733 2241 37 24 his
781 2241 98 31 feelings
886 2248 84 24 wrung
981 2242 29 32 by
1021 2249 16 16 a
1044 2241 88 33 lawyer
1142 2243 53 24 who

673 2274 19 24 is
704 2274 56 31 paid
771 2274 37 24 for
815 2275 41 23 the
861 2274 42 31 job
913 2276 44 22 ?—
957 2274 140 32 Exchange.

734 2318 39 29 In
810 2318 53 29 the
892 2317 98 31 South.
1018 2319 176 29 Australian

674 2357 92 30 house
777 2358 32 29 of
829 2357 157 40 Assembly
1013 2359 53 30 the
1093 2358 102 31 Lands

676 2398 210 39 Repurchased
897 2399 60 28 Bill
971 2399 55 29 has
1050 2400 75 29 been
1148 2400 45 29 in-

673 2439 155 30 troduced.
870 2439 74 30 This
958 2440 25 29 is
991 2439 52 30 the
1050 2439 68 31 first
1127 2447 66 33 step

675 2481 32 28 of
720 2481 53 28 the
802 2480 206 30 Government
1035 2481 99 39 policy
1161 2484 32 27 to

676 2521 88 30 break
779 2531 41 28 up
848 2522 60 29 and
936 2526 127 34 prevent
1078 2523 49 28 the
1142 2532 52 20 re-

673 2562 217 29 accumulation
903 2561 33 30 of
944 2563 49 38 big
1001 2565 119 26 estates.
1163 2563 30 29 It

674 2612 20 28 p
697 2602 82 29 rovid
783 2611 31 20 c's
828 2599 49 32 for
890 2603 80 28 their
999 2602 117 40 compul
1121 2611 70 32 sory

673 2643 181 38 repurchase
864 2643 135 29 whether
1014 2652 117 22 owners
1143 2655 50 21 are

673 2684 115 35 willing
800 2693 33 19 or
849 2688 62 30 not,
926 2684 88 30 while
1033 2685 52 28 the
1108 2685 84 29 valu-

674 2724 80 28 ation
766 2723 77 29 shall
860 2723 34 29 be
906 2727 54 26 not
974 2734 82 20 more
1065 2725 73 29 than
1155 2726 37 28 20

672 2774 54 29 per
741 2768 78 31 cent,
831 2765 119 38 beyond
963 2765 53 29 the
1030 2765 86 29 Land
1140 2768 53 27 tax

673 2808 181 26 assessment
871 2806 75 38 plus
967 2806 50 30 the
1045 2807 91 29 Value
1148 2807 47 31 .of

673 2847 230 38 improvements

768 2903 126 16 BILLTAItDS
911 2904 200 17 EXTRAOBDINABY.

704 2932 38 26 An
755 2933 177 32 extraordinary
945 2933 108 26 incident
1071 2934 100 25 marked
1181 2944 13 15 a

675 2966 93 24 billiard
787 2966 187 25 entertainment
998 2968 25 23 at
1045 2967 42 24 the
1113 2967 81 25 West-

672 2999 101 23 minster
784 2998 139 31 Aquarium.
958 2999 89 30 Taylor
1065 2999 48 24 and
1125 2999 66 25 Mac-

672 3031 53 24 Neil
738 3039 61 16 were
812 3031 95 31 playing
929 3039 15 16 a
956 3033 52 29 spot
1020 3031 84 24 barred
1115 3039 78 24 game,

673 3064 48 23 and
741 3064 94 30 Taylor,
863 3064 94 31 getting
983 3064 41 24 the
1052 3066 46 22 two
1129 3064 62 25 balls

673 3096 107 30 jammed
792 3097 25 22 m
839 3104 46 16 one
907 3097 25 24 of
954 3096 42 25 the
1017 3099 42 28 top
1087 3097 105 31 pockets,

674 3129 70 24 made
753 3130 47 24 729
828 3129 153 24 consecutive
1009 3137 108 16 cannons
1132 3130 24 23 m
1179 3138 15 16 a

675 3161 71 25 break
757 3161 27 25 of
793 3163 71 28 14(57..
899 3162 39 24 He
950 3162 100 24 finished
1064 3162 42 25 the
1123 3170 70 23 game

673 3194 26 24 of
709 3196 48 23 600
768 3203 32 21 up
812 3195 45 23 and
870 3194 57 24 then
957 3197 63 22 went
1047 3203 32 16 on
1105 3196 24 22 to
1151 3203 40 16 see

673 3230 53 21 bow
736 3234 70 23 many
817 3227 32 23 he
858 3227 69 24 could
942 3234 75 17 score.
1051 3227 52 24 The
1124 3226 71 25 break

671 3259 21 24 is
704 3260 30 30 by
743 3259 37 24 far
788 3259 40 24 the
847 3260 89 30 largest
945 3259 53 24 that
1005 3259 49 24 had
1062 3266 54 17 ever
1136 3259 56 25 been

671 3292 67 23 made
749 3292 58 23 with
819 3291 42 24 the
871 3294 53 28 spot
947 3291 86 28 stroke,
1046 3292 41 23 but
1104 3291 89 31 arising

671 3331 25 16 as
707 3325 20 22 it
736 3324 39 23 did
796 3324 62 23 from
899 3323 59 24 such
987 3330 32 17 an
1047 3323 69 24 usual
1150 3324 44 23 cir-

668 3358 140 24 camstance
817 3364 26 17 as
855 3356 40 24 the
906 3356 64 24 balls
981 3355 128 32 becoming
1130 3356 65 26 fixed

669 3390 25 23 m
707 3390 42 23 the
760 3389 61 31 jaws
833 3389 26 24 of
868 3390 41 22 the
920 3389 92 31 pocket,
1024 3389 20 24 it
1064 3390 25 22 of
1101 3396 92 22 course,

669 3423 88 23 cannot
794 3422 28 23 be
850 3422 126 30 compared
1006 3423 25 22 to
1059 3421 42 24 the
1124 3424 68 28 great

669 3454 179 24 achievements
880 3454 28 24 of
938 3453 65 24 John
1026 3453 100 25 Roberts
1146 3453 48 25 and

669 3487 68 24 other
749 3487 101 30 players,
863 3486 178 25 achievements
1059 3485 85 29 which,
1168 3487 25 24 m

668 3520 40 24 the
725 3520 48 24 last
782 3520 44 24 few
849 3527 74 23 years,
946 3520 59 23 have
1028 3518 90 25 carried
1141 3521 54 29 spc-t

669 3552 83 25 barred
783 3553 109 24 billiards
915 3554 25 22 to
963 3560 14 16 a
998 3552 70 31 point
1089 3552 106 24 hitherto

668 3585 108 24 unheard
788 3586 31 24 of.
1089 3597 1 14 :

667 3626 224 25 DAYBREAK.—
896 3627 52 24 The
1108 3627 26 23 m
1152 3627 41 25 the

667 3661 65 21 most
744 3659 108 24 civilised
864 3660 122 23 countries
1002 3659 27 26 of
1049 3660 43 23 the
1111 3660 82 28 world,

666 3698 64 16 seem
737 3692 151 23 determined
897 3694 25 22 to
929 3692 75 24 strike
1012 3693 105 30 atevery
1125 3692 69 25 effort

666 3723 68 23 made
754 3725 23 22 to
798 3724 99 24 instruct
910 3725 42 23 the
1132 3725 62 23 with

666 3762 14 17 a
691 3755 60 24 view
761 3757 25 25 to
790 3755 107 31 'helping
908 3757 74 24 them,
988 3758 42 23 out
1042 3756 25 25 of
1082 3757 69 27 their,
1155 3757 36 27 de,

666 3787 97 28 pressed
802 3788 130 25 condition.
967 3789 74 25 From
1073 3788 122 26 America-

1278 176 75 24 where
1376 177 38 24 the
1436 179 59 24 class
1518 188 46 16 war
1585 182 29 28 is,
1637 182 21 23 if
1683 183 112 31 possiole,

1280 207 98 26 bitterer
1398 211 58 24 than
1478 212 25 23 iv
1526 213 104 32 Europe,
1652 223 80 17 comes
1753 218 42 23 the

1279 242 148 31 astonishing
1438 252 62 16 news
1516 245 49 25 that
1589 247 208 27 Vice-Chancellor

1280 273 59 25 Bird
1351 275 26 23 of
1386 275 56 24 New
1465 277 82 31 Jersey
1575 280 45 24 has
1639 284 36 21 set
1694 282 66 24 aside
1782 290 17 16 a

1282 306 78 25 clause
1371 308 26 23 m
1418 308 41 24 the
1482 310 47 24 will
1552 312 25 23 of
1599 312 39 24 Mr
1649 313 148 32 Hutchings,

1282 346 14 15 a
1308 339 102 32 wealthy
1423 341 94 29 farmer,
1531 344 28 29 by
1579 345 80 24 which
1680 355 13 14 a
1715 346 84 32 legacy

1281 378 48 17 was
1347 371 147 32 bequeathed
1516 377 25 22 to
1550 376 55 24 Hen
1609 385 23 23 7
1655 378 93 32 George
1767 379 37 25 for

1283 403 42 24 the
1336 412 101 23 purpose
1449 406 26 24 of
1489 407 183 34 disseminating
1694 411 35 24 his
1748 412 43 23 the
1797 428 4 2 ■

1283 436 68 24 ories.
1386 438 52 24 The
1451 438 210 28 Vice-Chancellor
1673 444 51 22 said
1739 444 61 26 that,

1284 468 26 23 m
1322 470 35 22 his
1369 470 106 30 opinion,
1496 472 83 31 Henry
1603 474 91 31 George-

1284 501 67 23 cated
1360 503 116 28 practices
1487 505 26 22 m
1524 511 92 25 respect
1627 507 26 23 of
1661 508 50 23 real
1728 510 75 22 estate

1284 531 25 25 m
1322 534 114 25 violation
1449 536 25 23 of
1487 537 41 24 the
1550 538 58 24 laws
1630 539 26 24 of
1673 540 42 24 the
1736 541 66 25 land.

1285 573 38 25 He
1334 574 71 24 could
1416 575 44 22 not
1470 573 108 24 sanction
1588 573 43 24 the
1642 574 127 30 spreading
1780 573 26 24 of

1286 608 56 23 such
1354 616 12 15 a
1581 606 32 24 So
1637 606 40 24 the
1696 606 107 24 farmer's

1285 640 100 32 bequest
1396 648 50 17 was
1457 639 127 25 cancelled.
1618 639 60 24 This
1688 639 22 24 is
1729 639 75 30 surely

1285 673 73 31 going
1369 680 14 16 a
1394 673 61 24 little
1466 673 40 23 too
1520 672 43 24 far.
1597 672 24 23 If
1633 672 50 24 this
1706 672 26 23 be
1744 671 60 30 good

1285 705 55 28 law,
1348 713 32 16 no
1392 705 97 31 bequest
1498 704 74 24 would
1595 703 29 25 be
1654 703 63 24 valid
1750 703 54 24 that

1286 746 48 16 was
1343 736 113 25 intended
1468 741 23 19 to
1501 736 31 24 be
1548 736 57 24 used
1627 735 37 25 for
1682 743 46 23 any
1750 743 55 23 pro-

1285 769 143 32 pagandism
1443 769 26 24 m
1491 769 83 24 favour
1593 769 27 24 of
1638 769 94 24 reform.
1767 768 39 23 Mr

1287 802 92 31 George
1387 802 44 24 has
1442 809 73 17 never
1522 809 60 23 gone
1593 801 92 24 outside
1708 800 97 24 constit-

1287 835 92 23 utional
1402 834 117 27 methods;
1543 835 28 21 he
1596 833 46 23 has
1664 833 88 29 argued
1771 832 36 23 for

1287 866 105 30 changes
1402 866 27 24 m
1440 865 42 26 the
1505 865 101 29 holding
1627 864 27 25 of
1673 864 65 25 l<vnd,
1762 863 44 25 but

1286 898 39 24 hia
1336 898 118 31 advocacy
1462 897 44 24 has
1517 897 61 24 been
1595 896 90 24 carried
1699 903 34 16 on
1751 896 56 30 only

1287 932 30 29 by
1329 938 45 23 pen
1386 931 47 23 and
1452 932 90 28 tongue
1555 938 5 17 ;
1578 929 29 24 he
1630 929 42 23 has
1694 927 113 32 appealed

1287 965 26 23 to
1324 970 90 22 reason,
1427 965 42 22 not
1491 964 26 23 to
1534 962 106 31 physical
1663 963 62 22 force
1734 967 6 21 ;
1758 960 47 23 and

1287 995 38 25 his
1337 995 123 32 proposals
1471 1002 39 16 are
1522 995 55 30 only
1614 994 25 23 m
1650 992 114 25 violation
1783 992 23 24 of

1288 1029 41 24 the
1438 1029 23 23 m
1475 1028 42 24 the
1528 1035 41 16 pen
1572 1035 25 16 se
1609 1027 55 24 that
1686 1034 46 22 any
1755 1033 51 23 pro-

1287 1061 72 31 posed
1371 1061 85 24 reform
1468 1060 20 24 is
1500 1068 14 16 a
1526 1060 114 24 violation
1663 1059 27 24 of
1702 1058 43 24 the
1767 1065 39 17 ex-

1287 1094 73 30 isting
1374 1096 62 21 Btate
1459 1093 26 24 of
1505 1093 92 29 things.
1630 1092 29 23 In
1682 1090 124 30 England,

1286 1127 101 30 legacies
1398 1126 114 24 intended
1522 1127 25 23 to
1561 1129 25 19 be
1598 1124 58 24 used
1667 1124 28 24 mr
1715 1122 91 25 attack-

1287 1159 41 30 ing
1336 1159 40 23 the
1390 1158 68 24 State
1470 1158 99 30 religion
1581 1164 40 16 are
1633 1155 117 27 voidable,
1764 1155 42 23 but

1287 1199 30 15 no
1386 1191 43 23 has
1440 1192 40 29 yet
1491 1190 47 23 had
1549 1189 42 24 the
1598 1188 111 31 audacity
1718 1189 26 22 to
1752 1195 55 23 sug-

1287 1225 52 29 gest
1362 1223 56 24 that
1439 1231 15 16 a
1476 1222 92 24 similar
1590 1221 60 25 theft
1668 1220 88 25 should
1779 1221 27 23 be

1287 1255 149 31 perpetrated
1447 1262 31 17 on
1498 1262 15 17 a
1524 1254 81 30 legacy
1616 1251 45 27 left
1679 1253 38 25 for
1735 1252 71 25 advo-

1286 1288 83 32 cating
1380 1287 73 30 sociaj
1465 1295 27 17 or
1503 1286 104 33 political
1614 1286 94 24 reform.

1287 1337 51 24 The
1350 1336 153 25 Established
1525 1334 98 26 Church
1645 1334 21 24 is
1688 1333 81 31 trying
1781 1334 25 23 to

1286 1378 101 26 commit
1393 1388 14 14 a
1437 1385 54 23 very
1503 1378 88 30 shabby
1598 1376 62 25 theft
1668 1377 24 24 of
1698 1375 108 26 national

1285 1425 120 28 property.
1440 1421 21 24 A
1503 1421 64 31 piece
1600 1421 27 23 of
1659 1420 93 30 ground
1785 1419 20 23 is

1286 1464 95 25 wanted
1392 1464 38 24 for
1437 1464 41 24 the
1487 1463 103 25 erection
1602 1465 24 22 ot
1638 1470 14 16 a
1663 1463 108 29 vicarage
1781 1463 25 22 at

1286 1507 147 28 Petersham,
1463 1507 49 23 and
1534 1506 40 24 the
1597 1507 131 29 promoters
1745 1505 62 24 have

1287 1551 42 24 the
1339 1552 142 28 impudence
1503 1550 26 24 to
1541 1548 44 25 ask
1593 1548 36 25 for
1666 1556 14 16 a
1692 1550 70 29 grant
1784 1548 25 24 of

1288 1593 55 24 land
1378 1592 27 24 m
1416 1592 144 24 Petersham
1572 1591 70 28 Park,
1655 1599 46 16 one
1723 1590 25 24 of
1767 1591 41 24 the

1287 1636 96 25 lovliest
1405 1635 98 32 holiday
1514 1634 105 32 grounds
1625 1642 60 17 near
1696 1634 111 24 London.

1289 1681 48 21 Mr.
1350 1679 76 30 Bryce
1438 1679 21 23 is
1479 1678 86 30 asking
1586 1677 130 32 questions'
1734 1676 73 24 about

1287 1724 42 23 tne
1333 1723 98 23 -matter
1441 1722 23 23 m
1478 1721 41 24 the
1531 1720 82 25 House
1625 1719 24 25 of
1672 1719 134 29 Commons,

1287 1766 47 23 and
1343 1766 29 23 he
1383 1764 87 26 should
1490 1764 30 25 be
1531 1763 109 31 strongly
1661 1762 92 25 backed
1774 1769 33 24 up

1285 1808 94 24 outsile
1391 1825 6 6 .
1431 1807 51 25 The
1493 1805 144 32 plundering
1647 1805 26 24 of
1678 1806 41 23 the
1736 1804 73 25 small

1287 1851 100 24 amount
1394 1849 27 25 of
1429 1849 58 25 land
1498 1848 78 26 which
1585 1848 21 24 is
1616 1847 109 25 national
1736 1855 70 23 prop-

1287 1896 51 29 erty
1356 1893 75 31 ought
1455 1894 25 23 to
1492 1893 28 23 be
1536 1891 101 25 resisted
1644 1891 25 24 m
1689 1891 41 26 the
1736 1905 2 9 *
1752 1898 55 25 very

1286 1935 105 23 sternest
1402 1932 104 25 fashion.

1319 1976 21 25 A
1348 1984 56 18 man
1413 1975 98 32 passing
1520 1974 106 32 through
1635 1982 14 15 a
1661 1975 108 30 gateway
1779 1973 28 25 m

1284 2021 43 25 tho
1339 2020 58 25 dark
1405 2027 45 17 ran
1465 2018 94 32 against
1579 2026 14 17 a
1604 2018 61 32 post.
1724 2017 13 24 I
1748 2017 59 25 wish

1285 2064 55 25 that
1351 2065 54 30 post
1417 2070 49 18 was
1477 2062 24 24 m
1612 2069 49 17 was
1671 2060 39 25 his
1731 2068 76 25 angry

1284 2107 103 25 remark.
1445 2105 85 26 Better
1550 2104 62 26 wish
1623 2105 20 25 it
1665 2104 142 26 somewhere

1374 2150 51 24 said
1435 2157 14 17 a
1470 2149 130 31 bystander
1609 2156 7 22 ;
1658 2156 48 24 you
1727 2147 79 32 might

1284 2192 46 16 run
1342 2183 94 32 against
1442 2183 21 23 it

465 54 163 30 OXFORD
669 55 87 29 AND
800 56 104 29 GUST
948 57 220 31 OBSERVER
1212 56 230 39 SATURDAY,
1484 61 235 33 NOVEMBER
1762 68 46 33 21,
1832 68 87 29 1891.

1284 3661 99 24 Printed
1404 3661 52 24 ard
1493 3661 177 34 Publisl^dby
1695 3666 113 26 Richard

1316 3703 105 25 Holmax
1564 3707 26 23 at
1607 3706 40 25 his
1665 3709 142 30 Registered

1317 3745 111 29 Printing
1545 3748 65 31 High
1636 3749 88 27 Street.
1746 3751 63 26 East

1315 3788 87 25 Otferd
1424 3789 150 24 Canterbury

1920 194 68 24 View
2001 194 73 25 Hill.
2076 210 33 4 —
2110 196 48 25 Our
2176 198 63 25 little
2258 200 117 32 township
2386 202 22 24 is

1887 238 91 30 quieter
1995 240 60 24 than
2077 249 61 22 ever,
2158 250 27 17 as
2199 243 49 25 .the
2270 244 62 26 bush
2352 247 54 29 gets

1883 282 92 24 worked
1989 285 50 26 out,
2051 284 42 24 the
2115 286 84 30 people
2220 295 40 16 are
2272 306 2 5 ,
2283 288 123 32 gradually

1883 325 99 32 drifting
2002 335 67 24 away
2092 334 24 19 to
2135 332 37 28 try
2194 333 68 28 pasta
2270 339 45 17 res.
2328 341 54 16 new
2394 334 14 23 I

1883 365 50 26 foav
1944 370 54 24 that
2010 371 72 24 about
2093 374 88 29 twenty
2191 374 104 25 families
2305 384 41 15 are
2363 384 42 23 go-

1881 412 41 29 ing
1933 414 25 22 to
1970 414 66 23 leave
2051 414 124 25 Woodside
2190 417 48 23 and
2260 417 77 25 View-.
2349 419 54 24 Hill

1883 454 100 31 shortly,
1993 460 25 20 to
2030 459 37 29 try
2079 457 64 25 their
2152 458 57 25 luck
2220 459 26 24 m
2258 460 42 23 the
2323 461 77 24 North

1881 497 94 25 Island.
2008 499 24 23 It
2055 507 75 17 seeuis
2151 508 15 17 a
2188 503 65 29 great
2275 503 51 31 pity
2349 503 56 24 that

1882 543 70 23 those
1966 543 83 31 people
2060 545 85 24 should
2158 544 29 25 be
2198 546 80 24 forced
2289 549 25 23 to
2332 539 101 42 leavU^

1883 581 40 27 tlie
1935 585 100 29 district,
2048 586 48 24 and
2106 587 14 23 I
2131 587 71 24 think
2218 588 68 25 there
2297 592 66 22 must
2376 590 28 23 be

1883 628 137 34 something
2036 631 113 32 radically
2161 640 80 24 wrong
2263 635 143 24 somewhere

1884 673 55 23 that
1951 673 18 24 it
1980 673 20 24 is
2013 675 40 22 so^
2145 682 2 4 •
2156 687 3 4 ■
2281 685 2 7 ■
2321 673 9 24 i

1885 811 246 47 PUBLIC
2158 814 245 70 NOTICE

1888 897 148 67 SSEW
2102 899 301 67 DHAPEKV

1905 1016 163 57 R.H.
2097 1017 292 67 PARISH,

1960 1075 34 26 IS
2012 1075 84 26 NOW
2109 1074 165 27 OPENING
2291 1077 44 26 UP
2377 1065 12 19 3

2025 1104 246 63 CASES

1943 1178 129 26 :;,,,.■■
2087 1176 142 21 ...-and..,.:
2256 1192 11 5 ..
2286 1189 30 8 ,

2021 1205 260 58 BALES'

1883 1262 53 30 OF
1957 1263 151 30 SPRING
2122 1263 85 29 AND
2229 1264 176 30 SUMMER

2032 1303 202 37 DRAPERY,

1920 1352 71 21 NEW
2019 1353 113 21 SPRING
2146 1353 145 23 MANTLES
2300 1367 3 5 ,
2324 1354 60 21 AND

2057 1393 145 24 JACKETS.
2220 1410 2 3 .

1923 1433 71 23 NEW
2021 1434 113 22 SPRING
2159 1434 67 22 AND
2274 1435 130 22 SUMMER

2020 1475 181 21 MILLINERY.

1925 1515 72 21 NEW
2025 1515 113 22 SPRING
2178 1515 67 21 AND
2273 1515 132 23 SUMMER

2013 1556 96 22 DRESS
2124 1556 105 22 GOODS.

1886 1586 182 38 Sunshades,
2109 1588 148 37 Parasols,
2286 1587 117 31 Under-

1885 1628 149 40 clothing,-
2096 1628 133 40 Carpets,
2309 1630 94 39 Rugs,
2432 1642 1 4 •

1885 1668 153 40 Sheeting,
2053 1669 158 37 Blankets,
2225 1670 180 29 Portmant-

1884 1719 79 26 eaus,

1883 1750 96 35 Mens,
1988 1750 91 39 Boys,
2102 1752 60 28 and
2175 1750 121 31 Youths
2316 1752 89 29 Cloch

1883 1791 62 39 ing.
1963 1790 107 36 Shirts,
2079 1791 89 37 Hats,
2185 1791 52 29 &c.

1979 1830 130 36 NOW
2148 1830 174 36 OPEN.

1881 1870 50 30 All
1946 1870 101 31 Goods
2075 1871 74 30 Sold
2177 1874 32 27 at
2236 1871 169 30 Wholesale

1885 1911 100 29 Prices

1883 1950 64 31 One
1963 1950 130 40 Shilling
2106 1952 31 29 m
2151 1952 52 29 the
2213 1952 104 40 pound
2325 1952 77 29 Dis-

1883 1995 92 27 count
1989 1992 49 30 for
2053 1992 79 31 cash.

2096 2119 67 21 AND

1924 2211 118 58 KZ.
2066 2210 283 60 CLOTHING

2054 2405 192 50 SUITE

1883 2471 226 32 TAILORING
2122 2472 281 32 DEPARTMENT

1926 2537 51 79 IN
2018 2538 61 29 this
2128 2548 68 21 now
2239 2539 166 38 important

1963 2578 117 30 branch
2094 2578 32 30 of
2144 2588 52 29 my
2223 2579 139 30 business
2389 2580 17 30 I

1886 2620 78 29 have
1992 2620 125 29 secured
2144 2620 61 33 the.
2232 2630 73 30 very
2339 2620 68 31 best

1886 2663 115 27 cutters
2014 2660 32 29 m
2060 2660 53 29 the
2127 2660 116 39 colony,
2258 2660 147 31 therefore

1886 2710 61 31 you
1961 2710 55 20 can
2031 2700 117 40 depend
2163 2710 80 30 upon
2257 2701 117 39 getting
2388 2712 19 19 a

1886 2741 115 40 perfect
2008 2755 3 5 ■
2027 2741 46 30 fit.
2116 2740 54 41 My
2202 2742 140 29 selection
2373 2743 33 28 of

1885 2782 76 31 New
1975 2782 134 30 Zealand
2121 2781 134 37 Tweeds,
2272 2785 4 5 '
2297 2782 108 40 Serges

1886 2823 61 30 and
1961 2823 104 39 Fancy
2093 2822 142 40 Coatings
2245 2823 29 30 is
2284 2834 60 19 .one
2373 2823 32 30 of

1886 2861 52 32 the
1951 2863 116 41 largest
2074 2862 31 30 m
2121 2863 52 30 the
2188 2861 119 38 d,i?'t¥ict
2315 2863 89 31 while

1855 2897 2 39 !
1886 2905 16 30 I
1917 2908 163 35 guarantee
2109 2902 50 43 miy
2187 2904 98 41 prices
2307 2908 31 26 to
2368 2904 35 31 be

1886 2945 64 30 still
1964 2944 93 31 about
2086 2946 38 28 25
2139 2955 53 29 per
2220 2949 67 26 cent
2312 2946 93 29 lower

1885 2985 76 30 than
1989 2985 99 39 prices
2116 2985 123 40 usually,
2265 2985 159 45 pharged^.

1884 3025 51 30 All
1975 3025 114 33 tweeds
2130 3036 51 20 are
2222 3025 182 40 thoroughly
2422 3037 10 5 -

1884 3066 126 37 shrunk,
2020 3066 221 40 workmanship
2251 3067 60 38 ajnd
2325 3065 78 40 style

1884 3107 110 33 second
2008 3110 33 27 to
2054 3117 87 21 none.

1944 3157 177 33 KAIAPOI
2175 3154 210 36 CLOTHING
2425 3170 8 5 -

2046 3208 193 31 FACTORY.

1928 3275 53 37 R.
2025 3274 58 41 H.
2130 3272 229 39 PARISH.

2012 3316 88 31 East
2123 3316 140 30 Oxford.
2263 3319 3 9 1
2309 3335 5 5 •

1888 3445 161 38 FARM
2108 3443 290 41 PRODUCE.

1967 3497 120 31 Notice
2109 3506 38 22 to
2166 3498 161 31 Farmers.

1929 3549 100 30 Those
2053 3549 135 31 desirous
2208 3548 35 31 of
2264 3545 141 42 bringing

1888 3589 92 30 Farm
1991 3589 137 31 Produce
2137 3591 31 29 of
2176 3600 60 29 any
2246 3591 63 28 sort
2317 3592 32 26 to
2353 3588 53 29 the

1889 3629 117 31 Oxford
2028 3631 126 37 market,
2191 3629 60 30 will
2288 3628 118 30 consult

1887 3669 81 31 their
1992 3680 68 21 own
2086 3671 126 30 interest
2238 3670 41 39 by
2300 3669 105 29 adver-

1887 3710 97 40 tising
2006 3721 81 20 same
2108 3709 41 33 in\
2163 3709 52 31 tlie
2243 3707 163 33 OXFORD

1888 3751 61 29 and
1964 3751 102 31 CUST
2077 3744 223 53 OBSERVER,
2312 3759 38 19 an
2363 3748 44 30 .is-

1888 3801 54 21 sue
1952 3802 35 20 or
1999 3797 59 25 two
2085 3789 200 33 before-hand.

1378 2328 332 57 NOTICE.

1288 2451 81 60 ALL
1395 2450 80 26 Cattle
1496 2450 75 25 found
1593 2449 148 30 trespassing
1774 2456 30 17 on

1357 2491 41 25 my
1420 2483 79 29 Land,
1518 2483 49 24 will
1590 2483 30 24 be
1642 2481 110 32 pounded
1773 2489 32 16 on

1284 2523 45 24 and
1342 2523 62 24 after
1414 2523 61 24 Nov.
1496 2523 65 23 18th.
1572 2542 3 3 .

1426 2559 30 25 A.
1489 2559 190 29 VALLANCE,

1636 2597 136 25 Woodside.

1285 2641 84 56 ALL
1397 2640 78 25 Cattle
1496 2641 74 23 found
1592 2641 149 30 trespassing
1772 2648 32 17 on

1357 2681 45 17 our
1419 2674 79 27 Land,
1521 2673 48 24 will
1590 2673 30 25 be
1642 2673 111 31 pounded
1774 2681 32 16 on

1283 2711 48 24 and
1343 2711 60 24 after
1413 2711 50 24 this
1482 2711 64 24 date.

1363 2751 178 24 VALLANCE
1560 2751 18 24 &
1600 2750 143 30 TAYLOE,

1638 2789 136 25 Woodside.

1313 2827 62 25 Nov.
1394 2827 67 28 14th,
1473 2827 73 25 1891.

1284 2965 257 37 WANTED
1580 2962 224 43 KNOWN.

1285 3057 120 78 GOOD
1432 3057 79 30 Root
1538 3058 156 32 Firewood
1734 3069 70 27 sup-

1360 3098 91 39 plied;
1475 3102 52 26 cut
1554 3100 97 29 small.
1693 3100 111 41 Apply,

1385 3149 161 33 REEVES
1588 3151 117 32 BROSc

1578 3201 85 31 West
1678 3203 126 30 Oxford.

1284 3334 207 71 TENDERS
1524 3346 50 22 are
1598 3337 115 32 invited
1756 3339 50 31 for

1376 3376 138 36 painting
1564 3377 35 30 St
1646 3377 158 33 Andrew's

1283 3415 129 33 Church,
1441 3417 74 30 with
1539 3422 60 26 two
1641 3419 91 31 Coats
1774 3422 32 30 of

1283 3457 95 31 paint.
1421 3456 132 32 Tenders
1575 3462 32 25 to
1626 3459 39 30 be
1691 3463 68 27 sent
1772 3464 32 28 to

1284 3496 48 30 Mr
1372 3497 143 32 Fawker;
1560 3509 40 19 on
1628 3509 35 21 or
1703 3501 103 33 before

1283 3537 171 31 November
1482 3539 82 31 30th.
