2529 4020
1280 128 107 27 founded;
1398 130 43 21 but
1450 128 33 22 for
1491 135 55 21 your
1556 128 125 27 Lordship's
1690 127 148 27 information,
1850 127 12 21 I

1279 156 44 26 beg
1332 159 22 18 to
1365 159 54 18 state
1430 156 48 21 that
1495 155 12 22 I
1517 154 60 28 deny
1585 155 49 22 that
1643 154 54 23 Port
1712 154 122 22 Nicholson
1843 153 19 22 is

1280 181 71 22 either
1366 181 179 27 geographically
1559 189 24 14 or
1599 181 78 27 locally
1693 180 94 27 adapted
1801 180 40 23 for-
1850 187 13 14 a

1283 211 49 19 seat
1342 208 25 22 of
1377 212 154 22 government.
1561 208 10 21 I
1587 207 121 28 denyfalso
1724 207 47 22 that
1785 207 12 21 I
1811 214 52 15 ever

1280 239 49 17 sent
1343 241 13 15 a
1366 234 71 22 vessel
1450 238 21 18 to
1481 235 71 22 entice
1568 241 61 20 away
1637 234 57 21 from
1705 234 52 21 Port
1772 233 91 22 Nichol-

1280 267 40 15 son
1331 268 44 20 any
1384 261 106 22 artificers
1500 268 24 14 or
1537 261 111 21 labourers
1658 261 50 20 who
1718 260 64 21 could
1792 260 27 21 be
1828 261 34 20 in-

1280 287 71 22 duced
1368 291 21 17 to
1407 287 62 22 leave
1486 288 48 21 that
1547 288 132 25 settlement,
1691 287 51 21 .and
1754 287 9 20 I
1777 287 44 26 beg
1829 294 34 14 re-

1279 314 117 27 spectfully
1404 316 23 19 to
1437 314 81 21 submit
1532 316 23 19 to
1570 320 56 20 your
1636 312 116 28 Lordship,
1769 313 54 26 that,
1837 313 25 22 in

1281 339 37 22 the
1328 340 94 22 absence
1432 341 26 21 of
1464 348 43 19 any
1517 340 49 22 clue
1577 344 29 23 to,
1622 347 24 14 or
1654 339 130 27 knowledge
1794 340 26 21 of
1826 339 36 22 the

1277 367 122 22 intentions
1408 367 26 21 of
1440 367 39 21 her
1486 367 118 27 Majesty's
1612 367 151 21 Government
1770 366 93 22 towards

1279 393 38 21 the
1327 393 84 22 settlers
1422 396 23 18 at
1459 393 53 21 Port
1524 393 129 25 Nicholson,
1670 392 45 22 and
1725 392 92 22 without
1827 393 36 21 the

1279 419 110 27 authority
1399 419 85 28 usually
1495 419 77 22 vested
1581 420 23 21 in
1615 426 13 14 a
1637 419 119 26 Governor,
1777 419 10 21 I
1798 419 64 22 could

1279 448 41 19 not
1328 445 51 22 visit
1387 447 50 21 that
1450 446 128 22 settlement
1586 446 52 22 with
1652 452 45 21 any
1707 445 122 27 advantage
1840 450 22 17 to

1279 472 38 22 the
1326 472 145 22 inhabitants.

1306 498 72 22 These
1387 499 63 22 three
1465 499 129 27 allegations
1610 498 57 22 form
1681 497 38 23 the
1736 499 95 26 grounds
1840 499 25 22 of

1279 524 38 22 the
1328 525 99 26 petition.
1496 534 5 8 '

1305 551 48 22 The
1363 551 47 23 first
1418 552 20 21 is
1446 555 47 19 met
1500 552 31 27 by
1537 560 13 14 a
1557 551 162 23 contradiction
1728 552 96 22 founded
1834 560 29 14 on

1279 578 111 27 authority
1399 578 38 21 the
1454 582 58 18 most
1525 578 114 22 authentic
1649 578 45 22 and
1709 578 153 23 disinterested

1279 604 48 22 that
1334 604 64 22 could
1408 605 29 21 be
1446 605 117 27 procured.

1306 631 47 21 The
1370 631 80 22 second
1465 632 11 21 I
1491 632 59 27 deny
1566 632 24 22 in
1605 631 90 23 distinct
1710 631 45 23 and
1770 632 92 27 positive

1279 660 67 19 terms
1354 665 6 19 ;
1376 658 126 28 premising,
1517 658 109 26 however,
1637 658 47 22 that
1696 659 11 21 I
1720 659 36 21 did
1766 666 64 15 cause
1841 662 22 18 to

1279 684 26 21 be
1316 683 63 23 hired
1385 685 35 21 for
1431 685 36 21 the
1479 686 84 21 service
1568 685 27 21 of
1602 686 151 21 Government
1759 685 24 22 in
1794 688 69 19 erect-

1278 711 40 26 ing
1336 710 42 22 this
1395 711 76 25 house,
1492 711 37 22 the
1546 711 135 23 mechanics'
1692 712 45 22 and
1752 712 112 22 labourers

1279 737 130 22 mentioned
1424 737 24 22 in
1457 737 38 23 the
1505 738 92 27 margin,
1612 739 34 21 for
1655 738 73 22 whom
1738 746 12 14 a
1760 739 44 21 free
1815 746 49 19 pas-

1279 770 50 20 sage
1346 770 44 15 was
1404 764 110 27 provided
1528 765 24 22 in
1566 772 13 14 a
1594 764 47 27 ship
1651 765 47 21 that
1710 773 42 14 was
1766 765 98 27 casually

1279 789 89 28 passing
1380 790 101 22 between
1492 791 37 21 the
1538 795 61 24 ports
1606 799 6 18 ;
1627 792 40 21 but
1676 799 24 14 so
1709 791 35 22 far
1753 791 57 23 from
1821 791 42 23 this

1279 819 46 25 step
1333 816 68 27 being
1410 817 67 21 taken
1487 818 23 21 in
1521 825 12 15 a
1543 818 136 22 clandestine
1690 826 99 19 manner,
1801 819 12 21 I
1824 819 39 21 ad-

1279 843 95 21 vertised
1383 844 35 20 tor
1427 843 113 23 workmen
1554 844 113 28 generally
1676 845 137 26 throughout
1826 845 36 22 the

1280 869 90 27 Colony,
1391 870 93 22 without
1502 871 114 21 reference
1632 874 23 18 to
1672 872 54 21 Port
1742 871 121 23 Nicholson

1279 903 61 15 more
1359 896 54 22 than
1434 904 43 19 any
1495 898 63 22 other
1575 897 125 23 settlement
1717 898 70 24 where
1802 899 62 21 there

1280 923 70 25 might
1359 923 27 21 be
1396 930 52 14 men
1457 925 97 26 wanting
1565 924 158 30 employment.

1305 949 32 22 To
1347 949 36 21 the
1391 949 58 22 third
1456 950 12 22 I
1477 953 56 20 trust
1537 960 58 19 your
1600 953 109 30 Lordship
1717 954 41 25 will
1765 953 100 26 consider

1279 976 47 22 that
1336 976 12 22 I
1358 976 57 22 have
1424 977 66 26 given
1501 986 14 15 a
1525 979 111 25 sufficient
1646 982 71 29 reply.

1498 1007 12 23 I
1523 1016 62 20 nave,
1596 1010 39 21 &o.

1504 1036 95 27 (signed)
1683 1037 36 22 W.
1736 1037 101 23 Hobson.

1313 1068 43 24 We
1379 1077 51 16 now
1450 1078 62 16 come
1531 1075 23 19 to
1571 1071 37 25 his
1620 1070 135 32 Lordship's
1768 1080 92 22 answer,

1281 1102 58 24 from
1351 1103 74 23 which
1436 1111 33 15 we
1481 1103 80 31 gather
1573 1104 49 23 that
1630 1104 120 31 excepting
1759 1105 50 23 that
1815 1111 51 25 part

1282 1136 24 23 of
1324 1136 38 23 the
1375 1136 139 24 Governor's
1533 1137 96 23 conduct
1645 1137 74 23 which
1736 1137 83 25 related
1842 1144 23 18 to

1282 1169 94 31 sending
1396 1174 22 18 to
1442 1170 56 23 Port
1521 1170 125 23 Nicholson
1670 1171 35 22 for
1728 1171 135 31 mechanics,

1281 1202 35 23 his
1334 1202 114 31 Lordship
1460 1210 45 16 was
1525 1203 109 31 perfectly
1644 1203 101 25 satisfied
1756 1205 55 23 with
1829 1205 36 24 his

1283 1239 120 20 treatment
1416 1237 25 22 of
1451 1236 37 23 the
1500 1237 90 23 settlers
1601 1241 23 18 at
1634 1237 58 23 Port
1704 1237 131 25 Nicholson.

1283 1273 59 27 Copy
1349 1273 24 21 of
1378 1280 14 14 a
1403 1273 105 28 despatch
1516 1274 56 22 from
1583 1275 57 21 Lord
1651 1275 89 27 Satnley
1749 1278 21 19 to
1782 1276 82 21 Gover-

1308 1306 41 14 nor
1361 1299 101 23 Hobson.

1458 1328 193 27 Downing-street,
1662 1329 28 21 24
1699 1328 65 27 June,
1778 1330 58 21 1842.

1310 1353 48 21 Sir.
1389 1353 10 21 I
1420 1353 56 23 have
1494 1355 46 21 had
1559 1355 71 21 under
1648 1362 38 20 my
1707 1355 158 22 consideration

1283 1386 53 19 your
1347 1380 129 27 despatches
1486 1381 26 21 of
1518 1381 38 21 the
1566 1382 104 21 numbers
1677 1382 46 21 and
1733 1381 59 22 dates
1803 1390 62 14 men-

1283 1406 74 22 tioned
1368 1407 22 21 in
1401 1407 36 21 the
1447 1408 85 26 margin
1540 1416 5 18 ;
1563 1407 50 28 and,
1624 1408 19 21 if
1651 1408 11 21 I
1672 1409 59 21 have
1741 1408 93 27 delayed
1842 1410 23 21 in

1283 1439 58 15 some
1351 1440 99 16 measure
1458 1435 125 26 answering
1592 1442 54 19 your
1656 1435 77 21 earlier
1742 1436 122 22 communi-

1284 1459 89 27 cation?,
1391 1460 12 22 I
1414 1459 55 23 have
1480 1461 58 21 done
1555 1468 32 19 so,
1602 1464 40 18 not
1655 1461 93 22 because
1758 1462 13 22 I
1781 1469 43 15 was
1832 1463 35 22 in-

1283 1486 93 22 sensible
1397 1486 25 22 of
1437 1487 38 21 the
1494 1487 94 27 possible
1606 1487 170 28 disadvantages
1793 1489 72 22 under

1283 1512 71 22 which
1363 1520 43 19 you
1414 1513 70 27 might
1493 1514 63 22 labor
1564 1515 54 20 from
1625 1514 38 22 the
1674 1515 94 22 absence
1777 1516 26 21 of
1809 1517 56 26 posi-

1283 1539 44 21 tive
1336 1539 148 28 instructions,
1494 1541 47 26 but,
1552 1541 94 21 because
1654 1541 10 21 I
1671 1541 136 28 considered,
1818 1543 49 22 that

1283 1565 43 22 still
1344 1569 86 24 greater
1446 1567 175 22 inconvenience
1639 1568 73 27 might
1727 1569 67 22 result
1808 1570 57 21 from

1284 1591 92 28 sending
1390 1596 40 18 out
1439 1596 22 18 to
1477 1601 51 19 you,
1546 1597 24 18 at
1578 1601 23 15 so
1610 1598 64 23 great
1690 1602 14 14 a
1713 1595 102 26 distance,
1832 1597 35 21 in-

1284 1619 115 22 structions
1408 1619 99 23 founded
1517 1628 60 19 upon
1585 1628 12 14 a
1607 1624 54 18 state
1670 1621 26 21 of
1702 1622 80 27 things,
1793 1623 73 22 which

1284 1645 36 22 the
1329 1645 60 28 lapse
1399 1646 26 22 of
1436 1654 12 14 a
1458 1647 61 21 short
1528 1647 55 21 time
1593 1647 70 27 might
1671 1649 123 26 materially
1803 1650 62 21 alter.

1284 1672 137 27 Experience
1432 1673 38 21 has
1480 1673 91 28 happily
1582 1675 118 21 confirmed
1712 1682 37 20 my
1759 1676 106 27 anticipa-

1284 1699 64 27 tions,
1363 1699 48 22 that
1422 1701 99 25 personal
1531 1701 153 26 explanations
1695 1702 71 22 would
1779 1703 53 22 tend
1841 1704 24 21 in

1285 1732 13 15 a
1307 1729 61 23 great
1376 1733 101 15 measure
1488 1731 22 17 to
1519 1727 59 26 allay
1585 1728 35 21 the
1629 1728 109 22 irritation
1745 1729 71 22 which
1827 1737 40 14 ex-

1283 1752 55 22 isted
1348 1760 81 19 among
1442 1753 37 21 the
1493 1753 134 23 inhabitants
1636 1755 26 21 of
1675 1755 54 22 Port
1743 1755 122 23 Nicholson

1284 1779 62 21 when
1356 1779 53 28 they
1420 1780 139 22 transmitted
1571 1781 37 21 the
1618 1781 91 28 petition
1720 1783 34 21 for
1767 1790 55 19 your
1831 1790 36 15 re-

1286 1805 47 26 call,
1350 1805 71 23 which
1437 1807 157 27 accompanied
1608 1815 54 19 your
1677 1808 103 27 despatch
1791 1810 25 21 of
1827 1809 39 22 the

1284 1832 39 22 sth
1332 1833 93 26 August,
1443 1834 43 21 and
1498 1834 12 21 I
1519 1841 37 14 am
1570 1834 73 28 happy
1653 1837 22 19 to
1684 1835 47 21 find
1740 1835 57 23 from
1811 1844 56 20 your

1286 1859 103 27 despatch
1399 1859 25 22 of
1432 1860 37 22 the
1479 1861 52 21 20th
1537 1861 102 27 October,
1650 1861 87 23 written
1747 1863 56 21 after
1811 1870 56 19 your

1285 1889 74 19 return
1376 1886 58 22 from
1450 1887 48 21 that
1512 1887 133 27 settlement,
1660 1888 50 21 that
1724 1889 35 21 the
1777 1890 56 27 body
1844 1891 26 21 of

1286 1912 35 22 the
1326 1912 144 28 inhabitants,
1477 1913 115 28 including
1597 1921 59 15 some
1662 1914 50 22 who
1719 1915 44 23 had
1768 1917 99 26 strongly

1280 1939 111 22 icenaured
1408 1946 54 20 your
1471 1940 104 26 conduct,
1592 1941 110 27 appeared
1711 1942 95 22 satisfied
1813 1945 53 19 with

1276 1965 223 25 HheHWttngeinents
1509 1967 73 21 which
1590 1975 43 17 you
1644 1967 57 21 have
1712 1969 69 26 made,
1792 1969 29 27 by
1828 1969 37 21 the

1286 1989 75 22 advice
1371 1990 26 21 of
1403 1997 57 19 your
1469 1992 94 26 council,
1575 1992 33 21 for
1617 1992 36 21 the
1662 1992 172 24 administration
1844 1995 26 22 of

1288 2016 56 21 their
1353 2016 58 22 local
1421 2017 78 22 affairs.

1311 2042 53 22 This
1374 2043 67 27 being
1450 2044 36 21 the
1498 2052 56 20 case,
1566 2045 11 22 I
1588 2045 63 22 deem
1663 2046 18 22 it
1691 2054 143 21 unnecessary
1844 2051 23 19 to

1286 2072 61 19 enter
1356 2077 59 19 upon
1425 2077 13 14 a
1448 2071 158 22 consideration
1614 2073 25 21 of
1647 2073 36 21 the
1694 2074 90 25 petition
1795 2075 72 21 which

1288 2103 42 14 was
1340 2096 52 22 then
1407 2098 124 27 presented,
1547 2099 85 21 further
1641 2099 55 22 than
1705 2103 21 19 to
1737 2108 45 19 say,
1798 2101 47 22 that
1857 2102 10 21 I

1286 2123 99 22 consider
1394 2124 38 21 the
1442 2131 84 15 answer
1535 2126 118 21 contained
1662 2127 24 21 in
1697 2134 53 19 your
1761 2129 105 27 despatch

1286 2150 25 21 of
1322 2149 36 23 the
1374 2151 39 21 sth
1428 2152 26 20 of
1466 2152 94 26 August,
1578 2155 22 18 to
1615 2153 36 21 the
1667 2153 90 28 charges
1773 2155 96 26 brought

1286 2176 84 27 against
1378 2185 51 19 you,
1440 2178 111 22 sufficient
1559 2179 44 21 and
1610 2180 144 27 satisfactory,
1766 2182 52 21 with
1830 2182 37 22 the

1285 2204 69 25 single
1364 2205 117 26 exception
1493 2205 24 21 of
1526 2206 36 20 the
1574 2206 119 27 complaint
1702 2207 63 22 made
1774 2208 24 21 in
1806 2208 59 22 rela-

1287 2230 44 21 tion
1348 2233 21 18 to
1384 2238 55 20 your
1449 2231 119 23 abduction
1577 2233 24 21 of
1614 2233 112 23 labourers
1741 2234 57 22 from
1814 2235 54 24 Port

1286 2256 122 23 Nicholson
1424 2261 21 18 to
1456 2258 127 23 Auckland.
1612 2260 36 21 On
1662 2260 45 22 this
1721 2261 61 27 point
1792 2262 12 22 I
1814 2268 53 16 can-

1286 2286 39 19 not
1335 2284 94 26 disguise
1435 2285 58 21 from
1502 2293 45 19 you
1556 2293 37 20 my
1598 2286 95 27 opinion,
1704 2287 56 28 that,'
1768 2289 24 21 in
1803 2289 66 22 offer-

1285 2311 39 25 ing
1337 2318 13 14 a
1360 2311 47 22 free
1420 2319 91 19 passage
1528 2316 22 17 to
1567 2313 120 22 Auckland
1702 2317 22 19 to
1740 2315 129 23 mechanics

1286 2336 49 22 who
1349 2337 44 22 had
1406 2338 57 21 been
1477 2339 132 22 introduced
1622 2340 47 22 into
1684 2340 38 22 the
1736 2342 133 28 Company's

1285 2364 126 21 settlement
1419 2367 22 19 at
1450 2364 57 22 their
1517 2373 101 20 expense,
1629 2374 45 19 you
1684 2368 86 27 judged
1780 2376 89 15 errone-

1286 2390 71 27 ously.
1385 2391 33 22 To
1431 2391 57 22 have
1503 2393 105 27 accepted
1617 2394 57 21 from
1689 2396 53 20 such
1751 2402 90 21 persons
1852 2404 13 14 a

1286 2421 146 23 spontaneous
1440 2418 78 22 tender
1528 2420 26 20 of
1566 2421 82 21 service
1658 2421 75 22 would
1740 2421 58 23 have
1808 2423 57 21 been

1285 2444 205 28 unobjectionable;
1510 2445 41 22 but
1570 2447 11 21 I
1598 2446 62 22 think
1679 2447 48 22 that
1740 2449 37 21 the
1793 2449 76 28 public

1286 2470 65 22 funds
1359 2473 23 19 at
1390 2478 55 20 your
1453 2472 96 28 disposal
1556 2480 55 14 were
1619 2477 39 18 not
1664 2474 100 29 properly
1773 2477 94 26 applied,

1286 2497 44 21 and
1345 2497 49 22 that
1403 2505 55 19 your
1474 2498 111 29 authority
1598 2507 24 15 as
1638 2501 116 23 Governor
1769 2510 44 14 was
1828 2507 40 18 not

1283 2523 133 28 judiciously
1430 2525 96 27 exerted,
1543 2526 24 22 in
1580 2527 82 26 raising
1676 2527 155 25 inducements
1845 2533 24 18 to

1286 2557 63 16 move
1359 2558 91 20 persons
1460 2555 21 18 to
1492 2553 48 27 quit
1554 2552 37 22 the
1601 2555 83 21 service
1699 2555 24 22 in
1733 2555 71 23 which
1815 2556 54 27 they

1286 2576 43 23 had
1345 2577 116 28 originally
1472 2580 105 26 engaged.
1612 2581 33 21 At
1653 2581 44 26 ,the
1710 2589 61 15 same
1787 2583 52 22 time
1857 2583 12 22 I

1286 2604 68 27 freely
1363 2604 162 28 acknowledge,
1542 2606 47 22 that
1603 2607 36 22 the
1653 2609 110 28 necessity
1770 2609 34 22 for
1817 2617 51 20 pro-

1286 2630 77 27 curing
1371 2630 113 24 labourers
1494 2633 34 21 for
1536 2633 37 22 the
1587 2634 75 27 public
1671 2635 70 22 works
1758 2639 22 19 at
1791 2637 76 21 Auck-

1284 2656 54 23 land
1347 2664 43 15 was
1401 2663 87 23 urgent,
1501 2660 45 21 and
1556 2660 47 22 that
1612 2661 36 21 the
1664 2661 124 23 difficulties
1797 2663 72 23 under

1287 2684 69 21 which
1366 2691 45 19 you
1420 2692 56 15 were
1491 2686 116 28 labouring
1616 2695 28 14 on
1655 2688 50 22 that
1717 2689 85 28 subject
1811 2697 57 15 were

1284 2710 56 23 such
1349 2718 24 14 as
1381 2711 88 32 greatly^
1477 2715 22 19 to
1514 2717 116 19 extenuate
1645 2722 45 20 any
1699 2723 59 15 error
1768 2717 26 21 of
1801 2717 69 27 judg-

1284 2740 61 19 ment
1359 2738 49 21 into
1427 2738 72 23 which
1512 2747 45 20 you
1573 2747 51 21 may
1638 2741 59 23 have
1712 2742 67 23 fallen
1793 2743 23 22 in
1831 2744 38 22 the

1286 2764 63 22 effort
1357 2767 23 18 to
1391 2769 121 18 encounter
1521 2766 45 22 and
1575 2767 85 23 subdue
1670 2769 67 22 them.

1311 2790 27 22 In
1349 2792 113 21 reference
1472 2797 23 17 to
1504 2801 57 19 your
1568 2794 104 22 selection
1683 2796 25 21 of
1715 2797 120 22 Auckland
1844 2798 25 22 in

1285 2817 126 33 preference
1422 2821 21 18 to
1453 2818 54 23 Port
1519 2820 122 23 Nicholson
1658 2829 24 15 as
1697 2823 36 22 the
1744 2823 40 23 site
1794 2824 26 22 of
1831 2824 37 22 the

1286 2846 70 19 niture
1367 2845 81 26 capital
1458 2846 25 21 of
1496 2846 55 22 New
1563 2848 105 27 Zealand,
1686 2849 11 21 I
1712 2856 35 16 am
1761 2850 73 28 happy
1844 2854 24 18 to

1286 2870 155 28 acknowledge
1458 2872 47 22 that
1521 2873 38 21 the
1573 2875 98 26 grounds
1689 2883 29 15 on
1733 2874 71 25 which
1823 2884 46 19 you

1284 2897 122 27 proceeded
1415 2905 81 21 appear
1504 2902 24 19 to
1537 2907 36 15 me
1582 2901 143 29 satisfactory.

1295 2935 2 10 i
1312 2924 35 21 On
1358 2931 14 14 a
1382 2925 87 27 subject
1483 2933 23 14 so
1520 2934 43 20 pec
1572 2928 71 27 iliarly
1651 2928 65 28 local,
1733 2929 44 23 and
1792 2933 22 19 to
1830 2930 37 22 the

1285 2950 57 27 right
1351 2951 177 29 understanding
1538 2954 26 21 of
1573 2954 72 22 which
1654 2962 25 14 so
1689 2958 65 20 much
1764 2960 103 23 topogra-

1285 2976 71 29 phical
1366 2977 132 29 knowledge
1507 2980 19 21 is
1537 2981 103 21 essential
1662 2989 39 20 my
1711 2983 87 26 opinion
1808 2987 61 18 must

1286 3004 24 21 of
1320 3011 77 15 course
1411 3004 28 22 be
1449 3006 84 26 guided
1548 3007 29 27 by
1586 3007 36 21 the
1640 3009 138 26 comparison
1793 3010 26 21 of
1829 3009 38 22 the

1286 3033 127 20 statements
1428 3033 140 22 transmitted
1581 3037 23 18 to
1620 3041 43 19 me,
1675 3035 44 21 and
1732 3035 31 28 by
1773 3035 37 23 the
1820 3036 49 22 bal-

1286 3057 79 27 ancing
1380 3058 80 26 weight
1476 3059 26 22 of
1513 3060 128 28 conflicting
1657 3061 134 23 authorities.
1819 3063 49 28 Ap-

1286 3084 117 28 proaching
1411 3086 37 21 the
1459 3086 105 26 questing
1572 3087 24 21 in
1603 3086 47 22 that
1660 3095 100 20 manner,
1771 3089 44 23 and
1825 3097 43 15 un-

1286 3110 62 23 aided
1363 3110 29 28 by
1408 3118 43 20 any
1468 3113 105 26 personal
1588 3114 158 27 acquaintance
1761 3116 53 22 with
1829 3117 40 22 the

1284 3137 111 27 localities,
1404 3137 11 22 I
1421 3138 27 22 ha
1451 3145 32 19 ye.
1486 3139 94 27 thought
1585 3140 48 22 that
1639 3141 61 22 there
1706 3142 17 22 is
1729 3143 54 22 such
1791 3150 12 15 a
1809 3143 60 23 clear

1284 3172 14 20 p
1309 3164 159 27 e]johderance-
1479 3166 24 21 of
1519 3167 93 22 motives
1630 3168 25 21 in
1673 3168 78 23 favour
1766 3170 27 22 of
1812 3178 57 19 your

1286 3188 72 35 choice
1369 3198 24 15 as
1403 3194 22 19 to
1432 3192 80 28 justify
1520 3201 37 14 me
1568 3194 22 22 in
1601 3194 100 28 advising
1710 3196 35 22 the
1757 3197 77 24 Queen
1844 3201 23 19 to

1286 3218 14 21 d
1306 3220 46 19 feet
1363 3216 48 24 that
1428 3219 119 23 Auckland
1555 3220 78 23 should
1643 3222 29 22 be
1683 3223 36 21 the
1733 3227 47 18 seat
1789 3224 26 22 of
1822 3225 47 21 Go-

1284 3251 15 15 v
1309 3248 90 19 rnment
1408 3246 26 21 of
1446 3246 38 22 the
1498 3253 50 16 new
1564 3248 82 27 Colony
1653 3256 5 19 ;
1676 3249 44 23 and
1735 3250 12 22 I
1762 3251 56 21 have
1832 3258 37 16 re-

1286 3270 74 23 cifved
1368 3270 41 23 her
1413 3272 118 28 Majesty's
1540 3275 130 23 commands
1681 3279 22 18 to
1714 3277 155 28 acquaintyou

1285 3298 18 22 tl
1310 3300 20 21 sit
1338 3298 56 23 such
1403 3298 18 22 is
1430 3299 40 22 her
1481 3300 115 29 Majesty's
1605 3302 109 27 pleasure.

1279 3342 4 8 ,
1296 3341 2 4 .
1311 3324 26 23 In
1356 3324 115 24 reference
1487 3329 22 20 to
1524 3335 57 19 your
1597 3329 144 23 transactions
1757 3331 51 22 with
1829 3331 38 23 the

1284 3352 18 22 C
1312 3358 91 21 mpany,
1412 3359 46 20 you
1467 3361 54 20 may
1529 3354 49 28 rely
1587 3358 23 18 at
1619 3355 30 21 all
1660 3357 63 22 times
1733 3364 29 15 on
1770 3365 39 20 my
1815 3357 50 23 firm

1284 3385 21 16 ai
1311 3385 15 15 a
1340 3379 50 22 fall-
1397 3383 91 24 support
1502 3381 26 21 of
1538 3389 57 19 your
1609 3382 113 29 authority
1738 3391 24 15 as
1781 3385 88 22 Gover-

1284 3411 44 21 mr,
1359 3406 87 27 against
1478 3413 45 21 any
1553 3409 149 27 exaggerated
1729 3412 140 25 pretensions

1285 3439 20 15 oi
1327 3432 37 22 the
1378 3436 51 24 part
1438 3432 25 23 of
1477 3433 38 22 the
1533 3434 113 28 Company
1660 3443 25 15 or
1699 3436 27 22 its
1740 3442 85 23 agents.
1855 3439 12 22 I

1283 3459 53 22 have
1347 3458 90 29 already
1446 3460 111 23 informed
1566 3461 37 22 the
1613 3462 106 23 directors
1728 3463 49 23 that
1785 3465 20 21 if
1812 3465 55 28 they

1281 3485 69 26 4<?ire
1366 3486 58 22 their
1439 3487 87 25 agent's
1544 3489 186 26 representations
1745 3494 23 18 to
1785 3491 28 22 be
1834 3496 34 18 at-

1284 3512 79 23 teiuled
1378 3517 29 22 to,
1423 3513 19 22 it
1455 3520 20 15 is
1489 3521 116 21 necessary
1613 3516 50 20 that
1681 3512 56 32 they'
1738 3517 4 11 ;
1746 3517 79 23 should
1839 3519 28 22 be

1284 3539 134 22 transmitted
1429 3540 24 21 in
1463 3540 38 22 the
1518 3541 65 22 usual
1592 3549 96 15 manner
1704 3544 95 27 through
1814 3552 52 21 you,

1284 3565 42 33 anfl
1334 3566 157 28 accompanied
1507 3566 31 28 by
1547 3575 54 19 your
1614 3573 82 24 report,
1712 3571 45 21 and
1771 3571 49 23 that
1829 3573 38 21 the

1284 3592 118 23 invariable
1412 3600 153 18 consequence
1575 3594 25 22 of
1611 3603 14 13 a
1634 3596 111 23 deviation
1754 3597 57 23 from
1823 3599 45 23 this

1284 3620 108 22 universal
1399 3620 47 23 rule
1452 3620 45 22 will
1503 3620 36 28 be,
1551 3621 48 22 that
1606 3622 138 28 theywillbe
1751 3625 118 28 subjected

1284 3649 23 19 to
1310 3646 39 22 the
1359 3646 148 23 inconvience
1521 3648 45 21 and
1582 3648 65 28 delay
1657 3650 115 23 attendant
1784 3659 60 20 upon
1855 3660 14 15 a

1283 3673 28 22 rei
1318 3680 76 15 3rence
1403 3674 57 21 back
1470 3676 26 19 to*
1502 3674 38 21 the
1552 3675 80 28 Colony
1641 3676 35 22 for
1684 3684 55 20 your
1748 3683 81 23 report.

1318 3699 35 22 )n.
1358 3698 39 24 the
1407 3700 64 23 other
1480 3700 69 26 hand,
1563 3701 12 22 I
1589 3701 59 23 have
1664 3707 23 17 to
1701 3705 91 26 impress
1806 3713 72 21 upoji'

1283 3733 28 21 yo
1317 3733 7 15 i
1332 3726 39 23 the
1381 3726 119 28 propriety,
1517 3735 29 14 on
1560 3728 30 22 all
1599 3730 119 27 occasions,
1735 3731 24 21 of
1771 3729 97 32 treating

1284 3753 27 22 thi
1333 3754 121 27 Company,
1474 3754 59 22 their
1550 3758 75 24 agents
1641 3757 46 21 and
1703 3757 55 22 their
1773 3759 94 28 settlers,

1284 3780 48 22 wih
1350 3780 39 22 the
1407 3785 83 18 utmost
1506 3782 163 22 consideration
1689 3783 44 23 and
1749 3789 117 25 courtsey;

1283 3814 26 15 co
1318 3808 113 27 operating
1450 3808 53 21 with
1523 3808 62 22 them
1601 3811 23 19 to
1643 3809 39 22 the
1701 3810 48 22 best
1771 3812 25 22 of
1811 3820 58 20 your

1274 3833 83 28 .ablity
1371 3834 24 22 in
1411 3835 103 27 carrying
1531 3842 29 15 on
1575 3835 57 22 their
1646 3837 132 28 operations,
1794 3846 26 15 bo
1834 3840 35 22 far

1284 3867 23 15 as
1319 3868 44 20 you
1380 3868 41 15 can
1438 3861 29 22 do
1483 3862 142 28 consistently
1641 3863 55 22 with
1710 3864 39 22 the
1760 3865 108 24 interests

1283 3887 26 22 of
1323 3888 82 27 others,
1418 3888 72 23 whom
1512 3896 46 20 you
1577 3897 38 14 are
1629 3889 77 23 bound
1729 3894 23 19 to
1773 3897 94 24 protect,

1283 3917 41 19 and
1343 3914 109 28 affording
1470 3916 62 21 them
1551 3923 66 21 every
1633 3918 131 22 reasonable
1783 3919 86 28 facility

1283 3946 42 17 ana
1335 3945 198 25 encouragement;
1545 3943 43 22 and
1599 3944 11 21 I
1617 3947 58 19 trust
1680 3944 53 27 that,
1744 3945 88 28 relying
1839 3954 28 15 on

569 45 99 43 Sttt
691 44 118 43 Wrttt
1070 43 190 47 <ffia?ttts
1284 41 92 40 anfcr
1399 41 302 47 tmtlUnqton
1725 36 251 51 &pmatot\

124 2238 169 25 SHIPPING
310 2240 275 23 INTELLIGENCE.

284 2295 141 22 ARRIVED.

92 2327 60 25 April
164 2329 33 23 22,
207 2327 47 26 brig
268 2329 75 19 Lunar
354 2329 46 24 Ifis,
416 2329 61 24 Ellis,
487 2330 54 20 from
555 2330 92 22 Akaroa.

93 2354 59 20 Same
171 2355 47 25 day,
235 2355 117 26 brigantine
374 2357 53 19 Will
444 2357 81 27 Watch,
544 2359 25 19 63
590 2360 57 23 tons,

65 2381 103 26 Harding,
178 2382 55 20 from
243 2383 86 21 Nelson.

94 2409 61 20 Same
164 2409 46 26 day,
220 2410 79 25 barque
311 2411 110 26 Clydeside,
433 2410 53 25 '236,
498 2412 85 25 Adams,
593 2413 54 20 from

64 2435 91 26 Sydney,
174 2437 72 19 bound
261 2437 33 20 for
313 2438 95 24 London,
425 2441 38 23 put
477 2439 23 20 in
519 2439 34 21 for
569 2440 78 26 repairs

64 2463 77 26 having
150 2463 80 21 carried
239 2470 55 20 away
303 2465 38 20 her
350 2466 45 20 fore
404 2468 63 18 truss.

92 2490 61 26 April
172 2492 34 24 23,
225 2491 102 21 schooner
347 2493 107 20 Susannah
467 2494 55 26 Ann,
544 2495 26 20 79
592 2497 55 23 tons,

64 2517 130 27 Dougherty,
204 2519 54 20 from
270 2519 80 26 Cloudy
360 2520 53 25 Bay.

91 2545 60 20 Same
167 2546 46 25 day,
231 2546 59 27 sloop
303 2548 69 25 Royal
390 2548 99 26 William,
507 2549 36 25 43,
561 2549 86 25 Lovett,

64 2572 52 21 from
127 2572 87 27 Poverty
224 2573 53 26 Bay.

93 2599 59 21 Same
162 2600 45 26 day,
225 2602 67 19 cutter
301 2602 117 25 Elizabeth,
435 2604 33 26 20,
479 2600 96 29 Morton,
593 2604 54 20 from

64 2626 82 23 Cloudy
156 2627 51 22 Bay.

301 2673 117 21 SAILED.

89 2703 61 25 April
159 2704 33 24 22,
203 2704 103 20 schooner
310 2706 126 26 Richmond,
447 2707 26 20 30
484 2708 57 23 tons,
551 2708 94 25 Sinclair,

64 2730 34 20 for
108 2731 77 25 Pigeon
195 2731 52 26 Bay.

90 2757 60 20 Same
164 2758 46 25 day,
221 2761 73 18 cutter
308 2759 110 22 Catherine
425 2761 108 24 Johnston,
553 2762 26 21 10
590 2766 55 22 tons,

64 2784 81 26 Taylor,
157 2785 33 20 for
200 2785 124 26 Wanganui.

89 2812 61 25 April
160 2813 33 24 23,
204 2813 103 20 schooner
325 2814 105 21 Governor
445 2816 91 26 Hobson,
548 2818 26 23 40
592 2820 53 23 tons,

64 2838 96 25 Scanlon,
170 2839 34 21 for
213 2839 92 21 Akaroa.

209 2902 4 8 ,
286 2889 34 21 IN
334 2890 87 23 PORT.

85 2920 84 27 Barque
178 2921 130 26 Indemnity,
317 2923 42 20 450
377 2926 63 23 tons,
446 2926 88 24 Adams,
549 2927 99 27 refitting

56 2947 95 26 Agents,
161 2948 71 23 Waitt
240 2950 131 26 and.Tyser.

83 2975 112 21 Schooner
215 2977 60 26 Ann,
298 2979 28 19 22
347 2981 59 23 tons,
432 2980 85 26 Brown,
541 2982 46 20 laid
611 2988 37 20 up.

56 3002 81 26 Agent,
150 3003 68 21 Waitt
227 3006 43 19 and
281 3005 77 27 Tyser.

88 3030 115 25 Schooner.
209 3032 70 21 Black
292 3032 106 26 'warrior,
419 3035 25 20 15
454 3039 57 21 tons,
528 3037 120 21 Anderson.

89 3057 107 21 Schooner
217 3059 53 21 New
291 3061 123 28 Zealander,
440 3064 26 20 27
489 3066 58 23 tons,
568 3064 79 22 Guard.

59 3084 69 21 Waitt
136 3086 41 18 and
270 3086 89 26 Agents.

87 3111 107 25 Schooner
215 3114 67 20 Three
298 3115 111 22 Brothers.
433 3117 26 20 50
483 3119 55 25 tons,
559 3119 80 21 Thorns

55 3137 79 28 Agent,
146 3139 98 27 Captain.

87 3164 106 23 Schooner
218 3168 77 27 Erin,-
305 3171 26 19 25
357 3174 55 23 tons,
437 3171 75 26 Relph.
555 3173 91 24 Master,

59 3192 77 26 Agent.

88 3219 105 22 Schooner
205 3223 75 25 Ocean,
298 3224 26 20 30
336 3227 54 24 tons,
409 3225 113 27 Ferguson.
552 3227 94 22 Wallace

58 3247 42 20 and
109 3247 47 25 Cd.,
167 3249 87 25 Agents.

86 3274 116 22 Schooner-
209 3278 73 20 Maori
295 3279 74 25 Davis,
392 3280 26 20 15
434 3282 57 19 tons.
511 3281 83 23 Wvlde.
622 3282 23 21 J.

57 3300 76 25 Wade,
143 3302 75 26 Agent.
539 3295 10 14 J

87 3328 81 26 Barque
178 3330 82 26 Phoebe,
270 3333 40 20 560
321 3335 57 24 tons,
387 3334 62 23 Dale.

87 3355 107 21 Schooner
209 3358 54 27 Imp,
275 3360 25 19 20
316 3361 56 27 tons,
381 3362 80 22 Tulett.
489 3364 96 21 Johnson
602 3366 43 20 aad

58 3384 83 25 Moore,
153 3384 87 25 Agents.

87 3410 141 22 Government
237 3412 45 26 brig
295 3414 99 25 Victoria,
406 3416 46 21 .200
463 3419 55 19 tons.
530 3419 105 22 Ridhards

57 3438 77 25 Agent,
147 3438 94 26 Captain.
269 3458 4 8 t
308 3448 20 18 ;,,
341 3455 2 6 ,
388 3453 10 5 ..
528 3449 19 15 -,
559 3441 24 22 1j
621 3447 6 15 *

84 3465 52 26 Brig
150 3466 81 25 Lunar,
247 3467 38 21 165
296 3470 56 23 tons,
366 3469 38 22 W.
413 3470 61 22 Ellis.
503 3472 84 23 Rhodes
601 3476 44 19 and

59 3492 48 21 Co..
118 3492 86 27 Agents.
623 3509 4 7 ,

84 3519 123 26 Brigantine
230 3521 52 21 Will
307 3523 83 26 Watch,
409 3525 27 20 63
459 3528 55 21 tons.
540 3527 96 22 Hardins

57 3546 96 27 Captain,
163 3549 77 24 Agent.

85 3572 90 29 Barque'
187 3575 111 26 Clydeside,
315 3578 42 20 236
371 3580 57 23 tons,
442 3579 85 22 Adams.
555 3582 87 27 Agents,

45 3645 6 3 -
86 3629 106 21 Schooner
207 3632 110 20 Susannah
332 3632 56 25 -Ann,
406 3633 26 21 79
438 3636 57 24 tons,
510 3636 125 25 Dougherty

55 3655 23 21 J.
89 3655 71 26 Wade,
169 3658 80 25 Agent.
247 3664 4 8 1
267 3662 3 5 '
559 3669 5 5 -

84 3683 64 26 Sloop
157 3684 68 26 Royal
238 3686 100 26 William,
348 3688 27 19 43
385 3689 58 25 tons,
453 3689 83 21 Lovett.
563 3691 78 27 Agent,

54 3709 23 21 J.
86 3709 73 23 Wade.
446 3731 4 7 t
459 3730 2 4 ,

84 3737 83 27 CutterJ
174 3739 117 26 Elizabeth,
308 3742 92 26 20jtons,
418 3742 95 23 Morton'.
544 3745 97 25 Captain,

53 3763 77 26 Agent.
445 3785 4 4 .
635 3763 6 10 '

130 3816 141 24 AGENTS
295 3816 71 24 FOR
390 3816 94 24 THIS
508 3816 142 24 PAPER.

71 3848 201 21 Mr^BVRCHAM,.;
279 3848 58 22 ,.:...
342 3852 77 19 Petoni.

71 3888 33 14 mv
105 3879 5 5 #
124 3889 9 13 r
138 3880 6 5 '
148 3889 15 13 n
171 3869 15 17 L
180 3870 91 32 nI?IS&
277 3870 106 21 ****
389 3874 230 23 Office

72 3914 39 14 jar.
122 3914 29 14 Mv
158 3914 139 17 t/HURTON..
305 3917 14 15 ;.
326 3927 14 6 ..
345 3916 108 18 Waniranui
480 3929 3 4 .

50 3930 71 23 ..**,,
122 3931 157 21 W.WILSON-
323 3921 186 38 ..Bayffuiinds:
554 3945 38 20 v;
620 3945 9 13 ,

1891 134 37 20 my
1938 127 169 22 determination
2124 134 28 14 on
2166 127 39 21 the
2220 130 50 24 part
2285 127 25 22 of
2321 128 37 21 the
2373 128 101 23 Govern-

1891 157 63 18 ment
1962 155 39 20 not
2010 157 22 17 to
2043 153 66 22 suffer
2118 161 43 19 any
2171 153 74 22 undue
2250 154 142 27 [assumption
2402 162 25 15 or
2436 164 39 14 en-

1892 180 140 21 croachment
2041 186 59 21 upon
2109 187 56 20 your
2173 180 113 28 authority
2293 181 29 27 by
2332 180 57 23 their
2398 186 76 24 agents

1891 214 25 13 or
1933 214 46 24 any
1992 206 65 21 other
2072 213 96 20 persons,
2189 214 44 20 you
2250 207 43 22 will
2313 208 26 21 be
2356 210 121 27 especially

1891 233 89 27 careful,
1996 236 40 18 not
2046 233 52 26 only
2107 233 25 21 in
2141 233 123 27 substance,
2279 234 39 21 but
2326 234 23 21 in
2359 234 56 22 form
2430 237 45 22 and

1890 259 24 21 in
1923 259 134 27 expression,
2071 262 39 18 not
2125 259 21 22 io
2156 260 50 26 give
2216 259 62 23 them
2293 267 43 20 any
2346 263 130 22 reasonable

1891 286 87 26 ground
1993 285 34 22 for
2043 285 90 22 offence.
2163 287 12 20 I
2191 286 67 21 make
2276 287 42 21 this
2333 287 140 24 observation

1892 313 36 21 the
1937 311 81 28 rather,
2035 312 94 22 because
2144 313 24 21 in
2184 320 42 14 one
2236 313 26 21 of
2274 321 55 19 your
2344 314 77 23 letters
2435 316 39 21 ad-

1892 338 88 22 dressed
1991 342 21 18 to
2029 338 93 27 Captain
2133 338 131 27 Wakefield,
2283 340 9 21 I
2302 340 73 22 notice
2390 349 29 14 an
2435 350 39 14 ex-

1891 365 98 48 Jiression
1999 365 130 27 apparently
2135 364 111 29 imputing
2398 376 76 18 specu-

1999 394 24 19 to
2032 398 61 15 some
2099 391 26 21 of
2133 391 36 22 the
2180 392 131 28 Company's
2321 393 152 30 proceedings,

1891 417 72 23 which
1973 425 29 14 on
2011 417 187 23 reconsideration
2208 419 11 21 I
2234 419 62 22 think
2307 428 44 19 you
2360 422 45 21 will
2415 422 26 23 be
2452 423 27 22 of

1890 444 91 29 opinion
1990 444 44 22 had
2045 444 71 22 better
2126 444 56 22 been
2192 445 99 23 omitted.

1925 479 64 24 Here
2007 487 33 16 we
2062 479 57 24 have
2138 488 14 14 a
2170 480 42 24 full
2225 481 150 30 justification
2392 483 25 24 of
2432 492 42 17 our

1891 513 150 28 conclusions,
2055 520 24 15 as
2090 517 32 22 to,
2125 512 39 23 the
2175 513 47 24 real
2243 521 67 17 cause
2328 516 25 22 of
2368 516 38 24 the
2423 518 51 23 Go-

1891 546 99 23 vernor's
2001 546 57 30 long
2068 546 95 30 delayed
2172 547 54 22 visit
2238 551 23 19 to
2274 547 56 24 Port
2337 548 135 27 Nicholson.

1891 579 46 23 For
1949 578 59 24 what
2020 579 53 23 does
2085 578 36 24 his
2133 578 115 33 Lordship
2260 588 40 22 say
2308 581 10 23 ?
2352 581 70 33 Why,
2460 585 13 23 I

1892 612 100 23 consider
2005 611 38 24 the
2055 619 85 16 answer
2159 613 24 22 in
2199 620 57 23 your
2275 614 102 31 dispatch
2396 616 26 23 of
2436 617 38 24 the

1892 645 41 23 sth
1944 645 25 23 of
1984 643 101 32 August,
2104 648 22 20 to
2147 645 38 23 the
2202 645 94 31 charges
2319 649 89 29 against
2429 658 45 23 you

1890 677 109 32 sufficient
2022 677 45 24 and
2087 676 158 33 satisfactory,
2270 680 53 23 with
2344 682 38 23 the
2401 682 74 32 single

1892 711 117 30 exception
2021 711 25 23 of
2061 710 38 24 the
2111 711 123 31 complaint
2253 713 65 24 made
2334 715 25 22 in
2379 716 95 24 relation

1892 748 22 18 to
1933 751 56 23 your
2008 744 122 23 abduction
2147 745 25 23 of
2199 745 117 24 labourers
2338 748 58 24 from
2418 749 57 24 Port

2077 777 54 23 And
2151 778 38 24 the
2208 778 118 25 Governor
2345 789 54 24 says
2460 783 14 24 I

1892 809 43 23 had
1947 814 38 19 not
1996 810 102 23 received
2110 818 45 24 any
2165 811 50 24 clue
2225 821 27 14 or
2262 812 132 33 knowledge
2402 815 25 23 of
2437 816 37 24 the

1891 842 123 24 intentions
2044 843 23 23 of
2094 844 41 23 her
2164 845 122 31 Majesty's
2311 847 163 31 Government,

1892 873 60 32 (that
1967 876 20 23 is
2006 883 56 24 your
2081 876 146 33 Lordship's)
2248 878 50 30 and,
2320 880 119 31 therefore,
2460 883 14 23 I

1893 909 65 24 could
1967 915 40 20 not
2015 917 29 25 go
2191 910 42 25 We
2253 911 80 25 should
2344 913 47 24 like
2403 918 23 19 to
2438 923 37 16 see

1893 946 38 23 the
1959 946 87 31 private
2072 945 44 24 and
2144 945 144 24 confidential
2318 946 57 30 clue,
2402 948 74 24 which

1894 979 94 23 enabled
1999 979 35 23 his
2045 979 46 23 late
2103 978 141 31 Excellency
2257 983 22 18 to
2291 979 68 24 make
2374 980 37 23 his
2422 982 54 31 long

1893 1012 78 23 talked
1981 1012 34 23 off
2024 1012 60 23 visit.
2119 1010 44 25 We
2173 1019 37 16 are
2220 1011 52 24 well
2278 1014 134 29 acquainted
2423 1016 54 23 with

1894 1045 36 23 his
1942 1044 135 32 Lordship's
2089 1043 79 32 ability
2178 1044 44 24 and
2234 1046 132 30 experience
2385 1048 25 22 in
2428 1048 50 24 that

1893 1078 85 24 branch
2000 1078 25 23 of
2040 1077 133 31 dijlomacy,
2196 1078 45 24 and
2259 1086 33 16 we
2311 1083 66 26 trust,
2399 1080 78 25 unless

1895 1111 127 31 something
2044 1111 47 23 like
2114 1118 103 16 common
2237 1112 83 31 justice
2339 1113 19 23 is
2377 1114 102 32 speedily-

1894 1144 56 24 done
1963 1150 21 17 to
1996 1144 47 23 this
2055 1144 86 30 colony,
2160 1144 63 23 there
2235 1144 46 24 will
2292 1150 38 25 yet
2342 1145 28 23 be
2381 1146 71 24 found
2463 1156 17 15 a

1894 1177 83 24 second
1987 1177 122 29 Roebuck,
2122 1177 81 23 should
2214 1177 39 23 the
2264 1182 92 26 present
2377 1187 42 16 one
2438 1186 40 18 not

1894 1210 28 24 be
1931 1212 24 22 in
1968 1210 139 24 Parliament
2119 1214 21 19 to
2160 1217 64 16 move
2242 1210 36 23 for
2297 1219 14 15 a
2327 1211 71 24 select
2416 1221 62 16 com-

1893 1245 80 22 mittee
1997 1248 22 18 to
2041 1244 91 29 enquire
2150 1243 46 23 into
2220 1243 39 23 the
2282 1244 97 24 conduct
2396 1246 25 23 of
2440 1247 38 24 the

1894 1277 57 23 New
1978 1276 100 24 Zealand
2109 1275 162 30 Government,
2295 1278 44 23 and
2362 1279 53 24 take
2439 1280 39 24 the

1895 1310 95 23 Canada
2003 1310 135 22 Committee
2151 1309 23 23 of
2192 1311 73 28 1834,
2283 1318 26 16 as
2325 1319 14 15 a
2355 1313 124 30 precedent

1894 1343 34 23 for
1942 1343 36 23 the
1990 1343 95 22 motion.

1927 1376 43 22 We
1981 1383 51 15 now
2043 1379 91 28 present
2147 1380 21 18 to
2182 1384 40 15 our
2234 1376 98 30 readers,
2345 1382 42 20 two
2396 1379 79 25 letters

1895 1409 24 23 of
1933 1409 37 23 his
1992 1409 147 29 Excellency,
2161 1409 112 31 inclosing
2295 1410 39 24 the
2353 1414 125 28 respective

1895 1442 116 23 addresses
2024 1445 23 20 to
2058 1442 40 23 her
2109 1442 108 31 Majesty,
2228 1444 58 22 from
2297 1443 124 26 Auckland
2432 1447 45 23 and

1895 1475 149 31 Wellington.

1895 1512 61 27 Copy
1966 1511 25 22 of
2003 1519 14 13 a
2026 1511 104 28 despatch
2145 1511 55 23 from
2213 1512 116 23 Governor
2345 1514 93 23 Hobson
2455 1518 23 19 to

1922 1539 37 21 the
1982 1538 110 28 Principal
2116 1539 113 27 Secretary
2252 1539 25 22 of
2298 1541 61 21 State
2382 1541 35 23 for
2440 1542 39 23 the

1921 1565 110 22 Colonies.

2001 1592 56 21 New
2067 1591 99 23 Zealand
2177 1593 151 22 Government
2338 1594 84 28 House,

1992 1618 127 27 Auckland,
2130 1619 56 21 New
2196 1619 80 28 Ulster,
2288 1623 13 19 3
2311 1622 95 27 August,
2417 1623 61 22 1841.

1921 1645 42 22 My
1977 1645 72 27 Lord,
2080 1645 11 22 I
2102 1646 27 20 do
2140 1645 83 28 myself
2230 1647 37 21 the
2276 1647 87 22 honour
2374 1652 22 17 to
2406 1651 72 20 trans-

1895 1672 40 22 mit
1949 1679 28 15 an
1992 1672 91 22 address
2091 1672 58 22 from
2165 1672 37 22 the
2215 1672 137 24 inhabitants
2363 1675 26 21 of
2402 1675 77 23 Auck-

1893 1698 54 23 land
1956 1703 22 18 to
1992 1699 42 21 her
2048 1699 97 27 Majesty
2155 1699 38 21 the
2203 1699 85 28 Queen,
2307 1701 70 22 which
2395 1702 11 22 I
2422 1703 57 22 have

1894 1726 143 26 respectfully
2053 1729 23 18 to
2091 1730 89 23 request
2196 1734 56 19 your
2267 1727 108 28 Lordship
2391 1729 42 21 will
2450 1729 29 22 be

1893 1752 89 28 pleased
1991 1756 24 18 to
2025 1756 88 23 present
2122 1757 22 17 to
2154 1752 40 22 her
2206 1753 102 28 Majesty.

1923 1779 27 21 In
1961 1779 132 27 forwarding
2107 1778 43 22 this
2166 1779 96 28 address,
2276 1781 64 22 allow
2356 1789 36 15 me
2406 1785 23 19 to
2439 1790 40 14 ex-

1893 1813 60 20 press
1964 1810 21 17 to
1999 1813 55 20 your
2064 1805 108 28 Lordship
2180 1806 51 22 how
2242 1807 75 28 highly
2329 1808 10 22 I
2354 1809 125 28 appreciate

1895 1833 37 21 the
1949 1832 88 22 honour
2048 1833 24 21 in
2082 1832 67 27 being
2165 1833 96 22 selected
2275 1838 24 18 to
2307 1842 85 21 convey
2403 1840 21 17 to
2439 1836 42 22 her

1895 1859 97 26 Majesty
2002 1859 37 21 the
2048 1860 130 21 sentiments
2187 1861 43 21 and
2239 1861 93 27 feelings
2340 1862 26 21 of
2373 1863 39 21 her
2421 1863 60 27 loyal

1894 1886 45 21 and
1948 1886 140 22 affectionate
2098 1886 95 27 subjects
2206 1887 23 22 in
2248 1887 43 23 this
2299 1892 85 19 remote
2398 1893 48 23 part
2456 1890 29 22 of

1894 1912 40 22 her
1944 1913 114 26 Majesty's
2069 1912 131 24 dominions.

2179 1940 12 21 I
2200 1940 65 27 have,
2278 1942 39 20 &c.

2117 1966 94 26 (signed)
2297 1967 35 22 W.
2347 1968 104 22 Hobson.

1895 2025 61 25 Copy
1966 2025 25 19 of
2004 2030 13 14 a
2027 2025 105 22 despatch
2141 2025 56 19 from
2215 2025 117 21 Governor
2347 2025 94 22 Hobson
2457 2029 24 19 to

1924 2050 36 21 the
1984 2049 112 27 Principal
2119 2050 115 27 Secretary
2258 2051 24 21 of
2304 2052 60 21 State
2385 2052 34 22 for
2441 2052 39 23 the

1924 2076 108 22 Colonies.

1991 2106 3 6 1
2019 2103 56 21 New
2085 2103 106 27 Zealand,
2205 2104 151 23 Government
2366 2106 86 26 House,

1951 2129 127 27 Auckland,
2091 2129 54 23 New
2158 2130 80 28 Ulster,
2248 2133 24 20 13
2285 2132 126 22 November
2419 2134 61 21 1841.

1924 2157 40 21 My
1980 2157 72 26 Lord,
2083 2157 12 21 I
2106 2156 27 22 do
2144 2158 81 26 myself
2238 2159 36 20 the
2284 2158 86 22 honour
2379 2163 22 17 to
2412 2164 69 17 trans-

1895 2183 41 22 mit
1945 2190 28 15 an
1983 2183 90 22 address
2083 2183 55 23 from
2149 2183 36 23 the
2193 2184 138 23 inhabitants
2340 2186 25 21 of
2373 2185 108 29 Welling-

1897 2214 22 18 to
1930 2210 36 22 the
1978 2211 82 26 Queen,
2073 2210 70 22 which
2151 2211 11 21 I
2174 2211 42 27 beg
2224 2212 64 22 leave
2297 2215 22 18 to
2327 2216 89 24 request
2425 2221 57 19 your

1897 2236 108 29 Lordship
2015 2240 22 18 to
2046 2241 89 23 present
2144 2240 22 18 to
2177 2238 40 21 her
2226 2239 104 27 Majesty.

2182 2265 10 21 I
2203 2265 64 28 have,
2279 2266 40 21 &c.

2118 2290 96 28 (signed)
2297 2293 35 22 W.
2348 2293 105 27 Hobson,

1930 2326 42 23 We
1994 2327 58 23 need
2074 2326 79 32 hardly
2177 2328 63 31 point
2262 2333 40 19 out
2324 2329 38 23 the
2380 2330 97 23 fulsome

1896 2359 188 31 obsequiousness
2103 2360 25 23 of
2143 2360 45 25 No.
2202 2363 32 22 39
2247 2369 24 16 as
2293 2362 119 31 compared
2423 2364 55 22 with

1897 2393 45 23 No.
1956 2394 41 22 60.
2034 2393 40 23 He
2085 2393 77 30 ought,
2174 2402 27 15 as
2219 2395 29 23 he
2259 2395 62 23 since
2335 2396 75 24 learnt
2420 2396 59 24 from

1895 2426 37 23 his
1950 2430 86 19 master
2054 2426 49 23 that
2121 2426 30 24 he
2170 2435 46 16 was
2235 2428 37 23 the
2291 2429 53 31 only
2354 2429 125 31 legitimate

1897 2459 97 23 channel
2003 2459 99 31 through
2112 2460 73 24 which
2198 2469 45 24 any
2254 2461 126 30 addresses,
2392 2470 86 16 memo-

1897 2492 61 29 rials,
1975 2500 25 15 or
2011 2493 106 30 petitions
2137 2494 65 23 could
2222 2495 66 23 reach
2300 2495 38 24 the
2349 2495 47 24 foot
2408 2496 24 23 of
2443 2496 37 23 the

1897 2525 79 23 throne
1998 2526 58 22 from
2081 2534 44 23 any
2146 2526 61 31 body
2225 2528 26 22 of
2264 2528 100 31 subjects
2387 2530 23 22 in
2433 2529 48 23 this

1898 2559 96 30 Colony,
2015 2559 99 24 whether
2138 2561 136 31 proceeding
2295 2562 59 23 from
2377 2567 104 27 rampant

1897 2591 115 30 royalists,
2024 2600 24 16 or
2060 2592 59 23 from
2130 2593 56 23 such
2198 2602 26 15 as
2236 2594 35 23 his
2284 2594 140 33 Excellency
2435 2604 46 15 was

1896 2625 100 30 pleased,
2019 2626 24 23 in
2062 2634 29 15 an
2111 2626 117 24 ebullition
2249 2628 22 23 of
2290 2627 36 24 his
2345 2628 93 32 loyalty,
2458 2633 23 18 to

1897 2662 57 19 term
1968 2666 13 15 a
1991 2659 60 31 body
2063 2660 24 22 of
2104 2658 97 25 factious
2219 2661 160 32 demagogues,
2392 2670 25 15 so
2432 2661 49 24 that

1897 2691 37 23 the
1945 2692 72 23 honor
2030 2692 24 23 of
2069 2692 137 32 forwarding
2226 2694 37 23 the
2282 2702 43 16 one
2344 2703 46 15 was
2403 2695 24 23 of
2442 2694 37 24 his

1897 2732 50 16 own
1968 2726 108 28 creation,
2094 2726 44 23 and
2157 2726 37 24 the
2211 2729 112 30 necessity
2340 2728 26 24 of
2381 2728 98 31 sending

1899 2757 38 24 the
1951 2758 64 23 other
2026 2759 140 30 imperative.

1930 2792 210 31 Notwithstanding
2160 2793 38 23 the
2217 2794 142 24 voluminous
2372 2795 107 31 compila-

1897 2824 48 24 tion
1956 2825 26 23 of
1994 2826 61 30 print
2068 2827 117 23 contained
2196 2827 26 24 in
2238 2827 38 24 the
2288 2828 59 23 Blue
2361 2828 74 29 Book,
2447 2835 33 16 we

1895 2856 87 25 believe
1994 2865 37 16 we
2049 2858 56 23 have
2116 2860 90 23 noticed
2219 2860 31 24 all
2260 2861 49 23 that
2326 2868 62 16 more
2398 2861 81 24 imme-

1896 2890 83 31 diately
1989 2891 107 23 interests
2107 2899 28 15 us
2147 2892 62 25 here.
2245 2893 55 24 And
2319 2894 54 23 here
2391 2894 35 24 for
2441 2894 39 23 the

1895 2928 92 26 present
1998 2931 33 16 we
2043 2924 52 23 take
2116 2932 41 16 our
2170 2926 64 23 leave
2247 2927 25 23 of
2287 2926 38 24 the
2344 2927 97 24 conduct
2458 2928 24 23 of

1895 2956 36 23 his
1948 2956 45 24 late
2013 2956 141 32 Excellency
2165 2966 5 20 ;
2194 2966 35 16 we
2248 2959 82 24 should
2346 2959 59 24 have
2422 2961 57 23 been

1897 2987 64 26 most'
1971 2989 77 32 happy
2058 2989 25 29 if,
2097 2990 139 31 throughout
2248 2992 37 23 the
2303 2992 81 24 whole'
2394 2994 25 22 of
2433 2993 46 24 this

1895 3022 119 24 miserable
2027 3023 102 29 twaddle,
2142 3031 32 17 we
2191 3024 66 24 could
2274 3025 57 24 have
2348 3025 72 25 found
2437 3027 45 22 one'

1896 3060 105 19 sentence
2025 3064 24 15 or
2071 3057 132 31 expression
2227 3058 72 24 which
2328 3059 66 23 could
2422 3060 56 23 have

1895 3089 108 31 palliated
2027 3089 38 24 the
2087 3091 114 31 acrimony
2226 3091 44 24 and
2292 3092 68 24 bitter
2384 3093 95 31 feelings

1896 3122 72 24 which
1977 3131 55 16 runs
2040 3123 98 31 through
2148 3124 39 24 the.
2196 3125 73 23 whole
2279 3126 198 31 correspondence,

1897 3164 24 15 as
1935 3156 34 24 far
1980 3165 25 15 as
2016 3157 19 24 it
2045 3157 83 24 relates
2139 3162 24 19 to
2182 3158 60 24 Port
2253 3159 126 24 Nicholson
2390 3159 43 24 and
2448 3160 29 22 its

1897 3191 145 31 community,
2055 3198 22 16 oi
2098 3190 39 25 the
2152 3190 107 32 slightest
2277 3192 110 23 attention
2407 3197 22 19 to
2441 3192 38 23 the

1895 3222 51 24 hint
1956 3223 69 32 given
2035 3223 48 25 him
2093 3223 32 31 by
2135 3223 37 25 his
2186 3224 64 24 noble
2260 3229 105 26 masters,
2379 3230 22 19 to
2413 3225 65 31 study

1892 3255 42 25 .the
1945 3256 71 32 polite
2026 3257 66 25 letter
2102 3258 83 23 writer.

1931 3290 52 23 One
1994 3290 61 24 word
2067 3295 24 18 at
2105 3290 93 31 parting
2215 3295 24 19 to
2281 3290 25 24 A
2318 3291 63 24 True
2392 3291 85 24 British

2006 3323 19 23 if
2034 3322 81 24 indeed
2123 3323 29 23 he
2161 3321 20 25 is
2187 3328 42 19 not
2238 3322 90 33 already
2333 3332 68 24 gone.
2436 3324 42 24 We

1896 3355 73 24 thank
1980 3356 47 23 him
2039 3356 36 23 for
2090 3356 36 23 his
2145 3357 85 23 critical
2251 3359 137 23 corrections
2400 3359 24 23 of
2439 3364 39 16 our

1897 3390 155 30 composition;
2067 3388 41 25 but
2120 3394 61 19 must
2198 3397 48 24 say,
2257 3391 162 29 nevertheless,
2431 3390 47 24 that

1895 3422 35 24 he-
1936 3430 93 16 savours
2038 3429 62 16 more
2107 3423 26 23 of
2143 3422 37 24 the
2191 3423 48 24 Old
2246 3423 79 32 Bailey
2336 3425 141 30 practitioner

1895 3455 55 24 than
1962 3463 15 15 a
1996 3455 62 23 True
2079 3455 88 24 British
2187 3456 56 30 Tar,
2255 3457 45 24 and
2311 3458 74 23 would
2404 3456 72 25 rather

1895 3488 48 24 find
1953 3496 14 16 a
1978 3488 56 31 flaw
2046 3489 25 22 in
2084 3488 39 24 the
2141 3489 141 30 indictment,
2300 3491 56 24 than
2378 3498 60 16 come
2454 3493 22 19 to

1895 3521 39 23 the
1945 3522 79 23 merits
2036 3521 26 24 of
2071 3521 38 24 the
2121 3530 61 22 case,
2194 3531 32 22 or,
2240 3531 24 17 as
2276 3524 59 24 Jack
2347 3524 72 24 would
2429 3529 46 24 say,

1897 3562 61 16 come
1969 3554 68 28 fairly
2047 3554 50 24 face
2108 3559 24 20 to
2144 3556 49 25 face
2205 3561 24 19 to
2241 3556 38 25 the
2290 3558 97 23 scratch.

1930 3613 38 24 On
1990 3613 103 31 Monday
2113 3615 74 31 night,
2219 3615 38 23 the
2277 3615 142 32 Worshipful
2440 3613 33 24 the

1898 3646 80 31 Mayor
2001 3654 59 23 gave
2081 3648 36 22 his
2138 3648 53 23 first
2207 3648 78 32 public
2305 3648 79 24 dinner
2401 3652 22 19 to
2439 3646 34 24 the

1898 3679 126 24 Aldermen
2031 3703 3 4 ,
2046 3688 28 15 an
2082 3681 8 22 1
2111 3681 89 24 officers
2222 3681 25 24 of
2262 3681 38 24 the
2324 3680 149 32 Corporation,

1898 3713 42 23 and
1952 3712 39 24 the
2003 3713 113 24 rriembers
2128 3714 27 24 of
2168 3714 39 24 the
2220 3714 117 24 Reserved
2348 3715 58 28 List,
2425 3711 48 24 with

1898 3746 71 23 whom
1982 3753 58 17 were
2049 3747 87 24 invited
2148 3747 38 24 the
2198 3747 80 24 Bench
2290 3749 24 22 of
2323 3747 150 31 Magistrates,

1898 3778 114 31 including
2029 3777 38 25 the
2091 3780 79 24 Police
2189 3781 144 31 Magistrate,
2351 3789 25 15 as
2392 3778 51 25 well
2453 3783 20 17 as

1898 3811 86 25 several
1994 3813 87 30 private
2090 3813 94 24 friends.

1930 3845 50 24 The
2003 3845 81 25 dinner
2103 3854 47 16 was
2172 3846 82 24 served
2272 3855 31 22 up
2320 3848 24 22 in
2365 3846 37 23 the
2415 3844 58 29 large

1898 3886 60 16 room
1971 3883 23 19 at
2006 3878 114 25 Barrett's
2133 3879 80 29 Hotel,
2226 3879 81 30 which,
2327 3879 55 25 both
2399 3885 25 16 as
2438 3883 35 19 .re-

1898 3911 66 32 gards
1975 3912 40 24 the
2026 3912 95 31 quality,
2135 3913 43 24 and
2191 3912 130 25 abundance
2333 3913 26 23 of
2373 3910 37 25 the
2420 3907 53 33 good

1898 3945 76 28 things
1994 3944 25 24 of
2034 3945 45 25 this
2099 3946 48 27 life,
2166 3954 26 15 as
2211 3945 51 25 well
2280 3954 25 16 as
2323 3945 38 25 the
2383 3942 90 25 efficient

673 130 93 53 New
797 130 218 53 Zealand
1046 130 217 53 Gazette

673 183 71 29 AND
767 183 236 29 WELLINGTON
1027 183 236 29 SPECTATOR.

772 245 154 24 Wednesday,
942 245 75 22 April
1031 245 34 24 26,
1082 245 61 21 1843.

705 297 96 31 Having
811 296 37 24 the
868 297 145 31 opportunity
1025 295 26 23 of
1065 294 97 31 sending
1183 295 70 23 direct

674 335 21 18 to
706 330 116 30 England,
835 334 22 19 at
874 337 14 16 a
907 328 64 25 short
990 330 82 27 notice,
1086 335 32 15 we
1138 327 56 24 have
1213 336 39 15 en-

672 363 125 24 deavoured
809 367 22 18 to
844 363 70 23 throw
928 361 103 32 together
1044 369 12 15 a
1067 361 61 23 brief
1138 368 114 24 summary

673 396 24 23 of
712 403 42 16 our
761 400 90 26 present
863 400 58 19 state
929 395 44 24 and
980 398 127 28 prospects,
1116 393 43 24 and
1166 401 33 15 we
1208 393 45 24 feel

673 429 119 28 confident,
815 428 48 23 that
884 428 96 24 without
1002 428 84 29 having
1103 433 106 17 recourse
1229 431 23 19 to

674 462 165 30 exaggeration,
851 468 32 16 we
895 469 53 23 may
968 460 66 30 fairly
1046 468 40 22 say
1102 459 55 29 that,
1169 466 33 15 we
1215 467 37 15 are

672 495 24 23 in
707 502 14 15 a
732 494 113 23 condition
865 498 23 19 to
908 494 70 22 invite
999 493 64 23 those
1081 492 50 24 who
1153 499 52 23 may
1224 492 28 24 be

672 527 92 31 waiting
781 534 25 16 or
825 526 125 31 hesitating
969 526 100 23 whether
1088 529 23 19 to
1135 525 114 30 emigrate,

673 560 53 23 with
738 559 55 24 such
804 567 77 16 means
894 567 26 16 as
931 560 38 22 the
985 559 114 30 blessings
1111 558 25 23 of-
1151 565 41 16 our
1202 565 49 18 mo-

672 593 113 24 narchical
797 593 45 23 and
852 593 140 23 aristocratic
1008 596 87 26 system
1107 590 24 24 of
1147 590 104 24 Govern-

673 630 61 20 ment
745 634 51 23 may
808 626 56 23 have
882 625 42 24 left
943 630 24 18 at
985 624 59 24 their
1064 623 107 31 disposal,
1184 631 25 16 or
1228 628 23 19 to

673 660 41 22 end
729 660 57 22 their
799 659 54 31 days
863 659 25 23 in
909 658 90 24 endless
1017 657 41 24 toil
1077 657 45 23 and
1136 657 116 23 incessant

675 692 108 31 suffering
791 692 34 24 for
837 692 37 23 the
884 692 77 23 future
970 692 24 23 in
1004 690 59 24 their
1075 689 176 24 Mother-coun-

674 729 42 27 try,
728 730 24 19 to
764 725 92 24 embark
867 725 35 23 for
919 725 38 23 the
978 724 78 23 shores
1077 723 26 23 of
1118 722 57 24 New
1193 722 58 24 Zea-

672 758 61 29 land,
745 758 87 31 though
843 758 53 30 they
907 758 29 23 be
947 762 24 18 at
982 756 38 24 the
1038 755 126 31 antipodes.
1201 755 51 23 The

674 791 63 23 work
747 791 26 23 of
788 791 36 23 the
835 791 92 31 pioneer
943 790 43 24 has
1003 789 59 24 been
1077 788 110 31 gallantly
1198 795 53 16 exe-

674 824 65 24 cuted
760 824 32 30 by
813 824 38 23 the
871 823 154 31 enterprizing
1050 822 46 23 and
1122 821 131 23 undaunted

674 857 88 24 settlers
774 857 88 30 already
872 856 89 24 located
978 862 63 24 upon
1060 855 38 23 the
1115 854 136 31 Company's

673 890 89 23 various
774 889 148 24 settlements.
957 888 46 24 For
1022 887 123 29 ourselves,
1157 895 32 15 we
1201 894 52 24 may

673 923 60 30 truly
743 930 40 23 say
795 922 56 29 that,
862 922 102 24 whether
975 922 34 23 for
1028 921 67 23 small
1107 921 144 30 proprietors,

674 955 194 31 agriculturalists,
898 963 25 14 or
958 955 140 22 industrious
1126 953 125 29 labourers,

674 988 62 24 there
747 989 21 23 is
778 988 73 31 ample
862 988 62 28 field,
938 995 54 23 easy
1004 988 25 22 of
1043 994 85 22 access,
1142 994 57 23 open
1218 986 35 24 for

674 1021 57 24 their
742 1021 85 29 choice,
839 1021 43 24 and
894 1021 55 23 with
969 1021 37 22 the
1027 1021 111 29 certainty
1150 1027 32 16 we
1201 1028 51 22 may

674 1055 42 23 add
728 1055 24 23 of
768 1062 41 16 our
823 1062 53 23 very
888 1061 57 16 soon
961 1053 108 31 bringing
1090 1060 41 16 our
1149 1052 102 31 industry

674 1088 43 23 and
728 1087 55 24 skill
794 1092 22 19 to
829 1087 52 23 bear
893 1094 61 24 upon
966 1087 35 23 the
1020 1086 145 31 preparation,
1175 1086 24 26 o?
1216 1090 37 25 the
1262 1078 2 37 !

674 1121 83 23 Native
770 1120 65 29 Flax,
848 1120 64 23 there
931 1119 45 24 will
987 1120 28 23 he
1033 1127 30 15 no
1082 1119 73 27 limits
1173 1127 23 21 to
1216 1123 38 26 the

674 1153 116 31 profitable
801 1153 152 31 employment
971 1153 24 23 of
1011 1152 91 28 British
1121 1157 78 24 labour
1211 1159 44 23 and

674 1187 88 31 capital,
771 1191 23 18 at
801 1186 55 23 such
863 1194 14 15 a
885 1190 49 19 rate
942 1185 25 24 of
976 1186 103 34 interest,
1088 1198 24 16 as
1122 1191 63 23 when
1193 1199 61 16 com-

674 1221 69 29 pared
748 1219 53 23 with
809 1219 48 23 that
865 1219 108 29 obt^ned.
980 1223 23 24 in
1015 1224 38 23 the
1062 1224 88 23 mother
1162 1230 93 26 country

674 1252 70 31 mighl
758 1259 64 24 carry
831 1260 63 19 upon
905 1255 40 26 the
957 1257 48 23 face
1013 1257 24 24 of
1046 1258 19 22 it
1071 1257 38 23 the
1117 1265 137 24 appearance

675 1287 24 22 of
714 1286 116 31 gambling
844 1290 161 29 sn&culations,
1024 1290 76 23 rather
1121 1290 62 25 than,
1197 1291 58 24 what

675 1320 132 30 experience
816 1328 18 19 v;
838 1315 30 32 iff
874 1332 68 23 prove
951 1324 19 23 it
982 1329 20 18 to
1018 1324 37 28 be,
1075 1323 39 24 the
1133 1323 122 31 legitimate

674 1355 134 30 proportion
818 1357 73 23 which
903 1358 81 30 capital
995 1365 51 22 may
1057 1356 67 31 fairly
1141 1357 54 23 look
1213 1358 41 28 for,

675 1386 25 25 in
725 1390 39 24 the
787 1390 142 24 distribution
952 1391 24 22 of
997 1390 38 23 the
1053 1397 65 23 gross
1136 1395 77 18 return
1233 1391 25 23 of

677 1424 67 30 profit
754 1431 61 23 upon
827 1431 42 23 any
881 1424 67 30 given
962 1427 92 19 amount
1065 1423 26 22 of
1106 1423 81 31 capital
1208 1431 47 15 em-

678 1456 85 24 barked
774 1457 23 23 in
809 1456 54 29 that,
877 1464 26 15 or
914 1464 45 22 any
970 1456 63 23 other
1044 1456 85 23 branch
1145 1456 26 22 of
1187 1456 68 23 Colo-

678 1489 46 24 nial
734 1489 110 31 industry.
898 1489 43 22 We
952 1497 51 22 may
1013 1496 48 23 say,
1070 1489 96 23 without
1176 1489 46 23 fear
1234 1490 24 23 of

679 1523 166 28 contradiction,
865 1522 58 29 that,
945 1529 25 15 as
987 1522 93 31 regards
1098 1522 99 30 clearing
1218 1522 38 24 the

678 1555 100 24 heaviest
786 1556 25 23 of
824 1555 38 23 the
872 1555 83 24 timber
961 1554 73 29 lands,
1046 1554 38 23 the
1096 1562 111 24 expences
1218 1563 38 16 are

679 1597 42 15 one
734 1589 66 29 third,
812 1589 19 22 if
845 1593 41 19 not
898 1595 42 16 one
950 1588 50 23 half
1014 1588 60 23 what
1092 1588 55 30 they
1164 1595 57 17 were
1234 1593 23 19 at

679 1622 36 23 the
728 1625 190 20 commencement
933 1621 25 23 of
980 1626 40 18 our
1040 1621 88 23 labour.
1180 1621 76 32 Every

677 1663 127 22 necessary,
822 1654 43 24 and
884 1658 59 19 most
962 1654 25 23 of
1000 1654 38 23 the
1055 1654 106 23 comforts
1171 1654 26 24 of
1208 1655 47 29 life,

678 1696 37 15 are
726 1688 78 23 within
816 1688 36 23 the
863 1687 68 23 reach
944 1687 25 23 of
983 1694 66 23 every
1061 1687 140 24 industrious
1212 1689 44 22 and

677 1721 75 30 frugal
763 1720 83 31 family.
891 1720 50 23 Our
951 1728 76 15 means
1042 1720 25 23 of
1082 1722 125 30 traversing
1218 1721 38 24 the

678 1755 69 23 forest
759 1753 43 24 and
820 1754 73 31 plains
912 1761 38 15 are
969 1761 66 23 every
1054 1753 63 23 week
1135 1755 121 30 extending

679 1787 37 24 the
728 1787 85 31 facility
824 1786 25 23 of
861 1786 154 24 locomotion..
1061 1786 51 23 Our
1130 1786 44 24 live
1191 1787 65 24 stock

679 1828 36 16 are
727 1820 126 30 increasing
863 1819 56 23 with
930 1827 12 15 a
955 1820 97 31 rapidity
1070 1820 45 22 and
1133 1820 123 24 steadiness

679 1854 24 23 of
717 1853 164 31 reproduction,
898 1860 25 15 as
935 1852 73 24 would
1026 1859 56 17 even
1100 1853 102 24 astonish
1218 1854 38 23 the

678 1886 224 24 Anti-Malthusians
922 1885 143 30 themselves,
1084 1885 116 32 including
1219 1887 37 23 the

677 1920 84 23 human
781 1919 84 31 species
874 1927 7 21 ;
904 1926 25 16 so
949 1918 68 24 much,
1039 1926 34 21 so,
1097 1919 48 22 that
1161 1918 46 25 like
1220 1920 36 23 the

677 1953 96 23 Yankee
785 1960 33 15 we
827 1959 52 23 may
891 1959 48 23 say,
952 1952 49 23 that
1011 1952 64 22 those
1088 1952 49 22 who
1149 1960 38 15 are
1197 1953 66 28 tired,-,

678 1986 25 21 of
716 1985 46 27 life,
781 1985 20 21 if
816 1992 42 22 any
874 1985 57 20 such
949 1985 62 21 there
1029 1985 35 26 be,
1084 1988 61 17 must
1156 1990 28 22 go
1196 1991 60 16 some

678 2017 74 23 where
764 2016 45 23 else
821 2020 21 20 to
855 2015 44 24 die.

710 2054 44 24 We
765 2055 56 23 have
832 2054 88 24 further
933 2054 36 24 the
982 2061 120 16 assurance
1116 2061 27 16 on
1156 2054 38 23 the
1206 2059 52 26 part

677 2088 25 24 of
712 2088 36 23 the
760 2088 77 31 Agent
849 2087 25 23 of
883 2087 38 23 the
934 2087 117 31 Compauy
1063 2088 61 27 here,
1145 2087 48 23 that
1204 2087 54 32 they

677 2129 37 15 are
725 2121 107 31 prepared
851 2126 22 17 to
886 2120 67 31 adopt
971 2121 37 22 the
1022 2120 55 31 only,
1087 2120 72 24 sound
1175 2122 81 29 policy,

677 2155 53 30 they
741 2154 65 23 could
823 2159 23 18 to
858 2161 59 24 open
937 2153 62 23 these
1019 2153 74 23 fertile
1111 2154 97 23 districts
1227 2154 31 31 by

676 2195 78 16 means
766 2188 23 22 of
799 2187 71 28 roads,
886 2187 43 23 and
942 2186 51 23 thus
1006 2186 99 23 enhance
1119 2186 36 24 the
1162 2187 65 23 value
1236 2189 25 22 of

676 2221 58 23 their
745 2220 103 23 reserved
858 2224 115 26 property,
983 2220 32 30 by
1025 2219 98 31 keeping
1134 2220 58 29 good
1201 2220 58 24 faith

676 2253 55 24 with
741 2253 58 24 their
811 2253 47 23 first
875 2253 44 22 and
931 2253 117 31 Principal
1067 2253 141 30 Settlement,
1228 2254 31 31 by

676 2286 94 31 making
784 2286 56 24 Port
850 2286 126 23 Nicholson
989 2287 60 22 what
1064 2291 81 18 nature
1162 2286 45 24 had
1218 2287 40 23 de-

677 2320 80 30 signed
767 2319 48 23 that
824 2320 18 22 it
851 2319 84 23 should
945 2319 35 29 be,
1001 2319 37 24 the
1050 2319 72 31 grand
1136 2319 67 31 depot
1214 2320 46 23 and

677 2352 96 31 Capital,
794 2352 97 31 through
912 2352 73 24 which
997 2352 37 23 the
1053 2357 96 18 streams
1159 2352 26 23 of
1201 2354 57 22 emi-

675 2387 89 29 gration
775 2385 35 23 for
828 2385 37 23 the
877 2385 156 24 Colonization
1045 2385 25 23 of
1086 2385 63 23 these
1167 2385 91 24 Islands

676 2423 62 19 must
747 2419 59 23 flow.

710 2474 24 24 A
749 2475 128 30 gentleman
895 2476 50 23 who
964 2475 87 24 arrived
1069 2477 24 22 in
1111 2477 38 23 the
1168 2476 89 30 Pfusbe,

676 2508 41 23 has
740 2508 116 23 furnished
879 2517 27 15 us
929 2509 54 23 with
1006 2518 14 15 a
1048 2517 54 23 very
1124 2510 133 31 interesting

676 2541 75 29 letter,
764 2542 87 23 written
863 2541 31 31 by
905 2542 40 24 Sir
961 2542 90 31 George
1063 2542 103 30 Farmer,
1180 2552 28 15 on
1220 2543 37 24 the

676 2574 142 32 preparation
830 2574 25 24 oi
864 2574 58 25 New
933 2575 99 24 Zealand
1045 2574 66 26 Flax.
1147 2576 44 24 We
1199 2576 58 24 have

675 2607 103 25 inserted
788 2608 19 23 it
816 2608 25 22 in
851 2607 96 24 another
962 2614 52 26 part
1034 2609 24 23 of
1074 2616 41 16 our
1125 2617 76 23 paper,
1215 2610 42 24 and

676 2641 19 22 it
706 2644 81 19 cannot
797 2640 39 24 fail
848 2645 22 19 to
882 2641 29 24 be
921 2642 54 23 read
992 2642 55 23 with
1067 2643 102 23 interest.
1204 2643 53 24 The

677 2674 98 31 samples
787 2678 22 18 to
821 2674 74 23 which
905 2675 20 23 it
943 2675 86 24 alludes
1049 2683 37 16 are
1106 2677 25 22 in
1142 2684 41 15 our
1194 2677 63 23 office

677 2714 58 24 open
748 2711 22 19 to
780 2707 92 31 general
891 2707 133 32 inspection.
1062 2708 83 32 Surely
1156 2710 19 22 it
1187 2710 70 23 would

676 2740 29 24 be
717 2741 53 22 wise
780 2740 35 23 for
827 2740 38 23 the
885 2740 117 32 Company
1023 2746 23 19 to
1065 2750 126 23 encourage
1211 2742 46 24 this

676 2773 159 31 indefatigable
846 2773 45 24 and
898 2774 118 30 ingenious
1023 2775 138 31 gentleman.
1197 2776 60 23 Sure

677 2814 33 16 we
722 2814 45 21 are,
780 2806 20 23 if
815 2806 37 24 the
872 2806 116 32 Company
1002 2808 65 23 could
1088 2816 38 16 see
1145 2808 38 24 the
1204 2814 53 18 con-

677 2841 84 22 nexion
772 2839 72 24 which
855 2840 72 23 exists
942 2840 102 24 between
1055 2841 38 23 the
1108 2841 46 24 sale
1167 2841 24 24 of
1204 2842 53 25 land

676 2872 62 29 here,
752 2872 44 24 and
808 2872 36 23 the
856 2881 92 15 success
961 2873 24 23 of
1000 2874 38 23 the
1049 2874 61 24 Flax
1123 2874 69 29 trade,
1204 2875 53 31 they

676 2906 74 23 would
761 2906 43 23 feel
813 2906 49 23 that
872 2914 15 15 a
895 2906 42 23 few
945 2906 103 24 hundred
1058 2907 88 31 pounds
1157 2908 100 32 expend-

677 2939 28 23 ed
715 2940 25 22 in
751 2940 29 22 its
793 2945 196 24 encouragement,
1001 2940 75 24 would
1086 2940 29 24 be
1127 2948 14 16 a
1151 2946 51 19 nest
1213 2949 44 24 egg

675 2972 51 28 we,U
736 2972 124 32 deposited.
896 2972 46 24 Let
952 2973 37 24 the
1002 2974 119 31 Company
1133 2981 124 25 encourage

675 3004 39 24 the
726 3005 59 24 Flax
796 3005 83 29 Trade,
893 3006 45 24 and
955 3006 39 24 the
1015 3007 66 23 Loan
1099 3007 68 24 Fund
1189 3008 68 24 Com-

675 3046 67 23 pany,
762 3039 73 23 which
850 3039 46 23 -has
915 3039 56 24 been
992 3047 26 16 so
1030 3040 54 31 ably
1101 3040 44 23 and
1162 3041 95 31 steadily

675 3071 122 24 advocated
809 3072 30 30 by
850 3079 43 16 our
912 3073 91 23 zealous
1023 3073 75 24 friend
1119 3074 47 23 Mr.
1182 3074 75 31 Chap-

675 3112 60 21 man,
753 3105 44 23 and
815 3105 52 30 they
886 3105 47 24 will
952 3114 56 15 soon
1025 3106 49 23 find
1093 3107 40 23 the
1151 3108 106 30 proceeds

674 3137 59 24 from
745 3137 38 24 the
794 3138 46 23 sale
859 3138 26 23 of
900 3138 59 24 their
976 3139 67 23 lands
1061 3140 81 31 highly
1154 3140 103 24 satisfac-

675 3175 58 26 tory.
769 3171 71 23 Much
851 3179 26 15 as
889 3171 39 23 the
950 3171 115 24 Colonists
1085 3180 38 16 are
1135 3173 122 24 interested

674 3204 24 23 in
716 3203 84 31 having
816 3212 14 15 a
848 3204 44 23 due
910 3204 82 31 supply
1004 3205 25 23 of
1044 3206 89 31 capital,
1145 3208 20 22 it
1183 3207 74 23 would

673 3236 28 24 be
713 3244 54 23 easy
778 3241 23 19 to
813 3237 61 24 show
886 3237 49 24 that
952 3237 38 24 the
1009 3238 119 32 Company
1140 3248 38 15 are
1198 3247 57 17 even

673 3273 39 28 yet
722 3277 63 16 more
794 3278 36 17 so.

707 3303 38 23 Sir
757 3303 88 31 George
863 3305 115 24 Farmer's
999 3305 123 31 complaint
1135 3306 69 24 about
1217 3311 40 19 not

672 3336 69 31 being
752 3336 49 24 able
812 3342 23 18 to
846 3343 40 25 get
897 3338 58 23 New
966 3338 102 23 Zealand
1079 3338 61 25 Flax
1151 3343 23 19 to
1186 3340 70 24 make

672 3371 158 29 experiments,
843 3371 47 23 will
902 3379 32 16 we
952 3371 57 31 hope
1030 3379 51 16 now
1101 3380 56 16 soon
1171 3373 29 24 be
1211 3381 45 16 un-

674 3400 110 29 founded^

704 3453 44 24 We
761 3454 73 24 closed
846 3463 42 16 our
898 3456 104 23 remarks
1018 3456 45 23 and
1079 3460 99 21 extracts
1196 3458 58 25 from

672 3486 37 24 the
722 3487 58 24 Blue
791 3488 81 30 Book,;
878 3489 55 23 with
951 3497 13 15 a
982 3489 116 24 reference
1119 3494 23 19 to
1161 3491 38 23 the
1210 3491 44 24 late

672 3519 137 24 Governor's
820 3521 111 34 dispatch,
944 3526 22 19 to
979 3521 63 24 Lord
1060 3522 104 32 Stanley.
1172 3529 3 6 '
1191 3529 3 5 '
1211 3524 43 25 We

671 3560 50 15 new
729 3553 94 29 preserit
833 3555 19 22 it
863 3554 79 27 tcVour
954 3555 90 23 readers
1053 3564 43 15 :
1100 3554 5 5 '

809 3579 4 8 '
822 3579 5 13 i
848 3580 12 12 i*
865 3580 2 7 '
879 3580 10 12 1,
1211 3578 4 11 *

672 3590 61 27 Copy
742 3590 26 22 of
780 3598 14 14 a
807 3589 107 30 despatch
922 3592 57 22 from
990 3593 117 22 Governor!
1122 3592 94 25 Hobsori
1232 3599 22 18 to

697 3614 38 24 the
759 3617 111 28 Principal
893 3619 116 27 Secretary
1016 3620 42 30 4of
1079 3620 60 22 State
1161 3621 33 22 for
1218 3621 36 23 the

698 3643 109 24 Colonies.

840 3670 155 23 Government
1004 3672 85 26 House,
1101 3673 126 29 Auckland,

724 3696 42 27 My
775 3696 71 27 Lord,.
917 3717 5 4 .
990 3699 14 20 5
1015 3699 95 27 August.
1115 3702 59 22 l4l.

697 3723 78 24 Ihaye
784 3723 36 22 the
830 3721 87 24 honour
926 3727 22 18 to
957 3724 58 23 refer
1023 3732 58 21 your
1090 3726 109 30 Lordship
1210 3731 23 18 to
1244 3735 10 15 a

668 3749 97 28 petition'
769 3749 72 25 to.her
855 3747 100 31 Majesty
964 3752 58 21 from
1037 3750 100 30 soinepf
1147 3750 36 26 the
1192 3754 62 23 inha-

670 3777 80 22 bitants
764 3777 27 21 of
871 3777 131 27 Nicholson,
1017 3779 97 27 praying
1127 3780 33 22 for
1175 3789 37 19 my
1222 3789 32 15 re-

669 3803 73 30 moval
757 3803 124 33 from^thijty
885 3804 158 28 Government,
1048 3806 88 24 /'which
1152 3807 11 22 I
1179 3815 75 21 appre-

668 3828 119 26 herid.was
795 3830 124 23 forwarded
931 3831 24 22 in
971 3832 38 21 the
1025 3832 61 28 early
1100 3837 50 23 part
1156 3834 29 22 ibf
1195 3835 59 22 June

668 3857 24 22 in
701 3857 44 22 this
754 3864 59 20 year,
825 3865 12 14 a
848 3865 56 21 copy
915 3858 25 22 of
946 3858 72 23 which
1028 3858 19 23 is
1056 3860 120 23 contained
1184 3862 25 21 in
1219 3862 35 22 the

668 3883 37 22 file
715 3883 26 22 of
748 3891 76 25 papers
834 3884 12 23 J
855 3884 110 24 herewith
975 3886 109 21 transmit.

696 3910 23 21 It
727 3910 19 22 is
760 3910 75 28 highly
983 3916 23 18 to
1016 3920 39 20 my
1069 3913 93 28 feelings
1173 3917 21 20 to
1204 3915 50 22 offer

668 3944 43 20 any
721 3935 186 29 defenccag^irist
914 3936 92 28 charges
1016 3947 23 14 so
1046 3940 80 24 unjust
1133 3941 43 22 and
1185 3937 69 27 sbun-

63 123 94 43 T\yflif
162 123 84 43 jl|ggEE
385 134 20 22 is
419 134 123 22 instructed
561 135 23 19 to
602 132 40 22 sell

61 156 63 30 XVL
152 156 142 37 ByPSofibn,
305 159 66 23 at'his
381 161 80 27 Stores,
471 167 27 14 on
505 159 89 27 Friday,
604 159 38 21 the

58 191 53 21 28th
127 182 148 35 April43,
293 191 22 18 at
329 189 26 20 12
370 187 84 22 o'clock
473 185 115 28 precisely,
606 186 36 21 the

59 217 72 22 entire
141 223 65 19 cargo
216 215 25 21 of
249 215 37 21 the
296 215 78 27 Lunar,
387 213 119 26 consisting
516 212 27 22 of
550 219 5 14 :

87 248 58 22 New
154 247 98 22 Zealand
263 246 53 27 flax,

87 274 145 26 Whalebone,

88 302 81 26 Sherry
178 301 23 21 in
213 300 77 27 bottle,

88 328 55 21 Port
151 328 22 21 in
183 327 77 27 bottle,

88 354 54 21 Port
151 354 23 21 in
186 353 70 26 wood-,

88 380 92 27 Brandy
190 381 20 21 in
221 381 73 25 hhds.,

87 407 62 22 Ruin
159 407 22 21 in
192 407 56 22 hhds
257 422 6 11 ,

88 437 14 19 2
117 441 60 14 cases
188 434 66 27 pipes,

88 461 71 21 Black
169 463 42 22 tea,
223 460 70 27 hyson
305 459 48 21 skin
364 461 42 24 tea,

84 488 14 21 3
113 487 110 26 four-post
232 485 123 26 bedsteads,

87 515 77 24 10,000
177 513 44 21 feet
231 513 82 21 cowdie
322 511 87 26 timber,

85 541 56 20 3000
150 543 45 18 teet
204 538 116 27 scantling,

86 566 97 22 Manilla
192 566 78 26 cigars,

84 593 106 26 Superior
199 591 101 23 Colonial
309 591 53 22 beef
368 592 24 21 in
406 591 85 26 tierces,

87 619 80 26 Hams,
180 618 140 28 Westphalia,
539 636 5 9 ,

80 646 85 22 'Butter
174 645 22 22 in
205 645 85 26 firkins,

84 674 16 20 4
113 675 49 19 tons
171 672 104 22 first-rate
287 672 61 27 flour,
360 669 109 28 Colonial,

86 699 46 28 Dip
143 699 95 26 candles,

87 725 112 27 Blankets,
211 727 57 24 11-4,

87 753 26 20 15
127 753 54 26 bags
191 752 75 25 coffee,

87 779 109 26 Oatmeal,
308 780 6 7 '

86 807 55 19 1000
155 805 68 21 ladies
233 805 75 26 slates,

84 831 111 27 Together
204 831 52 22 with
267 838 13 14 a
290 830 83 26 variety
383 829 25 22 of
420 828 64 24 other
498 830 94 26 articles,
604 831 39 19 too

57 864 119 16 numerous
188 861 19 19 to
220 857 156 28 particularise.

323 890 62 19 ALSO,

86 913 11 20 1
114 911 95 28 superior
223 910 89 22 bullock
329 909 61 28 dray,
406 909 55 23 with
479 910 68 26 bows,
567 909 76 28 yokes,

58 937 84 28 chains,
155 938 46 26 &c,
213 937 116 27 complete.

263 977 71 16 AFTER
354 977 86 20 WHICH,

84 1001 14 20 2
122 998 125 22 allotments
268 998 21 26 (J
307 998 58 26 acre)
385 998 26 21 of
427 997 60 27 land,
508 996 79 22 situate
610 1003 31 14 on

55 1024 123 23 Thorndon
188 1024 55 26 Flat,
251 1024 67 26 being
327 1028 51 23 part
384 1024 24 21 of
414 1024 39 21 the
464 1031 50 16 acre
522 1026 23 19 at
554 1025 90 25 present

59 1052 24 21 in
93 1052 37 21 the
141 1052 131 25 occupation
285 1050 24 21 of
320 1053 77 19 James
407 1050 105 25 Kelham,
523 1050 61 28 Esq.,
601 1049 45 22 and

58 1078 81 22 known
150 1085 24 14 as
184 1076 145 23 M'Donald's
338 1085 57 14 acre.

324 1112 64 18 ALSO,

87 1131 59 22 That
155 1130 102 22 valuable
273 1130 70 22 beach
359 1130 99 22 freehold
475 1132 110 25 property,
597 1137 48 14 now

59 1158 23 22 in
93 1158 37 21 the
141 1158 129 26 occupation
283 1157 25 21 of
313 1157 45 22 Mr.
369 1157 71 22 Jabez
451 1157 75 26 Allen,
536 1156 84 27 having
630 1163 14 14 a

59 1185 102 27 frontage
172 1188 21 17 to
210 1184 110 21 Lambton
337 1184 65 26 Quay
411 1184 27 21 of
444 1184 26 21 48
481 1184 52 25 feet,
549 1183 46 25 and.
608 1190 38 13 ex-

59 1210 94 28 tending
162 1210 57 23 back
228 1214 23 17 to
261 1210 134 26 Wellington
402 1210 102 26 Terrace,
514 1210 43 21 and
564 1210 82 25 having

59 1246 15 13 a
82 1238 84 22 second
180 1238 102 26 frontage
298 1240 21 18 to
334 1237 39 22 the
389 1237 95 22 Terrace
500 1237 26 20 of
538 1237 67 21 about
617 1237 27 20 38

60 1265 55 22 feet.

87 1291 54 22 This
150 1294 102 24 property
261 1290 19 23 is
290 1290 94 22 situated
398 1289 25 22 in
435 1290 35 22 the
484 1290 49 21 best
545 1289 100 22 business

58 1321 52 25 part
123 1318 26 22 of
161 1317 36 22 the
213 1321 66 23 town,
296 1317 42 22 and
354 1317 39 21 has
413 1317 85 22 several
515 1316 131 22 substantial

59 1345 93 22 ivooden
171 1344 111 27 buildings
298 1351 58 21 upon
371 1344 23 26 it,
413 1351 81 19 among
512 1343 74 21 which
600 1343 18 21 is
633 1350 13 14 a

59 1372 46 21 fine
115 1375 44 18 two
167 1375 19 17 sf
189 1379 20 14 oi
208 1379 5 4 #
213 1379 12 23 y
238 1371 75 22 house.
341 1370 59 21 That
418 1370 87 27 portion
514 1370 26 21 of
546 1370 37 21 the
594 1369 52 22 land

59 1397 99 27 fronting
173 1398 134 25 Wellington
326 1398 104 25 Terrace,
441 1397 19 21 is
474 1404 50 14 now
539 1395 109 32 occupied

61 1432 25 15 ns
101 1432 14 14 a
123 1424 90 28 garden,
228 1424 46 21 and
289 1424 17 21 is
324 1431 42 14 one
381 1423 25 22 of
418 1424 37 21 the
469 1424 48 21 best
532 1423 116 24 situations

59 1452 37 21 for
110 1459 14 14 a
138 1454 86 23 cottage
239 1450 112 21 residence
367 1457 28 15 on
410 1450 39 21 the
463 1450 70 21 whole
553 1455 95 26 terrace,

60 1477 157 27 commanding
230 1485 14 13 a
253 1478 55 20 view
318 1477 25 21 of
355 1477 53 22 both
424 1477 52 21 ends
494 1477 26 23 of
533 1478 38 21 the
587 1487 60 16 town

62 1505 46 22 and
117 1505 37 21 the
164 1504 69 22 whole
246 1503 101 22 haroour.

87 1539 86 25 Terms,
183 1538 35 21 for
230 1537 38 22 the
288 1537 74 22 Goods
382 1537 46 24 and
449 1540 36 22 the
507 1541 54 23 Two
576 1541 73 23 Allot-

61 1569 80 23 ments,
152 1568 22 18 at
183 1564 50 22 Sale
242 1572 5 19 ;
263 1565 34 21 for
311 1564 37 22 the
365 1564 109 25 Premises
491 1575 29 14 on
539 1568 109 22 Lambton

63 1593 71 26 Quay,
146 1593 26 20 25
188 1598 39 20 per
237 1594 58 19 cent,
306 1591 92 28 deposit,
410 1594 46 22 and
465 1595 38 21 the
519 1595 93 22 balance
627 1599 23 19 at

62 1620 20 25 3,
94 1621 20 24 6,
127 1621 19 25 9,
157 1619 43 21 and
210 1619 27 21 12
247 1618 95 27 months,
352 1620 52 22 with
414 1621 100 22 interest.

90 1652 66 28 April
165 1653 33 25 25,
211 1653 61 21 1843.

236 1698 102 21 Public
355 1699 128 21 Auction.

63 1730 52 49 IN
131 1730 64 22 order
211 1733 22 19 to
247 1731 52 26 give
316 1732 38 21 the
372 1732 129 27 purchasers
516 1736 23 18 at
554 1733 38 22 the
604 1734 43 21 last

120 1757 51 22 Sale
185 1758 26 21 of
222 1757 37 22 the
275 1758 54 22 New
345 1758 99 22 Zealand
457 1760 133 27 Company's
603 1767 43 14 un-

63 1783 117 28 expended
190 1785 73 21 Stores
275 1785 50 21 time
337 1788 22 18 to
369 1786 60 21 clear
439 1786 57 22 their
513 1786 83 28 Goods,
608 1787 38 22 the

64 1814 55 18 next
129 1811 49 21 Sale
189 1811 43 22 will
242 1811 28 22 be
280 1812 122 27 postponed
411 1813 57 21 until

124 1844 198 22 WEDNESDAY
337 1845 93 27 NEXT,
446 1848 43 20 3rd
506 1847 77 26 MAY,

64 1873 23 18 at
98 1872 23 19 11
134 1871 91 27 o'clock,
237 1875 23 18 at
270 1872 37 21 the
317 1873 74 21 Stores
401 1873 26 21 of

308 1906 76 26 HORT,
400 1906 123 28 MoCATTA,
537 1908 20 21 &
572 1908 46 26 Co.,

388 1932 155 23 Auctioneers.

92 1965 32 21 Te
134 1965 52 26 Aro,
200 1965 63 27 April
273 1966 34 26 25,
317 1967 61 21 1843.

306 2012 108 19 Cheese.

83 2042 19 21 A
129 2042 115 22 SUPPLY
254 2042 101 22 received
362 2043 86 27 weekly
456 2044 25 21 of
487 2044 56 22 New
550 2045 100 22 Zealand

66 2070 52 19 _TJI
146 2068 64 22 made
220 2068 91 28 Cheese,
319 2070 57 21 from
385 2070 38 22 the
432 2071 139 27 Cowpasture
579 2072 69 27 dairy,

65 2095 46 22 and
121 2096 33 21 for
164 2096 43 21 sale
218 2099 23 18 at
256 2096 38 22 the
302 2096 106 28 premises
420 2097 24 21 of
458 2097 36 22 the
510 2098 64 22 Meat
585 2099 65 21 Com-

63 2129 68 19 pany.

344 2150 34 22 W.
389 2150 102 28 Flyoer,
504 2152 116 26 Manager.

93 2174 157 28 Willis-street,
262 2177 125 22 December
395 2179 35 23 20,
442 2179 59 21 1842.
