2529 4020
706 2215 37 33 By
754 2217 38 23 the
807 2215 58 25 Will
887 2217 87 30 Wctcl/,
996 2224 32 16 we
1047 2217 56 23 have
1121 2216 101 24 received
1239 2224 14 15 a

672 2248 87 26 Nelson
778 2250 133 30 Examiner^
931 2251 24 23 of
971 2250 68 32 April
1058 2252 38 22 15.
1133 2249 24 25 A
1176 2249 77 32 public

673 2284 99 30 meeting
784 2283 44 24 had
839 2283 69 24 taken
919 2285 63 31 place
994 2289 22 19 to
1036 2283 101 24 consider
1149 2283 38 24 the
1199 2292 53 23 pro-

672 2317 73 31 priety
757 2317 26 24 of
797 2318 136 31 petitioning
943 2318 157 24 Government
1110 2318 33 24 for
1156 2326 13 17 a
1181 2318 71 24 Town

674 2350 102 29 Council,
790 2351 41 23 but
842 2351 39 23 the
893 2353 138 29 proposition
1051 2360 45 15 was
1114 2353 99 31 rejected
1223 2353 31 31 by

673 2391 13 16 a
698 2384 62 30 large
771 2384 114 31 majority.
920 2385 52 23 The
984 2385 50 31 ship
1042 2384 36 24 Ro
1080 2386 49 23 bert
1134 2386 119 31 Puls/ord,

673 2417 59 24 from
744 2417 87 24 Boston
842 2418 38 23 via
893 2418 91 24 Hobart
1002 2419 80 29 Town,
1094 2419 54 24 with
1160 2428 13 15 a
1185 2428 67 22 cargo
1262 2426 2 26 j

674 2451 24 23 of
992 2460 47 16 was
1057 2456 23 20 at
1100 2452 94 29 Nelson,
1210 2454 45 23 and

673 2484 89 24 intends
774 2485 91 30 coming
876 2492 30 16 on
924 2485 60 24 here.
1021 2485 50 24 The
1082 2486 117 32 following
1209 2494 42 16 ex-
1262 2490 2 25 J

673 2522 70 19 tracts
757 2525 37 16 are
805 2518 59 23 from
876 2518 38 24 the
926 2527 61 15 same
1001 2527 71 24 paper
1082 2528 6 15 :—:
1090 2532 34 4 —
1262 2517 2 31 j

700 2554 87 27 During
797 2554 36 22 the
842 2558 55 23 past'
907 2556 67 26 week,
991 2563 13 14 a
1018 2555 102 28 building
1136 2555 40 23 has
1195 2556 57 21 been
1262 2551 2 21 I

675 2581 142 22 commenced
836 2588 30 15 on
886 2581 35 22 the
941 2589 48 15 acre
1008 2582 97 28 fronting
1128 2582 36 23 the
1188 2583 68 22 Court

673 2608 85 26 House,
776 2608 73 21 which
865 2608 19 21 is
903 2608 106 23 intended
1028 2617 24 13 as
1070 2616 14 15 a
1103 2609 82 22 School
1208 2609 45 22 and

674 2634 104 28 Hospital
785 2635 36 20 for
831 2635 37 21 the
880 2635 100 22 Maories.
1018 2636 47 21 The
1075 2636 61 21 chief
1147 2636 73 28 object
1229 2636 27 22 of

675 2661 35 22 the
721 2661 76 22 school
806 2661 44 22 will
865 2662 28 21 be
907 2665 22 19 to
945 2662 49 22 take
1011 2662 99 22 children
1126 2664 57 21 from
1199 2662 58 22 their

673 2691 89 24 parents
781 2691 23 18 at
820 2695 24 14 as
863 2688 60 28 early
939 2696 28 14 an
983 2696 41 20 age
1039 2696 24 15 as
1072 2689 53 27 they
1135 2697 41 15 can
1185 2690 28 21 be
1222 2690 35 21 in-

675 2715 73 22 duced
770 2718 23 17 to
812 2718 49 23 part
880 2716 53 21 with
951 2715 67 27 them,
1038 2720 25 17 to
1081 2716 48 27 give
1148 2717 62 22 them
1228 2723 28 14 an

675 2741 95 27 English
780 2741 122 28 education,
914 2742 44 22 and
967 2742 65 27 bring
1041 2742 62 23 them
1112 2751 29 19 up
1155 2744 25 21 in
1196 2743 62 26 Eng-

675 2768 42 21 lish
737 2768 79 21 habits.
860 2769 23 21 It
901 2769 19 22 is
934 2769 30 27 by
980 2769 43 22 this
1041 2770 92 22 method
1151 2771 49 21 that
1219 2770 38 21 the

675 2795 91 27 Bishop,
769 2795 74 27 hopes,
861 2795 47 22 and
919 2796 69 27 justly
997 2804 24 14 as
1030 2796 18 22 it
1057 2803 91 21 appears
1159 2802 22 17 to
1190 2804 34 20 us,
1234 2799 23 19 to

675 2826 99 23 promote
785 2822 57 21 their
855 2822 134 23 civilization
998 2824 24 21 in
1033 2830 29 15 an
1077 2824 101 22 effectual
1194 2830 64 16 man-

676 2855 46 15 ner.
751 2848 72 21 There
833 2848 18 21 is
859 2849 46 21 also
915 2857 28 14 an
952 2849 111 22 intention
1072 2851 26 21 of
1104 2851 82 27 setting
1195 2852 63 26 apart

675 2882 14 14 a
698 2882 87 15 reserve
795 2882 50 15 acre
854 2876 37 21 for
899 2875 37 22 the
943 2883 94 21 purpose
1044 2877 26 21 of
1075 2877 134 28 instructing
1219 2876 37 23 the

675 2902 99 21 Maories
783 2902 24 21 in
817 2902 37 21 the
865 2902 91 27 English
973 2903 65 22 mode
1054 2904 23 21 of
1090 2904 137 23 cultivation.
1227 2915 28 5 —

675 2930 78 20 Nelson
761 2930 126 21 Examiner.

702 2956 42 23 We
753 2956 45 22 had
807 2956 108 23 intended
923 2956 102 29 delaying
1033 2957 58 23 until
1105 2961 87 24 greater
1208 2965 48 16 cer-

677 2983 71 27 tainty
759 2983 45 22 had
813 2984 57 23 been
880 2984 98 22 attained
988 2991 23 15 as
1020 2987 22 19 to
1052 2984 38 23 the
1098 2993 103 24 expense,
1214 2992 44 24 anj

675 3010 80 27 special
766 3012 101 21 mention
877 3011 25 22 of
914 3011 59 22 what
981 3011 40 22 has
1030 3012 58 21 been
1097 3012 66 26 doing
1173 3012 24 22 in
1214 3012 44 21 this

675 3037 127 22 settlement
811 3038 22 22 in
844 3038 36 22 the
890 3045 49 19 way
950 3038 25 21 of
985 3038 119 28 preparing
1112 3039 37 21 the
1159 3038 47 23 flax
1220 3038 36 23 for

675 3064 136 27 exportation
817 3073 6 19 ;
835 3065 40 22 but
884 3072 24 15 as
918 3065 62 22 there
991 3064 43 23 will
1043 3066 27 21 be
1080 3072 28 15 an
1118 3065 140 27 opportunity

676 3090 24 21 of
712 3091 95 27 sending
816 3095 22 18 to
854 3092 105 27 England
976 3092 85 28 to-day,
1077 3099 33 15 we
1126 3092 62 23 think
1202 3092 25 21 if
1234 3099 24 14 as

675 3116 50 23 well
731 3118 47 26 just
788 3122 22 18 to
820 3118 39 22 tell
868 3126 41 15 our
918 3118 87 23 readers
1016 3118 62 23 there
1087 3120 49 21 that
1146 3119 37 22 the
1197 3126 62 21 pros-

674 3146 60 24 pects
743 3143 54 23 held
806 3148 38 19 out
851 3146 31 26 by
891 3145 37 22 the
937 3145 130 22 machinists
1082 3150 25 18 at
1122 3146 59 22 work
1198 3151 60 22 upon

675 3171 19 20 it
701 3169 53 22 here
771 3177 36 15 are
822 3171 25 22 of
858 3171 39 22 the
912 3174 58 19 most
983 3172 113 28 flattering
1112 3172 131 28 description
1251 3179 6 19 ;

675 3196 50 27 and,
736 3197 58 22 from
802 3197 39 22 the
850 3198 124 28 specimens
983 3198 73 23 which
1063 3198 59 23 have
1136 3200 58 21 been
1207 3205 52 26 pro-

675 3223 79 26 duced,
764 3224 18 21 it
791 3231 92 21 appears
893 3229 23 18 to
926 3226 28 21 be
963 3225 60 27 quite
1041 3226 85 22 certain
1144 3226 50 22 that
1206 3232 25 15 in
1246 3231 14 15 a

675 3250 42 21 few
724 3250 90 22 months
824 3258 32 15 we
865 3251 58 22 shall
931 3252 28 21 be
968 3259 24 15 in
1002 3259 12 14 a
1025 3252 103 23 situation
1141 3255 23 19 to
1181 3254 79 24 export

675 3283 29 14 an
713 3277 75 21 article
799 3278 34 21 far
849 3278 98 28 superior
960 3280 23 21 to
1001 3285 45 26 any
1061 3282 38 24 yet
1111 3279 114 28 produced
1234 3278 24 21 in

675 3303 59 26 large
742 3304 125 28 quantities,
879 3304 45 23 and
933 3308 23 18 at
966 3313 14 14 a
987 3306 84 26 paying
1079 3306 68 26 price.
1148 3317 26 5 —
1174 3306 55 21 Ibid.

704 3329 78 27 [From
796 3339 15 14 a
826 3332 214 27 Correspondent.]
1042 3343 29 5 —
1072 3332 45 23 The
1138 3334 38 20 Sir
1199 3333 57 22 John

675 3357 103 20 Franklin
787 3357 114 28 schooner,
913 3358 66 22 while
989 3360 90 26 coming
1086 3359 48 22 into
1143 3363 57 25 port,
1211 3367 45 15 was

675 3391 42 15 run
726 3384 79 21 ashore
822 3392 29 14 on
866 3385 38 22 the
920 3385 97 22 Boulder
1036 3386 71 27 Bank,
1125 3388 69 21 about
1208 3386 50 22 half

675 3410 48 27 ebb,
748 3410 96 28 through
863 3411 39 23 the
926 3412 144 22 carelessness
1093 3413 25 22 of
1138 3414 38 21 the
1200 3413 55 28 pilot

675 3437 150 27 Claringbold,
854 3438 74 22 where
954 3438 40 23 she
1020 3439 117 23 remained
1164 3440 36 22 for
1226 3438 34 23 six

673 3463 75 28 hours,
760 3464 46 21 and
815 3464 39 23 has
864 3465 62 22 since
941 3466 58 22 been
1014 3466 104 27 oblidged
1136 3470 23 19 to
1174 3466 82 26 unship

673 3491 40 21 her
722 3491 83 22 rudder
814 3494 23 19 to
847 3492 72 26 repair
928 3492 110 27 damages.
1040 3504 27 4 —
1067 3494 54 21 IMS.

701 3517 47 22 The
767 3519 77 21 Robert
860 3520 104 24 Pulsford
981 3519 69 27 spoke
1068 3520 38 22 the
1122 3521 49 27 brig
1183 3521 68 20 Union

673 3544 56 22 from
741 3544 94 23 London
846 3548 22 19 to
879 3546 127 27 Auckland,
1017 3546 68 23 about
1099 3549 41 21 200
1155 3548 65 22 miles
1235 3550 23 18 to

673 3571 38 21 the
720 3571 108 23 eastward
838 3572 25 21 of
875 3573 32 22 St.
919 3573 109 22 Paul's.—
1028 3574 55 21 lbid.

804 3628 172 28 SYDNEY
999 3632 131 24 NEWS.

1298 1149 50 22 The
1369 1150 141 22 Monument.
1513 1162 27 4 —
1542 1151 20 21 A
1581 1151 96 22 number
1696 1152 26 21 of
1741 1152 114 23 workmen

1272 1183 37 15 are
1315 1176 117 28 employed
1441 1178 22 20 in
1472 1178 37 21 the
1517 1178 98 21 erection
1623 1178 26 21 of
1656 1178 37 21 the
1701 1178 49 21 iron
1757 1178 96 28 railings,

1272 1203 72 22 which
1354 1211 43 14 was
1407 1203 135 23 determined
1552 1211 59 20 upon
1622 1204 29 27 by
1658 1204 38 21 the
1706 1205 45 26 city
1757 1205 98 22 authori-

1272 1230 49 26 ties,
1332 1229 35 22 for
1376 1230 37 21 the
1418 1238 92 20 purpose
1518 1231 26 21 of
1549 1231 132 27 preventing
1688 1231 36 21 the
1735 1232 121 28 possibility

1273 1257 25 21 of.
1305 1258 37 20 the
1352 1257 72 26 public
1435 1257 61 22 mind
1510 1258 68 26 being
1587 1258 66 26 again
1663 1258 115 21 harrowed
1789 1265 27 21 up
1826 1259 30 27 by

1273 1283 37 21 the
1319 1283 78 22 recital
1406 1283 24 21 of
1442 1284 113 27 desperate
1570 1284 137 21 individuals
1717 1285 139 27 committing

1272 1310 83 21 suicide
1375 1310 29 31 by
1415 1311 154 26 precipitating
1589 1311 134 22 themselves
1742 1311 57 22 from
1818 1312 38 22 the

1272 1336 80 22 fearful
1362 1336 83 27 height.
1499 1350 11 11 y

1300 1363 153 21 Advantages
1475 1370 27 14 of
1522 1370 44 15 the
1586 1364 161 21 Turn-out.—
1749 1364 21 21 lt
1789 1365 17 21 is
1822 1372 34 15 re-

1272 1389 78 28 ported
1358 1389 53 26 that,
1422 1392 23 19 at
1455 1389 35 22 the
1502 1390 51 21 time
1566 1390 37 22 the
1615 1394 101 18 turn-out
1729 1391 53 21 took
1792 1391 63 27 place

1273 1417 23 21 in
1307 1416 139 27 Lancashire,
1463 1416 61 22 John
1534 1417 99 26 Fielden,
1650 1418 60 27 Esq.,
1728 1418 68 27 M.P.,
1813 1418 44 22 had

1274 1443 101 27 upwards
1385 1443 25 21 of
1421 1450 41 15 one
1472 1443 84 22 million
1569 1444 73 27 pieces
1652 1445 27 20 of
1691 1445 166 22 manufactured

1274 1469 69 26 goods
1353 1476 29 15 on
1390 1469 66 26 hand,
1471 1476 24 15 so
1505 1470 48 22 that
1561 1470 18 22 it
1596 1470 40 22 has
1646 1472 76 20 turned
1733 1473 36 19 out
1778 1479 14 14 a
1801 1472 56 26 good

1265 1495 2 35 [
1272 1497 38 26 job
1319 1496 35 22 for
1363 1495 52 28 him,
1428 1504 25 14 as
1467 1496 27 22 he
1503 1496 20 22 is
1535 1504 48 15 now
1592 1497 24 21 in
1633 1497 37 22 the
1687 1498 86 22 market
1782 1499 53 21 with
1844 1506 14 14 a

1274 1523 59 26 good
1343 1523 51 26 sale,
1411 1526 22 18 at
1442 1530 28 14 an
1488 1523 96 22 advance
1594 1524 27 20 of
1634 1524 57 22 from
1705 1525 29 21 9d
1747 1528 23 18 to
1780 1527 23 20 Is
1818 1533 40 20 per

1274 1550 69 27 piece,
1355 1549 100 28 whereby
1464 1549 19 22 it
1492 1551 18 20 is
1520 1549 124 23 calculated
1658 1551 50 21 that
1722 1552 29 21 he
1762 1552 43 21 will
1819 1557 39 17 net

1274 1583 14 15 a
1308 1577 59 21 clear
1390 1576 63 27 profit
1471 1577 25 21 of
1515 1576 58 22 from
1592 1577 98 27 £70,000
1714 1582 20 17 to
1754 1579 102 27 £80,000.

1275 1603 89 21 Several
1375 1603 60 21 other
1444 1603 85 26 houses,
1539 1606 43 24 too,
1593 1604 18 21 it
1620 1604 19 22 is
1649 1605 55 26 said,
1716 1605 43 21 will
1770 1605 65 22 make
1844 1613 14 14 a

1274 1630 122 23 handsome
1406 1637 47 16 sum
1467 1630 29 29 by
1507 1631 36 22 the
1553 1629 43 25 like
1609 1638 141 16 occurrence.
1752 1643 28 4 —
1780 1634 77 19 Black-

1277 1659 55 20 burn
1341 1659 113 21 Standard.

1305 1686 66 22 Long
1387 1686 148 22 Courtships.
1536 1697 27 5 —
1564 1686 98 23 Married
1670 1694 29 15 on
1708 1687 36 22 the
1750 1688 51 23 27th
1808 1688 47 28 ult.,

1276 1716 23 18 at
1308 1713 110 26 Swansea,
1434 1713 41 21 Mr.
1489 1713 60 22 Issac
1561 1714 95 26 Harries,
1674 1714 84 28 draper,
1770 1719 22 18 to
1803 1716 55 22 Miss

1277 1739 58 22 Jane
1345 1739 97 27 Harries,
1460 1740 101 26 milliner,
1573 1741 156 28 Castle-street,
1747 1742 109 27 Swansea,

1276 1766 56 22 after
1342 1773 13 15 a
1364 1766 108 27 courtship
1481 1766 27 22 of
1519 1768 66 21 about
1593 1769 27 20 20
1634 1775 71 20 years.
1735 1768 84 28 Lately,
1838 1773 22 18 at

1277 1793 33 22 Re
1321 1793 64 26 dead,
1394 1793 54 21 after
1455 1795 15 20 a
1470 1795 30 20 39
1509 1794 70 26 years'
1587 1794 118 28 courtship,
1716 1795 44 22 Mr.
1771 1796 86 27 Bicker,

1277 1820 98 25 butcher,
1388 1824 21 17 to
1422 1820 53 21 Miss
1486 1820 97 23 Daniels.
1613 1820 54 23 Had
1676 1823 38 20 the
1724 1823 103 27 example
1837 1822 25 22 of

1277 1846 62 22 these
1353 1846 93 28 prudent
1456 1846 87 28 couples
1554 1847 55 22 been
1619 1855 60 14 more
1693 1849 115 27 generally
1818 1850 40 21 fol-

1277 1873 76 27 lowed,
1369 1880 32 15 we
1411 1873 78 22 should
1498 1877 39 17 not
1547 1874 50 21 hear
1608 1874 27 21 of
1648 1875 54 21 such
1712 1882 13 14 a
1740 1882 118 16 numerous

1277 1900 32 22 lot
1319 1900 25 21 of
1349 1900 116 21 indiscreet
1474 1900 45 21 and
1528 1900 104 27 unhappy
1641 1901 126 27 marriages.

1306 1927 177 22 Marlborougii
1501 1927 95 21 Street.
1597 1938 28 4 —
1627 1927 35 22 On
1670 1928 100 28 Monday
1777 1936 13 15 a
1802 1933 58 18 most

1279 1953 196 27 singular-looking
1489 1953 68 27 being
1571 1960 44 15 was
1630 1953 81 27 placed
1725 1958 24 18 at
1764 1956 39 21 the
1819 1957 39 22 bar

1270 1984 89 21 'among
1368 1979 38 21 the
1415 1980 62 25 nighc
1484 1979 101 27 -chargea.
1614 1980 37 21 He
1662 1986 45 15 was
1721 1982 80 22 attired
1812 1982 22 22 in
1845 1989 13 16 a

1279 2006 40 21 full
1329 2007 44 20 suit
1387 2005 26 21 of
1423 2005 115 22 canouical
1551 2006 78 27 sables,
1645 2006 46 22 and
1708 2014 56 15 wore
1780 2016 14 14 a
1807 2009 53 27 long

1280 2033 66 21 beard
1355 2032 46 21 and
1422 2032 131 21 mustachios
1569 2036 21 17 to
1603 2034 140 27 correspond,
1755 2034 46 23 like
1817 2043 41 14 one

1280 2061 27 20 of
1311 2059 105 21 Johanna
1432 2059 132 21 Southcott's
1575 2059 109 28 disciples.
1714 2061 30 21 At
1759 2061 37 23 the
1806 2062 53 23 time

1279 2086 28 21 he
1317 2093 44 14 was
1371 2085 93 27 brought
1473 2085 23 21 in
1507 2085 36 21 the
1561 2085 129 28 Magistrate
1701 2094 42 15 was
1760 2089 99 22 consult-

1279 2113 38 27 ing
1334 2120 29 14 an
1373 2113 45 21 Act
1434 2112 24 21 of
1465 2111 141 28 Parliament,
1615 2112 38 22 but
1662 2120 45 15 was
1717 2121 53 15 soon
1776 2116 82 22 roused

1280 2140 29 27 by
1319 2139 92 26 hearing
1420 2138 35 22 the
1465 2138 121 22 defendant
1595 2140 95 21 exclaim
1691 2151 28 5 —
1764 2149 36 15 am
1811 2142 49 23 that

1281 2167 10 21 I
1397 2165 42 22 Mr.
1458 2165 132 28 Fitzpatrick
1591 2177 27 4 —
1644 2166 65 23 What
1724 2175 66 16 name
1808 2168 52 24 does

1280 2193 27 22 he
1425 2191 126 23 Defendant
1562 2192 32 26 (in
1603 2200 13 14 a
1625 2198 59 17 most
1698 2195 84 22 solemn
1798 2196 60 27 tone)

1279 2231 28 5 —
1330 2220 58 21 lam
1399 2218 70 22 Christ
1484 2218 71 23 Jesus.
1583 2219 48 22 The
1648 2223 46 19 acts
1703 2222 25 20 of
1738 2229 38 20 my
1788 2222 73 23 father

1282 2248 11 21 I
1302 2247 67 26 show,
1380 2246 40 21 but
1428 2253 26 20 ye
1465 2245 64 23 know
1544 2249 39 18 not
1598 2246 34 22 his
1642 2246 75 29 doing,
1728 2249 93 23 because
1832 2257 28 22 ye

1281 2283 36 15 are
1327 2274 154 24 unimformed.
1509 2273 76 24 Listen
1601 2278 22 20 to
1634 2273 36 25 the
1685 2276 70 23 words
1766 2278 71 22 which
1849 2279 11 22 I

1281 2303 74 28 speak,
1366 2302 44 25 and
1417 2302 69 30 judge
1496 2309 35 18 me
1542 2302 118 32 thereby—
1661 2303 11 26 l
1679 2311 37 18 am
1721 2305 48 25 that
1777 2304 12 23 i
1796 2312 62 18 am.~,

1283 2338 31 17 we
1324 2329 43 25 and
1377 2329 38 25 the
1423 2330 117 29 ftther,are
1550 2341 47 15 one.
1626 2334 13 21 I
1655 2334 68 29 speak
1735 2337 22 20 to
1775 2343 34 19 ye,
1819 2335 42 23 but

1281 2368 27 20 ye
1319 2360 29 22 do
1357 2361 40 21 not
1407 2359 132 23 understand
1642 2361 44 22 Mr.
1698 2362 35 22 W.
1743 2362 116 28 Bulkeley,

1282 2388 26 20 of
1314 2387 171 27 College-street,
1498 2386 113 28 Islington,
1622 2388 48 22 said
1679 2388 49 22 that
1740 2389 28 21 he
1778 2396 44 16 was
1831 2397 30 15 on

1282 2414 37 22 the
1328 2415 100 26 previous
1439 2414 67 27 night,
1514 2414 66 22 while
1587 2414 88 27 waiting
1682 2415 34 22 for
1723 2423 29 15 an
1760 2416 102 22 omnibus

1283 2441 97 28 opposite
1397 2440 287 29 Northumberland-house,
1705 2443 109 21 attracted
1830 2443 32 27 by

1282 2468 36 22 the
1329 2467 124 27 defendant,
1465 2467 48 21 who
1523 2474 44 15 was
1576 2468 133 28 proceeding
1722 2469 24 23 in
1756 2476 13 15 a
1778 2469 85 23 similar

1281 2495 130 22 incoherent
1420 2495 67 20 strain
1495 2497 23 18 to
1527 2494 49 22 that
1584 2494 72 23 which
1670 2495 30 23 he
1716 2495 45 23 had
1774 2497 89 23 uttered

1282 2522 75 21 befove
1372 2521 37 21 the
1425 2521 82 27 worthy
1517 2521 138 27 Magistrate.
1683 2523 23 22 A
1714 2522 61 28 large
1789 2523 74 23 crowd

1283 2556 43 14 was
1335 2547 130 27 assembled,
1481 2547 44 22 and
1540 2548 38 22 the
1591 2548 123 23 defendant
1726 2550 54 22 then
1796 2550 67 22 asked

1283 2575 46 22 him
1344 2578 23 19 to
1385 2575 50 26 give
1449 2575 46 21 him
1510 2581 14 14 a
1539 2575 90 28 shilling
1642 2576 35 22 for
1690 2576 38 22 the
1744 2576 85 23 honour
1839 2577 26 22 of

1284 2602 72 22 Christ
1365 2602 72 21 Jesus.
1465 2600 47 24 The
1527 2602 70 22 words
1611 2602 28 22 he
1656 2603 56 22 used
1728 2610 57 16 were
1787 2614 26 5 —
1841 2605 22 21 A

1283 2628 94 28 shilling'
1384 2628 44 22 will
1437 2631 38 19 not
1484 2627 52 23 hurt
1545 2636 35 19 ye,
1590 2629 40 23 but
1638 2629 67 23 much
1714 2630 82 27 rejoice

1283 2656 154 22 Defendant—
1587 2656 71 22 words
1677 2656 12 22 I
1818 2658 45 22 Mr.

1281 2682 112 27 ■Bulkeley
1408 2682 146 22 continued—
1604 2682 68 22 asked
1688 2683 47 23 him
1744 2684 21 22 if
1777 2683 29 23 he
1821 2692 44 14 was

1283 2709 70 28 really
1361 2709 24 22 in
1396 2706 93 29 distress^
1502 2716 24 14 as
1535 2708 20 22 if
1561 2708 28 22 he
1599 2716 58 17 were
1668 2709 11 23 I
1693 2711 75 22 would
1783 2711 82 23 relieve

1283 2736 54 22 him.
1366 2736 45 22 His
1423 2736 60 29 reply
1498 2743 45 15 was
1559 2735 48 23 that
1622 2736 29 22 he
1662 2736 51 27 had.
1717 2737 23 22 in
1749 2737 52 23 vain
1809 2738 58 27 peti-

1284 2763 77 22 tioned
1369 2763 37 21 the
1416 2762 78 26 Queen
1503 2763 46 22 and
1557 2763 40 21 her
1612 2763 123 23 Ministers.
1764 2765 37 22 He
1811 2765 54 21 then

1284 2789 80 23 turned
1382 2788 71 24 round
1473 2793 21 18 to
1510 2797 13 14 a
1537 2796 79 21 person
1632 2790 105 28 standing
1746 2798 55 16 near
1809 2791 54 27 him,

1284 2816 46 23 and
1340 2815 106 23 observed
1455 2816 54 28 that,
1515 2816 24 23 in
1548 2816 33 22 his
1590 2817 97 28 opinion,
1695 2817 38 23 the
1744 2818 122 22 defendant

1284 2850 45 16 was
1347 2850 29 15 an
1396 2843 112 30 impostor.
1536 2841 49 25 The
1602 2850 80 21 person
1704 2848 23 21 to
1747 2845 72 21 whom
1836 2844 28 22 he

1283 2869 66 24 made
1364 2870 38 22 the
1418 2870 96 24 remark,
1519 2869 108 23 observed
1643 2870 48 23 that
1710 2871 29 23 ho
1758 2871 45 22 had
1820 2872 47 27 just

1284 2897 89 28 begged
1392 2897 36 22 Sd.
1448 2897 26 23 of
1589 2896 48 22 The
1656 2897 124 23 defendant
1799 2898 68 27 (most

1284 2924 153 32 vehemently)
1438 2935 27 5 —
1518 2930 69 16 never
1604 2923 99 28 begged;
1728 2932 32 14 we
1780 2924 28 22 do
1827 2929 40 17 not

1285 2951 41 23 ask
1340 2957 45 22 any
1394 2951 62 27 thing
1472 2950 35 22 for
1515 2949 48 23 hire
1564 2961 27 4 —
1592 2949 29 23 all
1636 2951 19 21 is
1663 2950 35 22 for
1707 2949 38 23 the
1759 2951 71 22 credit
1844 2952 25 22 of

1284 2985 41 15 our
1343 2977 90 23 Father.
1486 2977 44 22 Mr.
1550 2976 65 22 Hard
1616 2977 57 22 wick
1691 2977 35 27 (to
1750 2977 117 28 Inspector

1286 3005 116 27 Plume)—
1460 3003 39 23 the
1514 3003 120 23 defendant
1648 3005 54 21 mad
1718 3011 25 15 or

1286 3032 130 22 Defendant
1416 3042 26 5 —
1462 3031 57 22 lam
1524 3029 103 28 notmad,
1634 3035 59 18 most
1698 3030 73 23 Noble
1778 3031 78 23 Festus
1860 3048 7 11 ,

1285 3059 43 22 but
1340 3059 69 28 speak
1425 3058 36 22 the
1477 3057 71 23 words
1564 3057 26 22 of
1604 3057 61 23 truth
1683 3057 47 23 and
1744 3058 122 22 soberness.

1287 3085 74 23 Christ
1378 3086 19 22 is
1414 3092 29 15 on
1459 3084 62 23 earth
1655 3085 115 28 Inspector
1789 3085 78 22 Plume

1284 3112 92 23 handed
1392 3112 45 22 Mr.
1448 3111 118 23 Hardwick
1582 3118 13 15 a
1605 3111 65 23 letter
1684 3112 73 22 which
1771 3111 38 23 the
1823 3112 45 28 pri-

1286 3146 66 16 soner
1361 3139 46 23 had
1416 3137 119 24 addressed
1541 3141 21 19 to
1568 3145 14 15 a
1591 3145 77 20 person
1674 3139 22 21 in
1704 3138 163 29 Broad-sireet,

1287 3167 31 22 St.
1331 3166 90 27 Giles's,
1431 3165 72 23 whom
1517 3165 29 22 he
1556 3165 83 22 wished
1648 3168 22 19 to
1680 3166 46 22 bail
1738 3165 55 22 him.
1822 3166 45 22 Mr.

1287 3193 128 27 Hardwick,
1425 3193 56 21 after
1489 3191 92 28 looking
1590 3195 26 19 at
1622 3192 38 22 the
1665 3193 172 27 superscription
1845 3193 26 21 of

1286 3219 38 23 the
1333 3219 74 28 letter,
1417 3218 101 29 inquired
1528 3219 50 23 who
1616 3219 94 22 Madam
1726 3219 37 22 the
1781 3219 88 27 Pastry-

1287 3246 57 22 cook
1375 3254 52 18 was,
1438 3250 22 18 to
1469 3243 74 25 whom
1553 3246 37 22 the
1599 3245 66 23 letter
1674 3253 45 15 was
1735 3246 134 22 addressed?

1287 3273 114 27 Inspector
1416 3273 82 22 Plume'
1508 3272 91 28 replied,
1610 3273 48 21 that
1672 3272 28 22 he
1716 3272 45 22 had
1775 3276 51 19 sent
1839 3280 30 14 an

1288 3299 75 23 officer
1372 3303 23 18 to
1404 3300 108 22 ascertain
1528 3297 38 24 the
1576 3299 60 22 truth
1644 3299 27 22 of
1684 3299 37 23 the
1731 3299 138 23 defendant's

1288 3330 67 23 story,
1366 3326 44 22 and
1418 3326 45 22 had
1476 3326 70 22 found
1558 3327 18 21 it
1586 3333 44 15 was
1640 3325 30 22 all
1686 3332 13 16 a
1708 3326 66 22 tissue
1789 3326 26 22 of
1820 3326 47 22 lies,
1874 3334 2 21 j

1288 3353 128 23 Defendant
1416 3364 28 5 —
1465 3352 75 29 Judge
1549 3356 46 23 not,
1604 3353 42 21 lest
1653 3360 29 20 ye
1690 3353 29 21 be
1727 3353 86 27 judged
1819 3360 6 19 ;
1841 3360 28 19 ye
1874 3366 2 20 j

1287 3381 64 21 know
1367 3384 40 18 not
1423 3387 39 20 we,
1471 3380 41 22 but
1527 3386 34 15 we
1574 3379 65 22 know
1736 3379 44 22 Mr.
1796 3379 74 23 Hard-

1287 3407 56 23 wick
1354 3407 53 22 then
1422 3407 53 22 read
1484 3406 38 22 the
1536 3406 65 22 letter
1618 3416 28 5 —
1672 3405 101 27 Madam,
1783 3405 25 23 in
1819 3414 50 14 case
1874 3409 2 7 '

1288 3434 25 22 of
1328 3433 45 22 this
1389 3433 43 24 No.
1451 3435 19 21 0.
1505 3433 41 21 We
1565 3433 56 21 have
1638 3433 88 22 blessed
1743 3439 46 22 you
1807 3433 62 21 three

1288 3461 71 21 times.
1388 3461 67 22 Come
1465 3459 65 28 again
1541 3463 23 18 to
1573 3466 40 15 we.
1641 3460 69 21 Curse
1725 3459 102 28 nothing.
1856 3459 13 22 I

1287 3494 36 16 am
1342 3487 79 22 insane
1439 3491 46 22 not,
1504 3487 41 22 but
1564 3485 83 27 delight
1664 3494 53 19 you.
1755 3486 51 22 You
1825 3485 45 23 will

1288 3513 73 28 oblige
1371 3514 30 27 by
1411 3513 113 27 following
1536 3513 25 27 it,
1571 3513 45 21 and
1626 3513 12 21 I
1648 3513 58 22 have
1716 3513 34 22 hit
1758 3513 24 27 it,
1794 3517 40 18 not
1846 3515 24 20 to

1286 3548 69 15 worse
1373 3548 52 20 you,
1447 3541 39 21 but
1502 3546 47 21 you
1567 3546 37 16 are
1623 3539 73 28 happy
1716 3540 95 27 through
1829 3547 40 16 we.

1288 3568 69 22 Come
1373 3574 36 15 me
1421 3566 145 27 watchhouse,
1577 3565 145 30 Vine-street,
1741 3566 128 29 Piccadilly,

1288 3594 42 22 No.
1347 3595 33 21 10.
1409 3594 101 27 Begging
1524 3593 127 28 imposture.
1680 3593 77 23 You'll
1773 3593 66 28 plead
1858 3594 12 22 I

1287 3620 65 28 good.
1382 3621 73 22 Bread
1464 3624 42 19 eat.
1517 3634 9 11 •.
1534 3619 73 28 Being
1615 3620 95 28 friends,
1716 3624 56 18 next
1779 3621 92 27 Sunday

1288 3650 33 20 set
1329 3647 30 27 by
1369 3654 44 20 we;
1428 3654 42 21 you
1486 3647 66 22 know
1568 3654 40 20 we,
1623 3647 68 28 eight,
1703 3647 48 23 and
1765 3655 32 15 we
1805 3647 67 28 plead

1287 3680 44 21 you
1340 3676 73 27 happy
1424 3675 72 21 Christ
1510 3674 73 22 Jesus.
1613 3674 33 26 By
1657 3674 62 27 eight
1733 3675 28 21 be
1773 3675 30 26 by

1287 3701 44 21 Mr.
1353 3701 121 22 Hardwick
1494 3700 108 23 observed
1619 3701 48 21 that
1672 3704 12 20 \
1689 3701 36 22 the
1750 3701 122 23 defendant

1286 3730 61 19 must
1356 3727 27 22 be
1385 3724 12 10 v
1394 3727 70 22 either
1472 3729 84 25 insane,
1569 3734 25 15 or
1602 3734 13 15 a
1624 3734 63 21 gross
1693 3728 118 27 impostor.
1834 3727 37 22 He

1287 3753 79 23 should
1377 3754 91 22 commit
1481 3754 48 22 him
1533 3773 5 12 ;
1538 3757 24 19 to
1577 3753 74 28 prison
1661 3754 56 25 with,
1722 3754 61 23 hard
1795 3754 77 22 labour

1287 3781 57 21 fora
1361 3781 83 27 month,
1455 3781 44 22 and
1566 3780 131 22 authorities
1710 3784 25 18 at
1740 3781 45 27 jhe
1799 3781 73 27 prison

1287 3806 72 24 would
1369 3814 56 15 soon
1494 3806 150 24 out.whether
1653 3806 90 26 he>was
1744 3828 6 5 w
1750 3823 3 3 .
1757 3814 15 14 a
1787 3807 85 22 lunatic

1288 3840 24 15 or
1321 3840 30 16 an
1359 3832 113 29 impostor.
1488 3833 67 22 •'This
1564 3829 157 32 .decision^did
1729 3836 42 19 not
1780 3841 61 15 seem
1851 3837 21 18 to

1287 3864 60 18 meet
1361 3860 43 22 the'
1410 3859 143 23 defendant's
1566 3856 82 33 yiewsj,
1656 3859 53 22 and;
1717 3859 31 21 he
1759 3866 45 15 was
1820 3859 52 22 with

1287 3886 108 26 difficulty
1419 3884 112 28 removed,'
1552 3885 64 22 'most
1641 3884 81 28 loudly,
1749 3886 123 27 protesting

1286 3912 87 29 against
1381 3915 49 19 it.—
1430 3912 92 26 -Weekly.
1529 3912 112 26 Dispatch.
1658 3909 4 4 '
1688 3911 4 2 '
1724 3929 4 3 .
1760 3932 4 4 k
1761 3910 15 23 \

1312 3946 50 22 The
1395 3946 48 21 Bot
1475 3942 196 29 STATESMAjiir-It
1680 3945 20 23 is
1710 3945 101 28 strongly
1823 3953 47 15 sur-

699 3676 49 22 The
760 3675 106 23 Flood—
865 3677 49 22 The
924 3678 143 28 overflowing
1073 3679 25 22 of
1105 3678 36 23 the
1152 3677 107 24 Hawkes-

671 3703 56 27 burjj
736 3703 41 21 has
787 3710 50 15 now
847 3704 23 21 in
882 3711 13 15 a
904 3709 63 22 great
976 3713 102 15 measure
1088 3705 111 26 subsided,
1213 3704 45 23 and

670 3730 38 21 the
717 3729 61 22 river
788 3730 52 21 rolls
851 3730 65 23 down
926 3732 23 21 in
948 3736 2 5 1
959 3732 29 21 its
997 3732 65 22 usual
1073 3739 84 20 cours.e.
1187 3734 72 23 Many

671 3756 26 22 of
709 3756 37 22 the
755 3756 59 27 flats,
825 3757 110 28 however,
946 3765 37 15 are
994 3758 44 23 still
1047 3758 73 23 under
1129 3761 73 24 water,
1214 3758 45 21 and

670 3783 24 21 in
705 3783 29 21 all
743 3783 133 29 probability
886 3785 45 22 will
945 3785 85 22 remain
1045 3786 33 27 in.
1088 3785 48 22 that

670 3809 35 22 for
715 3816 60 15 some
784 3811 92 22 months
886 3815 22 18 to
919 3819 72 19 come,
1028 3812 49 21 The
1086 3812 65 21 roads
1162 3818 40 15 are'
1209 3816 50 17 now

670 3836 108 27 perfectly
796 3837 79 26 clear,'
886 3838 107 25 although
1011 3838 38 21 the
1067 3838 89 26 bridges
1174 3837 25 21 in
1211 3837 48 22 'the

670 3862 186 27 neighbourhood
865 3865 26 20 of
902 3864 107 21 Windsor
1018 3871 38 14 are
1066 3864 23 21 in
1099 3871 14 14 a
1128 3865 59 20 most
1204 3862 54 23 dan-

668 3896 80 21 gerous
758 3893 63 24 state,
833 3891 62 21 there
906 3891 67 26 being
981 3889 62 22 holes
1051 3890 26 21 in
1087 3889 37 22 the
1139 3892 77 23 centre
1233 3896 24 16 as

669 3916 50 22 well
736 3923 26 15 as
780 3919 23 19 at
820 3916 38 22 the
874 3917 59 21 sides
948 3915 110 23 sufficient
1076 3919 22 17 to
1117 3915 107 28 dislogate
1223 3919 4 5 I
1232 3922 3 5 '
1244 3923 14 15 a

668 3943 71 22 man's
748 3943 72 26 ancle,
832 3946 28 18 or'
865 3943 69 22 break
944 3950 12 14 a
966 3942 75 23 horses
1056 3942 43 27 leg.
1144 3943 79 26 Verily,
1235 3941 21 23 if

556 51 98 47 W&e
678 51 118 44 Wteto
822 51 209 43 Ztalanti
1055 51 192 47 &a?*tti
1270 52 92 39 att&
1387 49 299 49 V&ctlinQtotx
1711 48 250 50 frptttatot.

1272 138 37 21 the
1326 138 99 22 traveller
1439 146 54 20 pays
1512 140 44 25 toll,
1576 138 35 22 his
1625 139 81 21 transit
1721 146 53 15 over
1792 140 61 21 these

1272 167 117 19 structures
1397 164 66 28 ought
1474 169 22 18 to
1504 165 27 21 be
1542 164 46 23 safe
1599 164 43 22 and
1652 173 76 14 secure
1735 173 5 19 ;
1750 165 40 23 but
1800 165 52 22 such

1270 190 20 22 is
1300 194 40 18 not
1348 191 37 22 the
1394 199 48 14 case
1449 199 6 19 ;
1466 191 37 22 the
1514 195 87 23 matter,
1615 191 117 27 therefore,
1749 192 104 21 demands

1272 216 162 28 investigation.
1434 230 28 4 —
1462 219 87 20 Herald.
1579 219 23 17 O'

1298 243 50 22 The
1368 244 66 22 Bank
1453 253 26 14 of
1503 246 143 21 Australia.
1646 256 28 4 —
1677 245 175 31 Arrangements

1272 276 37 15 are
1318 270 24 21 in
1353 277 97 19 progress
1460 272 35 21 for
1504 271 98 27 winding
1612 278 30 19 up
1653 270 36 22 the
1700 271 73 22 affairs
1782 272 26 21 of
1816 271 36 22 the

1272 296 66 21 Bank
1353 296 26 21 of
1388 297 117 27 Australia,
1524 297 78 25 which,
1620 304 29 14 on
1664 300 95 19 account
1778 298 26 21 of
1815 298 37 21 the

1272 322 59 27 large
1341 324 122 25 proportion
1473 324 26 22 of
1508 324 28 21 its
1552 322 81 28 capital
1641 324 102 21 invested
1753 324 23 21 in
1785 328 68 17 mort-

1272 356 73 19 gages,
1357 345 42 26 will
1406 350 29 22 be
1445 350 119 23 converted
1573 350 47 21 into
1634 357 14 14 a
1658 350 62 21 Loan
1731 350 120 28 Company.

1274 374 40 22 We
1331 372 57 25 have
1401 377 65 22 made
1486 377 112 27 inquiries,
1619 376 45 21 and
1683 376 46 22 find
1750 376 47 22 that
1816 377 37 21 the

1273 401 64 22 Bank
1345 402 19 21 is
1374 404 105 26 prepared
1486 406 23 19 to
1515 410 44 20 pay
1569 402 31 22 off
1609 402 28 21 all
1647 403 30 20 its
1686 406 165 24 engagements,

1272 428 43 21 and
1324 427 48 22 that
1382 430 84 22 neither
1475 430 107 21 creditors
1592 436 40 14 nor
1644 429 154 22 shareholders
1809 430 44 21 will

1272 453 67 23 suffer
1348 462 42 19 any
1399 455 50 24 loss.
1488 456 54 22 This
1556 456 20 21 is
1590 463 43 14 one
1644 459 48 20 step
1703 456 93 21 towards
1806 456 47 21 that

1271 481 120 27 monopoly
1399 482 22 21 in
1430 483 99 27 banking
1538 482 72 22 affairs
1618 481 72 22 which
1696 489 68 21 many
1775 483 77 31 people

1273 507 63 21 think
1360 507 42 22 will
1425 509 125 27 ultimately
1573 509 27 22 be
1619 508 77 22 vested
1714 509 24 21 in
1759 509 93 27 English

1273 533 82 23 Banks.
1356 545 27 4 —
1383 535 52 22 Ibid.

1298 560 23 21 A
1330 567 125 22 newspaper
1463 561 41 22 has
1512 561 57 23 been
1580 562 145 22 commenced
1731 565 23 19 at
1763 563 90 27 Sydney

1272 585 71 23 called
1353 588 37 22 the
1401 589 92 20 Satirist.
1522 589 47 22 The
1576 589 117 26 intention,
1704 596 30 15 we
1741 596 109 20 presume,

1270 620 46 14 was
1325 615 23 19 to
1362 615 73 22 model
1451 615 17 21 it
1484 615 55 22 after
1555 616 39 20 the
1610 616 89 20 Satirist
1714 623 25 14 or
1756 616 36 21 the
1807 616 46 26 Age

1271 646 138 21 uewapapers
1420 644 22 19 at
1451 641 73 22 home.
1552 641 104 22 Without
1667 642 37 21 the
1712 643 38 20 wit
1761 650 24 13 or
1794 650 59 19 pun-

1270 672 73 21 gency
1352 668 27 20 of
1388 667 60 23 these
1463 667 66 22 noted
1545 667 155 28 publications,
1710 669 37 21 the
1763 669 90 27 Sydney

1272 693 89 21 Satirist
1370 701 69 15 seems
1449 698 22 18 to
1482 693 63 23 excel
1555 694 53 27 only
1615 695 23 21 in
1649 702 30 14 an
1689 694 116 23 abundant
1815 702 38 15 use

1271 719 26 21 of
1306 726 62 19 gross
1378 722 43 21 and
1430 721 105 22 indecent
1551 721 118 26 language.
1698 721 47 22 The
1759 722 94 27 proprie-

1271 749 33 18 tor
1317 746 39 22 has
1374 747 89 28 already
1481 747 43 22 had
1543 747 85 21 several
1646 747 83 22 actions
1749 748 33 22 for
1797 743 56 27 libel

1272 773 143 23 commenced
1431 775 85 25 against
1532 773 54 27 him,
1604 773 44 22 and
1663 773 40 23 has
1716 774 59 22 been
1793 774 61 22 fined

1270 798 47 22 and
1327 799 141 28 imprisoned.

1298 825 44 22 Dr.
1369 826 110 24 Poldinq.
1481 839 28 4 —
1509 826 52 22 This
1584 827 112 21 reverend
1718 827 134 28 gentleman,

1271 851 49 22 who
1335 851 40 23 has
1390 853 55 22 been
1462 853 118 28 appointed
1594 853 39 22 the
1650 854 88 22 Roman
1755 854 100 22 Catholic

1271 878 142 28 Archbishop'
1429 880 26 21 of
1475 880 97 27 Sydney,
1594 880 90 22 arrived
1702 881 22 21 in
1749 881 37 21 the
1804 881 50 28 ship

1273 906 96 25 Templar
1386 913 25 14 on
1430 907 37 21 the
1481 907 38 21 9th
1534 907 90 21 instant.
1652 907 49 22 The
1718 907 81 27 Bishop
1815 907 40 22 has

1270 931 96 28 brought
1377 937 36 17 out;
1424 933 102 27 eighteen
1545 940 91 20 persons
1653 934 24 21 in
1694 933 32 22 his
1738 934 61 25 suite,
1811 935 44 21 and

1271 959 53 21 nine
1341 959 104 21 students.
1481 959 47 22 The
1545 959 110 23 reverend
1672 960 75 22 divine
1761 961 64 21 made
1842 968 13 14 a

1271 985 76 27 public
1357 989 61 23 entry
1427 985 47 22 into
1486 986 37 22 the
1533 986 45 27 city
1587 986 26 22 of
1624 987 91 26 Sydney
1724 994 30 14 on
1764 987 89 27 Friday,

1271 1011 37 21 the
1325 1011 104 28 morning
1442 1012 112 27 following
1569 1012 38 23 the
1623 1013 42 28 day
1682 1020 29 15 on
1727 1013 71 23 which
1818 1015 37 21 the

1271 1038 52 27 ship
1335 1038 92 22 arrived.

1326 1097 195 25 ENGLISH
1550 1098 247 25 EXTRACTS.

58 145 139 27 attendance,
214 143 74 31 might
301 143 115 30 challenge
428 144 143 31 competition
582 143 55 23 with

57 185 45 22 any
113 171 171 30 establishment
296 176 24 23 in
331 183 45 23 any
388 176 24 23 of
426 176 39 23 the
473 176 165 30 neighbouring

60 210 106 24 Colonies
176 209 24 23 of
214 208 68 26 much
294 208 78 31 longer
384 209 104 30 standing
499 210 55 22 than
564 216 61 16 ours.

93 242 76 23 There
190 249 45 16 was
265 249 53 15 one.
334 242 160 23 circumstance
522 241 114 28 occurred,

59 275 73 23 which
143 274 115 24 detracted
269 274 68 23 much
352 274 58 24 from
432 274 37 24 the
487 274 91 31 general
597 281 40 16 en-

57 309 102 30 joyment
171 307 24 24 of
210 307 36 23 his
258 306 127 32 Worship's
396 307 119 31 liberality,
534 307 44 23 and
589 306 49 23 that

59 349 54 20 was,
125 340 38 24 the
174 339 139 31 unexpected
324 340 82 23 arrival
417 340 25 24 of
456 340 38 24 the
513 338 123 31 Clydeside,

58 381 31 16 on
100 373 40 23 her
147 373 128 23 homeward
285 380 96 23 passage
395 373 59 24 from
475 373 98 31 Sydney,
592 372 45 23 and

58 406 41 24 her
110 406 94 31 positive
216 410 179 19 announcement
402 406 23 23 of
435 406 117 31 departing
560 404 79 24 within

57 441 34 22 48
104 439 68 23 hours
184 438 57 24 after
253 439 41 23 her
305 439 90 23 arrival.
430 439 50 23 The
492 438 145 31 opportunity

58 472 27 23 of
99 472 190 30 communicating
306 471 72 24 direct
399 472 53 23 with
471 470 114 31 England,
609 470 30 31 by

57 513 16 15 a
84 505 73 23 vessel
168 505 75 23 whose
256 512 57 16 crew
327 504 45 24 and
386 512 141 23 passengers,
547 504 34 22 for
600 503 39 23 the

58 538 74 30 major
143 542 57 27 part,
212 545 59 16 were
287 537 124 24 interested
426 538 25 21 in
472 544 40 16 our
533 543 106 24 progress

57 571 47 23 and
113 578 97 22 success,
222 575 43 28 put
276 578 67 22 every
352 577 46 24 pen
413 569 48 23 into
473 569 70 23 active
562 569 76 31 requi-

57 604 77 28 sition,
157 604 43 23 and
211 603 123 31 prevented
344 610 68 23 many
426 602 129 31 gentlemen
576 601 59 24 from

57 636 91 31 joining
159 637 38 23 the
207 641 67 26 party
285 641 23 18 at
319 636 37 29 all,
370 636 43 23 and
424 635 76 24 forced
520 634 75 24 others
616 639 23 19 at

59 677 30 16 an
101 670 61 30 early
172 669 59 24 hour
242 674 23 19 to
276 669 76 23 retire.

93 702 50 24 The
161 703 105 30 previous
286 705 176 28 arrangements,
485 709 23 15 as
529 700 110 31 regarded

58 735 40 23 the
110 736 86 23 routine
207 735 68 23 usual
285 742 61 22 upon
358 734 56 23 such
431 733 75 32 public
518 735 120 28 meetings,

59 776 58 16 were
129 768 52 26 thus
202 767 128 30 materially
342 766 151 31 disarranged,
505 767 31 30 by
546 766 39 24 the
597 767 41 23 ab-

59 808 67 17 sence
138 800 26 24 of
173 808 68 22 many
252 799 130 32 gentlemen
392 799 48 23 who
452 799 44 24 had
507 799 130 31 previously

58 833 145 25 volunteered
213 837 23 20 to
245 834 68 30 bring
324 832 37 24 the
369 833 89 23 various
470 833 71 31 topics
549 832 91 31 usually

59 867 124 24 submitted
194 872 22 18 to
228 866 39 24 the
279 866 163 24 consideration
454 865 25 23 of
493 867 111 30 meetings
617 865 25 24 of

61 900 47 24 this
118 905 80 18 nature
207 899 77 24 before
295 900 25 23 it.
347 923 4 3 .

96 933 169 29 Nevertheless,
283 932 55 24 with
366 932 30 24 all
417 931 63 25 these
498 931 140 30 drawbacks,

60 966 41 24 the
113 967 94 30 evening
218 966 82 31 passed
317 965 32 24 off
362 973 55 23 very
428 965 125 31 agreeably.
589 964 50 25 The

61 999 68 23 usual
148 1003 70 19 toasts
238 1006 58 16 were
314 998 125 32 responded
457 1003 23 19 to
499 999 54 23 with
573 1006 67 23 every

63 1032 178 23 demonstration
252 1031 26 23 of
292 1031 59 30 good
370 1031 90 31 feeling,
473 1031 43 24 and
529 1032 37 23 the
578 1039 62 15 com-

61 1065 139 23 munication
212 1064 73 23 which
297 1063 45 23 Dr.
355 1063 85 29 Evans,
448 1072 24 15 as
484 1064 59 30 legal
553 1064 87 23 adviser

64 1097 28 24 of
106 1097 39 23 the
164 1097 124 30 Company,
305 1095 42 24 felt
364 1095 94 24 himself
471 1097 131 22 authorized
616 1101 24 19 to

62 1130 68 24 make
141 1135 23 18 to
177 1130 36 23 the
224 1130 108 29 meeting,
346 1128 126 31 respecting
490 1129 58 23 their
566 1128 74 24 deter-

62 1164 110 23 mination
194 1167 22 19 to
240 1166 39 19 out
300 1162 28 23 do
352 1162 55 23 Sam
424 1161 64 23 Slick
499 1161 98 29 himself,
611 1162 29 30 by

63 1196 146 32 prosecuting
218 1203 29 15 on
259 1203 28 15 an
299 1194 111 24 extended
427 1194 45 23 and
488 1194 79 24 liberal
578 1194 59 24 scale

63 1230 59 23 their
132 1229 124 24 intentions
276 1229 25 22 of
315 1228 77 30 laying
410 1235 56 23 open
485 1227 36 23 the
541 1227 99 24 millions

64 1264 26 22 of
105 1270 62 16 acres
178 1263 26 22 of
217 1262 74 23 fertile
306 1261 54 24 land
371 1261 31 30 by
419 1268 76 16 means
515 1261 25 23 of
555 1268 14 15 a
586 1260 55 24 road

64 1304 31 23 up
106 1295 38 24 the
156 1296 70 22 entire
242 1295 73 30 valley
334 1294 24 23 of
379 1294 39 23 the
439 1293 67 30 Hutt,
526 1293 43 24 and
582 1293 59 23 from

64 1329 81 23 thence
165 1336 53 16 over
235 1328 39 23 the
291 1335 70 23 range
380 1327 25 24 of
423 1327 128 23 mountains
569 1326 73 24 which

65 1366 102 26 separate
187 1361 38 23 the
243 1366 64 26 great
328 1360 133 31 Wairarapa
479 1359 87 24 district
582 1359 58 24 from

64 1396 49 22 that
125 1395 25 23 of
164 1395 56 23 Port
230 1394 135 28 Nicholson,
377 1401 56 23 gave
449 1401 13 16 a
479 1393 64 31 fiillip
562 1398 22 18 to
604 1392 38 24 the

65 1429 40 23 life
125 1429 25 22 of
175 1427 37 25 the
234 1431 66 27 party
310 1435 5 20 ;
345 1426 73 24 which
437 1426 71 24 broke
530 1434 30 23 up
583 1430 23 19 at
629 1434 13 15 a

65 1462 45 20 late
122 1461 64 21 hour.

99 1510 51 25 The
168 1511 156 30 Anniversary
341 1511 25 23 of
378 1526 3 9 ,
388 1511 37 23 the
446 1511 57 23 Port
517 1509 126 25 Nicholson

67 1544 140 24 Mechanic's
218 1544 118 29 Institute,
349 1544 81 23 Public
442 1543 90 29 School,
545 1542 43 25 and
600 1542 42 24 Li-

66 1579 75 29 brary,
161 1577 45 24 will
225 1577 27 24 be
272 1577 125 24 celebrated
417 1585 28 15 on
464 1577 101 31 Monday
580 1580 62 26 next,

68 1611 90 30 Mayl,
171 1611 31 30 by
213 1619 13 15 a
236 1610 67 29 soire,
317 1615 22 19 to
351 1610 27 23 be
397 1610 51 24 held
468 1615 23 18 at
512 1610 36 23 the
560 1610 46 23 hall
619 1610 25 23 of

67 1644 38 23 the
125 1643 139 29 Institution,
285 1644 37 23 the
343 1644 91 30 Society
453 1644 84 30 having
556 1643 57 24 been
631 1651 13 16 a

57 1699 1 5 ,
68 1685 52 22 year
131 1678 23 22 in
167 1678 114 22 existence
292 1685 32 16 on
332 1676 49 24 that
393 1676 49 31 day.
478 1676 24 24 It
512 1678 19 21 is
544 1681 22 19 to
576 1677 26 23 be
615 1685 29 15 no

68 1711 110 22 sectarian
188 1710 71 29 affair,
273 1709 44 24 and
327 1718 33 15 we
371 1710 75 23 advise
454 1718 42 15 our
505 1709 82 24 friends
596 1710 48 23 who

68 1744 56 22 wish
134 1743 34 23 for
188 1751 14 15 a
219 1748 66 24 treat,
305 1747 23 19 to
346 1743 85 23 attend.
465 1742 44 24 We
526 1743 47 23 also
591 1744 53 22 take

69 1777 45 22 this
126 1778 143 30 opportunity
281 1777 25 22 of
320 1776 122 30 informing
452 1776 38 23 the
501 1777 75 30 public
588 1777 56 28 that,

70 1810 37 23 the
119 1810 163 31 subscriptions
294 1817 38 16 are
348 1810 111 30 proposed
477 1814 22 18 to
511 1810 27 23 be
549 1809 95 24 lowered

71 1848 21 18 to
112 1843 42 23 five
173 1843 105 31 shillings
295 1850 41 24 per
355 1850 90 21 annum,
456 1843 95 31 payable
569 1843 24 23 in
605 1843 39 23 ad-

71 1884 74 21 vance,
158 1876 43 23 and
214 1885 31 15 we
263 1875 66 24 think
350 1876 38 23 the
400 1876 102 30 working
512 1883 52 16 men
576 1876 70 30 ought

71 1918 47 14 now
131 1914 21 18 to
167 1915 60 18 dome
248 1909 111 29 forward,,
372 1909 44 24 and
433 1909 142 30 strenuously
590 1916 54 24 sup-

70 1947 50 22 port
132 1942 43 24 this
187 1942 142 25 Institution.

102 1994 49 25 The
162 1996 109 23 schooner
283 1996 133 29 Richmond,
430 1999 30 21 30
472 2001 56 23 tons,
538 1996 105 29 Sinclair,

69 2027 41 23 has
120 2029 70 22 sailed
202 2029 33 23 for
258 2029 87 30 Pigeon
365 2029 57 30 Bay,
443 2037 13 15 a
475 2029 62 31 place
558 2038 28 14 on
607 2029 36 23 the

69 2061 87 24 Middle
169 2061 85 29 Island,
268 2062 53 22 with
334 2069 41 16 one
396 2070 25 15 or
441 2066 41 19 two
493 2062 96 23 families
602 2062 41 24 and

69 2102 61 16 some
141 2094 73 29 stock,
225 2095 37 23 for
284 2094 36 24 the
339 2102 98 23 purpose
457 2095 24 23 of
496 2095 97 31 forming
607 2095 36 23 the

69 2127 91 24 nucleus
172 2128 25 23 of
210 2136 15 16 a
235 2128 129 23 settlement
382 2128 70 23 there.
488 2128 29 23 In
530 2128 44 23 this
586 2136 56 23 way,

70 2160 62 24 Lord
143 2161 114 30 Stanley's
274 2160 87 31 project
378 2161 35 23 for
433 2161 210 32 discountenancing

70 2194 36 22 the
117 2194 87 23 further
216 2194 148 23 colonization
376 2195 26 22 of
416 2194 37 23 the
465 2194 87 24 Middle
565 2195 78 23 Island

71 2227 44 23 will
132 2227 26 24 be
179 2227 117 29 thwarted,
314 2226 34 24 for
369 2234 120 16 numerous
512 2228 131 23 individuals

70 2267 36 16 are
117 2261 43 23 fast
169 2261 107 31 peopling
288 2260 48 23 that
374 2261 80 22 barren
465 2261 44 23 and
516 2263 127 22 mountain-

70 2301 41 15 ous
146 2295 88 25 portion
245 2295 27 22 of
287 2294 56 23 New
355 2294 107 23 Zealand.

103 2344 49 28 Tfie
164 2349 113 31 prisoners
298 2349 117 25 convicted
433 2350 44 25 and
490 2352 119 23 sentenced
623 2356 22 19 to

71 2384 173 30 transportation
268 2387 23 20 at
312 2384 39 23 the
374 2384 44 23 last
440 2385 43 23 and
510 2386 135 31 preceeding

71 2416 105 29 sessions,
198 2420 23 20 to
248 2416 39 24 the
304 2417 96 24 number
430 2418 23 23 of
477 2419 85 29 twelve,
587 2427 58 16 were

71 2448 77 32 placed
170 2457 28 16 on
221 2450 70 23 board
312 2450 38 24 the
374 2450 153 26 Government
545 2452 52 31 brig
616 2460 29 16 on

72 2482 110 31 Saturday
192 2482 52 29 last,
257 2487 22 19 to
295 2483 28 24 be
343 2485 112 30 conveyed
475 2490 21 18 to
515 2485 129 30 Auckland,

71 2515 43 23 and
125 2516 56 23 from
193 2516 80 24 thence
284 2516 123 25 forwarded
429 2523 22 18 to
468 2518 59 24 their
543 2518 64 32 place
620 2519 25 23 of

71 2548 140 25 destination.
259 2549 51 24 The
331 2551 36 23 six
386 2559 53 16 men
456 2551 49 24 who
524 2553 121 30 attempted

71 2581 57 24 their
139 2590 78 24 escape
228 2591 38 16 are
278 2588 105 27 amongst
393 2584 68 30 them,
474 2585 45 23 and
530 2593 13 15 a
552 2585 60 23 force
623 2586 22 22 of

71 2615 122 25 constables
215 2617 41 23 has
285 2617 56 23 been
364 2617 79 31 placed
466 2626 28 15 on
516 2618 69 24 board
607 2619 38 23 the

73 2647 106 31 Victoria^
192 2653 22 20 to
227 2650 79 23 enable
318 2650 37 23 the
378 2651 88 31 captain
484 2655 22 20 to
519 2651 53 24 take
584 2652 61 23 them

71 2682 21 22 in
105 2682 79 28 safety.

103 2732 50 24 The
169 2734 85 31 barque
272 2733 122 30 Clydeside,
416 2742 30 16 on
463 2734 40 24 her
522 2742 47 24 way
588 2735 57 24 from

71 2765 89 31 Sydney
171 2770 23 19 to
215 2767 104 29 London,
332 2767 161 31 unexpectedly
513 2768 99 31 dropped
624 2769 21 22 in

70 2805 28 16 on
120 2799 113 31 Saturday
252 2800 54 28 last,
327 2805 23 18 to
373 2807 38 16 see
430 2800 40 24 he:
494 2800 37 24 old
552 2802 93 24 friends.

70 2831 45 23 She
126 2840 45 16 was
187 2833 51 23 well
254 2836 23 20 to
296 2833 38 23 the
345 2833 129 24 southward
483 2835 26 22 in
522 2833 37 24 the
570 2842 75 16 morn-

69 2864 45 32 ing,
129 2865 54 24 with
194 2868 25 21 •a'
233 2865 44 24 fair
295 2866 67 29 wind,
383 2867 66 23 when
467 2866 41 24 her
526 2867 119 25 fore-truss

69 2904 44 17 was
124 2898 87 24 carried
229 2906 70 24 away,
312 2899 44 24 and
374 2904 23 19 to
416 2900 49 24 that
485 2901 160 24 circumstance

69 2938 36 17 are
117 2932 38 23 the
160 2932 139 24 inhabitants
307 2933 24 23 of
340 2933 58 23 Port
407 2933 126 30 Nicholson
541 2934 104 24 indebted

69 2963 32 24 for
119 2965 69 31 being
199 2965 94 24 enabled
312 2970 21 19 to
349 2965 97 31 forward
465 2967 78 24 letters
555 2972 23 19 to
590 2968 55 23 their

69 2996 83 25 friends
162 2999 24 22 in
196 2998 116 29 England.
395 3010 3 4 •

99 3048 48 23 Mr.
157 3049 29 24 T.
200 3049 115 30 Staadish,
327 3050 46 24 late
385 3052 24 23 of
418 3052 137 30 Pontefract,
567 3052 78 24 York-

71 3080 65 30 shire,
148 3086 59 18 went
221 3082 76 24 before
315 3084 38 22 the
366 3090 3 3 •
375 3083 70 24 Chief
462 3084 92 30 Justice,
567 3090 24 19 at
610 3085 35 24 the

71 3113 107 31 Supreme
306 3115 54 24 held
388 3120 23 19 at
422 3116 3 4 '
440 3115 148 33 Wellington,
618 3125 27 17 on

71 3146 103 31 Tuesday
195 3147 52 29 last,
259 3170 4 4 .
272 3148 45 24 and
344 3148 58 24 after
425 3148 80 32 taking
526 3150 38 24 the
581 3150 64 24 usual

71 3179 139 30 declaration,
223 3188 45 15 was
286 3181 109 24 admitted
413 3190 15 15 a
439 3182 106 23 Solicitor
557 3183 26 24 of
599 3184 46 23 that

71 3212 75 25 Court.
182 3213 48 25 Mr.
244 3214 109 23 Standish
364 3214 21 24 is
404 3214 69 24 about
484 3219 23 19 to
520 3223 125 17 commence

71 3247 93 28 practice
176 3251 23 20 at
209 3246 61 25 New
282 3247 132 31 Plymouth.

100 3303 50 24 The
165 3304 117 32 following
299 3306 145 30 satisfactory
463 3305 67 24 letter
548 3306 19 24 is
588 3306 59 24 from

71 3334 34 24 the
115 3344 43 24 pen
170 3338 25 23 of
210 3338 37 24 Sir
259 3338 91 31 George
371 3339 103 29 Farmer,
487 3343 23 19 to
530 3347 13 16 a
553 3340 88 30 gentle-

71 3375 49 18 man
129 3370 49 25 who
195 3371 42 24 has
256 3372 89 24 arrived
362 3372 60 24 from
442 3372 104 29 London,
559 3374 29 27 by
609 3372 37 25 the

71 3400 82 28 Phcebe.

103 3438 189 30 Newgate-street,
304 3440 98 29 Chester,
413 3442 114 28 February
538 3444 33 26 14,
583 3444 61 20 1842.

71 3489 5 5 <
96 3465 44 28 Sir,
142 3477 27 5 —
171 3467 10 22 I
189 3468 46 21 had
242 3468 100 22 occasion
350 3472 22 18 to
378 3469 55 22 send
441 3476 38 20 my
486 3469 74 23 model
568 3470 78 21 break-

71 3496 35 21 ing
113 3494 100 22 machine
223 3501 60 15 some
299 3494 100 23 distance
412 3495 58 23 from
480 3492 75 31 hence,
566 3503 14 15 a
589 3496 56 22 fort-

71 3517 59 27 night
139 3527 40 20 ago
190 3524 21 19 to
221 3521 28 22 be
258 3520 92 28 altered,
359 3522 46 22 and
414 3522 53 28 only
476 3523 102 22 received
586 3524 19 20 it
616 3531 28 14 on

72 3543 108 31 Saturday.
217 3547 54 22 This
291 3548 44 22 will
353 3552 94 19 account
465 3549 34 22 for
521 3549 37 22 the
581 3546 64 31 great

71 3570 60 28 delay
139 3572 23 23 in
171 3574 116 26 returning
294 3581 56 20 your
359 3574 55 23 Fax.

96 3597 58 24 Your
164 3600 110 28 specimen
284 3608 111 21 possesses
405 3609 42 15 one
456 3602 73 23 defect
538 3611 104 15 common

71 3624 21 19 to
101 3624 28 21 all
138 3626 47 22 that
193 3628 12 21 I
214 3626 58 23 have
281 3631 48 18 met
345 3628 65 28 with;
425 3628 52 28 viz.,
487 3637 14 14 a
513 3630 68 22 harsh
592 3630 50 28 feel,

71 3654 56 17 more
136 3652 43 23 like
188 3654 56 22 wool
254 3661 24 15 or
287 3654 56 28 hair,
353 3654 55 23 than
418 3655 64 23 Flax.
510 3656 12 22 I
532 3657 86 21 believe
626 3657 18 21 it

71 3681 110 22 originates
189 3680 23 22 in
223 3680 36 23 the
269 3688 61 15 same
340 3689 77 15 course
432 3682 24 21 in
470 3682 55 22 each
534 3691 56 19 case,
602 3684 41 21 im-

72 3707 72 23 proper
158 3709 117 20 treatment
291 3709 24 21 in
330 3708 57 23 New
404 3708 105 23 Zealand.
539 3710 12 22 I
566 3711 27 21 do
604 3714 40 18 not

73 3730 58 21 think
138 3738 53 20 your
198 3734 113 27 specimen
326 3735 45 22 will
386 3736 66 21 stand
465 3736 39 22 the
514 3739 42 19 test
566 3738 26 21 of
600 3737 43 22 im-

72 3759 90 20 mersion
178 3766 22 15 or
219 3762 119 21 saturation
355 3762 35 21 for
404 3769 60 15 some
480 3763 54 27 days
553 3764 97 22 without'

71 3783 41 19 loss
120 3784 24 20 of
155 3787 103 27 strength,
266 3788 42 23 but
324 3788 43 22 will
385 3793 99 23 separate
500 3790 45 22 like
556 3798 13 14 a
578 3791 32 22 bit
620 3791 26 21 of

73 3811 39 17 wet
124 3816 41 22 pap
167 3819 28 19 er/
210 3814 48 21 that
271 3814 20 22 is
307 3815 38 22 the
360 3815 68 22 finest
444 3816 64 22 fibres
524 3817 25 22 of
560 3818 23 26 it,
598 3817 45 23 and

73 3838 37 34 t!v
121 3842 16 30 i
132 3843 13 15 n
148 3844 11 28 ?
160 3845 14 20 p
188 3845 22 16 at
225 3847 14 14 a
259 3845 53 18 Ulot#
342 3842 11 22 I
360 3842 66 23 -have
442 3850 61 15 some
520 3845 122 26 specimens

73 3865 65 18 waicn
148 3865 53 21 have
212 3866 56 23 been
283 3868 73 23 under
372 3869 50 22 trial
437 3876 59 15 more
513 3870 54 22 than
579 3871 63 21 three

73 3887 73 28 weeks,
156 3891 51 22 with
216 3892 36 22 the
261 3894 49 22 best
319 3895 95 22 Russian
428 3896 47 22 and
484 3896 59 22 Irish
553 3897 12 22 I
575 3897 67 22 could

72 3917 85 19 procure
164 3924 22 14 m
195 3917 43 23 this
247 3920 51 26 city.
318 3933 3 4 •
327 3922 48 22 The
383 3922 59 23 Irish
451 3923 40 22 has
499 3922 54 28 Ibng
561 3924 43 24 lost
612 3924 29 22 its

73 3941 97 28 swength,
190 3943 36 22 the
244 3945 93 25 Russian
355 3948 109 29 impaired
484 3957 13 15 a
513 3950 62 27 little,
596 3950 45 23 and

1882 140 67 20 mised
1959 140 54 25 that,
2029 140 126 26 previously
2169 143 23 18 to
2206 141 37 21 the
2258 140 93 28 meeting
2364 140 26 22 of
2401 142 52 20 Par-

1882 165 96 27 liament,
1990 166 60 21 Lord
2061 166 89 27 Stanley
2159 166 44 22 will
2218 168 26 20 be
2262 167 137 27 pitchforked
2407 168 47 21 into

1882 191 36 22 the
1930 192 75 21 House
2015 192 24 21 of
2051 192 72 21 Peers.
2152 192 47 22 The
2216 196 95 19 extreme
2324 200 41 20 age
2381 194 26 21 of
2418 194 37 21 the

1882 217 64 22 Duke
1956 218 28 21 of
1990 218 134 26 Wellington
2134 218 90 22 renders
2236 219 48 22 him
2300 220 111 27 obviously
2421 220 33 21 in-

1882 244 88 27 capable
1980 244 26 21 of
2018 244 37 22 the
2064 248 102 18 constant
2180 246 128 21 attendance
2323 246 43 22 and
2382 247 73 22 active

1882 270 151 27 participation
2042 270 25 22 in
2076 270 37 22 the
2123 271 89 22 debates
2226 272 72 21 which
2312 272 34 21 the
2357 273 98 22 ministe-

1882 296 39 22 rial
1930 296 123 28 leadership
2065 296 95 28 imposes
2175 305 29 14 on
2220 298 57 26 him;
2292 298 24 26 if,
2324 298 87 28 indeed,
2422 299 35 22 his

1882 322 78 23 official
1980 323 71 22 duties
2070 331 22 14 as
2112 324 247 22 commander-in-cluef
2373 325 26 22 of
2417 325 38 22 the

1882 356 68 20 army,
1962 349 38 22 did
2010 353 39 18 not
2058 350 80 22 render
2151 351 53 21 such
2222 358 12 13 a
2243 350 150 28 participation
2403 352 53 21 both

1882 376 124 26 impossible
2017 376 42 21 and
2074 376 116 28 improper.
2220 376 57 22 Lord
2287 377 140 22 Wharncliffe
2437 378 18 21 is

1882 402 69 22 found
1960 403 155 27 incompetent,
2127 404 53 21 from
2190 408 59 17 want
2260 404 25 21 of
2296 403 33 22 the
2339 411 117 20 necessary

1882 432 56 23 tact;
1956 429 43 21 and
2010 436 40 14 one
2067 437 59 13 more
2135 430 68 26 ready
2211 430 25 21 of
2248 430 82 26 speech,
2342 430 45 22 and
2396 438 61 14 more

1882 458 130 19 conversant
2031 456 49 21 with
2098 456 39 21 the
2154 456 89 27 general
2259 456 97 22 business
2376 456 26 22 of
2420 457 38 22 the

1882 486 151 21 government,
2044 483 19 20 is
2073 482 91 21 deemed
2179 490 123 20 necessary.
2329 484 34 21 Sir
2373 484 85 21 Robert

1882 509 52 20 Peel
1943 509 46 20 also
1999 508 56 21 finds
2065 508 92 22 himself
2166 509 150 23 embarrassed
2328 509 27 32 by
2365 510 38 22 the
2413 509 43 22 dif-

1882 534 91 22 ficulties
1989 535 24 21 in
2032 535 70 21 which
2118 535 60 22 Lord
2194 536 110 27 Stanley's
2317 543 101 20 presence
2433 537 24 21 in

1882 561 37 21 the
1938 561 118 21 Commons
2080 562 124 27 constantly
2222 562 74 27 places
2318 563 50 22 him.
2408 563 49 22 The

1882 587 65 22 noble
1962 587 50 22 lord
2025 587 19 21 is
2058 588 26 21 of
2095 592 37 17 too
2147 588 78 22 ardent
2241 592 162 24 temperament,
2415 590 43 22 and

1882 613 150 27 independent
2041 614 67 27 spirit,
2119 618 23 18 to
2152 614 63 22 allow
2231 615 90 22 himself
2331 618 20 18 to
2366 616 28 22 be
2405 623 52 15 con-

1882 640 60 22 fined
1951 640 77 22 within
2037 641 39 21 the
2083 640 69 22 limits
2166 641 24 21 of
2201 641 34 21 his
2250 649 48 14 own
2309 641 147 28 department;

1882 667 44 21 and
1935 667 19 21 is
1963 674 24 14 so
1996 667 57 21 little
2063 670 21 18 to
2093 667 28 22 be
2131 667 83 21 trusted
2229 668 22 21 in
2268 669 87 25 general
2371 669 86 27 debate,

1882 693 47 21 that
1939 693 37 21 the
1994 696 82 19 utmost
2091 693 51 22 skill
2159 693 25 22 of
2194 693 35 22 his
2244 694 74 22 leader
2332 695 127 22 sometimes

1882 719 47 22 fails
1940 723 23 18 to
1972 720 105 22 extricate
2086 719 48 23 him
2149 720 43 22 and
2203 719 36 23 the
2250 725 142 23 government
2401 722 58 21 from

1882 747 37 21 the
1930 753 162 20 consequences
2102 747 26 21 of
2140 747 33 21 his
2182 746 148 23 indiscretion.
2357 748 59 22 How
2425 749 34 21 far

1882 773 37 21 the
1928 773 65 21 latter
2008 772 43 22 evil
2065 773 72 21 would
2156 773 26 22 be
2199 773 114 27 mitigated
2328 774 28 27 by
2365 775 95 28 trusting

1882 799 60 22 Lord
1952 799 91 27 Stanley
2051 799 52 22 with
2114 799 36 23 the
2156 800 132 27 responsible
2295 804 46 25 post
2351 803 23 20 of
2383 801 76 22 leader

1882 826 25 22 in
1917 826 37 22 the
1967 826 76 26 Lords,
2055 833 51 20 may
2115 827 29 21 be
2160 827 94 21 doubted
2260 835 6 19 ;
2283 834 40 15 nor
2336 827 18 23 is
2363 828 18 21 it
2391 828 69 28 likely

1882 853 49 21 that
1940 852 37 22 the
1988 853 126 21 discordant
2129 854 105 21 elements
2251 853 26 22 of
2288 855 46 21 that
2341 855 117 28 assembly>

1882 879 73 22 which
1964 886 42 15 can
2020 879 97 28 scarcely
2128 880 27 22 be
2171 880 53 27 kept
2239 880 75 22 within
2330 881 84 22 bounds
2431 882 28 27 by

1883 906 38 21 the
1931 906 94 27 prestige
2035 907 25 20 of
2067 906 36 22 the
2115 906 65 22 Duke
2189 907 27 21 of
2224 907 153 26 Wellington's
2384 915 76 20 name,
2483 911 2 3 '

1883 933 46 21 and
1939 932 36 22 the
1993 933 80 21 almost
2086 933 86 21 martial
2189 933 113 26 discipline
2319 934 23 21 he
2360 934 101 22 enforces

1882 966 60 20 upon
1963 959 66 26 them,
2050 959 41 21 will
2110 959 82 22 submit
2211 963 23 17 to
2254 960 27 21 be
2302 958 15 12 tl
2323 960 34 22 led
2398 961 30 27 by
2446 968 15 15 a

1883 985 147 28 newly-made
2040 993 63 19 peer;
2114 985 50 21 who
2173 989 64 22 must,
2250 989 22 18 to
2282 993 13 14 a
2304 991 60 22 great
2373 991 85 23 extent,

1882 1012 28 22 be
1921 1013 101 26 ignorant
2032 1013 25 21 of
2068 1012 57 21 their
2135 1013 73 25 forms,
2220 1010 42 24 arid
2277 1012 28 22 be
2321 1013 101 23 destitute
2438 1015 26 21 of

1883 1039 39 21 the
1935 1038 111 23 influence
2062 1037 72 23 which
2148 1038 18 22 is
2181 1045 116 21 necessary
2307 1042 22 19 to
2342 1041 120 21 command

1883 1066 118 21 attention.
2004 1077 26 4 —
2034 1066 66 20 Globe.

1910 1099 61 22 Bell
1987 1100 65 21 Rock
2066 1100 157 23 Lighthouse.
2225 1112 31 6 —
2257 1101 85 27 During
2359 1101 37 23 the
2412 1102 46 22 late

1882 1126 73 27 heavy
1964 1126 61 28 gales
2034 1126 73 23 which
2117 1127 57 22 have
2184 1128 57 21 done
2250 1135 24 14 so
2290 1128 62 22 much
2363 1128 95 28 damage

1882 1156 23 19 to
1923 1153 107 27 shipping,
2042 1154 141 27 particularly
2192 1155 99 22 between
2307 1154 36 23 the
2352 1156 52 22 19th
2413 1156 47 22 and

1883 1179 55 22 23rd
1946 1179 47 27 ult.,
2002 1180 37 21 the
2048 1187 39 15 sea
2093 1188 77 20 sprays
2180 1188 86 20 appear,
2278 1182 30 24 by
2316 1182 33 21 the
2359 1182 101 28 monthly

1883 1210 87 18 returns
1979 1207 56 22 from
2044 1207 37 21 the
2091 1207 49 22 Bell
2151 1208 64 21 Rock
2225 1208 139 27 Lighthouse,
2371 1211 23 19 to
2403 1209 57 22 have

1882 1234 59 21 risen
1955 1241 59 19 upon
2031 1233 36 22 the
2081 1234 101 27 building
2197 1238 22 18 to
2229 1235 37 21 the
2281 1234 72 27 height
2366 1236 26 21 of
2403 1236 59 22 from

1882 1261 28 20 60
1920 1263 22 18 to
1952 1262 26 19 90
1988 1261 45 20 feet
2048 1267 66 20 every
2124 1261 51 21 tide.
2208 1261 69 22 While
2288 1261 42 22 this
2341 1261 72 28 heavy
2422 1269 38 16 sea

1883 1293 49 19 ran,
1943 1293 40 14 one
1994 1287 25 22 of
2026 1286 62 23 those
2097 1291 62 22 great
2168 1287 107 22 detached
2282 1295 77 15 masses
2366 1288 25 22 of
2397 1292 63 20 stone

1883 1312 96 23 familiar
1997 1316 22 19 to
2035 1313 37 22 the
2091 1313 148 27 lightkeepers
2257 1315 28 26 by
2305 1314 37 23 the
2357 1323 67 14 name
2438 1316 26 22 of

2074 1347 42 15 was
2138 1340 76 22 forced
2232 1348 73 15 across
2324 1341 33 22 the
2377 1343 85 27 rugged

1883 1366 87 22 surface
1988 1367 26 21 of
2029 1366 37 23 the
2085 1367 60 27 rock,
2163 1368 67 21 about
2246 1369 38 20 100
2303 1368 62 28 yards
2385 1372 21 19 to
2423 1369 38 23 the

1883 1392 132 28 lighthouse,
2026 1393 72 22 where
2106 1394 19 21 it
2140 1394 115 28 destroyed
2269 1399 50 23 part
2327 1395 22 22 of
2355 1395 38 22 the
2404 1398 58 20 cast-

1883 1420 48 21 iron
1942 1419 97 28 landing-
2042 1420 73 24 wharf.
2145 1420 52 22 This
2203 1424 61 19 stove
2273 1422 112 22 measured
2394 1423 69 22 about

1884 1447 14 22 7
1912 1446 45 22 feet
1966 1447 23 24 in
2004 1446 83 28 length,
2097 1449 27 24 3J
2140 1448 45 21 feet
2197 1448 24 21 in
2236 1448 99 28 breadth,
2345 1451 23 24 2J
2379 1450 46 21 feet
2434 1450 25 22 in

1884 1472 119 28 thickness,
2014 1474 45 21 and
2069 1478 57 18 must
2136 1474 56 22 have
2203 1475 97 27 weighed
2310 1476 63 22 about
2378 1477 16 20 4
2401 1479 58 20 tons.

1884 1500 33 22 To
1928 1504 92 24 prevent
2029 1500 104 23 mischief
2140 1502 28 26 by
2178 1501 36 22 the
2225 1505 124 19 movement
2360 1502 25 22 of
2398 1502 62 23 these

1884 1530 63 23 great
1964 1530 79 23 stones,
2064 1528 36 22 the
2118 1528 159 33 light-keepers
2297 1536 36 14 are
2353 1530 108 26 provided

1884 1554 55 21 with
1948 1560 79 21 quarry
2036 1554 62 28 tools,
2110 1554 53 23 with
2174 1554 71 23 which
2259 1556 54 26 they
2323 1556 66 21 broke
2403 1556 18 21 it
2431 1564 30 20 up

1885 1580 43 22 and
1945 1580 99 22 arrested
2056 1581 30 22 its
2100 1589 106 19 progress,
2224 1582 39 21 but
2276 1582 20 21 it
2310 1589 41 15 was
2364 1590 30 14 no
2409 1590 54 20 easy

1885 1607 50 22 task
1948 1607 55 22 from
2018 1608 37 21 the
2071 1615 41 15 run
2130 1608 26 21 of
2171 1608 37 21 the
2228 1616 44 15 sea.
2300 1608 47 23 The
2361 1609 102 23 heaviest

1884 1641 49 14 seas
1948 1634 71 22 which
2037 1634 52 22 visit
2102 1635 37 22 the
2154 1634 49 23 Bell
2217 1635 64 22 Rock
2295 1642 38 15 are
2350 1635 54 22 from
2422 1635 39 24 the

1885 1660 129 27 north-east,
2023 1661 39 22 but
2072 1661 36 22 the
2116 1664 89 24 present
2213 1662 49 26 gale
2269 1669 43 15 was
2321 1662 77 28 chiefly
2403 1663 59 23 from

1886 1687 37 22 the
1935 1686 141 28 north-west;
2093 1688 43 21 and
2144 1688 19 21 it
2169 1688 18 21 is
2196 1692 38 18 not
2245 1696 13 15 a
2267 1689 56 22 little
2328 1690 134 22 remarkable

1888 1714 50 22 that
1948 1714 35 21 the
1997 1714 61 21 Frith
2072 1715 26 21 of
2110 1714 68 23 Forth
2192 1722 42 15 was
2249 1716 40 22 but
2302 1716 53 21 little
2370 1716 94 23 affected

1888 1740 82 27 during
1980 1740 42 24 this
2032 1744 67 19 storm
2109 1742 69 21 above
2184 1742 36 22 the
2231 1742 76 23 Island
2317 1743 27 22 of
2349 1743 59 24 May.

1998 1799 350 24 MISCELLANEOUS.

2026 1850 62 20 notes
2106 1847 89 22 enliven
2293 1855 24 15 as
2332 1848 34 22 the
2378 1848 85 28 printer

1886 1874 47 21 said
1953 1874 62 21 when
2025 1881 14 14 a
2047 1874 128 22 remittance
2191 1881 62 16 came
2269 1876 34 21 for
2317 1875 58 22 three
2391 1875 72 28 years'

1888 1900 154 28 subscription.

1914 1928 22 21 A
1947 1927 168 22 Neighbourly
2130 1928 81 21 Trick.
2213 1939 27 4 —
2242 1928 45 22 Get
2302 1936 14 14 a
2328 1928 99 28 quantity
2443 1928 27 23 of

1886 1961 52 20 peas
1957 1954 44 21 and
2020 1958 61 23 steep
2095 1954 61 21 them
2171 1954 23 21 in
2211 1962 14 15 a
2238 1955 117 27 poisonous
2362 1955 103 27 solution,

1888 1980 45 21 and
1943 1983 63 18 strew
2015 1980 61 21 them
2085 1980 68 22 about
2162 1980 34 22 for
2213 1981 55 22 their
2282 1982 62 21 fowls
2358 1985 20 19 to
2394 1985 67 18 eat.—
2461 1993 6 5 •

1889 2007 100 26 Gallipot.

1917 2034 73 21 Adam
2000 2041 44 14 was
2053 2033 88 22 created
2150 2036 36 19 out
2202 2034 26 22 of
2237 2034 100 28 paradise
2343 2043 6 19 ;
2365 2035 48 22 Eve
2422 2042 45 15 was

1886 2061 89 21 created
1996 2061 22 20 in
2040 2060 24 21 it.
2107 2061 79 22 Hence
2209 2062 37 21 the
2265 2062 96 26 superior
2377 2062 85 27 bloom,

1886 2087 130 27 brightness,
2031 2087 44 22 and
2090 2088 81 27 beauty
2187 2088 70 21 which
2266 2095 67 20 every
2342 2088 69 23 where
2421 2089 44 22 dis-

1888 2114 99 26 tinguish
2001 2121 94 19 woman,
2111 2114 45 22 and
2171 2115 62 21 mark
2251 2114 39 23 her
2305 2116 51 21 with
2367 2122 61 15 more
2444 2116 27 22 of

1888 2140 36 23 the
1935 2142 73 26 purity
2018 2141 25 21 of
2054 2140 86 23 heaven
2160 2141 54 22 than
2230 2141 39 22 has
2279 2142 68 22 fallen
2357 2145 19 19 to
2386 2142 38 23 the
2433 2142 33 22 lot

1889 2167 25 22 of
1926 2175 59 14 man.

1938 2194 68 24 What
2022 2195 52 24 time
2084 2195 19 24 is
2116 2195 18 24 it
2152 2196 55 23 Tom
2213 2197 9 22 ?
2272 2197 51 22 Just
2333 2196 49 22 time
2392 2199 23 20 to
2424 2203 44 21 pay

1887 2220 49 23 that
1955 2221 56 25 little
2029 2224 53 22 debt
2097 2231 45 21 you
2151 2231 46 15 owe
2371 2223 96 22 indeed!

1888 2249 49 23 well
1946 2251 5 22 !
1970 2252 11 21 I
1992 2251 71 22 didn't
2072 2251 64 22 think
2144 2251 20 21 it
2173 2258 43 15 was
2232 2258 25 14 so
2272 2250 45 22 late
2327 2250 6 22 !
2349 2257 21 15 so
2390 2250 12 22 I
2421 2250 46 22 had

1888 2276 73 24 better
1968 2279 28 21 be
2006 2278 35 27 off,
2053 2285 24 14 or
2089 2278 10 21 1
2109 2278 57 21 shall
2175 2278 46 21 lose
2230 2285 39 19 my

1941 2305 89 27 Nabby,
2040 2304 93 22 where's
2144 2304 38 22 the
2192 2304 119 22 children's

1877 2333 2 30 i
1939 2332 67 22 Arn't
2015 2332 17 21 it
2041 2331 57 27 thar,
2110 2331 84 22 ma'am
2205 2332 10 21 ?

1983 2366 42 15 nor
2034 2358 83 22 bolster

2043 2384 34 23 O!
2100 2392 49 15 now
2170 2385 10 21 I
2200 2384 64 23 think
2287 2384 46 22 on't
2351 2384 85 27 ma'am,
2457 2384 13 22 I

1889 2419 66 21 guess
1965 2412 55 22 Miss
2031 2413 70 21 Susan
2110 2414 40 24 put
2160 2411 37 22 the
2206 2411 80 22 bolster
2296 2419 28 14 on
2333 2411 35 22 for
2373 2419 14 14 a
2396 2412 74 27 bustle,

1890 2450 27 4 —
1918 2439 46 22 and
1981 2446 49 15 now
2049 2438 12 22 I
2081 2438 63 22 think
2164 2438 47 22 on't
2225 2438 58 27 agin,
2302 2438 12 23 I
2328 2438 78 22 reckon
2415 2438 57 24 Miss

1890 2466 58 22 Jane
1957 2465 81 23 wore'd
2048 2468 38 19 out
2101 2465 37 22 the
2152 2465 45 22 bed
2211 2468 44 24 too,
2274 2466 59 21 'kase
2343 2465 34 22 she
2387 2465 45 22 had
2442 2473 29 14 on

1891 2500 28 15 an
1931 2492 58 23 orful
1997 2493 38 26 big
2044 2492 70 27 hump
2124 2492 44 21 this
2177 2492 99 22 mornin'.
2307 2492 20 21 O
2334 2492 5 22 !
2350 2492 59 22 these
2414 2491 55 28 gals,

1891 2520 88 26 ma'am,
1990 2526 68 15 never
2067 2518 52 23 seed
2129 2518 86 22 nothin'
2225 2518 45 22 like
2281 2518 50 22 'em.

1942 2548 22 20 A
1973 2546 74 22 horrid
2057 2546 59 21 front
2125 2544 53 28 they
2290 2552 25 15 as
2325 2544 37 23 old
2370 2545 53 22 Mrs.
2435 2544 36 23 W.

1891 2573 47 22 said
1960 2573 62 22 when
2039 2572 39 23 she
2097 2571 56 22 tried
2172 2575 23 18 to
2211 2575 82 19 torture
2309 2572 41 22 her
2364 2571 46 23 hair
2424 2572 48 21 into

1891 2600 101 28 ringlets.

1919 2628 23 21 A
1952 2626 54 22 hard
2017 2634 48 14 case
2076 2634 43 14 was
2128 2626 150 28 interrogated
2292 2625 38 22 the
2341 2626 60 21 other
2413 2626 58 21 Sun-

1893 2654 44 27 day
1956 2654 29 26 by
2003 2661 13 14 a
2032 2654 75 21 friend
2124 2653 51 22 who
2192 2653 45 22 had
2253 2653 47 27 just
2320 2659 51 15 seen
2385 2652 49 22 him
2450 2652 22 21 in

1893 2680 90 28 church,
1994 2680 41 22 but
2043 2680 74 22 whom
2125 2680 28 22 he
2163 2687 50 15 now
2227 2679 70 22 found
2313 2679 132 27 swallowing
2460 2686 12 14 a

1893 2708 59 26 glass
1963 2708 24 21 of
1998 2707 85 27 brandy
2092 2707 44 22 and
2145 2710 68 19 water
2220 2710 23 19 at
2253 2715 12 14 a
2272 2706 75 28 public
2353 2706 37 22 bar
2399 2706 73 26 room^

1916 2734 12 22 I
1938 2741 44 15 saw
1991 2741 45 20 you
2044 2734 25 22 in
2085 2733 83 23 church
2184 2734 41 21 this
2240 2733 111 27 morning,
2367 2732 105 27 listening

1894 2768 53 20 very
1958 2760 128 28 attentively
2097 2764 23 18 to
2130 2760 36 22 the
2177 2760 111 22 discourse
2305 2767 30 14 on
2351 2760 121 27 righteous-

1893 2795 50 14 ness
1954 2788 45 21 and
2009 2791 139 23 temperance
2149 2798 28 4 —
2178 2787 49 22 how
2237 2794 74 15 comes
2320 2786 18 23 it
2347 2787 12 22 I
2375 2793 47 16 now
2437 2793 35 14 see

1893 2821 44 21 you
1947 2814 53 22 here
2244 2813 81 27 always
2340 2813 61 22 thirst
2417 2813 55 25 after

2090 2849 43 14 was
2144 2841 40 21 the
2190 2840 69 27 reply.

1921 2868 15 10 '•
1944 2868 62 21 Back
2088 2875 24 14 as
2123 2868 36 21 the
2169 2867 71 22 bustle
2257 2866 47 23 said
2319 2869 22 20 to
2356 2866 34 22 the
2408 2866 64 28 petti-

1895 2897 56 17 coat.

663 147 61 14 some
734 140 25 21 of
769 139 38 22 the
816 139 56 22 New
882 138 98 22 Zealand
998 140 47 21 that
1061 140 11 21 I
1088 138 101 23 received
1198 139 23 22 in
1232 145 12 14 a

664 166 68 22 crude
748 169 54 18 state
819 173 24 13 as
858 168 73 24 strong
947 172 23 14 as
987 165 37 23 the
1039 166 43 27 day
1100 166 19 21 it
1137 173 44 14 was
1197 166 47 21 first

665 192 90 27 wetted;
769 199 61 14 some
846 190 121 32 specimens
983 192 113 27 impaired,
1109 192 46 21 and
1170 192 74 22 others

665 219 47 22 that
725 218 50 22 .had
790 218 128 26 undergone
933 219 141 26 preparation
1089 218 73 22 before
1178 218 66 26 being

665 245 100 27 shipped,
776 244 60 27 quite
845 244 43 21 lost
897 244 29 21 all
935 244 104 27 strength.

692 270 63 23 Until
766 270 60 23 these
840 270 82 22 defects
933 277 36 15 are
984 270 117 27 remedied,
1113 278 32 15 we
1162 274 83 19 cannot
1249 279 2 17 i

666 301 79 23 expect
754 298 47 21 that
811 296 37 22 the
858 297 127 22 Phormium
1001 298 77 21 Tenax
1094 304 42 15 can
1153 298 27 21 be
1190 298 54 22 used

664 324 35 21 for
708 324 37 21 the
755 324 55 21 finer
820 323 79 22 fabrics
907 331 5 18 ;
921 324 39 21 hut
966 324 35 21 for
1010 330 74 15 coarse
1093 324 88 22 articles
1190 324 54 22 such

665 357 24 15 as
704 350 41 21 sail
761 350 67 26 cloth,
839 350 106 26 sheeting,
962 350 92 26 diapers,
1068 357 102 16 common
1186 351 58 22 table

665 376 46 23 and
721 376 69 23 house
806 376 68 27 linen,
886 377 101 26 bagging,
1003 376 99 27 cordage,
1113 377 50 27 &c,
1173 378 48 26 &c,
1232 378 12 21 I

665 410 36 15 am
712 403 36 22 led
757 407 23 18 to
789 403 85 22 believe
884 404 29 26 by
924 402 35 23 the
970 403 103 26 majority
1082 402 25 21 of
1114 411 38 19 my
1162 411 83 14 corres-

665 429 113 27 pondents,
799 429 48 22 that
867 429 36 22 the
923 430 153 26 consumption
1095 429 44 22 will
1157 430 28 22 be
1203 430 42 22 im-

666 463 83 19 mense,
760 456 21 21 if
792 456 36 21 the
839 455 45 23 flax
893 463 41 14 can
943 451 11 14 N
950 463 26 14 oe
990 455 131 22 introduced
1139 460 23 18 at
1175 464 14 14 a
1197 464 47 14 mo-

666 482 76 22 derate
753 482 65 27 price.
848 482 12 21 I
870 482 55 22 have
935 485 39 18 not
984 489 13 14 a
1007 482 68 21 doubt
1085 481 23 22 of
1117 483 67 27 being
1193 483 49 22 able

666 512 23 19 to
699 516 92 20 prepare
801 509 38 20 the
847 509 57 22 Flax
918 509 23 21 in
955 508 56 22 New
1027 508 106 27 Zealand,
1145 510 71 27 equal,
1228 510 18 21 if

665 538 41 19 not
717 543 54 19 very
780 535 105 28 superior,
896 539 23 18 to
935 535 37 21 the
988 535 121 31 specimens
1127 536 12 21 I
1157 536 87 22 enclose
1249 533 2 34 J

666 561 53 22 with
727 569 73 20 yours,
813 564 21 19 at
845 568 13 15 a
867 564 46 19 cost
922 561 47 22 that
980 561 44 21 will
1030 568 67 19 prove
1107 563 137 27 satisfactory

666 591 24 19 to
701 589 30 21 all
741 589 87 26 parties,
840 590 79 26 except
926 587 37 23 the
973 587 96 22 Russian
1079 588 134 23 Merchants.

694 614 12 22 I
715 615 58 21 have
788 622 66 20 every
863 622 78 14 reason
955 617 23 19 to
994 613 87 23 believe
1096 615 49 22 that
1160 616 13 21 I
1188 615 56 22 have

666 641 129 22 discovered
809 641 38 21 the
865 648 63 15 cause
945 641 26 21 of
981 640 37 22 the
1033 640 89 29 defects,
1138 643 107 27 snapping

666 668 61 22 short
737 668 33 22 off
779 668 20 22 if
810 674 56 21 spun
875 675 54 20 very
938 666 49 27 fine,
1006 674 23 15 or
1043 667 98 28 forming
1155 669 59 22 what
1225 670 19 20 is

666 694 86 22 termed
762 694 71 27 twisty
842 701 61 20 yarn,
915 693 42 23 and
973 693 106 27 breaking
1089 698 22 18 at
1124 695 37 21 the
1171 695 71 27 knots,

666 720 47 22 also
723 721 99 26 undoing
832 721 63 22 when
912 721 64 21 made
989 721 49 21 into
1052 727 74 21 ropes;
1142 721 45 22 and
1202 729 42 14 can

665 754 93 20 prepare
767 747 18 22 it
793 747 25 22 fit
826 747 34 21 for
869 754 66 20 every
943 754 93 20 purpose
1042 747 23 21 in
1072 749 55 20 New
1137 748 105 27 Zealand,

666 773 81 23 should
757 774 10 22 I
778 781 28 20 go
816 773 69 27 there,
894 781 24 14 or
927 780 40 15 can
978 773 70 22 direct
1057 774 74 22 others
1142 778 22 18 to
1173 775 29 21 do
1212 782 30 14 so.

693 800 48 22 The
751 800 100 31 quantity
861 808 45 19 you
920 803 49 19 sent
982 807 37 14 me
1033 800 18 22 is
1061 807 23 15 so
1093 801 71 26 small,
1174 801 49 22 that
1233 801 10 22 I

666 826 39 22 did
715 830 38 18 not
763 827 70 26 weigh
842 827 18 21 it
866 835 6 18 ;
886 827 38 21 the
934 829 65 19 waste
1010 834 90 19 appears
1108 834 54 20 very
1171 828 71 22 small.

666 854 48 22 The
724 856 43 19 tow
776 860 45 21 you
831 853 44 22 will
883 853 100 28 perceive
992 853 18 22 is
1021 853 107 28 valuable,
1138 854 45 22 and
1192 855 51 26 will,

667 880 12 22 I
689 880 58 22 have
756 887 28 15 no
795 880 75 27 doubt,
879 887 64 15 cover
949 887 66 19 every
1023 887 94 19 expense
1123 881 25 21 of
1155 881 88 22 collect-

666 907 40 26 ing
715 907 45 21 and
769 907 116 28 preparing
894 907 37 21 the
945 907 69 27 plant,
1026 904 104 30 although
1141 907 11 22 I
1162 915 37 14 am
1209 908 34 21 in-

668 933 72 22 clined
750 937 22 18 to
782 933 64 22 think
855 934 17 21 it
881 933 45 23 will
939 937 39 18 not
994 933 29 21 be
1034 933 23 22 in
1071 940 24 15 so
1101 931 63 30 large
1174 942 13 14 a
1195 941 49 20 pro-

666 961 88 26 portion
768 961 58 21 from
841 960 61 27 large
917 960 134 27 machinery,
1061 967 25 15 as
1101 960 17 22 it
1134 961 19 21 is
1169 961 30 28 by
1207 968 37 20 my

666 994 54 20 very
729 987 64 21 small
802 986 92 23 models.

695 1014 11 21 I
730 1013 47 23 find
795 1021 37 19 my
851 1013 106 28 breaking
975 1013 102 23 machine
1094 1013 67 23 much
1184 1021 60 15 more

666 1040 107 27 powerful
782 1041 46 21 and
837 1040 94 22 efficient
941 1041 52 21 than
1004 1041 10 21 I
1030 1044 23 18 at
1068 1041 47 21 first
1131 1041 113 26 expected.

666 1067 48 21 The
731 1067 100 26 dressing
848 1067 99 22 machine
966 1067 12 22 I
997 1071 80 17 cannot
1089 1067 69 26 judge
1178 1067 26 21 of
1221 1074 23 14 so

666 1093 56 26 well,
739 1101 23 14 as
780 1094 10 21 I
806 1094 58 21 have
879 1097 39 18 not
931 1097 37 24 yet
984 1094 57 21 been
1056 1093 49 22 able
1114 1096 22 18 to
1148 1093 74 22 obtain
1232 1101 13 14 a

667 1120 112 21 sufficient
785 1121 102 26 quantity
897 1124 22 18 to
930 1123 41 19 test
980 1120 24 21 it.

695 1145 11 22 I
717 1146 70 22 found
801 1146 24 22 in
841 1146 38 22 the
894 1153 77 15 course
991 1146 27 22 of
1035 1153 39 20 my
1093 1147 151 26 experiments,

667 1172 49 22 that
736 1173 11 21 I
764 1172 65 22 could
842 1180 91 19 prepare
950 1180 42 14 one
1013 1173 131 27 description
1164 1173 26 22 of
1208 1173 36 22 the

667 1199 64 26 plant
738 1199 49 21 that
797 1199 72 21 would
879 1199 28 21 do
916 1206 23 14 as
950 1206 12 14 a
971 1199 116 22 substitute
1096 1199 33 22 for
1143 1199 48 22 hair
1199 1208 5 19 ;
1223 1207 23 15 as

666 1232 52 19 you,
729 1225 41 27 Sir,
781 1232 60 16 seem
849 1225 120 22 interested
978 1225 24 22 in
1011 1227 127 26 promoting
1147 1226 37 22 the
1195 1227 51 21 wel-

667 1252 48 22 fare
726 1253 24 20 of
762 1252 30 22 all
806 1251 122 23 connected
938 1252 51 22 with
1000 1254 54 20 New
1064 1252 105 27 Zealand,
1182 1253 11 21 I
1202 1252 44 22 will

667 1279 66 21 make
743 1286 30 14 an
783 1281 86 19 extract
884 1279 54 21 from
954 1286 12 14 a
980 1279 64 22 letter
1062 1279 12 21 I
1089 1279 101 22 received
1204 1279 42 22 this

667 1305 105 26 morning
788 1305 56 22 from
868 1312 13 14 a
903 1305 118 22 Yorkshire
1043 1306 175 22 manufacturer:
1220 1317 27 4 —

692 1332 68 22 What
778 1332 12 22 I
809 1331 56 23 shall
883 1331 113 23 introduce
1013 1332 18 22 it
1044 1332 54 27 into,
1114 1333 18 21 is
1147 1333 100 27 weaving

668 1358 100 27 figuered
784 1359 58 21 cloth
854 1359 36 21 for
900 1359 101 26 covering
1016 1358 78 27 chairs,
1113 1359 70 28 sofas,,
1197 1360 48 27 &c,

670 1385 45 22 and
732 1385 45 22 also
795 1386 35 21 for
847 1385 73 27 lining
938 1392 71 15 rooms
1016 1392 7 20 ;
1039 1385 37 21 the
1092 1385 58 22 cloth,
1159 1386 40 22 has
1210 1387 36 21 the

670 1419 137 20 appearance
816 1412 24 22 of
851 1412 101 27 polished
966 1412 67 22 silver
1047 1412 53 22 with
1116 1420 12 14 a
1143 1413 105 21 coloured

669 1446 65 20 warp,
745 1439 46 21 and
799 1439 19 21 is
828 1439 122 27 extremely
959 1442 76 23 strong
1042 1446 5 14 :
1063 1438 38 22 the
1111 1439 32 21 bit
1153 1440 25 21 of
1188 1438 60 23 cloth

670 1465 12 22 I
692 1472 44 16 saw
746 1472 44 15 was
800 1466 86 21 French
895 1465 160 22 manufacture.
1093 1465 12 22 I
1121 1473 40 15 can
1171 1473 75 15 weave

669 1492 51 22 four
729 1492 64 26 yards
803 1492 23 22 in
842 1500 14 14 a
980 1494 74 25 Query,
1070 1493 19 20 is
1102 1495 36 18 not
1154 1494 35 20 the
1204 1500 44 14 new

668 1520 77 25 fabric,
756 1521 47 19 said
811 1522 21 18 to
839 1521 23 19 be
870 1520 59 20 made
935 1519 26 26 of
965 1521 62 26 glass,
1037 1521 51 20 New
1094 1521 93 19 Zealand
1189 1523 56 24 flax.

672 1547 11 21 I
692 1546 43 22 will
745 1547 88 21 enclose
843 1555 13 14 a
866 1546 63 22 small
939 1547 31 21 bit
986 1547 25 21 of
1021 1548 18 20 it
1053 1547 106 28 prepared
1168 1551 34 18 lor
1211 1547 37 22 the

672 1573 61 23 chair
748 1580 83 15 covers.
874 1573 12 22 I
905 1580 40 15 can
964 1581 91 20 prepare
1073 1574 18 22 it
1107 1573 59 26 here,
1183 1576 23 20 to
1221 1575 27 21 be

670 1600 75 23 mixed
758 1600 58 27 with,
833 1607 24 15 or
872 1600 55 22 used
936 1608 23 14 as
969 1608 12 14 a
992 1601 115 21 substitute
1115 1601 35 21 for
1159 1601 48 21 hair
1215 1601 34 21 for

672 1628 88 27 stuffing
771 1628 76 26 chairs,
861 1630 130 25 mattrasses,
1002 1628 47 27 &c,
1062 1631 22 19 at
1094 1636 13 14 a
1117 1635 52 20 very
1177 1628 71 28 cheap

670 1659 54 19 rate.
768 1655 22 22 It
804 1655 44 22 will
865 1659 61 18 enter
942 1655 48 22 into
1007 1655 36 21 the
1063 1655 144 28 composition
1227 1655 23 23 of

672 1682 68 26 stuffs,
750 1689 109 20 moreens,
871 1682 98 27 damask,
986 1683 48 27 &c,
1048 1683 24 21 in
1086 1692 15 13 a
1114 1683 57 22 little
1187 1683 60 22 time.

673 1709 11 22 I
693 1716 41 15 can
746 1716 90 21 prepare
845 1710 18 21 it
873 1709 53 22 with
934 1718 14 13 a
957 1709 71 28 polish
1039 1711 65 21 much
1117 1710 69 22 easier
1195 1710 53 22 than

672 1736 97 26 without,
781 1736 44 22 and
834 1735 54 23 with
897 1736 66 22 much
973 1736 42 22 less
1025 1737 128 27 probability
1169 1740 23 18 to
1208 1737 41 21 im-

671 1763 48 26 pair
729 1763 36 21 the
775 1763 107 27 strength.
920 1763 49 22 You
985 1763 43 21 will
1045 1764 98 27 perceive
1158 1770 14 15 a
1188 1766 62 24 great

673 1789 116 22 difference
799 1790 24 21 in
833 1791 37 21 the
880 1790 75 22 colour
964 1790 24 21 of
1000 1789 37 23 the
1046 1790 121 27 specimens
1175 1798 5 19 ;
1199 1797 23 15 as
1237 1790 12 22 I

672 1816 102 22 received
784 1816 60 22 them
853 1816 57 22 from
921 1817 99 21 different
1030 1817 84 27 people,
1126 1817 10 21 I
1148 1824 40 15 can
1197 1816 52 28 only

673 1843 103 22 attribute
792 1843 17 21 it
824 1846 22 18 to
866 1843 101 22 varieties
982 1844 27 21 of
1020 1846 36 20 the
1071 1843 67 28 plant,
1150 1850 24 15 or
1183 1844 67 27 being

673 1874 37 18 cut
719 1871 23 20 in
753 1870 102 22 different
865 1873 70 24 stages
946 1871 24 20 of
981 1871 112 26 maturity.

701 1897 23 21 If
734 1904 46 19 you
788 1896 45 22 will
843 1897 28 21 do
880 1904 34 14 me
926 1897 36 21 the
971 1897 78 21 favour
1058 1900 22 18 to
1090 1897 160 22 communicate

673 1923 36 21 the
729 1926 100 18 contents
848 1923 26 21 of
900 1923 43 21 this
960 1923 187 22 communication
1165 1926 23 18 to
1208 1930 42 20 any

672 1949 127 28 gentlemen
823 1950 26 21 of
873 1956 56 20 your
951 1950 155 27 acquaintance
1130 1950 120 22 interested

673 1977 67 20 about
749 1976 56 21 New
814 1975 105 28 Zealand,
935 1976 12 21 I
961 1976 57 21 shall
1025 1977 45 20 feel
1081 1976 108 27 obliuged,
1196 1981 4 3 '
1206 1976 44 22 and

673 2002 56 22 shall
747 2001 57 22 have
823 2002 67 22 much
904 2001 99 28 pleasure
1020 2002 24 22 in
1060 2003 116 26 preparing
1190 2010 60 14 some

673 2036 60 14 more
744 2028 51 26 flax,
807 2028 63 22 when
879 2035 45 20 you
934 2035 39 15 can
982 2036 92 19 procure
1083 2029 25 21 it.

763 2054 12 23 I
786 2055 56 21 have
853 2054 36 22 the
900 2055 82 21 honour
993 2059 21 17 to
1023 2056 92 25 remain,
1128 2055 41 27 Sir,

833 2081 63 22 Your
905 2081 102 22 obedient
1017 2085 95 24 servant,

966 2108 95 23 George
1077 2109 28 21 R.
1119 2109 106 22 Farmer.

807 2168 162 23 NELSON
993 2167 122 24 NEWS.

1895 2955 79 23 SALE
1989 2955 38 22 OF
2049 2954 87 23 LAND
2150 2954 69 22 AND
2240 2954 233 23 MERCHANDIZE

2173 2993 28 14 BY

2067 3017 96 22 Public
2178 3018 129 22 Anction.

1899 3052 91 50 MR.
2006 3050 218 24 FITZHERBERT
2237 3051 44 22 will
2294 3051 41 22 sell
2354 3050 29 28 by
2397 3050 77 23 Public

1989 3078 104 27 Auction,
2105 3082 24 18 at
2136 3078 35 22 his
2182 3079 74 21 Stores
2263 3085 28 16 on
2302 3078 106 28 Saturday
2412 3081 62 24 next,

2107 3105 36 22 the
2153 3105 53 23 27th
2214 3106 58 26 inst.,

1896 3138 21 22 A
1943 3136 223 24 PRELIMINARY
2196 3137 130 23 SECTION
2355 3137 31 22 IN
2411 3137 65 22 THE

2007 3163 128 23 VALLEY
2149 3164 40 22 OF
2203 3164 63 22 THE
2282 3164 90 27 HUTT,

1896 3196 89 23 divided
1995 3197 48 22 into
2062 3196 141 27 Allotments,
2215 3196 99 27 together
2326 3196 52 23 with
2389 3204 14 14 a
2417 3204 59 15 com-

1894 3223 60 29 plete
1980 3224 43 21 and
2054 3223 152 22 commodious
2233 3223 87 28 Family
2347 3223 128 27 Residence,
2484 3235 2 11 ■<

1895 3250 97 23 situated
2004 3257 28 15 on
2043 3257 14 14 a
2065 3254 51 23 part
2126 3250 24 21 of
2163 3250 39 22 the
2215 3257 61 15 same
2285 3250 93 28 Section,
2387 3250 44 23 late
2441 3250 37 23 the

1895 3277 117 22 residence
2022 3277 27 22 of
2057 3277 29 22 H.
2098 3277 110 27 Moreing,
2219 3278 52 27 Esq.

2164 3318 63 19 ALSO,

1924 3343 23 22 A
1975 3341 209 24 VALUABLE
2211 3343 110 22 TOWN
2348 3343 104 26 ACRE,

1897 3375 95 22 situated
2013 3382 29 15 on
2067 3375 111 22 Taranaki
2199 3375 44 22 and
2263 3375 105 27 Tngestrie
2389 3375 87 21 Streets.

1896 3402 48 22 The
1954 3402 69 22 Town
2034 3404 59 19 Acre
2104 3402 45 22 and
2157 3402 96 28 Country
2261 3402 87 22 Section
2359 3401 52 22 have
2417 3400 58 22 been

1893 3428 138 28 jndiciously
2041 3428 151 28 sub-divided,
2200 3428 34 22 for
2244 3429 37 21 the
2291 3427 184 23 accommodation

1897 3455 24 22 of
1928 3455 139 28 purchasers,
2078 3456 31 27 by
2121 3456 94 27 Captain
2224 3454 76 24 Smith.

2102 3497 73 15 AFTER
2194 3497 84 19 WHICH,

1898 3524 23 22 A
1949 3524 147 22 VARIETY
2125 3523 44 22 OF
2197 3519 288 27 MERCHANDIZE,.

1898 3555 122 27 consisting
2030 3555 25 21 of
2064 3555 53 22 Port
2126 3555 45 22 and
2180 3555 81 26 Sherry
2272 3554 66 21 wines
2349 3551 31 27 (in
2389 3551 85 26 bottle),

1896 3583 110 27 herrings,
2025 3589 73 20 sugar,
2117 3584 43 24 tea,
2185 3581 75 27 coffee,
2278 3580 52 25 rice,
2352 3577 133 28 negroheacU

1898 3609 100 27 tobacco,
2010 3609 71 21 chair's
2091 3607 101 28 (English
2203 3607 81 26 made),
2293 3604 85 27 churns,
2387 3604 88 28 pickles,

1898 3635 99 28 candles,
1997 3638 4 7 1
2016 3639 58 24 nuts,
2088 3642 64 20 jrugs,
2165 3658 3 4 ,
2173 3640 108 19 moreens,
2288 3656 3 3 .
2300 3631 65 27 slops,
2385 3631 91 22 window

1898 3662 67 28 glass.
2189 3668 3 6 '
2384 3677 4 7 ,
2438 3673 4 5 >
2454 3663 3 3 '

1925 3689 48 22 The
1973 3684 3 11 1
1984 3689 48 22 Sale
2044 3688 46 23 will
2098 3693 127 17 commence
2235 3689 22 18 at
2272 3684 105 27 halfrpast
2391 3683 95 32 Jwelve.

1900 3713 99 25 o'clock.'
2081 3735 4 4 .
2141 3725 83 18 -„.•.•<
2298 3729 2 6 •
2359 3734 4 4 •
2377 3710 58 29 .•'*"-
2450 3720 36 18 ■■>>

2015 3761 3 4 ,
2040 3760 3 4 .
2089 3741 126 28 'terihs,a*
2222 3755 2 6 Isai.e.1
2231 3746 63 15 sai.e.
2328 3751 10 8 .•
2378 3758 10 11 r
2391 3746 3 18 ;
2414 3746 2 5 '
2427 3745 5 20 i
2444 3750 42 13 j<n;.

1992 3768 69 27 Plans
2076 3773 44 22 and
2134 3770 85 23 further
2232 3769 144 23 information
2394 3769 92 27 wiHibe>

1900 3800 115 22 furnished
2034 3807 28 14 on
2081 3797 139 30 application,
2232 3800 23 18 to
2278 3796 45 25 the,
2340 3792 146 27 Auctioneer?.

1901 3827 53 27 Any
1964 3827 94 27 .parties'
2065 3825 97 26 desirous
2177 3823 26 22 of
2217 3823 89 28 visiting
2314 3842 3 5 .
2330 3823 37 23 the
2383 3823 103 33 Cbuntify'

1902 3852 62 23 Land
1973 3852 45 22 will
2025 3852 89 24 receive.
2117 3858 69 19 ..every
2196 3849 143 24 information
2347 3858 29 15 on
2382 3850 35 22 the
2422 3854 57 24 spot,
2481 3849 5 21 1

1897 3878 33 28 by
1938 3878 104 28 applying
2051 3881 23 19 at
2083 3877 44 22 Mr.
2139 3875 256 29 Moreing'^residence,
2435 3885 15 13 v.
2448 3878 6 9 1
2457 3879 29 18 ..'..

2231 3910 36 23 W.
2281 3910 172 25 FITZHEKBERT,

1931 3943 63 27 April
2003 3944 34 25 26,
2048 3943 61 21 1843.
