2590 4039
617 503 222 37 PUBLISHED
885 504 133 37 EVERY
1063 505 258 39 WEDNESDAY
1366 507 87 39 AND
1499 508 230 40 SATURDAY
1775 511 206 39 MORNING.

651 618 112 30 PORT
785 618 259 38 NICHOLSON,
1058 620 228 32 SATURDAY
1309 622 213 37 MORNING,
1543 625 228 32 FEBRUARY
1797 631 47 33 10,
1872 633 86 26 1844.

2298 635 96 40 [Vol.
2417 636 52 33 IV.

1262 62 96 32 THE

93 109 460 132 NEW
657 114 879 134 ZEALAND
1643 124 866 137 GAZETTE

1273 278 102 32 AND

88 310 1169 166 WELLINGTON
1374 310 1169 166 SPECTATOR.

124 619 62 30 No.
209 617 90 38 323.]

141 712 54 20 For
208 710 165 26 Valparaiso
388 709 56 20 and
458 709 125 25 London,

86 746 105 29 s/±fexL;
225 753 43 26 rp
273 751 46 22 HE
325 751 44 21 fine
374 750 44 22 fast
425 750 81 27 sailing
512 751 55 22 A.I.
573 751 85 27 barque

107 771 109 41 Se-JBL
232 779 29 21 J-
334 778 234 27 HIMALAYA,

82 799 142 38 /4fi|Eß^
237 804 40 22 447
296 807 58 24 tons,
374 804 31 21 H.
427 804 61 22 Burn
506 805 152 27 commander,

80 826 145 39 mßttSßm
239 839 17 14 w
258 832 24 22 *^
291 839 11 15 s
344 837 28 15 on
382 830 18 22 **
400 838 21 14 le
489 832 9 21 i
500 834 63 20 nstan
566 835 15 17 *-
611 832 49 21 Has

237 865 54 20 very
302 858 99 28 superior
410 858 204 21 accommodations
623 858 37 21 for

237 885 66 21 cabin
325 883 46 23 and
395 887 100 24 steerage
519 891 139 21 passengers,

75 914 40 23 and
124 912 104 27 carrying
237 919 28 13 an
275 910 150 29 experienced
435 911 109 27 Surgeon,
555 910 79 22 affords
645 918 14 14 a

78 944 53 20 most
140 939 88 27 eligible
246 937 144 29 opportunity
406 937 36 22 for
457 938 84 26 parties
553 938 106 26 proceed-

74 969 36 26 ing
118 971 22 17 to
150 966 38 22 the
197 966 71 21 above
279 968 69 24 ports.

100 1000 41 23 For
160 999 81 27 freight
260 1006 26 14 or
305 1004 98 22 passage,
420 997 68 28 apply
505 1001 23 18 to
544 997 36 22 the
599 1005 61 14 com-

76 1026 88 25 mander
173 1033 29 14 on
213 1025 76 27 board,
300 1032 26 15 or
334 1028 25 19 to

279 1066 134 26 RIDGWAYS,
431 1065 109 27 GIJYTON,
555 1065 20 22 &
590 1065 38 22 Co.

98 1101 112 26 February
221 1099 97 28 6,1844.

92 1155 153 25 Important
258 1153 56 20 and
328 1152 120 26 Eligible
462 1152 180 20 Investment.

76 1186 62 51 TO
148 1186 39 21 BE
198 1185 79 22 SOLD
289 1192 30 14 by
332 1183 140 24 PRIVATE
483 1176 173 39 CONTRACT,

130 1213 24 22 in
170 1218 156 21 consequence
343 1211 26 21 of
380 1210 38 22 the
435 1214 91 23 present
535 1211 123 27 proprietor

307 1237 94 27 retiring
407 1245 6 18 ;

136 1280 45 15 THE
191 1280 119 14 VALUABLE
324 1278 136 16 LEASEHOLD
475 1278 112 15 PREMISES

98 1300 51 22 held
159 1303 22 18 at
192 1307 13 14 a
220 1299 43 21 low
272 1298 90 28 ground
379 1301 56 24 rent,
448 1298 133 27 comprising
591 1298 38 22 the

263 1331 75 22 SHIP
354 1330 107 22 HOTEL

73 1361 21 21 in
113 1360 192 25 Manners-street,
325 1357 145 27 Wellington,
487 1357 51 22 well
552 1357 103 27 situated,

73 1387 42 22 and
122 1387 23 20 in
157 1393 66 19 every
231 1387 89 25 respect
333 1384 96 22 suitable
446 1384 35 21 for
498 1384 160 27 commanding

73 1421 13 14 a
94 1414 101 21 first-rate
204 1412 103 22 business
314 1420 7 18 ;
337 1411 38 22 the
390 1410 118 27 adjoining
517 1411 106 27 premises
632 1411 24 21 in

73 1440 35 22 the
115 1439 129 27 occupation
253 1439 26 21 of
290 1439 45 21 Mr.
350 1437 80 22 Murch
448 1437 45 22 and
503 1439 45 20 Mr.
560 1437 95 27 Minifie,

73 1467 68 22 sublet
153 1470 21 17 to
191 1465 60 22 them
267 1468 23 18 at
305 1464 89 27 ground
408 1468 74 23 rents;
499 1467 44 19 two
558 1468 99 23 cottages

119 1492 111 27 attached,
241 1492 45 22 and
294 1492 39 22 the
345 1491 103 26 spacious
458 1491 45 21 and
514 1491 89 26 elegant

281 1524 158 26 THEATRE,

73 1552 94 27 recently
177 1551 88 23 erected
274 1554 24 20 at
307 1554 64 24 great
383 1557 99 21 expence
493 1550 23 23 in
529 1550 36 22 the
573 1558 50 15 rear
633 1551 27 21 of

73 1580 34 22 the
117 1579 75 22 Hotel.

97 1614 37 21 An
143 1613 149 28 enterprizing
308 1611 112 29 capitalist
434 1611 76 22 would
520 1611 48 22 find
576 1611 24 21 in
611 1611 45 22 this

72 1643 100 24 property
181 1647 28 14 an
227 1641 144 26 opportunity
380 1638 34 21 for
430 1639 136 21 investment
581 1639 75 27 rarely

72 1672 20 16 to
100 1667 27 21 be
137 1670 44 18 met
190 1667 60 26 with,
261 1667 45 21 and
324 1665 72 22 which
406 1668 61 18 must
474 1672 70 20 prove
555 1672 13 15 a
576 1672 79 15 source

72 1694 24 21 of
104 1693 79 22 wealth
194 1696 23 19 to
228 1693 36 22 the
278 1693 130 28 purchaser.

96 1726 92 23 Further
202 1726 133 28 particulars
350 1733 52 19 may
412 1725 29 22 be
459 1725 107 22 obtained
575 1733 28 14 on
615 1733 40 20 op-

70 1754 101 26 plication
182 1757 22 18 to
216 1754 43 21 Mr.
270 1754 84 22 Fuller,
366 1759 28 14 on
410 1752 39 21 the
465 1752 113 27 premises,
589 1759 25 15 or
630 1757 25 17 to

71 1781 88 21 Messrs.
170 1780 103 27 Holroyd
282 1780 46 22 and
340 1779 65 27 Hart,
417 1779 118 27 solicitors,
546 1779 31 22 Te
588 1780 55 21 Aro.

95 1814 124 21 December
227 1815 33 24 30,
273 1815 62 20 1843.

71 1859 36 20 To
121 1859 59 25 Let,
194 1859 85 25 ready
292 1858 164 24 Furnished,
470 1857 70 22 with
558 1858 97 21 imme-

230 1886 75 20 diate
320 1884 170 28 possession,

71 1918 89 34 rpHE
175 1919 106 22 HOUSE
294 1919 27 21 in
340 1917 109 23 Manners
468 1919 80 26 Street,
564 1925 50 15 now
629 1918 25 22 in

77 1940 26 26 JL
140 1945 38 22 the
192 1947 134 26 occupation
341 1945 27 21 of
379 1945 38 22 the
431 1945 157 27 undersigned,
600 1952 55 14 con-

68 1971 75 27 sisting
164 1972 24 21 of
205 1972 107 27 drawing,
335 1971 86 26 dining,
447 1971 44 22 and
514 1972 43 21 bed
581 1978 72 20 room,

68 1998 87 22 kitchen
166 1999 62 20 fitted
237 1999 50 20 with
299 1997 111 21 excellent
414 2004 69 18 range
495 1997 46 21 and
549 1997 102 25 dresser?,

70 2025 42 19 and
127 2027 100 17 servants
241 2030 63 14 room
324 2022 110 27 attached,
452 2022 103 27 together
571 2022 54 22 with
639 2030 15 14 a

70 2053 55 18 store
134 2056 60 15 room
206 2049 44 22 and
260 2050 58 21 wine
327 2048 75 24 cellar.

96 2076 53 22 Also
169 2084 28 14 an
218 2076 104 22 enclosed
341 2079 68 23 court,
430 2075 118 22 furnished
568 2075 53 22 with
640 2084 15 13 a

70 2110 65 21 pump
145 2103 25 21 of
176 2103 59 26 good
245 2107 73 22 water,
330 2110 13 14 a
354 2103 134 21 two-stalled
498 2103 78 26 stable,
589 2103 45 21 and
641 2110 13 14 a

71 2137 48 19 very
131 2129 134 22 convenient
274 2130 126 22 out-house.

96 2157 45 21 The
150 2157 70 21 house
229 2157 18 21 is
257 2156 93 22 bricked
364 2156 80 26 round,
457 2156 46 21 and
513 2156 38 22 the
564 2156 91 22 interior

71 2183 37 21 lias
126 2184 56 21 been
202 2183 72 28 newly
293 2183 99 28 papered
410 2183 46 21 and
474 2182 99 27 painted.
606 2183 49 21 The

72 2210 102 22 furniture
190 2211 17 20 is
226 2210 78 27 nearly
320 2217 55 19 new,
392 2210 47 21 and
454 2209 38 22 the
508 2216 73 15 rooms
590 2209 63 23 fitted

72 2237 48 21 with
131 2237 132 21 convenient
272 2241 83 23 grates.

96 2264 75 22 Terms
183 2271 28 14 on
222 2263 137 29 application
369 2267 22 17 to

326 2290 112 22 William
454 2290 173 22 Fitzherbert.

96 2323 100 27 January
206 2324 35 25 16,
251 2324 63 21 1844.

216 2373 113 21 Wairau
354 2373 151 20 Massacre.

72 2406 184 49 RECEIVED
271 2406 45 22 this
331 2406 44 26 day
384 2406 59 21 from
460 2405 94 27 Nelson,
565 2405 44 22 and
627 2413 29 14 on

146 2433 50 22 Sale
216 2437 24 18 at
256 2432 46 23 this
322 2432 80 27 Office,
413 2439 14 14 a
447 2432 141 28 supplement
606 2439 52 15 con-

70 2460 81 27 taining
160 2467 14 15 a
183 2463 61 19 most
251 2460 107 22 valuable
368 2462 97 19 account
481 2459 25 22 of
515 2459 39 22 the
564 2459 92 22 Wairau

72 2486 117 23 Massacre.

117 2519 96 21 Gazette
247 2518 79 28 Office,
338 2517 103 28 January
451 2519 33 25 23,
498 2519 59 21 1844.

252 2569 93 27 Cheap
360 2568 105 21 Paints.

70 2602 282 48 WNORGROVE,
373 2601 63 22 Plain
451 2601 45 22 and
510 2601 148 22 Ornamental

138 2639 10 11 •
180 2629 77 22 House
268 2629 46 22 and
322 2630 54 25 Sign
390 2629 96 26 Painter,
496 2628 108 22 Plumber
611 2629 45 21 and

70 2654 86 26 Glazer,
168 2656 111 21 Lambton
291 2657 73 26 Quay,
374 2655 42 21 has
426 2655 35 21 for
472 2655 46 22 sale
528 2663 5 14 :—:
535 2666 27 4 —

93 2681 83 22 Read's
188 2683 56 21 Anti
253 2683 115 21 corrosion
386 2681 35 22 for
440 2681 107 27 shingles,
558 2681 100 22 weather

68 2707 87 28 boards,
174 2709 155 26 Agricultural
348 2707 150 28 implements,
521 2709 48 26 &c,
590 2709 66 21 white

67 2734 43 22 and
128 2735 41 21 red
186 2735 58 25 lead,
263 2735 28 22 oil
308 2734 46 23 and
370 2733 92 28 colours,
480 2735 99 26 varnish,
596 2735 60 26 glue,

67 2761 97 26 whiting,
172 2761 41 22 &c.
234 2761 128 22 Wholesale
372 2760 44 22 and
426 2761 66 21 retail
502 2764 25 19 at
535 2761 37 22 the
579 2761 80 23 lowest

68 2788 77 26 prices.

93 2815 92 21 Colours
195 2814 28 21 of
232 2822 67 19 every
310 2813 136 28 description
456 2814 33 22 ftr
498 2815 90 27 Artists,
601 2815 41 22 &c.

93 2841 102 27 January
207 2842 34 26 11,
253 2843 61 20 1844.

297 2891 129 27 Wanted,

68 2926 48 47 A
152 2924 129 28 STEADY,
322 2924 141 28 industrious,
500 2924 155 28 middle-aged

143 2959 87 14 woman
241 2959 22 14 as
274 2951 140 22 housemaid.

93 2982 62 22 None
167 2983 56 21 need
234 2984 65 26 apply
308 2982 91 23 without
408 2990 13 14 a
430 2983 60 27 good
501 2983 121 22 character.

93 3015 141 26 Application
247 3018 21 18 to
277 3015 29 23 be
316 3013 66 24 made
392 3017 23 19 to

371 3050 133 24 Barrett's
533 3053 90 21 Hotel.

93 3076 113 29 February
214 3078 22 27 5,
248 3079 62 21 1844.

212 3125 39 19 To
266 3125 34 20 be
316 3123 67 22 Sold
397 3124 101 27 Cheap.

67 3156 47 47 A
141 3156 152 28 COTTAGE,
302 3156 125 28 pleasantly
432 3156 106 28 situated,
548 3158 105 21 contain-

138 3183 38 26 ing
185 3183 159 27 sitting-room,
355 3183 127 27 bed-room,
494 3184 49 22 and
552 3184 100 28 kitchen,

67 3208 50 22 with
133 3216 15 14 a
163 3208 52 23 well
230 3210 124 22 cultivated
366 3210 92 26 garden.
503 3211 44 21 For
565 3211 88 22 further

68 3234 134 28 particulars,
214 3236 65 27 apply
295 3239 24 20 to
336 3236 46 23 Mr.
401 3237 57 27 Roe,
474 3240 24 19 at
512 3238 38 22 the
566 3239 88 21 Gazette

68 3261 67 23 office.

91 3295 112 28 February
213 3296 21 26 6,
249 3296 65 22 1844.

67 3348 36 22 To
119 3351 163 20 Gentlemen
296 3351 149 27 intending
458 3353 29 20 to
502 3355 76 20 enter
591 3356 60 20 into

92 3376 42 22 the
162 3377 146 26 profitable
335 3378 111 25 pursuit
474 3379 31 20 of
531 3381 122 28 Grazing

92 3404 53 20 and
165 3404 138 27 Breeding
322 3404 92 24 Stock,
436 3404 43 22 for
499 3406 88 23 which
606 3410 45 20 the

93 3429 85 23 fertile
198 3431 112 21 Islands
331 3429 32 23 of
378 3430 71 22 New
466 3432 121 23 Zealand
606 3441 45 16 are

92 3461 29 15 so
136 3457 151 28 peculiarly
301 3458 129 25 adapted.

68 3482 88 23 n^HE
166 3484 155 27 undersigned
327 3485 46 26 beg
381 3486 23 20 to
411 3483 85 23 inform
505 3484 58 23 their
568 3486 85 24 friends

74 3507 28 23 X
134 3510 44 22 and
194 3511 39 22 the
247 3511 76 31 public
339 3511 123 27 generally,
479 3511 50 22 that
545 3512 52 28 they
606 3515 46 22 will

68 3538 96 21 contract
185 3537 37 22 for
239 3537 38 23 the
302 3538 102 28 delivery
428 3537 28 23 of
475 3537 39 23 the
539 3539 114 29 following

68 3560 129 31 description
209 3564 27 22 of
242 3564 75 29 Stock,
324 3566 26 22 in
357 3572 45 21 any
412 3565 55 22 Port
476 3565 27 22 of
515 3565 39 22 the
563 3566 90 24 Islands

58 3589 2 24 i
69 3587 24 21 of
97 3588 53 24 New
161 3591 112 22 Zealand:
275 3603 30 5 —

93 3615 92 24 Horned
199 3618 68 22 cattle
284 3618 127 29 (improved
424 3618 91 28 breeds)
531 3619 26 22 of
568 3619 30 22 all
614 3620 39 22 de-

69 3642 118 30 scriptions,

93 3668 87 35 Horsesj
202 3671 56 22 from
280 3674 41 21 the
342 3672 52 22 best
411 3673 96 27 English
528 3673 45 22 and
588 3673 64 23 Arab

68 3695 63 28 studs,
147 3698 99 23 suitable,
256 3699 35 22 for
310 3699 86 27 racing,
411 3700 85 28 saddle,
507 3707 27 15 or
544 3700 92 23 harness
643 3709 6 19 j

68 3721 40 22 and
115 3723 108 29 breeding
231 3732 81 21 mares,
421 3740 3 3 ■
446 3740 3 3 •

93 3747 53 25 Pure
156 3751 76 23 Saxon
242 3752 45 21 and
292 3751 91 23 merino
393 3760 65 20 ewes,

77 3800 5 5 .
92 3774 116 26 Half-bred
223 3778 115 23 Leicester
352 3779 45 22 and
411 3779 89 22 merino
519 3788 68 19 ewes/
598 3789 53 21 par-

67 3802 97 29 ticularly
173 3805 99 28 adapted,
281 3805 39 22 for
326 3805 44 22 this
379 3808 102 25 country,
485 3813 32 16 .as
526 3807 54 29 they
586 3809 63 22 unite

67 3829 75 25 weight
151 3831 26 21 of
183 3838 86 16 carcass
279 3833 54 21 with
342 3831 98 23 fineness
450 3833 26 21 of
482 3834 66 27 wool,

58 3862 2 28 j
90 3855 45 22 The
157 3858 151 28 undersigned
331 3866 42 15 can
401 3860 168 24 accommodate
595 3869 54 21 pur-

66 3881 83 24 chasers
164 3885 25 21 of
202 3885 58 22 their
269 3885 69 23 Stock
354 3885 54 22 with
425 3886 116 24 extensive
555 3887 93 26 grazibg

58 3923 2 18 ;
63 3912 57 24 nms,
131 3909 76 24 within
218 3913 40 22 100
267 3913 65 22 miles
341 3912 27 22 of
374 3912 44 22 this
428 3913 61 22 Port.
502 3913 3 5 '
570 3924 5 4 -

281 3957 6 3 -
319 3944 36 23 W.
370 3944 26 23 B.
411 3944 97 23 Rhode&
522 3946 49 22 and.
580 3947 39 23 Co.

935 713 109 19 Notice.

697 743 90 48 THE
810 743 151 28 undersigned
980 748 101 24 requests
1099 746 30 21 all
1154 747 83 27 parties
1259 746 23 21 in

769 770 59 22 New
839 770 100 22 Zealand
955 774 23 18 to
997 771 93 22 liberate
1105 772 59 22 their
1178 774 105 22 different

693 796 122 27 properties
825 797 77 22 within
914 799 27 20 14
952 797 54 27 days
1017 798 57 21 from
1084 798 44 22 this
1138 799 57 27 date,
1208 800 75 22 other-

694 823 51 22 wise
761 823 54 27 they
823 824 45 21 will
884 824 28 21 be
929 823 49 22 sold
994 827 22 18 to
1034 832 41 20 pay
1085 825 38 22 the
1141 833 110 21 expences
1261 826 22 21 of

693 850 91 26 repairs.

720 881 39 21 All
768 889 92 19 persons
868 882 108 22 indebted
990 885 23 19 to
1028 882 39 22 the
1081 883 153 28 undersigned
1243 892 38 14 are

694 908 120 26 requested
837 912 22 18 to
884 915 43 21 pay
952 908 57 22 their
1031 911 122 26 respective
1177 914 104 19 amounts

693 933 165 29 immediately;
875 936 44 20 and
929 934 31 22 all
975 942 93 21 persons
1077 936 84 27 having
1171 938 77 22 claims
1258 941 23 18 to

693 960 56 22 send
763 962 22 20 in
799 961 57 22 their
872 962 124 27 respective
1012 966 106 19 accounts
1133 964 34 22 for
1183 965 100 27 negotia-

694 988 54 21 tion.

924 1015 88 22 Joseph
1030 1016 141 28 M'Gregor,

1076 1050 178 23 Watch-maker.

719 1082 188 28 Lambton-quay,
919 1083 54 21 Feb.
983 1083 19 27 7,
1015 1085 60 21 1844.

693 1134 67 49 TO
776 1134 66 27 LET,
856 1142 14 14 a
882 1136 153 22 commodious
1051 1137 78 21 House
1147 1145 28 14 on
1191 1138 32 22 Te
1235 1137 46 21 Aro

767 1161 58 27 Flat,
837 1162 53 21 with
900 1162 85 26 garden
995 1163 87 27 ground
1093 1164 113 27 attached,
1212 1164 69 26 lately

692 1188 107 27 occupied
809 1188 30 27 by
849 1189 45 21 Mr.
907 1189 107 22 Wallace.

717 1214 45 22 For
772 1214 139 28 particulars,
922 1216 69 27 apply
1001 1219 24 19 at
1035 1217 37 21 the
1085 1218 88 20 Gazette
1182 1217 71 22 office.

717 1247 129 21 December
854 1249 35 23 12,
901 1249 63 21 1843.

878 1300 36 22 W.
930 1301 34 21 M.
980 1301 107 26 SMITH,

691 1344 57 15 LATE
759 1344 240 16 SURVEYOR-GENERAL
1009 1345 28 15 TO
1049 1346 45 15 THE
1110 1347 51 15 NEW
1176 1346 104 16 ZEALAND

928 1372 116 19 COMPANY,

717 1402 144 26 Surveyor,
876 1403 213 26 Draughtsman,
1105 1405 55 20 and
1174 1405 78 20 Land

936 1430 102 26 Agent.

689 1464 178 27 Tinakori-road,
880 1464 101 28 January
994 1467 20 25 4,
1028 1468 60 21 1843.

836 1515 34 22 H.
901 1515 234 29 HARDEMAN,

712 1550 94 21 Tailor
821 1551 55 20 and
890 1550 112 26 Draper,
1018 1551 235 27 Lambton-quay.

853 1604 115 27 Superfine
980 1605 72 27 Coats,
1064 1605 57 22 from
1136 1606 34 24 £3
1185 1608 13 19 0
1212 1608 13 19 0

689 1635 115 28 Superfine
816 1636 101 22 Doeskin
929 1636 118 27 Trowsers,
1064 1637 56 22 from
1135 1638 32 23 £1
1184 1639 13 20 5
1211 1640 14 19 0

715 1675 65 15 HADE
790 1676 28 15 TO
828 1677 108 14 MEASURE
937 1680 28 4 —
967 1677 42 14 FOR
1018 1677 57 15 CASH
1086 1678 30 14 ON
1127 1678 124 14 DELIVERY.

689 1720 124 25 Country
827 1720 127 21 Sections
976 1722 43 19 for
1039 1721 61 20 Sale
1124 1727 37 15 on
1180 1722 100 20 Libera

934 1747 104 20 Terms.

689 1772 165 49 SEVERAL
890 1772 102 23 Sections
1020 1774 26 21 of
1077 1774 101 28 Country
1207 1774 72 27 Land,

753 1799 92 27 already
854 1799 82 22 chosen
947 1800 24 21 in
982 1800 38 21 the
1034 1800 93 23 Porirua
1141 1801 93 27 district,
1244 1801 37 22 for

688 1826 59 27 Sale,
757 1833 76 15 terms
844 1833 105 15 liberal.
980 1827 76 28 Apply
1067 1831 21 18 to

783 1858 25 22 F.
823 1858 30 22 A.
867 1859 174 27 Molesworth,
1058 1859 184 28 Murphy-street,
1255 1866 25 14 or

783 1889 35 22 W.
834 1889 29 23 V.
878 1891 108 26 Brewer,
997 1891 197 22 Manners-street.

915 1943 55 20 For
984 1943 71 24 Sale,

689 1974 92 47 THE
797 1975 144 22 COTTAGE
957 1976 96 21 situated
1064 1977 22 20 in
1104 1977 101 20 Oriental
1223 1978 57 26 Bay,

763 2000 44 21 and
822 2000 70 27 lately
901 2000 108 27 occupied
1024 2002 30 26 by
1065 2002 36 20 the
1118 2002 161 26 undersigned.

687 2026 21 21 A
723 2025 55 27 long
795 2026 59 22 lease
874 2026 26 22 of
916 2026 38 22 the
970 2027 84 22 section
1070 2035 58 20 upon
1148 2028 73 22 which
1241 2029 38 22 the

687 2052 69 22 house
766 2052 77 22 stands
853 2053 43 22 will
906 2054 28 21 be
944 2054 104 26 granted.

713 2079 70 22 Town
792 2079 56 22 land
856 2080 46 21 will
911 2080 27 22 be
948 2080 68 22 taken
1027 2081 23 22 in
1061 2081 122 28 exchange.

714 2106 44 21 For
766 2106 85 22 further
860 2106 137 28 particulars,
1009 2108 67 27 apply
1086 2112 22 17 to

1011 2141 97 23 George
1123 2142 90 27 Duppa,
1229 2150 24 14 or

1010 2168 36 21 W.
1064 2169 27 21 V.
1107 2169 104 22 Brewer

940 2219 92 20 Seeds.

689 2252 52 47 A
755 2252 87 21 VERY
856 2252 158 22 SUPERIOR
1030 2253 44 21 and
1084 2253 103 22 valuable
1199 2258 81 18 assort-

769 2282 63 18 ment
849 2279 26 21 of
890 2279 60 22 fresh
968 2279 69 22 Seeds
1053 2280 45 26 just
1112 2281 112 26 received,
1241 2282 38 21 the

689 2305 49 21 first
754 2306 26 21 of
796 2313 13 13 a
824 2305 90 27 regular
929 2306 87 27 supply,
1027 2313 48 15 now
1092 2314 28 14 on
1139 2307 46 21 sale
1202 2311 23 18 at
1241 2308 38 22 the

692 2331 70 22 Office
781 2332 26 21 of
823 2332 43 21 this
887 2333 70 27 Paper
977 2333 28 27 by
1021 2333 39 21 the
1079 2333 159 28 undersigned,
1255 2336 24 21 in

691 2358 120 27 quantities
821 2363 23 17 to
853 2359 44 22 suit
906 2359 133 27 purchasers
1046 2368 6 13 :
1054 2371 28 4 —

717 2392 57 22 Fine
783 2392 53 22 seed
846 2400 59 20 peas,
917 2400 67 14 seven
995 2393 108 28 varieties,
1126 2402 5 5 •

718 2419 44 21 Do.
791 2420 36 21 do.
856 2420 71 21 broad
936 2420 77 27 beans,
1025 2420 61 22 three
1096 2421 113 22 varieties.

717 2446 45 22 Do.
790 2446 37 22 do.
854 2446 67 22 horse
930 2447 78 27 beans,

717 2472 45 23 Do.
791 2473 35 21 do.
853 2473 81 22 scarlet
943 2480 95 15 runners
1048 2474 44 22 and
1103 2474 89 22 French
1201 2475 76 27 bean's,

717 2499 43 22 Do.
790 2500 36 21 do.
855 2500 76 27 spring
941 2500 79 27 wheat,
1034 2504 64 23 tares,
1109 2501 46 22 and
1168 2505 55 24 oats,

717 2526 83 22 Round
811 2526 45 22 and
866 2527 86 27 prickly
959 2527 100 27 spinach,

717 2553 66 27 Long
791 2553 81 22 scarlet
881 2554 43 22 and
934 2554 75 27 turnip
1020 2554 81 27 radish,

717 2580 115 27 Rhubard,
844 2580 66 22 white
926 2581 47 21 and
989 2581 41 21 red
1045 2581 51 22 beet
1112 2582 43 22 and
1172 2583 107 26 mangold

689 2614 42 14 wui
738 2607 50 27 tzel,

717 2634 125 27 Carraway,
853 2634 48 22 Dill
911 2634 44 22 and
965 2635 94 27 Burnet,

717 2660 44 22 Sea
772 2661 53 26 cale,
837 2668 127 20 asparagus,
975 2665 81 24 carrot,
1068 2662 44 22 and
1125 2663 98 27 parsnip,

717 2686 95 28 English
821 2687 52 22 leek
882 2687 46 23 and
937 2689 76 25 onion,
1025 2689 95 27 Spanish
1133 2689 35 22 do.

717 2712 125 28 Vegetable
857 2721 95 16 marrow
968 2715 44 22 and
1021 2715 55 28 long
1088 2717 88 27 prickly
1187 2724 92 14 cucum-

690 2739 46 27 ber,

717 2766 146 28 Cauliflower,
874 2768 87 27 endive,
973 2769 47 21 and
1033 2769 80 28 celery,

717 2793 120 27 Virginnia
853 2795 99 27 tobacco,
968 2797 152 27 mignionette,
1140 2797 47 22 and
1211 2800 68 20 sweet

691 2827 59 19 peas,
1072 2840 9 8 i(

717 2846 41 22 All
768 2851 55 19 sorts
834 2847 26 22 of
866 2848 85 27 garden
962 2849 45 22 and
1017 2849 54 23 field
1080 2850 106 27 cabbage,

718 2873 45 22 Do.
874 2875 36 21 do.
993 2876 37 22 do.
1086 2877 80 28 turnip,

717 2900 40 22 All
767 2903 54 19 sorts
832 2901 120 27 of.lettuce,
964 2903 70 27 salad,
1046 2903 43 22 and
1103 2904 92 27 brocoli,

717 2927 40 22 All
766 2931 57 18 sorts
833 2928 25 20 of
865 2928 73 27 lupins
949 2929 45 21 and
1002 2931 152 26 nasturtiums,

717 2954 39 22 AH
767 2957 56 19 sorts
834 2954 26 21 of
866 2959 68 17 sweet
946 2955 73 27 herbs,

717 2981 52 21 One
778 2981 103 22 hundred
892 2981 77 24 choice
979 2983 89 22 varitics
1081 2985 25 19 i>f
1119 2984 78 22 flower
1206 2985 71 27 seeds,

717 3008 23 21 A
750 3015 54 19 very
819 3008 102 22 valuable
938 3014 132 18 assortment
1084 3011 26 21 of
1123 3011 61 22 fresh
1201 3012 78 22 choice

689 3041 85 20 grasses
783 3035 36 21 for
827 3035 149 26 gentlemen's
990 3034 71 25 lawns
1075 3038 43 21 and
1135 3039 145 26 agricultural

689 3068 112 21 purposes,

716 3088 112 27 Cabbage,
857 3089 93 26 brocoli,
980 3089 104 26 rhubard,
1115 3091 74 27 onion,
1219 3091 59 28 leek,

687 3114 84 22 lettuce
790 3115 80 28 plants,
890 3116 48 27 &c,
959 3124 52 14 now
1030 3117 68 27 ready
1117 3121 23 19 to
1159 3119 29 21 be
1206 3121 73 21 trans-

687 3142 100 27 planted,
798 3142 73 22 raised
881 3143 57 22 from
948 3143 96 28 samples
1056 3145 25 21 of
1090 3144 63 22 these
1164 3145 71 23 seeds.

1102 3178 36 23 W.
1154 3179 95 23 Moody.

714 3203 100 22 October
823 3205 22 25 6,
856 3205 65 21 1843.

849 3255 78 22 Meat
961 3257 149 26 Company.

917 3289 130 23 CHEESE.

687 3315 93 48 THE
795 3315 91 23 MEAT
905 3317 155 22 COMPANY
1080 3321 91 24 expects
1192 3318 86 27 shortly

762 3345 23 19 to
795 3343 87 21 receive
891 3343 90 27 regular
987 3343 95 28 supplies
1089 3345 25 21 of
1122 3345 87 22 Cheese
1220 3345 55 22 from

687 3368 37 22 the
735 3369 143 28 Cowpasture
887 3370 46 22 and
943 3370 121 23 Terawitte
1070 3371 96 23 Dairies.

958 3404 37 21 W.
1009 3404 103 27 Flyger,
1128 3405 119 27 Manager.

878 3455 84 22 Fresh
979 3456 103 25 Butter,

687 3487 162 48 ALWAYS
866 3496 29 14 on
911 3489 50 22 Sale
977 3493 24 18 at
1016 3489 38 23 the
1066 3490 63 22 Meat
1141 3491 136 27 Company's

766 3514 116 28 premises.

958 3543 36 22 W.
1009 3543 105 28 Flvcer,
1129 3544 119 28 Manager.

848 3592 79 22 Meat
959 3594 150 26 Company.

919 3626 125 23 BUTTER

687 3649 160 48 ALWAYS
860 3658 31 16 on
901 3653 68 27 hand,
985 3653 47 22 and
1046 3656 23 20 to
1082 3654 30 24 be
1126 3654 54 27 had,
1191 3655 84 22 whole-

764 3677 45 22 sale
829 3678 43 22 and
892 3679 70 28 retail,
983 3683 23 19 at
1026 3679 39 24 the
1087 3681 81 22 lowest
1187 3682 88 21 market

687 3708 65 21 price,
767 3710 14 14 a
798 3703 61 28 large
879 3706 79 27 supply
973 3707 27 21 of
1014 3707 39 22 the
1067 3708 128 22 celebrated
1211 3709 64 25 Cow,-

687 3731 87 24 pasture
783 3731 45 21 and
837 3731 118 23 Terawitte
969 3733 72 28 Dairy
1051 3734 85 22 Butter.

711 3773 13 5 Jt
954 3766 37 22 W:
1005 3767 107 25 Flyger,
1127 3768 118 27 Manager.

687 3808 70 49 ON
773 3808 84 27 SALE,
873 3809 77 27 avtliis
959 3811 76 27 .office,
1045 3811 72 26 blank
1124 3813 60 23 Bin
1195 3813 79 23 Books

784 3834 95 24 Gazette
887 3837 15 10 '*
915 3837 72 28 office,
998 3838 56 22 Dec.
1064 3840 21 20 4.

709 3869 105 27 Message
825 3870 72 28 cards,
922 3886 5 4 -
974 3888 3 4 .
1042 3886 7 12 r
1055 3886 5 5 ,

687 3921 87 48 JUST
788 3920 133 27 OPENED,
928 3922 45 22 and
984 3930 33 14 on,
1025 3923 50 22 Sale
1084 3926 24 19 at
1117 3923 38 22 the
1166 3924 73 22 Office
1249 3925 26 22 of

744 3947 44 22 this
798 3947 78 28 Paper,
886 3948 39 22 ins
935 3949 79 22 stands
1023 3953 24 18 ot
1056 3952 89 19 various
1155 3952 65 20 size*.
1235 3954 6 4 *

1352 714 144 22 Britannia
1509 716 95 27 Lodge
1620 716 30 21 of
1663 718 61 21 Odd
1738 718 129 22 Fellows.

1315 747 93 37 rpHE
1417 748 112 22 Brethren
1539 749 25 21 of
1571 749 44 23 this
1623 750 78 27 Lodge
1712 758 38 15 are
1760 752 146 28 respectfully

1322 772 30 23 JL
1390 774 112 22 informed
1522 775 49 22 that
1588 776 37 22 the
1646 778 155 27 Anniversary
1815 778 92 23 Dinner

1315 800 46 21 and
1371 800 49 22 Ball
1430 801 44 21 will
1484 802 52 21 take
1547 802 63 27 place
1622 810 27 15 on
1660 803 106 28 Tuesday
1775 809 61 22 next,
1847 805 59 23 Feb-

1314 833 68 21 ruary
1392 828 31 26 13,
1438 831 24 18 at
1469 828 61 22 their
1540 829 62 27 Hall,
1615 829 111 23 Lambton
1736 831 73 27 Quay.

1475 855 35 27 By
1521 856 64 21 order
1595 857 25 20 of
1628 856 37 22 the
1677 857 29 22 N.
1719 857 29 22 G.

1532 886 36 22 W.
1585 887 26 22 E.
1628 887 116 28 Vincent,
1757 890 120 26 Secretary.

1342 916 114 28 February
1465 920 21 24 6,
1499 920 62 21 1844.

1340 964 193 27 Independent
1555 967 83 21 Order
1654 968 31 21 of
1703 969 173 21 Rechabites.

1314 998 92 48 THE
1416 998 94 27 charges
1521 1000 34 21 for
1563 1000 111 23 initiation
1684 1005 24 18 to
1719 1003 153 28 membership
1881 1003 24 22 in

1389 1024 36 22 the
1435 1025 72 23 above
1518 1027 72 27 order,
1602 1028 20 21 is
1632 1035 23 14 as
1665 1028 99 22 follows:
1766 1040 28 4 —

1340 1059 66 21 From
1421 1061 27 21 16
1457 1067 65 20 years
1533 1061 27 21 of
1566 1068 40 19 age
1618 1064 22 19 to
1654 1063 27 20 25
1818 1064 32 21 ss.
1860 1064 35 21 Od.

1422 1088 27 20 25
1533 1090 24 19 to
1658 1091 28 20 30
1822 1091 14 21 7
1865 1093 14 19 6

1422 1114 29 20 30
1533 1117 24 19 to
1597 1130 5 4 .
1658 1116 26 21 35
1810 1118 27 20 10
1865 1119 14 19 0

1314 1138 37 22 An
1362 1139 100 22 advance
1472 1139 26 22 of
1503 1141 33 21 2s.
1547 1148 40 19 per
1597 1149 53 18 year
1660 1143 56 20 from
1727 1144 28 19 35
1764 1147 23 17 to
1796 1144 26 20 40
1830 1151 75 19 years,

1427 1166 94 27 making
1534 1168 38 21 the
1583 1167 80 28 charge
1674 1172 24 18 at
1707 1170 28 20 40
1745 1169 41 24 £1.

1340 1191 52 28 Any
1403 1193 143 22 information
1557 1195 126 27 respecting
1693 1196 38 20 the
1740 1196 65 21 order
1815 1204 53 19 may
1876 1196 29 23 be

1311 1217 46 23 had
1368 1219 25 21 of
1400 1219 44 23 Mr.
1456 1220 111 28 Harding,
1579 1221 93 27 Turner,
1684 1222 193 28 Lambton-quay.

1580 1255 21 22 J.
1618 1256 124 27 Stickley,
1755 1258 113 25 Secretary
1871 1273 5 5 .

1413 1299 139 21 Seamen's
1566 1300 103 22 Friend
1684 1302 119 27 Society.

1312 1332 51 47 A
1378 1333 135 22 SERVICE
1528 1334 126 23 conducted
1674 1335 29 27 by
1722 1336 39 22 the
1781 1337 124 27 Ministers,

1390 1359 24 22 in
1434 1361 135 22 connection
1591 1361 53 22 with
1660 1362 38 21 the
1719 1364 71 20 above
1808 1364 98 27 Society,

1312 1385 44 21 will
1374 1386 27 21 be
1415 1386 54 21 held
1489 1389 75 25 every'
1576 1388 94 27 Sunday
1684 1390 119 21 afternoon
1822 1391 24 21 in
1867 1391 38 21 the

1312 1412 82 22 Scotch
1404 1413 98 27 Church,
1514 1414 112 22 Lambton
1637 1416 75 26 Quay.

1340 1439 94 22 Seamen
1446 1440 44 21 and
1499 1448 91 20 persons
1599 1442 125 21 connected
1735 1443 54 21 with
1799 1443 107 28 shipping

1313 1471 38 16 are
1362 1466 120 28 especially
1491 1467 89 22 invited
1591 1471 22 18 to
1624 1469 87 21 attend.

1340 1493 89 22 Service
1440 1496 22 18 to
1472 1501 133 16 commence
1615 1499 23 17 at
1648 1495 110 28 half-past
1766 1497 14 21 3
1794 1504 53 20 p.m.

1338 1525 49 22 The
1429 1526 81 22 Bethel
1551 1527 45 28 flag
1609 1529 46 21 will
1674 1529 28 22 be
1722 1529 88 22 hoisted
1827 1535 24 16 at
1865 1531 39 22 the

1312 1551 58 23 N.E.
1381 1553 65 27 angle
1455 1554 26 21 of
1497 1555 38 21 the
1553 1555 95 27 Church,
1665 1555 58 22 from
1740 1557 50 21 half
1803 1565 27 14 an
1846 1558 59 22 hour

1310 1579 104 27 previous
1425 1583 23 19 to
1459 1580 38 22 the
1507 1586 193 18 commencement
1717 1583 24 21 of
1756 1584 36 21 the
1809 1585 94 27 service,

1311 1606 59 21 until
1379 1607 28 21 its
1416 1604 67 25 close.

1339 1632 101 29 January
1448 1635 34 25 26,
1496 1635 63 22 1844.

1433 1680 58 19 Ten
1507 1680 120 21 Guineas
1649 1682 129 21 Reward.

1310 1712 204 48 WHEREAS,
1529 1713 46 21 last
1590 1714 65 27 night
1665 1722 25 14 or
1700 1715 62 27 early
1773 1715 43 22 this
1825 1723 79 15 morn-

1407 1739 46 26 ing,
1465 1747 63 14 some
1545 1740 44 22 evil
1604 1741 103 27 disposed
1724 1750 82 19 person
1817 1750 24 14 or
1853 1750 51 20 per-

1312 1772 52 14 sons
1375 1765 88 23 entered
1477 1766 39 22 the
1533 1767 106 26 premises
1650 1768 28 21 of
1693 1769 88 21 Arthur
1791 1769 111 28 Holroyd,

1312 1791 62 28 Esq.,
1385 1799 29 15 on
1422 1792 121 23 Thorndon
1556 1793 55 28 Flat,
1622 1794 47 22 and
1683 1795 100 22 maimed
1796 1803 14 14 a
1818 1796 84 22 female

1312 1818 52 24 Ass,
1376 1819 28 27 by
1414 1820 88 26 cutting
1513 1820 32 22 off
1551 1820 41 22 her
1604 1821 65 22 Ears.

1339 1845 113 22 Whoever
1465 1847 45 21 will
1526 1847 51 26 give
1592 1848 54 22 such
1662 1848 147 22 information
1820 1856 24 16 as
1857 1850 45 22 will

1310 1872 52 22 lead
1383 1875 23 19 to
1424 1873 39 21 the
1482 1873 162 28 apprehension
1667 1875 26 22 of
1708 1875 39 22 the
1763 1876 101 22 offender
1879 1884 25 14 or

1312 1899 117 26 offendors,
1441 1899 57 22 shall
1508 1901 89 21 receive
1608 1901 37 22 the
1652 1909 50 14 sum
1713 1903 26 21 of
1746 1903 44 21 five
1801 1903 101 28 guineas,

1306 1925 49 22 •and
1373 1933 12 14 a
1399 1926 87 22 further
1502 1934 50 15 sum
1568 1927 26 22 of
1602 1928 42 22 five
1654 1929 95 26 guineas
1757 1937 61 20 upon
1829 1930 34 22 his
1879 1938 25 15 or

1311 1952 59 22 their
1383 1953 136 22 conviction.

1307 1992 7 7 •
1604 1981 119 22 Holroyd
1738 1983 44 20 and
1796 1983 79 21 Hart.

1339 2009 145 27 Wellington,
1497 2009 114 28 February
1620 2012 20 25 3,
1652 2012 63 21 1844-.

1340 2056 40 20 To
1395 2056 46 21 the
1456 2056 178 22 Inhabitants
1649 2058 32 21 of
1694 2059 182 28 Wellington.

1312 2089 52 48 A
1379 2089 76 22 CASE
1474 2090 26 21 of
1517 2093 100 20 extreme
1636 2091 109 29 hardship
1763 2092 84 29 having
1867 2102 37 15 oc-

1392 2117 78 21 curred
1486 2120 23 18 to
1527 2119 101 20 Salvador
1640 2120 92 26 Cemcno,
1745 2120 38 22 the
1797 2129 74 14 owner
1881 2122 27 22 of

1312 2143 38 21 the
1370 2143 55 21 little
1444 2143 111 23 schooner
1572 2146 77 26 Fidele,
1669 2146 30 28 by
1717 2147 69 27 being
1805 2149 98 28 unfairly

1312 2169 105 27 deprived
1434 2171 27 20 of
1471 2170 39 22 the
1528 2172 63 22 Prize
1606 2180 50 15 won
1669 2173 30 27 by
1707 2174 49 21 him
1771 2176 23 20 in
1806 2175 37 21 the
1858 2176 45 22 late

1312 2196 103 27 Regatta,
1427 2196 45 22 and
1482 2197 86 29 having
1583 2200 61 21 since
1660 2201 115 21 entrusted
1787 2202 32 21 his
1832 2203 71 22 vessel

1312 2227 23 17 to
1351 2225 88 19 another
1456 2232 87 19 person,
1561 2226 36 22 the
1616 2227 65 21 cable
1700 2228 71 21 broke
1791 2236 54 14 near
1863 2230 39 22 the

1312 2254 106 19 entrance
1437 2253 26 19 of
1479 2251 38 22 the
1532 2252 104 28 harbour,
1654 2254 43 21 and
1717 2254 35 22 his
1767 2256 71 21 vessel
1856 2263 45 16 was

1312 2278 80 27 nearly
1410 2278 118 27 destroyed
1546 2280 32 26 by
1596 2280 38 22 the
1653 2282 55 24 surf.
1738 2282 164 28 Subscriptions

1312 2304 45 22 will
1368 2305 26 21 be
1404 2305 103 22 received
1519 2309 23 18 at
1552 2307 37 22 the
1599 2309 85 20 Aurora
1697 2310 81 19 Tavern
1791 2313 21 18 to
1829 2311 75 26 repair

1311 2331 35 22 his
1356 2332 72 21 vessel
1437 2332 21 21 if
1463 2333 72 21 worth
1546 2335 121 31 repairing,
1677 2343 25 14 or
1712 2336 107 27 purchase
1826 2344 13 13 a
1848 2338 55 21 boat

1311 2360 24 20 to
1352 2359 90 26 provide
1458 2366 12 14 a
1489 2364 60 18 most
1567 2361 138 24 industrious
1724 2371 51 14 man
1793 2364 51 21 with
1863 2364 39 22 the

1312 2393 78 14 means
1401 2386 25 21 of
1434 2387 133 22 subsistence.

1340 2413 113 27 February
1462 2414 20 26 2,
1495 2416 61 21 1844.

1538 2460 54 21 For
1606 2461 68 22 Sale.

1312 2491 51 47 A
1392 2490 146 22 COTTAGE
1562 2492 129 28 pleasantly
1716 2494 99 23 situated
1838 2494 26 22 in
1889 2502 14 15 a

1391 2517 112 22 sheltered
1523 2522 51 23 spot
1592 2526 30 15 on
1638 2520 142 27 Wellington
1798 2522 104 26 Terrace,

1312 2543 77 22 within
1397 2551 44 15 one
1449 2544 100 22 minutes
1559 2545 58 22 walk
1629 2547 26 20 of
1670 2547 38 22 the
1720 2548 79 27 beach,
1811 2549 69 25 being
1890 2556 14 14 a

1312 2573 59 19 most
1380 2570 106 22 desirable
1497 2571 88 27 private
1594 2573 59 21 resid
1660 2581 64 14 ence.
1761 2575 45 22 For
1815 2575 88 22 further

1310 2597 138 27 particulars,
1459 2598 68 27 apply
1536 2602 23 18 to

1631 2627 46 21 Mr.
1691 2627 97 23 Robert
1799 2628 75 23 Park.

1339 2651 113 27 February
1461 2652 20 25 2,
1495 2653 62 21 1844.

1367 2696 98 22 Messrs.
1493 2696 155 24 HOLROYD
1674 2707 47 14 and
1749 2700 95 26 HARI\

1473 2724 131 22 Notaries
1627 2726 110 24 Public,

1399 2757 37 14 TE
1464 2757 73 19 ARO,
1567 2759 244 15 WELLINGTON.

1340 2776 128 27 September
1477 2778 21 24 4,
1510 2779 63 20 1843.

1542 2824 41 20 On
1599 2824 70 25 Sale,

1312 2849 92 33 rpHE
1434 2848 73 22 NEW
1531 2849 153 23 ZEALAND
1714 2851 188 28 PORTFOLIO,

1319 2872 30 26 JL
1387 2875 125 23 conducted
1530 2876 31 27 by
1580 2877 31 21 H.
1628 2878 22 20 S.
1671 2879 123 26 Chapman,
1815 2879 36 26 (of
1863 2879 40 22 the

1312 2902 89 22 Middle
1406 2902 110 27 Temple,)
1528 2903 217 23 Barrister-at-Law.

1339 2929 44 22 No.
1395 2929 20 22 I.
1415 2940 29 5 —
1444 2929 21 21 A
1482 2929 77 23 Letter
1574 2933 23 19 to
1615 2930 39 22 the
1672 2931 71 27 Right
1761 2932 61 22 Hon.
1841 2933 62 22 Lord

1312 2956 98 27 Stanley,
1429 2957 122 26 Secretary
1566 2957 27 21 of
1608 2958 62 21 State
1689 2957 35 25 for.
1744 2959 38 21 the
1802 2959 101 22 Colonial

1312 2983 153 28 Department,
1500 2983 35 21 On
1542 2983 40 22 the
1587 2984 191 24 Administration
1785 2986 25 21 of
1815 2986 87 22 Justice

1311 3011 23 21 in
1345 3009 56 23 New

1339 3037 44 22 No.
1396 3037 33 21 II.
1430 3047 28 6 —
1459 3037 77 21 Letter
1551 3040 23 18 to
1590 3037 60 23 John
1666 3038 60 22 Abel
1743 3039 77 26 Smith,
1837 3039 63 28 Esq.,

1312 3064 70 27 M.P.,
1415 3064 33 21 On
1459 3063 37 21 the
1504 3063 145 28 Advantages
1656 3065 73 22 which
1738 3065 73 23 would
1820 3073 81 15 accrue

1310 3094 24 19 to
1345 3090 92 27 English
1448 3090 127 27 Capitalists
1583 3091 58 22 from
1651 3091 38 23 the
1700 3093 171 21 establishment
1879 3094 26 20 of

1311 3126 14 14 a
1333 3119 59 20 Loan
1404 3119 101 24 Company
1515 3117 35 22 for
1559 3119 52 20 New
1621 3119 100 26 Zealand,
1733 3119 84 21 similar
1829 3122 24 19 to
1863 3119 38 23 the

1311 3145 128 23 Australian
1448 3144 67 22 Trust

1339 3173 43 21 No.
1491 3171 38 22 An
1542 3172 97 23 Address
1649 3175 25 19 to
1684 3172 39 22 the
1733 3173 57 21 New
1799 3173 102 21 Zealand

1311 3199 66 22 Land
1387 3198 137 28 Proprietors
1533 3198 98 22 resident
1644 3199 26 21 in
1679 3199 38 22 the
1728 3199 85 22 United
1827 3197 74 29 King-

1310 3226 60 27 dom,
1382 3233 29 15 on
1425 3225 86 22 several
1526 3229 92 19 matters
1628 3226 26 21 of
1661 3226 139 27 importance
1810 3229 22 19 to
1843 3226 59 22 their

1338 3280 43 22 No.
1398 3279 41 22 IV.
1440 3289 27 5 —
1496 3279 37 21 On
1554 3279 37 21 the
1611 3279 117 23 Financial
1747 3279 114 23 condition
1878 3280 26 22 of

1310 3307 57 21 New
1509 3305 31 28 by
1550 3306 91 22 Charles
1650 3307 78 27 Terry,
1740 3307 61 28 Esq.,
1810 3307 90 26 F.R.S.,

1310 3334 81 22 F.S.A.

1338 3361 44 21 No.
1396 3360 29 22 V.
1426 3371 28 4 —
1455 3361 20 20 1.
1528 3359 160 23 Observations
1712 3368 30 14 on
1766 3360 134 27 facilitating

1310 3387 139 27 Emigration
1473 3388 23 18 to
1520 3385 58 23 New
1601 3387 109 27 Zealand,
1729 3388 31 27 by
1780 3394 78 15 means
1877 3387 25 21 of

1310 3414 115 22 Moderate
1447 3413 98 26 Charges
1560 3414 36 22 for
1614 3414 69 22 Chief
1699 3414 44 22 and
1759 3414 139 22 Fore-Cabin

1469 3439 29 22 In
1508 3446 14 14 a
1532 3440 77 22 Letter
1618 3444 23 18 to
1652 3441 85 27 Joseph
1749 3441 86 26 Somes,'
1844 3441 54 27 Esq.

1309 3469 41 21 &c.
1361 3469 40 20 &c.
1430 3467 34 26 By
1474 3466 33 21 H.
1518 3467 22 21 S.
1552 3467 124 28 Chapman.

1337 3496 20 20 2.
1397 3495 23 21 A
1430 3495 76 20 Letter
1515 3500 28 14 on
1555 3494 106 27 Banking
1670 3495 24 21 in
1705 3494 57 22 New

1309 3522 35 27 By
1354 3521 86 22 Arthur
1449 3520 25 22 T.
1487 3519 110 29 Holroyd,
1608 3521 57 28 Esq.,

1336 3549 45 21 No.
1395 3547 42 22 VI.
1439 3558 26 5 —
1490 3546 159 23 Observations
1665 3555 29 14 on
1704 3547 38 22 the
1754 3548 144 27 Advantages

1308 3575 27 22 of
1347 3582 14 15 a
1378 3574 184 27 Representative
1578 3574 122 27 Assembly
1714 3575 36 21 for
1769 3575 56 22 New
1841 3575 58 22 Zea-

1336 3627 98 24 General
1444 3626 49 23 title
1503 3627 46 22 and
1559 3627 151 23 introduction
1722 3632 23 18 to
1755 3628 37 22 the
1803 3629 81 22 Series.

1497 3661 70 15 PRICE
1585 3662 120 15 SIXPENCE.

1307 3706 92 49 THE
1421 3706 80 20 Nelson
1524 3705 117 21 Examiner
1665 3707 44 20 and
1729 3707 54 20 New
1806 3706 94 21 Zealand

1381 3733 110 21 Chronicle
1507 3731 127 30 (published
1644 3736 23 18 at
1677 3732 103 28 Nelson,)
1796 3733 19 21 is
1832 3740 67 21 regu-

1305 3759 58 28 larly
1382 3759 139 23 transmitted
1537 3761 24 20 to
1576 3759 148 28 Wellington,
1744 3759 45 23 and
1803 3767 53 20 may
1870 3760 28 21 be

1305 3787 45 21 had
1360 3789 23 19 at
1390 3785 40 23 the*
1437 3785 66 23 office
1514 3785 25 21 of
1550 3785 45 23 this
1603 3793 77 25 paper.
1805 3810 3 3 .
1834 3804 3 11 ,

1333 3813 47 23 The
1389 3812 79 22 Nelson
1477 3813 118 21 Examiner
1609 3813 49 22 will-
1665 3813 28 22 be
1703 3813 71 22 found
1784 3820 28 15 an
1822 3813 76 22 excel-

1304 3840 50 22 lent
1361 3840 99 23 medium
1468 3839 37 21 for
1516 3839 140 22 advertisers;
1693 3846 20 12 :-■
1738 3844 4 6 '
1783 3847 19 19 •;
1830 3844 5 13 i
1863 3848 20 10 •■

1317 3881 4 3 •
1332 3864 122 29 Terms.fbr
1462 3865 39 23 the
1510 3872 76 21 paper,
1596 3865 157 28 ten.shillings.
1759 3872 41 21 per
1808 3868 92 25 quarter

1304 3893 95 28 payable
1406 3893 25 22 in
1442 3892 110 23 advance.
1607 3909 11 15 a
1622 3905 14 13 ;,
1648 3903 45 17 ...•;
1758 3909 5 13 :
1787 3909 19 14 v

1333 3920 92 22 Orders'
1437 3919 41 23 for.
1491 3919 39 22 the
1552 3916 73 31 paper'
1629 3918 70 31 .',and^
1712 3917 187 23 advertisements

1305 3944 103 25 received
1416 3949 25 19 at
1449 3944 40 24 the
1499 3944 259 27 Office-of'this^aper.'
1791 3947 6 5 '
1811 3949 2 5 '
1825 3942 3 11 ''

2107 725 160 26 Postponed
2281 729 68 21 Sale.

1938 755 92 47 MR.
2046 755 221 26 FITZHERBERT
2280 761 45 23 will
2333 762 40 22 sell
2384 763 30 27 by
2424 765 97 27 auction,

1937 807 26 10 ™
1989 810 8 7 .
2029 789 21 14 01
2050 789 8 28 J
2067 782 20 21 T
2086 809 5 8 ,
2088 790 14 14 u
2104 790 10 27 ?
2117 783 37 22 sda
2155 791 15 19 y
2180 789 63 23 next,
2258 788 51 21 13th
2318 788 122 29 February,
2454 794 23 19 at
2490 791 36 23 his

1937 807 67 27 Mart,
2015 812 24 17 at
2049 810 10 19 1
2070 816 13 14 o
2093 809 63 22 clock
2156 822 29 4 —
2237 817 4 9 <
2342 813 4 3 '

1964 833 105 28 Varnish,
2086 836 134 29 perfumery,
2239 839 79 22 sedlitz
2334 842 107 27 powders,
2455 844 66 22 cedar

1936 862 89 25 planks,
2042 862 105 28 mustard,
2166 864 89 23 Eurode
2267 873 59 20 rope,
2338 868 87 28 cheese,
2436 870 86 23 bottled

1937 889 41 24 ale,
1994 894 52 20 paie
2061 889 83 27 sherry,
2161 891 113 28 molasses,
2285 892 49 23 loaf
2345 901 72 21 sugar,
2432 904 87 19 pepper,

1937 915 77 26 coffee,
2025 915 44 21 and
2079 916 84 22 several
2172 918 89 21 articles
2271 920 26 20 of
2303 920 74 22 native
2387 922 120 24 furniture.

2127 950 76 15 TERMS
2221 952 29 14 AT
2268 953 63 15 SALE.

1964 972 114 28 February
2088 976 20 24 9,
2120 976 60 20 1844.

1963 1023 158 25 Important
2140 1025 62 21 Sale
2224 1026 31 21 of
2274 1028 123 27 Country
2410 1031 85 21 Land.

1938 1055 161 48 MESSRS.
2122 1056 93 28 HORT,
2241 1059 158 29 MOCATTA,
2415 1070 47 15 and
2477 1064 47 22 CO.

2030 1083 56 20 have
2095 1083 104 23 received
2208 1085 144 24 instructions
2361 1088 56 22 from
2426 1090 38 21 the
2473 1097 52 19 pro-

1937 1111 89 23 prietor,
2037 1111 23 18 to
2077 1109 82 23 submit
2169 1113 23 19 to
2208 1111 80 23 Public
2298 1113 107 29 Auction,
2416 1123 30 14 on
2457 1117 69 22 Mon-

1938 1135 44 25 day
1995 1135 51 21 19th
2061 1139 88 24 Kistant,
2162 1141 23 17 at
2202 1139 9 20 1
2231 1139 93 28 o'clock,
2337 1144 22 18 at
2369 1141 58 22 their
2443 1143 82 27 Stores,

2060 1163 31 20 Te
2107 1164 53 26 Aro,
2177 1163 38 23 the
2232 1165 73 23 whole
2320 1167 26 21 of
2356 1167 49 23 that

1939 1193 170 24 VALUABLE
2128 1196 134 24 SECTION
2283 1207 25 14 in
2323 1207 45 16 the
2391 1202 134 28 KARORI,

1937 1219 83 23 known
2036 1229 24 14 as
2077 1223 44 22 No.
2131 1225 26 20 35
2169 1231 30 15 on
2214 1225 39 22 the
2269 1226 56 23 New
2343 1228 102 23 Zealand
2458 1231 67 21 Com-

1937 1249 80 25 pany's
2041 1249 55 22 Plan
2117 1251 25 20 of
2163 1250 48 23 that
2235 1252 93 24 district.
2365 1255 48 22 The
2438 1257 85 23 section

2147 1277 103 24 abounds
2260 1280 52 21 with

2038 1309 226 25 MAGNIFICENT
2290 1313 129 30 TIMBER,

1937 1340 19 15 is
1973 1334 139 30 abundantly
2121 1337 101 27 supplied
2232 1339 54 22 with
2302 1345 74 24 water,
2390 1343 47 22 and
2446 1345 77 25 enjoys

1937 1362 38 19 the
1985 1362 136 28 advantages
2135 1364 26 21 of
2166 1365 59 26 good
2239 1366 42 22 soil
2295 1368 46 22 and
2350 1369 93 28 vicinity
2452 1374 23 19 to
2485 1372 38 21 the

1936 1386 77 23 Town.

1963 1414 19 21 T
1985 1440 15 10 «
2000 1422 12 14 e
2012 1441 12 9 /,
2031 1415 53 27 plan
2081 1443 3 7 ,
2104 1417 26 21 of
2145 1417 38 22 the
2205 1419 54 21 Beeti
2260 1427 35 20 °n,
2315 1421 133 23 subdivided
2472 1424 47 23 into

1936 1442 66 20 small
2011 1442 57 22 farm
2077 1442 49 29 lots,
2137 1451 53 20 may
2206 1445 27 22 be
2248 1454 54 14 seen
2318 1451 24 19 at
2359 1449 38 22 the
2413 1450 71 23 Office
2499 1452 27 21 of

1937 1469 38 20 the
1984 1469 154 23 Auctioneers.

1962 1498 49 23 The
2022 1503 66 20 terms
2099 1502 44 22 will
2152 1503 28 22 be
2192 1505 26 20 10
2227 1511 41 20 per
2276 1508 59 19 cent,
2352 1510 22 18 to
2389 1508 28 21 be
2434 1508 52 27 paid
2500 1510 25 21 in

1937 1527 52 20 cash
2000 1534 29 14 on
2040 1528 37 22 the
2088 1529 38 21 fall
2136 1530 26 21 of
2173 1530 38 22 the
2226 1533 110 26 hammer,
2347 1533 38 22 the
2396 1534 101 26 balance,
2507 1536 20 22 if

1936 1553 73 21 under
2018 1554 54 28 j620,
2084 1555 30 27 by
2123 1563 13 14 a
2146 1557 41 21 bill
2196 1560 23 18 at
2229 1559 14 20 3
2259 1559 88 22 months
2354 1567 6 19 ;
2376 1560 49 24 £20
2436 1565 22 18 to
2468 1563 55 27 £40,

1935 1581 51 20 bills
1996 1584 23 18 at
2028 1583 13 20 3
2051 1582 46 22 and
2110 1584 14 20 6
2139 1583 99 28 months,
2248 1584 25 22 in
2284 1586 66 26 equal
2364 1589 141 23 proportions
2516 1598 6 5 •

1936 1605 47 24 £40
2002 1610 23 18 to
2044 1608 54 27 £80,
2109 1609 50 22 bills
2178 1613 25 18 at
2218 1612 21 25 3,
2258 1613 21 25 6,
2297 1612 45 22 and
2357 1614 20 25 9,
2393 1615 95 27 months,
2499 1616 24 22 in

1936 1634 65 26 equal
2011 1636 137 26 proportions
2156 1644 6 19 ;
2178 1637 70 22 above
2264 1639 55 27 £80,
2335 1641 21 25 3,
2366 1642 21 24 6,
2403 1642 21 26 9,
2436 1642 45 22 and
2497 1644 26 20 12

1935 1661 97 26 months,
2043 1662 22 20 in
2077 1663 65 27 equal
2157 1665 150 26 proportions.
2336 1666 39 22 All
2385 1666 39 23 the
2436 1668 50 23 bills
2500 1673 22 18 to

1935 1687 57 21 have
2009 1689 112 26 approved
2138 1690 108 23 endorsed
2267 1696 153 24 acceptances,
2438 1696 44 21 and
2500 1699 25 19 to

1935 1714 54 21 bear
1997 1718 93 19 interest
2098 1716 57 22 after
2164 1717 39 22 the
2212 1717 48 23 first
2270 1718 63 23 three
2344 1721 97 22 month's
2451 1725 24 19 at
2485 1722 38 23 the

1935 1743 47 19 rate
1994 1741 27 21 of
2028 1743 25 20 10
2064 1750 40 19 per
2114 1746 57 19 cent,
2182 1751 41 20 per
2232 1752 92 16 annum.

2062 1783 77 15 LUNCH
2154 1784 58 16 WILL
2227 1786 28 14 BE
2270 1786 123 17 PROVIDED.

1961 1806 33 22 Te
2004 1807 55 27 Aro,
2070 1808 115 27 February
2195 1811 20 26 6,
2227 1812 63 21 1844.

1936 1859 80 50 Sm»
2018 1870 28 5 —
2048 1861 10 21 I
2074 1859 84 29 hereby
2166 1861 52 27 give
2234 1870 47 19 you
2295 1864 74 22 notice
2382 1865 59 27 that,
2450 1866 76 23 unless

2001 1894 45 19 you
2055 1887 90 22 redeem
2155 1895 57 20 your
2227 1890 79 22 trunks
2320 1890 41 22 left
2370 1895 24 18 at
2405 1899 39 21 my
2454 1892 70 23 house

1935 1913 45 22 and
1987 1920 46 20 pay
2042 1913 38 22 the
2089 1914 39 22 bill
2143 1922 45 19 you
2203 1915 111 28 incurred,
2326 1917 12 22 I
2354 1917 64 29 shall,
2432 1919 93 23 without

1935 1940 87 21 further
2031 1941 80 26 notice,
2123 1941 54 22 offer
2184 1942 36 22 for
2227 1943 61 22 Sale,
2295 1943 31 28 by
2333 1945 76 27 public
2417 1946 107 28 Auction,

1935 1966 78 22 within
2024 1967 102 22 fourteen
2137 1968 62 27 days,
2210 1969 40 21 the
2261 1974 103 19 contents
2375 1972 96 23 therein.

2099 2000 81 23 Your's
2196 2001 137 29 obediently,

2208 2028 99 24 George
2321 2030 92 28 Young,

2284 2057 70 22 South
2364 2058 44 22 Sea
2417 2059 80 24 Hotel.

1935 2080 33 22 To
1979 2080 46 22 Mr.
2038 2080 113 27 Maxwell,

2018 2107 82 28 Happy
2110 2108 89 28 Valley,
2209 2116 55 15 near
2273 2110 148 29 Wellington.

1961 2141 115 29 February
2085 2145 20 25 8,
2116 2144 62 22 1844.

2137 2195 87 21 Fresh
2238 2195 83 22 Pork.

1936 2227 72 48 ON
2024 2228 85 27 SALE,
2125 2231 23 19 at
2166 2228 40 22 the
2224 2230 109 26 premises
2349 2232 26 21 of
2384 2232 45 24 .the
2444 2233 81 23 under-

2013 2254 86 27 signed,
2114 2254 60 23 fresh
2185 2256 67 27 Pork,
2270 2257 25 22 of
2312 2258 38 22 the
2364 2259 51 21 best
2429 2261 93 23 quality.

1934 2281 58 22 from
2001 2280 36 23 4d.
2048 2284 22 19 to
2081 2281 35 22 sd.
2126 2289 40 20 per
2175 2284 32 22 J6.

1961 2308 129 26 Wanganui
2100 2316 48 15 new
2158 2309 48 22 and
2214 2310 55 22 seed
2279 2314 110 24 potatoes.

1961 2334 77 22 Prime
2049 2335 44 22 salt
2102 2336 64 26 pork.

2149 2369 28 22 R.
2194 2369 126 29 Wallace,
2338 2372 160 25 Willis-street.

1961 2403 115 27 February
2086 2406 19 24 9,
2117 2404 61 22 1844.
2421 2400 3 9 '

2164 2448 43 20 On
2221 2448 72 25 Sale,

1936 2481 228 24 /CHAMPAGNE
2178 2482 25 21 in
2218 2489 64 15 cases
2295 2483 45 22 and
2354 2483 100 24 baskets.

1937 2513 40 18 V>
2145 2508 137 28 RIDGWAYS,
2298 2510 108 28 GUYTON,
2422 2512 21 22 &
2457 2512 40 22 Co.

1961 2541 143 27 Wellington,
2116 2541 100 26 January
2227 2542 34 25 19,
2273 2543 62 21 1843.

1933 2585 186 50 WANTED,
2144 2593 13 14 a
2176 2587 70 23 Cook.
2285 2587 45 22 For
2348 2587 88 23 further
2453 2590 71 26 parti-

2031 2613 79 26 culars,
2122 2613 67 27 apply
2199 2617 25 18 to

2206 2640 37 23 W.
2258 2640 34 22 M.
2308 2641 83 28 Smith,

2276 2674 106 24 Tinakori
2392 2675 102 28 Cottage.

1961 2700 104 27 January
2074 2702 34 25 16,
2118 2701 62 22 1844.

2147 2752 166 22 Almanack.

1935 2785 75 48 AN
2031 2785 180 22 ALMANACK
2231 2786 34 21 for
2283 2786 137 28 Wellington
2439 2787 19 22 is
2476 2794 51 15 now

2007 2812 129 27 publishing
2145 2816 24 18 at
2177 2812 45 22 this
2233 2813 80 24 Office.

2166 2853 77 21 price,
2258 2848 32 20 Is.

2116 2879 76 26 Office,
2204 2879 127 24 December
2341 2881 19 24 7,
2372 2882 62 21 1843.
2447 2894 8 8 -•

1937 2931 73 49 ON
2025 2931 79 23 SALE
2117 2934 24 20 at
2159 2931 39 23 the
2218 2932 72 22 Office
2310 2933 24 21 of
2351 2933 45 22 this
2413 2940 112 21 paper:—

2015 2957 62 27 Keys
2088 2959 25 21 of
2119 2959 38 21 the
2166 2959 71 22 Town
2247 2959 26 22 of
2280 2959 55 22 New
2345 2959 128 28 Plymouth,

1961 2984 69 22 Plans
2041 2985 25 21 of
2074 2985 99 28 Country
2184 2986 66 22 Land
2260 2986 72 22 round
2344 2987 143 27 Wellington,
2498 2987 24 21 in

1935 3018 58 19 case,

1961 3037 70 23 Plans
2041 3038 26 22 of
2073 3038 92 27 Nelson,
2177 3039 24 22 in
2211 3047 60 20 case,

1961 3065 80 27 Copies
2058 3065 26 22 of
2097 3065 37 23 the
2150 3065 58 23 New
2227 3067 101 22 Zealand
2342 3067 101 26 Journal,
2461 3068 60 25 1842,

1933 3091 118 28 complete,
2062 3092 83 27 bound,

1961 3118 135 27 Chapman's
2105 3119 115 27 Portfolio,
2231 3120 86 26 bound,

1960 3145 75 21 Prints
2041 3145 26 21 of
2070 3145 93 28 Nelson,

1960 3171 76 22 Prints
2045 3171 26 22 of
2074 3171 143 28 Wellington,

1959 3197 69 23 Plans
2038 3198 26 22 of
2069 3198 85 22 Nelson
2164 3199 23 21 in
2197 3199 87 27 Sheets,

1960 3225 69 22 Plans
2039 3225 26 21 of
2070 3226 100 27 Country
2180 3225 66 23 Land
2256 3230 24 18 at
2293 3226 144 28 Wellington,

1959 3251 70 23 Plans
2038 3251 24 23 of
2069 3252 38 22 the
2117 3252 67 22 Town
2196 3253 26 21 of
2229 3253 57 22 New
2296 3253 128 28 Plymouth.

1959 3279 132 26 September
2100 3280 33 27 19,
2144 3281 64 21 1843.

2102 3330 78 20 Meat
2201 3331 150 26 Company.

1933 3362 92 50 THE
2046 3362 238 28 UNDERSIGNED,
2302 3363 85 27 having
2405 3364 57 22 been
2483 3371 38 21 ap-

2006 3390 91 28 pointed
2112 3390 110 27 Manager
2232 3390 26 22 of
2272 3390 38 22 the
2323 3391 64 22 Meat
2397 3391 123 28 Company,

1930 3416 55 27 begs
1994 3420 24 19 to
2028 3423 117 16 announce
2155 3416 51 23 that
2218 3424 14 15 a
2242 3417 89 27 regular
2339 3417 78 27 supply
2427 3418 26 21 of
2462 3418 59 26 beef,

1931 3446 96 24 mutton,
2048 3443 45 22 and
2109 3444 56 28 pork
2182 3451 53 20 may
2254 3444 83 27 always
2354 3444 28 21 be
2402 3445 120 27 depended

1931 3477 61 21 upon
2003 3474 24 17 at
2037 3470 44 22 this
2090 3470 175 23 establishment.

1958 3498 34 21 As
2016 3496 44 23 this
2083 3498 116 27 Company
2217 3505 107 19 purposes
2343 3497 80 27 selling
2441 3501 31 20 at.
2483 3497 36 22 the

1930 3524 79 22 lowest
2017 3524 71 28 prices
2098 3528 23 19 at
2135 3524 73 22 which
2217 3528 20 17 it
2250 3524 19 22 is
2278 3524 71 21 found
2358 3524 38 22 the
2404 3527 61 19 meat
2478 3531 42 16 can

1930 3551 28 22 be
1968 3551 108 28 afforded,
2088 3551 37 22 the
2135 3550 151 28 undersigned
2294 3550 18 22 is
2326 3550 53 28 only
2389 3550 128 23 authorized

1930 3581 24 18 to
1963 3578 52 27 give
2020 3585 55 20 very
2080 3578 86 22 limited
2176 3578 77 26 credit,
2260 3577 47 22 and
2313 3576 40 22 has
2359 3578 56 21 been
2424 3577 97 22 ordered

1930 3608 23 18 to
1970 3609 49 24 stop
2034 3605 31 22 all
2077 3608 105 19 accounts
2197 3604 74 22 which
2284 3611 37 14 are
2337 3607 40 18 not
2391 3603 54 27 paid
2458 3611 62 21 upon

1931 3632 103 22 demand.

1957 3658 49 23 The
2016 3658 101 23 business
2126 3658 25 21 of
2159 3657 37 21 the
2208 3656 113 27 Company
2330 3656 20 22 is
2359 3656 86 23 carried
2455 3665 29 14 on
2493 3657 26 22 in

1931 3685 58 23 their
2004 3693 49 14 new
2068 3684 107 26 building,
2187 3683 90 22 erected
2294 3683 102 22 between
2414 3684 105 22 France's

1930 3712 71 23 Hotel
2020 3712 44 21 and
2083 3711 37 21 the
2138 3710 58 21 head
2213 3710 27 21 of
2253 3709 39 22 the
2307 3710 56 27 Bay,
2382 3710 45 21 and
2441 3710 78 28 nearly

1931 3739 100 27 opposite
2041 3742 23 18 to
2074 3738 44 21 Mr.
2129 3737 84 26 Lyon's
2223 3737 70 20 Store.
2369 3749 2 5 .
2405 3750 5 4 -

2204 3770 36 21 W.
2255 3770 102 27 Flyger,
2373 3771 117 26 Manager.

1958 3798 131 23 November
2098 3797 33 26 23,
2144 3798 71 21 1842.,
2245 3810 4 5 ■
2293 3810 18 5 >•
2370 3800 5 15 ■'
2385 3803 27 22 y
2414 3811 8 16 :
2481 3804 5 5 J

1930 3841 129 49 PLANS
2083 3839 29 21 of
2128 3839 38 22 the
2178 3839 82 24 .Town
2279 3839 28 25 of
2321 3836 170 31 Wellinojlpk.
2498 3837 11 30 \

1985 3876 5 3 -
2004 3867 62 22 Plan'
2083 3866 29 21 of
2115 3865 37 23 the
2163 3865 116 30 Harbour,
2283 3866 25 22 of
2321 3863 63 25 PoV^
2391 3862 128 33 Njclyilsoh

1931 3916 176 28 /CHARTER
2117 3916 18 21 P
2137 3914 156 28 ARTxES,for
2302 3914 79 23 saleat
2387 3919 40 19 tne
2435 3914 86 24 Gdzeiie

1931 3933 44 33 \j>
1989 3942 78 22 Office.
