2590 4039
717 1472 61 20 Same
788 1472 47 26 day,
846 1473 71 18 cutter
929 1470 118 26 Catherine'^
1055 1471 110 25 Johnston,
1178 1472 23 19 11
1219 1473 56 21 tons,

688 1499 84 25 Taylor,
784 1499 55 20 from
848 1499 83 20 Nelson
939 1498 44 21 and
991 1498 129 26 Wanganui.

715 1418 106 26 February
833 1418 20 23 7,
865 1416 102 21 schooner
978 1416 52 20 New
1040 1416 124 24 Zealander,
1182 1416 26 21 27
1220 1418 54 22 tons,

690 1445 81 23 Guard,
781 1444 54 21 from
847 1444 84 24 Cloudy
940 1443 52 25 Bay.

718 1527 107 25 February
836 1527 21 25 8,
869 1526 48 26 brig
925 1526 71 23 Ituna,
1008 1526 126 24 Sanderson,
1143 1526 54 20 from
1207 1525 71 21 Auck-

689 1553 56 21 land.
775 1553 117 25 Passenger
892 1564 29 5 —
932 1553 26 21 G.
968 1553 29 20 D.
1011 1553 103 25 Lardner,
1126 1553 29 21 D.
1166 1553 26 21 A.
1204 1553 27 21 C.
1242 1553 28 20 G.

932 1604 119 21 SAILED.

717 1637 106 26 February
835 1637 19 24 7,
865 1637 81 26 barque
964 1637 134 26 Indemnity,
1116 1638 42 20 312
1183 1639 59 24 tons,
1254 1636 24 22 R.

692 1664 119 25 Sedgwkk,
821 1665 35 19 for
863 1664 100 20 London.

917 1716 33 21 IN
966 1717 87 21 PORT.

718 1750 112 21 Schooner
855 1750 66 26 Erin,
946 1750 28 20 25
999 1753 59 17 tons.
1087 1750 122 27 Repairing.

717 1778 112 20 Schooner
835 1778 74 20 Maori
915 1778 75 26 Davis,
998 1778 26 20 15
1032 1781 60 18 tons.
1121 1778 125 26 Repairing.

718 1806 111 20 Schooner
835 1806 78 20 Nelson
922 1806 85 25 Packet,
1013 1806 29 20 20
1048 1807 58 23 tons,
1115 1806 59 20 Cole.
1202 1806 77 26 Agent,

691 1833 101 26 Captain.

718 1861 110 19 Schooner
839 1860 111 21 Susannah
960 1861 57 25 Ann,
1025 1861 38 24 79,
1077 1860 86 21 Brown.
1190 1861 90 25 Agents,

691 1887 87 21 Samuel
786 1888 42 20 and
837 1888 91 25 Joseph.

719 1915 66 26 Sloop
791 1915 68 26 Royal
867 1916 102 24 William,
976 1915 28 21 43
1013 1918 56 23 tons,
1078 1915 86 22 Lovstt.
1191 1913 91 30 Agents,'

691 1943 94 20 Wallace
795 1943 42 20 and
852 1942 39 22 Co.
1277 1941 4 32 \

718 1971 86 24 Barque
828 1971 126 24 Himalaya,
978 1971 41 19 477
1044 1973 58 21 tons,
1127 1971 59 19 Hero
1211 1971 76 19 Burn*.

691 1997 88 26 Agents,
791 1996 112 25 Ridgways
912 1996 41 20 and
962 1995 42 20 Co.
1276 1999 4 14 '■

720 2024 110 20 Schooner
839 2023 125 24 Richmond,
975 2023 28 20 23
1013 2025 57 22 tons,
1088 2022 85 22 Brown.
1201 2023 79 26 Agent,

692 2052 91 20 Master.

720 2079 110 20 Schooner
838 2079 83 26 Emma,
934 2079 25 19 14
971 2079 55 23 tons,
1038 2077 136 21 Greenwood.
1202 2078 78 26 Agent,

694 2107 91 20 Master.

720 2134 108 20 Schooner
851 2134 54 20 New
924 2133 123 24 Zealander,
1068 2133 27 20 27
1120 2134 58 23 tons,
1199 2131 81 22 Guard.

692 2161 68 20 Waitt
769 2161 42 20 and
820 2160 73 27 Tyser,
905 2161 91 25 Agents.

720 2188 78 21 Cutter
816 2188 111 20 Catherine
944 2188 110 23 Johnston,
1074 2188 24 19 11
1119 2189 56 23 tons,
1195 2187 85 27 Taylor.

693 2216 91 26 Captain
796 2218 74 23 Agent.

720 2244 52 25 Brig
783 2244 69 20 Ituna.
1275 2243 4 18 i

867 2300 123 20 CUSTOM
1007 2300 107 20 HOUSE.

835 2376 140 17 OUTWARDS,
999 2375 141 16 COASTWIBE'

721 2402 30 21 In
759 2409 48 14 the
1100 2402 152 21 fos-Kapiti.
1254 2410 25 5 —

693 2432 84 22 Levien,
788 2431 100 25 Agent.—
888 2430 18 21 >
903 2430 21 21 7
915 2432 48 19 tons
973 2430 61 24 flour,
1044 2431 10 19 1
1066 2429 51 22 cask
1124 2430 87 25 brandy,
1223 2430 12 20 1
1244 2428 35 21 do.

693 2465 55 17 rum,
759 2460 13 18 2
782 2459 74 20 tierces
864 2458 95 25 tobacco,
971 2458 64 26 slops,
1045 2458 12 20 7
1069 2458 51 24 bags
1127 2463 68 20 sugar,
1206 2458 14 19 4
1227 2455 52 22 coils

694 2485 97 25 cordage.

722 2518 30 20 In
760 2524 47 14 the
855 2518 69 20 Lady
1060 2524 46 15 for
1115 2517 49 21 Kai
1173 2516 78 21 Koha,
1253 2526 27 4 —

696 2547 69 19 Waitt
775 2546 42 20 and
835 2547 72 24 Tyser,
922 2546 87 25 Agents.
1010 2556 27 5 —
1039 2546 26 20 10
1082 2546 51 25 bags
1142 2545 60 23 flour,
1215 2545 11 19 5
1247 2543 33 20 do.

694 2579 70 20 sugar,
776 2574 26 20 90
812 2575 50 19 tuns
871 2573 79 21 shooks
965 2573 42 21 and
1017 2573 69 24 casks,
1103 2573 12 21 8
1126 2572 60 21 casks
1195 2571 56 25 beef,
1268 2571 12 19 2

693 2601 69 22 boats,
777 2601 41 20 400
832 2601 43 21 feet
890 2601 85 21 boards.
1004 2601 126 25 Passengers
1131 2610 28 5 —
1160 2599 42 21 Mr.
1220 2597 60 28 F.yfe,

694 2628 42 20 and
747 2629 27 19 10
785 2628 94 20 whalers.

840 2697 129 23 Inwards,
986 2695 150 21 Coastwise.

722 2728 30 21 In
767 2735 49 14 the
987 2733 66 16 from
1076 2728 61 21 Port
1154 2728 124 20 Cooper.—

698 2757 97 24 Captain,
805 2756 77 25 Agent.
884 2766 26 5 —
910 2757 29 19 13
948 2755 44 21 kits
1004 2755 80 21 batter.

832 2832 99 26 Spirits
942 2832 55 22 and
1010 2833 134 22 Tobacco.

725 2889 67 20 Stock
802 2894 26 14 on
847 2888 58 19 hand
914 2888 32 20 the.
959 2887 38 20 6th
1010 2888 81 20 ultimo.
1092 2898 28 4 —
1123 2887 90 26 Brandy,
1229 2887 53 20 3401

697 2916 83 27 gallons
788 2923 6 17 ;
824 2915 51 20 B.P.
886 2914 64 24 Rum,
969 2915 54 20 3131
1039 2915 82 26 gallons
1129 2922 5 17 ;
1164 2915 50 23 Gin,
1230 2914 54 21 1489

697 2943 83 27 gallons
789 2950 5 17 ;
819 2942 89 24 Arrack,
931 2942 42 21 180
994 2943 81 25 gallons
1084 2950 6 17 ;
1113 2942 110 26 Whiskey,
1245 2942 38 20 121

697 2971 84 27 gallons
790 2978 5 16 ;
811 2976 48 14 case
868 2969 94 27 Brandy,
972 2970 28 20 49
1009 2970 82 26 gallons
1098 2978 7 17 ;
1127 2976 46 14 case
1183 2969 50 25 Gin,
1244 2969 40 21 318

698 2998 82 27 gallons
789 3006 5 16 ;
824 2997 104 25 Cordials,
952 2998 27 19 22
1004 2998 82 25 gallons
1094 3005 7 18 ;
1129 2999 29 24 fig
1179 2997 105 24 Tobacco,

699 3027 84 21 51821b
793 3033 5 16 ;
814 3025 39 20 roll
863 3025 106 24 Tobacco,
979 3025 67 23 3971b
1056 3034 6 15 ;
1080 3025 112 21 cavendish
1202 3025 67 22 7501b
1279 3031 5 17 ;

699 3053 82 26 Cigars,
793 3053 79 23 18231b
880 3059 6 17 i
903 3052 78 25 Snuffs,
993 3053 75 23 322%.

727 3087 112 21 Delivered
840 3086 44 26 for
892 3088 60 19 home
961 3088 150 24 consumption.
1112 3098 29 5 —
1141 3086 91 28 Brandy,
1244 3086 39 21 311

698 3116 95 26 gallons;
819 3114 51 21 B.P.
882 3114 64 25 Rum,
961 3114 41 21 315
1014 3115 80 25 gallons
1103 3123 5 17 ;
1134 3115 42 20 Gin
1185 3115 40 20 374
1240 3114 45 24 gal-

698 3144 61 24 lons;
785 3148 47 16 case
846 3142 93 26 Brandy,
957 3143 27 20 19
998 3142 95 26 gallons;
1117 3149 47 14 case
1179 3142 50 24 Gin,
1246 3142 40 19 100

698 3171 95 26 gallons;
817 3170 30 26 fig
865 3170 106 24 Tobacco,
996 3170 96 24 15131b;
1117 3170 41 21 roll
1179 3170 105 23 Tobacco,

698 3199 70 23 96ft;
785 3197 80 26 Cigars,
877 3198 42 20 349
924 3198 31 22 fe.

725 3230 113 21 Delivered
847 3230 42 25 for
906 3230 141 25 exportation.
1049 3239 28 5 —
1078 3229 91 26 Brandy,
1185 3229 41 21 542
1242 3228 44 26 gal-

697 3258 62 24 lons;
790 3257 52 21 B.P.
863 3257 64 24 Rum,
947 3258 25 19 5C
1000 3257 96 27 gallons;
1129 3263 46 15 case
1190 3257 51 25 Gin,
1259 3256 26 20 30

699 3285 92 26 gallons,

727 3319 66 21 Stock
802 3325 27 15 on
841 3319 58 20 hand
908 3320 35 19 the
960 3320 35 19 Ist
1004 3319 88 21 instant.
1093 3330 28 5 —
1122 3319 92 26 Brandy,
1232 3318 54 21 2548

697 3347 95 26 gallons;
819 3347 51 20 B.P.
886 3346 65 24 Rum,
969 3347 56 19 2766
1040 3347 98 25 gallons;
1164 3346 51 25 Gin,
1233 3345 52 21 1115

697 3374 97 26 gallons;
810 3373 88 26 Arrack,
912 3374 38 20 180
960 3373 81 26 gallons
1050 3382 6 17 ;
1072 3375 108 26 Whiskey,
1190 3375 40 19 121
1239 3373 47 25 gal-

696 3402 49 20 lons
755 3409 6 17 ;
787 3408 48 14 case
844 3401 93 26 Brandy,
955 3401 28 20 30
993 3401 94 26 gallons;
1112 3408 47 15 case
1176 3401 50 25 Gin,
1244 3401 42 20 188

697 3429 84 26 gallons
787 3436 6 17 ;
826 3428 105 25 Cordials,
956 3429 27 19 22
1005 3429 82 25 gallons
1096 3436 5 17 ;
1131 3430 29 25 fig
1182 3429 104 24 Tobacco,

697 3457 84 22 32971b
790 3464 6 16 ;
812 3456 41 20 roll
862 3456 106 24 Tobacco,
974 3455 70 23 3011b
1053 3464 5 17 ;
1070 3457 120 25 cavendish,
1203 3457 39 20 750
1248 3457 22 22 lb
1280 3463 7 17 ;

698 3483 85 27 Cigars,
792 3484 81 21 15991b
880 3490 6 17 ;
900 3483 79 25 Snuffs,
987 3483 41 21 322
1036 3484 32 23 lb.

725 3517 140 27 Wellington,
877 3517 106 28 February
993 3519 21 26 1,
1026 3518 62 22 1844.

692 3583 94 63 New
817 3583 220 63 Zealand
1068 3583 219 63 Gazette

739 3646 68 23 AND
821 3646 218 24 WELLINGTON
1058 3647 189 24 SPECTATOR.

794 3709 132 26 Saturday,
942 3709 128 22 February
1085 3711 33 25 lo;
1135 3710 58 22 1844.

1336 1153 43 24 We
1397 1153 139 24 understand
1554 1153 50 23 that
1624 1153 49 25 Mr.
1691 1153 108 28 Bennett,
1813 1153 75 29 R.E.,

1303 1188 42 23 has
1363 1186 92 24 decided
1474 1194 29 15 on
1519 1187 102 30 erecting
1638 1186 38 24 the
1694 1186 115 25 Barracks
1828 1194 61 23 upon

1303 1221 44 23 five
1368 1228 64 15 acres
1453 1219 97 24 selected
1570 1219 29 32 by
1612 1219 47 24 him
1675 1219 37 24 for
1732 1219 39 24 the
1789 1227 99 23 purpose

1305 1261 29 16 on
1357 1252 125 25 Thorndon
1506 1252 62 25 Flat.
1621 1252 43 24 We
1686 1258 85 26 regret,
1794 1252 95 25 exceed-

1304 1286 63 31 ingly
1390 1285 50 24 that
1460 1285 36 24 the
1515 1286 54 31 gaol
1588 1293 46 16 was
1653 1290 41 19 not
1706 1285 80 32 placed
1797 1293 29 16 on
1841 1285 48 24 that

1305 1320 88 31 portion
1405 1319 25 23 of
1440 1319 84 24 Mount
1536 1318 66 25 Cook
1611 1318 123 32 appointed
1745 1318 31 32 by
1788 1318 100 32 Captain

1307 1352 83 29 Smith,
1414 1352 66 29 R.A,
1505 1357 22 19 at
1547 1352 37 24 the
1606 1353 54 22 time
1676 1352 30 24 he
1724 1351 112 31 surveyed
1850 1352 39 23 the

1307 1386 79 24 Town.
1432 1385 83 24 Mount
1534 1385 65 24 Cook
1618 1386 19 22 is
1649 1385 192 31 unquestionably
1852 1385 39 24 the

1305 1419 52 24 best
1368 1419 43 23 site
1610 1418 34 23 for
1656 1418 38 24 the
1704 1418 126 25 Barracks.
1867 1418 24 24 It

1307 1452 119 24 overlooks
1440 1452 37 23 the
1495 1452 73 23 whole
1587 1451 80 29 Town,
1686 1452 45 23 and
1751 1452 37 23 the
1809 1456 82 26 sentry

1307 1485 73 24 would
1392 1485 83 30 always
1486 1485 28 23 be
1525 1485 68 30 ready
1606 1489 22 19 to
1640 1485 51 31 give
1705 1485 38 23 the
1754 1485 51 23 first
1816 1485 74 23 alarm

1308 1519 25 24 of
1348 1519 49 27 fire,
1420 1526 25 17 or
1463 1518 25 23 of
1503 1525 44 24 any
1567 1518 63 23 other
1642 1523 65 19 event
1720 1517 71 31 likely
1799 1523 22 19 to
1834 1518 57 23 need

1308 1552 129 24 immediate
1450 1552 107 26 attention
1566 1560 5 20 ;
1586 1552 44 22 and
1642 1559 28 15 an
1682 1551 113 23 excellent
1806 1552 84 31 parade

1307 1585 87 31 ground
1407 1584 73 32 might
1490 1585 27 23 be
1529 1584 107 31 provided
1647 1585 24 23 in
1693 1585 38 23 the
1751 1585 139 29 neighbour-

1307 1618 59 24 hood
1378 1619 25 23 of
1418 1618 84 23 Mount
1514 1618 73 28 Cook,
1601 1625 28 16 on
1641 1618 38 22 the
1693 1623 59 18 town
1763 1617 55 29 belt,
1836 1625 56 16 near

1309 1651 84 24 Mount
1404 1651 111 24 Victoria.
1559 1651 57 23 Had
1632 1651 37 23 the
1679 1651 54 30 gaol
1743 1650 56 24 been
1809 1651 83 31 placed

1308 1685 24 23 in
1343 1684 37 24 the
1392 1684 64 31 place
1469 1684 118 31 originally
1599 1684 94 23 allotted
1704 1684 34 23 for
1750 1684 26 28 it,
1788 1684 18 23 it
1816 1684 76 23 would

1308 1717 57 24 have
1376 1718 58 23 been
1446 1718 24 22 in
1484 1717 36 23 the
1532 1725 50 16 rear
1594 1717 26 23 of
1634 1717 38 23 the
1684 1717 104 23 Barrack
1800 1725 90 23 square,

1308 1751 45 23 and
1373 1751 74 23 under
1468 1750 37 24 the
1523 1750 128 24 immediate
1672 1750 113 31 vigilance
1804 1752 26 22 of
1853 1751 38 23 the

1310 1784 112 30 Military,
1435 1783 94 24 without
1541 1791 44 23 any
1604 1784 177 23 inconvenience
1797 1788 28 19 .to
1843 1784 49 23 that

1308 1818 68 23 force.
1422 1816 51 24 The
1484 1817 105 30 grievous
1599 1816 97 24 blunder
1707 1817 66 23 made
1783 1816 31 31 by
1827 1816 64 24 those

1308 1851 50 22 who
1380 1858 58 16 were
1461 1849 117 24 consulted
1597 1849 131 31 respecting
1747 1850 41 23 -the
1809 1858 83 23 proper

1310 1888 52 27 spot
1380 1884 34 23 for
1435 1884 38 23 the
1491 1883 60 31 gaol,
1569 1890 34 16 we
1621 1883 67 31 hope,
1708 1882 46 24 will
1765 1888 93 28 suggest
1870 1887 22 19 to

1310 1917 163 28 Government,
1486 1917 36 23 the
1533 1916 124 30 advantage
1665 1915 28 24 of
1703 1915 94 31 making
1808 1917 84 23 known

1310 1949 37 24 the
1355 1950 117 23 .intention
1484 1950 24 23 of
1524 1950 101 30 erecting
1643 1949 79 31 public
1738 1949 118 31 .buildings
1865 1950 27 23 dn

1308 1982 83 22 future.
1428 1982 27 23 If
1464 1982 47 22 that
1520 1988 80 16 course
1612 1982 27 21 be
1651 1981 101 30 pursued
1764 1982 127 22 discussion

1310 2014 45 24 will
1369 2021 84 21 .ensue,
1474 2013 43 24 and
1537 2013 37 24 the
1594 2013 90 23 settlers
1705 2021 52 23 may
1769 2013 28 23 be
1811 2013 81 32 spared

1310 2047 84 31 having
1408 2047 39 23 the
1465 2046 110 24 beautiful
1592 2046 92 30 locality
1705 2047 26 23 of
1753 2046 59 24 their
1833 2051 59 19 town

1310 2080 107 23 rendered
1428 2084 40 28 yet
1477 2087 62 16 more
1552 2079 115 31 unsightly
1686 2079 31 31 by
1736 2079 91 24 furthur
1846 2080 46 23 dis-

1310 2114 50 30 play
1370 2114 26 22 of
1409 2114 112 24 unfitness
1542 2117 22 19 to
1585 2113 75 23 advise
1679 2112 39 24 the
1728 2112 164 24 Government.

1310 2146 28 23 In
1362 2147 92 31 placing
1465 2141 49 28 *the
1538 2146 50 32 gaol
1607 2147 23 22 in
1648 2147 30 22 its
1692 2150 91 26 present
1795 2147 97 31 position

1309 2180 75 30 utility
1396 2180 44 22 and
1453 2180 82 30 beauty
1547 2180 55 22 have
1621 2179 91 30 equally
1731 2179 57 23 been
1810 2179 82 23 defied.

1309 2213 65 24 Each
1387 2213 44 30 day
1441 2213 48 23 that
1502 2221 32 15 we
1553 2220 37 15 are
1611 2212 126 30 compelled
1754 2218 22 17 to
1792 2221 38 15 see
1853 2213 39 22 the

1309 2246 51 31 gaol
1371 2246 97 31 feelings
1480 2246 25 23 of
1520 2253 69 24 anger
1601 2246 59 23 arise
1671 2246 97 23 towards
1788 2246 39 23 the
1849 2246 43 23 im-

1309 2280 114 31 pertinent
1441 2287 81 23 person
1545 2287 23 15 or
1587 2286 95 24 persons
1703 2279 50 23 who
1764 2279 65 24 could
1840 2287 52 23 pro-

1309 2321 54 22 pose
1374 2313 93 30 placing
1478 2314 18 22 it
1507 2314 23 22 in
1543 2314 28 22 its
1583 2316 92 27 present
1684 2312 107 31 position.

1342 2346 45 23 We
1397 2346 57 23 have
1466 2345 68 24 heard
1548 2345 47 24 that
1607 2345 48 24 Mr.
1667 2345 101 24 Bennett
1779 2346 48 24 still
1839 2353 55 16 con-

1310 2380 71 22 siders
1394 2379 84 23 Mount
1489 2379 66 23 Cook
1566 2379 19 23 is
1604 2378 38 24 the
1653 2386 84 23 proper
1755 2380 42 22 site
1809 2379 35 23 for
1856 2378 38 24 the

1310 2411 115 25 Barracks
1434 2421 6 20 ;
1466 2412 44 23 and
1533 2412 48 23 that
1601 2411 29 24 he
1653 2411 75 23 would
1748 2412 64 31 place
1833 2412 61 24 them

1310 2446 62 23 there
1384 2446 20 22 if
1414 2445 37 23 the
1462 2445 52 31 gaol
1526 2444 38 24 did
1574 2449 41 19 not
1626 2449 95 26 prevent
1731 2444 37 24 his
1778 2453 24 16 so
1811 2445 69 30 doing
1888 2454 5 20 ;

1308 2478 88 24 further
1407 2478 51 24 that
1480 2478 28 23 he
1526 2477 75 24 would
1613 2479 127 22 endeavour
1752 2484 23 17 to
1791 2478 54 23 take
1856 2479 38 22 the

1310 2512 115 24 materials
1437 2512 24 23 of
1477 2511 73 24 which
1572 2510 39 25 the
1630 2511 52 31 gaol
1702 2511 20 23 is
1743 2511 65 29 built,
1822 2511 20 24 if
1856 2512 38 23 the

1310 2545 117 31 unsightly
1458 2545 64 31 thing
1555 2552 57 16 were
1649 2543 96 25 levelled
1775 2545 54 23 with
1856 2544 38 24 the

1310 2586 23 23 gi
1339 2578 68 24 ound.

1345 2611 50 24 The
1413 2611 60 31 gaol,
1494 2619 28 16 on
1545 2611 37 24 the
1602 2615 51 27 spot
1675 2611 19 23 it
1713 2618 51 16 how
1782 2612 112 30 occupies,

1310 2649 62 19 .must
1383 2653 52 15 ever
1447 2645 27 23 be
1487 2653 28 15 an
1529 2653 39 22 eye
1587 2653 50 15 sore
1646 2653 7 19 ;
1673 2652 34 15 we
1728 2643 74 24 would
1820 2644 75 24 there-

1312 2678 47 24 fore
1368 2682 95 27 suggest
1473 2682 22 20 to
1502 2686 42 16 our
1551 2677 73 25 fellow
1635 2677 92 24 settlers
1736 2678 37 23 the
1780 2679 116 30 propriety

1312 2712 26 23 of
1348 2712 87 31 urging
1453 2711 36 24 his
1507 2710 149 32 Excellency,
1670 2718 30 17 on
1719 2710 37 25 his
1774 2715 87 25 return,
1874 2715 22 20 to

1313 2746 102 23 sanction
1427 2746 30 22 its
1469 2744 106 24 removal.
1611 2744 52 24 The
1674 2744 48 23 loss
1734 2744 75 24 which
1821 2744 76 24 would

1313 2786 86 22 accrue,
1412 2778 24 23 in
1448 2777 63 24 these
1522 2777 57 24 hard
1591 2778 75 28 times,
1679 2777 75 31 might
1766 2778 26 23 he
1803 2778 94 31 pleaded

1312 2811 36 24 for
1359 2816 40 19 not
1420 2811 130 31 complying
1560 2811 54 23 with
1625 2811 40 23 the
1682 2815 93 26 request
1785 2820 6 20 ;
1811 2812 41 23 but
1865 2819 32 16 we

1313 2852 38 16 are
1367 2852 53 16 sure
1443 2844 20 23 if
1484 2852 14 15 a
1516 2844 132 31 deputation
1668 2844 75 24 would
1762 2852 79 16 assure
1862 2845 35 23 his

1313 2877 141 32 Excellency
1466 2877 48 24 that
1534 2877 39 23 the
1590 2877 158 24 Government
1766 2877 81 25 should
1858 2882 39 20 not

1313 2911 47 24 lose
1372 2920 14 15 a
1402 2910 108 32 farthing,
1522 2910 30 24 he
1569 2910 75 25 would
1664 2910 29 25 be
1708 2916 61 19 most
1787 2911 76 32 happy
1875 2916 22 19 to

1313 2949 59 19 meet
1384 2945 38 23 the
1434 2944 80 23 wishes
1528 2944 24 24 of
1562 2943 38 25 the
1612 2944 98 24 settlers.
1745 2945 80 30 Every
1835 2945 62 23 mind

1313 2978 120 31 possessed
1446 2977 25 24 of
1486 2986 13 15 a
1507 2977 84 32 feeling
1602 2978 35 23 for
1655 2977 40 24 the
1706 2977 119 29 beautiful,
1837 2982 60 19 must

1314 3011 28 23 be
1362 3011 110 30 outraged
1490 3011 31 31 by
1533 3011 38 23 the
1591 3011 66 24 mode
1676 3011 25 24 in
1719 3011 73 24 which
1815 3011 82 24 Mount

1315 3043 66 24 Cook
1392 3044 42 23 has
1457 3044 57 24 been
1532 3044 166 32 appropriated,
1710 3045 46 23 and
1775 3044 39 25 the
1835 3045 62 31 sight

1315 3082 81 19 cannot
1407 3077 45 24 fail
1463 3082 22 19 to
1496 3078 30 23 be
1543 3078 124 31 extremely
1688 3078 109 24 offensive
1818 3082 24 20 to
1862 3078 35 24 his

1315 3110 148 30 Excellency.

1348 3143 43 24 We
1403 3149 62 19 must
1475 3149 37 19 act
1529 3151 49 16 now
1597 3152 26 15 or
1641 3152 78 16 never.
1755 3144 26 24 If
1796 3145 38 23 the
1846 3145 54 23 bar-

1315 3176 67 25 racks
1394 3177 29 23 be
1435 3177 89 24 erected
1536 3185 26 15 on
1575 3177 125 24 Thorndon
1713 3177 61 30 Flat,
1787 3178 54 31 they
1852 3178 50 24 will

1314 3211 87 23 remain
1413 3210 71 24 there.
1521 3210 62 31 Only
1601 3218 14 16 a
1634 3211 67 23 small
1719 3211 91 30 portion
1821 3211 25 23 of
1861 3211 40 24 the

1314 3244 52 32 gaol
1378 3244 19 23 is
1410 3244 96 28 erected,
1519 3243 44 24 and
1581 3251 33 16 we
1634 3251 39 16 are
1696 3244 113 24 confident
1824 3244 21 23 if
1860 3245 41 24 the

1315 3277 109 24 colonists
1455 3276 74 25 would
1558 3284 81 16 ensure
1670 3276 42 24 the
1745 3277 157 25 Government

1315 3310 91 31 against
1417 3310 47 23 loss
1478 3310 87 31 arising
1576 3310 57 23 from
1651 3309 40 25 the
1701 3310 102 24 removal
1821 3311 26 24 of
1862 3311 39 23 the

1315 3343 60 32 gaol,
1388 3343 39 23 the
1446 3344 108 23 nuisance
1571 3344 73 23 would
1665 3344 29 22 be
1705 3349 42 25 got
1764 3344 34 23 rid
1811 3345 30 23 of.
1877 3344 25 24 A

1315 3377 66 24 small
1394 3377 154 32 subscription
1566 3376 73 25 would
1659 3380 62 20 meet
1738 3377 38 23 the
1788 3385 111 23 expence,

1316 3410 44 24 and
1372 3418 33 16 we
1417 3410 112 24 therefore
1541 3418 56 23 urge
1607 3410 39 23 the
1657 3410 118 31 propriety
1785 3410 28 24 of
1821 3410 81 32 taking

1317 3448 61 27 steps
1390 3448 24 19 to
1426 3443 92 31 provide
1539 3451 13 15 a
1562 3443 56 24 fund
1630 3448 23 18 to
1665 3447 62 19 meet
1745 3443 37 23 the
1794 3443 106 25 demand.

1317 3477 26 23 If
1357 3477 39 23 the
1416 3481 93 26 present
1529 3477 146 30 opportunity
1693 3476 28 23 be
1740 3476 118 31 neglected
1879 3478 23 23 of

1317 3511 128 29 correcting
1455 3517 13 15 a
1486 3514 63 26 great
1570 3509 104 29 mistake,
1688 3516 34 16 we
1733 3509 43 24 feel
1788 3511 114 23 confident

1316 3544 19 23 it
1355 3543 47 24 will
1421 3543 113 23 hereafter
1550 3542 29 24 be
1601 3542 68 24 much
1690 3543 123 30 regretted.
1857 3544 45 24 We

1315 3577 59 31 hope
1386 3576 45 24 and
1442 3580 59 19 trust
1517 3583 41 16 our
1578 3575 73 24 fellow
1662 3575 93 24 settlers
1766 3577 46 23 will
1823 3578 79 24 evince

1316 3610 60 24 their
1386 3609 61 32 good
1458 3613 58 19 taste
1534 3609 30 31 by
1583 3609 125 31 bestirring
1729 3610 138 25 themselves
1877 3611 25 24 in

1317 3643 45 24 this
1374 3646 89 21 matter.
1498 3641 45 24 We
1560 3641 47 24 will
1618 3646 39 20 not
1668 3643 82 31 appeal
1761 3648 22 19 to
1795 3643 59 24 their
1866 3645 36 23 in-

1317 3680 77 25 terest,
1406 3676 88 31 though
1506 3683 34 15 we
1556 3675 65 25 could
1642 3675 63 24 show
1722 3676 49 24 that
1788 3678 79 31 acting
1877 3686 25 16 as

1316 3718 34 15 we
1360 3709 58 24 wish
1430 3709 74 24 would
1515 3708 29 25 be
1565 3709 130 31 consulting
1707 3709 18 23 it
1737 3709 54 25 both
1804 3711 96 31 directly

1316 3742 44 25 and
1366 3742 130 31 indirectly,
1509 3750 25 16 as
1541 3749 35 17 we
1585 3742 104 24 consider
1697 3742 64 24 there
1772 3751 39 17 are
1822 3744 80 31 higher

1315 3775 45 25 and
1373 3776 74 23 better
1458 3775 97 32 feelings
1573 3776 55 23 than
1651 3775 64 24 those
1731 3777 26 23 of
1770 3785 63 16 mere
1848 3785 54 24 pro-

1315 3810 33 29 fit,
1359 3809 75 25 which
1442 3810 18 23 it
1469 3810 20 22 is
1498 3810 55 22 wise
1562 3813 23 20 to
1595 3809 72 24 foster
1678 3808 46 25 and
1732 3818 135 23 encourage.

1475 3871 118 25 COURT
1614 3871 129 25 HOUSE.

732 3762 46 23 We
789 3769 38 16 are
835 3762 77 32 happy
922 3766 24 19 to
960 3762 29 23 be
1001 3763 50 23 able
1068 3768 23 19 to
1107 3768 66 24 state,
1185 3769 45 19 we.
1230 3761 56 24 have

698 3795 72 25 heard
781 3795 49 24 that
842 3795 37 25 the
894 3795 131 24 settlement
1036 3796 26 24 of
1078 3796 39 24 the
1129 3796 68 24 Land
1209 3796 77 25 Ques-

699 3829 47 24 tion
764 3827 21 25 is
796 3828 137 32 proceeding
943 3834 62 19 most
1016 3829 167 32 satisfactorily,
1198 3828 43 25 and
1253 3835 33 17 we

698 3862 58 24 have
769 3870 28 15 no
809 3862 70 24 doubt
891 3861 37 25 the
937 3869 121 25 necessary
1068 3867 119 28 payments
1200 3861 46 25 will
1258 3861 28 24 be

698 3896 67 24 made
793 3900 23 19 to
835 3895 38 24 the
903 3895 103 24 Maories
1026 3900 23 19 at
1070 3904 29 16 an
1119 3897 61 31 early
1199 3894 87 34 period,

698 3929 36 23 for
745 3929 66 23 lands
823 3929 24 24 in
859 3928 31 24 all
899 3929 39 24 the
949 3929 101 25 districts
1061 3930 24 24 in
1098 3930 72 24 which
1189 3928 39 26 the
1239 3933 47 19 set-

699 3962 55 23 tlers
768 3970 37 15 are
816 3962 132 23 interested.

1349 3924 51 25 The
1412 3928 60 19 want
1491 3923 26 24 of
1532 3932 13 15 a
1566 3923 72 24 Court
1658 3923 84 26 House
1761 3924 20 23 is
1801 3924 101 33 severely

1316 3958 48 29 felt,
1378 3958 44 23 and
1434 3965 33 16 we
1488 3956 74 25 would
1583 3961 95 26 suggest
1695 3956 39 24 the
1754 3958 115 29 propriety
1881 3959 21 23 of

1949 1030 95 33 [Etract
2055 1032 59 24 from
2121 1042 13 14 a
2143 1034 87 30 private
2239 1032 67 25 letter
2315 1038 22 19 to
2345 1034 38 23 the
2394 1033 105 34 Editor.]

2045 1065 58 24 New
2114 1066 130 30 Plymouth,
2258 1066 100 32 January
2371 1069 40 27 22,
2427 1068 73 24 1844.

1978 1098 43 24 We
2039 1098 57 24 have
2109 1098 43 24 had
2175 1107 63 16 some
2257 1099 111 32 difficulty
2389 1099 54 25 with
2465 1100 38 25 the

1917 1132 98 24 natives.
2052 1132 48 23 For
2118 1140 61 16 some
2197 1132 93 25 months
2308 1139 53 25 past
2380 1141 13 16 a.
2402 1138 67 27 party
2481 1135 24 22 of

1917 1165 103 24 Maories
2034 1165 74 30 living
2126 1165 103 24 between
2249 1166 38 24 the
2307 1167 73 23 rivers
2392 1167 108 23 Waiwai-

1917 1198 70 24 kaiho
1998 1198 44 23 and
2054 1198 161 32 Mougouraki,
2224 1199 58 24 have
2291 1199 58 24 been
2357 1199 146 32 threatening

1918 1237 23 18 to
1953 1237 38 18 cut
2003 1231 66 24 down
2079 1239 62 16 some
2153 1232 83 24 timber
2247 1232 45 24 and
2307 1232 61 24 bush
2378 1232 125 32 belonging

1918 1270 23 18 to
1953 1265 24 24 J.
1990 1265 32 24 G.
2036 1264 86 30 Cooke,
2135 1265 67 31 Esq.,
2223 1265 51 24 well
2291 1265 84 26 known
2387 1270 22 19 to
2420 1273 47 23 you
2477 1274 26 17 as

1918 1306 43 15 one
1971 1299 26 23 of
2011 1306 41 16 our
2063 1303 59 18 most
2140 1298 129 31 intelligent
2288 1298 45 24 and
2352 1299 153 32 enterprising

1919 1332 103 28 settlersj
2046 1331 45 23 and
2111 1339 29 15 on
2162 1331 124 31 Thursday
2306 1331 65 24 week
2382 1330 51 32 (the
2446 1333 57 24 11th

1917 1363 108 32 instant,)
2047 1372 15 15 a
2081 1369 65 25 party
2164 1364 26 24 of
2214 1365 70 23 about
2303 1367 59 26 200,
2375 1365 31 23 all
2418 1365 84 29 armed,

1919 1397 112 31 appeared
2052 1404 63 24 upon
2135 1397 40 24 the
2197 1398 105 30 ground;
2332 1405 14 16 a
2369 1398 90 31 portion
2481 1400 24 23 of

1919 1431 75 23 whom
2016 1430 145 24 commenced
2183 1432 90 30 cutting
2295 1438 63 24 away
2380 1431 82 26 within
2490 1440 13 15 a

1919 1463 102 24 hundred
2034 1463 67 31 yards
2113 1465 26 22 of
2154 1463 99 24 Cooke's
2265 1464 79 25 house.
2389 1464 52 25 Our
2456 1465 46 24 Po-

1919 1497 43 23 lice
1976 1496 136 31 Magistrate
2128 1498 57 22 lives
2204 1502 24 19 at
2245 1505 63 16 some
2326 1498 103 23 distance
2446 1498 57 24 from

1920 1530 81 29 Town,
2022 1538 26 15 so
2071 1531 86 23 several
2180 1531 70 24 hours
2274 1531 91 30 elapsed
2385 1531 78 24 before
2476 1531 27 24 he

1919 1564 96 28 arrived,
2028 1563 55 23 with
2095 1562 47 26 Mr.
2156 1564 81 29 Creed,
2258 1564 38 24 the
2309 1564 123 31 Wesleyan
2444 1564 60 24 Mis-

1919 1597 100 29 sionary,
2032 1600 23 19 at
2067 1596 37 24 the
2115 1604 67 17 scene
2200 1597 25 22 of
2239 1599 84 22 action.
2371 1597 40 24 He
2432 1597 72 31 might

1920 1637 25 15 as
1958 1630 50 23 well
2019 1630 58 23 have
2088 1630 78 33 stayed
2187 1635 23 18 at
2232 1630 68 24 home
2309 1639 5 19 ;
2334 1630 35 24 for
2388 1630 37 24 his
2444 1635 60 19 utter

1920 1663 175 31 powerlessness
2112 1663 20 23 is
2150 1663 50 25 well
2219 1663 83 24 known
2315 1667 23 20 to
2350 1663 39 24 the
2400 1665 88 22 natives
2496 1673 6 19 ;

1920 1696 45 24 and
1976 1696 29 23 he
2017 1696 44 23 and
2072 1695 47 25 Mr.
2131 1696 73 24 Creed
2217 1704 58 16 were
2293 1696 54 31 only
2362 1696 81 32 jeered
2462 1698 43 23 and

1919 1729 99 31 laughed
2031 1734 31 19 at.

1955 1762 77 24 •'The
2053 1764 88 22 natives
2164 1763 57 33 kept
2230 1771 3 3 •
2240 1763 123 30 resolutely
2391 1768 24 18 at
2443 1764 62 23 work

1921 1795 83 32 during
2015 1796 38 23 the
2065 1800 50 28 past
2126 1797 72 28 week,
2216 1797 46 23 and
2281 1797 57 23 have
2361 1796 119 32 destroyed
2493 1806 12 14 a

1922 1834 59 19 most
1992 1829 104 25 valuable
2108 1834 107 27 property
2228 1831 23 22 in
2264 1830 82 24 timber
2364 1830 91 24 besides
2470 1830 35 24 the

1921 1863 83 30 beauty
2017 1863 25 23 of
2057 1863 38 23 the
2107 1863 71 30 place.
2223 1863 54 24 And
2300 1863 48 23 this
2360 1868 95 26 outrage
2465 1863 40 24 has

1921 1896 59 23 been
1991 1896 130 24 committed
2132 1904 29 16 on
2173 1897 39 22 the
2224 1900 107 28 property
2343 1897 25 22 of
2378 1905 43 15 one
2433 1897 24 23 of
2467 1896 36 24 the

1922 1929 51 23 best
1982 1929 88 24 friends
2083 1929 38 24 the
2132 1930 88 23 natives
2241 1938 52 15 ever
2316 1930 52 29 had,
2392 1934 23 19 to
2434 1929 70 24 whom

1922 1962 54 31 they
1987 1962 31 23 all
2029 1962 83 24 looked
2120 1963 34 23 for
2162 1963 131 30 .protection
2305 1963 66 24 when
2385 1963 38 24 the
2443 1962 62 25 Wai-

1922 1993 66 23 katos
2006 1999 41 18 not
2056 2007 5 4 •
2067 1994 54 31 long
2140 2002 42 23 ago
2202 1995 108 23 menaced
2331 1996 63 22 them
2410 1996 54 22 with
2476 2004 29 14 an

1922 2025 87 24 inroad.
2058 2026 24 24 It
2102 2027 19 22 is
2133 2031 22 19 to
2168 2028 28 22 be
2208 2027 75 31 hoped
2294 2027 50 23 that
2355 2027 55 31 they
2422 2027 43 24 will
2479 2028 26 23 be

1921 2060 122 30 prevented
2063 2060 58 24 from
2140 2060 108 31 enjoying
2267 2060 36 24 the
2323 2060 67 24 fruits
2410 2060 24 24 of
2450 2061 55 23 their

1921 2093 88 28 labour,
2029 2093 45 23 and
2094 2098 39 18 not
2150 2093 28 23 be
2190 2093 95 24 allowed
2298 2098 21 18 to
2332 2094 64 31 plant
2406 2099 99 27 potatoes

1922 2126 58 23 after
1992 2126 53 31 they
2057 2126 57 23 have
2125 2126 69 24 burnt
2206 2126 35 24 ojf
2256 2126 37 24 the
2305 2127 73 23 wood.
2423 2127 14 24 I
2450 2134 57 17 must

1922 2164 41 18 not
1978 2159 73 31 forget
2072 2164 24 19 to
2108 2161 101 22 mentiou
2229 2160 50 23 that
2298 2160 38 23 the
2351 2161 89 23 natives
2453 2168 53 16 were

1922 2192 79 24 shown
2013 2193 79 31 plenty
2105 2193 24 23 of
2143 2193 54 23 land
2217 2194 90 30 equally
2319 2194 59 31 good
2398 2194 36 23 for
2453 2194 54 24 their

1922 2234 107 22 purpose,
2041 2227 24 22 in
2075 2227 37 22 the
2129 2226 131 24 immediate
2280 2227 187 31 neighbourhood
2484 2228 23 23 of

1925 2259 46 23 Mr.
1994 2260 100 24 Cooke's
2113 2260 59 24 farm
2200 2252 42 32 bu^
2265 2260 53 31 they
2338 2261 96 23 insisted
2450 2268 57 24 upoa

1923 2292 104 32 injuring
2039 2293 38 23 the
2089 2293 98 31 pakeha.

1959 2326 38 25 On
2010 2327 38 23 the
2063 2326 56 24 12th
2130 2327 88 23 instant
2228 2334 34 16 we
2272 2326 46 24 had
2329 2335 14 15 a
2354 2327 78 31 public
2440 2332 67 19 meet-

1923 2360 48 30 ing,
1985 2360 44 23 and
2048 2364 24 19 to
2089 2368 42 16 our
2143 2360 93 23 address
2249 2361 25 22 of
2288 2361 182 30 congratulation
2488 2367 19 18 to

1924 2393 99 31 Captain
2034 2393 102 32 Fitzroy,
2145 2394 82 23 tacked
2239 2402 14 15 a
2263 2393 119 24 memorial
2393 2394 69 24 about
2473 2395 34 23 the

1923 2427 76 22 native
2023 2431 102 26 outrage,
2148 2427 98 31 praying
2269 2427 34 23 for
2326 2427 134 31 protection,
2476 2428 31 23 for

1920 2459 93 30 justice,
2027 2460 45 23 and
2089 2460 35 24 for
2141 2460 104 24 soldiers.
2292 2460 66 24 Cook
2377 2460 45 24 and
2437 2468 14 16 a
2462 2461 44 24 Mr.

1924 2492 116 30 Thacker,
2054 2493 50 23 who
2115 2501 63 16 came
2199 2494 55 23 here
2274 2495 24 22 in
2316 2493 40 24 the
2375 2493 132 32 Himalaya,

1924 2529 61 19 went
1995 2526 26 22 in
2041 2526 39 23 the
2094 2526 88 24 Carbon
2202 2531 23 19 to
2246 2526 99 30 Mokau,
2357 2527 119 31 intending
2487 2532 19 18 to

1924 2559 96 30 proceed
2031 2559 24 23 in
2068 2559 37 23 the
2113 2567 62 15 same
2182 2560 76 23 vessel
2267 2564 22 19 to
2299 2559 71 24 Kafia
2377 2559 45 24 and
2434 2561 73 22 thence

1923 2595 24 20 to
1959 2592 132 24 Auckland.
2126 2592 44 24 We
2181 2593 56 23 hear
2255 2592 48 24 that
2321 2593 38 23 the
2373 2592 88 24 Carbon
2471 2594 36 23 has

1924 2625 58 23 been
1994 2625 104 24 detained
2110 2630 24 19 at
2152 2626 92 23 Mokau
2263 2625 31 32 by
2305 2625 39 25 the
2355 2627 96 29 natives,
2463 2627 44 23 who

1924 2658 58 24 have
1995 2666 63 16 some
2070 2659 89 32 quarrel
2171 2659 56 23 with
2238 2659 39 24 the
2295 2667 137 24 supercargo
2442 2669 6 20 ;
2469 2660 38 23 and

1924 2691 99 32 perhaps
2042 2693 98 23 Messrs.
2159 2692 89 30 Cooke,
2266 2693 44 24 and
2328 2692 117 30 Thacker,
2462 2700 45 24 may

1926 2726 55 23 hear
1992 2726 27 23 of
2028 2726 37 24 the
2078 2726 131 23 Governors
2222 2726 121 31 departure
2354 2726 35 24 for
2400 2726 107 31 Welling-

1926 2762 49 25 ton,
1988 2759 45 24 and
2046 2767 24 16 so
2083 2764 76 19 return
2173 2767 23 16 to
2209 2759 58 24 New
2279 2759 135 31 Plymouth.

1961 2792 43 23 We
2024 2792 46 24 had
2091 2801 61 15 some
2169 2801 56 23 very
2236 2794 59 29 good
2314 2793 92 23 settlers
2426 2794 30 30 by
2477 2793 30 23 the

1926 2823 136 33 Himalaya,
2075 2826 44 24 and
2131 2834 37 15 are
2179 2826 116 31 promised
2306 2834 63 16 more
2380 2827 32 30 by
2423 2826 37 23 the
2472 2830 35 19 two

1926 2863 56 19 next
1994 2860 85 22 vessels
2100 2859 71 24 direct
2182 2859 60 23 from
2262 2859 117 31 England.
2416 2859 14 24 I
2448 2858 59 24 think

1927 2891 118 25 Taranaki
2063 2893 19 23 is
2101 2892 94 31 looking
2215 2900 37 24 up,
2265 2900 24 16 as
2308 2893 55 30 they
2375 2900 48 24 say,
2436 2893 23 23 in
2476 2893 31 23 the

1927 2924 67 25 home
2006 2926 97 24 market.

1962 2959 68 23 Some
2052 2959 25 23 of
2086 2959 38 23 the
2140 2959 75 24 wheat
2234 2960 21 23 is
2274 2963 95 27 smutty,
2381 2959 45 24 and
2446 2966 61 21 some,

1928 2999 24 16 as
1964 2992 51 24 well
2024 3000 26 15 as
2062 2992 38 24 the
2117 2992 85 31 barley,
2216 2992 156 32 prodigiously
2382 2993 55 23 fine.
2465 2992 42 24 Mr.

1928 3025 95 31 Aubrey
2044 3026 91 24 showed
2154 3027 85 31 superb
2258 3027 127 31 specimens
2404 3025 26 24 of
2444 3025 63 24 wheat

1928 3059 45 24 and
1993 3058 49 25 Mr.
2063 3060 104 24 Chilman
2186 3060 24 23 of
2232 3060 85 31 barley,
2337 3063 24 20 at
2382 3067 41 16 our
2441 3062 66 21 recent

1930 3092 168 24 Horticultural
2126 3093 61 24 show
2189 3105 34 5 —
2223 3093 81 28 which,
2321 3110 3 3 .
2333 3093 111 29 however,
2470 3098 37 17 was

1928 3125 77 24 rather
2017 3133 13 16 a
2048 3133 55 24 poor
2123 3126 73 30 affair,
2208 3126 40 23 the
2265 3126 100 24 weather
2376 3126 70 31 being
2462 3131 45 23 very

1928 3159 172 24 unfavourable.

1952 3192 12 23 I
1977 3192 54 23 hear
2044 3192 49 24 that
2102 3192 48 25 Mr.
2164 3192 126 24 Shortland
2297 3192 118 31 promised
2426 3192 81 31 inquiry

1928 3225 49 23 into
1998 3225 40 24 the
2062 3226 175 24 circumstances
2260 3225 75 25 which
2356 3225 39 25 led
2422 3230 22 19 to
2467 3225 38 23 Mr.

1930 3258 94 24 Halse's
2035 3259 101 24 removal
2146 3259 60 24 from
2225 3260 39 23 the
2277 3259 155 24 Commission
2443 3258 24 24 of
2476 3258 29 23 the

1930 3291 83 30 Peace,
2025 3300 15 15 a
2051 3300 54 23 very
2111 3293 67 31 hasty
2187 3292 45 24 and
2242 3293 157 31 unjustifiable
2408 3290 97 33 proceed-

1929 3324 48 32 ing,
1990 3326 19 22 if
2018 3325 31 24 all
2060 3326 21 23 is
2093 3331 49 19 true
2154 3327 50 23 that
2215 3327 21 22 is
2245 3330 92 20 current
2347 3326 56 24 here
2415 3325 64 24 about
2484 3324 21 23 it.

1933 3358 36 23 An
1980 3359 92 31 inquiry
2083 3367 62 16 some
2158 3360 55 24 time
2221 3360 62 23 since
2294 3359 32 30 by
2337 3359 38 23 the
2387 3359 64 24 other
2462 3357 43 25 Ma-

1929 3392 108 30 gistrates
2048 3392 100 25 resulted
2159 3394 24 23 in
2190 3401 31 15 an
2232 3393 71 24 entire
2316 3392 109 31 acquittal
2434 3391 23 24 of
2465 3390 38 24 Mr.

1931 3424 73 25 Halse
2016 3425 59 25 from
2088 3426 38 24 the
2143 3426 86 24 absurd
2241 3425 82 31 charge
2335 3426 27 22 of
2378 3425 84 30 haviDg
2472 3423 31 24 ab-

1930 3457 81 27 ducted
2035 3467 14 16 a
2071 3460 75 24 native
2168 3458 99 25 married
2289 3465 89 18 woman
2397 3458 58 25 from
2476 3456 29 23 the

1929 3491 129 31 Waikatos,
2072 3493 37 24 the
2121 3498 106 26 pretence
2238 3491 35 24 for
2283 3491 38 24 his
2333 3491 120 25 dismissal.

1964 3524 14 25 I
1990 3533 46 17 saw
2048 3526 128 31 something
2187 3526 24 23 in
2223 3533 58 23 your
2288 3533 71 24 paper
2370 3525 69 31 lately
2448 3524 55 23 about

1931 3558 38 24 the
1980 3560 76 24 native
2067 3566 108 22 reserves,
2187 3559 45 23 and
2244 3558 59 24 their
2313 3558 190 31 mismanagement

1930 3592 72 25 What
2013 3594 20 23 is
2044 3597 50 20 true
2112 3592 69 24 about
2197 3591 145 33 Wellington
2358 3592 20 24 is
2390 3591 85 32 equally
2483 3594 19 17 so

1931 3626 61 24 here.
2028 3625 98 32 Nobody
2136 3625 67 24 takes
2215 3632 46 25 any
2272 3633 51 16 care
2335 3624 27 25 of
2376 3625 60 24 them
2444 3633 7 20 ;
2468 3620 33 26 and

1931 3659 54 24 then
1997 3658 101 25 forsooth
2115 3658 82 32 people
2215 3658 113 32 complain
2348 3658 49 24 that
2413 3658 51 29 they
2474 3660 28 18 are

1931 3692 171 32 unproductive.
2149 3691 27 25 If
2196 3693 106 30 properly
2319 3691 112 32 managed
2451 3690 26 29 by
2492 3693 10 16 &

1931 3730 114 27 protector
2057 3725 25 24 of
2091 3725 137 31 aborigines,
2242 3726 49 24 who
2303 3725 82 24 should
2399 3725 28 23 be
2437 3731 14 16 a
2460 3726 42 20 m&

1932 3759 24 23 of
1966 3766 62 16 some
2039 3758 83 32 weight
2133 3758 25 24 of
2167 3759 124 30 character,
2300 3757 133 31 knowledge
2443 3756 22 23 of
2473 3753 29 25 the

1931 3791 77 31 world,
2020 3792 45 24 and
2084 3793 134 31 experience
2236 3793 24 23 in
2277 3792 86 28 affairs,
2383 3791 38 24 the
2439 3788 62 25 native

1931 3829 107 28 property
2047 3826 24 23 in
2082 3825 32 24 all
2121 3825 38 25 the
2169 3826 152 29 settlements,
2331 3824 73 33 might
2413 3824 28 23 be
2449 3818 52 28 made

1931 3866 54 24 very
1995 3858 113 25 valuable.

1966 3892 42 24 We
2019 3892 46 24 had
2075 3892 58 24 been
2143 3893 99 24 reduced
2253 3896 23 20 to
2291 3896 38 20 eat
2347 3894 77 27 musty
2434 3885 68 27 biscuit

1931 3926 35 23 for
1984 3930 61 19 want
2057 3926 24 23 of
2101 3926 58 24 flour
2160 3938 34 6 —
2196 3926 38 24 the
2252 3925 66 25 stock
2336 3925 70 30 being
2422 3917 79 30 entirely

1931 3958 129 31 exhausted,
2062 3972 32 5 —
2095 3959 64 25 when
2178 3959 39 25 the
2239 3958 124 31 Vanguard
2382 3954 80 27 arrived
2481 3957 19 17 on

576 63 99 44 Qrt)t
699 61 120 42 W*to
844 61 210 41 Zealand
1080 55 192 50 &mitt
1297 57 91 39 an*
1414 55 301 45 Wellington
1741 52 253 49 Spectator

1909 141 39 24 the
1960 141 107 24 colonists
2081 141 179 31 memorializing
2270 142 37 24 his
2316 142 142 32 Excellency
2467 151 28 17 on

1910 174 39 23 the
1969 174 96 31 subject.
2110 174 51 23 The
2181 179 61 18 want
2261 175 27 23 of
2307 175 69 24 funds
2394 184 52 22 may
2467 177 28 23 be

1910 207 95 31 pleaded
2016 216 7 19 ;
2041 207 43 23 but
2101 206 77 24 fifteen
2197 207 105 24 hundred
2321 208 89 31 pounds
2422 209 73 24 would

1911 240 28 24 be
1950 240 120 28 sufficient,
2081 239 44 23 and
2136 247 33 15 we
2184 240 58 23 have
2253 247 30 15 no
2295 240 70 24 doubt
2376 241 39 23 the
2426 241 68 24 Bank

1910 272 75 24 would
1995 272 68 24 make
2075 280 30 15 an
2122 272 98 24 advance
2233 272 26 24 of
2274 273 130 24 two-thirds
2416 274 27 23 of
2457 275 38 23 the

1911 310 100 24 amount,
2032 313 61 24 upon
2112 305 38 24 the
2171 306 101 30 security
2292 305 25 24 of
2331 306 39 24 the
2389 306 106 24 Govern-

1910 342 75 19 ment.

2098 393 212 22 CONTRACTS.

1945 442 44 23 We
2001 442 43 24 call
2055 443 109 23 attention
2174 448 23 18 to
2209 443 39 23 the
2259 443 191 24 advertisements
2462 444 34 24 for

1912 475 98 28 tenders,
2022 476 24 22 in
2067 475 97 31 to-days'
2176 483 79 25 paper.
2291 475 44 24 We
2355 483 39 16 are
2404 476 93 32 pleased

1913 512 22 18 to
1947 507 47 23 find
2007 508 37 22 the
2055 508 97 24 fairness
2164 508 53 24 thus
2237 508 127 32 displayed,
2376 508 32 31 by
2419 509 79 31 giving

1912 544 23 19 to
1947 540 55 23 each
2013 541 130 23 settlement
2154 541 43 23 th»
2204 543 148 30 opportunity
2363 541 26 24 of
2403 542 92 23 tender-

1912 574 40 29 ing
1963 574 35 22 for
2010 573 38 23 the
2059 573 59 23 local
2129 579 70 18 wants
2212 575 26 22 of
2252 575 41 23 her
2309 574 125 32 Majesty's
2446 574 50 24 Go-

1912 610 130 19 vernment.

2107 663 90 24 JURY
2214 663 87 24 LIST.

1947 697 44 23 We
2002 696 56 24 have
2070 696 101 24 received
2192 696 40 24 the
2243 697 59 31 Jury
2319 697 60 29 List,
2400 697 42 24 but
2458 702 22 19 to
2486 706 11 16 o

1912 730 45 24 late
1969 730 35 23 for
2015 730 110 23 insertion
2142 730 25 23 in
2187 730 101 31 to-days'
2306 737 70 24 paper
2387 739 7 20 ;
2413 731 19 22 it
2450 731 47 24 will

1913 770 84 23 appear
2008 763 22 23 in
2043 762 38 24 the
2093 767 54 19 next
2159 763 96 23 number
2267 763 26 23 of
2307 770 42 16 our
2356 763 106 30 journal.

1947 826 38 31 By
1999 826 38 23 the
2056 826 156 24 Government
2222 826 54 31 brig
2289 825 103 24 Victoria
2404 826 45 24 and
2460 827 36 24 the

1912 859 78 29 Ituna,
2002 867 34 16 we
2047 858 58 25 have
2124 859 102 24 received
2245 859 125 24 Auckland
2381 867 83 23 papers
2476 864 20 20 to

1914 892 38 24 the
1971 892 58 26 27th
2040 892 109 32 January.
2183 892 46 23 We
2241 892 46 24 will
2298 892 112 25 hereafter
2422 894 74 23 notice

1915 925 59 23 their
1986 930 111 18 contents.

2056 983 79 22 NEW
2154 983 207 22 PLYMOUTH.

1331 144 24 24 It
1365 144 46 23 will
1423 142 28 25 be
1462 142 60 24 alike
1533 142 39 25 the
1583 143 56 31 duty
1650 142 44 24 and
1704 144 97 22 interest
1813 142 26 24 of
1851 142 30 23 all

1298 177 39 23 the
1348 177 89 23 settlers
1449 181 24 18 to
1485 175 36 24 aid
1536 176 38 24 the
1587 175 156 24 Government
1754 175 45 23 and
1811 175 70 24 Com-

1298 217 59 24 pany
1368 210 24 23 in
1403 209 38 22 the
1462 208 129 24 settlement
1602 209 25 22 of
1646 209 44 22 this
1702 208 97 23 difficult
1811 215 69 24 ques-

1299 243 47 23 tion
1357 251 6 20 ;
1383 241 44 24 and
1440 242 59 23 their
1510 242 138 22 considerate
1660 241 97 23 conduct
1777 241 43 22 and
1833 249 49 15 mo-

1299 275 100 23 deration
1420 278 108 19 warrants
1540 282 27 15 us
1584 275 25 23 in
1621 275 93 29 stating,
1728 281 33 15 we
1778 281 37 15 are
1827 281 55 16 con-

1298 307 80 24 vinced
1389 307 53 30 they
1453 307 46 23 will
1508 312 39 18 not
1553 308 28 22 be
1593 306 69 24 found
1670 311 23 19 to
1703 306 72 23 throw
1788 314 43 23 any
1842 306 40 23 ob-

1299 340 82 23 stacles
1393 339 23 24 in
1435 340 38 23 the
1486 347 47 23 way
1545 341 26 22 of
1585 339 38 24 the
1642 339 140 31 adjustment
1794 339 23 23 of
1837 339 45 23 this

1298 373 55 23 vital
1364 377 89 19 matter.
1489 373 43 23 We
1543 373 58 30 hope
1612 372 50 23 that
1671 379 69 24 every
1748 372 77 23 settler
1835 372 46 23 will

1299 407 27 22 be
1336 405 94 24 enabled
1451 410 23 19 to
1494 406 77 23 obtain
1583 405 37 23 the
1639 405 54 23 land
1710 403 31 25 lie
1761 412 52 23 may
1825 404 57 24 have

1300 438 95 24 selected
1407 447 6 20 ;
1427 438 41 23 but
1479 438 81 25 should
1571 438 56 23 such
1639 442 40 19 not
1689 445 72 23 prove
1772 436 108 32 possible,

1300 479 32 15 we
1348 471 57 23 have
1426 479 29 15 no
1474 471 76 29 doubt,
1564 471 49 24 that
1628 469 65 25 those
1711 471 43 22 few
1766 470 49 24 who
1830 477 52 23 may

1299 504 57 24 have
1367 508 23 19 to
1402 504 102 24 abandon
1512 504 129 28 selections,
1653 503 45 24 will
1706 503 28 23 be
1741 503 63 31 quite
1815 503 67 30 ready

1301 542 21 19 to
1335 541 62 19 enter
1408 544 62 24 upon
1487 545 28 16 an
1527 536 114 33 equitable
1658 541 159 25 arrangement
1829 536 53 22 with,

1301 570 37 24 the
1358 569 138 32 Company's
1517 570 85 31 Agent,
1615 569 72 23 either
1707 574 22 17 to
1747 569 54 22 take
1818 569 64 23 other

1300 603 64 23 lands
1388 603 24 22 of
1431 603 128 31 equivalent
1581 602 66 24 value
1667 609 26 15 or
1717 610 13 14 a
1752 601 130 24 reasonable

1301 643 79 22 money
1392 636 70 29 price.

1497 1098 194 23 BARRACKS.

1334 669 32 23 So
1377 676 55 16 soon
1445 670 74 23 asthe
1530 670 100 30 primary
1641 668 104 31 question
1760 668 21 22 is
1792 666 90 30 settled,

1300 710 33 16 we
1350 706 59 19 trust
1420 702 38 23 the
1478 702 137 31 Company's
1629 701 77 30 Agent
1718 700 46 23 will
1786 701 95 30 proceed

1300 740 22 18 to
1334 742 94 22 arrange
1439 736 35 22 for
1486 736 37 23 the
1534 734 112 32 purchase
1658 734 24 23 of
1692 733 39 24 the
1743 733 139 31 Wairarapa,

1300 768 43 24 and
1353 767 55 24 land
1420 769 134 30 contiguous
1562 767 93 29 thereto,
1667 774 25 16 as
1705 767 38 23 the
1755 767 129 30 possession

1301 801 25 23 of
1333 805 47 19 tnat
1392 800 88 24 district
1487 802 20 22 is
1515 801 24 23 of
1549 805 100 19 extreme
1661 801 141 29 importance
1814 807 23 16 to
1847 800 38 24 the

1300 834 89 24 settlers
1409 834 25 23 in
1453 834 39 23 the
1505 833 137 31 Company's
1653 833 52 23 first
1716 832 45 24 and
1772 833 113 31 principal

1300 867 137 29 settlement,
1449 867 44 23 and
1505 867 59 24 from
1574 866 61 24 what
1646 873 32 16 we
1689 865 64 29 hear,
1765 866 19 23 it
1794 873 53 23 may
1857 866 28 23 be

1300 900 44 24 had
1356 905 24 18 at
1390 905 92 25 present
1493 900 34 24 for
1545 908 14 15 a
1571 899 113 24 moderate
1696 903 101 25 amount,
1809 906 26 16 as
1846 899 37 24 the

1302 934 85 23 natives
1406 933 62 24 there
1487 941 37 16 are
1535 941 26 16 so
1573 931 123 26 convinced
1709 932 25 23 of
1752 932 38 23 tte
1801 932 84 23 advan-

1302 972 50 26 tage
1373 966 25 23 of
1414 965 84 32 having
1522 967 143 30 immigrants
1686 965 83 23 settled
1787 965 21 23 in
1828 965 57 23 their

1301 999 192 32 neighbourhood,
1505 999 49 24 that
1565 998 52 32 they
1630 998 45 24 will
1688 1005 67 24 agree
1768 1002 22 19 to
1803 998 82 23 almost

1301 1041 44 21 any
1358 1037 69 19 terms
1439 1038 22 18 to
1473 1040 79 16 secure
1562 1032 57 24 their
1631 1039 117 23 presence.

748 1329 172 24 SHIPPING
938 1328 276 25 INTELLIGENCE.

910 1382 143 20 ARRIVED.

133 168 6 5 ,
136 144 15 14 A
153 157 7 19 ;
186 153 152 22 Commissariat
355 153 67 25 Office,
434 151 112 23 Barracks,

260 180 119 25 Auckland,
390 179 54 21 25th
452 179 103 24 January,
567 175 63 23 1844.

213 215 116 21 .Annual
357 213 162 22 Contracts..

74 247 146 49 NOTICE
254 247 29 22 IS
312 245 130 24 HEREBY
471 244 108 27 GIVEN,
609 243 50 22 that

153 274 99 22 Tenders
267 273 46 22 will
325 274 28 21 be
369 271 106 23 received
487 275 24 18 at
526 271 43 22 this
588 270 71 22 Office

74 302 27 26 by
111 301 39 21 the
159 300 156 27 undersigned,
326 299 57 23 until
401 299 90 26 Friday,
502 297 37 22 the
553 297 52 22 15th
616 297 42 27 day

74 327 25 21 of
113 327 81 22 March
212 330 60 23 next,
293 330 24 18 at
335 332 69 19 noon,
426 325 35 21 for
479 324 126 26 furnishing
621 323 37 21 the

74 353 163 22 Commissariat
245 356 25 18 at
284 352 146 26 Wellington,
442 351 54 22 with
512 351 37 21 the
560 350 98 27 supplies

74 379 206 26 undermentioned,
291 379 22 21 in
332 378 55 22 such
403 378 121 27 quantities
533 384 24 15 as
567 384 53 19 may
631 377 28 21 be

74 405 102 28 required
186 405 78 27 during
277 405 37 22 the
330 405 91 23 Twelve
438 403 110 23 Calendar
564 402 94 23 Months

74 433 154 24 commencing
238 433 39 20 the
285 433 35 21 Ist
329 431 64 28 April
402 435 62 22 next,
475 431 71 21 under
556 429 37 22 the
604 436 54 14 con-

74 459 81 22 ditions
164 458 134 22 hereinafter
308 457 113 28 specified,
433 458 42 21 viz.
476 468 29 4 —

101 492 69 22 Fresh
180 496 80 18 meat..

101 518 68 23 FJour
277 513 12 26 V
308 519 94 24 attf-lb.

100 545 73 22 Bread
270 540 12 31 J

93 572 67 24 .Ruin
297 574 23 19 at
328 572 23 24 $*
359 571 102 27 imperial
471 570 81 27 gallon.
562 582 5 2 -

101 598 115 22 Firewoad
233 598 25 21 of
274 605 14 14 a
304 597 154 22 marketable!

127 624 134 28 description
453 628 12 17 V
471 627 22 18 at
502 624 22 24 ?-
535 624 39 20 100
584 624 41 22 lbs.

100 652 80 21 Straw.
187 647 48 25 .-.1.
447 647 11 29 J

101 678 80 21 Mould
191 678 96 26 [candles
294 678 10 20 1
332 694 4 3 .
349 692 22 11 -a,
381 692 23 13 „.

97 703 49 29 Dip
157 704 127 23 candles..
317 692 87 23 atrns
471 721 5 4 .

235 758 49 23 For
299 758 139 26 Hospitals,
456 758 45 21 &c-
514 763 3 7 '

100 794 79 20 Arrow
189 796 55 22 root,
254 798 61 21 sago,
327 792 44 21 rice
377 791 19 21 .'.

99 819 54 26 Tea,
164 826 72 19 sugar,
247 818 96 22 oatmeal
520 814 5 30 j

101 845 54 26 Salt,
165 845 79 27 yellow
253 852 60 20 soap,
324 845 62 26 pearl
397 845 76 27 barley
485 860 5 6 .
498 859 5 6 .
519 841 40 32 j-at
568 845 23 25 ty
601 846 30 22 lb.

101 871 134 27 Vegetables
415 877 22 15 .*•
519 873 7 21 .'

101 899 56 21 Fine
167 898 67 22 bread
404 903 7 16 '.
511 894 14 31 J

101 925 59 23 Milk
433 925 89 26 sp-pint.

101 951 54 22 Port
164 952 55 21 wine
433 955 23 18 at
499 952 77 22 dozen.

102 978 98 27 Vinegar
372 982 23 18 at
406 979 23 24 $*
437 979 101 26 imperial
547 979 84 26 gallon.

102 1005 79 21 Porter
404 1005 88 23 dozen.'

243 1061 215 20 CONDITION
470 1061 23 20 S.

170 1096 127 20 Qualities
322 1099 27 14 of
374 1099 46 15 the
446 1096 117 19 Supplies.

103 1127 40 20 Ist.
158 1125 39 22 All
213 1125 36 22 the
260 1125 89 22 articles
358 1129 24 17 to
391 1125 30 23 be
437 1125 26 22 of
470 1126 36 22 the
516 1126 49 22 best
576 1126 84 27 quality

69 1151 31 22 -of
109 1152 57 21 their
176 1152 84 22 several
271 1151 71 23 kinds.

101 1179 51 21 2nd.
168 1179 48 21 The
233 1179 59 21 flour
302 1183 22 17 to
344 1179 27 21 be
389 1179 37 21 the
442 1179 97 27 produce
554 1179 25 22 of
595 1181 64 21 clean

75 1205 71 21 sound
156 1205 99 23 Colonial
267 1205 79 27 wheat,
357 1205 59 22 from
426 1206 73 22 which
515 1207 26 21 20
550 1214 41 20 per
600 1211 59 17 cent,

69 1233 28 20 ■in
108 1232 54 21 bran
173 1232 41 21 has
223 1232 57 22 been
292 1232 124 22 extracted.

101 1259 49 21 3rd.
164 1258 47 22 The
221 1259 69 21 bread
301 1263 23 17 to
339 1259 26 21 be
376 1259 66 22 made
458 1259 57 22 from
525 1259 56 23 flour
590 1260 26 22 of
623 1259 37 23 the

69 1292 67 15 ■same
154 1285 84 28 quality
257 1293 25 13 as
301 1285 115 22 described
435 1286 24 22 in
484 1286 38 22 the
539 1287 122 28 preceding

73 1311 132 28 paragraph,
216 1311 46 23 and
280 1316 23 17 to
322 1313 27 21 be
368 1312 75 22 baked
459 1314 26 21 24
500 1313 67 23 hours
586 1314 74 22 before

75 1339 68 26 being
152 1339 80 26 issued,
243 1339 24 21 in
278 1338 76 25 loaves
364 1339 27 21 of
396 1341 60 22 21bs.
466 1340 63 22 each.

101 1365 47 22 4th.
162 1365 48 22 The
226 1365 59 22 fresh
301 1368 60 19 meat
371 1369 23 18 to
408 1365 29 23 be
454 1367 73 22 issued
536 1367 68 26 daily,
616 1367 44 21 and

76 1395 21 18 to
117 1393 83 21 consist
219 1393 26 21 of
260 1392 58 26 beef,
331 1395 95 24 mutton,
438 1393 43 21 and
501 1394 59 27 pork,
578 1394 25 22 in
623 1393 38 23 the

70 1420 132 26 .proportion
214 1419 24 21 of
245 1420 12 20 5
265 1421 41 22 lbs.
317 1419 25 21 of
350 1419 53 22 beef
412 1427 25 14 or
446 1424 92 23 mutton,
551 1420 46 23 and
605 1422 54 22 2165.

69 1445 32 21 ■of
115 1445 56 27 pork
187 1445 96 27 weekly:
299 1449 23 17 to
339 1446 28 21 be
383 1445 114 24 delivered
511 1447 23 22 in
551 1447 49 23 fore
616 1447 44 22 and

73 1472 57 22 hind
146 1475 99 24 quarters
263 1472 141 27 alternately,
421 1473 64 22 when
505 1474 36 22 the
558 1474 104 27 quantity

74 1499 82 21 admits
165 1499 26 21 of
197 1499 23 22 it.
250 1499 74 21 When
340 1499 55 21 beef
406 1499 20 21 is
440 1501 81 26 issued,
538 1501 35 21 six
585 1501 76 22 inches

78 1530 23 17 to
109 1525 29 22 be
149 1529 37 18 cut
196 1525 33 23 off
233 1525 38 22 the
282 1525 76 27 hough
367 1525 46 23 and
424 1527 57 21 neck
492 1527 75 22 bones.

101 1552 47 22 sth.
163 1552 47 22 The
229 1552 128 27 vegetables
375 1553 36 21 for
430 1553 38 22 the
488 1554 104 28 hospitals
617 1554 44 22 and

76 1578 65 23 other
157 1579 179 22 establishments
353 1579 96 23 entitled
464 1580 91 26 thereto,
567 1581 58 21 shall
634 1581 28 21 be

75 1606 100 27 supplied
186 1606 22 21 in
218 1605 130 23 reasonable
364 1607 141 26 proportions
517 1607 25 23 of
553 1610 107 25 potatoes,
668 1621 2 13 ,

75 1639 88 20 greens,
174 1632 87 27 onions,
271 1633 40 21 &c.

103 1659 46 22 6th.
164 1659 47 22 The
226 1666 50 16 rum
292 1663 23 18 to
330 1659 28 22 be
368 1660 63 22 West
447 1661 71 26 India,
529 1662 14 20 5
553 1669 40 20 per
603 1664 58 19 cent,

69 1686 78 22 .under
157 1686 68 27 proof.

240 1740 72 23 Mode
327 1749 27 14 of
369 1742 130 22 Delivery.

105 1772 45 22 7th.
168 1773 35 22 No
212 1776 51 24 part
273 1773 112 23 whatever
401 1774 27 21 of
438 1774 38 21 the
485 1775 96 27 supplies
591 1775 71 22 above

70 1809 3 3 ■
78 1799 110 27 specified,
208 1799 58 22 shall
285 1800 27 21 be
331 1800 104 23 received
452 1801 23 22 in
492 1802 79 26 charge
587 1802 27 21 of
625 1801 38 22 the

71 1826 178 27 ■Commissariat,
269 1827 38 22 but
324 1826 57 23 shall
391 1828 34 21 -be
445 1828 111 23 delivered
576 1828 29 28 by
626 1828 37 22 the

71 1852 135 23 'Contractor
212 1853 70 22 dixect
292 1853 66 22 to.the
367 1855 194 26 persons.entitled
568 1855 93 27 thereto,

77 1887 60 19 upon
153 1879 38 22 the
204 1880 88 22 .written
300 1880 80 23 .order
392 1881 33 21 -of
441 1881 37 22 the
498 1882 166 21 Commissariat

78 1906 84 22 Officer
179 1906 23 21 in
223 1906 87 27 charge,
333 1914 24 15 or
381 1908 26 21 of
428 1915 44 20 any
497 1908 62 23 other
582 1916 81 20 person

216 1934 31 24 by
256 1933 48 22 him
314 1934 34 21 for
357 1933 50 23 that
416 1942 102 16 purpose.

191 1987 147 20 GENERAL
353 1988 196 19 CONDITIONS.

105 2021 45 22 Bth.
165 2021 61 22 Each
237 2021 90 22 Tender
335 2025 51 19 sent
396 2022 30 26 in,
444 2023 24 21 in
479 2030 153 20 consequence
642 2023 26 21 of

77 2048 45 22 this
141 2048 177 25 advertisement,
341 2052 23 18 to
381 2048 30 22 be
435 2049 160 28 accompanied
607 2050 30 27 by
651 2057 14 14 a
670 2044 2 29 j

77 2077 120 19 statement
212 2075 79 27 signed
310 2075 31 27 by
357 2078 44 19 two
420 2079 125 24 competent
564 2083 99 21 persons,

77 2102 46 21 and
132 2103 129 26 expressing
270 2101 60 22 their
338 2102 120 27 readiness,
475 2110 24 16 m
510 2102 36 22 the
557 2107 68 17 event
640 2103 25 21 of

78 2128 54 22 such
143 2127 89 23 Tender
240 2129 70 26 being
318 2129 113 28 accepted,
438 2134 22 18 to
467 2129 91 23 become
567 2129 98 31 security

77 2153 34 23 for
124 2155 38 21 the
178 2155 42 21 due
229 2155 154 28 performance
394 2156 25 21 of
426 2157 38 21 the
478 2157 104 22 Contract
592 2157 73 21 which

78 2182 44 22 will
137 2181 53 22 then
208 2181 27 23 be
251 2182 90 22 entered
357 2182 56 27 into,
424 2183 48 23 The
487 2183 91 28 penalty
589 2184 26 21 of
626 2183 39 22 the

77 2209 62 21 bond
156 2213 21 17 to
194 2209 27 21 be
237 2209 66 27 equal
319 2212 23 18 to
360 2209 38 21 the
409 2210 115 22 estimated
539 2214 94 18 amount
642 2210 26 22 of

77 2240 46 17 two
134 2235 97 22 month's
247 2235 108 28 supplies;
372 2236 46 22 and
431 2244 31 15 no
471 2237 96 28 supplies
578 2237 44 22 will
637 2238 28 21 be

72 2262 401 24 .received'until'thebondhas.been
485 2264 53 27 duly
548 2265 115 22 executed.

106 2290 45 21 9th.
167 2289 100 22 Tenders
281 2296 52 21 may
342 2289 28 22 be
387 2295 51 17 sent
453 2291 31 26 in,
496 2291 70 21 either
578 2291 35 22 for
628 2293 37 21 the

77 2316 72 22 •whole
160 2317 26 21 of
193 2316 37 22 tire
246 2316 97 27 supplies
353 2317 103 27 required
470 2317 98 23 for.each
580 2318 85 22 district

78 2343 152 28 respectively,
241 2350 25 14 or
275 2344 35 21 for
320 2350 44 20 any
374 2345 88 26 portion
474 2345 25 21 of
506 2344 68 27 them,
586 2348 80 25 except

77 2370 64 21 those
153 2369 77 23 -under
249 2369 38 23 the
306 2370 58 22 head
376 2371 33 21 -of
593 2371 72 23 which

77 2402 59 16 must
146 2397 30 21 all
186 2397 27 21 be
223 2397 24 21 in
258 2404 43 15 one
311 2397 98 23 Tender.

106 2423 59 22 10th.
180 2423 47 22 The
247 2423 132 23 Contractor
398 2427 23 19 to
440 2432 92 21 prepare
557 2425 35 23 his
616 2432 49 16 own

76 2453 98 19 account
190 2450 128 28 according-
322 2455 22 20 to
363 2451 39 22 the
416 2452 125 26 prescribed
551 2452 65 27 form,
631 2453 35 21 for

78 2477 38 22 the
126 2481 91 18 amount
226 2477 27 22 of
260 2478 72 22 which
346 2478 30 22 he
390 2478 45 22 will
450 2479 28 21 be
488 2479 116 22 lurnished
612 2479 54 22 with

77 2511 15 14 a
101 2504 120 22 certificate
236 2505 30 26 by
277 2505 36 21 the
324 2505 159 28 undersigned,
494 2506 44 22 and
551 2510 114 23 presenta-

77 2531 49 21 tion
150 2531 88 22 thereof
259 2534 24 19 at
305 2531 37 23 the
367 2533 166 24 Commissariat
552 2533 73 22 Office
644 2536 23 19 at

78 2557 129 28 Auckland,
219 2558 58 22 shall
289 2559 89 22 receive
392 2563 107 22 payment
510 2559 115 29 -monthly,
637 2560 29 27 by

71 2592 22 14 .a
101 2584 41 22 bill
159 2592 60 20 upon
231 2585 40 22 the
291 2585 71 23 Lords
381 2586 183 23 Commissioners
585 2588 27 21 of
621 2587 46 22 -her

79 2611 118 29 Majesty's
206 2613 111 26 Treasury
327 2615 24 19 at
359 2620 49 20 par,
419 2613 65 22 when
493 2612 38 22 the
545 2617 95 18 amount
647 2614 19 21 is

77 2639 139 26 twenty-five
230 2639 88 27 pounds
333 2646 25 15 or
378 2639 116 28 upwards;
511 2640 65 22 when
595 2641 72 21 under

78 2665 51 22 that
138 2670 98 22 amount,
247 2668 106 25 payment
362 2666 47 22 -will
419 2666 28 22 be
457 2667 65 21 made
531 2667 24 22 in
565 2667 61 22 cash.

109 2692 60 22 11th.
184 2692 28 22 In
223 2693 38 21 the
271 2696 68 18 event
348 2693 26 21 of
387 2700 44 19 any
440 2693 76 22 article
530 2694 84 22 offered
623 2695 44 20 -be-

78 2718 153 28 ing-objected
242 2722 21 19 to
274 2726 24 15 as
308 2723 40 18 not
358 2720 106 27 agreeing
480 2720 51 22 with
541 2721 63 21 these
614 2728 53 15 con-

82 2745 90 28 ditions,
191 2746 18 21 it
226 2745 45 23 will
290 2746 28 22 be
337 2746 122 22 submitted
478 2749 23 20 to
518 2754 14 14 a
551 2747 76 22 Board
646 2748 24 21 of

80 2771 103 29 Officers,
200 2776 28 24 to,
238 2773 30 22 be
284 2773 121 27 appointed
420 2773 29 27 by
459 2773 37 22 the
512 2773 83 23 Officer
609 2782 59 15 com-

75 2798 115 29 'roinding
198 2802 24 19 at
235 2799 39 23 the
289 2800 90 27 station,
392 2801 46 21 and
453 2800 20 22 if
484 2800 138 29 rejectedby
632 2801 36 22 the

77 2825 88 28 >Board,
176 2828 17 20 it
202 2826 45 23 will
256 2826 28 23 be
293 2825 106 28 replaced
412 2827 31 27 by
452 2827 37 22 the
503 2828 165 22 Commissariat

82 2853 86 22 Officer
177 2853 44 22 and
230 2853 97 27 charged
343 2853 90 27 against
445 2853 39 22 the
499 2855 135 22 Contractor,
645 2855 23 22 in

82 2879 38 23 the
141 2883 78 20 event.
225 2881 29 21 of
266 2881 35 21 his
320 2880 131 28 neglecting
470 2884 22 18 to
511 2881 29 21 do
560 2889 25 14 so
605 2882 63 22 when

75 2907 118 27 •required.
212 2917 5 19 ;

111 2934 59 22 12th.
186 2935 22 21 It
216 2933 58 23 shall
282 2934 29 22 be
321 2935 24 21 in
356 2934 37 22 the
402 2941 76 21 power
488 2935 25 21 of
524 2935 72 22 either
605 2939 64 28 party

83 2963 23 19 to
115 2960 59 22 limit
184 2961 35 22 the
230 2961 102 22 duration
342 2961 27 22 of
381 2961 38 22 the
437 2962 104 21 Contract
554 2962 30 27 by
592 2964 78 26 giving

76 2989 29 20 'in
111 2988 91 27 -writing
212 2996 13 14 a
233 2989 74 20 notice
318 2989 26 20 of
350 2988 63 21 three
428 2988 104 22 calendar
547 2989 90 22 months
647 2994 22 17 to

84 3013 38 23 the
139 3015 97 27 opposite
251 3018 71 24 party,
333 3015 45 21 and
393 3018 23 18 to
426 3015 42 22 end
484 3015 36 22 the
539 3019 99 18 contract
647 3020 23 18 at

83 3041 37 22 the
132 3042 124 27 expiration
273 3042 25 21 of
310 3042 49 21 that
372 3042 86 27 period,
475 3042 17 21 it
506 3042 69 27 being
590 3042 80 23 under-

83 3068 65 22 stood
158 3069 112 21 that-euch
287 3069 75 21 notice
377 3075 42 14 can
432 3069 28 21 be
470 3069 65 27 given
550 3070 53 26 only
613 3070 56 22 from

83 3095 38 22 the
131 3095 48 22 first
188 3095 43 26 day
243 3097 23 20 of
275 3103 14 14 a
297 3095 84 26 month,
393 3095 45 22 and
452 3095 77 22 within
543 3096 38 22 the
591 3097 79 26 period

83 3122 35 22 for
128 3121 71 24 which
209 3122 38 23 the
258 3123 106 22 Contract
372 3123 20 20 is
407 3122 66 21 made
483 3129 25 15 or
517 3124 83 26 agreed
610 3128 22 17 to
642 3124 28 22 be

83 3149 74 22 made.

111 3176 59 23 13th.
195 3176 62 23 Each
276 3176 90 23 Tender
384 3179 22 19 to
430 3176 28 23 be
482 3177 104 23 enclosed
610 3178 23 22 in
658 3186 12 15 a

84 3208 100 22 separate
199 3204 115 26 envelope,
332 3204 46 21 and
391 3204 96 22 marked
499 3203 20 11 '"
530 3204 91 23 Tender
634 3206 35 21 for

220 3231 91 22 Tender
327 3231 34 22 for
377 3231 70 27 Meat,
538 3239 24 14 aa
571 3232 39 21 the
621 3239 49 15 case

83 3265 53 20 may
146 3259 35 22 be.
209 3258 38 22 No
252 3257 88 23 Tender
346 3261 51 18 sent
404 3258 24 22 in
437 3257 57 23 shall
501 3258 29 22 be
539 3258 130 23 withdrawn

83 3293 26 15 or
118 3285 91 26 altered,
223 3285 46 22 and
287 3285 75 22 notice
374 3285 26 22 of
413 3281 64 26 those
493 3285 106 28 accepted
614 3285 56 22 shall

83 3314 28 21 be
122 3312 65 27 given
198 3312 63 21 three
271 3311 55 27 days
336 3311 26 22 of
369 3312 37 21 the
418 3312 53 22 time
482 3312 25 22 of
513 3311 106 29 opening.

112 3340 28 22 In
151 3339 30 22 all
190 3345 62 16 cases
267 3337 72 22 where
348 3345 93 19 persons
458 3338 48 23 who
513 3338 59 22 have
583 3339 87 22 tender-

84 3367 35 27 ed,
130 3366 74 22 refuse
219 3368 24 19 to
261 3364 58 22 fulfil
337 3364 59 22 tneir
407 3365 73 22 -offers
498 3373 59 20 upon
571 3366 57 26 light
645 3374 25 14 or

78 3393 112 23 •frivolous
206 3398 98 19 excuses,
315 3391 18 21 it
346 3391 47 22 will
406 3391 30 22 be
451 3396 127 23 competent
586 3394 35 20 for
630 3392 39 23 the

77 3419 157 27 -undersigned
244 3421 22 19 to
275 3417 89 22 decline
374 3422 23 17 to
406 3418 88 23 receive
503 3419 101 22 Tenders
611 3420 59 21 from

77 3448 69 21 'them
156 3450 24 19 at
187 3453 44 21 any
241 3446 75 20 future
324 3444 85 28 period.

113 3474 94 22 Persons
221 3472 98 21 desirous
329 3471 26 22 of
367 3471 128 28 Tendering
505 3479 36 15 are
550 3473 120 27 requested

78 3505 30 18 'to
127 3500 67 28 apply
212 3503 24 18 at
254 3498 38 22 the
311 3498 168 22 Commissariat
496 3499 69 22 Office
588 3504 23 17 at
633 3500 37 22 the

84 3527 93 27 station,-
183 3526 66 22 when
259 3525 54 27 they
321 3524 44 22 will
376 3525 27 21 be
413 3525 114 22 furnished
538 3526 54 22 with
601 3527 69 22 forms

84 3555 27 21 of
117 3554 93 26 Tender,
223 3552 45 22 and
278 3558 46 21 any
333 3551 65 22 other
406 3551 143 23 information
558 3552 54 29 they
618 3561 52 20 may

75 3582 104 27 .require.

413 3606 29 21 G.
453 3604 30 23 D.
492 3606 122 28 I/ardner,

495 3632 29 23 D.
534 3633 30 22 A.
576 3634 25 22 C.
613 3634 28 22 G.

112 3661 113 27 February
235 3662 19 25 9,
267 3661 60 21 1844.

84 3713 148 50 NOTICE
248 3712 28 22 IS
291 3711 131 24 HEREBY
434 3712 108 27 GlVEN,
547 3713 55 24 that
611 3713 59 23 Ten-

160 3741 49 22 ders
218 3739 45 23 will
272 3739 28 22 be
310 3739 104 22 received
424 3739 29 28 by
463 3739 37 23 the
511 3739 158 28 Undersigned

84 3767 56 23 until
150 3767 123 26 Thursday,
286 3765 38 22 the
334 3766 52 22 15th
397 3766 91 28 instant,
506 3770 23 19 at
545 3774 69 20 noon,
632 3767 35 23 for

84 3795 38 21 the
132 3801 59 15 hire
207 3793 26 22 of
253 3800 14 15 a
285 3792 103 28 building
404 3793 96 23 suitable'
512 3794 35 22 for
565 3794 105 23 barracks

82 3822 38 21 for
135 3821 38 22 the
192 3820 144 23 detachment
353 3819 113 23 stationed
482 3824 23 18 at
524 3821 144 27 Wellington.

85 3847 95 23 Further
190 3847 130 28 particulars
329 3853 54 21 may
392 3847 29 23 be
432 3847 107 23 obtained
594 3848 71 29 appli-

80 3875 78 21 cation
169 3880 23 16 to
202 3874 38 22 the
249 3873 165 28 Undersigned.

392 3908 28 22 G.
435 3908 30 22 D.
481 3909 120 27 Lakdner,

499 3936 27 22 D.
536 3937 29 21 A.
578 3937 24 21 C.
614 3936 28 22 G.

110 3967 146 27 Wellington,
273 3967 115 28 February
398 3969 20 26 9,
430 3969 60 21 1844.

844 147 127 21 Without
983 148 127 19 Reserve.
1219 156 3 4 -
1249 149 11 11 '-

688 184 159 50 MESSRS.
872 182 151 23 BETHUNE
1047 180 70 23 AND
1136 180 136 23 HUNTER)

777 211 46 22 will
839 210 42 23 aell
894 210 31 27 by
942 209 97 26 auction,
1058 215 29 15 on
1105 207 117 27 Monday,-
1231 210 46 19 the-

689 238 49 23 12th
748 237 92 26 o'clock,
853 236 38 22 the
900 235 72 23 whole
983 235 26 22 of
1019 235 39 22 the
1066 233 72 27 goods
1148 236 23 19 at
1180 237 92 24 present

687 272 27 15 on
723 264 46 22 sale
779 267 24 18 at
812 264 37 21 the
859 266 58 19 store
927 262 27 21 of
965 262 44 21 Mr.
1023 262 30 21 H.
1065 261 74 21 Jervis
1159 260 34 26 (at
1201 259 70 23 Jack-

687 290 69 26 son's)
774 290 189 26 Larabton-quay,
980 287 123 27 consisting
1120 287 26 21 of
1157 294 14 14 a
1186 287 85 27 variety

688 318 24 21 of
722 317 76 26 books,
811 315 119 27 historical,
948 314 103 27 medical,
1068 312 143 27 theological,
1226 313 45 22 and

687 342 120 30 periodical
818 342 71 22 works
897 349 6 20 ;
920 341 96 26 wearing
1028 340 89 27 apparel
1124 347 6 20 ;
1148 341 64 19 boots
1225 339 45 22 and

687 370 77 26 shoes;
785 372 86 24 carpets
889 368 130 28 carpeting;
1039 365 79 23 knives
1135 365 46 23 and
1195 365 75 28 forks;

687 396 106 23 builders'
810 397 169 25 ironmongery;
995 393 145 27 carpenters',
1157 392 113 27 painters',

687 423 134 27 plasterers',
843 421 145 26 shomakers',
1000 420 108 25 farmers',
1120 417 47 23 and
1176 417 95 28 garden-

687 450 49 26 ers',
752 450 74 26 tools;,
844 456 66 19 guns,
924 447 85 28 pistols,
1026 445 46 23 and
1087 445 98 27 swords;
1204 445 66 27 snuff,

687 476 44 22 and
755 475 63 23 snuff
838 476 84 24 boxes;
949 473 100 26 brushes,
1073 471 82 26 starch,
1181 478 89 21 pepper,

687 503 101 28 splendid
816 502 50 21 four
889 501 84 22 burner
990 499 69 28 lamp,
1082 499 51 21 iron
1157 498 113 27 bedstead,

687 532 77 24 patent
774 528 110 27 weighing
894 526 114 23 machines
1018 525 153 26 and^weights,
1181 525 89 22 &c.&c.

714 562 144 28 Wellington,
870 561 113 27 February
993 562 20 24 8,
1026 560 68 21 1844..

886 610 97 22 Public
999 612 68 20 Sale.

689 647 160 49 MESSRS.
870 644 152 23 BETHUNE
1046 644 69 22 AND
1140 643 132 23 HUNTER

778 673 45 22 will
833 672 41 22 sell
883 672 31 27 by
924 671 99 26 auction,
1040 674 23 18 at
1079 670 191 27 Larabton-quay,

687 708 28 14 on
724 700 117 27 Thursday
851 703 63 22 next,
926 698 37 22 the
974 697 52 23 15th
1036 697 91 26 instant,
1137 700 23 18 at
1165 696 107 28 half-past

687 727 87 23 twelve.

716 755 20 21 A
745 753 102 28 quantity
857 753 27 21 of
892 751 147 21 merchandize
1049 750 45 23 and
1105 750 65 22 other
1178 750 80 27 goods.

951 793 63 19 ALSO,

715 821 34 27 By
759 820 66 23 order
834 820 26 22 of
873 821 121 21 Committee
1002 819 28 26 of
1039 819 77 20 Public
1134 818 82 26 Safety,
1236 817 36 22 the

689 848 81 22 timber
779 847 44 22 and
841 847 114 22 materials
969 847 26 21 of
1014 846 37 22 the
1066 846 89 25 battery
1173 852 27 14 on
1218 844 54 35 Clay

688 875 73 26 Point,
773 874 119 27 consisting
901 874 27 21 of
939 875 13 19 2
960 873 54 21 inch
1024 871 85 23 cowdie
1125 869 75 30 plank,
1219 870 53 23 inch

686 901 90 24 boards,
787 900 45 23 and
842 900 121 26 scantling.

715 933 70 25 Also,
799 941 13 13 a
821 932 103 28 quantity
934 931 26 22 of
969 931 126 26 gunpowder
1105 929 126 28 purchased
1240 930 30 27 by

688 960 37 21 the
736 960 146 22 Committee..

715 993 143 28 Wellington,
870 993 113 27 February
993 994 21 24 6,
1026 993 61 21 1814.
1244 1023 30 5 ___

687 1042 52 20 For
754 1041 70 20 New
837 1039 149 25 Plymouth
996 1038 55 21 and
1066 1037 97 22 Kawia
1173 1037 99 22 Direct.

745 1078 55 16 _-«■-
869 1071 92 23 rriHE
975 1071 52 22 well
1039 1071 81 21 known
1131 1070 46 22 fast
1186 1070 88 27 sailling

876 1090 30 30 JL
938 1102 72 18 cutter
1019 1098 100 21 ROYAL
1131 1098 141 25 WILLIAM,

715 1120 132 38 JKajagra^,
868 1125 89 26 Lovett,
978 1126 92 26 Master,
1091 1125 46 22 will
1156 1125 41 21 sail
1215 1125 60 27 posi-

705 1151 140 35 Jgfr^JL
868 1157 9 17 l
878 1160 5 14 '
886 1160 26 14 ve
913 1153 24 27 'y
948 1160 28 14 on
986 1152 119 27 Thursday
1115 1151 111 27 morning.

692 1183 160 36 %SSS3S&
895 1190 46 22 For
950 1189 82 28 freight
1042 1197 24 14 or
1073 1196 95 21 passage
1178 1188 66 28 apply
1254 1191 21 19 to

1070 1223 78 22 James
1164 1224 83 21 Smith.

715 1259 139 26 Wellington
865 1258 113 27 February
990 1259 20 25 9,
1023 1258 60 21 1844.
