2590 4039
1339 2243 63 22 21st.
1405 2254 33 3 —
1438 2241 137 23 Descended
1596 2245 23 19 to
1642 2240 37 24 the
1702 2240 84 30 valley,
1808 2239 44 23 and
1874 2243 24 19 at

1304 2275 80 30 length
1405 2274 71 23 found
1498 2278 68 19 water
1589 2274 24 23 in
1637 2282 13 15 a
1672 2273 112 23 beautiful
1812 2277 84 18 stream

1305 2308 101 31 running
1417 2311 23 19 to
1449 2308 37 22 the
1494 2307 138 28 northward,
1643 2307 43 23 and
1695 2306 96 32 passing
1800 2304 97 31 through

1305 2349 64 16 some
1382 2341 111 23 excellent
1505 2346 69 18 tracts
1587 2341 25 22 of
1625 2340 57 23 level
1692 2339 125 24 woodland.
1854 2338 44 24 We

1305 2374 105 24 followed
1431 2374 38 22 the
1488 2381 78 16 course
1580 2374 25 23 of
1623 2374 46 23 this
1686 2377 94 24 stream,
1794 2372 72 23 which
1885 2371 12 24 I

1306 2407 83 25 named
1401 2407 37 23 the
1603 2407 35 23 for
1650 2407 69 23 about
1731 2411 42 18 two
1787 2405 73 29 miles,
1876 2409 22 19 to

1305 2442 30 22 its
1348 2441 130 23 confluence
1490 2440 55 24 with
1556 2440 96 24 another
1665 2444 82 20 stream
1760 2439 25 23 of
1796 2438 103 32 superior

1304 2475 140 31 magnitude,
1473 2474 92 30 flowing
1594 2474 60 23 from
1683 2473 39 23 the
1751 2473 146 23 south-west.

1305 2508 81 23 Below
1395 2507 37 24 the
1441 2507 105 31 junction
1557 2508 25 22 of
1590 2507 64 23 these
1664 2507 79 29 rivers,
1754 2506 39 23 the
1801 2505 99 24 Takaka

1307 2542 20 22 is
1349 2541 35 23 for
1405 2548 61 16 some
1486 2540 101 24 distance
1606 2545 38 19 too
1666 2539 62 31 rapid
1742 2544 21 19 to
1777 2539 57 29 ford,
1853 2539 46 23 aad

1307 2582 103 16 assumes
1432 2574 37 22 the
1488 2574 116 23 character
1623 2573 25 23 of
1665 2581 13 15 a
1697 2573 64 31 large
1782 2572 117 24 mountain

1307 2609 69 22 river.
1413 2607 96 31 Having
1528 2606 113 24 ascended
1663 2614 13 15 a
1686 2603 50 27 fern
1756 2606 44 24 hill
1820 2613 30 16 on
1860 2605 40 23 the

1307 2640 64 32 right
1384 2640 24 24 of
1417 2640 38 24 the
1474 2640 82 31 valley,
1577 2640 14 24 I
1612 2640 131 24 discovered
1764 2639 39 24 the
1820 2647 40 15 sea
1878 2638 26 23 of

1308 2675 119 23 Massacre
1440 2674 61 31 Bay,'
1513 2673 84 25 distant
1608 2678 21 19 to
1643 2674 37 23 the
1692 2671 130 25 northward
1833 2672 69 24 about

1307 2708 79 24 fifteen
1399 2707 65 24 miles
1475 2716 7 20 ;
1504 2707 36 24 the
1561 2708 73 31 valley
1646 2706 119 31 gradually
1778 2705 121 31 widening,

1300 2741 54 24 ,and
1372 2741 127 31 exhibiting
1519 2749 13 15 a
1551 2741 46 23 fine
1620 2748 100 23 expanse
1741 2739 25 23 of
1787 2738 112 32 probably

1309 2777 93 27 30,000
1419 2782 64 16 acres
1504 2774 25 24 of
1546 2774 48 24 rich
1608 2774 91 23 wooded
1720 2772 62 24 land.
1818 2772 82 23 Above

1309 2808 39 24 the
1368 2809 64 31 point
1452 2812 24 19 at
1493 2807 73 24 which
1587 2807 14 24 I
1621 2807 93 24 entered
1733 2807 39 22 the
1791 2805 73 31 valley
1885 2805 18 23 it

1308 2842 77 31 might
1406 2841 82 23 extend
1507 2848 70 16 seven
1597 2849 26 15 or
1646 2840 63 31 eight
1729 2839 67 24 miles
1817 2844 23 18 to
1863 2838 40 26 the

1300 2889 2 10 i
1309 2875 144 28 south-west,
1467 2874 68 31 along
1546 2874 38 23 the
1596 2873 75 24 banks
1683 2873 25 24 of
1722 2873 38 23 the
1801 2871 101 25 Parkin-

1300 2928 2 9 ,
1386 2906 49 33 (the
1442 2915 67 15 name
1516 2908 68 31 given
1594 2912 23 18 to
1625 2907 39 23 the
1673 2906 113 32 principal
1796 2903 105 30 branch),

1310 2943 55 22 with
1376 2950 14 15 a
1402 2941 67 23 width
1482 2941 101 23 between
1596 2941 37 23 the
1646 2940 52 24 hills
1711 2940 25 23 of
1746 2940 59 22 from
1823 2946 43 18 one
1878 2943 24 21 tp

1311 2981 44 18 two
1368 2975 64 23 miles
1444 2974 44 23 and
1511 2982 13 15 a
1544 2974 55 24 half.
1640 2974 31 23 At
1691 2973 39 24 the
1742 2972 59 24 head
1820 2972 25 23 of
1863 2971 39 24 the

1311 3009 75 30 valley
1396 3007 43 24 and
1457 3007 68 31 along
1546 3008 29 23 its
1596 3011 96 20 western
1713 3007 48 22 side
1781 3012 38 16 are
1838 3004 64 31 high,

1311 3042 95 31 rugged,
1428 3040 44 24 and
1493 3048 78 24 suowy
1584 3040 118 24 mountain
1723 3046 92 23 ranges.
1852 3037 51 24 The

1312 3075 105 28 Takaka,
1430 3073 87 31 though
1530 3082 12 16 a
1553 3074 67 31 rapid
1637 3078 86 19 torrent
1744 3073 23 22 in
1781 3071 38 27 the
1831 3078 73 27 upper

1311 3114 52 26 part
1374 3109 24 23 of
1409 3108 37 23 the
1458 3107 82 31 valley,
1553 3108 19 23 is
1585 3115 57 18 soon
1661 3106 125 30 altogether
1808 3104 51 28 lost,
1872 3104 32 30 by

1311 3143 31 22 its
1360 3141 103 30 entering
1481 3141 165 23 subterranean
1666 3138 116 29 channels,
1803 3137 43 25 and
1869 3144 35 17 we

1312 3175 90 24 walked
1421 3174 68 32 along
1509 3174 37 23 the
1567 3174 41 30 dry
1624 3172 117 24 river-bed
1760 3171 36 26 for
1816 3170 88 24 several

1312 3209 75 28 miles,
1399 3207 94 23 without
1505 3207 100 30 meeting
1625 3205 54 24 with
1691 3205 37 23 the
1744 3204 107 31 slightest
1862 3211 42 23 ap-

1312 3249 109 24 paarance
1432 3240 25 23 of
1462 3241 120 23 moisture.
1619 3239 52 24 Just
1679 3246 25 16 as
1714 3245 32 16 we
1754 3245 59 16 were
1822 3237 82 23 think-

1313 3276 51 30 ing-
1374 3275 25 23 of
1415 3272 94 33 making
1528 3281 40 16 our
1590 3275 166 28 encampment,
1779 3270 90 32 subject
1881 3274 23 19 to

1314 3309 38 23 the
1370 3306 176 25 inconvenience
1565 3306 76 25 which
1660 3305 45 24 had
1716 3303 108 26 attended
1834 3311 28 18 us
1875 3310 30 19 or*

1314 3342 38 23 the
1372 3346 42 18 two
1432 3339 136 35 preceeding
1587 3339 86 31 nights,
1686 3346 33 16 we
1732 3336 130 25 discovered
1874 3344 30 15 an

1314 3374 37 24 old
1363 3381 80 23 survey
1456 3374 91 28 station,
1559 3373 56 23 with
1627 3381 14 15 a
1653 3372 60 31 pond
1725 3371 106 31 adjacent
1843 3374 21 19 to
1876 3370 27 22 it.

1314 3407 51 25 The
1377 3406 129 31 surveyor's
1517 3406 59 24 lines
1588 3413 51 17 now
1651 3404 84 25 offered
1745 3411 29 16 an
1787 3411 53 22 easy
1848 3402 57 31 path

1314 3445 23 20 to
1350 3440 37 25 the
1398 3444 69 24 coast,
1480 3439 45 24 and
1537 3447 31 16 we
1582 3438 84 29 halted,
1675 3436 101 25 satisfied
1789 3440 23 21 at
1819 3435 86 31 having

1314 3473 100 25 attained
1425 3472 39 24 the
1476 3472 75 34 object
1562 3473 25 23 of
1598 3472 38 24 the
1648 3472 139 31 expedition.

1349 3510 40 21 22.
1392 3519 32 4 —
1425 3505 136 24 Descended
1585 3506 39 23 the
1640 3505 75 31 valley
1733 3509 23 18 to
1775 3503 39 23 the
1827 3506 75 19 coast.

1315 3541 39 24 On
1366 3547 42 17 our
1419 3538 113 32 suddenly
1543 3539 105 31 entering
1660 3546 13 16 a
1681 3542 78 27 potato
1778 3535 90 33 ground
1881 3536 25 23 in

1314 3573 75 24 which
1398 3579 62 18 some
1472 3572 88 25 natives
1571 3579 60 18 were
1644 3576 23 19 at
1678 3570 72 29 work,
1771 3569 60 24 their
1851 3576 53 16 sur-

1313 3614 53 25 prse
1377 3613 46 17 was
1436 3606 125 29 excessive,
1573 3605 46 23 and
1629 3606 53 29 they
1695 3604 67 24 could
1774 3604 26 22 in
1811 3610 29 19 np
1854 3609 52 24 way

1315 3643 96 20 account
1421 3638 35 24 for
1469 3646 41 17 our
1522 3646 149 27 appearance^
1691 3637 110 31 knowing
1812 3635 49 28 that
1872 3642 34 16 we

1315 3673 44 24 had
1382 3677 39 19 not
1441 3672 89 23 arrived
1547 3672 31 33 by
1598 3676 71 18 water
1686 3679 26 15 or
1732 3671 31 30 by
1782 3670 38 26 the
1833 3673 71 18 coast.

1315 3705 121 31 Although
1454 3706 97 23 anxious
1570 3710 24 18 to
1615 3705 56 23 hear
1683 3704 38 23 the
1733 3702 136 32 particulars
1881 3701 26 24 of

1315 3740 39 23 the
1372 3739 107 32 journey,
1494 3738 59 24 their
1565 3738 188 31 inquisitiveness
1764 3743 47 16 was
1824 3734 82 32 chiefly

1316 3779 60 25 upon
1389 3771 160 31 superstitious
1559 3776 94 19 matters
1663 3779 6 21 ;
1683 3770 44 23 and
1736 3769 13 24 I
1761 3776 46 17 was
1816 3772 89 27 repeat-

1316 3806 51 31 edly
1380 3804 105 31 inquired
1496 3805 26 23 of
1530 3812 26 16 as
1568 3809 23 18 to
1603 3804 50 23 how
1667 3804 63 22 often
1742 3802 47 24 and
1804 3802 24 24 in
1847 3800 60 25 what

1318 3839 69 31 shape
1398 3838 12 23 I
1423 3837 44 23 bad
1478 3845 52 16 seen
1577 3837 74 31 Taipo
1692 3835 50 32 (the
1763 3833 80 31 devil,)
1862 3833 45 23 and

1316 3871 94 24 assured
1422 3878 35 16 me
1470 3870 49 24 that
1530 3870 38 24 the
1580 3869 131 25 mountains
1730 3867 76 24 which
1824 3866 14 24 I
1860 3865 47 24 had

1316 3904 92 24 crossed
1415 3911 59 16 were
1480 3903 36 24 his
1523 3903 124 31 particular
1655 3902 44 24 and
1705 3900 112 24 favourite
1826 3898 78 24 abode.

1316 3938 52 24 The
1379 3936 107 26 fabulous
1495 3936 47 24 and
1554 3936 87 24 extinct
1651 3934 70 28 birds,
1744 3933 40 24 the
1796 3939 51 18 raoa
1859 3931 47 23 and

100 1180 49 25 The
161 1179 120 31 subjoined
293 1179 19 22 is
324 1177 69 24 taken
403 1177 60 24 from
474 1184 15 15 a
505 1176 56 30 long
572 1172 78 27 artfele

71 1217 20 22 in
102 1213 36 24 the
147 1211 87 25 Nelson
243 1210 133 29 Examiner,
387 1210 26 23 of
422 1210 39 23 the
470 1210 33 24 27
507 1209 24 24 th
540 1208 110 31 January,

73 1255 23 17 on
109 1246 37 24 the
157 1245 89 30 subject
255 1253 5 15 :
263 1257 34 4 —

128 1286 37 24 On
178 1285 37 23 the
235 1284 58 25 13th
305 1284 90 28 March,
419 1285 74 27 1843,
506 1281 63 25 Lord
582 1281 70 24 Stan-

69 1321 33 30 ley
112 1318 119 25 addressed
243 1318 38 23 his
290 1318 50 23 first
351 1316 109 31 despatch
469 1320 23 19 to
505 1315 49 24 Mr.
569 1314 83 24 Short-

70 1353 56 24 land.
170 1351 48 24 His
236 1351 109 31 lordship,
365 1349 58 24 after
441 1349 87 30 stating
542 1347 51 24 that
613 1347 41 24 her

72 1385 115 32 Majesty's
211 1384 157 24 Government
388 1382 46 24 had
453 1381 94 31 delayed
570 1386 23 18 to
614 1380 39 24 the

70 1420 64 23 latest
144 1417 77 32 period
232 1421 24 19 to
268 1417 72 23 which
353 1416 53 31 they
416 1414 158 31 conveniently
587 1421 42 16 cou
641 1414 14 22 d

73 1453 35 23 the
127 1450 165 25 consideration
303 1450 26 23 of
343 1450 39 23 the
400 1450 106 30 question
517 1447 60 24 what
599 1448 55 23 esti-

72 1489 64 25 mate,
146 1484 19 24 if
171 1491 52 23 any,
234 1483 83 24 should
323 1483 28 24 be
361 1481 124 25 submitted
493 1486 23 19 to
527 1481 37 23 the
573 1480 82 24 House

72 1519 24 23 of
105 1518 121 24 Commons
237 1516 35 24 for
291 1516 37 23 the
340 1516 85 23 service
438 1514 25 24 of
478 1514 39 23 the
529 1514 89 29 colony,
630 1514 24 23 in

75 1552 34 23 the
120 1551 57 31 hope
194 1549 50 24 that
262 1549 53 31 they
326 1549 73 30 might
417 1548 58 23 have
493 1547 57 24 been
571 1552 41 25 put
631 1547 23 23 in

73 1584 124 32 possession
207 1582 25 25 of
240 1582 69 24 fuller
320 1582 157 31 explanations
484 1580 131 32 respecting
625 1580 30 23 its

74 1619 96 22 finances
178 1615 54 25 than
242 1624 44 23 any
297 1615 73 24 which
378 1615 44 24 had
432 1619 38 26 yet
480 1613 95 25 reached
583 1613 70 29 them,

74 1651 41 23 and
126 1650 49 24 that
185 1657 29 16 no
223 1649 84 24 official
314 1650 73 22 notice
394 1648 26 24 of
429 1648 99 32 Captain
537 1646 118 24 Hobson's

74 1683 64 24 death
149 1683 44 24 had
209 1683 59 23 been
280 1682 109 29 received,
401 1680 109 33 proceeds
528 1685 22 19 to
568 1681 88 30 recapi-

75 1717 66 24 tulate
161 1716 38 24 the
217 1715 192 32 correspondence
429 1714 75 23 which
522 1713 44 24 had
587 1713 70 24 taken

75 1751 60 30 place
147 1758 28 16 on
190 1749 38 25 the
238 1749 102 24 finances
351 1748 25 24 of
390 1748 40 24 the
441 1747 89 32 colony.
567 1746 58 24 This
637 1747 20 22 is

74 1791 51 24 very
136 1783 97 31 cleverly
244 1782 66 24 done.
346 1781 51 24 The
413 1781 94 24 various
524 1784 133 19 statements

75 1824 35 16 are
121 1816 108 31 analyzed
229 1829 34 4 —
265 1815 37 24 the
311 1818 107 28 attempts
429 1818 24 20 to
465 1813 94 31 mystify
566 1821 38 15 are
616 1821 37 15 ex-

77 1850 73 31 posed.
187 1849 24 24 It
222 1850 19 23 is
253 1848 83 32 clearly
346 1848 77 24 shown
436 1847 49 24 that
497 1847 37 23 the
545 1854 81 15 excess
636 1846 21 23 of

75 1883 143 31 expenditure
237 1890 55 16 over
308 1883 88 23 income
411 1881 37 23 for
467 1880 40 24 the
527 1880 51 23 first
596 1879 61 30 eight

75 1916 93 29 months,
181 1915 89 25 instead
279 1915 25 24 of
313 1915 68 31 being
390 1915 107 28 £4,182,
509 1920 26 16 as
543 1913 75 22 stated
629 1913 28 30 by

71 1949 93 32 Captain
178 1949 98 24 Hobson
288 1950 23 22 in
323 1949 35 23 his
370 1947 104 31 dispatch
483 1947 25 23 of
518 1946 82 23 March
616 1947 41 27 29,

77 1985 68 27 1842,
158 1984 20 22 is
198 1984 24 21 in
242 1982 47 23 fact
300 1981 121 27 £16,857,
434 1980 38 23 the
491 1979 57 23 bona
566 1979 45 26 fide
623 1986 34 15 re-

75 2023 68 15 venue
163 2015 34 23 for
216 2014 49 23 that
286 2013 77 30 period
382 2012 71 30 being
472 2011 44 24 but
535 2011 122 27 £18,027,

77 2048 73 24 whilst
161 2048 38 23 the
218 2046 75 24 actual
312 2045 148 31 expenditure
471 2052 47 15 was
529 2044 115 27 £34,884
652 2043 5 24 !

77 2081 47 25 The
141 2081 133 30 bolstering'
286 2084 84 26 system
390 2077 99 31 exposed
491 2089 33 5 —
524 2076 39 23 the
581 2076 76 23 differ-

78 2123 50 16 ence
150 2115 100 22 between
270 2113 65 22 loans
353 2111 43 24 and
416 2111 125 31 legitimate
560 2117 97 16 revenue

79 2149 73 23 shown
153 2160 32 4 —
187 2147 35 23 his
233 2146 102 29 lordship
347 2144 103 24 remarks
460 2153 5 15 :

110 2188 85 27 'Such,
209 2188 61 27 then,
283 2186 69 30 being
359 2185 37 23 the
408 2184 85 24 outline
507 2183 25 24 of
541 2183 37 24 the
590 2182 70 24 infor-

79 2222 80 23 mation
171 2221 26 22 of
206 2220 73 23 which
298 2219 12 24 I
323 2226 36 16 am
371 2219 25 22 in
405 2215 133 34 possession
559 2221 101 26 respect-

79 2256 38 29 ing
128 2254 37 23 the
183 2252 108 25 financial
303 2252 113 24 condition
428 2250 25 25 of
469 2250 39 24 the
521 2249 81 32 colony
613 2256 49 17 now

79 2287 68 24 under
157 2294 58 24 your
223 2289 156 28 government,
389 2283 44 25 and
441 2284 57 24 such
507 2283 153 28 information,

81 2321 104 30 although
204 2319 89 24 neither
304 2318 42 24 full
357 2326 42 15 nor
416 2317 104 32 explicit,
529 2316 97 30 making
637 2316 25 28 it,

79 2353 172 31 unfortunately,
274 2351 132 32 impossible
429 2355 23 19 to
476 2350 72 23 arrive
571 2353 25 19 at
617 2356 44 23 any

80 2387 60 24 other
163 2386 132 24 conclusion
312 2385 55 24 than
387 2384 50 23 that
456 2383 39 24 the
514 2387 92 26 present
626 2389 37 16 re-

81 2428 75 16 source
168 2420 24 23 of
209 2420 37 23 the
259 2419 77 30 colony
350 2419 21 22 is
389 2421 40 19 not
440 2416 114 24 sufficient
566 2422 58 16 even
643 2419 21 19 to

79 2454 89 31 provide
178 2453 35 24 for
225 2454 30 22 its
268 2451 147 31 expenditure
433 2457 30 16 on
474 2449 38 24 the
531 2449 61 23 scale
604 2456 61 24 upon

81 2487 69 22 which
159 2487 97 30 Captain
266 2485 98 24 Hobson
372 2483 46 24 had
428 2482 125 24 calculated
561 2482 26 29 it,
596 2482 67 22 much

81 2520 42 23 less
135 2525 22 18 to
170 2520 120 29 discharge
302 2518 37 23 the
350 2517 73 31 heavy
433 2516 114 23 liabilities
559 2515 106 23 incurred

82 2551 132 32 (inevitably
225 2560 30 16 no
275 2549 82 33 doubt)
368 2551 24 23 in
412 2551 30 23 its
460 2549 51 24 first
522 2548 140 24 foundation.

81 2598 32 5 —
114 2586 12 23 I
137 2586 65 28 have,
215 2587 24 22 in
251 2590 91 19 concert
350 2583 53 24 with
415 2583 38 24 the
465 2582 76 24 Lords
549 2582 115 23 Commis-

82 2620 85 23 sioners
178 2619 27 24 of
222 2619 40 24 the
281 2618 123 29 Treasury,
416 2620 62 20 most
489 2614 110 31 carefully
611 2622 53 16 con-

81 2652 87 24 sidered
178 2652 61 24 what
256 2651 117 24 reduction
384 2651 19 22 it
422 2649 91 24 seemed
530 2647 100 32 possible
643 2651 22 19 to

81 2685 71 30 effecr,
163 2685 55 25 with
229 2693 14 15 a
253 2685 57 23 view
328 2689 22 19 to
362 2683 131 32 equalizing
511 2682 38 23 the
568 2688 98 16 revenue

81 2719 42 24 and
135 2718 148 32 expenditure
292 2726 6 19 ;
317 2717 44 24 and
372 2717 48 23 also
431 2715 62 24 what
504 2715 132 28 assistance,
649 2714 20 23 if

83 2759 50 24 any,
147 2751 71 32 ought
229 2755 23 19 to
263 2751 30 23 be
300 2750 70 23 asked
380 2749 24 23 of
418 2748 143 24 Parliament
570 2746 97 24 towards

83 2786 70 23 either
164 2785 39 23 the
215 2787 92 21 current
318 2791 25 16 or
361 2783 38 23 the
419 2785 52 28 past
483 2781 149 31 expenditure
645 2780 24 23 of

84 2818 36 24 the
132 2817 88 32 colony.

115 2852 7 12 •
132 2851 50 24 The
194 2850 84 25 results
291 2855 23 18 at
331 2848 73 25 which
415 2848 41 24 her
474 2845 125 34 Majesty's
618 2847 49 24 Go-

82 2889 117 19 vernment
215 2885 58 23 have
286 2883 86 24 arrived
391 2890 31 16 on
439 2882 56 23 both
507 2881 64 23 these
589 2880 78 29 heads,

84 2925 35 16 are
138 2918 96 24 detailed
242 2917 4 5 v
254 2918 25 23 in
298 2917 38 23 the
354 2916 87 23 minute
460 2915 25 24 of
500 2915 38 23 the
556 2914 78 23 Board
647 2913 22 24 of

84 2951 120 32 Treasury,
215 2950 66 25 dated
293 2950 82 24 March
389 2948 66 30 10th,
468 2948 26 23 of
503 2947 74 25 which
587 2955 14 16 a
611 2955 58 24 copy

84 2984 19 23 is
118 2984 110 23 enclosed.

118 3017 38 24 'It
167 3018 19 22 is
198 3017 62 32 right
271 3017 50 24 that
331 3016 14 24 I
357 3016 82 24 should
460 3015 52 29 add,
524 3014 55 24 with
597 3014 72 24 refer-

86 3057 52 17 ence
149 3054 22 19 to
183 3051 39 23 the
233 3051 55 23 debt
299 3050 30 23 of'
339 3050 115 28 £l2,ooo
465 3048 75 24 stated
550 3053 23 18 to
585 3048 30 23 be
627 3047 42 24 due

86 3087 21 19 to
119 3084 37 23 the
168 3084 144 31 Emigration
323 3082 75 30 Fund,
411 3082 50 24 that
470 3082 20 23 it
500 3082 43 23 has
561 3085 42 19 not
613 3081 56 23 been

86 3116 67 24 taken
175 3118 47 22 into
244 3121 96 19 account
361 3117 24 22 in
406 3115 124 32 providing
550 3115 61 23 from
632 3114 37 24 the

85 3150 58 23 from
154 3150 39 23 the
204 3150 68 25 funds
284 3150 25 23 of
318 3150 45 24 this
371 3153 94 26 country
476 3148 34 24 for
520 3148 38 24 the
570 3148 99 31 existing

85 3182 115 23 liabilities
216 3183 25 22 of
256 3183 39 24 the
313 3183 79 31 colony
401 3191 6 20 ;
427 3183 97 23 because
536 3181 133 30 emigration

86 3220 23 18 to
121 3214 38 24 the
177 3220 92 18 amount
287 3216 25 23 of
328 3216 75 29 nearly
422 3216 115 28 £12,000
557 3215 43 23 has
611 3214 58 24 been

86 3247 130 24 sanctioned
228 3248 45 23 and
289 3249 85 23 carried
389 3249 47 23 into
449 3249 66 23 effect
526 3256 30 16 on
566 3248 41 23 the
618 3255 51 24 pre-

87 3282 115 31 sumption
213 3280 50 24 that
273 3280 46 24 this
330 3281 55 24 fund
395 3282 75 23 would
479 3282 28 24 be
517 3281 110 24 available
636 3281 33 24 for

88 3314 36 24 the
135 3321 101 24 purpose
247 3313 25 23 of
282 3313 115 31 defraying
408 3315 39 23 the
459 3315 91 30 charge.

121 3348 7 12 *
141 3347 27 24 If
184 3355 45 23 you
248 3346 59 24 shall
317 3346 57 24 have
385 3347 57 23 been
454 3348 49 23 able
516 3353 22 18 to
549 3348 58 23 have
617 3356 53 23 pro-

88 3381 66 24 vided
164 3381 38 23 the
213 3379 70 25 funds
294 3386 119 24 necessary
425 3384 23 18 to
459 3386 60 18 meet
530 3382 26 27 it,
568 3381 39 23 the
618 3381 54 24 debt

89 3414 44 23 will
143 3414 56 24 have
208 3414 58 24 been
276 3412 114 25 cancelled
396 3421 7 19 ;
416 3412 20 23 if
445 3417 47 25 not,
499 3414 41 23 her
550 3414 122 31 Majesty's

91 3446 153 25 Government
255 3446 48 24 still
315 3450 82 20 cannot
408 3445 126 26 undertake
544 3451 24 19 to
578 3447 93 32 provide

90 3480 123 32 ultimately
225 3480 59 24 from
303 3480 37 23 the
358 3479 69 24 funds
439 3479 24 23 of
473 3479 46 23 this
533 3484 94 26 country
637 3480 35 24 for

91 3513 30 23 its
131 3519 138 26 repayment,
281 3513 41 24 but
333 3512 38 24 the
383 3519 99 24 expense
491 3512 26 23 of
526 3512 38 23 the
575 3513 98 31 emigra-

91 3546 46 24 tion
147 3546 74 25 which
237 3547 42 24 has
298 3547 57 24 been
373 3545 95 24 effected
480 3550 62 18 must
560 3545 27 24 be
599 3547 74 23 consi-

91 3579 66 25 dered
169 3588 13 16 a
191 3580 50 24 first
253 3581 82 31 charge
345 3587 61 24 upon
418 3579 40 24 the
468 3578 110 32 proceeds
588 3579 25 23 of
621 3579 53 25 land

91 3612 47 24 sold
149 3613 71 24 under
231 3614 39 24 the
281 3618 77 19 recent
368 3618 36 19 act
416 3612 26 24 of
455 3611 151 27 Parliament.

124 3647 7 11 *
145 3646 12 24 I
178 3651 62 19 must
260 3647 47 24 also
330 3647 94 24 observe
446 3646 54 24 that
518 3646 39 23 the
578 3652 52 16 sura
653 3646 22 23 of

93 3679 111 29 £10,000
225 3680 111 32 proposed
358 3685 23 18 to
401 3680 29 23 be
453 3679 109 32 provided
579 3678 36 23 for
637 3678 38 23 the

92 3712 67 24 drafts
181 3721 49 16 now
254 3713 145 31 outstanding
422 3713 54 29 will,
501 3712 13 24 I
538 3720 37 16 am
595 3719 80 22 aware,

94 3753 62 16 cover
175 3752 52 26 part
243 3746 53 32 only
309 3748 24 22 of
352 3746 37 24 the
410 3750 94 20 amount
516 3746 24 23 of
561 3746 114 28 £25,000

94 3778 70 24 which
175 3779 38 24 the
223 3779 47 25 late
283 3779 139 25 Goverraent
432 3788 48 15 was
491 3779 92 24 advised
595 3778 30 31 by
637 3778 38 24 the

95 3810 121 26 Executive
237 3813 96 24 Council
352 3818 22 18 to
394 3813 61 24 draw
466 3813 36 24 for
510 3821 7 21 ;
535 3813 43 23 but
592 3811 14 24 I
618 3816 57 20 treat

95 3843 35 25 the
148 3851 91 19 amount
250 3846 26 24 of
292 3846 38 24 the
350 3846 71 24 drafts
434 3854 29 16 on
482 3846 45 24 this
542 3849 97 20 account
650 3853 25 15 as

93 3875 83 27 limited
187 3884 22 18 to
220 3879 38 24 the
269 3880 122 28 £10,000,
404 3879 98 24 because
513 3879 14 24 I
540 3883 84 20 cannot
634 3879 41 24 but

94 3909 56 33 hope
169 3912 48 24 that
235 3913 88 24 further
343 3912 167 24 consideration
526 3912 77 24 would
617 3912 58 24 have

92 3942 35 25 led
138 3944 47 25 that
196 3946 75 24 officer
283 3951 40 19 not
334 3950 23 20 to
368 3945 67 33 adopt
442 3946 25 23 in
477 3946 42 24 full
527 3945 41 38 jhe
576 3945 98 31 very'ill-

1902 126 98 30 kakapo,
2012 125 57 28 also,
2081 125 25 23 in
2118 123 58 24 their
2188 122 76 29 belief,
2275 121 89 24 inhabit
2374 121 36 24 the
2422 128 63 17 same

1903 158 102 31 locality.

1937 190 78 25 From,
2036 190 39 23 the
2099 188 99 25 Takaka
2217 188 14 23 I
2254 186 125 32 proceeded
2398 190 23 19 to
2445 185 40 25 the

1905 223 96 24 Hauriri
2011 222 92 31 Valley,
2115 229 55 17 near
2181 225 23 19 to
2224 221 62 30 Cape
2304 218 118 29 Farewell,
2440 218 47 24 and

1904 256 73 23 which
1996 257 21 22 is
2034 255 60 31 fully
2113 263 24 16 as
2158 253 75 24 fertile
2252 253 42 23 but
2305 256 41 20 not
2356 258 62 17 more
2429 251 58 23 than

1904 288 50 24 half
1969 288 38 24 the
2024 292 80 19 extent
2121 288 26 23 of
2172 286 106 24 Takaka.
2323 284 36 24 Its
2370 291 82 23 snrvey
2464 283 23 23 is

1902 321 51 32 just
1964 321 126 31 completed
2101 320 29 30 by
2142 319 49 25 Mr.
2203 319 89 30 Budge,
2305 317 58 23 from
2381 316 74 24 whom
2473 315 14 25 I
2495 338 4 5 .

1906 359 47 19 met
1964 354 53 23 with
2026 361 14 16 a
2052 357 60 19 most
2123 352 126 31 hospitable
2262 350 123 31 reception.

1940 387 70 23 From
2021 386 39 23 the
2074 385 96 23 Hauriri
2183 385 13 23 I
2205 383 106 25 returned
2323 384 30 29 by
2365 382 38 24 the
2415 386 72 24 coast,

1907 420 45 23 and
1975 420 56 23 after
2054 419 53 22 nine
2129 417 57 31 days
2207 417 26 23 of
2254 417 38 23 the
2311 419 61 20 most
2391 413 99 24 difficult

1904 452 138 32 journeying
2059 450 74 24 which
2154 450 14 23 I
2184 450 57 23 have
2258 453 46 19 met
2322 448 54 24 with
2395 448 24 23 in
2431 446 58 25 New

1907 484 108 29 Zealand,
2028 484 91 23 arrived
2130 488 23 18 at
2167 483 36 23 the
2215 481 114 24 Motuaka
2341 488 28 16 on
2388 480 40 24 the
2447 479 44 25 4th

1907 518 27 23 of
1948 518 111 29 January.

1943 551 29 23 In
1995 558 13 15 a
2028 550 74 23 dirsct
2119 549 54 29 line,
2193 548 38 23 the
2251 547 100 23 distance
2374 546 57 23 from
2452 544 40 24 the

1909 583 111 31 surveyed
2031 584 99 22 sectious
2147 583 24 21 in
2189 581 38 23 the
2247 579 103 25 Rewaka
2368 578 82 31 Valley
2469 583 24 18 to

1909 617 110 23 available
2040 615 54 24 land
2114 622 29 16 on
2161 614 39 24 the
2218 612 100 24 Takaka
2338 613 19 21 is
2377 616 38 18 not
2430 618 64 16 more

1909 649 56 23 than
1977 650 37 22 six
2024 649 75 23 miles.
2145 647 51 24 The
2207 646 80 31 height
2304 644 25 24 of
2344 643 38 24 the
2400 651 53 23 pass
2473 643 21 23 is

1909 683 70 23 about
1987 683 75 28 2,000
2074 681 47 23 feet
2132 690 7 19 ;
2160 681 41 23 but
2220 679 39 23 the
2278 681 91 20 ascents
2381 683 37 16 are
2430 683 64 23 easy,

1909 715 46 23 and
1968 714 53 24 with
2033 721 82 24 proper
2127 721 50 16 care
2190 712 44 24 and
2250 711 136 31 judgement
2397 717 13 15 a
2420 709 75 23 bridal

1909 748 56 31 path
1985 747 74 31 might
2076 747 30 23 be
2125 745 86 25 carried
2229 752 53 16 over
2302 742 38 24 the
2349 749 69 24 range
2430 747 24 18 at
2464 749 31 16 no

1910 785 65 26 great
1986 787 108 24 expense.
2130 779 30 24 In
2173 778 38 24 the
2222 777 55 24 road
2287 777 61 23 from
2355 775 141 30 Wellington

1911 818 23 19 to
1946 813 98 25 Porirua
2055 812 39 24 the
2111 817 90 19 ascents
2220 818 37 16 are
2276 815 98 25 steeper,
2391 807 45 24 and
2457 807 38 23 the

1911 847 101 23 distance
2024 853 25 16 as
2062 846 35 23 far
2109 845 75 30 again.
2219 843 51 24 The
2281 839 67 35 pass,'
2355 841 110 28 however,
2476 841 20 22 is

1912 884 40 19 not
1963 888 24 14 so
2000 878 67 24 much
2080 886 25 15 as
2118 878 49 23 half
2177 877 37 23 the
2226 876 118 24 elevation.

1946 912 36 32 By
1993 912 97 30 making
2100 909 20 25 a'
2125 910 53 24 road
2191 917 52 16 over
2257 908 37 24 the
2306 907 106 31 Poynter.
2417 913 80 24 range,

1913 945 38 24 the
1962 945 71 23 whole
2046 945 25 23 of
2087 944 38 23 the
2142 951 70 24 upper
2224 946 51 27 part
2294 940 26 25 of
2342 940 37 24 the
2399 938 99 25 Takaka

1913 979 83 30 Valley
2008 978 75 23 would
2094 977 93 24 become
2198 974 110 25 available
2320 973 33 24 for
2363 972 99 24 addition
2475 976 22 19 to

1914 1010 111 32 surveyed
2037 1011 67 23 lands
2117 1010 25 23 of
2156 1010 39 23 the
2207 1008 136 27 settlement,
2365 1005 43 24 and
2431 1005 69 23 about

1914 1046 75 28 7,000
2003 1052 23 15 or
2040 1045 75 28 8,000
2128 1050 64 16 acres
2205 1041 73 24 would
2295 1040 29 23 be
2344 1038 71 24 added
2427 1043 22 19 to
2461 1038 39 23 the

1914 1078 92 28 27,000
2018 1084 64 16 acres
2096 1075 90 31 already
2197 1074 48 25 laid
2257 1078 40 19 out
2308 1073 24 22 in
2350 1072 48 23 that
2417 1071 82 31 valley.

1915 1111 30 22 In
1958 1110 36 23 the
2006 1109 105 29 Haiiriri,
2126 1111 89 26 14,850
2228 1114 64 17 acres
2303 1106 57 22 have
2373 1105 56 23 been
2447 1111 52 16 sur-

1915 1144 78 30 veyed,
2006 1143 44 23 and
2062 1142 65 23 there
2147 1142 87 23 remain
2254 1138 108 33 probable
2382 1139 73 27 4,000
2475 1145 27 15 or

1916 1179 75 26 5,000
2005 1183 62 16 acres
2079 1180 24 19 to
2120 1175 28 23 be
2167 1172 110 33 surveyed
2297 1172 25 23 in
2341 1170 37 24 the
2396 1170 107 24 Tomatia

1916 1209 45 24 and
1973 1210 106 30 Taupata
2090 1208 86 30 valleys
2189 1207 86 24 farther
2286 1203 136 26 northward.
2450 1203 52 24 The

1917 1243 72 23 whole
2003 1242 23 23 of
2043 1241 38 24 the
2094 1241 109 24 available
2214 1239 54 25 land
2280 1239 24 23 in
2315 1237 117 23 Massacre
2438 1236 64 31 *Bay

1917 1276 46 23 will
1987 1275 53 24 thus
2063 1278 94 20 amount
2179 1279 23 18 to
2226 1273 68 23 about
2317 1272 91 27 55,000
2431 1277 71 21 acres,

1917 1308 75 24 which
2005 1313 78 18 extent
2094 1307 24 24 of
2134 1311 95 26 country
2241 1304 75 24 would
2333 1304 28 22 be
2381 1302 123 24 connected

1917 1342 56 23 with
1997 1341 90 23 Nelson
2110 1340 44 23 and
2177 1339 37 24 the
2238 1336 191 26 accommodation
2450 1335 54 25 land

1918 1374 87 24 around
2024 1373 124 24 Tasman's
2169 1372 65 28 Gulf,
2253 1372 30 30 by
2301 1370 38 24 the
2350 1369 121 24 formation
2483 1368 25 23 of

1918 1416 14 15 a
1945 1408 55 23 road
2008 1407 60 23 from
2078 1406 38 23 the
2125 1405 113 24 Motuaka
2247 1403 98 31 through
2356 1402 37 24 the
2402 1401 104 25 Rewaka

1920 1440 84 31 Valley
2017 1445 21 18 to
2053 1440 118 23 Massacre
2183 1439 58 30 Bay.

1957 1473 86 24 Should
2055 1481 15 15 a
2081 1472 122 31 praticable
2215 1472 47 23 line
2274 1470 25 24 of
2318 1469 188 24 communication

1922 1507 27 23 be
1961 1506 70 24 found
2043 1504 38 33 (as
2094 1506 116 23 doubtless
2222 1506 18 22 it
2252 1503 57 32 will)
2321 1502 54 25 with
2386 1502 38 26 the
2440 1501 66 24 Wai-

1921 1548 42 15 rau
1975 1540 30 30 by
2017 1540 38 23 the
2069 1539 88 24 Kituna
2168 1539 68 28 Pass,
2255 1537 65 24 there
2340 1536 46 23 will
2406 1535 53 24 then
2478 1535 30 23 be

1922 1582 30 14 an
1974 1572 160 31 uninterupted
2154 1571 44 23 and
2216 1578 55 24 easy
2291 1573 64 20 route
2367 1568 97 30 through
2476 1568 32 23 all

1921 1612 65 26 parts
1998 1605 26 24 of
2039 1605 39 23 the
2090 1605 87 24 Nelson
2191 1609 45 18 sett
2247 1607 83 24 ement,
2343 1602 45 23 and
2398 1601 57 24 from
2468 1601 38 23 the

1923 1643 97 19 western
2031 1643 23 19 to
2066 1638 40 23 the
2119 1642 89 20 eastern
2220 1641 61 19 coast
2294 1636 25 23 of
2334 1635 45 24 this
2391 1634 87 24 Island.

2210 1671 122 22 Caarles
2351 1668 122 24 Heaphy.

1957 1705 167 24 Expedition
2136 1711 32 16 to
2180 1711 51 16 the
2250 1703 113 24 Wair.au
2384 1707 125 18 through

1922 1746 52 17 the
1994 1739 122 22 Pelorus
2134 1737 120 24 Valley.
2255 1749 33 4 —
2290 1735 152 30 Wednesday,
2454 1734 55 23 Jan.

1923 1774 39 27 10,
1974 1773 72 23 1844.
2048 1784 35 4 —
2083 1770 34 24 At
2127 1778 59 16 noon
2193 1770 41 24 left
2243 1770 97 28 Nelson,
2348 1767 161 31 accompanied

1922 1805 31 31 by
1966 1805 46 24 Mr.
2027 1804 98 32 Bishop,
2137 1804 85 28 Watts,
2231 1803 45 24 and
2288 1810 42 17 one
2343 1802 24 25 of
2378 1802 36 24 the
2426 1800 83 25 Rhan-

1925 1839 77 30 gataui
2015 1846 25 15 or
2051 1837 60 24 bush
2130 1838 87 22 natives
2238 1845 25 15 as
2284 1844 41 16 our
2341 1835 74 32 guide,
2429 1834 81 30 taking

1925 1871 54 23 with
1991 1880 28 14 us
2036 1876 40 18 ten
2092 1870 62 31 days'
2174 1871 127 30 provisions
2320 1869 43 23 and
2382 1876 14 16 a
2407 1867 105 32 plentiful

1923 1904 82 31 supply
2026 1904 25 23 of
2074 1903 91 32 powder
2184 1903 43 24 and
2248 1903 60 24 shot.
2346 1901 115 25 Followed
2479 1908 32 24 up

1924 1938 38 23 the
1980 1937 84 24 Maitai
2085 1937 82 30 valley,
2180 1937 103 30 crossing
2295 1935 39 25 the
2349 1935 42 24 low
2403 1941 70 25 range
2485 1941 26 15 as

1923 1972 24 23 in
1960 1979 41 15 our
2011 1970 84 24 former
2107 1970 74 29 track,
2194 1970 44 23 and
2254 1974 22 19 at
2287 1969 45 24 five
2344 1977 56 23 p.m.
2413 1967 98 24 reached

1925 2004 38 23 the
1977 2003 106 30 junction
2102 2003 26 23 of
2142 2003 39 23 the
2193 2007 43 19 two
2254 2007 104 23 streams,
2372 2001 36 23 the
2429 2000 83 24 Maitai

1925 2036 45 25 and
1982 2035 137 29 Waitaraki,
2132 2035 75 24 where
2227 2043 33 16 we
2280 2042 59 17 were
2350 2033 125 32 compelled
2487 2038 23 18 to

1925 2077 94 24 encamp
2038 2070 24 22 in
2082 2076 155 23 consequence
2258 2069 24 23 of
2302 2068 37 23 the
2360 2068 57 27 rain,
2438 2066 75 24 which

1925 2103 40 23 fell
1977 2102 51 29 fast,
2041 2102 131 31 increasing
2185 2102 37 23 the
2234 2101 84 31 weight
2328 2101 26 24 of
2369 2108 41 16 our
2421 2099 92 31 already

1925 2136 72 30 heavy
2014 2135 109 29 burdens,
2135 2135 45 23 and
2197 2135 93 31 putting
2307 2142 28 16 us
2355 2134 25 23 in
2398 2132 68 25 dread
2477 2132 36 24 for

1926 2169 38 23 the
1977 2168 72 32 safety
2061 2168 27 23 of
2103 2176 41 15 our
2154 2169 140 30 provisions.

1961 2202 100 31 January
2075 2203 40 22 11.
2117 2214 34 4 —
2153 2202 57 23 Fine
2228 2202 114 29 morning.
2378 2200 69 24 After
2459 2199 54 30 dry-

1925 2236 41 30 ing
1977 2243 41 16 our
2028 2235 116 29 blankets,
2158 2235 54 28 &c,
2225 2233 145 25 commenced
2386 2233 38 24 the
2436 2237 79 19 ascent

1927 2268 26 24 of
1968 2269 37 23 the
2017 2268 123 31 Moketap.
2176 2268 84 24 Found
2279 2268 41 23 the
2341 2267 41 25 fire
2402 2274 33 16 we
2447 2266 67 23 made

1927 2302 64 23 when
2004 2301 43 24 last
2059 2301 65 24 there
2135 2301 26 23 of
2175 2306 65 26 great
2251 2309 41 16 use
2304 2305 23 19 to
2338 2308 38 21 us,
2387 2299 68 24 much
2466 2299 48 23 les-

1927 2335 81 30 sening
2027 2335 39 23 the
2088 2335 87 30 fatigue
2194 2334 25 24 of
2235 2334 38 24 the
2292 2337 85 20 ascent.
2412 2332 68 24 Took
2501 2340 15 15 a

1927 2369 81 23 sketch
2028 2369 26 22 of
2078 2367 39 24 the
2137 2376 78 22 range,
2237 2368 38 24 the
2295 2367 61 32 peak
2375 2366 23 24 of
2414 2365 39 24 the
2470 2365 44 24 hill

1926 2402 95 31 bearing
2033 2400 95 25 E.S.E.
2143 2402 46 22 and
2205 2402 38 23 the
2261 2401 83 23 Maitai
2355 2399 73 31 valley
2440 2398 73 24 N.W.

1927 2435 30 31 by
1968 2435 39 24 W.
2043 2435 35 23 At
2090 2442 60 16 noon
2172 2442 33 15 we
2223 2433 97 25 reached
2342 2433 37 24 the
2400 2439 80 17 source
2492 2432 25 24 of

1928 2468 38 24 the
1978 2468 90 28 Maitai,
2081 2476 31 15 on
2133 2468 38 23 the
2191 2467 55 32 edge
2266 2468 24 23 of
2306 2466 38 25 tho
2356 2466 72 28 wood,
2440 2464 75 25 where

1928 2509 33 16 we
1974 2501 94 32 stopped
2081 2506 22 18 to
2116 2501 59 24 dine.
2212 2502 33 23 At
2258 2508 42 16 one
2313 2508 31 15 we
2358 2498 105 25 resumed
2474 2505 42 16 our

1925 2535 106 32 journey,
2043 2534 101 33 keeping
2163 2534 73 23 round
2256 2534 38 23 the
2306 2533 42 23 hill
2367 2530 98 32 through
2478 2530 38 24 the

1929 2569 71 28 wood,
2013 2567 44 24 and
2078 2567 118 31 following
2207 2575 41 18 our
2258 2567 85 23 former
2358 2565 72 29 track,
2442 2563 76 27 which

1928 2602 20 23 is
1961 2609 49 16 now
2029 2609 56 22 very
2097 2600 100 24 distinct.
2233 2600 68 23 After
2322 2607 28 16 an
2371 2598 57 24 hour
2447 2597 44 24 and
2502 2605 16 15 a

1928 2635 71 23 half's
2010 2633 147 31 scrambling,
2170 2632 141 25 wereached
2323 2640 40 16 our
2376 2631 36 24 old
2423 2635 52 28 spot
2487 2638 29 16 on

1930 2668 38 23 the
1979 2668 64 30 ridge
2055 2668 26 22 of
2097 2666 37 24 the
2154 2666 119 32 Moketap,
2286 2666 60 23 from
2367 2664 73 25 which
2452 2664 65 23 there

1930 2702 19 23 is
1961 2710 14 14 a
1986 2701 55 24 view
2064 2701 26 22 of
2106 2700 38 23 the
2165 2700 97 24 Pelorus
2273 2699 82 30 valley,
2368 2697 69 25 Blind
2457 2697 60 30 Bay,

1930 2734 43 24 &c.
2010 2734 51 23 Our
2081 2734 91 30 guide's
2192 2734 86 31 spirits,
2297 2732 111 28 however,
2428 2730 89 24 seemed

1931 2768 75 24 rather
2018 2766 96 32 damped
2127 2771 23 19 at
2168 2767 39 23 the
2228 2766 62 31 sight
2303 2765 25 24 of
2344 2773 12 15 a
2367 2765 63 30 large
2440 2764 43 24 fire
2494 2763 25 23 in

1931 2801 37 24 the
1979 2800 111 25 direction
2107 2800 26 23 of
2149 2800 39 23 the
2200 2800 111 25 Kaituna.
2346 2798 68 24 After
2426 2805 14 16 a
2450 2797 69 29 hasty

1931 2833 88 30 sketch,
2033 2833 121 24 continued
2175 2840 41 16 our
2236 2840 80 16 course
2335 2831 99 31 winding
2453 2830 65 23 down

1932 2868 37 22 the
1980 2857 50 39 hilj,
2043 2866 61 26 until
2114 2874 34 16 we
2160 2874 63 16 came
2236 2871 39 18 out
2287 2865 26 24 of
2327 2864 38 24 the
2377 2864 63 23 wood
2451 2871 30 16 on
2494 2867 24 19 to

1932 2901 38 23 the
1982 2899 102 26 manuka
2104 2907 70 23 range
2196 2899 73 23 which
2288 2898 63 24 leads
2372 2902 23 18 to
2408 2897 38 23 the
2457 2896 62 24 river

1932 2934 106 23 Pelorus.
2074 2932 116 32 Evening.
2210 2931 108 25 Reached
2331 2931 37 23 the
2381 2930 105 28 Pelorus,
2497 2934 23 19 at

1932 2967 38 23 the
1981 2967 47 23 foot
2040 2967 26 23 of
2081 2966 39 24 the
2131 2974 78 23 range,
2223 2965 74 24 where
2308 2972 41 19 we,
2353 2962 132 32 encamped.

1965 3000 102 31 January
2078 3001 39 22 12.
2120 3012 33 4 —
2154 2999 116 24 Followed
2278 2998 38 24 the
2325 2998 59 23 river
2393 2996 62 24 bank
2466 3003 54 16 over

1932 3033 68 31 sharp
2011 3033 94 31 pointed
2118 3032 68 24 rocks
2197 3032 35 24 for
2253 3031 63 25 three
2328 3030 72 29 miles,
2413 3028 60 25 until
2487 3036 33 16 we

1932 3074 62 16 came
2003 3071 21 18 to
2036 3074 14 15 a
2059 3071 85 18 stream
2152 3066 100 30 running
2260 3065 60 24 from
2327 3064 38 24 the
2375 3061 127 26 northward
2513 3070 7 20 ;

1932 3099 90 24 crossed
2034 3100 26 28 it,
2073 3099 47 23 and
2130 3099 58 23 after
2207 3098 117 30 following
2342 3096 39 24 the
2402 3096 58 24 river
2471 3094 51 24 half

1932 3141 14 15 a
1957 3132 53 24 mile
2022 3132 89 24 farther
2130 3131 70 24 about
2212 3131 99 28 S.S.Ei,
2324 3129 79 24 struck
2414 3130 48 22 into
2482 3127 40 24 the

1932 3166 71 29 wood,
2017 3174 28 15 on
2056 3171 24 17 to
2099 3172 14 16 a
2131 3164 58 24 kind
2210 3164 26 24 of
2250 3164 60 24 table
2330 3162 62 24 land.
2428 3162 34 23 At
2473 3160 48 24 this

1933 3200 63 30 point
2008 3198 38 24 the
2059 3198 54 24 hills
2131 3198 79 23 recede
2231 3197 59 24 from
2311 3197 38 22 the
2369 3196 59 24 river
2440 3204 7 19 ;
2466 3194 54 28 and,

1934 3233 29 30 by
1973 3232 101 34 keeping
2086 3231 51 23 well
2154 3231 60 24 from
2225 3230 26 29 it,
2263 3238 46 23 you
2330 3233 40 19 not
2391 3228 53 31 only
2455 3227 67 24 avoid

1936 3266 128 30 traversing
2074 3265 31 23 its
2118 3263 157 25 innumerable
2296 3262 81 29 bends,
2390 3261 41 24 but
2443 3260 78 25 obtain

1932 3299 60 23 level
2010 3298 44 24 and
2076 3297 59 25 clear
2158 3297 109 30 walking.
2315 3296 68 23 After
2402 3294 120 30 travelling

1933 3332 51 24 four
1995 3339 25 16 or
2032 3332 44 23 five
2088 3331 72 23 hours
2172 3331 23 22 in
2208 3330 39 24 the
2258 3330 72 28 wood,
2344 3328 64 24 N.E.
2422 3327 44 23 and
2478 3326 42 29 E.,

1934 3365 114 30 following
2059 3364 38 23 the
2109 3364 78 23 Maori
2196 3363 73 29 track,
2277 3371 32 15 we
2318 3369 63 17 came
2390 3365 39 19 out
2440 3369 14 14 a
2464 3358 58 25 little

1933 3399 72 23 above
2017 3398 38 24 the
2065 3397 106 33 junction
2181 3397 24 23 of
2222 3397 39 23 the
2271 3396 79 30 Kiyou
2361 3394 44 24 and
2417 3393 105 27 Pelorus,

1934 3439 53 16 near
2000 3432 38 22 the
2051 3435 53 27 spot
2114 3430 97 24 reached
2231 3431 24 24 in
2271 3438 14 15 a
2295 3429 86 24 former
2391 3426 131 32 expedition

1933 3465 30 31 by
1976 3465 46 26 Mr,
2039 3463 110 25 Tuckett.
2188 3463 97 26 Crossed
2306 3461 38 24 the
2362 3460 104 27 Pelorusi
2478 3458 44 24 fol-

1934 3498 72 24 lowed
2018 3498 37 23 the
2069 3505 60 16 river
2148 3497 61 23 bank
2222 3496 31 24 E.
2266 3496 35 23 for
2321 3499 42 20 two
2375 3493 65 24 miles
2451 3498 71 21 more,

1934 3531 153 30 occasionally
2099 3530 112 31 plunging
2220 3529 48 23 into
2280 3528 38 23 the
2330 3527 70 28 wood,
2412 3525 45 24 and
2468 3524 54 24 then

1935 3564 124 32 encamped
2071 3565 36 22 for
2119 3563 37 25 the
2169 3562 73 31 night.

1970 3599 102 33 January
2085 3599 39 26 \3,
2128 3609 32 4 —
2161 3595 68 24 After
2240 3594 90 29 leaving
2341 3597 42 21 two
2396 3590 62 33 days'
2468 3597 54 24 pro-

1934 3632 93 27 visions,
2042 3638 32 16 we
2087 3628 120 27 continued
2225 3635 41 16 our
2283 3625 105 33 joilrned.
2424 3621 101 28 Walked

1934 3665 51 25 half
1996 3672 13 15 a
2021 3664 53 25 mile
2092 3662 42 28 E.,
2147 3661 64 23 when
2229 3667 33 16 we
2283 3658 55 26 took
2357 3663 24 18 to
2402 3656 37 24 the
2455 3657 68 26 river,

1935 3698 73 23 which
2029 3698 20 22 is
2071 3696 54 24 here
2145 3694 56 23 wide
2218 3692 46 25 and
2281 3692 101 28 shallow,
2396 3689 53 26 with
2461 3689 63 30 large

1935 3730 90 31 shingle
2047 3728 66 24 beds.
2149 3726 120 27 Observed
2292 3725 38 26 the
2353 3724 74 30 valley
2449 3726 22 23 tp
2495 3721 30 23 be

1935 3763 88 32 greatly
2035 3760 129 30 increasing
2184 3760 23 25 in
2226 3758 78 30 width,
2317 3757 93 33 patches
2433 3755 24 25 of
2474 3754 51 26 fern

1935 3798 53 22 here
2000 3794 43 24 and
2055 3793 65 24 there
2132 3793 101 30 skirting
2243 3792 39 26 the
2294 3790 75 25 banks
2377 3789 25 24 of
2412 3788 36 26 the
2455 3788 69 25 river.

1936 3829 95 29 Having
2042 3826 88 24 walked
2143 3826 69 23 about
2224 3833 13 15 a
2249 3825 55 24 mile
2317 3823 43 24 and
2374 3830 12 16 a
2395 3821 48 23 half
2457 3820 68 26 N.N,

1928 3862 47 28 !E.,
1987 3868 33 16 we
2033 3867 63 16 came
2109 3863 21 19 to
2143 3867 13 15 a
2167 3858 71 24 burnt
2249 3858 50 23 fern
2310 3855 78 32 patch,
2399 3877 4 5 r
2400 3854 75 24 where
2488 3853 39 23 the

1935 3895 58 23 river
2005 3893 66 24 takes
2084 3900 14 15 a
2120 3892 69 31 sharp
2201 3896 53 19 turn
2268 3895 21 18 to
2302 3890 39 23 the
2353 3887 139 29 southward,
2505 3891 22 20 to

1935 3926 65 25 avoid
2019 3926 75 24 which
2105 3933 34 15 we
2150 3924 79 24 struck
2250 3924 44 24 due
2317 3926 50 21 east
2379 3920 98 33 through
2490 3919 37 24 the

667 136 89 34 judged
784 135 216 24 recommendations
1029 135 26 22 of
1080 134 38 23 his
1145 133 112 24 advisers.

671 169 55 25 You
737 168 53 29 will,
810 168 14 24 I
844 173 64 24 trust,
927 168 31 30 by
970 166 38 24 the
1031 168 124 22 assistance
1175 166 26 23 of
1221 164 38 25 the

672 202 116 30 Treasury
808 201 94 29 minute,
917 201 29 22 be
965 199 50 24 able
1036 204 22 19 to
1078 199 67 24 make
1157 197 104 32 yourself

672 234 135 31 completely
818 237 84 21 master
916 233 25 24 of
958 232 39 24 the
1018 233 71 22 views
1107 232 26 23 of
1148 232 43 23 her
1205 230 54 24 Ma-

670 267 82 33 jesty's
764 267 152 24 Government
922 273 26 16 as
959 269 25 19 to
994 264 37 24 the
1039 265 131 23 reductions
1182 263 77 24 which

673 303 18 22 it
702 300 47 24 will
758 300 29 23 be
798 306 116 24 necessary
926 302 23 20 to
962 298 73 30 effect,
1048 298 46 23 and
1105 297 38 24 the
1158 297 38 23 aid
1208 297 19 22 it
1239 297 20 22 is

673 333 113 33 proposed
804 338 23 18 to
845 337 64 26 grant
926 336 23 19 to
969 330 39 24 the
1028 330 81 31 colony
1120 337 52 16 now
1186 328 73 25 under

674 374 59 25 your
746 365 100 31 charge.'

710 399 42 23 •It
767 399 21 23 is
806 402 48 25 not,
874 397 108 28 however,
1002 403 39 24 my
1062 394 57 24 wish
1137 395 50 23 that
1214 402 45 23 you

676 432 91 28 should,
776 432 25 22 in
813 431 38 23 the
862 429 92 25 interval
975 429 77 24 before
1074 428 38 23 the
1130 427 86 24 arrival
1236 427 26 24 of

677 465 99 31 Captain
789 463 116 24 Hobson's
923 469 126 21 successor,
1071 461 28 23 do
1119 468 64 16 more
1203 460 56 23 than

677 498 67 24 make
757 497 84 23 known
853 496 38 23 the
902 495 119 32 principles
1033 502 30 15 on
1083 493 72 24 which
1177 493 82 24 reduc-

676 531 61 24 tions
746 529 47 24 will
804 529 54 23 take
869 528 59 32 place
939 537 6 20 ;
966 528 42 23 but
1018 526 54 25 with
1084 530 90 27 respect
1185 531 23 19 to
1221 526 38 23 the

676 563 123 33 pecuniary
813 563 120 22 assistance
945 559 114 33 proposed
1078 564 22 18 to
1120 559 27 24 be
1159 558 101 24 afforded

677 596 59 24 from
749 595 45 23 this
806 599 101 26 country,
924 594 20 23 it
966 594 19 23 is
1006 592 62 31 right
1084 592 49 23 that
1151 592 13 23 I
1180 591 80 24 should

677 629 68 24 make
756 635 45 24 you
813 635 73 16 aware
899 627 45 24 that
955 627 18 23 it
985 627 20 23 is
1017 626 38 22 the
1068 625 53 30 only
1133 625 38 23 aid
1188 624 74 25 which

677 669 46 25 you
745 665 63 19 must
831 664 78 27 expect
926 664 23 19 to
968 659 97 28 receive,
1085 658 45 23 and
1148 658 50 23 that
1217 665 43 23 you

677 698 64 21 must
763 693 104 25 consider
884 691 101 33 yourself
1000 699 25 16 as
1048 690 130 33 prohibited
1201 694 60 20 most

677 727 118 32 expressly
806 727 67 28 from,
886 733 25 16 on
922 733 45 23 any
978 728 105 24 account,
1104 725 116 29 resorting
1239 728 22 18 to

669 760 118 31 .Imperial
797 759 68 24 funds
877 759 32 23 for
919 766 45 23 any
984 758 87 23 further
1090 757 126 23 assistance
1238 757 22 22 in

677 794 101 24 addition
791 798 24 19 to
831 792 39 24 the
886 792 84 31 precise
989 798 51 16 sura
1059 790 101 23 allotted.
1210 789 52 24 Her

679 826 121 32 Majesty's
830 825 153 24 Government
1005 828 83 19 cannot
1110 823 72 23 admit
1203 823 57 27 that,

678 860 72 23 under
771 859 37 23 the
831 859 51 30 plea
904 858 21 23 of
948 864 143 23 emergency,
1114 864 45 22 you
1179 863 39 16 are
1238 860 22 18 to

679 892 103 24 consider
803 891 102 31 yourself
913 890 106 32 justified
1039 890 24 22 in
1082 889 102 30 drawing
1206 888 54 24 bills

679 933 61 24 upon
754 925 38 23 the
803 924 75 24 Lords
890 923 21 24 of
925 923 39 24 the
976 923 117 30 Treasury
1102 932 6 19 ;
1123 922 43 23 and
1180 920 82 25 should

678 959 53 23 bills
742 959 28 23 be
782 958 77 23 drawn
871 958 30 29 by
907 965 43 22 you
973 956 35 23 for
1028 963 45 22 any
1093 956 63 23 other
1176 955 87 23 service

679 992 56 23 than
744 992 64 23 those
820 989 141 33 particularly
972 989 107 31 specified
1089 989 25 22 in
1123 988 37 24 the
1173 989 89 23 minute

680 1025 25 23 of
719 1025 38 23 the
770 1024 74 24 Lords
858 1023 187 24 Commissioners
1053 1022 23 23 of
1088 1022 38 23 the
1133 1022 131 28 Treasury,

680 1059 93 23 without
785 1057 105 32 previous
905 1055 133 31 permission
1058 1055 70 31 being
1145 1050 116 31 obtained,

681 1092 13 23 I
712 1095 61 19 must
790 1090 92 24 caution
902 1097 48 23 you,
970 1088 50 23 that
1037 1088 57 23 such
1108 1088 53 23 bills
1174 1086 46 24 will
1233 1086 27 23 be

681 1123 124 31 inevitably
829 1121 130 25 dishonored
970 1130 5 15 :
1000 1129 14 15 a
1036 1121 92 23 caution
1149 1119 76 25 which
1246 1119 18 22 it

680 1158 46 23 will
738 1158 27 22 be
777 1164 40 23 my
827 1156 56 30 duty
896 1161 18 18 to
926 1154 81 25 render
1018 1154 87 23 further
1118 1154 104 23 effective
1234 1152 29 30 by

680 1191 79 31 giving
778 1198 25 15 as
824 1189 68 24 much
911 1188 110 32 publicity
1042 1192 23 18 to
1081 1188 18 22 it
1117 1195 25 15 as
1155 1186 13 25 I
1180 1192 84 17 conve-

681 1223 90 29 niently
782 1223 59 23 can.'

740 1260 51 25 The
804 1260 112 31 Treasury
929 1259 93 24 Minute
1040 1259 71 23 above
1128 1256 102 25 referred
1243 1260 21 18 to

681 1296 21 22 is
716 1303 14 15 a
740 1295 122 23 document
871 1293 130 31 expressing
1014 1292 37 23 the
1064 1293 68 21 views
1145 1290 74 23 which
1231 1288 38 25 the

686 1328 80 24 Home
778 1326 152 25 Government
942 1326 111 23 entertain
1066 1325 24 22 of
1106 1324 38 23 the
1163 1321 107 26 financial

683 1361 114 23 condition
806 1360 25 23 of
846 1360 39 22 the
904 1358 86 31 colony,
1010 1358 43 24 and
1071 1357 104 23 likewise
1194 1360 73 19 states

683 1394 38 24 the
733 1398 94 19 amount
837 1393 24 22 in
874 1391 33 24 aid
925 1391 24 23 of
966 1392 30 22 its
1013 1398 98 16 revenue
1133 1389 77 24 which
1229 1388 40 23 the

684 1427 75 24 Lords
780 1426 24 24 of
832 1426 38 22 the
893 1425 112 29 Treasury
1028 1431 97 24 propose
1145 1428 24 18 to
1191 1426 78 27 grant.

683 1460 43 24 We
749 1460 57 23 have
831 1458 107 24 therefore
963 1457 90 31 printed
1075 1458 20 22 it
1121 1457 24 23 in
1170 1454 99 25 another

683 1494 100 28 column,
795 1492 56 24 with
862 1492 39 22 the
915 1491 122 31 exception
1055 1490 26 23 of
1096 1490 37 23 the
1151 1488 121 30 following

683 1527 101 24 abstract
796 1525 25 24 of
837 1525 130 23 deductions
987 1528 21 19 to
1020 1523 28 23 be
1067 1523 65 23 made
1149 1522 60 24 from
1231 1520 40 24 the

684 1561 117 23 estimates
813 1559 36 23 for
862 1559 61 23 1842
934 1566 7 14 :—:
944 1569 33 5 —

734 1600 138 23 Deductions
881 1599 54 21 from
947 1598 38 22 the
1149 1597 21 22 £
1197 1603 20 14 *•
1247 1595 22 20 <*•

685 1633 135 23 Governor's
836 1631 175 23 Establishment
1148 1630 42 21 928
1218 1628 13 22 5
1260 1629 12 20 0

686 1660 102 23 Colonial
798 1658 134 28 Secretary's
945 1657 28 22 do
1147 1657 42 20 310
1218 1657 13 19 0
1260 1655 14 21 0

684 1687 143 22 Treasurer's
948 1684 29 22 do
1149 1683 43 21 280
1220 1683 14 19 0
1261 1682 14 20 0

686 1713 72 23 Audit
949 1711 29 21 do
1151 1711 42 20 160
1220 1709 14 20 0
1260 1709 14 19 0

686 1742 104 21 Customs
800 1743 24 18 at
833 1737 85 24 Russell
1149 1737 44 20 630
1220 1736 14 20 0
1260 1736 14 19 0

688 1767 59 24 Gaol
766 1766 181 23 establishments
964 1768 23 18 at
1004 1763 119 23 Auckland

714 1794 45 22 and
770 1793 136 27 Wellington
1149 1790 42 21 301
1220 1789 14 21 2
1260 1789 14 20 6

686 1821 103 27 Printing
798 1826 109 21 expenses
1150 1817 43 21 500
1220 1817 14 19 0
1260 1816 14 20 0

768 1855 151 22 Disallowed
920 1863 28 5 —

688 1887 113 26 Registrar
811 1890 23 18 to
844 1887 104 30 Supreme
955 1885 70 21 Court
1149 1882 41 22 125
1218 1883 14 20 0
1259 1883 13 19 0

690 1913 101 23 Medical
804 1912 178 24 establishments
1147 1909 40 22 781
1217 1908 12 21 5
1257 1909 14 20 0

692 1941 107 22 Harbour
810 1939 102 23 Master's
922 1937 171 23 establishment
1102 1939 24 18 at

719 1967 122 22 Auckland
1113 1971 19 19 •/
1151 1963 43 21 934
1222 1963 14 19 4
1261 1962 15 20 3

690 1993 160 26 Storekeepers
860 1991 166 21 establishment
1043 2003 75 6 ......
1148 1989 43 19 480
1206 1989 26 19 15
1260 1989 16 19 0

692 2017 194 29 Superintendent
892 2015 88 23 ofstock
985 2014 45 22 and
1036 2014 90 23 domain
1154 2014 40 22 341
1222 2014 28 21 5>

932 2069 65 23 Total
1108 2069 84 26 £5,751
1208 2069 28 21 16
1264 2069 14 20 9

749 2108 55 24 Two
815 2106 64 26 other
888 2105 132 32 despatches
1029 2104 58 23 from
1097 2104 99 31 Captain
1207 2102 69 25 Hob-

690 2149 42 16 sou
744 2146 38 26 yet
793 2141 87 23 remain
899 2144 17 19 to
938 2139 29 23 be
988 2137 98 28 noticed,
1095 2145 46 15 one
1157 2136 68 24 dated
1239 2136 37 24 the

690 2175 59 23 28th
770 2174 37 24 the
834 2173 64 24 other
915 2172 37 24 the
975 2171 59 24 30th
1060 2170 25 23 of
1106 2170 69 28 June,
1203 2171 73 22 1842.

690 2208 52 23 The
760 2208 84 23 former
862 2212 127 17 announces
1008 2204 38 24 the
1065 2203 113 32 purchase
1198 2203 25 23 of
1239 2202 38 26 the

690 2241 125 23 Auckland
835 2240 103 29 Printing
951 2237 140 31 Company's
1110 2236 116 23 materials
1243 2236 34 23 for

690 2275 106 27 £1,425,
809 2272 81 29 which,
903 2273 20 22 in
935 2280 14 14 a
960 2271 60 23 brief
1037 2269 117 31 despatch,
1167 2269 21 23 is
1201 2276 75 16 some-

692 2308 59 22 what
771 2305 136 32 grudgingly
921 2304 103 24 allowed.
1060 2302 52 24 The
1132 2302 69 24 latter
1223 2309 54 16 con-

693 2342 58 22 tains
764 2348 13 15 a
790 2341 5 10 '
806 2339 110 23 Schedule
929 2337 23 24 of
971 2337 30 23 all
1020 2336 38 24 the
1070 2336 171 31 appointments
1254 2340 22 19 to

692 2374 76 31 public
781 2373 76 23 offices
869 2372 42 23 and
930 2371 31 24 all
980 2370 132 24 alterations
1124 2369 68 24 made
1204 2369 25 23 in
1240 2368 38 24 the

693 2407 93 23 salaries
798 2405 45 23 and
861 2405 131 23 allowances
1011 2403 25 24 of
1051 2403 78 30 public
1150 2402 92 23 officers
1254 2402 24 23 in

693 2440 58 24 New
770 2438 116 29 Zealand,'
906 2445 28 24 up
954 2442 23 19 to
997 2435 38 25 the
1054 2436 51 23 date
1127 2436 25 23 of
1168 2435 39 24 the
1226 2435 50 24 des-

692 2473 76 32 patch.
821 2471 77 24 These
913 2472 6 11 '
930 2469 149 29 alterations,'
1102 2469 114 28 however,
1239 2475 39 17 are

693 2505 125 31 invariably
829 2506 5 10 '
844 2504 108 25 additions
962 2513 6 19 ;
978 2504 6 9 '
1003 2503 45 23 and
1060 2502 64 24 Lord
1136 2502 106 31 Stanley,
1255 2503 24 22 in

692 2541 37 22 his
741 2539 70 31 reply,
825 2538 54 24 thus
893 2537 98 24 remarks
1003 2544 30 16 on
1045 2536 39 24 the
1096 2535 90 32 subject
1196 2543 6 16 :
1204 2547 35 6 —

729 2581 6 10 1
742 2579 131 30 Adverting
881 2583 22 19 to
910 2577 37 24 the
957 2576 110 24 admitted
1074 2576 205 31 disappointments

693 2613 26 23 of
735 2613 37 23 the
795 2612 152 32 expectations
969 2610 73 23 which
1057 2609 47 24 had
1115 2610 3 5 '
1125 2610 57 22 been
1204 2613 75 20 enter-

694 2646 77 24 tained
791 2646 24 23 in
827 2644 80 32 regard
925 2650 23 18 to
968 2643 38 24 the
1026 2647 94 19 amount
1140 2643 26 23 of
1182 2650 98 16 revenue

694 2680 51 23 that
756 2678 75 25 would
841 2678 28 24 be
881 2677 108 24 available
1008 2676 37 24 for
1055 2676 120 30 defraying
1188 2675 39 24 the
1238 2683 41 16 ex-

694 2720 81 24 penses
788 2712 25 23 of
829 2711 37 24 the
878 2711 72 32 public
968 2710 193 28 establishments,
1175 2708 13 24 I
1200 2709 29 23 do
1240 2713 41 19 not

695 2745 103 25 consider
811 2745 49 24 that
872 2745 35 24 the
917 2751 136 24 emergency
1070 2743 25 23 of
1111 2743 38 23 the
1170 2750 53 16 case
1234 2749 46 17 was

696 2779 57 23 such
775 2786 24 16 as
822 2783 21 19 to
864 2783 93 19 warrant
978 2778 39 23 the
1035 2777 63 23 issue
1120 2776 25 23 of
1160 2776 121 24 increased

695 2817 62 20 rates
777 2812 24 23 of
817 2811 74 31 salary
909 2816 21 19 to
951 2818 45 23 any
1015 2809 79 33 public
1116 2810 78 23 officer
1203 2818 7 20 ;
1237 2809 44 24 and

696 2853 57 17 even
764 2846 25 23 in
797 2845 39 23 the
848 2846 97 22 instaace
957 2844 25 23 of
998 2844 38 22 the
1050 2843 104 23 Colonial
1168 2842 113 32 Chaplain

697 2879 39 24 the
747 2879 102 23 increase
865 2877 77 24 should
961 2877 57 24 have
1031 2877 95 23 awaited
1146 2876 39 23 the
1198 2876 83 24 confir-

697 2913 87 23 mation
796 2911 25 24 of
831 2911 36 23 the
881 2911 126 23 Ordinance
1018 2910 30 31 by
1058 2910 75 24 which
1145 2910 18 24 it
1175 2910 20 23 is
1208 2910 73 23 stated

698 2950 23 18 to
733 2946 28 22 be
773 2944 137 24 authorized,

733 2979 6 12 '
750 2979 13 23 I
775 2983 62 19 must
848 2977 48 24 also
906 2978 61 29 point
985 2982 40 19 out
1043 2977 38 23 the
1093 2981 64 26 great
1171 2976 110 31 irregula-

698 3013 45 31 rity
763 3012 26 23 of
803 3011 131 31 increasing,
947 3011 59 24 from
1017 3011 47 26 .the
1067 3038 6 6 o
1088 3012 35 21 Ist
1141 3010 25 23 of
1182 3011 101 29 January

700 3047 73 28 1842,
786 3045 24 24 in
822 3044 38 24 the
872 3052 59 16 cases
944 3044 25 23 of
978 3044 38 23 the
1024 3044 146 29 magistrates
1182 3044 26 22 of
1217 3043 65 24 Wel-

698 3079 90 31 lington
798 3078 45 24 and
854 3077 98 29 Russell,
967 3077 44 23 and
1024 3077 24 23 of
1058 3077 39 22 the
1110 3076 106 23 Colonial
1225 3076 56 23 Sur-

698 3120 67 23 geon,
777 3112 40 24 the
828 3111 90 24 salaries
930 3110 74 24 which
1015 3110 45 23 had
1072 3110 58 23 been
1142 3110 106 31 reported
1260 3110 23 22 in

698 3147 40 22 the
756 3146 103 23 estimate
880 3144 25 24 of
916 3143 38 24 the
973 3143 47 24 2nd
1038 3143 62 31 July,
1121 3144 73 23 1841.
1233 3143 50 23 Her

698 3179 124 32 Majesty's
843 3178 153 24 Government
1008 3180 83 20 cannot
1102 3177 105 23 sanction
1219 3176 64 24 those

698 3213 123 27 increases,
834 3211 45 24 and
897 3219 26 16 on
940 3211 39 23 the
992 3210 147 30 explanation
1150 3209 76 24 which
1238 3218 45 22 you

698 3254 54 23 may
763 3246 28 24 be
803 3244 95 26 enabled
907 3249 21 19 to
947 3244 56 23 offer
1015 3243 25 23 of
1056 3242 39 25 the
1106 3244 179 22 circumstances

698 3279 72 24 under
782 3278 75 25 which
868 3278 48 30 they
929 3277 45 24 had
986 3277 57 23 been
1054 3276 123 31 permitted
1190 3280 23 19 to
1231 3275 54 24 take

700 3313 73 28 effect,
787 3317 62 19 must
860 3310 84 32 depend
1014 3317 79 16 course
1106 3310 74 22 which
1193 3317 53 23 may
1257 3309 28 23 be

700 3346 128 30 ultimately
840 3344 67 25 taken
917 3345 35 23 for
964 3343 39 24 the
1015 3350 108 23 recovery
1135 3343 24 23 of
1170 3350 47 23 any
1229 3350 56 23 pay-

699 3384 76 20 ments
787 3378 50 24 that
846 3386 54 23 may
909 3377 56 24 have
986 3376 69 24 taken
1067 3376 64 31 place
1151 3376 26 23 in
1195 3379 90 28 respect

700 3413 25 23 of
740 3412 63 24 them
813 3412 78 24 before
903 3410 138 25 notification
1056 3409 26 24 of
1098 3409 58 24 their
1169 3409 116 23 disallow-

702 3454 55 16 ance
770 3453 42 16 can
824 3444 68 25 reach
904 3444 33 24 the
949 3442 99 30 colony.'

737 3906 64 34 [The
823 3907 110 32 Treasury
950 3908 88 23 minute
1058 3906 48 24 will
1121 3906 28 23 be
1169 3906 70 31 given
1259 3913 28 16 on

703 3941 94 26 another
808 3941 144 24 occasion.-—
953 3940 47 26 Ed,
1014 3939 97 27 N.Z.G,
1124 3938 46 26 and
1189 3937 82 34 W.S.]

735 3479 29 24 In
775 3479 40 23 the
836 3479 113 30 foregoing
970 3475 81 25 sketch
1071 3484 34 15 we
1125 3475 58 24 have
1203 3475 82 24 endea-

701 3512 86 24 voured
797 3517 24 19 to
839 3511 87 25 furnish
946 3518 42 16 our
1006 3509 92 25 readers
1111 3509 54 24 with
1182 3509 57 23 such
1250 3510 36 22 in-

702 3546 122 23 formation
844 3545 126 31 respecting
991 3543 38 24 the
1048 3543 108 24 financial
1169 3543 117 23 condition

703 3579 25 23 of
742 3578 39 24 the
800 3578 80 31 colony
902 3586 21 16 as
942 3585 43 16 can
1002 3577 29 23 be
1050 3576 97 31 gleaned
1168 3576 60 23 from
1246 3575 40 24 the

702 3611 54 31 only
766 3619 80 16 source
865 3619 32 16 on
905 3611 71 24 which
993 3609 100 24 reliance
1104 3617 43 16 can
1157 3609 30 24 be
1198 3608 87 32 placed.

702 3644 57 24 And
777 3644 46 24 this
841 3644 20 23 is
882 3652 87 23 meagre
988 3642 98 32 enough.
1132 3642 97 30 Beyond
1250 3641 36 24 the

702 3685 66 22 gross
781 3677 144 31 expenditure
944 3677 65 24 down
1029 3681 22 18 to
1071 3676 38 23 the
1130 3677 32 22 30
1166 3675 23 23 th
1210 3674 76 32 April,

706 3712 72 27 1842,
791 3710 45 24 and
847 3710 39 24 the
898 3710 93 31 receipts
1008 3717 28 17 on
1048 3714 97 20 account
1157 3708 26 23 of
1198 3708 55 26 land
1264 3712 23 19 to

704 3743 38 23 the
754 3751 63 16 same
828 3743 81 31 period,
921 3743 99 31 nothing
1034 3741 99 32 relating
1145 3746 23 19 to
1180 3741 39 23 the
1231 3741 56 23 sub-

700 3775 50 32 ject
761 3783 45 16 was
825 3776 82 24 known
917 3781 23 19 to
959 3776 40 24 the
1020 3775 134 24 authorities
1176 3779 25 20 at
1211 3774 75 25 home.

704 3808 34 25 At
757 3809 46 23 this
820 3814 49 19 rate
887 3817 30 16 we
935 3817 56 23 may
1002 3813 82 27 expect
1095 3813 27 19 ta
1130 3807 73 30 learn,
1216 3811 23 20 at
1250 3807 37 24 the

704 3842 43 24 end
766 3842 25 23 of
805 3842 95 23 another
914 3847 44 19 two
978 3849 75 23 years,
1066 3848 64 17 some
1147 3840 27 24 of
1188 3840 40 24 the
1248 3848 39 16 re-

704 3875 58 23 sults
775 3875 26 23 of
817 3875 47 23 Mr.
878 3875 140 23 Shortland's
1029 3873 108 25 financial

563 50 97 46 ®i)t
684 49 119 43 W*to
831 48 205 41 Zuim*
1063 45 192 46 <&mttt
1281 44 94 40 and
1401 43 303 45 muilm&tQn
1729 37 256 51 Spectator.

65 150 34 25 the
111 145 40 25 sth
163 145 93 25 kistant,
269 142 54 24 with
335 145 38 20 ten
385 146 52 19 tons
446 150 7 20 ;
466 144 61 20 most
537 140 25 23 of
571 140 74 23 which

65 184 12 24 I
88 187 34 17 am
134 176 53 29 told,
196 183 54 16 was.
253 173 133 32 reluctantly
394 173 127 32 purchased
532 176 24 20 at
567 180 14 16 a
590 180 54 23 very

62 213 52 31 high
138 210 70 31 price.
254 207 45 24 We
321 215 99 24 suppose
443 207 39 23 the
505 205 141 31 Wellington

65 244 122 28 merchants
198 248 38 17 are
253 240 103 24 resolved
374 245 22 18 to
408 244 40 26 get
465 239 39 23 the
525 238 120 31 Company

65 288 20 16 to
95 283 95 24 re-open
209 274 60 23 their
286 277 61 20 store
357 278 23 19 to
401 272 83 31 supply
495 271 149 24 necessaries.

66 312 56 25 Next
141 314 56 24 year
208 314 32 16 we
261 306 60 24 shall
329 306 68 24 'have
416 312 31 16 no
459 303 105 25 occasion
582 307 23 19 to
616 310 30 24 go

65 347 54 23 from
135 340 62 24 home
207 340 36 23 for
262 340 67 23 flour.
366 338 50 24 The
427 336 111 31 Industry
549 335 26 32 (a
585 335 59 24 fort-

66 375 60 32 night
136 374 59 23 from
206 370 162 33 Wellington,)
380 370 98 24 touched
489 370 54 22 here
558 373 88 26 yester-

65 411 47 29 day,
124 414 30 16 on
171 406 42 23 her
223 412 87 24 voyage
323 410 22 18 to
363 403 78 24 Kafia.
477 401 51 25 The
545 402 101 28 Aurora,

67 445 19 22 is
96 439 59 31 daily
162 438 110 32 expected
283 438 57 23 from
352 436 77 29 Kafia,
442 443 30 15 on
482 434 41 24 her
533 439 80 19 return
625 439 23 19 to

67 473 135 29 Wellington
212 480 7 20 ;
243 471 46 23 and
305 471 37 23 the
362 468 89 25 Carbon
470 467 47 24 -will
537 467 111 31 probably

67 507 40 25 call
117 510 24 19 at
152 504 57 24 New
220 503 125 32 Plymouth
357 510 30 16 on
397 501 42 23 her
450 508 87 24 voyage
552 500 61 24 back
625 505 23 19 to

68 540 91 26 Nelson.
196 537 47 23 She
262 536 99 30 brought
378 535 134 22 lime-stone
533 533 44 24 and
594 533 54 24 lime

68 575 53 23 from
131 570 124 24 Massacre,
263 569 59 31 Bay,
335 568 45 24 and
396 575 42 16 ran
449 575 63 24 upon
523 575 42 16 our
575 566 74 24 beach

69 612 20 19 to
106 605 28 23 be
154 602 142 31 discharged.
332 601 51 24 The
397 601 124 31 -operation
531 607 46 16 was
596 606 52 24 per-

68 636 82 28 formed
161 635 101 32 speedily
274 635 45 23 and
334 634 79 31 safely,
425 634 45 23 and
488 638 24 19 at
523 632 67 25 small
608 639 40 16 ex-

67 678 73 26 pense.
177 668 46 23 She
235 669 21 22 is
267 669 64 22 twice
343 676 25 15 as
385 667 64 30 large
461 674 25 16 as
497 666 40 23 the
547 664 101 29 Finetta,

67 704 70 25 whose
155 705 84 20 master
256 705 43 28 put
309 709 14 16 a
340 704 116 27 trumpery
466 699 68 23 letter
550 698 49 23 into
611 697 38 23 the

68 737 83 25 Nelson
161 742 69 23 paper
243 735 90 30 against
343 733 57 23 New
411 731 132 32 Plymouth,
552 731 97 23 because

69 771 25 23 he
105 776 45 16 was
161 768 106 30 required
279 771 23 20 to
314 766 27 23 do
354 765 37 24 the
403 772 71 16 same.

98 802 51 23 The
162 800 115 24 constable
289 799 49 24 who
350 799 54 23 took
416 798 39 23 the
467 798 45 22 last
523 796 54 24 mail
589 796 59 23 from

69 836 41 24 this
121 834 63 31 place
193 839 22 17 to
223 832 115 25 Waimate
345 830 45 34 (60
397 829 80 33 miles)
486 830 45 23 and
542 829 107 24 returned

69 869 50 24 with
138 876 14 14 a
162 874 54 23 very
227 866 74 31 heavy
310 866 53 30 bag,
375 863 130 32 performed
521 863 37 23 the
578 863 71 22 entire

67 904 91 31 journey
170 900 24 23 in
204 900 52 23 four
267 899 64 31 days.
347 916 6 3 -
368 897 39 25 He
420 904 63 16 came
495 895 59 24 back
570 892 29 33 by
612 895 37 23 the

69 942 45 17 new
124 933 54 23 road
189 932 85 24 behind
285 932 38 24 the
335 931 116 24 mountain
459 938 6 21 ;
479 928 74 24 which
562 936 46 15 was
617 928 32 23 al-

69 971 55 21 most
132 965 109 32 perfectly
249 965 50 31 dry.
329 964 40 24 He
379 963 53 31 only
465 967 45 18 wet
519 962 37 23 his

70 1001 66 27 twice,
149 999 65 23 when
227 1006 29 16 on
268 998 50 24 that
327 998 62 23 road.

274 1062 174 24 NELSON.

119 1119 80 25 NEW
216 1118 164 25 ZEALAND
398 1116 196 25 ESTMATES.

1288 137 4 5 •
1321 130 43 24 We
1375 138 39 16 are
1426 130 75 31 happy
1513 135 23 19 to
1553 130 50 24 find
1614 131 50 23 that
1675 136 83 23 among
1770 128 38 24 the
1819 136 55 22 pas-

1286 170 94 23 sengers
1392 163 24 24 of
1426 163 38 24 the
1475 163 129 30 Himalaya
1615 163 63 23 there
1690 169 38 16 are
1741 169 64 15 some
1815 168 59 22 gen-

1288 196 83 23 tlemen
1382 196 49 23 who
1443 203 39 16 are
1492 195 72 31 likely
1574 201 22 17 to
1605 202 69 24 prove
1680 194 80 30 highly
1770 193 104 24 valuable

1286 228 99 24 settlers.
1420 227 54 24 One
1495 228 28 23 of
1541 229 74 28 these,
1638 227 48 24 Mr.
1711 226 97 29 Martin,
1833 226 42 23 has

1285 260 100 32 brought
1396 260 54 24 with
1460 261 49 23 him
1521 269 14 15 a
1555 261 112 23 first-rate
1685 261 73 22 entire
1777 258 99 31 draught

1286 293 75 30 horse,
1373 293 44 24 and
1429 301 14 16 a
1460 301 56 23 very
1527 295 104 29 superior
1648 300 56 16 ram.
1742 291 52 25 The
1805 291 71 23 latter

1286 333 46 17 was
1352 326 69 24 shorn
1439 334 30 16 on
1489 326 77 29 board,
1586 326 45 23 and
1652 325 37 24 the
1708 324 45 32 clip
1772 323 104 32 weighed

1288 361 14 21 9
1314 359 47 23 lbs.

1320 392 87 24 Notes
1417 399 31 16 of
1462 399 35 16 an
1519 397 159 19 expedition
1699 397 72 16 from
1785 389 91 24 MOTU-

1286 431 54 17 AKA
1351 432 138 17 OVERLAND
1502 432 31 16 TO
1546 424 139 24 MASSACRE
1700 423 103 23 BAY.—
1804 422 74 23 From

1286 457 40 24 the
1344 462 109 27 apparent
1472 458 183 32 approximation
1674 455 26 24 of
1715 455 38 24 the
1773 454 106 25 Rewaka

1288 490 73 32 valley
1373 495 23 19 at
1408 490 38 24 the
1455 490 115 24 Motuaka
1580 495 22 18 to
1614 490 38 22 the
1664 488 99 24 Takaka
1775 488 26 23 of
1813 488 66 23 Mas-

1288 530 63 17 sacre
1363 523 57 31 Bay,
1434 523 122 30 according
1573 527 25 18 to
1616 522 38 23 the
1674 521 85 28 charts,
1772 520 45 24 and
1829 520 50 24 also

1288 556 58 23 from
1357 564 14 16 a
1383 561 76 27 report
1471 556 50 23 that
1532 563 14 16 a
1566 556 76 22 native
1653 554 62 24 slave
1732 561 89 17 woman
1834 552 46 24 had

1288 588 107 32 formerly
1407 589 64 23 made
1489 589 42 23 her
1550 596 81 22 escape
1645 588 55 22 from
1713 594 43 16 one
1768 586 73 31 valley
1855 590 24 18 to

1288 620 38 24 the
1338 621 72 29 other,
1424 629 54 15 over
1493 622 40 24 the
1545 622 138 26 mountains,
1697 620 13 23 I
1721 627 46 16 was
1779 618 100 25 induced

1289 658 22 20 to
1322 654 127 24 undertake
1462 662 28 16 an
1504 654 137 31 expedition,
1654 653 34 23 for
1701 653 38 23 the
1747 659 101 24 purpose
1857 651 26 23 of

1289 687 156 31 ascertaining
1462 687 40 24 the
1520 692 81 19 nature
1627 686 26 23 of
1674 685 39 24 the
1730 690 96 26 country
1837 684 42 23 be-

1290 725 73 18 tween
1375 719 38 24 the
1425 725 45 19 two
1481 721 66 30 bays.

1323 752 129 24 December
1475 755 39 22 18.
1517 765 33 5 —
1551 752 56 24 Left
1625 752 39 23 the
1683 750 124 29 Motuaka,
1824 749 57 24 with

1290 790 42 19 two
1344 793 60 22 men,
1417 787 106 30 carrying
1535 791 38 17 ten
1591 785 62 31 days'
1667 785 136 30 provisions,
1817 784 43 23 &c.
1873 792 7 19 ;

1290 818 44 24 and
1345 818 113 24 ascended
1470 819 37 23 the
1528 818 105 24 Rewaka
1645 817 73 30 valley
1730 822 23 18 to
1770 817 38 22 the
1820 816 62 23 limit

1291 852 25 23 of
1331 851 39 23 the
1383 859 93 24 survey.

1326 884 66 25 19th.
1394 897 34 5 —
1428 885 69 24 After
1516 892 30 15 an
1566 882 159 25 unsuccessful
1746 886 97 26 attempt
1859 886 24 19 to

1291 917 83 23 ascend
1394 918 38 22 the
1443 925 84 24 ranges
1539 918 29 30 by
1582 917 38 23 the
1633 916 109 24 southern
1761 914 87 24 branch
1860 914 25 23 of

1293 951 37 22 the
1342 955 93 24 stream,
1447 951 39 23 the
1507 951 130 23 mountains
1653 949 68 30 being
1734 954 37 18 too
1784 948 99 31 precipi-

1292 988 60 24 tous,
1371 984 107 23 returned
1500 984 65 23 down
1576 983 48 23 .the
1645 982 73 30 valley
1731 987 23 18 to
1775 982 38 23 the
1834 980 51 23 first

1293 1017 50 22 fern
1355 1017 64 31 ridge
1432 1022 21 18 to
1472 1017 40 23 the
1532 1016 77 29 north,
1622 1017 30 29 by
1664 1015 125 30 ascending
1810 1013 75 23 which

1293 1057 33 15 we
1337 1055 40 25 got
1389 1057 30 16 on
1431 1055 22 18 to
1466 1050 38 23 the
1523 1050 62 23 chief
1594 1049 103 29 dividing
1708 1047 95 24 wooded
1815 1054 70 23 range

1293 1083 102 23 between
1415 1083 39 23 the
1475 1088 43 18 two
1539 1082 95 30 valleys.
1671 1081 76 24 There
1769 1081 21 22 is
1807 1079 53 23 here
1872 1087 15 15 a

1295 1115 155 24 considerable
1461 1116 93 31 plateau
1575 1116 24 22 of
1614 1122 88 16 uneven
1715 1113 62 28 land,
1792 1112 94 31 densely

1295 1148 100 30 wooded,
1414 1149 45 23 and
1478 1149 134 31 possessing
1633 1156 13 14 a
1666 1152 59 18 most
1742 1145 145 25 remarkable

1295 1181 126 31 geological
1438 1182 88 23 feature
1537 1191 6 18 ;
1572 1181 55 23 each
1646 1180 133 30 depression
1799 1179 23 22 of
1848 1178 39 23 the

1297 1214 98 29 surface,
1413 1215 90 23 instead
1521 1215 26 23 of
1561 1213 194 30 communicating
1768 1208 54 27 with
1834 1212 53 30 gul-

1295 1248 49 31 leys
1356 1255 25 16 or
1392 1253 96 18 streams
1504 1248 100 30 running
1615 1252 23 18 to
1652 1246 37 23 the
1701 1251 71 23 coast,
1786 1245 62 23 leads
1863 1249 23 18 to

1296 1281 110 23 immense
1425 1281 121 24 crate-like
1566 1280 103 26 hollows,
1690 1279 148 30 terminating
1863 1278 24 22 in

1297 1313 57 24 dark
1366 1322 124 15 cavernous
1511 1314 70 28 wells,
1595 1314 30 30 by
1638 1313 73 23 which
1731 1312 37 23 the
1791 1316 96 25 country

1297 1347 19 23 is
1329 1346 102 24 drained.

1332 1380 52 24 Our
1395 1388 80 16 course
1488 1387 45 16 was
1545 1384 63 24 west,
1626 1379 31 30 by
1669 1386 113 23 compass.
1819 1377 69 23 From

1299 1413 37 23 the
1355 1419 64 25 great
1439 1414 103 32 quantity
1562 1413 25 23 of
1604 1412 142 31 supplejack,
1759 1411 73 28 vines,
1845 1410 44 23 and

1299 1446 65 23 other
1382 1446 131 33 parasitical
1532 1446 85 32 plants,
1629 1453 54 23 very
1702 1445 59 22 little
1780 1451 109 23 progress

1299 1480 67 23 could
1377 1480 28 24 be
1417 1480 72 29 made,
1503 1480 44 23 and
1567 1484 25 18 at
1610 1479 38 23 the
1669 1478 131 23 conclusion
1813 1477 25 23 of
1852 1476 37 24 the

1300 1513 63 30 day's
1376 1513 70 29 work,
1466 1518 40 19 not
1524 1520 63 16 more
1606 1512 56 23 than
1680 1511 64 23 three
1761 1510 67 23 miles
1846 1509 43 23 had

1300 1546 58 24 been
1369 1547 91 30 gained.
1496 1546 135 31 Encamped
1643 1545 44 23 this
1706 1544 100 29 evening
1823 1542 66 24 with-

1300 1584 40 18 out
1352 1584 77 18 water.

1335 1613 67 23 20th.
1404 1625 34 4 —
1438 1612 68 24 After
1518 1612 95 30 making
1625 1619 14 15 a
1650 1610 100 24 fruitless
1763 1609 80 24 search
1855 1609 36 24 for

1300 1650 70 19 water
1382 1650 106 26 amongst
1500 1645 87 24 several
1606 1644 95 24 hollows
1713 1642 55 32 (one
1781 1643 26 24 of
1817 1642 74 24 which

1301 1678 45 24 had
1365 1680 139 30 precipitous
1522 1679 61 23 sides
1604 1678 25 23 of
1648 1678 68 22 about
1736 1678 51 22 400
1806 1676 45 23 feet
1868 1676 23 23 in

1301 1712 90 32 depth),
1405 1712 121 23 continued
1542 1717 22 18 to
1583 1711 77 24 follow
1673 1710 38 24 the
1730 1717 63 16 same
1813 1716 79 16 course

1302 1753 26 15 as
1339 1753 29 15 on
1387 1745 37 23 the
1442 1746 105 31 previous
1567 1745 53 30 day.
1657 1744 96 30 Having
1770 1746 24 19 at
1812 1741 80 31 length

1301 1779 83 30 gained
1396 1778 38 24 the
1442 1782 101 28 greatest
1552 1777 119 28 elevation,
1681 1776 74 24 which
1766 1783 33 15 we
1809 1775 83 23 named

1302 1812 85 24 Mount
1398 1812 110 29 Poynter,
1519 1819 34 15 we
1573 1818 47 16 saw
1640 1810 38 23 the
1696 1809 67 24 white
1782 1808 68 25 bluffs
1869 1808 26 23 of

1302 1845 122 24 Tasman's
1438 1844 61 24 Gulf
1507 1845 95 30 bearing
1619 1845 28 22 2°
1669 1841 38 27 31'
1718 1842 78 29 south,
1808 1841 42 24 and
1869 1842 23 22 in

1302 1878 40 24 the
1365 1879 102 31 opposite
1488 1878 110 23 direction
1618 1885 13 15 a
1649 1876 55 31 high
1720 1883 79 23 snowy
1815 1882 77 23 range,

1302 1911 102 24 between
1416 1911 74 23 which
1511 1911 44 24 and
1575 1911 38 23 the
1634 1910 91 31 heights
1741 1916 34 16 we
1787 1908 65 23 stood
1864 1915 30 16 on

1302 1944 38 31 lay
1353 1944 38 24 the
1413 1944 98 24 Takaka
1530 1944 82 30 valley.
1649 1943 92 29 During
1762 1941 39 24 the
1813 1948 80 16 course

1303 1978 26 23 of
1345 1977 46 23 this
1410 1977 63 31 day's
1486 1985 106 23 progress
1605 1976 14 23 I
1638 1975 125 24 descended
1784 1977 38 21 the
1834 1979 61 19 most

1303 2008 101 32 peculiar
1415 2009 44 23 and
1479 2009 151 31 conspicuous
1643 2008 25 23 of
1683 2008 38 23 the
1737 2007 157 23 before-men-

1304 2042 76 24 tioned
1392 2041 70 29 wells,
1476 2041 43 24 and
1537 2041 71 24 found
1629 2040 87 24 several
1732 2040 92 30 leading
1841 2044 23 18 to
1883 2047 12 15 a

1304 2079 89 27 greater
1405 2075 69 31 depth
1495 2075 56 23 than
1570 2075 17 23 it
1599 2082 47 16 was
1658 2074 99 32 possible
1776 2078 23 18 to
1811 2073 83 23 follow.

1304 2108 37 31 By
1354 2108 38 24 the
1404 2109 125 23 assistance
1542 2108 24 24 of
1583 2116 67 23 ropes
1662 2107 43 23 and
1718 2106 97 29 torches,
1830 2106 13 23 1
1855 2106 40 23 be-

1304 2142 57 24 lieve
1375 2141 63 24 these
1450 2141 62 24 wells
1533 2141 74 31 might
1627 2141 28 23 be
1676 2140 76 23 traced
1771 2144 23 18 to
1806 2139 89 24 subter-

1304 2182 85 16 ranean
1410 2176 80 22 rivers.
1527 2174 134 31 Encamped
1680 2174 22 22 in
1723 2181 14 15 a
1757 2173 42 30 dry
1815 2177 80 18 water-

1305 2215 80 16 course
1396 2217 6 20 ;
1421 2207 36 24 for
1469 2208 38 23 the
1520 2207 84 24 second
1615 2207 66 30 night
1692 2207 97 22 without
1800 2210 78 19 water.
