4220 5890
1261 5011 151 38 Mount
1455 5010 160 47 Benger
1657 5007 117 40 Mail.

1338 5108 99 29 JUST
1462 5108 74 29 AND
1561 5108 100 29 FEAR

1305 5204 118 25 FRIDAY,
1436 5202 166 22 SEPTEMBER
1619 5202 32 26 24,
1671 5202 56 22 1897.

1291 5294 183 51 Roxburgh
1503 5293 238 42 Horticultural

1441 5353 150 51 Society.

1241 5443 92 28 What
1364 5441 49 27 Las
1445 5439 112 27 become
1589 5438 30 28 of
1646 5448 49 18 our
1725 5438 68 28 local

1241 5479 191 32 horticultural
1445 5478 103 38 society
1562 5477 11 30 ?
1612 5476 82 30 After
1706 5489 16 17 a
1735 5488 44 18 sea-

1241 5523 30 28 of
1295 5519 189 31 considerable
1505 5518 114 38 activity
1644 5517 53 29 last
1717 5529 74 27 year,

1241 5562 103 38 during
1353 5560 89 29 which
1452 5560 47 28 the
1508 5559 103 37 society
1622 5569 55 19 was
1686 5559 106 38 rapidly

1242 5602 115 39 gaining
1370 5600 108 39 ground
1499 5598 54 29 and
1568 5598 121 39 evoking
1711 5600 81 28 much
1806 5598 3 43 j

1241 5642 170 29 enthusiasm
1456 5643 131 33 amongst
1633 5639 157 37 gardeners,
1806 5639 2 37 i

1239 5692 95 28 young
1346 5680 54 30 and
1413 5680 57 35 old,
1482 5680 23 28 it
1524 5689 116 29 appears
1653 5679 54 29 this
1727 5690 65 28 year
1806 5679 1 41 ;

1239 5726 29 25 to
1300 5722 71 28 have
1402 5719 164 39 languished
1596 5720 193 38 prematurely.
1802 5721 5 27 J

1241 5762 113 35 Several
1376 5770 94 23 causes
1484 5770 45 21 are
1549 5759 108 42 alleged
1678 5759 44 30 for
1733 5760 56 30 this

1850 185 213 39 unsatisfactory
2086 188 74 27 state
2172 183 31 31 of
2223 182 106 39 things,
2352 180 52 29 but

1849 234 71 19 none
1934 225 28 29 of
1975 225 86 34 them,
2073 226 30 28 in
2115 235 54 18 our
2180 222 122 39 opinion,
2315 230 46 18 are
2374 219 28 28 in

1848 274 55 29 any
1911 275 80 20 sense
2000 265 146 31 sufficient.
2182 264 41 28 At
2229 261 47 30 the
2284 259 102 38 beginn-

1849 304 49 39 ing
1910 305 30 29 of
1951 306 47 29 the
2011 306 60 29 first
2085 315 99 19 season
2193 303 48 29 the
2254 298 147 43 periodical

1849 346 141 29 re-unions
2020 346 31 29 of
2074 336 64 39 the!
2157 341 163 33 association
2346 343 58 26 met

1849 385 66 29 with
1934 385 156 39 increasing
2111 383 194 36 attendances,
2325 380 62 30 valu-

1849 424 61 30 able
1920 435 99 29 papers
2032 436 71 19 were
2124 424 69 31 read
2205 424 39 35 by
2265 421 138 30 members

1849 463 100 31 skilled
1967 466 29 28 in
2018 466 46 29 the
2240 473 31 19 as
2291 461 62 30 well
2372 471 31 19 as

1849 504 47 30 the
1920 506 160 30 theoretical
2104 501 138 47 bjranches
2271 502 30 30 of
2330 501 73 30 their

1849 546 108 30 various
1979 547 131 39 subjects,
2119 543 68 33 /and
2207 543 81 30 much
2311 542 90 30 useful

1849 586 175 30 information
2035 598 54 18 was
2098 586 17 30 d
2122 583 184 33 isseminated.
2324 583 77 28 Then

1849 636 76 18 came
1946 627 46 28 the
2012 637 89 22 recess
2105 620 19 37 J
2140 626 74 28 since
2237 623 88 29 which
2354 623 48 28 the

1851 666 198 31 Horticultural
2075 665 114 40 Society
2219 674 116 29 appears
2373 666 29 26 to

1849 707 69 29 have
1932 708 132 29 vanished
2073 708 73 28 from
2160 706 94 40 public
2262 705 55 29 ken
2331 704 71 29 after

1849 758 15 16 a
1878 748 72 29 brief
1962 758 96 19 season
2081 747 168 31 dtbrilliant
2260 746 56 29 and
2338 755 48 30 pro-

1849 787 102 41 mising
1987 789 238 43 rejuvenescence.
2276 786 67 29 This
2379 785 23 29 is

1849 832 48 26 not
1910 840 30 18 as
1952 830 23 28 it
1988 828 99 31 should
2101 830 45 36 be,
2158 828 56 31 and
2238 837 111 29 argues,
2362 836 41 19 we

1850 869 81 29 think
1939 880 42 19 we
1989 870 35 29 do
2034 874 51 25 not
2094 880 45 19 err
2147 869 29 31 in
2185 868 107 38 saying,
2301 867 103 38 apathy

1849 919 35 17 on
1898 908 50 29 the
1960 913 63 34 part
2035 910 31 28 of
2077 905 81 33 Chose
2170 907 171 39 responsible
2360 906 45 28 for

1851 947 46 30 the
1907 949 105 29 control
2023 950 30 29 of
2062 949 47 30 the
2118 947 167 30 institution.
2325 944 79 30 With

1851 989 154 30 enthusiam
2024 990 63 29 and,
2106 999 19 19 a
2147 999 102 29 proper
2267 987 84 39 esprit
2373 986 32 29 de

1851 1039 76 29 corps
1939 1028 129 40 amongst
2081 1030 63 39 ~]bhe
2163 1028 156 30 committee
2321 1027 84 28 —the

1851 1079 144 29 necessary
2027 1068 98 40 ability
2157 1069 23 29 is
2211 1072 49 26 not
2289 1067 38 38 by
2352 1077 53 28 any

1852 1120 94 19 means
1977 1110 203 39 wanting-—we
2212 1108 100 30 should
2336 1108 70 29 have

1852 1150 27 29 in
1918 1150 159 41 Roxburgh
2106 1160 52 20 one
2190 1150 29 29 of
2256 1150 49 28 the
2336 1152 70 26 most

1853 1191 165 40 flourishing
2206 1194 29 25 to
2260 1190 35 28 be
2320 1189 85 29 found

1855 1232 154 38 anywhere,
2049 1229 58 36 'ike
2131 1229 124 31 material
2276 1229 44 29 for
2339 1229 66 29 such

1854 1282 34 19 an
1902 1273 156 30 institution
2068 1277 49 25 afcre
2136 1274 113 37 present
2268 1270 26 30 in
2318 1270 70 29 abun-

1854 1313 96 31 dance,
1976 1313 52 29 and
2052 1305 68 41 iady
2141 1311 84 29 needs
2237 1311 92 29 fusion
2352 1312 53 28 and

1854 1353 113 39 capable
2227 1351 114 30 Besides
2359 1351 46 29 the

1856 1393 76 40 large
2138 1392 181 38 professional
2341 1402 48 28 gar-

1854 1434 98 29 deners
1983 1438 29 25 to
2097 1432 86 31 found
2205 1435 129 35 amongst
2359 1432 46 29 the

1855 1476 189 38 fruitgrowers
2058 1474 29 28 of
2109 1473 46 29 the
2178 1473 118 35 district,
2317 1484 15 17 a
2355 1472 50 40 big

1838 1510 2 42 i
1854 1517 167 35 percentage
2034 1513 30 27 of
2076 1513 48 27 the
2142 1513 196 28 householders
2359 1523 45 18 are

1838 1552 2 40 I
1854 1558 136 25 amateurs
2004 1553 28 29 of
2045 1552 65 31 snch
2120 1552 171 40 experience,
2305 1553 99 30 doubt-

1838 1594 3 45 I
1855 1596 53 27 less
1922 1594 120 36 through
2064 1594 162 29 association
2252 1594 68 28 with
2333 1595 71 28 their

1838 1632 2 41 !
1854 1632 178 41 professional
2045 1632 176 38 neighbours,
2235 1634 61 28 that
2308 1633 28 28 in
2348 1644 54 28 any

1838 1665 2 47 !
1854 1674 79 29 other
1951 1674 77 38 place
2048 1674 68 38 they
2135 1674 91 28 would
2245 1674 99 38 hardly
2369 1675 34 29 be

1838 1714 2 38 i
1854 1714 129 38 accepted
2011 1715 27 28 in
2064 1714 49 29 the
2144 1717 124 26 amateur
2292 1714 109 30 classes,

1838 1744 2 48 i
1854 1755 85 31 Then,
1953 1755 90 37 again,
2055 1754 79 31 there
2144 1764 46 19 are
2203 1754 154 38 absolutely
2367 1766 35 19 110

1838 1785 2 42 !
1854 1795 108 30 bounds
1981 1801 29 24 to
2031 1796 46 29 the
2103 1794 133 29 ambition
2261 1795 30 28 of
2315 1796 88 29 either

1854 1837 47 28 the
1918 1835 200 31 horticulturist
2131 1845 30 18 or
2171 1835 47 28 the
2228 1835 175 37 fruitgrower

1853 1877 25 28 in
1894 1888 51 18 our
1958 1877 116 34 district,
2094 1875 47 30 the
2162 1874 155 31 conditions
2331 1886 29 19 as
2373 1879 29 26 to

1852 1918 48 27 soil
1915 1918 54 27 and
1982 1917 109 30 climate
2103 1917 85 38 being
2209 1915 141 39 adjudged
2364 1917 37 37 by

1852 1958 80 29 those
1966 1959 61 28 best
2060 1957 128 41 qualified
2223 1959 29 26 to
2277 1956 64 39 give
2366 1968 34 17 an

1852 1998 110 39 opinion
2001 2009 30 18 as
2068 1999 115 39 perfect.
2226 1997 176 38 Everything

1852 2040 60 28 that
1936 2039 95 29 makes
2054 2041 43 28 for
2120 2050 16 18 a
2165 2036 148 31 successful
2346 2037 54 28 and

1851 2079 164 39 flourishing
2051 2080 104 39 society
2191 2088 89 20 seems
2312 2080 29 27 to
2365 2077 35 30 be

1851 2121 142 35 available,
2019 2125 107 34 except,
2155 2120 23 27 it
2201 2128 126 29 appears,
2352 2118 48 28 the

1851 2172 142 28 necessary
2031 2161 177 30 enthusiasm.
2250 2159 88 28 There
2376 2158 23 29 is

1850 2214 35 17 no
1898 2213 95 19 reason
2007 2202 138 29 whatever
2158 2202 62 37 why
2244 2209 10 20 i
2269 2200 128 35 oxburgh

1849 2243 98 29 should
1972 2248 49 24 not
2043 2242 68 30 have
2132 2242 36 28 its
2188 2241 110 35 annual,
2312 2251 31 18 or
2357 2240 27 29 bi-

1848 2284 109 34 annual,
1990 2284 74 28 show
2108 2284 43 28 for
2184 2282 61 29 that
2289 2285 108 25 matter.

1833 2316 1 45 I
1848 2325 98 27 Towns
1960 2324 114 28 without
2092 2334 54 27 any
2168 2323 30 28 of
2222 2323 48 27 the
2296 2322 87 28 consti-

1833 2359 1 43 j
1847 2368 92 26 tuents
1962 2375 40 18 we
2028 2364 68 29 have
2115 2362 167 37 mentioned,
2308 2361 88 29 which

1833 2403 1 38 I
1846 2405 156 28 contribute
2011 2408 27 24 to
2049 2406 46 28 the
2104 2415 107 17 success
2220 2404 29 28 of
2258 2415 15 16 a
2282 2404 113 37 society,

1846 2449 116 35 support
1975 2446 161 38 flourishing
2150 2444 179 35 institutions,
2340 2443 55 29 and

1845 2486 136 30 excellent
1994 2486 88 29 shows
2094 2496 45 18 are
2153 2485 63 29 held
2228 2498 7 23 ;
2254 2485 55 29 and
2331 2484 63 29 here

1833 2526 1 41 j
1845 2526 26 28 in
1885 2537 33 16 an
1929 2527 151 36 important
2087 2526 197 37 fruitgrowing
2291 2528 103 31 centre,

1833 2565 1 43 J
1845 2565 65 29 with
1925 2565 164 39 everything
2110 2565 27 29 in
2163 2576 49 18 our
2225 2565 106 35 favour,
2345 2574 49 18 our

1833 2605 1 39 i
1849 2606 195 30 Horticultural
2067 2607 110 37 Society
2200 2606 21 29 is
2235 2605 115 29 allowed
2364 2609 28 25 to

1833 2635 1 53 j
1844 2646 74 40 lapse
1957 2647 58 29 into
2061 2647 160 30 desuetude.
2279 2648 40 27 As
2357 2657 35 17 an

1833 2687 1 38 !
1844 2688 170 29 educational
2046 2688 87 35 focus,
2165 2688 91 29 where
2294 2687 99 38 higher

1833 2728 1 38 j
1843 2728 146 29 standards
2033 2728 30 29 of
2100 2728 160 29 cultivation
2303 2728 90 38 might

1843 2770 34 28 be
1908 2770 113 28 ronchel
2061 2770 38 37 by
2130 2768 178 40 competition
2337 2768 54 29 and

1842 2810 158 29 emuljition.
2014 2810 64 28 finch
2095 2810 89 28 shows
2198 2810 88 29 would
2314 2810 34 28 be
2362 2810 30 27 of

1844 2850 4 38 i
1854 2851 67 28 nt!-ti
1927 2862 38 16 ma
1972 2851 42 28 hit*
2030 2851 109 35 benefit,
2153 2850 52 28 and
2223 2851 65 37 they
2302 2850 90 28 would

1841 2891 57 28 also
1911 2892 35 27 be
1959 2891 47 28 the
2016 2891 61 29 best
2099 2891 120 37 possible
2241 2891 135 28 advertise-

1843 2935 75 24 ment
1939 2932 44 27 for
2004 2930 50 30 bur
2080 2931 190 38 fruitgrowers
2293 2931 29 28 of
2345 2931 47 28 the

1841 2970 154 29 excellence
2016 2970 28 28 of
2064 2970 72 29 their
2156 2971 139 37 products.
2337 2970 54 29 We

1842 3004 230 40 eommendjA'se
2085 3011 51 27 few
2147 3010 72 29 brief
2229 3014 162 28 comments,

1842 3051 87 28 which
1944 3053 99 26 arXimt
2047 3051 34 27 (li
2094 3045 59 47 in/tl
2155 3063 25 16 le
2191 3051 62 28 best
2262 3052 130 28 interests

1836 3092 34 27 .of
1885 3092 46 27 the
1943 3084 167 43 institution,
2123 3097 28 24 to
2165 3092 46 28 the
2233 3092 106 29 officers
2362 3092 30 29 of

1841 3132 46 29 the
1897 3123 155 50 Roxbuijgfli
2065 3132 197 30 Horticultural
2293 3132 99 38 ociety,

1841 3173 54 27 and
1907 3173 70 36 hope
1991 3178 28 23 to
2033 3174 70 28 have
2115 3175 78 27 these
2216 3174 113 35 proved,
2354 3175 37 30 by

1841 3212 48 28 the
1903 3212 57 28 zeal
1973 3213 53 32 a;id
2041 3212 169 31 enthusiasm
2234 3212 88 29 which
2338 3212 53 28 will

1842 3253 33 28 be
1898 3253 111 28 infused
2028 3254 59 29 into
2110 3255 47 27 the
2176 3252 129 40 society's
2327 3264 48 27 pro-

1841 3293 130 38 ceedings
1986 3293 26 29 in
2028 3295 47 28 the
2086 3305 65 18 near
2164 3295 101 34 future,
2280 3297 28 26 to
2321 3293 69 30 have

1841 3335 69 28 been
1925 3335 182 38 exceedingly
2121 3335 70 28 wide
2202 3335 29 28 of
2242 3335 46 28 the
2300 3334 88 29 mark.

1840 3373 58 30 The
1911 3374 105 39 society
2029 3374 54 29 will
2092 3375 133 38 certainly
2233 3375 70 30 need
2317 3378 29 27 to
2357 3375 35 30 be

1840 3424 37 28 up
1889 3415 53 27 and
1956 3415 86 38 doing
2052 3419 30 24 at
2091 3425 78 25 once,
2178 3415 22 28 if
2210 3416 66 37 they
2285 3415 107 36 intend,

1838 3465 29 18 as
1882 3464 55 20 was
1950 3454 123 31 resolVed
2088 3462 29 21 at
2129 3465 52 19 one
2193 3455 30 29 of
2236 3456 48 28 the
2296 3455 96 30 earlier

1839 3496 135 38 meetings
1988 3496 29 29 of
2029 3496 47 28 the
2098 3506 74 27 year,
2190 3500 29 25 to
2233 3497 66 29 hold
2320 3497 72 29 their

1837 3536 60 27 first
1910 3536 99 28 annual
2023 3537 74 27 show
2117 3541 29 23 at
2167 3537 46 28 the
2233 3537 155 38 beginning

1834 3575 30 30 of
1878 3580 68 25 next
1957 3586 74 28 year.

1934 3674 143 51 Railway
2105 3674 193 44 Extension.

1832 3791 54 29 We
1912 3791 80 29 make
2027 3800 34 19 no
2084 3790 117 39 apology
2234 3791 43 29 for
2298 3791 82 39 again

1832 3833 141 32 reverting
1987 3835 28 25 to
2025 3842 16 18 a
2053 3831 108 37 subject
2180 3833 28 27 in
2232 3833 88 28 which
2342 3843 40 17 we

1830 3881 45 18 are
1889 3882 30 18 so
1933 3871 94 38 vitally
2052 3871 149 28 interested
2218 3881 29 17 as
2270 3871 61 28 that
2352 3872 30 27 of

1830 3912 110 39 railway
1950 3911 237 29 communication.
2217 3911 57 28 Our
2283 3911 80 39 neigh-

1831 3953 84 29 bours
1929 3954 29 28 of
1976 3953 96 38 Upper
2093 3951 109 30 Central
2223 3951 91 38 Otago
2336 3963 45 18 are

1830 4004 61 18 now
1919 3993 113 32 making:
2058 3996 145 24 strenuous
2229 3993 95 27 efforts
2350 3997 28 24 to

1828 4034 94 28 obtain
1945 4032 139 30 increased
2105 4032 110 37 railway
2241 4032 136 36 facilities,

1829 4074 53 28 and
1897 4085 29 17 as
1949 4083 41 18 we
2010 4073 68 28 have
2100 4072 94 29 before
2220 4072 68 36 said,
2314 4073 64 37 they

1830 4115 69 28 have
1912 4125 50 17 our
1986 4114 60 28 best
2068 4113 98 28 wishes
2188 4112 27 28 in
2239 4113 71 28 their
2331 4123 32 18 en-

1829 4156 130 28 deavour.
1999 4153 85 29 There
2097 4163 48 19 can
2157 4153 35 29 be
2206 4164 35 18 no
2251 4152 125 40 question

1828 4197 30 26 of
1871 4197 47 26 the
1938 4196 113 34 validity
2074 4194 30 27 of
2124 4194 71 27 their
2217 4199 161 30 arguments

1828 4236 27 27 in
1870 4235 99 28 favour
1981 4235 30 27 of
2028 4233 110 36 railway
2152 4233 153 33 extension,
2323 4233 52 28 and

1828 4287 40 19 we
1897 4286 62 28 may
1985 4273 106 31 remark
2116 4272 179 40 incidentally
2317 4273 61 29 that

1830 4317 94 37 nearly
1938 4316 47 28 the
1997 4315 84 27 whole
2090 4315 29 27 of
2130 4315 77 27 those
2216 4319 162 30 arguments

1827 4356 83 40 apply
1924 4356 26 29 in
1966 4355 46 28 the
2023 4365 63 17 case
2107 4356 29 26 of
2149 4353 46 29 the
2209 4353 168 38 Roxburgh-

1828 4398 99 28 Heriot
1940 4396 140 30 extension
2095 4395 65 28 with
2175 4395 78 38 equal
2268 4395 54 29 and
2336 4395 27 27 in-

1830 4438 67 29 deed
1913 4438 33 28 wi
1949 4442 10 15 f
1962 4438 17 27 h
1993 4435 100 29 double
2107 4435 84 29 force.
2231 4435 53 29 We
2305 4435 70 29 need

1829 4482 48 26 not
1910 4476 176 38 recapitulate
2117 4476 73 28 them
2217 4476 73 35 here,
2310 4476 66 37 they

1828 4520 69 27 have
1916 4518 69 28 been
2005 4516 161 37 sufficiently
2188 4517 129 36 repeated
2338 4517 26 28 al-

1828 4559 91 38 ready.
1960 4556 53 28 We
2023 4556 78 32 wish,
2110 4555 136 37 however,
2260 4560 29 26 to
2298 4557 78 39 reply

1828 4603 28 25 to
1868 4609 54 17 one
1943 4597 30 29 of
1990 4596 162 34 oar,critics
2172 4602 29 22 at
2218 4608 16 16 a
2255 4598 121 34 meeting

1827 4639 62 29 held
1903 4642 30 24 at
1946 4636 156 30 Alexandra
2116 4636 53 28 last
2180 4636 100 39 Friday
2293 4647 66 19 even-

1827 4681 49 35 ing
1889 4679 27 27 in
1927 4678 98 28 favour
2036 4677 29 28 of
2084 4676 48 28 the
2146 4676 112 28 Central
2284 4676 92 37 Otago

1827 4717 153 31 extension.
2018 4716 45 29 Mr
2076 4715 163 29 Macdonald
2253 4716 28 28 in
2300 4727 57 19 mov-

1827 4760 49 38 ing
1896 4758 61 28 that
1976 4756 47 29 the
2045 4756 150 30 assistance
2216 4756 30 29 of
2268 4756 108 38 mining

1826 4798 179 30 associations
2023 4796 34 28 be
2080 4796 123 28 solicited
2226 4796 27 27 in
2277 4797 98 27 favour

1826 4838 30 29 of
1868 4838 48 28 the
1929 4836 113 39 project,
2056 4835 68 35 said,
2140 4845 30 18 as
2195 4835 127 38 reported
2338 4835 35 35 by

1825 4879 48 29 the
1913 4877 125 29 Dunstan
2225 4885 29 18 as
2272 4875 43 28 for
2328 4875 47 28 the

1827 4918 99 28 Heriot
1940 4917 118 36 railway,
2075 4916 47 28 the
2136 4915 102 28 Mount
2261 4915 114 27 Bknger

1825 4958 76 28 Mail
1914 4956 106 30 seemed
2034 4960 28 24 to
2076 4954 80 30 think
2171 4954 60 28 that
2244 4953 61 29 that
2319 4963 54 19 was

1825 4998 47 28 the
1905 5000 73 26 most
2007 4996 150 39 important
2195 4993 110 37 railway
2343 4997 29 26 to

1826 5038 112 30 Central
1952 5037 97 38 Otago,
2064 5036 51 28 but
2127 5035 34 28 he
2175 5034 57 33 (Mr
2241 5034 113 29 Macdon-

1823 5078 57 36 ald)
1903 5073 153 34 contended
2079 5075 60 29 that
2162 5074 65 38 they
2252 5074 47 29 did
2325 5079 48 24 not

1823 5122 73 24 want
1908 5115 225 32 communication
2150 5114 65 28 with
2230 5115 126 28 Invercar-

1822 5158 59 39 gill,
1903 5159 51 29 but
1978 5158 63 29 with
2266 5154 52 29 Let
2340 5164 31 19 us

1823 5209 44 19 see
1887 5199 62 28 how
1971 5199 43 28 far
2033 5197 54 30 this
2100 5196 22 28 is
2147 5195 28 29 in
2202 5204 170 20 consonance

1823 5238 66 30 with
1903 5239 47 28 the
1963 5238 89 30 actual
2068 5237 80 29 facts.
2188 5235 28 28 It
2236 5245 62 28 may
2312 5245 44 19 sur-

1823 5280 71 37 prise
1919 5279 45 29 Mr
1987 5276 163 31 Macdonald
2172 5279 28 26 to
2214 5275 73 29 learn
2310 5275 61 28 that

1822 5320 102 37 during
1937 5320 47 28 the
2005 5322 62 36 past
2089 5326 106 25 season,
2221 5315 44 29 for
2287 5315 85 28 about

1823 5360 42 28 six
1877 5359 92 30 weeks
1981 5370 32 19 or
2024 5362 54 26 two
2098 5356 120 36 months,
2232 5356 78 28 there
2324 5355 48 28 has

1822 5400 70 28 been
1915 5411 35 18 no
1971 5400 54 29 less
2047 5399 67 29 than
2140 5398 62 28 four
2227 5406 141 28 waggons,

1822 5440 67 28 with
1903 5440 88 36 heavy
2014 5444 95 29 teams,
2134 5436 156 37 constantly
2314 5446 38 18 em-

1823 5479 100 38 ployed
1934 5479 86 39 doing
2029 5482 54 26 two
2096 5477 55 29 and
2173 5477 78 29 three
2272 5475 69 35 trips
2355 5485 16 18 a

1821 5520 77 28 week
1908 5520 124 29 between
2041 5518 99 30 Heriot
2150 5518 54 27 and
2214 5515 158 30 Alexandra

1821 5560 54 29 and
1891 5560 96 39 Clyde,
2004 5560 110 37 carting
2136 5562 68 25 oats.
2244 5556 57 29 The
2321 5567 33 27 ag-

1821 5605 115 33 gregate
1949 5602 78 28 value
2035 5600 29 30 of
2074 5600 80 29 those
2163 5607 118 29 waggon
2294 5596 76 30 loads

1821 5642 89 28 would
1937 5645 112 26 amount
2077 5644 28 25 to
2134 5638 69 38 fully
2227 5638 75 28 £l7O
2322 5643 60 32 per!

1820 5682 87 36 week,
1933 5682 88 30 which
2057 5679 90 30 would
2173 5679 64 38 give
2265 5689 16 17 a
2304 5677 67 29 tot.il

1820 5722 79 29 value
1912 5723 29 28 of
1954 5733 65 19 over
2031 5721 104 34 £I,OOO
2157 5724 29 24 to
2212 5718 103 35 £1,200
2329 5718 43 28 for

1889 5772 105 23 season.
2034 5762 74 38 Why
2133 5771 59 22 was,
2213 5759 59 33 tl>i&
2290 5758 79 41 grain

2431 182 49 27 not
2505 179 117 39 suppled
2644 183 29 26 to
2694 181 77 28 them
2800 180 46 29 via
2872 179 111 30 Central

2432 219 90 37 Otago
2534 219 11 28 ?
2585 220 132 34 Because,
2731 230 40 18 we
2783 230 44 18 are
2846 220 95 28 forced
2953 223 30 25 to

2430 257 47 30 the
2491 258 166 36 conclusion,
2671 259 47 29 the
2731 259 101 38 supply
2853 270 55 17 was
2933 262 48 25 not

2430 301 29 27 to
2473 299 35 29 be
2519 299 64 36 had,
2594 299 55 29 and
2661 303 28 25 at
2700 299 36 28 all
2749 303 95 26 events
2856 303 23 25 it
2893 299 88 29 suited

2430 340 47 28 the
2491 339 87 39 Clyde
2587 339 55 28 and
2655 340 161 28 Alexandra
2840 340 98 37 people
2952 343 28 24 to

2430 383 49 36 get
2499 379 126 40 supplied
2647 379 72 30 from
2734 379 106 30 Heriot.
2880 378 101 39 Again,

2430 420 72 30 chaff
2515 430 56 18 was
2586 420 127 38 fetching
2735 430 30 18 as
2789 420 69 39 high
2880 430 16 18 a
2908 419 74 39 price

2430 470 30 19 as
2474 461 37 29 £7
2525 470 50 29 per
2586 463 49 26 ton
2648 460 29 29 in
2691 461 47 28 the
2757 460 98 29 Lower
2869 459 111 30 Central

2430 501 92 38 Otago
2536 500 131 36 districts,
2680 501 54 28 and
2746 501 75 37 large
2832 500 149 40 quantities

2431 546 72 25 went
2526 551 36 29 up
2588 541 103 38 during
2714 542 48 29 the
2788 551 96 20 season
2910 541 71 29 from

2431 582 107 34 Heriot,
2554 582 125 36 because,
2689 582 186 38 presumably,
2889 581 21 29 it
2924 592 56 18 was

2431 627 48 24 not
2498 626 29 25 to
2549 621 35 29 be
2603 621 54 29 had
2678 622 107 37 locally.
2823 623 157 34 Therefore,

2430 662 48 30 the
2491 661 269 40 Roxburgh-Heriot
2770 662 110 32 railway
2890 661 88 31 would

2431 703 191 37 undoubtedly
2637 703 101 29 benefit
2760 703 98 30 Lower
2870 703 110 29 Central

2432 744 100 39 Otago.
2573 743 155 29 Alexandra
2743 745 89 28 would
2853 745 34 28 be
2901 745 64 27 with-

2431 785 27 27 in
2484 783 198 40 twenty-eight
2702 785 78 28 miles
2793 785 29 28 of
2835 797 16 16 a
2873 785 110 38 railway

2431 825 22 29 if
2472 825 23 28 it
2523 825 116 29 reached
2665 825 163 38 Roxburgh,
2854 826 55 28 and
2937 826 45 28 the

2432 865 150 29 millenium
2589 866 53 28 will
2654 867 134 38 probably
2799 867 69 28 have
2877 866 107 30 arrived

2432 915 45 18 ere
2491 906 47 27 the
2549 905 110 29 Central
2671 906 91 35 Otago
2775 906 54 28 line
2840 907 54 27 will
2908 916 76 18 come

2433 945 96 28 within
2555 945 47 28 the
2615 955 74 19 same
2713 945 131 31 distance.
2885 946 27 28 It
2938 946 32 28 be-

2434 985 83 30 hoves
2542 985 48 30 the
2620 986 97 39 people
2742 986 30 30 of
2796 986 61 30 that
2879 986 106 30 district

2434 1026 142 35 distinctly
2607 1030 30 25 to
2673 1028 87 28 throw
2793 1027 72 28 their
2899 1026 86 28 whole

2435 1066 103 39 weight
2550 1066 29 30 in
2593 1066 67 30 with
2682 1077 41 19 us.
2763 1066 46 30 Mr
2822 1066 163 30 Maedonald

2435 1117 62 29 says
2506 1108 66 38 they
2585 1111 74 26 want
2673 1108 232 30 communication
2920 1108 65 28 with

2436 1148 138 37 Dunedin,
2588 1153 51 25 not
2651 1149 66 29 with
2732 1149 190 38 Invercargill,
2933 1149 52 28 and

2435 1199 40 17 we
2497 1199 107 19 answer
2635 1190 47 28 the
2716 1189 267 39 Roxburgh-Heriot

2435 1228 109 40 railway
2555 1228 55 30 will
2621 1229 65 39 give
2694 1228 74 30 them
2779 1240 91 18 access
2880 1234 28 24 to
2920 1228 65 30 both

2435 1270 130 30 markets.
2604 1270 82 36 True,
2699 1270 49 28 the
2762 1275 77 24 route
2849 1277 28 22 to
2892 1270 75 28 Dune-

2434 1310 48 28 din
2503 1310 90 28 would
2607 1310 34 29 be
2655 1311 114 38 slightly
2783 1311 127 35 indirect,
2936 1311 49 28 but

2433 1350 48 30 the
2489 1360 95 20 excess
2594 1360 36 20 on
2639 1350 58 30 fare
2705 1361 32 19 or
2746 1350 105 39 freight
2861 1351 122 39 through

2433 1391 62 29 that
2542 1401 98 19 reason
2673 1392 90 28 would
2804 1392 34 28 be
2884 1392 100 38 merely

2433 1430 131 30 nominal.
2632 1430 51 30 We
2728 1431 91 29 would
2868 1437 117 28 suggest

2902 1460 16 10 a
2922 1459 17 11 o

2433 1471 60 29 that
2515 1472 79 29 those
2606 1471 158 40 gentlemen
2778 1472 29 28 in
2830 1472 155 29 Alexandra,

2433 1512 60 27 who
2504 1522 46 18 are
2558 1512 28 27 in
2595 1512 98 29 accord
2703 1512 64 28 with
2774 1512 46 27 the
2826 1517 159 33 supporters

2432 1552 30 29 of
2472 1552 46 29 the
2527 1551 268 41 Roxbnrgh-Heriot
2806 1552 62 33 line,
2880 1552 54 29 and
2946 1562 37 19 we

2432 1603 45 18 are
2498 1604 89 17 aware
2606 1594 62 27 that
2693 1594 77 27 there
2799 1604 45 17 are
2872 1604 15 17 a
2912 1594 70 37 good

2432 1632 116 29 number
2569 1632 116 38 holding
2719 1633 47 28 the
2791 1642 74 19 same
2890 1633 93 28 views,

2432 1672 97 29 should
2579 1683 30 18 as
2661 1672 75 38 early
2790 1683 29 18 as
2863 1673 119 38 possible

2432 1713 179 28 memorialise
2625 1713 47 28 the
2682 1712 187 29 Government
2879 1717 28 24 to
2920 1713 63 37 give

2431 1753 81 29 effect
2525 1757 28 25 to
2567 1754 79 28 those
2659 1752 92 29 views.

2458 1848 34 20 Mr
2518 1848 23 21 C.
2571 1848 22 21 J.
2618 1848 95 25 Coombs,
2736 1849 179 25 surgeon-dentist,
2934 1848 17 20 is
2968 1848 13 20 it

2433 1874 112 28 Roxburgh
2565 1874 86 28 to-day,
2668 1875 41 22 and
2730 1882 47 21 may
2800 1875 24 22 be
2841 1875 107 22 consulted
2968 1878 13 18 al

2432 1902 91 21 Heron's
2532 1902 71 22 Hotel.

2456 1952 49 21 Too
2515 1951 53 22 have
2577 1952 72 21 ruined
2657 1959 53 20 your
2719 1953 135 22 constitution
2866 1952 115 27 sufficient!}

2430 1979 28 26 by
2470 1980 98 25 drinking
2582 1980 83 21 inferior
2680 1983 41 19 tea.
2751 1982 85 20 Recruit
2851 1981 24 21 bv
2893 1980 88 26 drinking

2430 2006 49 27 only
2488 2007 66 22 Kozie
2564 2009 40 20 tea.
2630 2007 22 21 It
2661 2008 16 21 is
2684 2015 49 19 pure
2740 2009 39 20 and
2787 2008 92 22 reliablr.
2891 2020 8 3 -
2908 2008 65 21 Advt.

2457 2058 34 20 An
2509 2058 69 21 action
2593 2057 32 22 for
2635 2058 81 21 slander
2735 2058 27 28 by
2772 2067 12 13 a
2794 2059 45 20 well
2853 2059 74 20 known
2937 2058 44 21 local

2431 2092 97 20 manager
2544 2085 22 22 of
2575 2093 12 14 a
2596 2085 59 22 claim
2665 2086 79 26 against
2758 2094 12 13 a
2780 2086 133 22 shareholder
2921 2086 19 21 in
2952 2086 29 21 the

2432 2119 55 14 same
2497 2113 60 20 claim
2566 2113 17 20 is
2594 2114 77 25 spoken
2681 2114 28 24 of,
2716 2115 40 20 and
2763 2114 36 21 has
2808 2114 50 20 been
2866 2114 36 21 the
2908 2114 73 26 subject

2436 2141 21 20 of
2463 2140 140 21 considerable
2613 2143 103 19 comment
2724 2142 74 26 during
2804 2142 35 20 the
2847 2141 64 21 week.

2453 2192 33 21 Mr
2498 2192 35 22 W.
2547 2192 21 23 F.
2579 2191 131 27 Hilgendorf,
2722 2192 67 28 M.A.,
2801 2192 23 21 of
2839 2192 99 27 Waipori,
2950 2192 31 22 has

2427 2220 51 21 been
2495 2220 89 21 selected
2601 2220 27 26 by
2648 2220 36 21 the
2703 2221 67 20 Board
2784 2220 22 21 of
2824 2220 116 21 Governors
2954 2221 27 20 for

2427 2248 36 20 the
2490 2248 89 26 position
2599 2247 22 21 of
2644 2248 96 21 assistant
2767 2251 76 18 master
2867 2250 23 18 at
2914 2248 67 21 Prince

2429 2275 76 22 Albert
2524 2275 82 27 College
2624 2276 118 26 Auckland,
2752 2277 23 19 at
2788 2283 11 14 a
2810 2275 67 27 salary
2891 2276 23 21 of
2924 2276 57 22 £'loo.

2451 2327 31 20 At
2491 2326 35 21 the
2538 2326 66 27 Clyde
2610 2327 79 26 cycling
2698 2328 68 24 sports
2777 2335 25 13 on
2814 2327 36 21 the
2860 2327 47 22 13th
2919 2328 62 26 inst.,

2424 2353 22 23 in
2470 2354 35 21 the
2528 2354 40 21 five
2589 2354 48 21 mile
2657 2354 156 27 championship
2836 2362 52 20 rac,
2913 2356 27 22 G.
2956 2359 25 19 A.

2426 2382 95 22 Maxwell
2534 2389 26 14 on
2573 2389 12 14 a
2595 2382 163 27 Massey-Harris
2776 2390 39 14 was
2826 2383 51 25 first,
2892 2383 85 21 Watson

2424 2416 26 14 on
2460 2417 10 13 a
2481 2410 79 20 Record
2566 2416 56 14 racer
2627 2411 80 25 second,
2716 2411 40 20 and
2763 2411 56 25 Jolly
2825 2418 26 13 on
2858 2418 26 13 an
2891 2411 90 21 Osmond

2425 2444 56 14 iacer
2490 2437 63 22 third.

2450 2484 43 21 The
2759 2484 110 27 says—We
2883 2487 67 25 regret
2959 2487 22 20 to

2429 2511 50 21 hear
2488 2512 47 20 that
2545 2512 32 21 Dr
2590 2512 68 25 Hyde,
2666 2512 22 21 of
2697 2512 64 26 Clyde
2772 2513 39 20 bad
2822 2516 21 17 to
2853 2513 47 20 fake
2911 2517 20 16 to
2943 2513 37 20 bed

2425 2539 40 20 last
2477 2539 55 20 week
2568 2539 33 20 He
2611 2540 17 19 is
2637 2540 101 24 supposed
2750 2541 22 18 to
2786 2539 52 20 have
2846 2547 25 13 an
2881 2540 69 20 attack
2961 2540 20 20 of

2425 2565 73 21 scarlet
2507 2565 65 22 fever.
2599 2566 40 20 His
2657 2573 60 19 many
2735 2566 78 21 friends
2832 2567 20 20 in
2869 2566 112 27 Roxburgh

2424 2593 41 21 will
2484 2592 51 23 wish
2552 2593 36 22 the
2598 2593 66 27 genial
2674 2594 71 21 doctor
2761 2601 12 14 a
2782 2594 75 27 speedy
2877 2601 103 21 recovery.

2451 2640 33 20 Mr
2493 2639 70 21 James
2571 2639 92 27 Harvey,
2671 2639 158 27 schoolteacher,
2836 2640 22 21 of
2869 2640 50 21 Bald
2933 2641 46 21 Hill

2427 2667 54 26 Flat,
2493 2667 37 21 has
2538 2667 99 21 invented
2646 2667 117 27 appliances
2777 2667 21 21 of
2817 2672 57 22 great
2891 2668 86 22 interest

2426 2696 22 20 to
2458 2695 99 21 teachers.
2585 2695 58 26 They
2652 2695 75 21 consist
2744 2695 22 21 of
2775 2695 56 27 giant
2849 2695 70 22 letters
2938 2697 40 20 and

2425 2723 82 26 figures,
2519 2723 63 21 about
2591 2723 34 21 4in
2643 2723 20 21 in
2674 2723 78 26 length,
2766 2723 59 21 made
2834 2724 22 20 of
2865 2724 38 21 tin.
2933 2723 20 21 It
2963 2724 16 20 is

2424 2750 91 26 thought
2526 2750 46 21 that
2582 2750 50 27 they
2646 2750 42 21 will
2708 2752 23 19 be
2741 2750 67 22 useful
2817 2751 20 22 in
2848 2752 35 20 the
2893 2751 87 22 infants'

2422 2784 63 15 room.

2446 2823 54 22 New
2524 2824 89 21 Zealand
2634 2825 36 20 has
2688 2831 38 14 one
2744 2824 113 27 policeman
2876 2826 23 20 to
2916 2832 63 19 every

2421 2851 61 25 1,530
2500 2852 23 20 of
2541 2853 27 19 its
2586 2851 126 21 inhabitants
2722 2853 22 19 at
2753 2859 11 13 a
2774 2855 43 17 cost
2832 2853 21 19 of
2863 2853 21 19 2s
2943 2860 36 18 per

2421 2878 67 25 liead;
2507 2879 94 21 Victoria
2618 2879 37 21 has
2673 2886 38 14 one
2730 2881 22 19 to
2775 2879 38 22 842
2831 2882 43 18 cost
2892 2881 22 20 4s
2928 2879 52 26 2Ad;

2420 2905 52 22 New
2484 2906 67 22 ftouth
2563 2906 75 27 Wales,
2649 2914 39 14 one
2696 2909 21 19 to
2727 2907 44 26 G94,
2779 2909 44 19 cost
2832 2907 21 21 5s
2864 2907 37 26 Id;
2913 2908 65 22 South

2420 2934 115 25 Australia,
2554 2940 38 15 one
2600 2936 22 19 to
2631 2934 45 24 978,
2688 2936 44 19 cost
2745 2935 23 21 4s
2777 2934 23 28 4.}
2808 2934 7 28 d
2823 2934 7 28 ;
2841 2935 137 26 Qneenaland,

2419 2967 38 14 one
2469 2962 21 19 to
2502 2961 44 24 564,
2557 2963 44 19 cost
2610 2961 22 21 6s
2641 2961 46 21 lid.

2444 3009 44 22 The
2506 3010 102 22 influenza
2622 3010 106 26 epidemic,
2748 3010 79 28 though
2843 3010 26 22 its
2887 3011 91 27 severity

2425 3037 36 21 has
2477 3038 112 21 somewhat
2607 3038 82 27 abated,
2700 3039 17 20 is
2726 3039 42 21 still
2778 3045 49 21 very
2843 3039 106 26 prevalent
2959 3040 19 20 in

2423 3065 37 21 the
2469 3065 90 27 district,
2568 3072 13 14 a
2589 3066 87 21 number
2684 3067 21 19 of
2716 3066 54 20 fresh
2780 3074 55 13 cases
2845 3067 75 26 having
2929 3067 51 21 been

2422 3092 95 26 reported
2527 3093 77 26 during
2611 3093 35 21 the
2660 3093 64 22 week.
2750 3094 80 25 Timely
2840 3097 114 18 treatment
2963 3096 17 20 in

2420 3119 103 26 however,
2542 3121 132 25 overcoming
2693 3121 35 20 the
2739 3121 89 26 malady,
2846 3122 78 26 though
2943 3122 36 21 the

2420 3146 71 22 doctor
2503 3147 17 22 is
2526 3148 44 22 still
2585 3147 50 29 kept
2645 3149 132 27 exceedingly
2792 3149 59 28 busy.

2446 3194 48 21 Two
2503 3195 58 25 boys,
2578 3196 54 24 aged
2643 3196 135 25 respectively
2789 3198 23 19 15
2820 3198 40 20 and
2876 3198 24 19 14
2914 3205 64 19 years,

2420 3221 75 22 named
2505 3221 92 22 Sinclair
2616 3222 74 22 Caskie
2705 3223 40 21 and
2764 3223 84 22 Charles
2862 3224 55 26 Fair,
2930 3231 51 14 were

2420 3249 90 22 arrested
2528 3252 23 19 at
2574 3250 112 22 Lawrence
2705 3250 40 22 last
2766 3252 109 33 Saturday,
2894 3252 86 26 charged

2420 3276 50 22 with
2502 3277 104 27 breaking
2641 3278 44 21 into
2713 3279 33 20 Mr
2769 3279 122 21 Arbuckle's
2916 3283 62 19 store.

2419 3303 58 27 They
2490 3311 53 15 were
2564 3305 94 28 brought
2668 3306 69 20 before
2747 3307 35 20 the
2792 3307 49 21 local
2854 3307 84 27 justices
2952 3314 26 14 on

2418 3331 92 26 Monday
2521 3333 41 21 and
2573 3333 113 21 remanded
2697 3334 32 20 till
2739 3334 70 27 to-day
2820 3335 97 26 (Friday).

2444 3381 45 22 The
2508 3382 98 27 dredging
2618 3382 63 22 boom
2699 3383 17 21 is
2734 3383 68 27 acting
2811 3391 21 13 as
2842 3391 10 14 a
2864 3384 114 22 wonderful

2420 3409 111 22 ■timulant
2546 3411 22 19 to
2585 3410 38 20 the
2641 3410 43 20 iroD
2697 3411 57 20 trade
2772 3411 22 20 in
2811 3412 105 21 Dunedin.
2943 3413 35 20 All

2420 3436 36 21 the
2486 3437 104 20 foundries
2615 3443 36 14 are
2670 3437 53 26 fully
2746 3438 96 26 occupied
2860 3439 40 20 and
2924 3446 54 14 some

2419 3470 34 14 are
2472 3464 92 26 working
2594 3464 109 26 overtime,
2730 3464 66 22 There
2818 3472 34 14 are
2870 3472 27 14 no
2916 3467 63 21 fewer

2420 3492 49 20 than
2492 3493 22 21 14
2535 3492 87 26 dredges
2644 3492 21 21 in
2683 3499 80 20 process
2772 3493 22 21 of
2803 3494 144 27 construction,
2954 3495 24 22 57

2418 3526 35 13 are
2462 3521 90 25 actually
2564 3520 103 27 working,
2677 3521 40 20 and
2728 3520 99 22 75claims
2837 3528 34 14 are
2879 3523 62 21 taken
2948 3530 29 19 up

2418 3546 50 20 with
2475 3553 11 13 a
2496 3547 51 20 view
2564 3549 23 18 to
2597 3554 30 13 wo
2632 3547 60 26 rking
2702 3547 57 21 them
2769 3548 26 25 by
2804 3548 92 26 dredges.

2443 3591 31 22 Do
2495 3599 29 14 we
2543 3592 20 21 in
2585 3592 36 21 the
2641 3591 87 22 colonies
2738 3593 113 26 appreciaie
2869 3593 37 22 the
2915 3594 51 23 abun-

2416 3619 63 20 dance
2489 3620 21 19 of
2518 3620 92 20 nature's
2616 3620 69 25 gifts?
2732 3619 43 20 The
2782 3620 59 21 other
2846 3621 39 25 day
2911 3623 67 20 writes

2416 3653 12 14 a
2455 3647 110 25 travelling
2594 3646 123 21 Australian
2743 3649 21 18 to
2794 3647 37 21 the

2416 3674 53 21 from
2488 3674 94 27 London,
2617 3674 10 21 I
2641 3676 54 19 went
2714 3675 43 20 into
2767 3681 11 14 a
2787 3675 52 27 shop
2847 3676 20 20 in
2885 3676 86 26 Jermyn

2415 3704 63 18 street
2489 3702 39 20 and
2538 3701 63 22 asked
2621 3701 36 21 the
2672 3701 53 26 price
2740 3701 21 21 of
2770 3702 59 22 fruit.
2855 3703 84 25 Grapes.
2954 3704 22 21 7s

2413 3735 13 14 a
2440 3729 68 25 pound
2519 3728 4 28 :
2534 3729 124 26 nectarines,
2672 3728 35 21 24s
2716 3735 12 14 a
2737 3729 63 21 dozen
2813 3737 5 16 ;
2827 3730 95 26 cherries,
2933 3731 22 20 5s
2963 3738 12 13 a

2413 3756 83 26 pound;
2509 3756 94 25 bananas,
2619 3756 48 21 four
2680 3756 75 28 forOd,
2770 3757 39 20 and

2436 3808 43 21 The
2488 3807 55 22 Hon.
2543 3807 55 22 John
2610 3806 113 22 M'Kenzie
2730 3807 76 25 (writes
2813 3807 35 21 the
2879 3808 93 26 Tapanui

2531 3835 59 22 could
2601 3836 35 20 not
2650 3835 40 21 find
2700 3835 51 21 time
2762 3839 21 16 to
2794 3836 47 20 visit
2851 3836 119 26 Roxburgh,

2412 3864 39 19 but
2462 3863 26 20 he
2505 3862 37 19 has
2557 3862 101 25 promised
2677 3865 22 17 to
2719 3869 24 18 go
2763 3866 21 15 to
2803 3862 130 25 Invercargill
2951 3865 20 17 to
2980 3862 1 28 |

2409 3891 61 18 assist
2492 3888 21 21 in
2540 3888 136 27 banquetting
2703 3889 35 20 the
2760 3888 46 21 lion,
2825 3890 91 20 membrr
2939 3890 31 19 for

2411 3919 78 20 Awara.
2520 3918 15 19 A
2546 3917 51 25 good
2696 3921 37 16 out
2772 3916 39 21 and
2822 3924 10 13 a
2842 3920 44 17 coat
2897 3917 21 20 of
2928 3917 42 21 soft

2408 3952 48 19 soap
2473 3945 32 20 for
2514 3944 21 22 J.
2543 3940 27 26 G.
2582 3944 33 23 W.
2628 3944 16 21 is
2662 3944 67 21 better
2745 3944 49 21 than
2811 3952 11 12 a
2841 3944 5 20 I
2853 3947 77 25 anquet
2948 3950 21 15 at

2408 3972 112 26 Roxburgh
2531 3973 40 20 and
2580 3979 12 13 a
2605 3972 47 25 long
2662 3972 43 21 talk
2716 3980 24 13 on
2756 3972 88 24 Railway
2853 3974 110 19 extension

2411 4001 40 19 and
2570 4006 28 20 up
2629 4000 22 20 of
2660 4000 47 20 Moa
2717 4000 47 20 Flat
2773 4004 72 16 estate.

2432 4045 130 22 Orchardists
2572 4046 21 20 in
2607 4045 36 21 the
2650 4046 81 21 district
2737 4054 34 13 are
2779 4046 84 26 looking
2878 4046 88 21 forward

2408 4074 22 19 to
2439 4081 11 13 a
2469 4073 64 26 heavy
2551 4080 48 19 crop
2610 4073 22 21 of
2642 4073 52 21 fruit
2705 4074 40 20 this
2754 4080 77 19 season,
2850 4073 64 21 which
2926 4074 16 20 it
2951 4074 17 21 is

2407 4100 67 27 hoped
2493 4101 42 20 will
2560 4103 130 24 compensate
2709 4101 56 20 them
2782 4101 32 20 for
2836 4101 36 20 the
2893 4101 74 26 partial

2407 4127 83 21 failures
2506 4128 41 20 last
2572 4135 49 19 year
2636 4128 40 20 and
2695 4128 36 20 the
2748 4135 47 16 year
2813 4128 76 20 before.
2919 4128 45 21 The

2406 4155 85 26 gardens
2499 4161 34 16 are
2540 4155 84 26 looking
2634 4156 131 25 magnificent
2775 4158 21 17 at
2807 4157 93 25 present,
2914 4156 50 21 with

2405 4191 25 12 an
2450 4184 88 20 unusual
2557 4183 56 21 show
2632 4183 21 20 of
2662 4183 96 26 b'ossom,
2769 4183 39 21 and
2818 4183 17 21 if
2850 4184 41 20 late
2904 4184 62 21 frost*

2406 4210 40 19 will
2460 4210 49 25 oi.ly
2521 4210 51 24 keep
2582 4217 64 18 away,
2658 4210 35 19 the
2706 4210 145 25 anticipations
2860 4211 22 20 of
2891 4218 12 12 a
2912 4212 51 24 good

2412 4236 55 26 yield
2477 4236 73 21 should
2559 4236 24 21 be
2596 4236 127 26 abundantly
2733 4236 92 21 realised.

2409 4282 85 27 JSome
2514 4282 99 28 revolting
2634 4290 54 14 cases
2707 4281 22 22 of
2744 4281 108 29 depravity
2866 4283 39 21 and
2921 4284 42 22 vice

2408 4311 53 21 have
2484 4312 51 20 been
2560 4311 99 26 agitating
2692 4311 35 20 the
2761 4311 68 26 public
2861 4312 55 21 mind
2942 4319 19 14 a'

2409 4339 127 25 Wellington
2553 4339 99 24 recently,
2677 4337 40 20 and
2738 4339 101 24 energetic
2855 4343 55 21 step*
2930 4346 33 14 are

2396 4365 1 26 1
2409 4373 45 13 now
2465 4365 59 26 being
2535 4365 61 21 taken
2608 4369 21 17 to
2645 4367 92 21 promote
2756 4372 11 13 a
2787 4365 67 21 bettor
2874 4369 54 17 state
2942 4367 21 20 of

2396 4390 1 35 |
2409 4393 68 26 thiogs
2490 4393 65 22 there.
2583 4393 42 21 The
2637 4393 105 21 Women's
2750 4393 103 21 Christian
2869 4394 86 26 Temper

2396 4415 1 27 I
2407 4428 49 14 ance
2477 4421 69 21 Union
2571 4421 52 21 have
2648 4421 123 21 formulated
2793 4428 12 13 a
2827 4421 80 21 scheme
2931 4422 30 20 for

2407 4448 93 27 rescuing
2524 4448 49 27 girls
2594 4448 53 21 from
2665 4448 37 20 the
2724 4450 79 23 streets,
2827 4448 106 27 providing
2950 4455 11 14 a

2407 4476 60 21 home
2491 4476 32 21 for
2546 4476 57 21 them
2625 4476 40 21 and
2694 4475 32 21 for
2746 4476 79 26 getting
2847 4476 112 26 legislation

2406 4503 122 21 introduced
2538 4506 22 17 to
2569 4504 73 19 render
2658 4508 82 20 parents
2759 4504 45 19 who
2814 4510 34 13 are
2857 4504 66 24 guilty
2939 4504 22 19 of
2975 4503 2 25 '

2406 4530 118 26 negligence
2542 4530 40 21 and
2601 4530 131 21 carelessness
2748 4530 21 20 iu
2787 4530 35 20 the
2840 4530 79 21 control
2939 4530 22 21 of

2406 4557 54 22 their
2470 4556 93 23 children
2573 4556 60 23 liable
2644 4561 22 17 to
2675 4556 140 28 punishment.

2431 4609 34 20 Mr
2479 4609 24 21 C.
2523 4609 26 21 R.
2561 4609 113 25 Thornton,
2685 4609 46 20 who
2742 4609 35 20 has
2790 4609 49 20 been
2850 4609 109 20 connected

2406 4636 52 21 with
2479 4636 78 21 several
2576 4636 98 21 southern
2694 4643 72 19 papers
2780 4636 32 20 for
2831 4643 55 14 sou.e
2902 4643 57 19 years

2406 4668 52 22 past,
2477 4664 36 20 has
2524 4664 91 26 recently
2624 4664 82 21 become
2715 4663 114 27 proprietor
2838 4663 39 20 and
2895 4664 64 21 editor

2404 4690 22 21 of
2448 4690 36 21 the
2533 4691 112 20 Ellesroere
2810 4690 106 25 published
2940 4691 20 19 in

2405 4716 137 26 Canterbury.
2570 4716 43 21 The
2623 4716 66 21 initial
2701 4716 86 20 number
2796 4716 65 21 under
2871 4716 34 20 the
2912 4723 45 14 new

2405 4745 143 24 management
2557 4743 37 21 has
2603 4743 86 21 reached
2702 4750 31 17 us,
2752 4743 40 20 and
2810 4743 33 20 Mr
2851 4742 105 22 Thornton

2403 4771 19 20 is
2432 4772 21 19 to
2463 4771 25 21 be
2498 4770 155 26 coHgratuloted
2672 4777 25 14 on
2716 4770 26 21 its
2760 4770 127 26 production.
2915 4770 43 21 The

2406 4805 62 18 paper
2486 4798 17 20 is
2523 4798 45 20 well
2587 4798 69 20 edited
2676 4797 39 20 and
2733 4804 49 19 very
2799 4797 101 26 readable,
2919 4798 39 19 and

2404 4823 75 21 should
2490 4824 46 25 gain
2545 4830 13 13 a
2571 4823 54 27 large
2634 4824 94 20 clientele
2747 4824 21 19 in
2787 4824 35 19 the
2832 4823 90 21 districts
2937 4824 19 20 in

2406 4850 66 21 which
2490 4851 17 20 it
2526 4850 114 21 circulates.
2669 4850 38 20 We
2725 4850 50 20 wish
2794 4850 36 20 the
2844 4851 115 25 proprietor

2404 4878 42 21 and
2455 4878 66 21 editor
2530 4878 27 21 all
2568 4885 78 14 success
2655 4877 20 22 in
2685 4878 32 21 his
2726 4885 45 14 new
2777 4880 93 19 venture.

2429 4928 44 20 The
2490 4929 53 21 Rev.
2564 4928 76 21 Father
2657 4929 73 26 Coffey
2747 4929 118 20 announced
2883 4931 22 17 at
2921 4929 35 20 the

2405 4955 97 26 ordinary
2512 4955 77 21 service
2598 4957 22 18 at
2630 4956 35 20 the
2674 4955 79 21 Roman
2773 4956 92 20 Catholic
2874 4955 80 21 Church

2404 4989 26 13 on
2443 4983 85 25 Sunday
2537 4983 94 25 morning
2641 4983 47 19 that
2697 4982 35 20 the
2742 4983 71 19 bnzaar
2822 4983 19 19 in
2848 4983 33 20 aid
2889 4983 22 19 of
2920 4983 35 20 the

2404 5009 95 27 building
2514 5009 50 22 fund
2574 5009 22 21 of
2604 5009 36 21 the
2650 5016 45 14 new
2705 5009 75 21 church
2791 5011 22 19 at
2823 5010 77 20 Millers
2909 5010 47 21 Flat

2404 5036 42 22 will
2467 5037 25 21 be
2515 5036 48 22 held
2585 5036 99 28 probably
2705 5036 64 21 about
2786 5037 35 20 the
2840 5037 76 21 middle
2933 5038 21 19 of

2403 5064 125 22 November.
2556 5064 42 21 The
2617 5064 62 21 ladies
2697 5064 22 21 of
2741 5064 114 25 Lawrence,
2877 5064 76 21 .Millers

2403 5092 48 20 Flat
2460 5092 41 21 and
2510 5091 113 26 Roxburgh
2633 5092 52 20 have
2695 5091 126 21 undertaken
2831 5095 20 16 to
2862 5092 90 23 organise

2403 5118 40 21 and
2455 5118 134 26 superintend
2604 5118 65 27 stalls,
2685 5118 40 21 and
2737 5125 9 13 a
2764 5118 54 25 large
2834 5120 86 19 number
2932 5118 22 21 of

2403 5145 94 22 valuable
2512 5146 49 26 gifts
2576 5146 51 21 have
2643 5146 81 26 already
2744 5145 50 22 been
2813 5146 137 21 contributed.

2402 5173 60 21 With
2477 5173 35 22 the
2526 5176 70 24 strong
2610 5181 58 19 corps
2684 5173 21 22 of
2721 5174 88 20 workers
2817 5173 88 27 enrolle'l
2916 5173 35 22 the

2401 5200 73 22 bazaar
2483 5200 74 23 should
2568 5201 118 27 practically
2700 5201 26 21 be
2738 5208 26 13 an
2774 5208 18 13 at
2796 5201 61 21 sural
2866 5206 84 16 success.

2427 5245 32 21 On
2469 5245 74 26 Friday
2552 5245 48 21 last,
2610 5252 26 14 on
2651 5245 35 21 the
2697 5244 47 22 10th
2763 5245 47 21 inst.
2823 5244 43 27 (wri
2877 5251 21 14 es
2916 5244 35 22 the

2403 5273 54 21 Gore
2499 5272 102 22 Standard
2645 5280 12 13 a
2665 5272 87 22 number
2760 5272 21 21 of
2789 5272 81 21 settlers
2879 5279 25 14 on
2916 5272 35 21 the

2403 5300 118 21 Pomahaka
2539 5301 66 19 estate
2623 5300 47 21 held
2688 5307 12 13 a
2718 5300 89 25 meeting
2820 5301 22 19 to
2859 5299 92 21 consider

2403 5327 55 21 what
2467 5330 56 23 steps
2531 5327 75 21 should
2616 5327 25 21 be
2651 5327 61 21 taken
2723 5330 22 18 to
2754 5329 34 23 get
2797 5334 10 13 a
2815 5326 105 21 reduction
2930 5326 21 21 of

2402 5357 61 18 rents.
2491 5355 33 20 Mr
2536 5354 58 21 Watt
2603 5354 95 26 occupied
2709 5354 36 20 the
2761 5353 63 27 chair,
2834 5354 40 21 and
2884 5354 33 20 Mr
2926 5354 21 20 J.

2401 5382 35 22 W.
2452 5382 108 25 Thomson,
2571 5381 90 23 M.H.R.
2677 5381 32 21 for
2718 5381 83 27 Clutha,
2815 5388 39 14 was
2869 5383 82 23 present

2401 5409 26 26 by
2445 5409 117 21 invitation.
2588 5409 82 21 Several
2689 5409 81 21 settlers
2790 5409 107 21 addressed
2915 5409 35 21 the

2401 5437 95 26 meeting.
2524 5435 59 28 They
2601 5436 42 21 said
2653 5437 47 19 that
2713 5436 35 21 the
2757 5437 82 19 returns
2853 5435 52 21 from
2915 5436 36 20 the

2401 5463 47 21 land
2458 5470 52 14 were
2519 5465 38 18 not
2567 5463 102 21 sufficient
2686 5465 22 18 to
2718 5470 39 19 pay
2767 5466 46 17 rent
2831 5463 39 19 and
2889 5470 60 13 cover

2401 5491 35 20 the
2445 5491 60 21 other
2515 5497 106 19 expenses.
2648 5491 45 20 One
2710 5489 80 27 settler,
2806 5489 45 21 who
2862 5489 87 26 thought

2401 5518 46 21 that
2456 5518 34 22 35s
2500 5520 22 19 to
2531 5518 34 21 45s
2575 5524 27 15 an
2617 5524 45 15 acre
2675 5525 11 13 a
2695 5517 39 22 fair
2744 5518 60 26 price,
2816 5517 88 26 thought
2914 5517 35 22 the

2401 5545 140 22 Government
2554 5545 75 22 should
2637 5545 60 22 make
2705 5552 12 13 a
2732 5551 21 15 re
2762 5545 104 22 valuation
2882 5545 22 21 of
2914 5544 35 22 the

2400 5573 55 22 land.
2482 5574 34 21 Mr
2533 5573 101 21 Thomson
2643 5573 43 21 said
2704 5573 114 21 thattheie
2837 5580 52 14 were
2906 5574 41 19 two

2400 5607 80 16 courses
2489 5608 51 20 open
2551 5602 22 19 to
2587 5600 95 22 settlers:
2701 5600 46 21 that
2756 5600 50 27 they
2816 5601 67 21 either
2893 5600 57 26 place

2399 5628 37 21 the
2445 5631 76 19 matter
2530 5628 68 22 beiore
2608 5628 35 21 the
2661 5628 93 22 Minister
2763 5628 40 21 and
2812 5635 33 15 see
2857 5628 55 22 what
2921 5628 26 21 he

2399 5656 60 22 could
2467 5657 34 26 do,
2511 5663 23 14 or
2539 5656 50 26 they
2595 5656 60 21 could
2662 5656 87 26 petition
2756 5656 131 22 Parliament.
2909 5656 42 21 For

2400 5683 31 22 his
2451 5686 46 24 part
2512 5684 27 21 he
2547 5683 89 27 thought
2653 5684 47 21 that
2709 5684 49 27 they
2768 5683 74 22 should
2851 5683 47 23 take
2909 5683 36 22 the

2399 5710 77 23 former
2484 5718 77 15 course.
2589 5711 22 21 It
2618 5718 39 14 was
2665 5710 84 22 decided
2756 5713 21 19 to
2784 5711 64 26 adopt
2854 5711 36 21 the
2895 5711 52 26 idea,

2398 5739 39 21 and
2448 5746 11 14 a
2469 5740 116 24 committer
2594 5745 41 13 was
2643 5738 76 21 elected
2726 5741 21 17 to
2755 5743 31 16 set
2799 5741 37 19 out
2845 5738 36 23 the
2888 5738 57 26 facts,

2397 5766 40 22 and
2450 5767 57 28 place
2516 5765 135 27 thembeforq
2660 5765 36 23 the
2706 5766 99 25 Minister.,
2809 5765 3 33 (

3038 180 33 21 Mr
3083 180 25 22 D.
3127 180 101 27 Mitchell,
3243 180 81 27 draper,
3341 180 22 21 of
3379 180 115 27 Lwrence,
3509 181 17 21 is
3543 183 21 18 at

3012 210 83 21 present
3107 208 20 20 in
3146 208 36 21 the
3203 208 114 25 Roxburgh
3334 208 87 26 district,
3433 209 41 20 and
3491 208 73 26 during

3012 234 35 20 the
3062 236 50 19 n-xt
3130 235 56 20 week
3208 235 42 20 will
3266 235 48 20 wait
3329 241 55 18 upon
3403 235 32 20 hi*
3453 236 111 20 customers

3012 261 50 20 with
3068 268 11 13 a
3086 261 94 27 splendid
3189 262 78 21 sample
3276 262 22 20 of
3307 261 27 21 all
3341 262 36 20 the
3387 261 62 22 latest
3456 262 106 22 novelties.

3035 300 43 21 The
3096 301 100 21 attention
3209 301 22 21 of
3243 301 35 21 the
3293 301 93 27 sporting
3404 301 127 27 community
3548 301 16 22 is

3010 327 66 21 called
3091 330 22 18 to
3128 328 36 21 the
3178 332 164 18 announcement
3359 330 22 20 of
3398 329 35 21 the
3450 330 113 26 Roxburgh

3010 354 79 27 Jockey
3108 355 69 21 Club's
3193 356 76 20 annual
3283 356 97 26 meeting,
3393 357 64 20 which
3477 363 85 19 appears

3010 381 110 22 elsewhere
3129 383 22 20 in
3160 382 41 21 this
3216 384 60 20 issue.
3303 384 20 21 A
3337 384 54 26 large
3409 384 122 21 attendance
3548 384 16 21 is

3011 409 114 26 requested.

3039 448 43 21 The
3101 448 111 27 Roxburgh
3225 449 74 22 Heriot
3315 450 91 21 Railwav
3418 450 79 24 League
3515 450 49 21 have

3015 474 105 27 delegated
3133 476 33 22 Mr
3175 477 76 21 Dunne
3265 479 21 19 to
3302 478 48 21 visit
3364 478 126 26 Wellington
3506 478 58 21 when

3015 503 125 22 Parliament
3155 505 15 20 is
3187 505 72 26 sitting
3272 505 20 21 in
3310 507 118 20 connection
3445 506 50 20 with
3511 506 53 21 their

3015 531 93 26 petition,
3121 532 65 21 which
3202 532 15 21 it
3230 533 15 20 is
3260 533 98 28 expected
3376 534 35 21 the
3430 534 92 21 member
3533 533 31 22 for

3014 559 36 21 the
3061 560 80 21 district
3149 560 41 21 will
3202 561 57 25 bring
3275 561 68 21 before
3358 562 35 20 the
3411 562 71 21 House
3501 565 22 18 at
3539 570 25 13 an

3010 587 54 23 early
3073 588 52 20 date.

3039 627 32 20 Mr
3086 627 77 21 Burton
3183 627 48 21 held
3245 635 25 12 an
3281 628 112 25 important
3410 629 42 20 sale
3470 629 21 20 of
3508 630 53 19 town

3013 654 86 21 sections
3118 654 39 21 last
3175 655 101 27 Saturday
3292 661 26 15 on
3334 655 68 21 behalf
3416 656 23 20 of
3445 656 35 20 the
3497 657 68 21 oublic

3014 683 78 21 trustee
3101 682 21 22 in
3133 682 35 22 the
3181 685 65 19 estate
3261 683 22 22 of
3292 683 35 22 the
3342 683 41 22 late
3391 683 75 26 Phillip
3476 685 30 21 M'
3513 683 47 23 lrea.

3011 710 48 21 Two
3067 712 55 20 town
3131 711 86 21 sec'ions
3224 718 51 15 were
3284 711 93 26 disposed
3387 712 21 22 of
3418 715 20 18 to
3449 713 41 21 Mrs
3497 713 63 26 Gav,

3011 740 22 18 at
3042 737 49 23 £3B.
3123 739 30 20 Mr
3161 739 55 21 Win.
3223 739 97 22 Telfords'
3327 744 96 23 property
3432 748 38 14 was
3477 741 85 27 offei&l,

3012 766 38 21 but
3057 766 58 21 there
3122 774 51 13 were
3183 774 26 14 bo
3218 766 80 27 buyers.

3038 805 66 21 There
3118 812 40 14 was
3177 813 11 13 a
3208 805 54 27 large
3279 807 121 22 attendance
3416 807 22 22 of
3454 807 74 26 buyers
3542 809 22 20 it

3019 832 76 22 Millers
3113 834 48 21 Flat
3178 842 25 13 on
3228 835 92 26 Tuesday
3337 838 23 17 at
3380 836 35 20 the
3430 836 41 21 sale
3489 836 22 21 of
3527 836 37 21 the

3014 861 94 26 Surprise
3126 861 76 28 party's
3221 862 74 27 dredge
3313 862 26 27 by
3358 864 32 20 Mr
3409 864 76 21 Burton
3520 864 44 21 The

3015 888 44 21 bid*
3068 892 37 17 not
3114 890 79 25 coming
3207 896 28 19 up
3242 892 22 19 to
3275 890 35 21 tin
3320 897 87 19 reserve,
3419 891 37 21 the
3466 894 96 24 property

3016 922 40 13 was
3080 916 71 25 passed
3169 916 28 25 in,
3223 916 39 21 and
3279 917 134 24 negotiations
3426 925 34 13 are
3483 925 45 14 now
3543 919 21 20 in

3014 948 78 20 process
3102 942 32 21 for
3144 944 78 25 private
3229 943 41 22 Mile
3279 944 22 20 of
3310 944 35 21 the
3354 944 81 26 dredge.

3042 981 40 22 We
3103 981 52 22 have
3170 983 91 21 received
3276 989 37 21 per
3330 984 72 21 favour
3416 984 22 22 of
3450 985 35 22 the
3501 985 63 22 Mines

3017 1010 136 25 Department
3169 1010 36 21 the
3221 1011 36 21 bill
3275 1012 121 26 rmbodyiug
3414 1014 35 20 the
3466 1015 98 25 proposed

3019 1037 146 20 consolidation
3179 1038 22 20 of
3219 1038 37 21 the
3266 1039 80 25 Mining
3367 1041 56 25 Acts,
3444 1040 64 21 whieh
3530 1042 35 19 the

3020 1064 95 21 Minister
3130 1064 32 21 for
3177 1064 64 22 Miues
3259 1066 82 21 intends
3357 1068 21 19 to
3400 1067 106 22 introduce
3525 1068 41 21 this

3019 1092 83 21 session.
3129 1092 44 21 The
3180 1092 35 22 bill
3221 1100 57 15 came
3287 1095 22 20 to
3318 1094 54 22 hand
3383 1094 40 21 late
3432 1096 32 20 for
3473 1097 65 21 notice
3545 1097 20 20 in

3019 1120 41 21 this
3068 1120 59 22 issue,
3139 1120 38 21 but
3186 1127 30 14 we
3222 1121 51 22 shall
3282 1122 47 21 take
3338 1129 26 14 an
3372 1123 55 27 early
3432 1125 133 26 opportunity

3014 1148 21 20 of
3044 1148 111 27 discussing
3162 1149 26 20 ita
3198 1150 118 26 provisions.

3043 1190 94 20 Another
3155 1190 50 21 fatal
3231 1191 98 23 accident,
3348 1191 27 27 by
3401 1193 71 26 falling
3489 1194 44 20 into
3555 1200 10 14 a

3018 1216 76 27 boiling
3104 1217 54 26 bole,
3169 1217 106 28 happened
3285 1222 22 16 at
3317 1219 91 22 Rotorua
3421 1220 40 21 last
3471 1221 63 26 week,
3545 1223 21 18 to

3017 1251 12 13 a
3045 1251 69 20 yourg
3129 1245 76 21 Native
3221 1246 38 26 girl
3275 1247 73 21 named
3365 1247 54 28 Lucy
3434 1249 109 26 Ngapuna,
3555 1256 11 12 a

3018 1271 90 22 member
3115 1273 21 19 of
3146 1272 36 21 the
3188 1273 130 26 Tuhourangi
3327 1275 59 21 tribe.
3488 1277 78 23 coming

3017 1302 37 18 out
3064 1300 22 21 of
3100 1299 69 22 Paul's
3179 1300 67 22 whare
3256 1304 20 18 at
3286 1301 13 22 8
3314 1303 83 24 o'clock,
3409 1303 35 22 she
3457 1304 34 21 fell
3502 1304 44 21 into
3555 1313 10 11 a

3018 1327 76 26 bailing
3111 1328 75 26 spring.
3214 1329 106 21 Sufficient,
3334 1330 49 21 time
3401 1331 81 27 elapsed
3497 1332 68 20 before

3016 1354 35 21 she
3061 1362 38 13 was
3110 1357 34 24 got
3154 1357 36 19 out
3196 1357 21 19 to
3227 1357 96 25 preclude
3332 1357 26 21 all
3369 1358 51 26 hope
3431 1359 21 20 of
3462 1365 103 21 recovery,

3014 1383 39 19 and
3076 1383 36 20 she
3134 1382 46 22 died
3203 1383 37 21 the
3261 1384 104 27 following
3386 1387 100 26 morning,
3512 1387 53 20 after

3018 1409 126 28 undergoing
3155 1411 59 20 much
3224 1418 72 20 agony.
3325 1412 101 23 Deceased
3440 1421 40 12 was
3489 1422 12 12 a
3510 1416 56 22 great,

3019 1437 100 20 favourite
3128 1438 49 21 with
3187 1438 84 21 tourists
3280 1439 41 22 and
3339 1440 68 21 others
3421 1442 23 20 at
3453 1441 98 22 Whakare-

3014 1471 90 15 warewa.

3044 1503 42 19 The
3095 1502 56 24 plain
3165 1503 40 20 and
3216 1503 59 26 fancy
3288 1504 56 21 dress
3351 1505 48 26 ball,
3410 1507 26 19 bv
3455 1507 65 21 which
3530 1508 36 20 the

3018 1529 67 20 Court
3093 1529 120 27 Roxburgh,
3232 1531 89 26 A.0.F.,
3339 1532 71 21 intend
3466 1534 100 20 celebrate

3018 1556 55 20 their
3091 1556 49 21 24th
3149 1557 132 28 anniversary
3297 1561 50 19 next,
3356 1559 106 29 Thursday
3473 1561 92 28 evening,

3018 1585 99 23 piomises
3127 1587 22 17 to
3170 1585 24 20 be
3203 1593 10 13 a
3224 1585 54 26 large
3287 1587 39 21 and
3337 1589 108 21 successful
3452 1590 112 26 gathering.

3018 1611 44 20 The
3082 1611 74 21 tickets
3166 1611 53 21 have
3229 1620 50 17 gone
3298 1615 30 19 off
3337 1622 47 17 very
3403 1616 70 24 freely,
3484 1617 37 20 and
3532 1618 34 19 the

3018 1637 118 21 committee
3145 1645 34 14 are
3197 1639 81 26 sparing
3287 1646 26 15 no
3329 1641 81 21 tiouhle
3427 1644 21 19 to
3463 1643 58 22 make
3531 1643 35 21 th«

3018 1665 39 20 l>sl!
3069 1665 50 25 fully
3130 1672 22 14 as
3162 1665 107 27 enjoyable
3282 1674 21 14 as
3318 1667 20 21 in
3358 1672 44 22 psst.
3419 1677 65 19 years.
3523 1671 44 21 The

3019 1692 78 26 quality
3111 1693 22 20 of
3147 1693 36 21 the
3194 1694 63 21 music
3267 1695 15 19 is
3297 1696 81 20 assured
3390 1696 26 27 by
3426 1698 34 19 the
3470 1698 42 21 fact
3522 1699 45 20 that,

3018 1719 36 20 the
3064 1719 112 24 Roxbuijrh
3187 1721 59 20 Brass
3257 1721 37 21 Bar
3300 1722 13 20 d
3324 1723 16 19 is
3355 1725 90 24 catering
3457 1725 31 20 for
3496 1726 22 19 it.,
3528 1726 38 21 and

3020 1745 35 21 the
3063 1746 55 22 M.<\
3129 1747 41 21 will
3179 1748 41 20 also
3232 1748 23 21 be
3264 1756 38 13 one
3310 1749 22 21 of
3345 1750 44 21 that
3396 1750 59 27 body.
3484 1752 65 21 Given
3556 1761 12 12 a

3020 1774 40 21 fine
3076 1773 66 28 night,
3160 1782 27 14 an
3201 1777 59 20 extra
3274 1776 54 27 large
3347 1780 122 21 attendance
3486 1787 46 17 may
3544 1781 24 22 be

3017 1801 71 21 looked
3096 1802 39 21 for.

3043 1840 45 20 The
3103 1840 86 21 decision
3204 1841 35 21 has
3255 1841 50 22 been
3321 1843 59 26 given
3396 1844 20 21 in
3426 1845 36 21 the
3480 1848 88 21 nautical

3020 1867 85 27 enquiry
3124 1868 44 20 into
3186 1868 36 21 the
3240 1876 68 14 causes
3321 1870 21 21 of
3363 1871 35 20 the
3413 1874 65 20 wreck
3494 1874 22 21 of
3533 1875 35 20 the

3018 1895 114 24 Tasmania,
3151 1895 47 21 held
3212 1898 22 18 at
3252 1898 114 26 Auckland,
3379 1907 21 12 as
3410 1900 78 21 follows
3538 1903 30 20 Mr

3019 1921 97 27 Brabant,
3139 1923 43 20 who
3206 1924 113 21 conducted
3335 1926 35 20 the
3389 1928 92 26 enquiry,
3499 1937 45 19 says
3553 1942 14 3 -

3111 1949 87 22 decision
3217 1951 10 20 I
3250 1950 52 21 have
3323 1959 56 14 come
3397 1956 22 19 to
3436 1956 17 20 is
3469 1956 47 21 that
3535 1957 34 20 the

3018 1977 107 20 Tasmania
3163 1983 40 14 was
3240 1979 91 22 wrecked
3366 1980 28 26 by
3424 1983 83 21 careless
3530 1984 38 20 and

3017 2004 104 26 negligent
3128 2004 116 26 navigation
3257 2005 26 26 by
3290 2006 89 21 Thomas
3386 2008 84 22 M'Ghie
3480 2010 89 26 (master)

3017 2032 40 19 and
3076 2032 90 20 Percival
3184 2032 99 22 M'Grath
3304 2034 63 26 (third
3383 2037 89 25 rfficer);
3481 2038 46 21 »hat
3536 2039 33 21 the

3018 2059 121 20 certificates
3147 2059 21 20 of
3177 2060 49 21 each
3238 2060 24 21 be
3278 2062 115 25 suspended
3403 2064 31 20 for
3443 2065 30 20 six
3480 2066 89 26 months,

3017 2086 40 22 and
3067 2086 47 21 that
3123 2086 36 22 the
3168 2088 80 26 captain
3259 2088 24 22 be
3293 2089 85 23 ordered
3392 2092 22 20 to
3424 2098 39 21 p»v
3473 2093 36 21 the
3518 2101 33 14 cos
3562 2102 7 13 s

3017 2114 21 21 of
3055 2114 37 21 the
3109 2115 94 26 enquiry,
3213 2115 38 21 but.
3265 2119 37 18 not
3316 2118 22 19 to
3354 2119 75 21 exceed
3446 2119 63 24 JEIOP.
3535 2122 34 26 My

3016 2149 98 13 assessors
3123 2149 74 14 concur
3206 2143 21 20 in
3236 2143 42 21 (his
3284 2144 95 22 decision.

3042 2182 50 21 Miss
3102 2182 61 21 Ethel
3179 2182 116 28 Benjamin,
3313 2184 45 21 who
3372 2187 36 19 not
3419 2185 47 28 long
3476 2194 37 19 ago
3532 2195 37 13 was

3017 2209 100 22 admitted
3136 2217 22 14 as
3180 2217 11 14 a
3211 2210 98 22 barrister
3327 2213 39 20 and
3386 2213 90 22 solicitor
3500 2215 22 21 of
3535 2216 34 20 the

3014 2237 100 26 Supreme
3124 2237 65 21 Court
3198 2238 22 20 of
3237 2238 52 20 New
3298 2239 96 26 Zealand,
3412 2242 58 21 made
3481 2242 36 20 her
3527 2243 42 21 first

3015 2265 131 26 professional
3152 2272 125 20 appearance
3283 2269 23 19 At
3314 2267 37 21 the
3359 2267 139 28 Magistrate's
3506 2270 62 22 Court

3015 2291 40 22 last
3073 2293 83 27 Friday,
3173 2293 61 25 being
3251 2295 108 26 employed
3379 2296 26 22 bv
3424 2297 36 21 the
3480 2298 89 25 plaintiff

3013 2319 21 22 in
3050 2326 26 15 an
3091 2321 67 21 action
3168 2321 32 21 for
3210 2322 36 20 the
3262 2327 96 22 recovery
3376 2324 22 20 of
3412 2331 12 14 a
3441 2324 56 23 debt.
3526 2326 43 21 The

3013 2349 61 19 event
3084 2354 40 14 was
3134 2355 11 14 a
3158 2349 113 20 somewhat
3281 2349 122 28 interesting
3420 2358 39 14 one
3470 2352 53 21 from
3534 2354 27 19 tin-

3013 2373 42 23 fact
3065 2375 47 21 that
3123 2376 16 22 it
3154 2383 41 14 was
3205 2377 35 21 the
3251 2375 46 23 first
3314 2379 91 20 occaaiou
3417 2386 54 21 upon
3484 2380 64 22 which
3558 2389 10 12 a

3013 2402 47 27 lady
3067 2403 75 26 lawyer
3151 2411 80 18 appear-
3238 2406 12 20 d
3259 2412 20 13 as
3286 2406 79 20 council
3373 2407 20 20 in
3403 2414 40 19 any
3451 2415 45 13 case
3504 2408 20 21 in
3535 2409 34 20 the

3013 2429 82 28 Empire
3109 2438 5 19 ;
3123 2431 97 27 although
3231 2432 50 22 Miss
3292 2433 107 27 Benjamin
3407 2434 39 22 had
3455 2435 113 27 absolutely

3012 2464 26 14 no
3056 2458 117 23 difficultifs
3192 2461 22 20 to
3232 2461 89 22 contend
3341 2461 50 22 with
3401 2462 45 27 (the
3454 2470 45 15 case
3510 2463 59 26 being

3013 2486 48 20 undt
3068 2486 91 27 fended),
3170 2488 35 21 she
3216 2488 66 26 might,
3300 2489 90 27 possibly
3401 2491 72 25 regard
3489 2491 17 21 it
3516 2498 21 13 as
3547 2492 22 20 of

3010 2513 50 24 good
3076 2521 59 14 omer
3155 2516 46 20 that
3210 2516 37 21 she
3259 2523 38 14 was
3307 2524 25 13 on
3340 2517 36 21 the
3387 2518 89 24 winning
3490 2519 77 21 side.—

3037 2578 44 21 Our
3095 2578 109 22 Lawrence
3222 2580 165 29 correspondent,
3399 2582 84 28 writing
3491 2585 66 26 yester-

3011 2606 47 26 day,
3069 2607 114 25 says—The
3193 2613 71 16 return
3275 2608 84 22 football
3368 2610 78 28 match,
3459 2613 108 21 Lawrence

3011 2641 13 13 v
3045 2634 96 26 Waipori,
3154 2641 40 14 w*s
3203 2636 74 26 played
3286 2644 26 13 on
3319 2637 36 21 the
3363 2638 79 21 latter's
3453 2640 78 25 ground
3542 2648 25 14 on

3013 2662 128 31 Wednesday
3151 2664 114 26 aftetuoon,
3276 2664 101 27 resulting
3387 2665 19 21 in
3420 2673 10 13 a
3440 2667 38 21 win
3490 2667 31 22 for
3532 2669 36 21 the

3010 2689 82 21 visitors
3103 2690 27 26 by
3144 2690 13 21 4
3175 2692 68 26 points
3258 2692 81 26 (potted
3361 2693 53 26 goal)
3429 2695 80 21 neither
3525 2697 43 21 side

3010 2718 79 23 scoring
3099 2725 12 12 a
3120 2719 41 25 try.
3189 2719 43 20 The
3248 2726 58 19 game
3316 2727 41 13 was
3368 2728 11 13 a
3387 2728 47 20 very
3446 2723 64 25 rough
3521 2732 45 18 one,

3010 2747 41 18 two
3062 2745 21 20 of
3094 2744 35 21 the
3140 2745 106 23 Lawrence
3258 2747 79 26 players
3359 2749 108 27 managing
3479 2753 21 19 to
3511 2759 56 14 come

3009 2772 61 22 home
3078 2772 88 22 without
3173 2780 40 21 any
3223 2774 57 22 mark
3293 2775 52 22 from
3358 2775 36 23 the
3406 2778 89 27 conflict,
3507 2779 60 22 while

3009 2801 43 20 two
3058 2800 22 22 of
3089 2800 36 22 the
3136 2801 92 28 Waipori
3239 2802 79 27 players
3333 2810 54 16 were
3402 2806 99 27 seriously
3509 2807 56 27 hurt,

3008 2835 38 13 one
3066 2829 60 26 heing
3150 2829 88 24 brought
3257 2831 44 21 into
3318 2832 36 20 the
3372 2832 96 27 Hospital
3488 2835 49 21 with
3554 2843 10 13 a

3009 2855 112 21 dislocated
3130 2856 104 27 Nhoulder,
3244 2858 36 20 the
3294 2859 62 20 other
3369 2859 75 26 having
3459 2863 22 18 to
3496 2864 61 19 retire

3010 2883 123 27 principally
3142 2885 66 25 owing
3224 2887 22 19 to
3263 2885 54 22 their
3333 2893 46 14 own
3397 2888 45 21 rash
3460 2890 47 25 plav
3525 2892 39 19 and

3011 2910 82 27 coming
3104 2911 45 22 into
3158 2911 90 22 collision
3257 2913 49 21 with
3318 2914 48 21 each
3377 2914 60 23 other
3473 2911 90 28 A'match

3009 2938 110 21 Lawrence
3129 2945 20 15 t.
3161 2939 82 27 Milton,
3253 2940 42 21 will
3307 2942 23 19 be
3342 2942 73 25 played
3426 2950 26 14 on
3461 2944 37 21 the
3514 2945 49 21 local

3009 2966 112 20 recreation
3131 2966 79 26 ground
3220 2973 25 14 on
3255 2968 103 26 Saturday
3368 2969 117 25 afternoon.

3034 3003 94 21 Another
3137 3005 33 20 old
3180 3005 83 26 pioneer
3277 3006 70 27 digger
3359 3008 21 21 in
3397 3008 37 21 the
3451 3016 72 19 per»on
3543 3011 22 22 of

3035 3031 82 21 Charlie
3234 3034 44 20 who
3293 3034 36 21 has
3345 3034 48 22 been
3410 3043 11 14 a
3438 3038 90 21 resident
3542 3039 21 21 in

3010 3059 42 21 this
3067 3059 82 21 district
3163 3060 32 21 for
3211 3068 49 13 over
3283 3062 66 26 thirty
3365 3071 66 19 years,
3446 3066 68 25 joined
3528 3067 37 20 the

3010 3085 95 28 majority
3116 3086 40 22 last
3165 3088 75 26 Friday
3255 3089 94 27 morning
3386 3091 31 21 He
3428 3099 39 14 was
3477 3097 86 23 seventy

3009 3121 57 19 years
3076 3114 22 21 of
3106 3121 43 19 age,
3160 3116 41 19 and
3210 3118 53 19 most
3272 3116 22 21 of
3304 3117 31 20 his
3345 3118 49 21 time
3405 3119 19 20 in
3436 3120 35 20 the
3481 3120 82 23 district,

3010 3142 26 21 he
3046 3144 60 25 spent
3121 3149 49 15 over
3180 3142 35 23 the
3229 3143 40 22 Old
3285 3144 47 22 Man
3346 3145 70 26 Range
3435 3146 82 29 looking
3532 3149 31 21 for

3010 3170 54 23 gold.
3093 3170 34 21 He
3139 3179 40 13 was
3187 3179 39 14 one
3236 3172 21 21 of
3266 3172 36 21 the
3319 3175 50 24 type
3385 3174 21 20 of
3420 3175 79 26 diggers
3516 3184 46 13 now

3009 3198 41 19 fast
3060 3199 82 24 passing
3154 3206 64 18 away,
3230 3200 64 24 hardy
3308 3200 40 20 aud
3358 3201 147 28 adventuious,
3521 3204 40 20 and

3010 3224 25 21 he
3045 3226 43 19 met
3100 3224 49 22 with
3161 3227 85 25 vaiying
3255 3226 92 21 fortunes
3356 3226 74 28 during
3445 3228 31 22 his
3485 3236 75 21 career,

3010 3252 75 28 having
3093 3252 79 28 always
3180 3253 39 23 had
3231 3254 79 27 enough
3319 3254 22 22 of
3351 3254 35 22 the
3396 3256 91 26 precious
3497 3258 62 21 metal

3008 3281 22 19 to
3055 3281 52 25 keep
3133 3281 42 21 him
3194 3283 167 26 independently,
3390 3283 33 21 He
3441 3291 40 14 was
3499 3292 61 14 never

3008 3308 96 26 married,
3116 3309 40 21 and
3168 3309 40 22 had
3219 3317 26 14 no
3254 3310 93 21 relatives
3358 3310 20 21 in
3388 3310 41 22 this
3435 3312 78 27 colony,
3522 3313 38 21 but

3008 3335 26 21 he
3045 3335 36 21 has
3093 3343 56 14 some
3156 3337 96 26 nephews
3259 3337 21 21 in
3286 3338 100 26 Malvern,
3394 3338 99 22 Victoria.
3521 3340 38 21 His

3009 3363 80 21 funeral
3103 3364 49 20 took
3171 3366 56 25 place
3243 3372 26 14 on
3287 3365 89 26 Sunday,
3396 3366 40 21 and
3455 3374 39 13 was
3513 3367 45 21 well

3007 3391 107 23 attended.
3143 3392 34 22 Mr
3199 3393 23 22 C.
3251 3393 78 26 Cooper
3356 3393 47 22 read
3426 3393 36 22 the
3491 3394 65 22 burial

3006 3418 81 22 service.

3033 3457 30 21 At
3084 3457 36 22 the
3134 3458 135 27 Magistrate's
3289 3459 64 21 Court
3371 3466 25 14 on
3419 3459 134 28 Wednesday,

3007 3484 69 23 before
3082 3486 73 22 Messrs
3161 3487 22 22 J.
3191 3487 77 21 Burton
3278 3487 39 21 aDd
3327 3487 25 22 D.
3359 3485 107 29 CormacK,
3473 3487 40 22 J.'s
3523 3488 30 26 P.,

3007 3513 56 21 John
3070 3514 81 27 Currie,
3159 3515 48 20 alias
3214 3514 54 21 John
3279 3514 76 27 Lynch,
3362 3515 40 20 and
3409 3515 77 20 Robert
3493 3516 60 20 Allen

3008 3547 51 14 were
3074 3541 86 25 charged
3177 3542 49 19 with
3242 3542 73 25 having
3324 3549 25 13 on
3360 3542 96 26 Monday,
3464 3542 36 21 the
3505 3543 48 20 20th

3007 3567 56 27 inst.,
3074 3567 65 21 stolen
3147 3568 52 21 from
3209 3575 12 13 a
3230 3568 45 21 tent
3284 3575 24 14 on
3315 3568 72 21 Teviot
3393 3568 75 21 station
3474 3576 12 13 a
3493 3569 60 22 silver

3006 3594 59 22 chain
3084 3595 39 21 and
3138 3603 12 13 a
3168 3595 85 22 number
3265 3595 21 21 of
3303 3596 59 20 other
3379 3596 87 26 articles,
3483 3598 21 19 to
3518 3597 35 21 the

3005 3622 60 20 value
3075 3622 21 20 of
3106 3622 28 20 £2
3139 3623 30 25 4s,
3183 3622 107 26 belonging
3297 3624 22 19 to
3328 3623 55 20 Vui.
3393 3624 44 20 Jas.
3447 3624 105 25 Gunning.

3005 3649 42 20 The
3057 3651 118 25 prosecutor
3183 3649 40 21 and
3232 3649 50 22 both
3291 3650 83 21 accused
3386 3657 51 14 were
3446 3651 107 27 employed

3004 3683 22 13 as
3035 3676 99 21 rabbiters
3145 3684 25 13 on
3186 3677 35 20 the
3231 3677 81 26 station,
3326 3685 38 13 am.
3375 3685 52 14 were
3436 3679 84 25 camped
3532 3678 21 21 in

3004 3702 35 21 the
3048 3709 54 15 same
3119 3705 52 20 tent.
3199 3704 43 21 The
3252 3705 95 22 evidence
3362 3704 21 21 of
3392 3704 35 22 the
3437 3707 116 23 prosecutor

3002 3730 40 21 and
3056 3729 110 22 Constable
3185 3731 73 26 Fouhy
3279 3732 81 21 showed
3376 3732 45 21 that
3434 3732 36 21 the
3488 3733 61 25 goods

3003 3758 123 26 mentioned,
3158 3758 65 21 which
3256 3760 39 20 had
3315 3759 51 22 been
3398 3760 103 21 identified
3526 3760 26 26 by

3002 3786 117 24 prosecutor
3132 3793 22 13 as
3166 3786 30 21 his
3207 3790 104 23 property,
3326 3794 52 14 were
3385 3788 60 20 taken
3455 3787 52 21 from
3517 3788 35 20 the

2991 3807 1 34 j
3001 3812 35 21 the
3044 3814 45 19 tent
3095 3812 26 27 by
3131 3814 86 22 accused
3228 3815 88 21 without
3324 3814 30 22 his
3369 3815 112 25 authority.
3509 3815 43 21 The

3001 3840 67 22 Bench
3081 3841 85 22 decided
3183 3843 20 19 to
3213 3843 83 21 commit
3306 3843 48 21 both
3366 3843 83 21 accused
3460 3843 31 21 for
3506 3843 46 21 trial

2999 3871 21 16 at
3039 3869 34 18 the
3091 3873 50 16 next
3171 3870 70 25 sitting
3253 3871 22 19 of
3300 3871 35 19 the
3360 3871 98 24 Supreme
3479 3871 71 25 Court,

2999 3894 103 22 Dunedin.

3023 3934 42 22 The
3075 3941 60 19 many
3145 3935 76 21 friends
3232 3936 22 20 of
3264 3936 31 20 Mr
3315 3936 24 21 B.
3354 3936 79 21 Brooks
3448 3937 39 20 will
3503 3936 49 22 hear

2998 3963 49 21 with
3058 3966 66 21 regret
3131 3963 22 20 of
3162 3963 35 21 the
3209 3964 61 20 death
3281 3963 22 21 of
3319 3964 31 20 his
3362 3965 51 21 wife,
3427 3965 65 21 which
3503 3965 47 20 took

2999 3991 54 25 phice
3068 3993 22 17 at
3105 3990 35 20 the
3155 3991 101 20 residence
3273 3991 22 19 of
3317 3992 33 19 Mr
3370 3993 23 19 B.
3414 3992 96 25 Whiting
3525 3999 25 13 on

2997 4017 85 27 Sunday
3091 4017 99 26 morning.
3218 4018 41 20 The
3269 4017 41 21 late
3324 4018 42 20 Mrs
3376 4019 84 23 Brooks,
3475 4026 11 13 a
3503 4019 47 26 lady

2998 4045 45 21 who
3058 4054 38 12 was
3106 4045 70 26 highly
3190 4046 104 24 respected
3305 4045 21 21 in
3346 4046 41 20 this
3404 4047 87 26 district,
3510 4054 40 14 was

2996 4073 36 20 the
3042 4073 86 25 daugter
3138 4073 20 20 of
3174 4073 33 20 Mr
3214 4072 60 22 Tho?.
3285 4073 91 26 Rankin,
3386 4074 22 20 of
3426 4073 121 27 Wyndham.

2996 4100 39 20 She
3062 4101 39 19 had
3124 4101 49 20 been
3196 4100 62 26 ailing
3281 4100 32 20 for
3341 4107 55 13 some
3420 4101 49 20 time
3497 4101 51 20 from

2995 4128 149 25 consumption,
3156 4127 64 21 which
3231 4134 39 13 was
3283 4127 34 20 the
3328 4135 58 13 cause
3396 4128 22 20 of
3435 4127 37 21 her
3478 4127 67 21 death.

2997 4155 60 21 Much
3064 4155 110 26 sympathy
3181 4155 16 22 is
3205 4155 37 21 felt
3249 4155 30 20 for
3289 4155 19 20 M
3313 4162 9 13 r
3332 4155 82 23 Brooks,
3425 4155 45 21 who
3476 4155 15 21 is
3500 4155 48 21 thus

2995 4183 76 27 doubly
3084 4183 105 26 bereaved,
3200 4183 74 26 having
3294 4183 91 26 recently
3402 4183 43 20 also
3460 4183 40 21 lost
3516 4183 31 21 his

2994 4210 48 25 only
3067 4210 63 21 child.
3172 4211 31 19 He
3230 4217 38 12 was
3298 4210 68 19 absent
3396 4213 22 16 at
3445 4210 100 25 Rangiorn

2995 4236 144 25 (Canterbury)
3148 4239 21 17 at
3176 4236 36 20 the
3222 4236 50 20 time
3281 4236 24 20 of
3312 4236 30 20 his
3353 4236 63 20 wife's
3427 4236 69 26 death,
3507 4237 38 19 and

2993 4264 49 26 only
3047 4263 79 20 arrived
3136 4264 21 19 in
3167 4264 49 21 time
3226 4266 21 17 to
3293 4267 82 19 present
3383 4266 23 17 at
3412 4263 35 20 the
3458 4263 87 22 funeral.

2997 4291 31 22 Mr
3037 4291 78 22 Rankin
3125 4292 40 21 and
3176 4293 42 20 two
3226 4291 22 21 of
3254 4291 32 22 his
3294 4296 47 16 sous
3355 4298 52 14 were
3416 4292 42 20 also
3465 4294 80 24 present

2993 4322 21 17 at
3024 4320 35 20 the
3079 4320 87 26 funrr.il,
3182 4319 67 20 whirh
3265 4320 48 20 tonk
3330 4319 57 25 place
3407 4327 23 12 on
3445 4320 98 23 Tuesday.

2993 4346 42 21 Tho
3045 4347 51 20 Rev.
3106 4347 33 20 Mr
3150 4347 80 25 Hooper
3240 4346 113 21 conducted
3374 4346 35 20 the
3427 4347 85 20 services
3523 4349 22 18 at

2992 4374 35 21 the
3036 4381 67 19 grave.

3110 4447 177 43 Cromwell
3315 4449 132 57 Notes.

3126 4527 63 25 (Own
3203 4527 205 25 Correspondent.)

3015 4566 43 21 The
3074 4565 37 26 dry
3131 4566 88 22 weather
3229 4565 42 22 still
3281 4565 92 26 prevails,
3384 4566 40 21 and
3441 4565 97 26 although

2990 4602 68 26 spring
3079 4602 17 20 is
3118 4601 45 21 well
3186 4608 34 20 on,
3232 4602 36 20 the
3287 4600 76 26 ground
3382 4601 36 20 has
3440 4607 45 14 now
3504 4600 34 21 the

2989 4642 123 20 appearance
3118 4635 22 22 of
3149 4638 95 19 autumn.
3260 4635 51 22 Rain
3321 4635 17 21 is
3346 4635 111 26 anxiously
3467 4633 71 22 looked

2992 4671 37 24 f»r,
3040 4678 22 13 as
3071 4671 16 21 it
3097 4671 15 21 is
3121 4671 68 21 feared
3200 4671 58 21 there
3268 4670 41 22 Will
3320 4670 25 22 be
3360 4677 11 14 a
3389 4669 89 27 drought
3492 4669 40 21 this

2989 4712 76 15 season.

3013 4739 61 21 News
3089 4747 40 13 was
3144 4740 92 22 receivwl
3251 4741 20 20 in
3281 4740 35 22 the
3326 4741 52 20 town
3389 4738 40 22 this
3441 4739 92 26 morning

2988 4772 22 21 of
3018 4772 35 21 the
3062 4772 61 23 death
3135 4773 23 22 of
3170 4773 32 22 Mr
3211 4775 27 21 A.
3248 4774 21 21 Y
3295 4773 109 25 Johnston,
3423 4772 44 22 who
3485 4772 48 22 died

2987 4807 75 26 during
3071 4809 35 19 the
3114 4809 61 25 night
3184 4809 56 25 quite
3253 4809 99 25 suddenly
3370 4810 21 19 at
3408 4809 32 20 his
3457 4807 38 21 hut
3506 4814 24 14 on

2987 4841 36 20 the
3032 4842 64 26 Clyde
3106 4843 56 21 road.
3191 4844 33 20 An
3234 4843 81 27 inquest
3325 4843 40 21 will
3376 4842 96 28 probably
3483 4842 47 21 take

2987 4875 62 26 place.

3010 4911 43 21 The
3064 4912 111 25 adjourned
3187 4913 73 20 annual
3273 4913 88 23 meetin?
3375 4913 22 20 of
3412 4913 35 21 the
3464 4913 69 25 Upper

2985 4945 75 21 Clutha
3075 4947 25 20 A.
3112 4947 39 20 and
3169 4947 21 21 P.
3203 4947 127 21 Association
3345 4954 40 13 was
3399 4947 47 20 held
3462 4946 19 21 in
3500 4946 35 21 tl>e

2985 4978 49 21 local
3046 4978 84 22 Council
3140 4979 111 21 Chambers
3264 4986 25 14 on
3300 4979 75 23 Friday
3384 4979 44 25 last,
3441 4979 39 21 and
3492 4986 38 13 was

2985 5012 44 21 well
3039 5014 105 22 attended.
3173 5014 42 21 The
3226 5014 81 21 balance
3319 5014 58 21 sheet
3386 5022 38 13 was
3434 5014 47 21 read
3492 5013 38 22 and

2982 5049 95 26 adopted.
3117 5050 44 20 The
3182 5049 104 26 following
3311 5049 144 22 office-bearers
3479 5056 51 14 were

2982 5084 227 25 elected:-President,
3234 5085 32 19 Mr
3293 5084 29 22 M.
3352 5084 99 25 FTeaney;
3478 5085 50 20 vie*-

2982 5118 120 26 presidents,
3123 5120 74 19 Messrs
3217 5119 119 25 Mountney,
3357 5118 112 26 M'lntosh,
3488 5119 39 20 and

2980 5153 64 27 Olds;
3057 5157 102 24 secretary
3170 5155 39 20 and
3220 5156 108 23 treasurer,
3340 5154 32 21 Mr
3384 5154 21 22 J.
3416 5155 94 21 Solomon
3525 5161 5 20 ;

2980 5189 89 27 auditor,
3081 5190 33 21 Mr
3123 5191 24 20 A.
3159 5190 132 21 Warhurton.
3309 5190 223 21 Committee—Messrs

2980 5223 22 21 J.
3011 5223 72 27 Kerin,
3093 5224 24 21 D.
3128 5224 25 20 A.
3166 5223 64 26 Jolly,
3238 5224 22 20 T.
3271 5223 161 26 M'Cracken,o.
3442 5224 89 27 Holden,

2980 5259 26 21 A.
3018 5257 79 27 Schieb,
3109 5258 34 21 W.
3165 5258 21 21 S.
3207 5257 97 26 Laid'nw,
3324 5257 25 22 R.
3368 5257 115 28 M'Gregor,
3502 5259 28 21 M.

2979 5294 89 26 Ritchie,
3090 5293 24 22 J.
3140 5292 115 27 M'Kenzie,
3277 5293 30 22 W.
3328 5293 104 27 Richards,
3453 5294 21 21 J.
3496 5295 35 23 W.

2980 5327 97 25 Perrinm,
3097 5326 29 22 H.
3148 5325 112 26 Partridge.
3276 5326 21 22 J.
3316 5326 68 27 Kane,
3406 5327 22 21 J.
3450 5328 82 26 M'Rae,

2978 5353 22 22 J.
3019 5353 67 26 Horn,
3104 5353 44 22 Jas.
3171 5353 89 27 Ritchie,
3272 5354 28 22 M.
3311 5354 121 22 M'Lennan.
3462 5355 21 21 It
3493 5364 39 13 was

2980 5381 82 21 decided
3077 5385 21 17 to
3114 5381 48 21 hold
3176 5381 35 21 the
3222 5381 56 22 show
3287 5389 25 13 on
3324 5382 31 21 Ist
3365 5382 119 28 December,
3495 5384 34 21 the

2980 5409 55 26 prize
3045 5415 72 20 money
3124 5409 120 26 amounting
3250 5411 22 19 to
3281 5409 29 22 £(5
3310 5409 20 22 O.

3004 5435 43 21 The
3057 5442 127 19 programme
3192 5436 23 20 of
3227 5437 35 20 the
3279 5437 108 21 Cromwell
3406 5438 121 21 Caledonian

2978 5463 82 25 Society
3070 5463 32 19 for
3111 5463 35 19 9th
3157 5463 119 21 November
3295 5465 17 19 is
3325 5466 44 24 out,
3389 5465 38 20 and
3443 5466 58 25 given
3520 5473 10 12 a

2978 5489 52 26 good
3048 5489 40 27 day
3111 5489 41 22 this
3176 5491 90 26 meeting
3285 5491 64 21 ou<:ht
3367 5494 22 19 to
3406 5491 25 21 be
3445 5499 12 14 a
3474 5496 56 22 great,

2978 5524 86 15 success.
3091 5517 66 22 There
3166 5524 34 15 are
3210 5518 24 21 15
3253 5521 77 24 events,
3350 5518 42 21 also
3409 5526 11 14 a
3439 5520 53 25 prize
3508 5520 22 21 of

2978 5547 41 18 two
3034 5546 83 25 guineas
3138 5545 33 22 for
3190 5545 35 22 the
3244 5546 46 21 best
3309 5547 57 25 piper
3387 5547 19 20 in
3427 5548 103 26 Highland

2978 5575 98 19 costume.
3104 5573 65 21 There
3184 5580 34 14 are
3236 5574 38 21 five
3293 5574 75 25 bicycle
3384 5581 54 14 races
3454 5583 25 13 on
3495 5576 36 21 the

2978 5607 135 19 programme,
3124 5601 40 21 and
3180 5602 10 20 I
3206 5602 52 24 hope
3271 5604 22 18 to
3308 5609 32 14 ae«
3358 5602 112 26 Roxburgh
3483 5604 43 19 well

2979 5628 137 27 represented,
3128 5636 22 14 as
3159 5629 10 21 I
3177 5629 49 22 hear
3232 5629 49 21 both
3292 5629 66 27 Clyde
3363 5630 40 21 aud
3413 5630 116 22 Alexandra

2978 5655 71 21 int*ud
3058 5658 22 18 to
3090 5656 32 22 be.

3003 5682 33 21 Mr
3046 5683 32 22 W.
3091 5684 143 26 MatliPSon,of
3239 5684 73 22 Tnvfrc
3319 5684 59 26 irgill,
3390 5684 16 22 is
3413 5685 115 21 advertised

2978 5712 23 19 to
3020 5710 45 26 giv®
3084 5711 32 21 his
3133 5712 117 21 illustrated
3271 5713 77 20 Jecure
3370 5713 160 21 entertainment
3537 5710 1 35 j

3003 5738 73 21 Round
3091 5739 37 21 the
3244 5741 22 19 at
3276 5739 149 22 Bnnnockbum
3440 5741 89 25 to-night
3537 5737 1 29 i

2977 5765 40 21 and
3039 5765 108 23 Cromwell
3170 5769 117 20 to-morrow
3308 5767 65 27 night.
3401 5767 40 24 His
3467 5768 61 22 latest

3591 182 89 26 novelty,
3691 184 103 24 acatylene
3805 191 40 20 gas,
3859 186 41 21 will
3910 185 104 22 doubtless
4025 186 24 21 be
4054 193 11 14 a
4075 187 58 26 great
4144 187 5 11 1

3591 218 118 22 attraction.

3616 250 42 21 The
3679 250 86 21 football
3779 252 77 22 match,
3873 252 91 22 Vincent
3982 261 20 13 r.
4018 250 121 28 Mfiniot»to,
4150 258 5 11 *

3592 285 124 21 eventuated
3741 285 40 22 last
3805 287 103 27 Satardiy
3932 290 23 19 at
3978 289 31 21 St.
4037 288 99 26 Bathan*,
4146 293 5 9 '■

3592 320 99 27 resulting
3703 321 22 21 in
3738 328 12 14 a
3760 321 130 23 draw-both
3906 320 45 28 team
3962 320 12 28 3
3985 320 11 28 8
4012 324 74 24 points.
4097 320 4 28 '
4118 324 21 21 It
4152 320 3 28 ;

3593 360 39 14 was
3641 360 12 14 a
3662 354 93 26 splendid
3764 361 65 20 game,
3835 356 11 21 1
3856 357 96 27 beleieve,
3962 358 38 21 hud
4008 365 48 19 very
4064 359 72 26 evenly

3593 388 112 22 contested.

3617 423 104 26 Dredging
3743 424 16 21 is
3780 432 50 16 verr
3849 426 57 26 quiet
3927 426 49 21 here
4001 429 22 19 at
4048 430 90 24 preson*.
4148 433 6 9 *

3593 458 114 27 Partridges
3716 460 39 20 and
3764 460 54 21 Oo.'s
3826 468 63 19 spoon
3897 461 74 27 dredge
3978 461 36 22 has
4021 462 49 21 been
4079 463 60 22 taken
4150 458 3 30 '

3592 494 30 20 off
3631 494 35 21 the
3675 495 217 22 river.—Crookstou's
3901 497 74 26 dredge
3988 498 16 20 is
4014 499 82 26 waiting
4105 499 32 21 for

3593 535 12 14 a
3614 528 38 22 rise
3661 529 20 21 in
3690 530 35 21 tNe
3736 530 52 21 river
3795 535 21 17 to
3823 537 56 16 come
3887 532 59 22 down
3954 533 39 21 and
4003 541 25 19 go
4037 541 24 14 on
4073 535 21 20 to
4105 535 36 21 the
4155 528 2 32 '

3591 565 60 21 claim
3671 566 65 20 below
3758 567 35 21 the
3807 569 150 20 town.—News
3979 570 53 20 from
4052 570 90 27 M'Lty's
4153 568 6 14 *

3592 600 74 26 dredge
3676 601 16 20 is
3701 608 49 20 very
3767 609 85 20 meagre,
3866 602 40 22 but'
3928 603 9 21 I
3948 603 57 21 dor.'t
4019 605 61 21 think
4096 605 49 27 tl:ey

3591 642 35 14 are
3635 635 59 27 doing
3702 644 11 13 a
3728 644 47 19 very
3782 640 56 22 great
3847 638 52 22 deal.
3927 639 50 20 This
3986 639 18 20 is
4015 646 11 13 a
4035 646 49 20 veiy
4092 641 52 25 grim
4150 650 10 17 /

3592 669 46 23 look
3645 673 37 19 out
3690 670 32 22 for
3728 671 36 21 the
3776 671 137 23 Olu'hariver
3920 679 23 15 so
3957 673 136 28 far.—Hotop
4100 674 40 21 and

3593 707 74 27 party's
3682 708 74 26 dredge
3767 708 34 20 has
3812 712 37 17 not
3855 709 85 24 started,
3955 709 38 21 but
4007 709 11 21 I
4035 709 77 22 believe
4122 711 17 20 it

3591 744 16 20 is
3624 743 83 26 nearing
3713 744 204 26 completion.—The
3927 744 89 22 Electric
4025 744 41 23 No.
4081 744 13 23 2
4111 746 34 21 hni
4154 741 7 15 *

3591 779 49 21 been
3655 779 41 21 laid
3706 786 28 19 up
3744 779 61 28 lately
3814 779 34 21 for
3857 780 139 27 overhauling,
4011 781 38 21 but
4061 782 77 21 started
4148 775 5 16 1

3591 814 58 26 again
3660 813 39 22 last
3708 814 84 27 Sunday
3802 814 68 24 night.

3616 847 52 24 22nd
3677 847 128 28 September.
3815 848 56 22 1897.

3748 923 237 52 Cablegrams.

3710 1003 41 21 AN
3765 1002 178 23 INFURIATED
3956 1003 67 23 MOB.
4117 1021 10 13 ,

3860 1031 96 25 Mexico,
3962 1031 120 26 September
4088 1032 31 22 19.
4130 1031 3 26 •

3617 1056 43 20 The
3678 1057 47 20 m«>b
3741 1056 63 22 broke
3821 1058 36 20 the
3872 1059 44 25 gaol
3932 1059 67 21 where
4009 1059 35 20 the
4064 1059 74 21 Italian

3595 1083 79 22 Diamio
3694 1085 54 23 (who
3765 1092 39 13 was
3818 1085 90 22 arrested
3927 1085 33 22 for
3977 1093 26 14 an
4012 1087 89 26 attempt
4121 1089 20 18 to
4155 1083 2 30 ■

3593 1113 118 20 assassinate
3722 1113 35 19 the
3765 1112 112 28 President,
3885 1113 87 22 General
3983 1114 58 25 Diaz)
4049 1121 40 14 wa«
4095 1121 35 14 con-

3597 1140 62 23 fined.
3685 1140 56 27 They
3751 1141 65 21 seized
3826 1141 35 21 the
3868 1142 90 25 prisoner
3967 1142 40 21 and
4015 1141 77 22 hacked
4100 1141 42 23 him

3595 1171 21 17 to
3632 1168 66 27 pieces
3708 1168 49 21 with
3777 1169 77 21 knives.
3882 1169 21 22 It
3912 1169 36 21 has
3966 1170 54 21 since
4038 1170 50 21 been
4103 1169 30 22 dis-

3594 1195 84 21 covered
3694 1195 45 21 that
3758 1196 80 21 Diamio
3856 1203 39 14 was
3913 1200 37 17 not
3967 1197 69 22 armed
4048 1197 40 22 and
4100 1204 39 13 wan

3594 1222 69 21 drunk
3681 1223 58 20 when
3758 1223 25 20 he
3800 1224 70 20 struck
3885 1224 36 20 the
3938 1224 107 21 President
4061 1231 25 14 on
4108 1225 34 20 the

3593 1250 58 21 back.

3671 1289 187 23 BALLOONING
3873 1290 35 22 TO
3921 1291 58 22 THE
3992 1292 77 22 POLE.

3848 1318 99 27 Lo.vj.ON,
3954 1319 119 25 September
4085 1320 30 21 18.
4130 1318 3 27 •

3619 1344 18 21 A
3654 1351 89 19 message
3753 1344 90 22 received
3853 1346 26 25 by
3889 1345 78 22 Renter
3976 1350 62 17 states
4047 1346 44 21 that
4106 1348 35 19 the

3592 1372 81 21 balloan
3690 1372 20 21 in
3722 1371 64 23 whieh
3803 1372 31 21 Dr
3844 1372 81 22 Andree
3935 1374 39 21 left
3982 1373 32 22 for
4026 1373 35 22 the
4072 1374 67 22 North

3594 1400 48 21 Pole
3659 1407 40 14 was
3713 1400 82 25 sighted
3814 1402 23 19 at
3854 1400 115 28 Yeniseisk,
3987 1401 20 22 in
4022 1401 84 28 Siberia,
4117 1409 26 14 on
4155 1402 5 13 1

3592 1428 119 26 September
3722 1428 30 21 14.

3623 1467 59 23 THE
3696 1467 109 23 INDIAN
3818 1467 144 23 FRONTIER
3973 1462 155 29 TROUBLE.'-

3818 1496 123 26 €alguTTA,
3951 1496 121 27 September
4085 1498 30 20 18.

3619 1523 62 20 After
3699 1523 80 25 driving
3798 1524 35 19 the
3851 1524 121 19 Mohtnands
3991 1525 21 18 to
4030 1523 38 21 the
4086 1524 53 24 hills,

3593 1548 84 21 Colonel
3688 1549 80 26 .Jeffrey
3781 1549 86 27 retired,,
3880 1548 59 28 being
3954 1550 147 21 outnumbered
4115 1550 27 27 by

3596 1576 35 22 the
3661 1583 80 21 enemy.
3773 1577 43 22 The
3848 1576 120 23 Mohnxuida
3996 1577 145 28 subsequently
4157 1576 4 29 '

3593 1605 89 26 repelled
3701 1612 13 13 a
3731 1606 80 24 cavairy
3834 1605 72 25 charge
3928 1605 39 20 and
3990 1607 115 19 surounded
4129 1614 12 12 a

3593 1638 99 20 company
3701 1632 25 22 «>f
3734 1632 50 20 Sikh
3794 1631 81 27 guides,,
3882 1632 36 20 but
3932 1631 36 21 the
3977 1632 80 25 cavalry
4068 1633 28 19 nil
4100 1633 38 20 lied
4153 1632 5 8 '

3593 1659 41 21 and
3651 1661 64 25 swept
3732 1659 36 21 the
3787 1665 72 20 enemy
3877 1658 58 27 back,
3952 1658 118 28 destroying
4087 1660 54 21 their
4160 1658 3 28 '

3593 1689 78 19 towers.

3623 1714 94 21 Another
3725 1720 98 19 company
3833 1713 21 21 of
3864 1713 60 21 Sikhs
3935 1720 51 14 were
3997 1713 49 22 hard
4061 1716 79 25 pressed
4157 1713 4 28 •

3597 1741 38 21 and
3648 1741 58 21 short
3715 1742 22 19 of
3744 1741 145 25 ammunition,
3901 1740 57 20 when
3973 1741 36 21 the
4024 1741 64 22 forces
4102 1744 38 20 and

3600 1769 59 26 guide
3667 1776 57 19 oorps
3731 1769 97 26 gallantly
3837 1767 90 22 relieved
3932 1768 63 23 them.
4022 1769 44 22 The
4072 1777 71 20 enemy
4159 1772 6 5 1

3600 1797 50 21 then
3661 1797 74 26 closely
3746 1797 80 25 pressed
3835 1795 35 21 the
3878 1797 105 26 leturmng
3992 1797 87 22 column.

3625 1823 81 26 During
3722 1823 36 21 the
3771 1823 97 21 darkness
3877 1823 83 21 Colonel
3975 1825 89 24 Jefferys
4074 1825 49 21 with
4132 1833 12 13 a

3600 1857 100 20 company
3711 1850 21 21 of
3747 1850 69 26 guides
3826 1850 39 21 aDd
3875 1850 59 21 Buffs
3943 1850 80 22 became
4040 1853 104 26 separated
4157 1852 7 13 •*

3600 1878 52 21 from
3664 1877 35 21 the
3710 1878 53 20 main
3773 1877 91 27 column,
3874 1877 39 21 and
3923 1877 62 22 found
3995 1878 120 23 themselves
4122 1881 21 20 in
4158 1885 6 6 '

3597 1906 53 23 peril
3671 1905 53 21 until
3739 1905 36 21 the
3784 1905 81 27 cavalry
3873 1912 56 14 came
3938 1906 22 19 to
3969 1906 53 21 their
4030 1914 83 15 succour
4122 1911 21 18 at
4159 1911 7 13 '*

3595 1933 110 25 daybreak.

3626 1960 133 21 Lieutenants
3788 1960 85 26 Hughes
3896 1959 40 22 and
3964 1960 100 23 Crawford
4092 1969 52 15 were
4160 1969 6 6 -

3602 1987 70 22 killed.
3699 1988 65 20 Three
3782 1988 76 20 officers
3874 1993 52 16 were
3945 1988 88 26 severely
4051 1990 38 20 and
4099 1990 46 22 foitr

3603 2014 111 27 (including
3728 2014 84 21 Colonel
3828 2014 99 27 Jefferys)
3942 2014 81 28 slichtly
4038 2018 98 21 wounded

3601 2042 72 21 Thirty
3684 2042 47 21 four
3748 2043 21 19 of
3788 2042 37 21 the
3842 2042 87 21 relieved
3937 2042 51 21 rank
4005 2044 37 19 and
4053 2044 32 21 file
4096 2052 50 13 were
4160 2050 6 6 *

3602 2069 69 27 killed,
3682 2069 104 26 including
3803 2070 17 20 II
3833 2070 82 25 Fnglish
3925 2070 39 20 and
3981 2070 21 21 21
4012 2070 66 22 Sikhs.
4103 2072 45 21 Th*
4161 2078 5 5 •

3601 2097 97 25 relieving
3708 2097 54 21 force
3781 2096 39 22 lost
3837 2096 26 22 98
3872 2097 106 27 wouuded,
3995 2097 101 28 including
4120 2100 26 20 41
4157 2108 9 11 *

3603 2124 84 25 English
3697 2125 39 20 and
3746 2125 25 20 42
3781 2124 68 22 Sikhs.

3715 2188 321 33 INTERCOLONIAL.

3697 2260 143 24 COLLAPSE
3852 2262 35 22 OF
3901 2264 17 20 A
3928 2263 113 23 BRIDGE.

3859 2291 95 28 Sydney,
3963 2291 118 28 September
4088 2291 51 28 21.

3625 2318 62 20 News
3698 2318 52 22 from
3760 2316 67 28 Japan
3836 2320 62 18 states
3907 2319 46 21 that
3958 2320 72 27 during
4041 2324 14 17 A
4064 2321 78 26 display
4158 2327 7 5 -

3598 2345 24 20 of
3643 2345 104 20 firewoiks
3764 2347 22 19 at
3803 2345 83 21 Sumida
3903 2353 11 13 a
3932 2346 68 26 bri»lge
4023 2346 63 23 which
4104 2356 40 13 was
4158 2352 7 14 i

3599 2372 92 22 crowded
3714 2372 50 22 with
3783 2374 112 25 spectator#
3920 2373 106 28 collapsed,
4050 2375 39 21 and
4108 2375 34 23 15U
4157 2376 8 15 s

3599 2407 71 20 person
3680 2406 50 15 were
3737 2400 133 27 precipitated
3876 2401 42 21 into
3925 2401 35 22 the
3967 2406 68 18 water.
4056 2402 72 28 Eighty-

3598 2434 59 15 seven
3665 2434 51 15 were
3725 2428 104 22 drowned.

3673 2466 175 23 FOUNDERED
3857 2467 31 22 IN
3900 2468 14 20 A
3925 2467 141 24 TYPHOON.

3624 2495 85 21 Eastern
3726 2500 54 16 news
3790 2497 77 25 reports
3877 2495 45 21 that
3931 2496 35 21 the
3977 2497 54 21 third
4048 2497 93 26 engineer

3601 2524 40 20 and
3653 2526 34 17 ten
3696 2523 23 20 of
3733 2521 35 22 the
3782 2529 52 15 crew
3845 2523 21 20 of
3875 2523 36 21 the
3919 2525 87 19 steamer
4022 2525 65 25 Ching
4099 2525 43 26 Hye
4158 2531 7 11 *

3598 2550 55 25 Teng
3662 2549 52 21 have
3723 2550 78 20 arrived
3812 2552 21 18 at
3841 2550 88 25 Ningpo.
3956 2551 56 24 They
4026 2554 69 23 report
4105 2553 36 19 the

3598 2577 40 21 loss
3648 2577 21 20 of
3678 2576 56 22 thoir
3742 2576 63 21 vessel
3815 2575 20 22 in
3842 2582 12 15 a
3861 2576 97 27 typhoon.
3984 2577 86 28 Captain
4077 2578 84 27 Scott,..

3598 2605 69 26 seeing
3687 2604 45 21 that
3753 2604 36 21 the
3803 2604 125 21 destruction
3940 2605 21 21 of
3974 2605 36 22 the
4027 2606 62 21 vessel
4105 2613 39 14 wa*
4159 2616 6 9 »

3598 2632 122 28 inevitable,.
3728 2632 51 21 blew
3788 2634 37 18 out.
3834 2632 30 21 his
3874 2632 67 21 brains
3949 2640 21 13 as
3979 2632 26 21 he
4013 2633 129 27 disappeared

3598 2660 65 21 below
3677 2660 35 21 the
3723 2667 40 14 sea.
3791 2659 55 21 Four
3857 2660 106 26 European
3976 2660 76 21 officers
4064 2661 38 21 and
4119 2662 23 21 17

3598 2688 101 21 members
3721 2688 22 20 of
3770 2686 36 22 the
3827 2694 53 15 crew
3903 2695 51 14 were
3974 2688 101 22 drowned.
4102 2689 42 21 The
4160 2686 4 24 1

3598 2716 102 21 survivors
3718 2716 88 20 suffeied
3823 2714 83 22 terrible
3924 2716 117 26 privations,
4060 2716 86 26 drifting

3597 2745 64 19 at>out
3670 2743 32 22 for
3713 2743 46 21 four
3768 2742 39 22 and
3821 2743 64 21 a-half
3894 2742 49 28 days
3956 2743 20 22 in
3987 2750 25 15 an
4029 2751 51 17 open
4097 2744 45 21 boat

3598 2770 89 22 without
3699 2771 47 21 food
3760 2777 24 14 or
3798 2773 69 19 water.
3895 2771 125 25 Eventually
4034 2771 49 28 tiny
4093 2779 49 14 were
4158 2782 7 10 »

3596 2798 72 28 pieked
3677 2805 29 21 up
3715 2799 26 26 by
3751 2805 11 14 a
3771 2798 86 21 Chinese
3866 2799 57 27 junk.

3666 2864 264 51 Parliamentary
3967 2864 113 43 Notes.

3767 2947 204 38 [Exchanges.]

3628 2984 152 28 Parliament
3811 2985 92 35 opened
3929 2986 26 26 in
3986 2985 154 36 Wellington
4154 2996 6 17 4

3591 3022 131 37 yesterday
3743 3022 135 28 afternoon.

3629 3060 25 28 It
3668 3061 20 26 is
3702 3060 130 28 rumoured
3846 3060 55 26 tbnfc
3917 3059 38 28 for
3968 3060 40 27 the
4021 3059 103 36 Speaker-

3593 3098 56 34 ship
3663 3099 27 27 of
3701 3099 41 29 the
3757 3098 85 35 Upper
3859 3097 83 28 House
3963 3099 39 26 the
4024 3099 61 26 Hon.
4103 3099 36 27 Dr
4153 3106 7 11 *

3593 3136 82 27 Grace
3709 3137 49 27 wiil
3783 3145 89 29 oppose
3898 3137 41 27 the
3967 3137 65 26 Hon.
4058 3136 31 28 H.
4114 3137 22 26 J,
4150 3156 7 7 ,

3591 3174 91 29 Miller.

3626 3212 53 25 The
3693 3213 120 35 principal
3828 3212 55 26 bills
3901 3212 74 36 likely
3997 3215 26 23 to
4046 3212 96 25 receive
4154 3222 5 9 <

3591 3248 184 29 consideration
3790 3250 89 31 during
3879 3248 3 33 l
3895 3250 40 28 the
3945 3250 90 28 session
4048 3248 48 28 will
4112 3248 28 28 be
4152 3256 7 14 <

3593 3287 42 26 the
3649 3287 102 35 Mining
3764 3288 58 32 Bill,
3837 3288 40 26 the
3889 3288 72 27 Local
3971 3287 169 28 Government
4152 3294 5 6 *

3592 3324 58 31 Bill,
3665 3325 47 27 and
3729 3326 40 26 the
3782 3326 69 27 State
3865 3326 56 27 Fire
3936 3326 131 27 Insurance
4081 3324 57 29 Bill.
4151 3324 4 31 <

3591 3362 22 26 A
3640 3361 47 27 few
3712 3363 84 26 others
3822 3363 50 27 will
3894 3363 28 27 be
3941 3362 110 35 dragged
4063 3362 26 27 in
4102 3361 37 28 for
4152 3371 5 8 J

3590 3399 84 27 form's
3687 3399 65 33 sake,
3774 3400 47 27 and
3841 3410 37 17 we
3900 3410 55 26 may
3980 3400 55 27 take
4059 3401 20 26 it
4103 3400 36 26 for
4152 3408 6 9 f

3590 3436 106 33 granted
3710 3436 22 26 if
3747 3436 41 26 the
3802 3438 70 33 pulse
3885 3440 23 24 of
3922 3439 40 25 the
3978 3437 84 27 House
4074 3438 21 25 is
4112 3442 28 20 ac
4148 3444 10 18 t

3588 3472 30 27 all
3635 3474 141 34 responsive
3790 3473 142 37 borrowing
3943 3474 125 37 proposals
4088 3473 47 28 will
4147 3474 7 28 £

3583 3509 28 28 be
3624 3511 155 27 formulated.

3723 3583 127 50 Mining
3889 3584 112 42 Notes.

3620 3662 57 30 The
3691 3662 128 30 Pleasant
3832 3661 97 36 Valley
3943 3661 127 40 Sluicing-
4083 3661 58 40 Co.,

3584 3702 108 30 washed
3719 3713 36 28 up
3778 3713 33 18 on
3838 3701 176 40 Wednesday
4027 3704 45 28 for
4084 3705 52 27 the.

3584 3742 124 39 splendid
3723 3748 91 24 return
3830 3741 30 29 of
3881 3742 68 29 450z
3974 3743 93 29 16dwt
4080 3745 52 37 Ggr

3581 3783 42 29 for
3635 3786 46 26 ten
3696 3783 75 29 davs'
3785 3782 83 30 work.

3618 3824 57 29 The
3711 3824 105 30 Golden
3843 3824 60 31 Run
3933 3823 122 41 Sluicing
4055 3823 2 41 1
4082 3824 59 33 Co..

3581 3865 106 28 washed
3714 3876 35 26 up
3763 3866 42 26 for
3827 3876 82 18 seven
3923 3867 67 36 days
4004 3867 43 27 for
4062 3868 39 25 74<
4108 3876 33 18 <•/.;

3580 3904 81 30 7dwt.

3564 3938 2 47 j
3617 3944 40 30 Th
3671 3944 138 38 dredging
3818 3948 110 26 returns
3937 3946 43 28 for
3988 3947 53 28 last
4051 3947 78 29 week

3564 3985 1 39 !
3581 3985 214 29 were—Ettriek
3809 3986 86 35 20£oz
3912 3986 53 35 (for
3975 3986 53 30 five
4037 3987 94 37 days),.

3562 4024 3 46 |
3580 4025 105 30 Golden
3720 4024 68 30 Gate
3820 4026 76 36 650z,
3932 4026 89 31 Otairo
4060 4028 81 31 270z.;

3562 4066 2 46 j
3585 4066 96 34 Isdwt,
3698 4066 85 37 Clyde
3796 4066 77 35 40oz,
3898 4067 127 29 Dunedin
4051 4068 66 29 100z
4119 4089 22 20 t/

3561 4105 3 41 |
3580 4105 158 39 Enterprise
3752 4107 67 28 220z
3833 4107 74 28 4dwt
3921 4108 60 38 4gr.

3560 4143 2 42 I
3614 4145 58 29 The
3686 4146 151 39 Roxburgh
3853 4147 103 37 dredge
3966 4148 48 28 has
4028 4148 94 28 struck

3560 4186 2 37 !
3577 4186 114 37 payable
3717 4187 71 27 wash
3816 4198 16 17 a
3858 4188 69 28 little
3947 4188 85 28 below
4059 4188 82 29 CoaK

3577 4225 98 34 Creek,
3697 4226 53 27 and
3773 4226 184 38 immediately
3976 4228 88 27 above
4077 4228 61 31 the,

3559 4264 1 44 j
3574 4264 126 30 Dunedin
3717 4264 144 38 Dredging
3875 4265 72 30 Co.'s
3959 4266 87 29 claim.

3611 4308 25 27 A
3662 4306 127 29 dividend
3813 4307 59 36 (the
3896 4308 107 38 eighth)
4029 4308 29 28 of
4093 4310 43 31 Is,

3573 4356 48 27 per
3634 4346 77 28 share
3725 4346 48 28 has
3790 4346 68 28 been
3874 4347 125 28 declared
4023 4348 37 36 by
4075 4349 58 29 the,

3574 4386 89 36 Otago
3677 4385 68 30 Gold
3762 4385 145 39 Dredging
3917 4386 49 30 Go.

3608 4426 57 29 The
3675 4426 131 29 directors
3816 4427 28 27 of
3854 4428 46 28 the
3913 4426 86 38 Clyde
4010 4426 122 41 Dredg-.

3559 4465 1 38 I
3571 4465 48 37 ing
3634 4466 46 30 Co.
3696 4467 68 28 have
3777 4466 124 30 declared
3916 4477 16 18 a
3945 4466 132 31 dividend
4091 4470 30 28 of

3572 4507 63 27 £lO.
3674 4506 65 28 This
3754 4507 93 28 makes
3859 4518 15 16 a,
3887 4508 107 28 total.of
4002 4510 58 27 £67
4075 4506 4 37 1
4089 4511 30 28 0s
4126 4529 5 14 ;

3569 4545 60 38 paid
3645 4556 34 18 on
3693 4546 65 28 each
3776 4546 57 30 £SO
3839 4546 94 30 'share.

3606 4585 56 29 The
3678 4586 67 28 Blue
3760 4588 72 36 Spur
3854 4586 193 31 Consolidated
4070 4589 49 31 Co,
4125 4585 3 41 t

3569 4626 106 28 washed
3691 4635 35 28 up
3740 4630 27 23 at
3781 4627 46 29 the
3849 4627 155 42 beginning
4031 4630 29 27 of
4072 4630 58 29 the.

3567 4664 75 30 week
3657 4665 43 27 for
3727 4664 93 36 799nzj
3834 4668 283 40 repiv>sentjngthree

3567 4703 220 29 months?'w,ork.

3601 4743 58 29 The
3670 4745 18 19 ,f
3699 4743 124 30 Dnnstan
3844 4745 91 30 Times
4057 4748 67 30 tint*

3565 4785 46 28 tlie
3645 4784 149 38 Molyneux
3819 4785 143 36 hydraulic
3987 4788 137 40 dredge's,

3565 4828 100 24 return,
3680 4833 33 19 on
3736 4824 46 28 the
3808 4826 61 26 11th
3896 4826 64 30 inst.
3986 4838 56 18 was
4067 4830 58 28 7oz>

3570 4866 5 26 I
3585 4871 12 12 y
3602 4863 56 29 dv.t
3689 4864 66 36 15'gr
3781 4864 90 35 (value
3896 4866 58 31 .€3O
3982 4868 46 30 10s
4055 4869 45 34 Bd,

3566 4905 113 35 making
3692 4916 15 16 a
3726 4905 65 27 total
3807 4906 29 28 of
3851 4913 67 23 iooz
3942 4908 88 29 l7dwt
4044 4911 81 36 2lgr>

3563 4945 43 27 for
3620 4944 45 27 the
3681 4944 83 28 week.
3804 4943 58 31 The
3875 4946 104 39 dredge
4004 4950 110 28 washed

3564 4994 35 27 up
3630 4983 80 37 again
3743 4995 35 19 on
3806 4985 142 40 Thursday
3980 4987 43 29 for
4051 4991 70 28 lßoz.

3567 5024 89 29 I7dwt
3674 5025 66 38 I2gr
3755 5025 89 35 (value
3857 5028 57 29 £72
3933 5028 44 29 13s
3990 5029 57 36 4d).

3601 5068 18 25 A
3656 5065 57 28 rich
3752 5066 56 28 find
3848 5067 46 29 lias
3933 5069 66 29 been
4034 5071 79 30 made

3562 5115 65 18 near
3641 5105 171 39 Coolgardie.
3853 5106 73 30 Pour
3939 5116 189 32 prospectors,;

3560 5144 95 30 struck
3681 5157 15 17 a
3723 5145 93 31 leader
3841 5148 69 29 from
3941 5150 58 29 IBin
4070 5153 44 28 2ft,

3560 5186 88 32 thick,
3686 5192 13 20 'i
3710 5186 51 40 hey
3787 5188 107 39 bagged
3919 5195 54 24 two
3997 5195 63 26 tons
4082 5193 30 30 of
4117 5186 4 41 ;

3560 5232 88 31 stone,
3681 5228 88 28 which
3796 5229 21 27 in
3844 5229 116 39 literally
3986 5233 142 40 hangings

3560 5268 127 37 together
3701 5269 64 28 with
3780 5268 64 36 gold
3895 5271 27 28 It
3933 5272 22 27 is
3964 5273 158 32 estimated:,

3560 5309 60 28 that
3634 5310 20 27 it
3669 5309 53 28 will
3736 5309 72 39 yield
3824 5311 116 34 2,0000z
3950 5316 28 26 to
3992 5315 47 28 the
4052 5319 58 26 ton.

3567 5348 49 28 Ihe
3649 5349 73 29 mine
3754 5350 48 28 has
3837 5352 67 29 been
3939 5355 98 28 named
4063 5357 47 28 the
4124 5348 2 37 ■

3560 5389 98 38 Bobby
3674 5390 121 29 Dazzler.

3604 5430 80 28 [here
3705 5431 22 27 is
3745 5432 189 30 considerable
3947 5436 184 33 excitements

3560 5473 30 24 at
3604 5469 164 40 Coolgardie
3781 5482 65 19 over
3865 5484 16 17 a
3904 5474 57 29 rich
3985 5477 85 29 strike
4085 5479 29 29 in
4122 5498 5 5 .

3561 5510 47 29 the
3621 5510 199 42 Londonderry
3836 5514 81 30 mine.
3959 5516 31 29 In
4006 5529 15 16 a
4035 5519 78 29 drive

3560 5557 28 22 at
3600 5551 46 29 the
3667 5552 48 29 200
3715 5552 32 29 ft
3770 5553 67 29 level
3865 5557 153 36 specimens
4044 5569 70 21 were

3561 5591 85 30 found
3661 5593 98 29 almost
3781 5606 30 17 as
3828 5594 55 31 rich
3907 5607 29 18 as
3957 5598 80 30 those
4058 5600 62 32 dis-.

3560 5633 116 29 covered
3691 5634 34 37 by
3740 5633 47 30 the
3799 5635 115 38 original
3927 5644 193 36 prospectors.,

3562 5673 119 39 Already
3704 5674 86 30 500oz
3813 5676 29 29 of
3867 5687 67 28 pure
3956 5680 65 37 gold
4045 5681 78 32 have,

3562 5713 67 30 been
3646 5713 81 30 taken
3754 5721 58 31 out,
3827 5718 53 28 and
3900 5718 48 30 the
3965 5722 61 28 roof
4038 5722 76 30 liter~
4115 5747 6 10 w

3561 5754 54 41 ally
3627 5753 115 42 glistens
3754 5757 65 30 with
3830 5758 47 29 the
3887 5760 124 39 precious
4020 5748 102 56 m^t^

1671 83 200 45 MOUNT
1956 86 230 45 BENG2E
2271 86 154 42 MAIL.

3400 84 169 54 Friday,
3593 89 240 49 September
3856 92 69 44 24,
3950 80 122 52 189?''

169 244 72 36 BE
261 247 27 35 R
308 245 279 46 NSTONE,

148 328 79 30 THE

248 388 95 35 (From
368 391 152 39 Dunedin),

184 458 67 34 XV
260 460 64 29 ILL
340 463 64 29 visit
417 462 164 40 Roxburgh,

296 502 107 32 Millers
432 504 71 37 Flat,
528 503 54 30 and

177 544 189 38 surrounding
400 545 122 29 districts
551 547 31 25 *t

176 582 110 37 regular
298 584 140 35 intervals,

315 637 79 31 when
409 638 34 30 he

305 705 104 30 TAKE
425 703 148 33 ORDERS

178 766 29 25 to
231 765 55 28 suit
300 765 47 29 the
360 765 181 30 convenience
554 764 30 29 df

253 812 47 28 the
317 812 68 30 local
405 812 102 40 public.

221 904 131 30 Charges
374 906 159 28 Moderate.

179 997 75 29 Suits
264 999 70 29 from
343 1001 38 27 £3
392 1000 43 34 3s;
450 999 129 29 Trousers

284 1044 71 30 from
369 1046 49 29 16s
431 1045 44 29 Cd.

176 1136 46 30 Fit
235 1136 173 33 Guaranteed
427 1149 32 18 or
477 1137 102 39 Money

278 1190 49 26 not
340 1185 139 40 accepted.

177 1400 177 26 CARPENTER,
380 1399 115 26 JOINER,
522 1399 62 21 AND

275 1437 208 27 UNDERTAKER,

100 1491 99 24 Desires
225 1496 24 18 to
275 1489 78 26 thank
379 1488 41 26 the
451 1487 89 27 Public
564 1488 24 25 of
613 1487 41 26 the

101 1527 106 27 District
220 1526 38 26 for
275 1531 56 31 past
348 1529 113 32 support,
481 1523 47 27 and
548 1522 61 37 begs
629 1529 24 20 to

98 1565 90 26 inform
220 1565 66 25 them
321 1565 53 25 that
406 1562 29 26 he
465 1562 44 26 has
540 1561 112 27 resumed

100 1602 121 26 Business
234 1602 25 23 in
273 1599 149 35 Roxburgh.

100 1689 133 25 Estimates
244 1688 74 33 given
330 1686 48 27 and
388 1685 122 36 Building
520 1685 132 27 Contracts

201 1738 27 26 of
244 1735 31 28 all
295 1735 74 28 kinds
386 1734 162 28 undertaken.

136 1823 76 26 Pl&ns
227 1822 47 27 and
293 1822 187 36 Specifications
493 1821 123 37 prepared.

200 1922 44 36 C.
284 1921 37 36 J.
364 1921 190 50 Coombs,

122 1987 194 30 SUJhGICAL
337 1986 24 30 &
378 1985 258 31 MECHANICAL

293 2032 167 30 DENTIST

310 2081 40 26 (By
364 2081 82 26 Exam.)

209 2152 152 31 COOMBS
378 2163 63 27 may
455 2153 34 29 be
503 2151 150 32 Gonsulted

258 2246 124 30 Heron's
406 2246 94 30 Hotel

105 2300 41 28 On
162 2299 155 35 FRIDAY,
332 2300 72 28 24th
419 2298 235 30 SEPTEMBER.

141 2380 40 26 As
195 2378 14 28 I
223 2378 96 28 intend
331 2378 115 35 visiting
465 2376 55 29 this
540 2376 116 30 District

104 2417 186 38 periodically,
303 2418 23 28 it
333 2418 54 28 will
396 2427 64 19 save
474 2416 124 30 Patients
608 2416 48 30 the

103 2469 120 28 expense
235 2458 30 29 of
277 2458 87 39 going
376 2462 29 26 to
418 2462 73 26 town
505 2469 7 24 ;
533 2457 54 29 and
600 2469 29 18 as
641 2458 13 28 I

103 2503 151 32 guarantee
274 2499 34 27 all
333 2499 86 34 work,
445 2499 124 27 Patients
592 2509 62 27 may

101 2538 58 39 rely
173 2549 34 17 on
221 2538 112 39 getting
346 2549 15 18 a
374 2538 143 28 first-class
528 2537 123 29 denture.

100 2618 92 22 TEETH
220 2618 81 22 MADE
329 2620 37 21 BY
396 2618 96 22 OTHER
518 2618 135 21 DENTISTS

101 2645 12 27 5
124 2645 128 22 PROVING
261 2646 253 22 UNSATISFACTORY
524 2646 61 21 MAY
596 2646 36 21 BE

157 2674 193 22 REMODELLED
364 2675 36 21 AT
413 2674 94 22 SMALL
521 2674 74 22 COST.

107 2742 121 29 Painless
256 2743 161 30 Extraction
446 2742 66 29 with
537 2742 114 29 Nitrous

141 2782 87 31 Oxide
248 2783 66 35 Gas,
336 2784 125 36 Cocaine,
475 2783 94 36 Ether,
584 2794 31 19 or

286 2824 181 29 Chloroform.

102 2896 133 29 Stopping
254 2906 71 20 with
345 2898 84 36 Gold,
451 2897 147 36 Amalgam,
617 2906 35 20 or

316 2938 122 29 Cement.

193 3013 30 32 C.
270 3015 28 29 J.
352 3011 206 40 COOMBS,

236 3061 128 30 Surgeon
387 3062 118 30 Dentist

139 3107 143 41 (Opposite
295 3108 130 41 Cargill's
437 3108 174 40 Monument)

300 3156 143 22 DUNEDIN.
492 3159 9 11 '
655 3156 1 22 ,

213 3193 79 34 (Late
306 3194 75 30 Kidd
395 3196 54 28 and
463 3194 60 40 Co.)

93 3288 61 54 R.
176 3292 31 38 J.
239 3292 43 37 B.
312 3290 160 43 YULE,
496 3291 144 44 L.D.S.,

178 3374 188 46 Surgeon
402 3373 160 45 Dentist,

218 3443 297 31 INVERCARGILL.

190 3605 45 29 Mr
256 3606 78 29 Yule
356 3606 55 28 will
430 3606 103 29 visit—

86 3706 140 33 RYAN'S
240 3707 136 36 HOTEL,
386 3707 249 36 ALEXANDRA,

89 3778 169 33 HERON'S
274 3777 359 38 HOTEL,ROXBURGH

84 3888 214 32 ROXBURGH
308 3888 159 31 BAKERY
478 3888 23 30 &
513 3888 119 31 STORE

82 3989 181 58 RoTbt.
289 3991 341 58 Kingston,

100 4079 141 37 BAKER,
269 4080 293 29 CONFECTIONER
587 4079 23 29 &

214 4127 281 38 STOREKEEPER,

117 4186 146 21 SCOTLAND
287 4187 113 25 STREET,
422 4186 168 21 ROXBURGH.

114 4281 74 30 R.K.
199 4282 102 29 desires
315 4285 29 26 to
357 4281 88 30 thank
458 4281 47 30 the
518 4280 94 30 inhabi-

78 4325 75 25 tants
166 4322 29 29 of
208 4322 154 38 Roxburgh
374 4321 54 29 and
439 4321 184 37 surrounding

78 4362 121 30 districts
221 4362 46 30 for
285 4362 47 29 the
355 4365 115 37 support
491 4360 134 31 accorded

74 4402 57 29 him
144 4403 28 28 in
185 4403 49 29 the
245 4406 72 35 past,
330 4403 54 28 and
397 4407 28 25 to
433 4403 102 28 inform
549 4402 76 28 them

76 4442 61 31 that
149 4443 118 39 nothing
280 4442 54 30 will
348 4443 35 29 be
396 4443 124 39 wanting
532 4453 36 19 on
582 4442 43 29 his

73 4487 63 34 part
147 4485 29 26 in
187 4485 48 27 the
246 4484 92 28 future
348 4488 30 24 to
385 4484 82 28 merit
474 4494 16 17 a
498 4483 111 29 continu-

68 4533 72 20 ance
152 4523 29 30 of
194 4523 71 30 their
278 4526 123 36 support.

100 4612 142 23 WEDDING
260 4614 62 21 AND
340 4614 151 22 BIRTHDAY
509 4614 91 22 CAKES

220 4649 81 20 MADE
319 4649 36 20 TO
368 4648 104 22 ORDER.

72 4693 123 27 SOIREES,
220 4694 111 21 PICNICS
353 4694 16 21 k
388 4695 86 20 BALLS
491 4694 133 22 CATERED

117 4729 55 22 FOR
187 4729 38 22 ON
241 4730 57 21 THE
310 4729 145 22 SHORTEST
472 4730 114 22 NOTICE.

215 4773 52 28 but
280 4772 46 30 the
338 4774 62 28 best
410 4774 125 28 material
547 4774 76 28 used.

68 4866 84 22 •GOOD
165 4866 185 22 ASSORTMENT
359 4866 36 22 OF
404 4867 165 28 GROCERIES,
578 4869 46 25 4c.,

275 4900 40 20 ON
331 4900 90 21 HAND.

187 5000 94 19 iberal
300 4990 139 30 Discount
451 5001 49 20 for
521 4991 83 31 Cash.

72 5107 64 55 B.
242 5107 381 46 WINN,

75 5179 134 27 PAINTER,
232 5177 132 28 GLAZIER,
385 5179 93 21 PAPER
496 5179 129 27 HANGER,

146 5214 70 22 SIGN
235 5214 116 20 WRITER
373 5213 61 21 AND
456 5214 95 20 HOUSE

258 5246 179 27 DECORATOR,

164 5288 72 29 Ross
255 5287 100 36 Place,
375 5286 161 30 Lawrence.

112 5371 42 29 On
170 5369 63 30 Sale
246 5381 15 17 a
271 5370 77 38 large
358 5369 55 29 and
421 5369 94 29 varied
524 5372 88 26 assort-

74 5414 77 26 ment
164 5411 28 28 of
206 5410 68 36 Oils,
287 5410 105 36 Paints,
416 5409 99 35 Scrim,
537 5409 89 36 Glass,

73 5451 229 39 PaperhangiDgs
324 5451 56 28 and
399 5449 135 30 Painters'
555 5449 54 30 Sun-

72 5492 82 30 dries.

110 5532 69 31 New
188 5532 54 30 and
250 5532 171 30 fashionable
429 5531 74 30 Wall
514 5531 112 40 Papers,

74 5574 72 29 from
160 5574 37 29 5d
218 5583 50 29 per
287 5573 77 39 piece
386 5573 136 39 upwards.
562 5576 48 26 Pat-

74 5619 76 25 terns
163 5618 62 26 sent
238 5625 36 19 on
293 5614 176 38 application,
483 5619 64 33 post
558 5613 67 30 free.

110 5655 148 29 Estimates
270 5654 85 40 given
367 5654 44 30 for
432 5654 118 29 General
571 5654 36 30 Re-

70 5696 85 38 pairs,

112 5734 163 31 Celebrated
288 5734 132 30 Lustruss
438 5734 90 36 Paint,
541 5734 84 39 ready

67 5776 104 36 giixed,
184 5776 36 30 all
235 5774 122 32 Colours.

819 471 74 24 CSlcilm
900 479 53 12 CHOCB
963 479 22 10 or
995 477 96 13 ruiu.Ni**

924 494 32 9 >tC»
962 492 31 10 T»'t«
999 492 52 10 lUriC

684 558 148 55 £JOURT
870 554 223 35 ROXBURGH,
1131 552 97 29 A.O.F,

719 632 250 26 TWENTY-FOURTH
989 629 216 24 ANNIVERSARY.

883 702 21 24 A
924 700 104 27 Grand

687 764 88 43 Plain
800 761 65 43 and
892 761 109 48 Fancy
1032 759 108 42 Dress
1164 756 64 43 Ball

830 821 62 27 Will
907 820 28 27 be
948 818 57 29 held
1016 819 25 27 in
1055 818 42 27 the

784 881 223 29 ATHENvEUM
1032 879 100 27 HALL

941 917 40 27 On

684 964 223 37 THURSDAY,
927 964 72 30 30th
1020 961 112 38 SEPT.,
1154 961 74 37 1897,

768 1018 31 26 In
813 1016 149 28 celebration
976 1015 28 26 of
1011 1015 42 26 the
1066 1014 88 27 above.

681 1095 151 31 TICKETS
886 1117 28 6 ...
964 1092 60 30 SIX
1037 1091 191 29 SHILLINGS

743 1142 17 36 :(
764 1141 86 29 Admit
862 1139 71 37 Lady
943 1140 49 27 and
1002 1139 162 36 Gentleman)

963 1215 32 29 T.
1017 1213 107 37 COOP,

1063 1264 137 36 Secretary.

720 1376 216 31 ROXBURGH
966 1375 99 29 GLEE
1089 1374 111 30 CLUB.

685 1461 145 43 GRAND
846 1458 187 45 POPULAR
1048 1458 180 44 CONCERI

722 1565 205 23 PRELIMINARY
952 1563 247 23 ANNOUNCEMENT.

762 1631 153 29 Particulars
929 1632 25 26 in
969 1631 94 27 Future
1077 1630 78 27 Issue.

916 1722 29 27 F.
961 1720 172 34 JEFFERY,

1065 1765 68 27 Hon.
1148 1765 51 27 Sec.

682 1838 141 29 TEYIOT
833 1836 216 30 WESLEYAN
1065 1836 163 30 CHURCH,

685 1921 74 43 f~\N
783 1920 112 38 Sunday
912 1919 123 29 Services
1048 1919 55 28 will
1126 1919 34 28 be
1174 1930 54 17 con-

773 1961 101 29 ducted
886 1971 29 18 as
929 1959 92 30 follow
1035 1972 44 17 :

684 2010 112 27 Roxhurgh
808 2010 20 26 (7
837 2009 85 27 p.m.)—
924 2009 52 22 Rev.
986 2009 21 21 J.
1017 2009 28 21 H.
1054 2009 83 25 Hooper

724 2037 189 27 (Subject—''Men
924 2037 21 21 of
955 2038 79 26 Cyprus
1047 2037 39 20 and

685 2066 48 22 Coal
746 2065 63 23 Creek
820 2065 20 25 (3
849 2064 84 27 p.m.)—
936 2065 51 21 Rev.
998 2064 22 22 J.
1035 2064 27 22 H.
1074 2064 83 28 Hooper

686 2093 78 22 Ettrick
773 2093 27 25 (11
814 2093 117 24 a.m.)—Mr
940 2093 36 21 W.
988 2093 108 20 Matthews

773 2120 53 24 (6.30
836 2119 119 27 p.m.)—Mr
967 2119 32 22 W.
1010 2119 109 21 Matthfw*

760 2177 107 31 LAND
887 2177 203 30 TRANSFER
1110 2178 73 29 ACT

877 2218 174 30 NOTICES.

766 2324 79 35 parcel
858 2325 89 25 ofland
957 2324 142 26 hereimitUM
1110 2325 64 24 d.M-i
1183 2325 29 24 il.t
1221 2326 7 23 d

686 2361 47 28 will
748 2362 28 27 be
792 2361 108 36 brought
914 2361 78 28 under
1008 2362 40 27 the
1063 2372 31 26 |>r«
1108 2364 90 25 vi-ions
1213 2368 15 20 oi

713 2400 52 26 The
779 2398 70 28 Land
869 2400 117 26 Transfer
1007 2402 54 25 Ac,
1190 2410 31 16 tin

684 2436 47 28 less
752 2443 85 21 caveat
862 2437 29 26 be
916 2436 88 36 lodged
1030 2438 144 35 forbidding
1193 2439 35 25 th>

684 2484 65 18 same
766 2474 87 28 within
873 2484 46 17 one
943 2474 110 28 calemhn
1073 2477 84 25 month
1173 2476 55 25 f<nin

684 2512 41 26 the
750 2512 56 26 date
828 2513 27 25 of
877 2512 150 34 publication
1055 2514 81 25 ln-reol
1154 2514 24 25 in
1194 2514 34 25 the

684 2548 109 27 Gazette.

717 2599 97 26 Section
840 2600 23 31 4,
893 2598 78 28 Block
997 2598 87 34 VIII.,
1107 2600 76 26 Town
1209 2601 19 25 oi

783 2636 155 37 Roxburgh;
956 2636 100 28 Harriet
1067 2638 59 26 Ann
1139 2636 89 34 Heron,

782 2674 142 35 applicant;
954 2676 116 33 occupied
1097 2674 31 37 by
1154 2675 62 38 oppli-

781 2719 66 20 caut.
884 2712 49 27 No.
950 2713 74 27 4210.

715 2749 99 28 Section
839 2751 24 31 2,
887 2749 77 29 Block
992 2750 84 34 VIII.,
1101 2750 77 27 Town
1209 2751 19 26 of

787 2788 149 36 Roxburgh;
952 2787 102 28 Harriet
1064 2791 58 24 Ann
1135 2789 93 32 Heron,

785 2827 142 35 applicant;
957 2826 116 36 occupied
1096 2826 32 36 by
1153 2826 63 36 appli-

781 2871 65 20 cant.
884 2862 46 28 No.
945 2862 75 29 4211.

715 2914 133 35 Diagrams
863 2922 56 27 may
940 2913 29 27 be
987 2913 125 36 inspected
1135 2920 24 20 at
1183 2914 45 25 thin

679 2949 75 28 office.

715 2986 82 28 Dated
816 2987 54 29 .this
891 2986 58 27 14th
973 2986 47 36 day
1042 2988 24 25 of
1079 2987 149 35 September,

662 3024 3 45 j
682 3024 73 31 1897,
781 3031 26 21 at
832 3026 41 26 the
897 3024 84 28 Lands
1004 3025 116 36 Registry
1145 3025 83 34 Office,

662 3055 2 34 '
679 3062 124 27 Dunedin.

910 3098 38 31 H.
971 3100 165 35 TURTON,

853 3139 105 28 Distiict
972 3140 68 27 Land
1058 3141 134 33 Registrar.

656 3188 4 58 I
720 3210 102 30 GOLD
861 3209 146 30 MINING
1045 3208 135 38 PLANT,

755 3251 180 29 DREDGES
955 3251 25 29 &
1001 3250 143 30 CLAIMS

810 3304 97 30 FOR
945 3303 141 30 SALE.

669 3385 194 55 TENDERS
897 3395 41 17 a>e
977 3384 94 28 invited
1114 3384 38 27 for
1182 3384 41 27 the

746 3422 133 28 WHOLE
893 3422 47 27 OR
953 3421 75 28 ANY
1044 3421 93 28 PART
1147 3422 27 27 of
1181 3422 42 27 the

668 3461 126 28 ASSETS
819 3461 25 27 of
869 3460 41 29 the
941 3459 77 28 SEW
1052 3459 74 29 HOY
1158 3459 63 28 BIG

668 3499 123 28 BEACH
823 3499 97 28 GOLD
960 3497 140 29 MINING
1134 3498 65 28 COM-

666 3536 99 28 PANY
778 3536 162 36 (Limited),
954 3536 138 34 consisting
1105 3536 28 26 of
1150 3536 53 26 Min-

665 3576 46 34 ing
735 3574 99 32 Leases,
860 3574 15 28 3
907 3573 123 36 Dredges,
1053 3573 165 34 Water-race,

668 3611 138 37 Hydraulic
820 3611 118 27 Elevator
957 3610 49 27 and
1032 3610 80 37 Pipes,
1129 3610 75 27 Black-

665 3650 95 27 smith's
771 3649 69 36 Shop
851 3649 47 27 and
910 3647 117 34 T0015,16
1037 3657 70 28 spare
1119 3647 100 36 Dredge

665 3687 119 33 Buckets,
799 3686 188 27 miscellaneous
1006 3695 70 26 spare
1100 3685 84 33 Plant,
1203 3685 15 28 3

663 3725 129 34 Dwelling
806 3724 113 32 Houses,
927 3723 60 27 Coal
999 3723 66 28 Shed
1075 3730 25 21 at
1111 3722 92 34 Queens-

663 3770 75 20 town.
752 3762 45 33 &c,
800 3783 7 12 t
821 3762 54 33 <fcc,
896 3762 43 28 &c.

696 3801 53 27 The
777 3800 176 35 DREDGES,
978 3800 82 28 which
1086 3809 40 19 are
1145 3798 31 28 all
1190 3799 25 27 in

663 3840 115 32 working
790 3840 80 31 order,
884 3849 40 16 are
938 3840 59 26 each
1011 3839 54 26 94ft
1079 3838 68 33 long,
1162 3838 54 25 18ft

662 3875 71 33 wide,
747 3875 48 26 and
817 3876 34 26 7ft
865 3875 69 36 deep,
948 3877 47 26 and
1011 3885 40 18 are
1070 3874 71 27 fitted
1156 3873 59 28 with

661 3913 169 28 LADDERS
845 3915 53 26 7Uft
912 3914 106 28 LONG.

697 3951 41 27 All
752 3952 146 35 particulars
911 3962 45 17 can
967 3953 30 26 be
1008 3950 114 28 obtained
1138 3956 24 21 &t
1174 3951 41 26 the

661 3988 90 28 Offices
770 3989 28 27 of
820 3990 40 26 the
886 3990 139 34 Company,
1047 3989 51 33 Big
1124 3987 90 32 Beach,
1227 3987 1 37 I

661 4027 177 32 Queenstown,
853 4027 47 26 and
915 4027 107 34 Rattray
1034 4032 84 25 street,
1133 4024 80 28 Dune-
1227 4019 1 47 J

660 4066 51 25 din.
736 4064 83 27 where
840 4064 110 26 Tenders
976 4063 48 27 will
1051 4063 29 25 be
1105 4063 109 26 received
1227 4058 1 33 I

660 4101 62 27 until
738 4101 212 33 THURSDAY,
965 4102 72 25 30th
1061 4099 131 27 SEPTEM-

658 4138 81 33 BER,
759 4139 72 28 1897.

693 4179 19 23 A
729 4177 96 34 deposit
839 4176 27 26 of
886 4183 40 19 ten
950 4186 44 25 per
1015 4183 64 19 cent,
1103 4183 68 19 must
1184 4176 29 26 be

657 4213 114 26 enclosed
783 4214 59 24 with
853 4214 59 25 each
929 4214 93 25 tender.

691 4249 52 28 The
757 4250 102 35 highest
872 4260 28 17 or
912 4259 49 29 any
977 4250 86 28 tender
1074 4254 43 23 not
1129 4258 70 19 neces-

656 4288 75 36 sarily
744 4289 123 36 accepted.

727 4337 150 28 THOMAS
897 4337 226 33 CALLENDER,

1037 4376 139 27 Secretary.
1227 4370 1 33 I

853 4490 39 37 [A
914 4489 99 38 Card.]

657 4651 46 55 Q
797 4649 415 37 HUBENER,

708 4697 157 36 'teacher
887 4710 35 21 of
943 4710 59 21 the
1023 4709 112 27 violin,

658 4764 68 29 Will
740 4764 65 29 visit
818 4762 153 38 Roxburgh
986 4761 107 39 weekly
1118 4762 93 40 (every

855 4809 144 37 Monday.)

655 4957 95 30 Terms
761 4969 34 19 on
805 4959 165 38 application
980 4963 28 26 to
1019 4959 53 30 self
1081 4971 31 18 or
1124 4959 85 29 Office

830 5007 29 30 of
872 5008 55 29 this
940 5009 99 39 Paper.

790 5113 284 31 WANTED.

658 5181 200 30 \7tTANTED
877 5183 82 38 good,
973 5187 98 33 strong
1093 5180 59 30 Lad
1165 5180 44 29 for

757 5221 297 41 Rabbiting.—Apply
1065 5225 28 25 at
1103 5230 67 19 once
1180 5224 28 25 to

800 5274 77 29 JAS.
898 5273 198 34 M'INTOSH,

987 5314 183 29 Dumbarton.

788 5405 99 29 MAIL
925 5402 152 31 NOTICE.

682 5476 44 21 The
734 5478 51 20 next
796 5477 84 26 English
889 5476 40 22 and
941 5476 106 25 European
1057 5472 58 26 Mai],
1128 5472 32 21 vis
1170 5470 41 22 San

658 5503 113 26 Francikco,
788 5505 40 21 will
839 5505 53 21 close
903 5506 22 18 at
936 5503 41 21 this
985 5503 64 21 Office
1066 5508 27 13 on
1108 5496 102 28 Tuesday,

656 5531 37 23 the
701 5532 50 22 28th
757 5533 127 27 September,
893 5533 22 20 at
920 5532 13 22 7
941 5537 49 15 a.m.

915 5575 24 21 T.
954 5572 79 26 COOP,
1048 5571 134 21 Postmaster.

680 5609 53 23 P.O.
743 5609 118 25 Roxburgh,
874 5609 31 21 Ist
913 5607 128 27 September,
1053 5604 57 22 1897.

820 5691 85 29 TEA.
945 5689 66 28 This
1035 5685 90 31 brand
1151 5684 23 28 is
1196 5695 17 17 a

735 5735 151 35 guarantee
894 5730 29 29 of
931 5729 92 39 purity
1032 5726 54 30 and
1096 5724 115 40 quality.

653 5774 57 38 Try
724 5773 47 29 the
784 5773 15 28 2
804 5771 97 31 s'tis
915 5769 101 40 superb
1028 5768 10 29 \

1265 497 76 32 NOT
1360 497 75 32 FOB
1454 500 77 30 ONE
1544 500 140 32 MONTH
1704 501 114 38 ONLY,

1519 588 51 20 EOT

1286 651 78 45 ALL
1396 651 80 45 THE
1510 652 107 44 YEAR
1647 652 150 58 ROUND,

1523 732 34 22 BY

1269 806 90 57 W.
1379 806 60 56 T.
1462 806 357 70 TALBOYS,

1400 898 286 36 ROXBURGH,

1264 955 74 31 Who
1359 955 24 30 is
1406 967 61 19 now
1489 955 125 41 Offering
1633 957 47 29 the
1702 956 118 31 .balance

1496 1010 30 27 of
1545 1009 43 28 his

1349 1072 238 40 WINTER

1472 1135 266 42 DRAPERY

1266 1205 29 27 at
1322 1202 92 30 Prices
1433 1202 89 30 which
1541 1201 107 31 MUST
1670 1201 153 31 Command

1355 1257 46 29 the
1415 1256 146 31 Attention
1578 1257 30 30 of
1620 1256 116 40 Buyers.

1359 1416 104 43 Come
1489 1414 63 44 and
1580 1414 66 44 See
1670 1414 69 44 Our

1271 1486 46 27 All
1340 1486 83 27 Wool
1448 1486 175 35 Wellington
1649 1486 125 34 Flannel,
1797 1489 27 24 at

1346 1525 9 26 1
1362 1534 13 18 s
1391 1525 9 26 1
1407 1524 16 27 d
1435 1533 48 28 per
1494 1524 68 36 yard

1274 1574 93 29 White
1402 1574 132 37 Calicoes,
1559 1576 72 27 from
1658 1576 31 27 2s
1715 1575 36 29 Cd
1778 1586 47 28 per

1341 1614 85 30 dozen

1273 1666 112 40 Striped
1399 1666 198 36 Flannelettes,
1608 1666 71 29 from
1689 1668 30 27 2s
1731 1666 34 28 9d
1776 1677 50 28 per

1341 1707 87 29 dozen

1270 1762 96 30 White
1401 1762 142 37 Shirtings
1574 1761 112 38 (double
1725 1761 98 38 width(

1342 1804 71 28 from
1431 1804 32 28 J0
1471 1803 30 36 £d
1515 1813 50 28 per
1576 1803 69 39 yard

1272 1856 97 30 White
1381 1856 123 29 Turkish
1515 1855 114 36 Towels,
1642 1856 71 29 from
1734 1857 32 28 4s
1788 1856 35 28 6d

1341 1908 50 28 pc
1404 1898 87 29 dozen

1270 1952 89 29 Linen
1373 1951 222 40 Tablings,from
1607 1954 31 27 Is
1647 1953 35 28 3d
1697 1964 49 28 per
1756 1953 65 38 yard

1277 2005 90 30 Men's
1383 2005 103 30 Lambs
1499 2006 82 29 Wool
1594 2006 95 37 Pants,
1712 2008 31 29 2s
1771 2008 50 29 lid

1343 2057 49 29 per
1406 2047 60 39 pair

1272 2100 88 29 Men's
1376 2100 101 28 Cotton
1492 2100 95 36 Pants,
1599 2100 71 29 from
1680 2101 31 28 Is
1724 2101 35 28 3d
1773 2112 50 28 per

1341 2140 59 39 pair

1274 2194 135 30 Coloured
1430 2193 59 29 Silk
1505 2193 231 37 Handkerchiefs,
1750 2195 70 29 from

1338 2237 7 25 1
1354 2245 12 17 s
1379 2234 68 29 each

1249 2270 3 58 }
1270 2289 90 28 Men's
1375 2289 64 29 Soft
1451 2289 62 28 Felt
1526 2288 82 36 Hats,
1620 2289 69 29 from
1715 2291 25 27 Is
1767 2291 51 28 lid

1338 2340 29 16 en
1372 2330 21 27 el
1399 2330 3 27 i

1249 2359 2 17 I

1249 2382 2 38 1
1268 2382 63 28 Ke;il
1345 2382 70 28 Be.-ir
1430 2382 79 38 Long
1521 2383 56 28 Fur
1589 2382 81 34 Boas,
1684 2382 69 30 from
1770 2385 48 28 12s

1338 2423 33 27 (j<)
1385 2423 64 29 e.'icli

1247 2511 3 45 I
1268 2515 120 29 DRESS
1423 2516 143 30 STUFFS
1599 2519 26 27 in
1662 2518 143 29 SERGES

1247 2554 2 38 i
1310 2554 170 38 TWEEDS,
1500 2556 135 31 &c.—All
1653 2559 126 28 reduced.

1470 2650 25 28 A
1517 2649 52 30 Lot
1584 2651 29 28 of

1246 2678 3 68 I
1266 2695 178 31 MANTLES
1474 2697 23 29 &
1519 2697 291 41 WATERPROOFS,

1281 2749 38 28 At
1333 2749 88 38 prices
1434 2750 88 29 which
1538 2756 73 24 must
1625 2752 73 29 clear
1710 2753 85 30 them.

1333 2854 26 28 A
1375 2853 131 39 Splendid
1522 2856 175 29 Assortment,
1710 2859 30 27 of

1262 2904 116 29 MEN'S
1410 2906 24 29 &
1467 2907 110 30 BOYS'
1608 2908 202 37 CLOTHING,

1343 2946 180 37 HOSIERY,
1547 2947 182 38 SCARVES,

1426 2986 147 37 SHIRTS,
1593 2988 49 31 &c.

1477 3057 277 35 —{

1261 3088 115 30 MffN'S
1421 3091 138 30 TWEED
1607 3094 110 31 SUITS
1752 3097 58 28 'TO

1322 3130 194 38 MEASURE,
1540 3133 49 31 (30s
1613 3135 134 40 (special).

1325 3233 26 30 A
1378 3234 59 30 well
1464 3238 124 30 assorted
1616 3240 79 29 sfock
1720 3241 30 30 of

1362 3289 120 32 BOOTS
1508 3302 55 20 and
1590 3294 122 31 SHOES
1727 3295 13 4 ~

1411 3345 104 39 always
1528 3357 35 19 on
1576 3348 84 30 hand.

1268 3487 216 31 ROXBURGH
1503 3490 151 30 JOCKEY
1677 3492 110 31 CLUB.

1249 3569 101 29 HTHE
1401 3569 164 31 ANNUAL
1624 3573 180 30 GENERAL

1333 3610 177 30 MEETING
1523 3612 29 28 of
1565 3613 46 28 the
1625 3614 87 28 above
1732 3614 71 29 Club

1249 3650 52 31 will
1316 3651 34 28 be
1364 3650 64 30 held
1442 3655 29 25 at
1484 3652 47 29 the
1545 3652 161 31 Goldfields'
1719 3654 82 29 Hotel

1247 3703 35 18 on
1294 3690 167 30 MONDAY
1477 3692 182 38 KVeNInG,
1675 3694 47 29 the
1731 3695 71 29 27th

1248 3731 178 39 INSTANT,
1435 3736 29 24 at
1477 3734 14 27 7
1501 3744 66 28 p.m.
1592 3735 47 28 All
1651 3735 149 30 interested

1245 3783 46 20 are
1303 3773 105 30 invited
1422 3779 29 24 to
1470 3774 104 30 attend.

1439 3826 31 30 P.
1490 3828 27 27 J.
1540 3828 146 35 DUNNE,

1610 3868 63 27 Hon
1700 3868 60 29 Sec.

1400 3955 239 43 Commercial.

1269 4040 75 21 Messrs
1359 4040 88 25 D.ilgety
1461 4041 40 20 and
1517 4041 44 25 Co.,
1578 4041 97 27 Limited,
1695 4043 71 25 report
1779 4050 21 12 as

1242 4067 79 21 follows
1329 4075 5 13 :

1268 4094 132 27 Sheepskins.
1408 4094 85 21 —There
1503 4102 40 13 was
1620 4102 12 15 a
1643 4096 52 27 good
1710 4096 88 21 demand

1243 4122 32 20 for
1297 4123 27 19 all
1350 4122 72 20 classes
1440 4122 21 20 of
1479 4122 119 26 sheepskins
1616 4126 23 18 at
1653 4130 38 14 our
1716 4124 41 20 sale
1773 4131 26 13 on

1242 4150 101 25 Tuesday.
1371 4148 43 22 The
1430 4149 45 21 best
1491 4150 81 27 inquiry
1586 4157 39 15 was
1635 4151 33 21 for
1677 4151 59 22 clean
1747 4159 53 14 cross

1243 4178 50 20 bred
1303 4178 39 20 and
1353 4177 94 21 halfbred
1457 4178 63 22 skins,
1533 4179 49 20 with
1594 4179 45 21 well
1655 4179 61 21 saved
1736 4180 61 23 pelrs,

1242 4205 41 19 and
1294 4205 32 19 for
1336 4205 59 19 these
1410 4207 52 16 sorts
1477 4205 71 19 values
1559 4212 52 13 were
1620 4206 48 25 only
1679 4207 54 19 firm.
1761 4207 39 19 We

1245 4231 153 26 quote—Clean
1410 4230 37 20 full
1458 4231 83 19 woolled
1548 4232 103 21 crossbred
1658 4233 40 20 and
1705 4233 45 20 half
1752 4233 47 20 bred

1246 4258 45 22 well
1303 4258 61 22 saved
1372 4257 53 28 pelt*
1435 4257 25 21 5d
1472 4264 35 20 per
1515 4257 30 29 lb,
1555 4259 82 21 shorter
1647 4259 84 22 woolled
1741 4260 25 21 4d
1779 4262 21 18 to

1245 4288 11 20 4
1260 4287 31 24 Ad,
1305 4287 77 22 merino
1390 4285 38 28 3|d
1434 4289 22 18 to
1462 4287 33 25 4d,
1503 4287 79 21 shorter
1589 4288 84 21 woolled
1680 4288 37 23 2Ad
1724 4290 23 19 to
1753 4288 46 23 3Ad.

1271 4315 144 20 Eabbitskinx.
1418 4314 68 20 —The
1496 4315 86 20 demand
1594 4315 31 21 for
1630 4316 27 20 all
1665 4316 134 25 descriptions

1245 4341 16 21 is
1275 4341 59 27 keen,
1355 4348 56 14 more
1425 4341 132 27 particularly
1575 4341 32 21 for
1627 4343 63 25 prime
1708 4343 91 26 winters,
1809 4341 1 28 j

1245 4369 67 22 which
1331 4369 57 25 bring
1402 4370 91 19 extreme
1507 4370 62 21 rates.
1597 4369 38 22 We
1645 4370 155 27 quote—Prime
1809 4369 1 28 j

1244 4398 76 20 winter
1330 4398 48 19 does
1390 4396 49 27 I3fd
1449 4399 22 17 to
1481 4397 45 26 14d,
1537 4398 27 19 do
1571 4398 63 20 bucks
1651 4398 49 22 12Ad
1710 4400 21 19 to
1741 4398 34 26 12?
1775 4398 24 26 d,

1242 4424 26 20 do
1283 4425 69 20 mixed
1364 4424 49 26 12Jd
1430 4426 23 18 to
1538 4424 52 26 good
1607 4425 26 20 do
1649 4425 37 21 12d
1705 4428 22 18 to
1741 4425 57 23 12Ad,
1809 4424 1 35 j

1244 4452 75 21 second
1338 4452 26 21 do
1379 4451 38 22 lid
1439 4453 21 19 to
1479 4450 59 28 Hid,
1559 4456 97 18 autumns
1674 4453 24 21 8d
1714 4455 21 19 to
1752 4449 47 31 9jd,
1809 4445 1 35 j

1244 4486 102 15 summers
1355 4478 37 28 4Jd
1404 4480 22 20 to
1436 4479 46 27 s£d,
1493 4480 59 21 black
1570 4480 38 21 14d
1626 4482 21 19 to
1665 4480 35 28 184
1700 4480 24 28 d,
1737 4481 61 21 silver

1241 4513 60 19 greys
1311 4513 28 20 up
1350 4509 22 18 to
1381 4506 58 26 20^d.

1270 4534 96 21 Hides.—
1371 4533 40 20 We
1430 4534 52 20 have
1501 4541 25 14 an
1545 4534 109 21 unlimited
1672 4534 87 21 demand
1777 4535 22 20 at

1242 4562 129 26 quotations.
1399 4561 49 21 Best
1466 4561 67 27 heavy
1548 4569 25 14 ox
1592 4562 59 21 hides
1668 4562 37 22 3Ad
1725 4564 22 19 to
1765 4562 33 26 4d,
1809 4561 1 29 j

1243 4589 91 20 medium
1347 4588 39 22 2id
1400 4591 21 18 to
1433 4589 33 25 3d,
1476 4589 53 25 light
1542 4590 39 19 and
1592 4589 84 21 inferior
1686 4590 36 26 ]Jjd
1733 4593 21 17 to
1764 4590 33 20 2d.

1456 4670 120 20 DEATHS.

1244 4707 158 23 Bbookr.—On
1421 4707 36 22 the
1475 4707 36 22 7th
1529 4708 90 26 August,
1637 4708 23 19 at
1677 4706 120 25 Roxburgh,

1297 4735 74 27 Nellie,
1378 4735 49 27 only
1435 4735 56 22 child
1499 4735 23 21 of
1528 4736 24 21 B.
1560 4735 40 21 and
1607 4733 32 24 N.'
1644 4735 90 25 Brooks;
1748 4734 50 26 agod

1289 4764 13 20 2
1313 4770 68 21 years.

1244 4802 158 22 BKOOKB.—On
1425 4802 36 19 the
1484 4802 48 20 19th
1560 4800 128 26 September,
1714 4802 22 17 at
1762 4800 36 20 the

1293 4829 103 21 residence
1414 4828 23 23 of
1456 4828 34 21 Mr
1512 4828 23 20 B.
1555 4827 101 25 Whiting,
1677 4826 119 25 Roxburgh,

1292 4856 77 28 Nellie,
1378 4856 35 21 the
1421 4854 84 23 beloved
1515 4854 45 22 wife
1570 4854 22 21 of
1600 4853 108 28 Benjamin
1719 4854 78 21 Brotks

1293 4885 39 21 and
1355 4885 66 20 eldest
1444 4882 102 27 daughter
1566 4883 21 20 of
1604 4882 33 21 Mr
1658 4882 23 21 T.
1707 4882 88 23 Rankin,

1292 4911 128 26 Wyndham.
1473 4910 79 25 Deeply
1562 4909 109 25 regretted.
