4220 5890
99 193 146 38 unworthy
257 194 69 27 rival
336 195 29 28 of
377 193 47 29 the
435 197 80 36 great
527 192 123 29 Alaskan

96 232 148 38 Eldorado,

136 275 43 29 No
193 275 71 30 little
278 278 120 38 surprise
424 276 54 29 and
493 279 142 26 consterna-

97 317 58 29 tion
164 317 23 28 is
198 318 150 38 expressed
356 319 67 28 here
432 321 30 26 at
471 317 48 30 the
529 315 120 31 decision

97 358 30 29 of
151 358 47 29 the
212 358 125 30 wardens
350 362 29 26 at
400 359 48 29 the
461 358 56 29 late
542 355 92 31 confer-

96 409 67 19 ence
178 410 27 17 re
220 400 46 28 the
279 400 165 28 boundaries
458 399 29 29 of
497 399 47 28 the
553 397 97 38 Upper

137 439 89 29 aikaia
240 440 108 40 mining
361 440 117 35 district,
492 449 30 19 as
530 438 119 38 relating

99 486 29 24 to
142 480 46 29 the
202 482 168 28 transaction
383 481 29 30 of
424 480 126 29 business
561 479 27 28 in
602 479 46 27 the

98 520 148 30 Warden's
261 522 95 28 Court.
395 521 57 28 The
476 520 129 33 decision,
618 529 30 17 as

99 573 52 27 you
167 572 45 19 are
226 562 142 30 doubtless
381 571 97 26 aware,
492 560 23 29 is
529 560 61 29 that
603 559 46 29 the

100 604 101 27 miners
224 613 49 18 can
300 603 91 37 please
404 601 176 34 themselves,
593 600 54 27 and

99 654 37 28 go
149 648 29 23 to
192 643 88 29 either
304 642 151 39 Roxburgh
469 652 30 18 or
522 639 127 30 Waikaia

99 695 29 17 as
154 684 65 37 they
232 684 108 28 chooss.
379 689 26 21 A
428 686 72 24 most
513 681 135 29 excellent

98 724 201 28 consideration
324 727 29 24 to
375 722 89 29 arrive
476 726 38 30 at,
527 721 54 28 and
595 731 52 17 one

99 765 61 27 that
185 771 72 21 must
280 764 68 28 have
374 762 153 29 demanded
548 771 16 18 a
586 766 61 23 vast

98 807 114 26 amount
234 805 29 27 of
275 803 181 37 forethought
470 802 53 28 and
541 802 90 28 discus-

99 845 59 29 sion
172 855 44 19 ere
228 844 35 28 its
277 844 137 28 evolution
428 853 55 19 was
502 842 143 38 complete.

99 885 149 28 Doubtless
273 884 47 28 the
345 883 137 28 Wardens
500 893 45 17 see
557 883 28 26 in
599 882 47 27 the

99 924 97 38 Upper
212 923 122 28 Waikaia
349 933 14 18 a
379 922 126 38 splendid
527 921 63 29 field
605 921 42 28 for

99 964 47 29 the
182 965 92 27 future
303 963 104 38 raising
436 962 29 29 of
502 962 145 40 goldfields

99 1014 117 20 revenue
230 1004 52 28 and
299 1004 45 29 the
357 1002 136 40 repletion
508 1003 29 29 of
550 1002 98 29 coffers

99 1044 99 36 which,
226 1045 10 27 I
264 1045 67 35 fear,
344 1044 71 29 have
439 1044 113 28 become
570 1042 78 38 sadly

100 1086 165 29 diminished
291 1086 29 28 of
332 1085 63 29 late.
435 1084 28 30 It
483 1084 23 29 is
518 1094 34 20 an
578 1094 71 28 open

101 1126 125 40 question
253 1137 29 17 as
296 1130 28 24 to
336 1126 48 28 the
409 1126 87 28 issues
509 1125 60 28 that
595 1123 55 29 will

101 1167 85 29 result
211 1168 71 27 from
308 1166 67 29 such
388 1177 34 18 an
436 1164 139 31 irrational
595 1164 54 29 and

101 1208 205 38 impracticable
328 1207 70 34 idea,
434 1207 55 27 and
512 1216 52 18 one
590 1206 60 26 that

102 1248 100 27 carries
240 1248 46 28 the
311 1246 154 30 conviction
494 1246 30 28 of
548 1246 85 36 impos-

102 1288 103 38 sibility
212 1287 125 39 stamped
348 1288 98 38 deeply
455 1286 115 40 uponits
579 1286 69 29 face.

104 1328 63 36 For,
191 1329 44 27 far
259 1329 71 26 from
343 1328 191 37 ameliorating
547 1326 47 28 the
612 1325 38 28 lot

81 1383 9 5 -
104 1369 30 28 of
158 1368 78 29 those
250 1368 59 29 who
335 1368 89 28 reside
436 1367 28 28 in
485 1367 61 28 that
558 1365 96 29 far-off

104 1409 61 28 lone
179 1409 73 35 land,
267 1409 22 27 it
301 1408 24 27 is
338 1418 75 19 more
427 1408 83 38 likely
525 1411 28 24 to
570 1415 80 20 cause

104 1460 17 17 a
141 1449 101 28 hotbed
257 1449 29 27 of
298 1448 152 29 dissension
463 1448 54 27 and
531 1448 78 27 strife
622 1451 28 23 to

104 1489 97 40 spring
216 1499 34 30 up
264 1488 89 30 where
363 1498 82 29 peace
453 1488 53 29 and
518 1486 133 41 tranquil-

85 1537 57 31 Mty
181 1539 28 20 at
234 1534 110 34 present
379 1531 88 35 reign.
505 1529 76 28 'Jake
609 1529 43 27 for

106 1570 125 39 example
256 1579 34 18 an
306 1568 164 29 illustrative
482 1578 78 18 case:
586 1567 64 28 Two

104 1622 73 25 men,
200 1610 138 29 unknown
351 1613 30 26 to
398 1609 65 30 each
474 1609 88 33 other,
587 1608 63 28 take

86 1668 10 4 ~
104 1663 16 18 a
134 1652 79 38 fancy
229 1658 27 22 to
269 1651 47 29 the
332 1660 73 19 same
416 1651 75 38 piece
504 1650 28 28 of
541 1648 108 38 ground

105 1703 31 18 or
160 1698 84 22 water
257 1692 84 37 right,
355 1691 88 28 which
457 1690 116 38 perhaps
588 1698 60 27 may

93 1733 48 28 'be
165 1743 16 17 a
193 1731 125 30 valuable
331 1741 50 20 ore
392 1743 10 23 ;
414 1730 47 29 the
473 1740 51 18 one
540 1739 67 29 goes
621 1733 28 24 to

105 1772 161 38 Roxburgh,
280 1771 47 28 the
339 1771 79 28 other
430 1774 29 25 to
471 1770 128 29 Waikaia
606 1769 43 28 for

103 1812 72 28 their
199 1811 190 38 applications,
410 1810 66 29 with
489 1810 47 28 the
553 1808 95 35 result,

84 1863 8 16 ;
103 1853 61 28 that
177 1852 46 28 the
237 1855 78 25 court
324 1851 89 29 which
423 1851 48 28 sits
480 1851 59 28 first
552 1853 97 35 grants

104 1893 47 28 the
181 1893 176 37 application,
383 1897 27 23 to
431 1891 47 28 the
504 1895 73 23 utter
600 1900 32 17 ex-

105 1933 104 29 clusion
231 1932 30 29 of
273 1931 47 30 the
332 1932 79 29 other
423 1937 90 33 party,
525 1930 61 29 who
599 1930 49 27 has

105 1974 69 28 beeu
199 1978 29 23 at
251 1973 48 28 the
311 1982 119 28 expense
450 1971 28 30 of
491 1982 16 17 a
527 1970 120 29 fruitless

101 2013 116 39 journey
240 2013 28 28 of
289 2023 81 27 many
391 2011 87 36 miles,
497 2010 153 38 extending

103 2064 66 18 over
181 2059 54 23 two
247 2064 31 17 or
291 2053 76 28 three
380 2052 76 38 days,
468 2051 65 39 only
552 2056 29 24 to
591 2050 58 29 find

103 2105 73 27 upon
202 2094 42 28 his
269 2098 94 23 return
383 2093 62 28 that
457 2093 34 28 he
504 2092 49 29 has
579 2091 68 29 been

102 2134 167 37 forestalled,
306 2133 55 30 and
386 2133 42 30 his
462 2132 187 41 expectations

102 2175 196 40 extinguished
333 2175 67 29 with
432 2185 15 19 a
478 2174 171 30 suddenness

102 2218 60 28 that
172 2217 23 28 is
205 2216 84 37 really
298 2216 151 37 appalling.
489 2215 64 29 And
565 2225 29 18 so
603 2224 45 24 on,

102 2257 119 38 nothing
266 2256 51 28 but
356 2255 108 30 endless
511 2254 138 40 litigation

102 2299 121 37 through
256 2297 47 29 the
336 2297 88 29 whole
460 2296 72 39 legal
558 2296 92 37 digest

101 2338 149 28 incidental
264 2344 27 21 to
304 2349 15 16 a
332 2338 106 36 mining
447 2338 75 27 code.
561 2336 88 28 There

102 2380 23 28 is
139 2390 35 18 no
188 2378 79 39 equal
276 2378 102 28 chance
391 2378 28 27 in
428 2377 64 29 this.
531 2377 29 29 It
568 2377 22 28 is
602 2381 48 24 not

103 2421 46 27 the
175 2418 119 30 survival
322 2418 29 28 of
376 2418 47 28 the
442 2418 95 35 fittest,
560 2417 50 28 but
635 2427 15 18 a

105 2460 118 30 survival
233 2460 29 28 of
272 2459 46 29 the
328 2459 135 38 sharpest.
502 2458 93 38 Truly,
603 2457 47 29 the

104 2502 139 38 refulgent
268 2510 62 28 rays
353 2500 29 28 of
405 2500 46 28 the
475 2503 79 34 great
578 2498 72 39 legal

104 2543 133 37 luminary
251 2541 65 29 does
327 2545 49 24 not
386 2540 99 38 always
499 2540 77 29 shine
585 2540 65 28 with

104 2594 15 16 a
132 2583 129 37 splendor
273 2581 106 38 worthy
391 2582 31 28 of
433 2582 36 27 its
482 2587 79 33 great
574 2591 57 28 mag-

102 2624 140 28 nificence.

141 2664 80 37 Quite
256 2674 15 18 a
297 2672 75 20 wave
398 2662 29 30 of
452 2662 122 31 sickness
602 2662 48 30 has

103 2705 97 37 passed
214 2715 64 18 over
292 2714 49 18 our
354 2704 106 38 usually
471 2704 109 37 healthy
596 2704 41 28 dis-

104 2746 65 27 trict
202 2745 29 28 of
268 2744 62 29 late.
370 2745 28 27 It
423 2744 22 29 is
468 2755 15 17 a
521 2744 69 29 kind
623 2744 29 28 of

103 2786 144 35 influenza,
261 2786 127 37 carrying
401 2796 16 17 a
430 2786 39 28 lot
491 2786 29 27 of
532 2787 77 26 fever
623 2786 28 27 in

102 2827 37 28 its
165 2827 80 28 train.
292 2826 53 28 Old
369 2826 55 28 and
456 2836 95 29 young
581 2826 69 28 have

103 2867 71 29 alike
188 2867 81 28 fallen
297 2866 107 29 victims
417 2872 29 23 to
471 2867 35 28 its
520 2866 131 29 insidious

104 2907 117 35 attacks,
247 2907 50 28 but
309 2906 66 27 with
397 2907 76 28 three
492 2906 159 38 exceptions

104 2947 94 39 nearly
224 2946 35 29 all
283 2957 46 18 are
348 2947 199 29 convalescent.
593 2947 58 28 The

104 2988 159 38 exceptions
285 2998 70 17 were
381 2993 53 23 two
456 2988 45 28 old
527 2987 125 39 pioneers

104 3029 29 28 of
166 3030 47 27 the
245 3027 107 29 district
388 3028 54 28 and
481 3028 47 28 the
561 3027 91 29 infant

104 3069 135 38 daughter
275 3070 29 27 of
341 3068 45 29 Mr
429 3069 27 28 J.
491 3068 159 29 Uaseldine.

104 3110 57 27 The
186 3115 53 22 two
253 3109 124 35 pioneers
394 3119 69 18 were
476 3109 46 28 Air
543 3109 107 37 George

102 3148 177 35 Sutherland,
293 3148 60 29 who
362 3149 48 28 has
421 3149 69 29 been
504 3160 16 17 a
529 3148 121 29 resident

102 3191 28 28 of
144 3189 125 30 Waikaia
283 3189 44 28 for
341 3190 127 37 upwards
480 3190 30 29 of
523 3190 36 29 30
570 3200 80 28 years

99 3231 54 28 and
178 3231 59 28 who
261 3230 53 28 had
341 3239 64 19 seen
422 3241 83 27 many
520 3241 50 26 ups
594 3231 55 27 and

100 3271 95 29 downs
231 3270 101 39 during
356 3270 47 29 the
435 3271 214 38 interchanging

100 3311 171 31 vicissitudes
297 3311 150 29 incidental
471 3315 29 26 to
522 3312 48 28 the
595 3311 54 29 rise

101 3353 53 28 and
181 3363 127 28 progress
334 3353 29 27 of
375 3363 16 17 a
409 3353 107 38 mining
540 3352 108 29 district

101 3394 152 37 extending
279 3403 65 18 over
369 3403 30 19 so
433 3393 170 39 lengthened
633 3403 16 18 a

101 3434 102 38 period.
243 3434 45 28 He
302 3444 54 18 was
370 3433 105 29 carried
490 3438 28 24 to
532 3433 42 29 his
596 3433 53 29 last

101 3475 106 38 resting
244 3475 75 38 place
352 3485 34 18 on
424 3475 113 38 August
570 3474 77 29 29th.

101 3514 55 28 The
166 3518 66 25 next
242 3521 27 22 to
280 3515 91 28 follow
381 3525 54 17 was
441 3514 45 28 Mr
490 3514 159 28 Alexander

99 3554 164 36 Robertson,
276 3565 16 17 a
306 3555 111 28 brother
431 3554 30 29 of
480 3565 50 17 our
542 3554 106 37 worthy

99 3594 54 28 and
191 3594 141 40 respected
372 3598 102 34 county
519 3594 129 28 member.

100 3634 56 30 The
169 3635 105 29 funeral
290 3638 100 35 cortege
408 3634 91 30 which
523 3634 126 30 followed

99 3675 42 29 his
154 3676 117 29 remains
286 3680 28 25 to
329 3676 47 28 the
389 3676 90 28 haven
492 3685 35 18 on
541 3676 46 27 the
602 3675 48 28 hill

99 3727 34 17 on
160 3716 121 39 Sunday,
295 3717 48 29 the
356 3717 50 28 sth
428 3716 66 35 inst,
508 3726 54 19 was
584 3726 49 19 con-

99 3757 106 29 sidered
231 3761 28 25 to
285 3758 34 28 be
346 3767 52 19 one
423 3756 29 29 of
475 3757 47 27 the
546 3756 105 38 largest

99 3807 63 19 ever
185 3807 64 20 seen
272 3798 29 28 in
315 3798 55 29 this
380 3796 118 35 district,
520 3807 16 18 a
548 3796 102 40 lasting

98 3838 104 29 tribute
216 3839 29 29 of
259 3839 47 29 the
317 3839 67 37 high
398 3842 103 24 esteem
514 3837 27 29 in
562 3838 88 28 which

97 3878 48 28 the
160 3879 128 27 brothers
306 3878 157 28 Robertson
476 3888 46 17 are
534 3878 64 28 held
623 3878 27 26 in

100 3917 55 30 this
167 3918 116 30 district.
324 3918 28 30 It
367 3918 23 29 is
402 3923 29 24 to
447 3917 34 29 be
492 3917 89 39 hoped
590 3918 60 28 that

98 3959 67 29 with
179 3960 46 28 the
237 3960 128 38 splendid
379 3959 120 29 weather
518 3969 59 19 now
588 3969 47 28 pre-

99 4000 103 38 vailing
227 4001 35 27 all
292 4004 89 25 traces
395 4000 28 28 of
444 3999 48 28 the
517 3999 133 38 epidemic

98 4040 54 28 will
166 4040 103 37 swiftly
283 4050 63 27 pass
359 4050 86 27 away.

120 4132 149 44 Terrible
297 4134 111 42 Boiler
433 4132 192 51 Explosion.

95 4221 27 29 A
150 4222 87 29 MAN
266 4222 141 29 BLOWN
427 4221 48 30 TO
503 4221 145 30 PIICES.

130 4297 22 24 A
169 4296 106 26 terrible
288 4295 110 36 fatality
410 4297 124 26 occurred
548 4306 31 15 on
595 4295 41 26 Fri-

94 4333 54 35 day
169 4334 122 34 morning
318 4334 117 34 (August
451 4334 43 33 27)
519 4337 29 23 at
574 4332 78 27 Wein

95 4371 53 25 and
179 4372 100 33 party's
310 4370 79 26 claim
420 4380 62 16 near
512 4370 138 27 Bathurst.

96 4407 84 26 Seven
190 4417 59 16 men
260 4417 67 16 were
339 4410 27 23 at
377 4408 72 25 work
455 4412 28 22 at
492 4406 159 34 Campbell's

96 4443 91 33 River,
209 4454 65 17 near
303 4445 47 27 tlie
380 4445 114 36 sluicing
521 4443 129 32 machine,

95 4483 95 26 driven
203 4483 36 35 by
252 4491 32 17 an
298 4483 31 26 18
348 4483 180 33 horse-power
540 4481 111 27 Cornish

96 4520 92 30 boiler,
226 4519 86 26 which
348 4520 134 34 suddenly
512 4519 137 34 exploded.

99 4555 57 29 One
177 4566 70 22 man,
273 4556 96 28 named
390 4555 141 29 Lawrence
555 4555 95 32 Guthe,

98 4601 52 19 was
164 4593 83 27 killed
257 4603 33 17 on
303 4593 46 26 the
362 4596 68 32 spot,
443 4593 43 26 his
496 4595 57 33 legs
572 4593 80 35 being

98 4628 87 29 blown
197 4630 43 26 off.
277 4630 130 31 Another,
421 4631 94 26 named
533 4630 119 27 William

97 4666 121 32 Rawson,
244 4678 53 17 was
319 4668 130 26 rendered
472 4669 179 31 unconscious,

96 4704 55 26 and
164 4705 52 25 had
228 4705 42 25 his
283 4705 76 32 right
371 4713 57 17 arm
441 4705 99 26 broken
554 4706 27 25 in
600 4709 52 22 two

97 4741 95 36 places,
207 4742 51 25 and
268 4742 42 26 his
320 4741 79 35 thigh
411 4741 97 28 broken
519 4753 6 22 ;
545 4752 15 17 a
570 4742 81 33 third,

101 4779 25 26 J.
141 4778 97 27 Morris
251 4780 66 34 jun.,
340 4779 120 26 received
480 4789 16 17 a
517 4780 137 27 fractured

100 4816 80 34 thigh
202 4817 53 25 and
279 4817 137 26 sustained
440 4826 90 18 severe
554 4817 79 26 shock
647 4829 6 21 ;

101 4855 50 25 but
162 4853 46 25 the
221 4853 60 25 four
293 4854 76 25 other
381 4863 60 16 men
465 4855 188 34 miraculously

101 4890 118 35 escaped.
258 4890 112 28 Rawson
385 4891 22 27 is
429 4894 46 24 not
488 4892 128 35 expected
627 4894 27 24 to

102 4928 58 25 live.
198 4927 55 26 The
272 4928 68 26 force
363 4929 28 25 of
411 4931 47 24 the
482 4929 137 34 explosion
632 4930 22 25 is

103 4965 92 26 shown
208 4965 67 26 from
299 4965 46 26 the
369 4965 55 28 fact
441 4966 60 26 that
514 4966 45 27 the
572 4966 82 27 boiler

100 5010 54 18 was
179 5002 100 26 carried
303 5002 68 26 from
393 5012 15 17 a
432 5003 69 27 solid
526 5003 51 27 bed
601 5003 53 27 and

99 5038 80 26 lifted
189 5048 36 25 up
255 5039 46 25 the
333 5039 108 27 hillside
470 5040 73 35 forty
573 5041 80 34 yards

97 5084 82 26 away,
214 5075 79 27 while
320 5075 46 27 the
395 5076 66 27 back
486 5078 50 25 end
560 5077 28 26 of
607 5077 47 26 the

99 5111 91 33 boiler,
214 5112 135 36 weighing
369 5113 75 33 3cwt,
470 5123 54 18 was
547 5114 106 27 thrown

98 5158 65 19 over
191 5151 46 26 the
263 5151 73 26 river
359 5151 53 26 and
442 5152 137 33 deposited
603 5153 50 25 200

98 5187 81 34 yards
209 5197 82 25 away,
324 5187 111 35 lodging
458 5188 66 34 high
546 5197 35 26 up
606 5189 46 25 the

99 5224 57 27 hill.
195 5224 109 28 Guthe's
328 5225 142 27 mutilated
500 5225 70 36 body
597 5235 54 17 was

98 5261 95 36 picked
207 5271 35 26 up
256 5262 68 26 from
343 5261 81 28 under
445 5263 46 26 the
511 5263 45 26 tire
581 5264 68 30 bars,

98 5299 45 26 the
165 5301 56 35 legs
247 5299 77 37 being
348 5301 96 26 twelve
464 5301 80 35 yards
568 5310 79 27 away.

98 5339 36 25 At
145 5337 48 27 the
205 5339 105 34 inquest
322 5346 16 18 a
350 5337 103 28 verdict
465 5337 28 27 of
505 5338 144 28 accidental

96 5375 82 27 death
191 5385 54 17 was
267 5376 135 31 returned,
416 5376 52 26 and
491 5376 86 27 blame
595 5386 54 18 was

96 5415 47 23 not
156 5413 149 25 attributed
318 5414 28 24 to
358 5420 109 28 anyone.

3358 71 168 52 Friday,
3549 74 240 49 September
3809 74 187 45 24,'1891

1533 91 200 44 MOUNT
1820 90 225 44 EEKGEE

3568 5578 83 21 Printed
3665 5578 40 21 and
3720 5578 109 21 PuMith<-d
3851 5583 25 21 by
3898 5578 103 21 WjLLIAM
4015 5578 107 22 PANNELL

3622 5612 125 21 M/wtukvw
3756 5613 33 19 for
3798 5611 36 21 the
3843 5612 132 26 pfoprietois,
3986 5612 80 21 Dunne
4076 5618 47 16 am>

3622 5648 133 25 Slatthews,
3777 5650 21 18 at
3820 5648 54 21 their
3892 5648 119 25 Registered
4029 5648 94 27 Punting

3623 5683 71 21 Office.
3714 5683 95 21 Scotland
3819 5683 71 25 ftrtet,
3909 5683 120 25 Koxlurgh,
4047 5684 67 25 Otago

3618 5718 51 22 New
3688 5718 89 21 Zealand
3805 5718 81 27 Friday,
3893 5719 120 26 teptefnOer
4023 5717 95 35 24,18'Jfj

76 5511 571 297 dfs

683 198 48 57 J)
814 195 44 37 A.
932 189 297 44 BUCHANAN,

759 270 71 22 BOOT
858 267 59 23 AND
942 265 74 22 SHOE
1042 262 112 27 MaKER,

724 317 141 31 Scotland
875 332 11 5 -
897 320 105 28 street,
1022 310 163 29 Roxburgh.

787 414 90 37 Every
898 407 167 40 description
1088 405 30 29 of

678 469 88 29 Boots
778 475 56 21 and
847 464 89 29 Shoes
950 461 134 30 Supplied
1096 466 35 21 or
1143 456 84 30 Made

854 513 32 21 to
905 503 143 29 Measure.

677 561 46 30 Fit
732 555 181 35 Guaranteed.
989 552 45 29 Fit
1043 548 182 33 Guaranteed.

728 649 121 24 REPAIRS
874 645 113 24 NEATLY
1018 642 158 23 EXECUTED.

794 729 25 26 A
841 725 85 29 Trial
948 723 153 28 Solicii'ed.

674 817 41 54 P
799 812 43 37 A.
919 805 303 42 MILLER,

674 888 132 25 builder,
818 884 106 22 joiner
938 882 62 21 and
1019 879 205 25 undertaker,

767 938 72 29 Ross
858 935 96 34 Place,
974 932 165 30 Laweence.

677 1037 122 33 PLANS
811 1035 80 31 AND
905 1028 320 35 SPECIFICATIONS

816 1091 26 28 A
862 1085 222 32 SPECIALTY.

678 1185 151 38 Quantities
843 1181 137 38 Prepared
1002 1180 56 28 and
1079 1178 150 29 Estimates

703 1226 87 29 Given
803 1224 43 28 for
858 1221 34 29 all
906 1221 101 28 classes
1020 1219 29 29 of
1063 1217 136 30 Builders'

905 1260 101 30 Work.

678 1348 56 55 M
834 1347 33 40 J.
955 1343 188 41 BLO
1181 1343 49 44 Y,

702 1415 197 25 WHITEHAVEN
912 1414 113 26 STREET,
1039 1413 169 22 LAWRENCE.

681 1506 98 30 BOAR
787 1505 16 14 r
830 1503 81 31 AND
940 1501 220 31 RESIDENCE
1180 1500 50 30 AT

721 1554 255 31 REASONABLE
997 1552 188 29 CHARGES.

787 1646 95 28 Mkals
901 1653 33 19 at
952 1651 50 21 all
1020 1644 106 28 Hours.

694 1738 58 28 The
766 1738 61 28 best
843 1734 243 30 Accommodation
1108 1734 44 28 for
1164 1733 48 29 the

814 1776 159 37 Travelling
987 1774 106 28 Public.

675 1863 103 31 GOOD
793 1861 201 31 STABLING.
1035 1861 96 28 OATS
1149 1860 81 29 AND

787 1902 128 30 CHAFF
936 1901 52 29 ON
1012 1901 106 29 SALE.

680 1979 54 56 JJ
746 1978 99 30 ERB
860 1976 62 30 ER
935 1976 22 28 T
1006 1976 101 28 AND
1157 1976 74 35 CO.,

867 2044 170 21 LAWRENCE.

832 2135 155 30 Importers
1006 2144 31 20 of

675 2193 200 37 Ironmongery

761 2237 189 40 Agricultural
976 2237 183 38 Implements

936 2284 189 37 Agricultural
1147 2283 11 38 I
1169 2283 10 38 1
1190 2283 42 38 eeds

848 2342 215 29 GROCERIES

694 2401 96 29 TEAS
903 2401 97 28 TEAS
1115 2401 97 26 TftAS

680 2448 125 40 (Ceylon)
896 2447 122 37 (Indian)
1108 2446 121 38 (China.)

677 2526 94 50 W.
842 2524 59 65 J.
964 2523 269 60 Martin,

679 2604 285 32 WATCHMAKER
983 2604 23 29 &
1022 2603 209 30 JEWELLER

770 2658 69 30 Ross
859 2658 98 35 Piace,
978 2657 164 29 Law-rence.

681 2740 139 36 Watches,
839 2739 101 29 Clocks
960 2738 55 29 and
1037 2737 145 31 Jewellery
1204 2738 28 28 of

724 2781 35 28 all
773 2781 180 37 descriptions
966 2780 69 37 kepi
1048 2779 28 27 in
1091 2778 95 29 Stock.

696 2832 70 30 Nice
780 2832 136 29 Selection
929 2832 28 28 of
977 2830 78 36 Gem,
1069 2830 144 38 Wedding

808 2879 54 21 and
877 2872 110 37 Keeper
1000 2872 98 37 Rings.

679 2954 17 20 A
711 2953 105 21 CHOICE
837 2952 182 21 ASSORTMENT
1041 2952 34 20 OF
1095 2951 137 21 ARTICLES

700 2986 139 21 SUITABLE
849 2985 56 21 FOR
916 2984 140 22 WEDDING
1066 2984 149 21 PRESENTS.

736 3054 156 39 Spectacles
905 3059 29 24 to
948 3053 62 29 Suit
1023 3053 35 28 all
1074 3053 104 38 Sights.

697 3135 105 29 Watch
835 3143 55 20 and
924 3134 89 29 Clock
1050 3133 118 28 Repairs
1201 3141 15 19 a

881 3180 158 25 {specialty.

676 3257 114 39 Repairs
804 3267 31 18 or
848 3255 102 30 Orders
968 3256 70 28 from
1053 3255 47 28 the
1114 3258 118 35 country

726 3298 36 39 by
784 3300 63 37 post
869 3297 55 28 will
947 3297 105 29 receive
1074 3300 113 35 prompt

878 3338 146 28 attention.

692 3413 110 25 FANCY
828 3413 112 25 GOODS
958 3412 70 25 AND
1049 3412 166 25 DRAPERY.

682 3519 104 53 FJ.
823 3518 138 24 WATHRS
987 3518 90 24 desires
1104 3522 25 20 to
1153 3518 74 29 no;ify

724 3569 5 5 .
761 3552 54 24 that
830 3552 42 23 she
886 3551 70 29 keeps
967 3551 23 24 in
1001 3552 66 23 stock
1084 3551 86 24 Ladies
1182 3556 45 18 and

676 3584 114 24 Children
801 3592 10 15 s
829 3583 199 31 Underclothing,
1045 3584 47 22 aud
1105 3584 30 22 all
1155 3583 74 25 kinds

677 3619 22 23 ef
714 3618 117 30 Drapery.

707 3661 81 31 Fancy
801 3660 82 25 Goods
895 3669 13 16 a
924 3660 136 32 Specialty.

714 3705 134 25 Christrna#
858 3704 47 24 and
918 3704 54 24 New
987 3704 62 24 Year
1060 3708 138 27 presents

801 3758 13 15 a
832 3755 64 25 great
910 3750 87 28 variety
1009 3756 23 17 to
1046 3751 61 22 hand

801 3784 135 22 Infection
948 3783 94 22 luvited

704 3815 114 31 Painting
832 3815 44 23 and
889 3822 33 17 a-t
950 3814 152 26 needlework
1115 3817 86 26 tai'ght

772 3853 112 19 bummer
897 3849 81 24 iooils
995 3857 51 15 now
1060 3859 29 13 4>n
1108 3850 61 23 laai/d

681 3903 267 25 AddressOrmond'b
960 3903 115 30 Building
1086 3905 130 28 Roxburgh

829 4022 58 20 THE
900 4022 185 21 CELEBRATED

678 4061 171 29 CORNISH
869 4061 204 29 AMERICAN
1092 4063 141 30 PIANOS

821 4108 81 29 AND
930 4109 160 31 ORGANS.

686 4185 173 30 VTESSRS
886 4186 167 31 CORNISH
1076 4188 24 29 &
1115 4190 56 29 CO.
1186 4202 45 18 are

688 4220 7 20 1
778 4227 47 28 the
838 4227 64 39 only
915 4228 60 29 firm
990 4229 29 29 of
1032 4231 90 28 actual
1136 4242 76 19 manu-

680 4268 134 27 facturers
828 4268 29 28 of
875 4269 67 38 high
965 4270 86 37 grade
1065 4270 98 29 Pianos
1176 4273 54 28 and

681 4307 108 39 Organs
814 4308 28 28 in
868 4309 47 28 the
949 4309 105 29 United
1081 4314 90 27 States
1203 4313 29 29 of

680 4348 111 28 Ameria
823 4349 100 37 selling
951 4350 167 39 exclusively
1144 4353 87 29 direct

679 4387 72 29 from
764 4388 46 29 the
824 4390 106 37 factory
942 4395 28 23 to
981 4391 45 27 the
1036 4392 112 35 general
1160 4394 56 37 pub
1224 4413 6 3 -

679 4428 44 35 lic,
732 4432 29 24 at
770 4429 169 39 guaranteed
950 4430 142 30 wholesale
1103 4433 74 38 price
1188 4434 43 28 for

678 4480 16 18 a
707 4469 88 39 single
809 4471 176 29 instrument.
1023 4471 45 31 No
1082 4480 97 31 agents
1200 4485 30 18 or

678 4509 105 28 dealers
805 4520 46 19 are
872 4511 114 28 allowed
1010 4515 28 26 to
1061 4513 99 29 handle
1183 4515 47 28 the

680 4549 116 30 Cornish
806 4551 145 29 American
963 4551 100 30 Pianos
1071 4564 31 18 or
1110 4553 118 39 Organs.

679 4589 28 30 It
719 4590 23 29 is
753 4590 61 38 just
826 4602 30 17 as
869 4602 63 27 easy
946 4591 43 30 for
1003 4593 47 28 the
1072 4593 109 29 readers
1200 4595 30 28 of

680 4630 53 29 this
746 4641 85 28 paper
843 4635 28 26 to
884 4632 36 29 sit
933 4632 81 29 down
1038 4634 54 28 and
1115 4634 80 29 order
1213 4645 17 18 a

679 4670 85 30 Piano
778 4682 31 18 or
823 4672 92 39 Orgau
928 4673 72 30 from
1013 4675 136 35 America,
1162 4686 29 18 as
1201 4680 28 24 to

680 4710 80 29 order
769 4722 52 18 one
833 4713 70 28 from
915 4713 71 29 their
997 4715 85 28 music
1092 4718 82 33 store,
1183 4715 47 29 the

678 4751 64 39 only
756 4751 146 32 difference
918 4754 83 39 being
1014 4755 66 38 they
1093 4755 54 29 will
1165 4767 65 18 save

680 4791 69 30 from
763 4793 36 28 50
812 4798 28 24 to
858 4795 48 28 100
920 4805 49 28 per
981 4800 72 25 cent.

718 4831 52 30 We
784 4833 68 29 have
868 4834 107 39 Organs
988 4837 71 28 from
1071 4838 40 28 6
1123 4841 27 25 to
1163 4838 70 34 25,

682 4871 98 30 Pianos
793 4874 69 29 from
877 4875 57 28 34
947 4880 28 24 to
989 4877 66 36 ()0,
1066 4878 54 28 and
1129 4889 41 18 we
1183 4878 48 29 sell

682 4912 42 29 for
737 4914 65 28 cash
816 4925 31 18 or
873 4926 71 27 upon
965 4917 160 30 instalment
1143 4920 88 37 plans,

681 4955 29 26 to
723 4954 55 28 suit
800 4955 47 28 the
871 4957 181 30 convenience
1066 4960 28 28 of
1108 4959 46 29 the
1167 4970 49 28 pur-

681 4992 103 31 chaser.
824 4995 58 29 Our
912 4996 76 40 large
1016 4999 54 29 and
1097 5000 134 38 complete

680 5033 142 38 catalogue
845 5035 55 28 will
925 5037 34 29 be
984 5038 153 30 forwarded
1157 5050 73 28 upon

680 5079 118 32 request.
837 5075 28 29 It.
878 5076 22 28 is
915 5077 46 29 the
974 5078 80 30 finest
1063 5080 167 38 description

680 5111 28 30 of
722 5112 97 33 Pianos
833 5115 55 31 and
902 5115 108 43 Organs
1022 5119 91 31 issued
1127 5120 37 40 by
1175 5131 54 29 any

679 5153 60 29 firm
762 5156 27 27 in
812 5158 47 28 the
885 5164 124 33 country,
1021 5162 55 26 and
1089 5162 79 36 gives
1181 5162 47 28 the

678 5195 88 28 actual
777 5195 106 42 factory
897 5198 79 30 value
988 5200 29 28 of
1029 5209 83 30 every
1125 5200 88 30 instru-

678 5239 75 25 ment
764 5236 22 28 it
799 5237 147 31 describes.
969 5240 76 30 With
1057 5252 83 28 every
1153 5246 59 24 cata-

676 5273 81 41 logue
769 5277 24 29 is
805 5280 147 36 presented
964 5291 52 19 our
1026 5282 103 39 unique
1142 5282 71 29 refer-

676 5325 66 20 ence
755 5317 82 37 book,
878 5320 58 29 The
949 5321 88 30 Heart
1049 5323 30 28 of
1091 5323 48 28 the
1157 5322 52 29 Peo-

772 5357 88 33 Write
868 5360 44 31 for
921 5363 152 38 catalogue.
1094 5364 133 35 Address,

797 5409 170 33 CORNISH
987 5413 24 30 &
1036 5414 68 37 CO.,

689 5455 160 30 WABHWGffON,
862 5460 56 22 NEW
930 5461 92 27 Jirskt,
1031 5462 60 27 U.S.,
1102 5463 112 20 AMERICA.

821 5529 136 31 WIFE'S
1007 5532 185 30 WELFARE

762 5569 123 31 Treatise
904 5572 99 39 posted
1024 5572 68 30 free.
1131 5572 29 30 It
1176 5571 55 29 will

679 5609 79 29 teach
780 5621 55 26 you
861 5622 74 20 more
948 5614 68 28 than
1028 5613 37 29 all
1086 5612 48 30 the
1151 5622 80 29 years

676 5650 101 38 you've
790 5652 82 29 lived.
911 5654 91 37 Every
1014 5664 106 18 woman
1133 5652 99 29 should

676 5690 64 29 read
771 5691 32 29 it.
843 5692 89 30 Write
965 5693 76 30 Prof.
1076 5693 147 29 Hermann

678 5730 108 30 French
800 5731 157 40 Specialist,
971 5734 34 27 40
1026 5725 207 47 Collins-place'

672 5771 172 32 Melbourne.

1286 779 488 85 AUTUMN

1791 1334 83 30 AND

1912 1825 476 92 WINTER

1334 3374 168 187 A
1705 3374 290 187 At
2076 3374 208 187 T
2284 3374 41 116 1

1276 3550 357 97 JLJLm
1703 3511 296 139 Ob/
2131 3511 139 136 JL

1782 4612 25 16 v.#

1579 5154 49 52 I)
1658 5150 49 56 u
1736 5149 41 53 N
1804 5148 40 52 E
1870 5145 49 53 I)
1950 5144 23 53 I
1997 5145 77 53 IS'.

2514 981 60 28 FIR
2581 980 52 29 ST.
2842 980 158 32 SECOND.
3208 984 129 29 THIRD.
3537 986 165 29 FOURTH.
3903 986 122 30 FIFTH.

2412 1022 59 31 BO<
2483 1026 21 20 if
2516 1023 17 25 S
2569 1021 65 30 with
2673 1021 55 28 this
2770 1021 39 29 On
2826 1022 54 29 this
2903 1022 90 29 Brand
3014 1023 63 38 only
3118 1023 72 38 Only
3210 1025 47 28 the
3278 1036 67 27 very
3368 1026 60 28 best
3469 1026 133 37 Farmers,
3661 1028 110 35 Miners,
3810 1028 58 28 The
3876 1028 135 28 standard
4023 1025 91 31 Brand
4127 1037 8 12 *

2471 1064 33 28 I'd
2516 1075 33 16 on
2563 1064 45 28 Hie
2617 1062 59 29 heel
2685 1073 45 18 are
2770 1063 46 29 the
2848 1074 66 27 very
2952 1065 61 28 best
3051 1065 29 28 of
3118 1065 28 28 of
3158 1065 139 30 Materials
3308 1077 45 18 are
3362 1067 65 28 used
3468 1068 50 28 and
3534 1068 34 28 all
3585 1070 58 26 who
3657 1073 73 23 want,
3743 1075 29 22 to
3815 1072 79 26 I'oots
3908 1069 51 29 and
3973 1069 141 29 Shcesai*6
4122 1072 12 11 <>

2413 1117 44 28 gn-
2472 1103 68 45 i:m!.;
2551 1103 179 29 rdtoFitand
2772 1103 152 29 Workmen
2954 1115 44 18 are
3024 1116 55 18 em-
3118 1106 26 27 in
3181 1106 55 28 tVis
3277 1107 91 28 Brand
3403 1108 27 27 of
3468 1108 69 37 keep
3559 1110 69 27 tlnir
3642 1109 55 29 feet
3711 1110 59 38 dry,
3809 1110 99 28 known
3929 1110 69 28 from
4030 1108 105 30 ~

2490 1145 58 28 Wc
2563 1158 10 14 r
2587 1145 70 29 well.
2750 1143 3 44 |
2873 1145 108 38 ployed.
3098 1143 4 44 |
3146 1146 84 30 Boots
3243 1148 54 28 and
3313 1148 86 29 Shoes
3503 1153 42 34 try
3560 1151 54 27 tin*
3636 1151 89 28 Brand
3811 1150 62 28 land
3888 1157 28 21 to
3930 1151 46 29 the
3991 1150 75 28 Bluff

3846 1190 115 35 sterling
3971 1190 112 37 quality.

2455 1227 72 28 ALL
2553 1225 115 29 HOOTS
2690 1225 171 29 BEARING
3188 1227 51 29 ON
3268 1227 200 30 'IHEHFJL
3501 1229 72 28 ARK
3603 1230 316 30 MANUFACTURED
3944 1230 33 28 IN
4002 1229 76 30 THB

2734 1265 252 30 CELEBRATED
3035 1267 206 29 STANDARD
3294 1268 131 28 BRAND
3447 1269 95 29 BOOT
3563 1270 174 30 FACTORY
3759 1271 48 27 BY

2699 1331 33 51 S
2747 1331 322 66 A.RGOOD,
3115 1331 128 56 SON
3284 1332 44 54 &
3370 1332 100 56 EV\
3506 1334 38 54 E
3557 1338 24 28 x
3602 1379 10 18 ,
3665 1361 189 31 DUNEDIN.

2468 1400 177 22 whlksale
2671 1400 87 21 only.

2658 1465 48 12 JJU
2718 1465 14 11 1
2986 1465 1 17 j

2420 1508 179 53 MILLS,
2620 1508 134 42 DICK,
2780 1507 37 36 &
2843 1507 129 36 CO.'S
3004 1486 480 71 Matlliew
3535 1505 47 43 &
3633 1488 458 70 lialmers

2663 1566 70 29 1897

2438 1621 78 31 ALM
2533 1619 95 30 >SAC
2651 1628 53 20 and
2727 1616 229 32 DIRECTORY.
3205 1619 249 56 COACH
3528 1620 176 55 BUS!.
3716 1620 117 55 DE<
3850 1627 9 19 '
3876 1635 50 49 \

2605 1668 84 33 Price,
2706 1670 29 24 Is
2750 1668 44 26 od.
3915 1668 10 16 '

3242 1719 331 36 WHEELWRIGHTS,
3614 1721 287 35 BLACKSMITHS,

2420 1751 90 37 Every
2540 1750 123 33 Fakmer,
2692 1750 104 32 Miner,

2669 1795 55 28 and
2753 1794 132 28 Business
2911 1792 68 29 Man
3546 1793 55 19 and

2499 1851 104 28 Should
2633 1849 120 29 Procure
2775 1860 16 17 a
2817 1849 87 37 Copy.
3098 1849 302 30 AGRICULTURAL
3440 1846 229 31 IMPLEMENT
3708 1846 348 38 MANUFACTURERS,

2452 1929 57 30 Can
2537 1929 34 28 be
2598 1928 54 29 had
2679 1928 71 28 from
2777 1928 47 27 the
2850 1926 101 28 under-
3372 1922 73 30 Ross
3485 1922 98 35 Place,
3622 1922 163 29 Lawrence.

2603 1968 197 29 mentioned

2460 2030 119 28 Mackay
2594 2029 94 34 Bros.,
2703 2027 156 38 Roxburgh
3052 2018 74 28 ALL
3167 2017 121 29 KINDS
3329 2017 47 29 OF
3414 2015 146 30 MINING
3599 2014 237 30 MACHINERY
3873 2015 108 28 MADE
4019 2015 81 30 AND

2459 2070 27 29 J.
2502 2069 128 35 Noonan,
2646 2069 109 28 Ettrick
3476 2067 206 29 REPAIRED.

2459 2111 93 29 Johns
2566 2120 56 20 and
2637 2109 147 36 M'Combe,
2799 2108 105 29 Millers
2918 2106 61 30 Flat

2459 2154 27 28 J.
2502 2152 33 30 R.
2552 2152 93 36 Kemp,
2660 2152 69 28 Bald
2745 2150 56 29 Hill
2817 2149 62 29 Flat
3466 2163 112 28 Agents
3598 2171 49 20 for

2460 2194 32 28 L.
2507 2195 90 32 Ryan,
2611 2193 72 34 Jnr.,
2698 2191 160 30 Alexandra
2872 2190 89 28 South

2460 2234 32 29 B.
2507 2232 124 37 Naylor,
2647 2232 88 39 Clyde
3011 2232 229 40 Massey-Harris
3262 2232 121 38 Reapers
3406 2230 55 30 and
3487 2230 127 36 hinders,
3636 2229 178 36 Cultivators,
3841 2229 136 37 Scufflers,
4003 2229 120 40 Ploughs

3474 2272 91 28 Horse
3578 2271 100 36 Rakes,

2425 2317 33 36 11/
2587 2317 99 29 Ladies
2708 2316 138 38 complain
2859 2315 61 28 that
2933 2314 47 28 the
3315 2324 124 30 Peerless
3461 2324 52 35 Oil,
3535 2323 103 29 Binder
3657 2323 103 36 Twine,
3781 2322 49 29 &c.

2521 2359 56 30 Tea
2590 2358 65 38 they
2669 2358 70 28 have
2749 2357 70 28 been
2835 2356 81 38 using
2930 2355 48 28 has

2424 2400 108 29 neither
2542 2400 128 37 strength
2682 2409 50 18 nor*
2740 2398 114 27 flavour.
2876 2397 27 27 If
2914 2397 63 26 tliev
3141 2408 36 28 \y
3180 2418 30 18 or
3212 2407 18 29 k
3261 2406 153 30 Entrusted
3436 2409 29 25 to
3491 2404 42 30 Us
3560 2405 54 28 will
3640 2404 117 29 Receive
3784 2403 115 40 Prompt
3925 2404 151 29 Attention.

2424 2445 43 35 try
2483 2440 87 30 Kozie
2582 2439 56 30 Tea
2651 2439 66 38 they
2730 2438 55 29 will
2800 2438 33 29 be
2847 2436 130 31 satisfied.

2422 2483 92 27 Johns
2532 2481 24 29 &
2575 2480 150 36 M'Combe,
2740 2481 118 37 Agents,
2873 2477 105 29 Millers
3336 2487 133 22 charges
3495 2486 136 21 strictly
3658 2486 155 20 moderate

2423 2524 71 28 Flat.

3268 2576 76 29 FOR
3382 2575 120 29 SALE!

3649 2573 74 30 FOR
3762 2573 116 30 SALE!

2425 2692 138 30 CTOCK
2591 2691 35 28 all
2649 2691 47 28 the
2721 2690 113 37 leading
2864 2691 5 23 I
2884 2687 93 36 nglish
3012 2683 44 33 J\.

2497 2733 54 29 and
2566 2732 120 30 German
2700 2730 99 29 Makes
2813 2729 30 29 of
2857 2728 99 29 Pianos
2971 2738 6 18 :
3310 2731 29 25 U
3363 2740 45 26 \i
3423 2738 166 40 pWTT
3607 2739 25 37 A
3647 2738 146 43 VTTIV

2412 2761 1 52 j
2473 2785 176 25 BRINSM3AD,
2669 2783 139 25 COLLATED,
2827 2781 100 26 SA.MES,
3362 2761 41 33 li
3414 2761 45 32 Hi
3479 2774 37 18 H
3534 2761 109 32 li\
3659 2761 22 31 V
3697 2761 89 31 JLll

2617 2811 168 25 eavestoff,
3473 2813 143 29 Produced
3642 2813 36 37 by

2422 2851 286 60 schwechto^UPP,
2718 2847 261 27 ORS.tKALLMAN,
3178 2867 163 30 YANKEE
3361 2865 242 29 ENTERPRISE
3624 2864 77 29 OUT
3722 2864 48 27 OF
3793 2862 183 29 AMERICA.

2645 2900 26 40 J
2709 2905 12 34 1
3279 2907 46 39 Up
3339 2911 28 25 to
3381 2917 53 28 any
3448 2905 113 39 weight,
3575 2905 54 30 and
3642 2905 100 30 carries
3755 2914 15 18 a
3784 2902 87 39 Lady.

2462 2963 120 38 GhS-S.
2740 2959 84 38 and
2848 2958 98 38 CO.'S
3084 2961 175 29 Guaranteed
3271 2959 169 39 thoroughly
3450 2958 87 29 sound
3551 2959 54 28 and
3615 2958 84 39 quiet.
3742 2956 62 29 Will
3815 2966 61 28 pass
3888 2955 113 29 traction
4013 2954 120 38 engines,

3009 3007 94 31 trams,
3118 3003 96 35 trains,
3229 3005 171 30 motor-cars,
3415 2999 100 29 forked
3529 2999 153 39 lightning,
3696 3008 31 19 or
3746 2998 137 38 anything
3905 2996 64 37 else,
3990 2996 110 37 barring
4118 3006 16 16 a

2423 3032 234 31 EXHIBITION
2687 3031 133 29 MODEL
2852 3029 118 29 PIANO
2972 3061 7 13 ;
3009 3045 8 27 j
3019 3045 53 37 a(^v
3088 3053 80 19 moull
3172 3043 46 28 ted
3233 3053 33 18 on
3281 3041 116 29 another
3422 3041 164 28 Newhaven
3608 3040 125 29 Bicycle.

2626 3085 57 28 BB
2703 3092 77 20 nett.

3085 3122 183 30 FARMERS
3283 3121 145 40 requiring
3443 3120 84 30 Grain
3537 3121 96 35 Drills,
3644 3119 105 39 Turnip
3763 3119 53 29 and
3828 3119 115 29 Manure
3951 3117 91 35 Drills,
4054 3115 78 30 Com-

2424 3165 121 31 STORY
2572 3165 23 30 &
2624 3163 163 31 CLARK'S
2817 3161 163 38 ORGANS,
3012 3165 82 30 bined
3109 3164 94 37 Drills,
3217 3163 66 30 Disc
3296 3166 142 33 Harrows,
3452 3161 134 40 Ploughs,
3602 3161 70 30 Seed
3689 3159 137 38 Cleaners,
3837 3172 31 19 or
3880 3172 52 26 any
3946 3159 77 30 other
4034 3156 100 40 lmple-

2522 3217 178 24 TCTAfRALL
2721 3215 153 26 ORGANS
3009 3210 91 24 ments
3113 3217 32 17 or
3158 3206 141 28 Machines
3313 3204 98 28 should
3422 3203 67 28 send
3503 3203 44 29 for
3560 3214 50 17 our
3622 3202 153 36 catalogue.

2521 3232 179 14 jvaju-UAAJAJ
2721 3232 49 13 UIt
3034 3246 58 21 THE
3106 3245 146 22 COLONIAL
3265 3243 149 23 COMBINED
3433 3243 102 21 DRILLS
3548 3243 62 21 AND
3624 3242 63 21 DISC
3701 3241 146 22 HARROWS
3860 3242 57 21 ARE
3930 3241 56 21 THE
4002 3237 61 23 BEST
4077 3236 31 22 IN

2412 3267 1 28 I
2423 3270 81 25 Emm
2515 3271 57 24 2O
2582 3273 28 22 tn
2620 3269 57 26 #SO
2717 3269 81 26 From
2810 3268 56 27 2O
2875 3271 29 24 to
2913 3267 66 28 SO.
3461 3271 57 21 THE
3538 3271 126 21 MARKET.

2423 3270 82 30 From
2514 3271 58 29 2O
2582 3273 28 26 to
2620 3267 79 33 50..
2709 3269 90 30 .From
2810 3268 56 30 2O
2875 3267 104 30 toso.
3461 3271 57 21 the
3538 3271 126 21 market.

2422 3351 149 29 BEKSON
2655 3350 136 29 &
2792 3349 44 30 BOOST'S
2857 3347 123 31 BRASS
3921 3340 105 59 #,

2559 3389 288 32 INSTRUMENTS.
3142 3391 8 3 '
3291 3417 56 15 TTVr
3577 3416 219 16 nuDTe-mnn
3800 3415 79 17 pnn

3262 3418 182 30 DUNbDIN
3483 3426 54 20 and
3577 3416 218 30 CHRISTCIIU
3801 3415 86 35 RCH,

2423 3473 99 29 Violin
2538 3474 67 28 Bow
2624 3473 154 27 Repairing
2791 3481 17 18 a
2822 3471 156 29 Specialty.
3326 3470 64 29 Sole
3403 3471 109 35 Agents
3526 3470 28 27 in
3568 3469 68 28 New
3649 3468 118 29 Zealand
3781 3467 43 28 for

2462 3524 103 34 Violin,
2581 3524 65 28 Bow
2660 3523 54 29 and
2732 3521 101 31 Case...
2876 3520 67 38 30/-
3239 3510 221 30 M'COBMICK
3479 3507 251 32 HARVESTING
3749 3505 181 30 MACHINE
3950 3504 56 30 CO.

2459 3565 186 33 Accordeons,
2659 3563 72 28 from
2804 3586 29 4 ...
2895 3559 47 39 7/(5

2491 3643 112 31 CHAS.
2624 3642 102 29 BEGG
2750 3642 81 28 AND
2852 3641 57 30 CO.
3057 3608 216 57 COSS
3290 3605 106 57 EN
3413 3609 34 52 S
3513 3604 173 58 AND
3752 3603 173 56 BLA
3946 3598 135 66 CK,

2421 3693 81 30 Have
2522 3694 47 27 the
2594 3693 103 39 largest
2721 3691 55 28 and
2798 3694 73 25 most
2883 3690 94 29 varied
3134 3695 235 37 ENGINEERS,
3389 3693 286 36 BLACKSMITHS,
3696 3689 273 34 MILLWRIGHTS
3990 3688 24 30 &

2420 3735 79 28 stock
2514 3734 28 28 of
2556 3734 90 28 Music
2657 3733 26 27 in
2696 3732 47 28 the
2754 3732 113 36 Colony.
2908 3731 69 28 New
3418 3734 314 36 IRONFOUNDERS,

2519 3774 160 39 Shipments
2693 3771 189 38 Fortnightly.
3283 3786 364 27 CRAWFORD-STREET,
3687 3784 172 23 DUNEDIN.

2605 3826 71 28 New
2697 3825 97 28 Songs.
3609 3832 5 25 ;

2456 3867 82 27 Morn
2571 3867 30 27 of
2640 3866 123 28 Sorrows
2765 3862 211 28 Snowflakes
3323 3854 383 30 MANUFACTURERS
3741 3853 84 28 OF

2419 3906 174 30 FairGate
2606 3906 29 29 of
2653 3903 157 31 LifeFor
2830 3902 46 29 the
2901 3901 74 30 Cliil-
3007 3899 141 38 Pumping
3162 3897 55 30 and
3240 3896 137 38 Winding
3398 3896 170 38 Machinery,
3594 3893 230 31 HYDRAULIC
4009 3890 118 29 PLAN!

2419 3948 91 29 dren's
2526 3946 183 30 SakeWilt
2723 3946 77 27 Thou
2813 3944 35 28 be
2864 3943 111 27 Mine
3076 3939 158 37 (including
3249 3937 154 38 Hydraulic
3418 3937 120 35 Giants),
3554 3936 90 28 Sluice
3659 3935 109 35 Valves,
3783 3935 126 28 Elevator
3927 3932 137 37 Castings,

2420 3988 139 29 Sunshine
2592 3987 97 28 Above
2692 3985 94 29 She
2820 3984 101 35 Stoops
2946 3985 29 24 to
3313 3976 64 28 lion
3393 3975 55 28 and
3465 3975 75 29 Steel
3555 3975 140 38 tluming,
3709 3975 59 35 &c.,
3784 3974 47 29 &c.

2420 4027 212 39 ConquerNo
2655 4027 44 28 for
2721 4036 33 18 an
2777 4026 115 27 Answer
2893 4022 82 28 No
3116 4029 158 28 DREDGE
3301 4026 217 35 TUMIiLERS,
3540 4026 185 34 BUCKETS,
3746 4026 127 33 LINKS,
3894 4024 58 34 &c.,
3972 4022 47 29 &c.

2420 4068 90 29 Man's
2525 4067 86 29 Land.
3009 4069 206 35 Waterwheels,
3228 4067 145 34 Turbines,
3387 4065 84 29 Brick
3485 4066 55 28 and
3554 4066 84 28 Drain
3655 4065 67 38 Pipe
3737 4065 118 39 Making
3866 4064 53 29 and
4031 4061 104 30 Work--

2551 4120 100 28 Violin
2671 4126 55 20 AND
2746 4117 97 27 Piano.
3153 4109 172 36 Machinery.
3365 4105 90 29 Horse
3469 4107 119 34 Powers,
3603 4106 194 35 Chaffcutters,
3812 4106 102 37 Turnip
3933 4104 122 38 Pulpers,

2457 4160 129 28 Andante
2608 4162 29 24 et
2660 4158 119 28 Scherzo
2802 4154 173 39 Capriccioso
3322 4146 36 28 all
3372 4146 82 28 kinds
3468 4146 28 28 of
3509 4146 160 36 Machinery
3683 4146 55 28 and
3753 4147 128 37 Gearing.

2422 4200 113 30 (David)
2615 4196 100 30 Bach's
2758 4199 42 25 Ist
2840 4195 135 29 Concerto
3495 4201 5 6 '

2424 4240 108 36 (Aland)
2535 4239 126 28 Three
2697 4236 95 28 Pieces
2819 4235 156 38 Classiqnes
3121 4230 18 20 A
3921 4226 79 23 VERY
3273 4226 95 22 LARGE
3394 4225 89 22 STOCK
3508 4225 37 22 OF
3570 4224 145 24 PATTERNS
3739 4226 36 21 TO
3800 4225 103 22 SELECT
3930 4224 84 21 PROM.

2421 4276 286 40 (ftgghianti)Les
2713 4276 106 29 Echoes
2824 4273 147 38 (Leonard)
3003 4294 216 34 EgTIMATES
3239 4294 131 29 GIVEN.
3540 4291 356 30 CORRESPONDENCE
3917 4290 213 31 SOLICITED.

2419 4319 174 29 Mazurka
2631 4319 34 27 de
2710 4316 119 29 Conceit
2876 4315 98 34 (Ovide

2420 4358 103 36 Musin)
2556 4359 146 29 -Romance
2738 4356 124 35 (Jansen)
2905 4356 53 25 Sou
3020 4380 24 27 j^
3047 4389 13 18 e
3062 4389 18 22 p
3082 4389 14 16 a
3099 4378 7 27 j
3110 4388 25 17 rs
3149 4387 44 17 alK
3194 4375 9 28 ]
3217 4385 82 26 every
3313 4374 165 37 description
3495 4374 28 27 of
3537 4373 190 37 Engineering
3739 4373 54 28 and
3812 4372 194 29 Blacksmith's
4020 4372 87 28 Work

2420 4398 126 29 vemrde
2558 4398 104 38 Haydn
2679 4398 20 35 (.
2714 4395 125 36 eonard).
3064 4393 16 22 F
3405 4412 143 39 Promptly
3569 4412 149 29 Executed.

3540 4292 356 31 CORRESPONDENCE
3917 4291 200 30 SOLICITED

2420 4399 77 28 venir
2511 4399 33 27 de
2559 4399 103 37 Haydn
2679 4398 20 35 (.
2714 4396 121 36 eonard),

2460 4482 122 36 Chas.
2606 4482 109 44 Begg
2743 4478 82 37 and
2850 4476 73 40 Co.,

2436 4540 31 28 21
2510 4539 119 30 Princes
2665 4538 112 34 Street,
2812 4535 138 33 Dunedin,

2417 4591 115 38 Having
2556 4602 16 16 a
2598 4591 75 28 Most
2700 4589 126 28 Efficient
2850 4586 71 28 Staff
2940 4585 30 27 of

2419 4631 160 35 Workmen,
2589 4641 50 18 can
2650 4629 100 39 Repair
2760 4628 53 28 and
2834 4631 70 23 i'une
2915 4635 53 28 any

2539 4670 116 29 Musical
2674 4670 172 27 Instrument

2471 4720 50 29 AT
2547 4718 210 31 MODERATE
2779 4715 132 31 RATES.

2467 4784 32 23 To
2515 4789 27 17 be
2556 4785 129 21 Published
2699 4788 24 16 in
2733 4783 114 24 January,
2862 4780 55 22 1898.

2622 4829 124 31 OTAGO
2777 4829 23 28 &
2827 4828 142 28 SOUTH-

2661 4869 105 30 LAND

2468 4927 152 24 Commercial,
2636 4924 134 25 Municipal,
2782 4923 17 20 k
2813 4923 107 20 General

2576 4969 238 36 DIRECTORY,

3330 4509 37 33 ON
3398 4491 79 51 THE~
3492 4508 86 34 HILLS
3608 4508 35 34 GF
3672 4508 103 34 SUNNY
3803 4492 129 52 CEYLON*

3391 4598 66 36 slzi

2668 5029 33 16 AN
2707 5029 15 15 U
3024 5029 6 15 I
3238 5029 5 13 :

2454 5070 92 30 NEW
2562 5067 182 32 ZEALAND
2759 5064 173 35 ANNUAL,
3023 5038 51 58 [K
3109 5052 64 37 THE
3188 5053 88 36 MOST
3287 5052 159 35 DELICIOUS
3460 5052 22 35 &
3498 5050 194 37 ECONOMICAL
3706 5050 61 35 TEA
3782 5050 28 35 IN
3826 5050 63 35 THE
3903 5050 112 36 WORLD,
4030 5038 4 62 j
4048 5053 30 43 K

2638 5147 117 41 '
2840 5204 7 6 _
2895 5202 6 7 _
2998 5130 128 67 W
3140 5148 9 22 :
3172 5124 364 73 Somldf
3582 5123 67 70 i
3929 5147 189 29 DUNEDIN.

2439 5209 167 32 Fourteenth
2625 5207 74 30 Year
2718 5205 30 30 of
2766 5202 181 32 Publication.
3429 5216 91 29 Local
3540 5216 145 28 Agents

2416 5291 90 36 Demy
2532 5289 52 28 Bvo
2610 5286 64 36 size,
2700 5283 161 37 containing
2883 5282 84 28 about
3032 5275 34 29 D.
3083 5273 196 37 CORMACK,
3300 5271 172 40 Roxburgh;
3492 5269 123 30 JOHNS
3636 5270 23 29 &
3680 5268 181 38 M'COMBE,
3882 5270 105 29 Millers
4008 5268 72 32 Flat.

2434 5330 53 30 900
2493 5326 225 43 pages,together
2726 5325 65 29 with
2801 5331 146 21 numerous

2470 5372 81 33 Maps
2575 5366 140 31 corrected
2735 5371 29 22 to
2777 5365 73 33 date,
2863 5363 47 28 the
2994 5368 42 37 p
3134 5370 24 35 J
3247 5365 298 40 WILLIAMS,
3566 5353 51 52 K
3621 5353 147 52 O2l^
3772 5353 24 28 1
3799 5375 6 6 *
3843 5353 25 28 A
3882 5353 175 38 stimulating
4066 5354 56 29 and

2497 5407 87 31 whole
2597 5405 179 35 handsomely
2789 5402 95 30 bound
3508 5416 8 6 -
3656 5395 154 36 sustaining
3823 5402 52 29 cup
3888 5403 28 18 in
3929 5403 122 19 summer
4067 5393 54 30 and

2525 5449 27 28 in
2566 5447 84 36 cloth,
2661 5444 193 41 gilt-lettered.
3019 5438 202 23 HAIRDRESSER
3240 5438 62 21 AND
3321 5435 199 25 TOBACCONIST,
3567 5435 103 28 winter.
3709 5433 35 28 D.
3761 5433 142 35 Coumack,
3918 5435 105 36 Agent,
4045 5433 73 30 liox-

3193 5490 163 28 Lawrence.
3567 5475 99 37 burgh.

2422 5531 75 29 Price
2509 5532 30 26 to
2552 5526 188 35 Subscribers,
2754 5525 49 28 12s
2817 5523 53 35 6d;
2890 5522 77 29 Non-
3979 5532 5 2 '

2566 5566 185 34 Subscribers,
2762 5565 58 28 15s.
3034 5580 152 30 LADIES'
3217 5573 296 36 HAIRCOMBINGS

2429 5663 14 13 .t
2466 5648 131 37 STO.NE,
2629 5646 84 36 SON,
2744 5644 83 30 AND
2857 5643 66 36 CO.,
3080 5632 110 30 MADE
3210 5631 38 28 IM
3254 5630 49 29 TO
3321 5628 145 30 PLAITS.

2478 5739 144 34 Crawford
2622 5693 9 15 >
2633 5702 114 74 Street,
2747 5699 16 21 E
2769 5734 138 33 Dunedin.
3000 5717 102 31 Orders
3111 5716 38 39 by
3156 5718 63 37 post
3228 5712 138 42 promptly
3371 5710 131 31 attended
3512 5715 37 25 to.
