2550 3980
642 520 131 32 PORT
795 522 286 40 NICHOLSON,
1104 524 253 33 SATURDAY
1376 526 240 42 MORNING,
1638 531 127 33 JULY
1787 537 52 32 31,
1866 538 94 29 1841.

80 524 64 32 No.
165 524 66 39 68.]

2311 538 201 45 [VoL.ir.^

1245 43 93 32 THE

79 93 465 134 NEW
648 98 864 134 ZEALAND
1618 103 864 139 GAZETTE

1236 261 92 32 AND

76 293 1147 168 WELLINGTON
1338 293 1148 168 SPECTATOR.

212 615 148 27 Licensing
367 615 133 27 Meeting.

63 649 146 51 NOTICE
230 649 29 22 IS
284 648 128 22 HEREBY
439 648 107 27 GIVEN,
565 647 49 22 that
637 654 13 14 a

130 677 99 26 meeting
244 675 27 22 of
281 675 38 22 the
336 675 98 22 Justices
451 675 26 21 of
494 675 45 21 this
557 674 93 22 District

63 703 45 23 will
115 703 30 22 be
157 703 55 22 held
226 706 23 18 at
263 703 28 21 10
305 701 94 28 o'clock,
410 709 30 14 on
449 701 111 28 Tuesday,
571 700 40 23 3rd
627 700 26 22 of

64 731 94 26 August,
176 729 109 28 proximo,
298 731 23 19 to
338 728 102 23 consider
456 728 31 22 all
503 726 146 30 applications

64 757 34 21 for
106 757 113 21 Licenses.

89 783 134 27 Applicants
238 781 47 23 will
299 782 29 23 be
343 781 106 29 required
463 785 23 19 to
503 781 78 23 attend
596 780 53 22 with

63 809 57 23 their
129 809 99 23 sureties.
238 806 4 7 '

305 835 106 23 Walter
419 835 122 27 Mantell,

374 862 67 22 Clerk
451 862 25 22 of
488 862 38 22 the
535 860 86 24 Bench.

88 895 76 22 Police
173 894 79 28 Office,
263 895 54 22 Port
326 895 132 27 Nicholson,

169 922 56 26 July
233 923 35 26 30,
279 923 60 20 1841.

291 966 241 28 Surveyor-General's
541 966 78 22 Office.

396 993 55 27 July
459 994 35 26 29,
505 994 61 21 1841.

61 1026 144 50 NOTICE
224 1026 27 22 IS
271 1026 128 23 HEREBY
418 1026 108 28 GIVEN,
546 1027 50 22 that
618 1033 29 16 no

125 1053 54 22 land
189 1053 44 21 will
241 1053 29 22 be
280 1053 84 22 offered
373 1061 30 14 on
419 1053 39 22 the
473 1053 49 22 first
529 1053 120 28 Thursday

59 1081 23 22 in
92 1081 96 26 August,
198 1079 34 23 for
241 1079 116 23 selection.

266 1114 36 22 W.
313 1114 32 22 M.
358 1114 82 27 Smith,
451 1115 62 27 Capt.
525 1115 68 26 R.A.,

391 1140 220 28 Surveyor^eneral
614 1157 6 5 .

59 1185 162 26 Prospectus
228 1185 30 21 of
265 1185 45 21 the
341 1182 307 26 NewZealand'Herald

166 1211 55 21 and
230 1211 148 22 Auckland

63 1246 27 20 To
100 1245 23 20 be
128 1245 110 25 published
247 1251 59 20 every
317 1246 116 26 Saturday,
446 1248 22 18 at
482 1246 120 25 Auckland,
613 1247 36 20 the

126 1273 83 25 Capital
218 1273 26 25 of
253 1273 36 20 the
299 1273 77 25 Colony
385 1274 27 24 of
421 1274 53 20 New
483 1274 100 22 Zealand.

59 1307 51 47 A
124 1306 153 22 COMPANY
292 1306 41 22 has
347 1307 59 22 been
421 1307 86 22 formed
522 1308 73 22 under
610 1307 38 23 the

137 1333 56 27 style
211 1333 22 21 of
250 1333 39 22 the
303 1341 122 15 Auckland
441 1342 144 20 newspaper,
602 1342 45 15 and

60 1366 108 15 printing
185 1367 107 15 company
299 1368 6 19 ;
327 1360 30 22 its
372 1361 49 21 first
437 1361 73 27 object
524 1362 76 27 being,
611 1361 38 22 the

61 1386 164 22 establishment
241 1387 27 21 of
285 1394 14 14 a
314 1386 144 29 Newspaper,
476 1388 46 21 and
539 1387 111 28 affording

61 1420 65 19 every
140 1420 119 19 necessary
272 1411 45 23 and
332 1414 74 22 useful
418 1415 153 26 information,
587 1422 62 19 upon

61 1439 28 21 all
103 1439 71 27 topics
188 1439 125 23 connected
328 1440 54 22 with
399 1440 37 22 the
454 1441 86 28 Colony
555 1441 26 22 of
592 1441 56 22 New

60 1465 105 23 Zealand.
412 1484 9 7 ,

85 1492 47 22 The
143 1493 135 27 Newspaper
287 1493 44 22 will
346 1493 29 22 be
520 1493 94 28 weekly,
626 1497 23 19 at

60 1519 125 26 Auckland,
196 1519 44 22 and
251 1519 44 22 will
303 1520 29 21 be
391 1520 81 22 ducted
482 1521 96 28 entirely
587 1528 60 20 upon

59 1545 152 28 independent
224 1546 119 27 principles
350 1554 6 19 ;
357 1558 28 4 —
386 1550 23 18 to
461 1548 96 22 devoted
573 1552 24 18 to
610 1547 38 23 the

59 1571 169 28 disseminating
237 1573 26 21 of
274 1573 29 21 all
312 1580 62 15 news
382 1574 105 27 affecting
496 1575 38 21 the
543 1575 104 21 interests

61 1599 24 21 of
96 1599 38 21 the
145 1599 90 28 Colony,
246 1599 46 22 and
300 1600 110 22 residents
419 1601 91 22 in-New
520 1601 101 22 Zealand
621 1613 28 4 —

59 1628 22 18 to
97 1625 84 32 uphold
195 1625 37 22 the
245 1626 44 22 law
289 1637 27 5 —
317 1630 92 24 support
426 1628 46 21 and
487 1628 101 22 advance
609 1628 38 22 the

58 1651 102 28 religions
171 1653 45 21 and
224 1653 72 22 moral
305 1653 115 23 character
430 1654 26 22 of
465 1655 92 27 society,
570 1654 44 22 and
623 1655 24 22 in
656 1667 2 15 |

59 1686 63 19 every
133 1683 87 23 respect
233 1679 65 28 have,
309 1687 24 15 as
343 1688 44 14 one
402 1681 26 21 of
438 1681 28 21 its
481 1681 62 22 chief
554 1681 92 28 objects,

59 1705 35 21 the
109 1709 164 24 improvement
286 1707 45 22 and
348 1707 135 23 civilization
499 1708 26 22 of
540 1708 38 22 the
594 1708 53 21 abo-

58 1732 79 26 riginal
151 1733 136 26 population.
326 1733 22 22 It
365 1734 57 22 shall
442 1735 90 21 contain
547 1742 31 14 no
595 1735 52 21 mis-
656 1741 2 15 :

58 1759 179 28 representation,
263 1761 165 26 exaggeration,
449 1768 26 14 or
494 1762 69 21 abuse
571 1770 5 19 ;
604 1761 44 22 and
656 1764 2 22 j

58 1793 48 14 care
117 1785 55 22 shall
181 1786 30 22 be
220 1786 67 22 taken
298 1790 22 18 to
331 1787 66 22 avoid
405 1794 45 21 any
460 1788 112 27 approach
581 1790 24 20 to
614 1789 33 20 of-

59 1811 83 23 fensive
152 1813 158 26 personalities.
340 1814 23 21 It
372 1813 44 22 will
426 1815 28 21 be
465 1822 13 14 a
486 1822 70 20 paper
564 1815 36 21 for
609 1814 37 22 the

57 1839 134 26 publication
202 1840 26 21 of
237 1840 31 21 all
278 1840 183 22 advertisements
478 1841 35 21 for
528 1841 76 28 public
613 1841 34 22 in-

57 1865 124 28 formation,
183 1877 29 4 —
212 1866 23 22 in
249 1866 47 22 fact
310 1874 14 14 a
346 1867 161 28 Commbrcial,
523 1869 119 26 Shipping,

58 1893 187 27 Agricultural,
256 1893 44 22 and
312 1894 112 22 General
435 1894 149 23 Newspaper.

84 1919 64 22 Price
157 1920 26 21 of
195 1919 36 22 the
248 1927 74 20 paper,
334 1923 38 19 ten
388 1921 101 26 shillings
507 1928 40 20 per
557 1924 90 25 quarter

58 1946 92 27 payable
159 1946 24 22 in
200 1946 105 27 advance,
317 1954 25 14 or
359 1954 43 15 one
418 1947 92 28 shilling
524 1948 35 21 for
575 1947 70 27 single

59 1973 110 21 numbers.

83 1998 198 27 Advertisements,
292 1999 37 20 the
338 2005 61 15 same
409 2006 24 14 as
443 2000 23 21 in
482 2000 38 21 the
529 2001 53 19 New
592 2001 52 19 Zea-

57 2024 49 20 land
115 2025 93 21 Gazette.

83 2077 84 22 Parties
184 2077 98 27 desiring
298 2081 22 18 to
336 2078 94 22 become
446 2079 143 28 subscribers,
607 2086 37 16 are

57 2104 114 27 requested
181 2107 23 19 to
221 2105 54 21 send
285 2105 22 21 in
324 2104 59 22 their
392 2112 76 16 names
482 2106 160 28 immediately,

57 2134 22 18 to
88 2131 36 21 the
136 2131 62 21 office
208 2130 25 22 of
244 2131 44 22 this
297 2138 75 21 paper.

83 2157 141 28 Wellington,
236 2158 54 27 July
299 2160 33 25 28,
345 2160 61 20 1841.

206 2202 161 22 Unclaimed
385 2204 103 21 Goods.

59 2236 87 35 rpHE
154 2236 113 27 following
276 2236 69 27 goods
357 2237 94 27 shipped
465 2238 31 27 by
505 2238 28 22 D.
545 2239 36 22 De
592 2238 52 22 Cas-

65 2259 27 25 X
124 2266 38 23 tro,
182 2270 41 20 per
242 2264 117 21 Katherine
384 2266 93 20 Stewart
494 2267 85 24 Forbes,
599 2265 45 22 and

56 2289 80 22 landed
146 2293 21 18 at
176 2290 90 22 Messrs.
277 2291 98 21 Rhodes'
382 2292 71 26 Store,
461 2299 38 15 are
506 2292 137 23 unclaimed.

55 2316 60 26 They
125 2323 51 21 may
185 2317 28 21 be
228 2317 46 22 had
290 2325 28 14 on
328 2318 85 27 paying
423 2319 30 21 all
468 2326 118 20 expences,
598 2319 46 21 and

56 2343 120 27 producing
184 2343 39 22 bill
238 2344 27 21 of
275 2344 84 28 lading,
374 2352 25 15 or
407 2352 81 21 proper
498 2346 113 27 authority
620 2349 23 18 to

54 2370 84 21 receive
148 2370 36 22 the
193 2378 67 14 same.

84 2403 16 22 C
108 2403 24 21 in
143 2411 12 14 a
165 2403 105 23 diamond
279 2405 21 22 D

96 2438 9 19 1
117 2439 22 19 to
149 2438 80 21 26—26
238 2438 75 27 boxes,

82 2464 26 21 27
117 2467 22 18 to
148 2465 69 21 34—8
226 2472 68 20 cases,

81 2491 26 20 35
118 2494 22 18 to
150 2492 66 21 36—2
226 2499 68 20 cases,

82 2518 26 21 37
118 2520 21 19 to
149 2519 67 21 39—3
226 2518 79 23 chests.

284 2547 63 21 John
359 2547 87 26 Hobbs,
457 2547 156 23 Commander.

82 2570 54 28 July
145 2573 32 26 29,
189 2574 60 20 1841.

58 2615 144 28 Township
218 2617 29 21 of
263 2618 152 27 Aglionby,
436 2624 36 15 on
491 2620 45 20 the
551 2619 91 21 banks

208 2644 29 20 of
253 2645 46 19 the
314 2645 84 21 River
411 2646 79 20 Hutt.

58 2674 113 49 LAND
194 2676 39 22 TO
257 2677 39 22 BE
324 2678 61 21 LET
412 2678 44 22 ON
484 2677 157 23 BUILDING

131 2702 112 23 LEASES
257 2704 25 21 in
297 2703 38 23 the
351 2704 123 28 secondary
490 2705 112 26 township
616 2712 26 14 or

56 2727 77 28 village
144 2730 25 21 of
179 2730 120 28 Aglionby,
311 2738 30 14 on
352 2730 38 22 the
400 2731 91 22 borders
499 2732 26 21 of
536 2732 38 21 the
581 2731 59 22 river

56 2753 62 28 Hutt,
130 2763 27 14 on
168 2756 50 22 that
225 2757 85 22 section
325 2758 27 21 of
364 2757 62 27 land,
442 2758 38 21 the
496 2761 107 24 property
617 2758 27 21 of

56 2780 26 22 D.
99 2782 122 28 Riddiford,
238 2784 61 27 Esq.,
313 2784 95 21 marked
423 2784 24 21 in
464 2784 39 22 the
518 2785 122 25 Surveyor-

58 2806 110 25 General's
178 2817 51 20 map
238 2810 45 21 No.
294 2810 33 26 17,
343 2810 45 22 and
403 2810 83 23 chosen
503 2811 73 22 under
590 2817 50 20 pre-

56 2833 99 29 liminary
164 2836 131 22 land-order
302 2836 45 22 No.
359 2837 20 22 5.

82 2867 20 21 A
111 2869 87 25 portion
209 2869 26 21 of
245 2869 45 21 this
303 2872 61 18 most
378 2869 104 23 valuable
499 2870 86 22 section
599 2869 41 22 has

57 2892 53 23 been
118 2895 45 21 laid
172 2899 40 19 out
222 2902 23 15 as
255 2903 13 14 a
280 2895 110 28 township
404 2896 31 28 by
449 2897 28 21 R.
494 2897 66 26 Park,
578 2895 60 29 Esq.,

58 2926 106 22 surveyor,
181 2922 24 22 in
221 2922 131 22 allotments
367 2922 24 22 of
409 2930 43 15 one
468 2927 91 24 quarter
573 2923 27 22 of
610 2930 29 14 an

59 2952 45 16 acre
118 2945 60 30 each,
193 2949 54 22 with
261 2949 74 28 ample
350 2956 101 16 reserves
463 2950 36 22 for
512 2957 14 15 a
541 2949 97 27 Church,

59 2972 163 31 Market-place,
241 2976 47 22 and
305 2975 64 23 other
391 2984 108 19 purposes
518 2977 25 21 of
563 2975 76 28 public

59 2999 75 28 utility.
392 2989 14 15 c
434 2989 15 15 *
563 2989 15 16 *

82 3032 45 23 The
136 3035 86 27 portion
232 3036 26 22 of
268 3036 55 23 land
332 3044 52 15 now
394 3036 84 23 offered
487 3040 23 19 to
520 3036 39 23 the
564 3036 75 28 public

59 3059 62 23 forms
130 3064 37 19 the
177 3066 74 19 centre
261 3064 27 21 of
297 3063 62 23 what
366 3071 45 14 was
421 3064 119 27 originally
546 3062 48 24 laid
602 3066 38 19 out

59 3086 26 26 by
101 3087 91 28 Captain
208 3089 71 22 Smith
296 3097 23 15 as
338 3090 39 22 the
394 3091 93 27 Capital,
504 3091 78 22 before
602 3089 37 22 the

59 3114 92 22 removal
160 3118 23 19 to
199 3116 227 23 Lambton-harbour.
455 3118 23 21 It
492 3118 20 22 is
527 3117 39 22 the
580 3116 60 23 head

60 3139 22 20 of
91 3139 36 22 the
135 3141 52 22 boat
201 3143 128 27 navigation
344 3144 27 21 of
387 3144 39 22 the
442 3144 69 22 River
526 3144 72 26 Hutt;
619 3143 20 22 is

58 3167 87 22 pointed
153 3172 38 18 out
198 3169 30 26 by
234 3170 86 22 Nature
328 3177 25 15 as
363 3170 37 23 the
409 3171 59 22 local
478 3171 82 28 capital
569 3170 27 22 of
602 3169 37 22 the

58 3196 62 18 nnest
136 3195 141 27 agricultural
295 3197 86 22 district
405 3198 24 21 in
451 3198 39 22 the
506 3198 96 26 vicinity
615 3196 28 22 of

117 3220 127 30 Nicholson,
259 3231 30 14 on
301 3223 74 22 which
385 3231 14 15 a
407 3224 61 27 large
477 3224 132 28 population
617 3223 21 22 is

58 3246 80 27 rapidly
148 3250 165 28 concentrating
327 3250 75 28 itself;
423 3251 45 22 and
483 3252 20 21 is
519 3250 120 23 accessible

58 3276 53 18 norn
120 3273 36 23 the
164 3278 59 20 town
233 3277 26 21 of
269 3277 145 27 Wellington,
430 3278 71 22 either
515 3278 31 27 by
561 3280 76 24 water,

59 3303 23 15 or
89 3299 29 27 by
126 3308 76 16 means
212 3303 24 21 of
250 3303 38 22 the
301 3304 57 22 road
371 3304 73 23 which
459 3305 20 21 is
494 3312 51 15 now
559 3304 78 26 nearly

59 3326 119 27 completed
186 3332 23 19 at
218 3329 36 22 the
265 3337 100 21 expence
376 3332 26 21 of
412 3331 39 22 the
463 3332 57 22 New
536 3330 103 23 Zealand

59 3353 115 28 Company.

83 3384 20 22 It
111 3385 18 22 is
138 3388 98 23 needless
246 3393 23 18 to
278 3390 65 28 point
357 3395 40 19 out
411 3391 39 23 the
463 3391 138 28 advantages
614 3391 27 21 of

58 3414 34 18 the
101 3414 109 29 situation,
221 3416 70 22 either
299 3417 35 22 for
339 3418 139 22 investment
484 3426 26 14 or
516 3419 35 21 for
557 3419 80 21 imme-

59 3439 53 20 diate
131 3442 136 27 occupation,
285 3450 23 16 as
324 3443 55 28 they
395 3452 38 14 are
447 3445 51 22 well
513 3445 84 23 known
613 3447 24 19 to

59 3468 63 24 every
129 3468 96 22 resident
233 3473 25 18 at
266 3469 53 23 Port
327 3471 132 23 Nicholson.

82 3496 64 25 Plans
154 3508 51 21 may
214 3502 26 22 be
256 3510 60 20 seen,
334 3504 47 22 and
395 3505 132 28 particulars
542 3504 95 23 learned

58 3528 26 16 on
93 3525 129 27 application
236 3532 24 19 to
275 3530 29 22 D.
320 3530 125 28 Riddiford,
461 3532 53 28 Esq.
522 3540 5 19 ;
550 3531 87 23 Robert

59 3553 43 36 T?r
111 3567 12 22 V
151 3560 13 29 l
160 3561 29 20 q#>
207 3562 64 15 surve
272 3563 27 20 y°
301 3564 11 14 r
317 3565 5 19 5
346 3564 26 15 oe
388 3558 28 22 G.
434 3559 22 21 S.
472 3558 83 28 Evans,
573 3558 61 28 Esq.,

58 3581 86 24 ■U.1..L.,
153 3581 195 24 bamster-at-law.

70 3646 26 8 _
107 3647 3 2 .
120 3648 35 6 _
287 3628 108 21 Notice.

59 3646 155 41 pAPTAIN
232 3652 135 27 MERCER,
391 3654 26 22 of
436 3654 37 22 the
492 3656 141 26 Harrington,

61 3676 36 17 V^
124 3676 42 22 will
176 3682 40 18 not
223 3678 28 23 be
261 3680 137 22 answerable
407 3681 36 21 for
452 3688 46 20 any
507 3682 64 22 debts
581 3689 53 16 con-

58 3699 80 23 tracted
145 3702 29 28 by
183 3704 35 22 his
226 3713 65 15 crew.

58 3751 15 3 _
82 3725 52 28 July
144 3730 37 24 Ist,
192 3732 60 21 1841.

59 3795 51 47 C.
120 3796 35 7 _„
286 3777 107 21 Notice.

99 3795 115 27 APTAIN
235 3802 103 27 STOBO,
362 3804 26 21 of
409 3803 36 23 the
468 3805 85 27 barque
571 3805 61 24 Jane,

124 3825 80 28 hereby
216 3829 99 21 cautions
325 3829 38 22 the
374 3830 78 22 Public
461 3831 87 26 against
557 3831 78 27 giving

58 3852 65 17 credit
140 3854 21 18 to
175 3860 44 20 any
234 3856 26 20 of
273 3855 34 22 his
324 3856 70 27 Crew,
411 3864 25 14 as
452 3857 28 21 he
491 3857 43 21 will
552 3861 40 18 not
606 3857 27 21 be

56 3878 13 14 *
71 3879 11 14 n
84 3877 99 23 ßwerable
191 3880 33 21 for
230 3889 45 19 any
285 3882 63 22 debts
359 3883 128 23 contracted
496 3883 30 27 by
536 3884 70 22 them.

85 3903 135 31 Wellington,
231 3908 54 28 May
295 3910 34 26 28,
341 3910 61 21 1841.
646 3909 5 16 '

1337 617 98 22 Choice
1445 619 152 25 Furniture,
1609 626 35 15 ex

1298 649 66 48 ON
1374 650 82 28 SALE,
1466 658 29 15 an
1503 656 133 18 assortment
1642 653 27 22 of
1675 653 78 22 choice
1761 654 116 27 furniture,

1355 677 120 27 consisting
1484 678 35 21 of:

1371 709 60 22 Four
1439 712 75 26 4-post
1521 711 123 29 bedsteads,

1371 736 59 22 Four
1439 737 56 22 wool
1505 741 133 24 mattrasses,

1371 762 59 23 Four
1439 763 89 22 Marina
1537 768 133 24 mattrasses,

1372 788 59 23 Four
1439 790 71 21 railed
1519 790 101 28 couches,

1370 815 71 22 Three
1451 816 131 23 wash-hand
1592 818 82 27 stands,

1370 841 72 23 Three
1451 842 186 29 dressing-tables,

1370 868 72 22 Three
1451 873 44 18 sets
1505 870 21 21 D
1536 870 77 27 tables,

1370 895 72 22 Three
1451 899 44 18 sets
1506 895 102 28 drawers,

1370 921 86 22 Twelve
1467 926 134 24 mattrasses,

1370 947 86 22 Twelve
1465 948 94 28 pillows,

1371 974 50 21 One
1430 978 32 18 set
1470 975 92 28 dummy
1571 976 66 28 table,

1370 1000 86 23 Twelve
1467 1001 78 28 chairs,

1369 1027 79 28 Thirty
1456 1035 68 15 seven
1534 1036 58 20 rugs,

1370 1053 54 22 Five
1434 1054 47 23 hair
1491 1056 102 26 couches,

1369 1080 72 22 Three
1449 1081 126 23 bedsteads.

1317 1112 33 23 At
1359 1113 38 23 the
1406 1114 71 22 Stores
1488 1115 27 21 of

1477 1151 4 3 •
1641 1143 22 21 J.
1674 1143 47 23 and
1732 1144 27 22 G.
1769 1145 81 22 Wade.

1367 1185 62 21 Van
1442 1185 138 22 Dieman's
1592 1188 77 20 Land
1684 1189 118 20 Timber.

1310 1218 15 22 4
1352 1218 104 23 LARGE
1470 1220 105 27 quantity
1585 1221 25 21 of
1623 1221 50 21 Van
1685 1222 119 22 Dieman's
1813 1223 66 22 Land

1297 1243 44 23 jl\-
1369 1246 80 21 timber
1467 1246 26 21 of
1511 1248 87 21 various
1616 1248 137 22 dimensions
1764 1257 5 19 ;
1794 1249 54 28 also,
1865 1258 14 13 a

1297 1271 55 27 large
1361 1272 101 27 quantity
1471 1273 27 21 of
1509 1274 100 21 Colonial
1618 1274 88 28 timber,
1724 1275 122 28 consisting
1855 1276 25 22 of

1298 1298 97 27 weather,
1406 1298 76 28 lining,
1499 1300 45 21 and
1553 1300 95 28 flooring
1657 1302 81 21 boards
1747 1302 47 21 and
1804 1307 74 17 scant-

1296 1324 42 28 ling
1347 1325 26 22 of
1384 1325 29 22 all
1423 1326 54 21 sizes
1488 1326 45 21 and
1541 1326 89 28 lengths
1637 1336 5 18 ;
1664 1335 52 15 now
1729 1336 29 14 on
1775 1328 61 23 hand
1854 1335 23 18 at

1298 1350 31 23 the
1339 1355 69 18 stores
1419 1352 25 21 of
1450 1352 37 22 the
1496 1352 160 28 undersigned.

1317 1384 64 27 They
1390 1385 44 22 will
1442 1385 46 22 also
1498 1386 28 21 be
1542 1386 76 28 happy
1627 1390 22 19 to
1660 1388 81 28 supply
1750 1389 65 23 those
1825 1390 51 22 who

1296 1411 72 21 intend
1378 1411 96 28 erecting
1482 1412 113 28 buildings
1604 1413 54 23 with
1668 1414 38 22 the
1711 1416 71 21 above
1790 1417 86 27 article,

1297 1441 32 18 cut
1347 1441 23 18 to
1390 1438 69 28 order,
1480 1439 27 21 of
1529 1447 47 20 any
1595 1439 138 24 dimensions
1753 1443 55 27 they
1824 1451 55 20 may

1296 1464 87 27 require,
1403 1465 45 21 and
1468 1465 134 23 deliverable
1622 1470 22 19 at
1663 1475 46 20 any
1728 1473 50 23 part
1797 1470 25 21 of
1838 1470 39 22 the

1296 1490 64 22 beach
1369 1498 30 14 on
1412 1491 37 23 the
1456 1491 97 23 shortest
1561 1493 81 23 notice.

1549 1526 63 22 John
1627 1535 45 14 and
1689 1528 60 22 Geo.
1766 1529 83 23 Wade.

1316 1575 29 21 T.
1356 1576 38 21 M.
1404 1576 141 28 Partridge
1556 1578 20 20 &
1587 1578 45 21 Co.
1642 1578 68 22 offer
1721 1580 43 21 for
1773 1580 71 26 Sale,

1296 1609 160 48 BOTTLED
1479 1614 78 22 porter
1579 1611 44 22 and
1641 1611 51 28 pale
1712 1613 34 21 ale
1765 1613 24 23 in
1813 1613 63 24 three

1364 1636 71 22 dozen
1449 1634 71 29 casks,

1317 1662 66 22 Good
1392 1662 75 27 sherry
1475 1663 26 21 in
1512 1667 87 24 quarter
1612 1664 70 28 casks,

1316 1689 79 23 Mould
1405 1688 95 28 candles,

1315 1716 110 27 Windsor,
1435 1716 92 28 toilette,
1538 1717 46 21 and
1592 1717 80 28 yellow
1681 1726 62 21 soap,

1315 1743 100 21 Window
1424 1742 57 27 glass
1491 1745 25 20 13
1526 1744 31 27 by
1566 1746 21 25 9,

1315 1770 155 21 Earthenware
1479 1770 25 22 in
1515 1774 77 23 crates,

1315 1796 105 28 Cooper's
1428 1803 63 20 ware,

1315 1822 82 27 Paints,
1408 1822 98 27 brushes,
1517 1824 49 27 &c,

1315 1850 51 31 Slop
1376 1849 103 27 clothing,

1314 1876 93 27 Pickles,
1418 1883 82 21 sauces,
1512 1876 86 23 French
1609 1885 83 21 capers,
1708 1886 101 20 cayenne
1818 1888 44 20 pep

1292 1909 40 21 per,
1343 1902 106 26 mustard,

1314 1929 66 22 India
1388 1929 80 22 rubber
1475 1928 113 29 blacking,
1599 1931 40 21 &c.
1648 1932 43 21 &c.

1314 1956 52 21 And
1376 1963 50 15 now
1434 1955 99 28 landing,
1543 1957 56 22 from
1608 1957 161 23 the-Katherine
1778 1961 92 21 Stewart

1314 2008 113 27 Superfine
1436 2008 95 22 Dantzic
1541 2008 47 23 kiln
1598 2009 48 23 drie
1656 2011 81 27 dflour,

1313 2035 11 20 5
1335 2037 50 19 tons
1394 2034 55 26 zinc,
1460 2034 35 21 for
1503 2036 92 26 roofing.

1292 2079 35 23 T>
1338 2078 118 23 ICHARD
1470 2080 84 22 BALL
1575 2081 45 22 and
1634 2082 38 22 Co.
1689 2082 46 27 beg
1752 2086 24 19 to
1787 2084 83 22 inform

1292 2103 44 23 JLV'
1373 2105 57 23 their
1446 2107 85 21 friends
1555 2107 44 22 and
1620 2108 38 22 the
1674 2109 76 27 public
1772 2111 27 20 of
1816 2111 55 22 Port

1291 2131 122 28 Nicholson,
1428 2132 47 22 that
1491 2133 54 28 they
1555 2134 56 22 have
1622 2135 87 27 opened
1726 2144 14 13 a
1749 2137 120 22 wholesale

1291 2158 37 22 and
1341 2159 64 21 retail
1415 2159 60 22 Store
1486 2160 35 22 for
1535 2161 38 21 the
1590 2161 45 22 sale
1650 2163 26 20 of
1689 2163 119 22 Groceries
1823 2164 47 22 and

1291 2184 169 29 Haberdashery,
1496 2187 46 21 and
1573 2191 62 23 trust,
1659 2189 30 26 by
1714 2190 108 28 assiduity
1847 2194 23 19 to

1290 2211 101 28 business,
1402 2215 22 19 to
1433 2213 65 21 merit
1507 2221 13 14 a
1530 2213 64 23 share
1604 2215 27 21 of
1637 2215 76 27 public
1723 2220 131 24 patronage.

1312 2246 130 22 Beach-side
1451 2247 26 21 of
1488 2247 179 29 Tinakori-road,

1399 2273 52 27 July
1460 2275 34 25 21,
1509 2276 60 20 1841.

1455 2320 146 22 JOHNSON
1618 2321 44 22 and
1682 2322 114 23 MOORE
1815 2324 57 23 have

1292 2343 52 24 J.YA
1373 2347 108 27 received,
1493 2354 28 15 ex
1533 2349 102 24 Transfer
1644 2356 37 12 :—

1312 2379 56 22 Pilot
1376 2382 68 30 poats,
1453 2388 43 20 pea
1503 2381 96 27 jackets,

1312 2405 52 22 Blue
1372 2406 92 28 jackets,
1473 2408 99 27 monkey
1582 2408 61 28 ditto,

1312 2432 105 28 Flushing
1427 2436 106 26 trowsers,
1543 2435 41 22 red
1592 2436 73 26 shirts,

1311 2459 60 22 Dark
1381 2460 67 27 fancy
1455 2460 71 28 prints
1536 2462 46 21 and
1590 2469 60 21 navy
1660 2463 73 28 blues,

1312 2486 101 24 Superior
1421 2487 110 27 blankets,
1544 2488 95 23 Manilla
1647 2489 59 28 hats,

1311 2512 105 27 Ribbons,
1425 2514 99 21 artificial
1535 2514 93 28 flowers,

1311 2539 67 22 Black
1388 2540 42 21 silk
1439 2540 177 30 handkerchiefs,
1629 2546 76 19 cotton
1715 2544 64 28 ditto,

1311 2565 66 22 Wash
1386 2566 100 27 leathers,
1498 2575 101 21 sponges,

1311 2592 86 28 Combs,
1407 2593 100 27 shaving,
1516 2597 67 25 teeth,
1594 2596 45 21 and
1648 2595 50 23 hair
1707 2596 102 30 brushes,

1311 2618 91 28 Violins,
1413 2620 58 22 bows
1482 2621 45 22 and
1536 2622 89 28 strings,

1310 2645 62 22 Deed
1381 2646 46 22 and
1435 2647 53 22 cash
1496 2648 79 26 boxes,

1310 2673 73 26 20,000
1393 2674 98 26 superior
1500 2675 95 22 Manilla
1605 2676 79 28 cigars,

1310 2699 67 22 Black
1387 2703 35 18 tea
1430 2700 23 21 in
1462 2700 52 22 half
1527 2702 79 28 chests,
1622 2704 45 21 and
1677 2704 47 22 fine
1733 2704 84 28 butter,
1834 2705 20 21 &
1860 2712 12 14 c

1287 2725 39 28 &c,
1339 2733 102 15 common
1451 2728 116 23 tumblers.

1310 2759 33 21 On
1353 2760 46 21 sale
1413 2761 51 21 with
1478 2761 39 22 the
1533 2762 78 27 above,
1622 2770 13 15 a
1648 2765 105 27 quantity
1764 2765 26 21 of
1804 2764 66 23 hard-

1286 2791 50 16 ware
1345 2786 46 22 and
1400 2787 142 26 agricultural
1550 2789 150 28 implements.

1309 2819 18 21 A.
1345 2826 55 21 very
1418 2821 99 31 superior
1535 2822 34 22 six
1586 2824 67 21 oared
1673 2824 116 23 Canadian
1811 2825 58 22 built

1286 2846 63 21 whale
1358 2846 58 28 boat,
1423 2847 52 22 with
1484 2848 63 23 brass
1554 2850 115 28 rowlocks,
1680 2859 58 19 oars,
1749 2854 65 24 mast,
1823 2852 46 22 and

1286 2872 39 22 sail.

1286 2918 31 21 To
1339 2918 45 21 the
1405 2919 166 27 Merchants,
1593 2921 197 27 Ship-owners,
1809 2924 56 20 and

1373 2946 90 21 others
1482 2947 32 20 of
1525 2947 67 21 Port
1606 2948 162 22 Nicholson.

1288 2978 149 48 MESSRS.
1457 2979 104 23 PRATT
1580 2981 43 22 and
1642 2982 110 22 BEVAN
1773 2983 44 27 beg
1830 2989 37 16 re-

1369 3006 117 28 spectfully
1513 3010 23 18 to
1559 3007 82 22 inform
1664 3008 39 22 the
1728 3009 140 27 merchants,

1286 3031 145 28 ship-owners,
1449 3033 45 22 and
1511 3034 81 26 others,
1608 3034 49 22 that
1669 3034 55 28 they
1741 3035 58 22 have
1816 3043 52 14 now

1286 3059 137 21 commenced
1439 3059 36 22 the
1496 3061 155 22 manufacture
1675 3062 27 21 of
1717 3069 61 21 rope,
1799 3062 69 25 lines,

1286 3084 59 22 twine
1359 3085 27 21 of
1393 3085 29 22 all
1435 3086 153 28 descriptions,
1601 3091 58 18 mats
1672 3088 28 21 of
1712 3088 31 22 all
1760 3090 63 26 sizes,
1837 3089 33 22 oil

1286 3111 71 27 cloths,
1375 3113 40 21 &c.
1423 3120 6 18 ;
1444 3113 83 28 fishing
1543 3118 49 18 nets
1608 3114 64 22 made
1690 3115 46 22 and
1754 3116 113 27 repaired,

1286 3137 37 22 and
1340 3145 67 21 every
1417 3137 133 30 description
1571 3141 25 21 of
1613 3141 75 22 article
1703 3142 25 21 in
1745 3142 38 22 the
1795 3142 72 22 above

1285 3163 46 28 line,
1348 3165 30 21 all
1394 3165 67 26 from.
1466 3167 56 21 New
1536 3167 101 22 Zealand
1651 3168 54 26 flax,
1723 3168 45 23 and
1783 3175 30 16 on
1827 3168 40 23 the

1286 3194 50 19 most
1344 3193 128 21 reasonable
1483 3194 101 27 charges.
1611 3194 77 28 Apply
1698 3198 24 19 to

1493 3228 93 21 Messrs.
1600 3228 78 22 Pratt
1694 3228 46 22 and
1754 3229 92 27 Bevan,

1286 3257 36 23 No.
1340 3260 19 26 1,
1384 3259 231 29 Molesworth-street,
1642 3261 147 28 Wellington,
1815 3262 55 23 Port

1507 3287 130 22 Nicholson.

1288 3330 83 49 MR.
1394 3332 21 21 S.
1437 3332 151 22 MOCATTA
1609 3333 84 26 having
1712 3334 93 21 entered
1820 3334 49 21 into

1369 3358 140 28 partnership
1519 3359 54 22 with
1582 3360 42 21 Mr.
1639 3360 29 21 A.
1679 3360 66 27 Hort,
1753 3360 60 27 juu.,
1830 3360 40 22 the

1286 3382 94 23 business
1390 3384 42 22 will
1441 3385 59 22 from
1510 3386 44 21 this
1564 3386 43 28 day
1616 3387 26 21 be
1655 3386 86 22 carried
1754 3394 31 14 on
1797 3386 73 23 under

1286 3409 31 22 the
1326 3410 50 22 firm
1387 3411 26 21 of
1420 3411 62 28 Hort,
1495 3412 107 28 Mocatta,
1615 3412 45 22 and
1670 3413 40 22 Co.

1309 3443 29 21 Te
1348 3444 48 22 Aro
1410 3445 55 27 Flat,
1475 3445 147 28 Wellington,

1360 3471 55 27 July
1423 3473 32 26 23,
1467 3473 61 21 1841.

1288 3514 80 48 OIL.
1369 3526 30 4 —
1399 3515 46 22 The
1463 3516 125 23 subscriber
1603 3517 19 22 is
1640 3516 109 28 prepared
1767 3521 22 18 to
1813 3525 54 21 pur-

1357 3541 66 23 chase
1442 3549 24 15 or
1483 3542 67 23 make
1569 3543 77 22 liberal
1669 3544 113 21 advances
1804 3551 63 21 upon

1287 3567 30 21 Oil
1326 3568 121 28 consigned
1455 3572 22 19 to
1488 3568 34 23 his
1533 3570 95 21 London
1643 3570 194 27 correspondents.

1642 3603 30 22 A.
1688 3603 77 27 Hort,
1784 3603 53 23 Jun.

1310 3627 139 28 Wellington,
1459 3629 56 27 July
1523 3631 21 24 9,
1557 3630 60 21 1841.

1288 3671 81 48 OIL.
1371 3683 28 4 —
1400 3672 46 22 The
1468 3673 151 26 undersigned
1641 3673 45 21 will
1709 3673 109 32 purchase
1841 3681 28 14 or

1357 3699 66 21 make
1432 3699 77 22 liberal
1519 3699 111 22 advances
1646 3706 29 14 on
1694 3699 32 22 oil
1742 3701 125 26 consigned

1286 3727 21 19 to
1314 3724 55 22 their
1379 3726 182 27 correspondents
1571 3726 24 22 in
1605 3725 105 23 London.

1602 3758 82 23 Waitt
1695 3758 47 23 and
1750 3759 84 23 Tysbr.

1310 3782 140 30 Wellington,
1460 3784 55 28 July
1522 3786 22 26 2,
1557 3786 60 21 1841.

1285 3826 32 28 >{
1350 3826 239 24 LITHOGRAPHIC
1617 3828 84 22 VIEW
1735 3829 39 22 O?
1801 3829 66 23 THE

1287 3849 44 26 'JX
1359 3854 153 22 HARBOUR
1519 3854 59 22 from
1588 3855 11 21 7
1606 3855 146 28 inakori-hill,
1770 3856 36 22 for
1818 3856 48 22 sale

1289 3883 18 19 at
1314 3880 36 22 the
1360 3880 63 22 office
1432 3880 24 23 of
1467 3881 39 22 the
1690 3882 64 23 Price
1764 3884 32 21 2s.

1281 3904 8 32 \
1311 3914 55 23 June
1376 3915 34 28 25,
1426 3916 58 21 1841.
1879 3908 5 18 '

682 613 190 48 JFRASER,
884 613 183 29 Hair-dresser,
1077 616 112 23 Lambton
1196 617 72 27 Quay,

722 651 12 10 ■
764 642 56 19 next
828 640 68 22 house
906 644 25 18 to
940 641 38 22 the
987 641 127 23 Wakefield
1123 642 136 23 Club-room.

681 683 168 48 RSEED,
859 684 59 22 Boot
924 685 45 22 and
979 685 58 22 Shoe
1051 686 86 28 Maker,
1147 687 25 22 in
1181 691 87 18 return-

736 721 12 10 •
755 714 9 7 *
778 710 40 27 ing
830 707 80 26 thanks
920 714 23 19 to
955 712 37 21 the
1004 713 129 26 gentlemen
1141 714 46 21 and
1195 714 74 27 public

680 736 36 22 for
724 736 59 22 their
792 740 120 25 patronage
922 738 45 22 and
983 743 97 23 support,
1090 740 54 26 begs
1154 743 24 18 to
1187 740 82 22 inform

679 762 64 23 them
752 763 48 22 that
809 764 35 21 for
852 764 37 22 the
899 766 193 22 accommodation
1108 766 26 22 of
1143 766 36 22 his
1195 769 73 19 custo-

680 797 60 14 mers
756 790 45 22 and
816 790 36 23 the
868 790 83 28 public,
967 791 29 22 he
1012 792 46 22 will
1073 792 82 27 always
1171 792 57 23 have
1238 800 29 14 on

678 815 63 23 hand
750 823 29 16 an
790 820 132 19 assortment
933 818 26 21 of
969 818 69 28 ready
1047 819 67 22 made
1124 819 71 22 shoes.

706 842 58 23 N.B.
786 843 28 22 R.
830 844 21 21 S.
866 844 46 22 will
927 844 48 22 also
988 845 89 22 furnish
1091 845 38 22 the
1144 846 64 22 trade
1223 846 45 22 and

678 869 76 27 public
771 870 54 21 with
839 870 29 21 all
886 873 56 19 sorts
959 870 25 22 of
995 874 39 19 cut
1041 870 87 24 leather
1143 872 47 22 and
1205 872 63 22 shoe-

679 895 96 22 makers'
784 896 143 27 furnishings,
940 897 39 22 &c.
990 897 42 22 &c.

846 940 85 22 Boots
941 941 55 21 and
1006 941 92 21 Shoes.

680 972 29 22 T
728 971 95 23 ADIES
840 972 60 22 cloth
915 973 71 28 boots,
1004 973 51 22 best
1077 974 96 23 London
1189 983 79 15 manu-

679 995 47 25 JLJ
742 999 92 26 facture,

705 1025 71 26 Satin,
786 1025 46 28 kid,
842 1025 95 28 enamel,
947 1025 46 23 and
1002 1027 103 26 prunella
1114 1027 72 29 shoes,

705 1048 104 29 Leather,
820 1052 71 27 single
900 1053 49 21 and'
954 1053 83 22 double
1047 1054 65 27 soles,

706 1077 60 22 Cork
775 1074 64 31 soles,
849 1079 45 21 and
903 1079 37 21 fur
945 1079 65 22 lined
1018 1080 72 27 boots,

706 1104 56 22 Also
782 1112 29 14 an
835 1108 132 20 assortment
985 1106 27 22 of
1032 1107 149 26 gentlemen's
1207 1108 61 22 dress

679 1129 66 23 shoes
755 1134 24 18 at

867 1158 99 23 Bowler
976 1159 45 22 and
1031 1159 102 28 Smith's,
1143 1161 34 22 Te
1187 1161 54 22 Aro.

769 1210 89 21 Dutch
867 1210 100 22 Clocks
978 1212 56 20 and
1042 1212 137 22 Watches.

680 1242 164 49 SEVERAL
853 1243 76 22 Dutch
945 1244 83 28 clocks,
1043 1244 46 23 and
1100 1246 79 23 .sound
1188 1246 82 22 second

731 1269 61 22 hand
802 1270 65 21 silver
876 1270 104 28 watches,
990 1271 37 22 for
1035 1271 45 22 sale
1091 1275 24 18 at

787 1296 98 22 Bowler
894 1297 46 21 and
949 1298 95 21 Smith's
1055 1299 81 27 Stores,
1143 1298 34 23 Te
1187 1299 54 22 Aro.

801 1347 193 21 Second-hand
1009 1349 138 27 Clothing.

679 1378 75 49 AN
767 1382 133 20 assortment
915 1380 27 22 of
955 1381 149 27 gentlemen's
1114 1383 154 22 second-hand

759 1406 104 27 clothing,
881 1406 32 26 q£'
920 1408 100 26 superior
1032 1408 66 22 make
1114 1409 45 21 and
1176 1410 91 27 quality,

679 1432 87 27 worthy
774 1432 38 23 the
822 1432 109 23 attention
941 1434 26 21 of
973 1434 129 22 mechanics
1112 1436 46 21 and
1167 1436 81 22 others.

990 1461 100 22 Bowler
1100 1462 45 22 and
1155 1463 82 21 Smith.

680 1497 127 48 ROPES
818 1498 43 21 and
876 1498 74 22 SHIP
964 1499 196 24 CHANDLERY
1169 1501 36 22 for
1214 1502 53 26 sale,

760 1527 23 18 at
801 1524 87 22 Bowler
902 1526 46 21 and
962 1526 92 22 Smith's
1071 1527 81 27 Stores,
1164 1528 31 22 Te
1211 1529 55 28 Aro,

680 1550 122 27 consisting
812 1551 35 22 of:
848 1563 29 3 —

734 1577 75 27 Ropes
820 1577 22 22 of
851 1578 29 22 all
890 1578 63 28 sizes,

735 1604 105 28 Canvass,

734 1630 78 22 Paints
821 1631 44 22 and
875 1630 48 28 oils.

734 1657 134 22 House-line
878 1658 45 23 and
933 1658 113 28 mar-line,

734 1683 96 27 Oakum,

735 1710 133 28 Spun-yarn,

734 1737 89 22 Thread
831 1738 88 27 ratling,

734 1763 105 27 Seaming
849 1764 45 22 and
902 1765 86 28 roping,
1133 1768 12 14 '<"

733 1790 128 22 Stockholm
872 1794 40 24 tar,

733 1816 83 22 Round
825 1818 44 21 and
878 1818 39 21 flat
926 1818 40 22 bar
976 1818 57 28 iron,

734 1843 87 27 Blocks,
833 1844 28 21 all
872 1844 63 21 sizes.

705 1869 56 22 Also
778 1877 60 14 some
853 1871 111 22 excellent
978 1875 59 19 tents
1046 1872 36 22 for
1091 1879 92 21 persons
1197 1874 68 28 going

677 1895 47 21 into
736 1896 37 21 the
783 1897 63 21 bush.

851 1942 43 20 Ex

678 1972 73 47 OjN
764 1973 46 23 sale
820 1977 22 18 at
854 1974 39 22 the
902 1975 75 21 Stores
987 1975 26 21 of
1024 1976 38 21 tlie
1071 1976 151 27 undersigned
1228 1985 33 13 :—

756 1999 114 26 Superfine
879 2007 51 15 new
940 2001 96 22 colonial
1044 2001 65 28 flour,

704 2025 99 22 Seconds
884 2026 35 22 do.
976 2027 35 22 do.
1068 2028 37 22 do.

703 2051 75 22 Coffee
787 2052 25 21 in
821 2053 58 26 good
890 2054 121 27 condition,

704 2078 96 22 Refined
809 2079 47 21 loaf
862 2087 67 19 sugar
938 2081 24 21 in
973 2081 64 22 hhds.

701 2105 71 21 Moist
780 2112 65 20 sugar
853 2106 23 21 in
887 2107 60 27 bags,

703 2131 83 27 Cigars,
797 2133 70 26 prime
877 2134 101 27 Manilla,
988 2134 49 22 first
1046 2134 92 29 quality,

701 2158 99 27 Brandy,
813 2161 10 19 1
834 2159 53 23 hhd.
898 2168 54 20 very
962 2161 105 27 superior,

705 2185 102 21 Jamaica
816 2193 48 14 rum
920 2187 35 22 do.
1007 2187 35 23 do.

703 2211 55 22 Pale
767 2212 39 26 gin
816 2212 23 22 in
849 2212 64 22 hhds.

702 2239 42 21 150
754 2246 61 14 cases
825 2239 26 21 of
856 2239 110 28 hollands,

700 2266 43 20 300
755 2265 78 22 cheese
842 2266 21 21 in
874 2267 59 26 good
943 2267 71 27 order,

702 2291 55 22 Port
765 2292 45 21 and
820 2292 75 28 sherry
904 2293 24 21 in
938 2293 64 22 wood
1012 2294 46 22 and
1066 2295 77 28 bottle,

702 2318 144 27 Champagne
854 2319 24 21 in
889 2322 12 19 6
912 2320 71 22 dozen
993 2328 70 20 cases,

701 2344 92 23 Bottled
802 2345 34 22 ale
847 2346 45 22 and
900 2350 81 24 porter,

701 2372 72 22 Black
783 2375 37 19 tea
828 2373 22 21 in
860 2374 26 20 35
896 2373 30 21 lb.
938 2374 118 27 packages,

702 2398 93 29 Ginger,
810 2399 85 28 raisins,
912 2403 73 19 castor
1004 2401 36 28 oil,
1057 2401 66 23 white
1140 2410 83 21 pepper
1237 2403 20 22 ir

673 2424 63 28 bags,

702 2452 131 22 Arrowroot
840 2452 23 22 in
874 2454 130 27 cannisters,

703 2478 92 28 Shingle
804 2479 63 27 nails,
878 2480 46 22 and
940 2488 29 14 an
983 2484 136 20 assortment
1133 2482 26 22 of
1172 2483 57 22 nails
1239 2484 22 21 of

673 2504 30 22 all
714 2505 151 28 descriptions,

699 2531 74 28 Large
782 2540 58 19 rugs,
849 2534 50 31 10^4
904 2533 103 23 blankets
1013 2534 75 28 heavy
1093 2535 45 22 and
1146 2535 113 29 coloured,

700 2558 166 28 Counterpanes
876 2560 23 21 in
909 2560 69 28 bales,
987 2561 51 22 best
1047 2565 87 24 regatta
1143 2563 73 28 shirts,

700 2585 126 28 Osnaburg,
837 2588 53 20 1000
899 2587 67 27 yards
976 2588 34 22 for
1020 2588 73 27 lining
1102 2588 88 29 houses,

699 2612 82 27 Prints,
806 2620 14 14 a
841 2617 63 23 great
926 2615 92 27 variety,
1043 2615 46 22 and
1117 2615 141 24 fashionable

672 2641 108 25 patterns,

699 2665 114 28 Sheeting,
825 2666 99 28 shirting,
935 2667 46 22 and
989 2668 142 23 unbleached
1140 2669 77 28 calico,

698 2692 77 22 Men's
784 2693 65 21 white
858 2693 74 27 shirts,
943 2695 71 27 socks,
1025 2695 63 23 linen
1098 2695 77 28 check,

698 2718 75 22 Men's
783 2720 94 21 woollen
887 2720 73 27 shirts,

698 2745 114 22 Moleskin
822 2746 47 26 and,
875 2747 54 21 cord
938 2751 109 24 trowsers,
1058 2749 148 28 bed-ticking,

697 2772 111 27 Flushing
818 2775 99 19 trowsers
934 2774 100 27 monkey
1039 2775 94 28 jackets,

697 2798 48 21 Pea
750 2799 93 27 jackets,
854 2800 94 22 woollen
959 2801 102 28 drawers,

697 2823 68 23 Duck
774 2825 228 29 frocksj-comforters,
1013 2828 46 22 and
1068 2832 110 25 trowsers,

698 2851 88 27 Chintz,
798 2852 102 22 coloured
911 2853 46 21 and
966 2854 66 22 black
1040 2856 106 27 merinos,

698 2877 48 22 Kid
754 2878 77 26 gloves
839 2879 25 21 of
870 2879 30 21 all
910 2880 153 29 descriptions,

697 2904 59 21 Rich
766 2904 85 28 figured
858 2906 96 27 poplins,

696 2930 66 28 Long
771 2932 61 21 scarf
842 2932 87 28 shawls,
938 2933 54 22 dark
998 2935 254 23 mousselane-de-laine

671 2956 93 28 dresses,

697 2984 64 21 Satin
770 2984 75 28 scarfs,
854 2985 59 22 book
922 2987 90 27 muslin,

698 3010 70 22 Black
778 3011 45 22 and
832 3012 104 23 coloured
944 3020 51 20 gros
1006 3014 38 28 de'
1044 3014 89 28 Naples,

698 3037 120 22 Cashmere
841 3038 86 29 shawls,
950 3040 78 23 ladies'
1046 3043 45 21 and
1113 3043 54 27 girls
1190 3045 64 20 straw

669 3062 105 29 bonnets,
785 3064 54 27 boys
848 3065 74 23 velvet
932 3074 57 20 caps.

696 3090 72 22 Black
779 3099 70 20 crape,
858 3092 78 22 ladies'
947 3094 45 21 and
1000 3094 55 27 girls
1065 3099 68 24 stays,

697 3116 116 24 Women's
820 3118 59 28 hose,
892 3127 13 14 a
913 3120 86 27 variety
1009 3121 27 22 of
1040 3122 99 28 ribbons,

697 3145 27 20 10
734 3144 73 27 pieces
818 3144 64 23 India
891 3146 43 22 silk
942 3146 180 30 handkerchiefs,

696 3170 77 22 Men's
783 3172 135 28 comforters,
929 3173 80 23 lamb's
1018 3175 58 22 wool
1086 3176 73 27 shirts,

698 3197 155 23 Gentlemen's
861 3202 66 24 vests,
939 3200 48 22 first
998 3201 93 28 quality,

697 3224 155 23 Gentlemen's
867 3226 66 21 black
947 3226 83 23 beaver
1039 3228 57 28 hats,
1107 3229 150 27 gentlemen's

669 3250 82 22 oilskin
760 3251 58 27 hats,
828 3252 96 22 Manilla
933 3253 56 27 hats,

696 3277 134 27 Umbrellas,
854 3279 83 22 tailors'
957 3281 134 28 trimmings,
1107 3282 47 22 and
1176 3282 80 22 haber-

668 3303 96 29 dashery
776 3304 25 22 of
812 3303 29 24 all
849 3308 62 24 sorts,

697 3330 67 22 India
772 3332 81 21 rubber
861 3332 46 22 and
917 3335 75 20 cotton
1002 3334 85 28 braces,

696 3357 155 24 Gentlemen's
878 3360 100 27 superior
1004 3361 112 23 buckskin
1143 3365 111 24 trowsers,

667 3384 61 27 good
738 3384 75 28 shape,

696 3410 82 23 Cotton
786 3412 173 23 handkerchiefs
967 3414 24 21 in
1001 3414 82 27 pieces,

695 3437 106 28 Superior
831 3438 141 24 broad-cloth
999 3441 45 22 and
1073 3441 121 23 Cashmere
1221 3441 36 23 for

667 3467 111 25 trowsers,

694 3492 14 20 3
718 3491 62 23 bales
790 3492 26 21 of
822 3492 51 28 sole,
884 3492 46 28 kip,
941 3493 46 22 and
995 3494 48 22 calf
1052 3494 94 28 leather,

694 3518 61 22 Boat
762 3518 58 22 nails
830 3519 25 21 of
861 3519 32 22 all
901 3520 154 28 descriptions,

693 3544 75 23 Men's
778 3548 76 25 strong
862 3546 72 27 boots,
944 3546 64 28 boy's
1018 3547 46 22 and
1074 3548 108 22 women's
1192 3548 35 22 do.

694 3572 136 22 Gentlemen
833 3572 16 23 'a
871 3573 101 27 superior
997 3574 115 28 kangaroo
1140 3574 114 27 bluchers,

666 3598 67 22 made
743 3602 22 18 to
776 3598 71 28 order,
891 3608 7 9 *

692 3625 81 22 Mould
783 3626 96 26 candles,

692 3652 60 21 Boat
760 3652 101 27 anchors,

693 3678 106 27 Superior
806 3678 108 23 furniture
925 3680 25 21 of
959 3679 28 23 all
998 3680 155 28 descriptions,

691 3704 137 27 Negrohead
838 3705 98 27 tobacco,

693 3730 51 22 One
756 3731 48 27 pipe
814 3731 56 27 light
882 3736 52 23 port
943 3732 64 22 wine.

925 3765 36 22 W.
978 3766 25 20 B.
1019 3766 96 22 Rhodes
1130 3765 46 22 and
1190 3766 42 21 Co.'

743 3807 61 21 Van
819 3809 136 20 Dieman's
968 3810 78 19 Land
1062 3809 118 21 Timber.

666 3833 89 47 FOR
770 3833 86 26 SALE,
872 3835 92 24 Boards,
982 3835 123 27 Scantling,
1124 3835 45 21 and
1187 3835 69 22 Joists

740 3859 26 21 of
778 3859 30 21 all
823 3859 55 23 sizes
894 3861 44 21 and
953 3861 97 26 lengths,
1062 3864 24 18 at
1100 3862 45 21 245.
1162 3869 40 20 per
1215 3863 41 20 100

665 3885 52 22 feet.
748 3885 75 28 Apply
832 3889 22 19 to
864 3885 37 23 ths
912 3887 158 28 undersigned,

1028 3914 86 24 Harry
1128 3914 100 23 Robsox.
1266 3909 6 18 '

1910 623 87 47 FOR
2013 625 85 28 SALE,
2116 630 24 17 at
2156 626 37 22 the
2213 628 75 22 Stores
2311 629 27 22 of
2354 630 38 22 the
2411 631 83 22 under-

1969 651 89 26 signed:
2060 662 29 5 —

1936 675 58 22 First
2003 676 62 29 flour,
2378 677 26 10 '"-
2424 682 5 3 '
2470 682 3 4 '

1936 701 60 28 Rice,

1936 728 90 28 Brandy
2036 730 22 21 in
2068 731 69 27 pipes,
2149 731 71 28 hhds.,
2232 733 45 22 and
2287 737 89 25 quarter
2384 735 71 28 casks,

1936 755 58 21 Rum
2004 763 25 15 in
2039 756 73 27 hhds.,

1937 781 43 21 Gin
1991 781 24 22 in
2025 790 49 14 case
2084 783 45 22 and
2138 784 70 28 wood,

1936 807 87 22 Elliot's
2033 813 59 18 stout
2100 810 23 21 in
2134 809 72 29 hhds.,

1935 833 113 28 Barclay's
2057 839 60 19 stout
2124 836 25 22 in
2159 837 77 25 bottle,

1936 860 100 27 Taylor's
2045 861 50 28 pale
2105 862 35 22 ale
2149 863 24 21 in
2184 864 76 28 bottle,

1937 885 53 23 Port
1998 888 45 21 and
2052 888 78 28 sherry
2139 889 24 21 in
2173 889 76 28 bottle,

1936 912 82 29 Sherry
2027 914 24 22 in
2061 915 57 28 butt,
2128 915 65 28 hhds,
2203 917 46 22 and
2258 924 68 22 cases,

1937 939 58 27 Cape
2005 940 58 22 wine
2072 941 23 23 in
2107 942 70 27 wood,

1937 965 95 29 Pickles,
2043 975 83 20 sauces,
2137 968 161 29 andjnustard,

1937 992 139 24 Arrow-root
2085 996 45 20 and
2140 993 80 35 sagio^
2227 995 23 25 ;;-.'

1936 1018 113 29 Blankets,
2067 1028 24 14 mT6leskiris,ssilks,m
2086 1018 10 8 T
2092 1018 181 33 6leskiris,ssilks,
2289 1024 97 28 ribbons,
2404 1025 87 28 ahawli,

1909 1045 170 29 haberdashery,
2090 1048 56 27 hata,
2157 1049 100 23 assorted
2265 1049 66 29 slops,

1936 1072 64 21 Pitch
2010 1073 46 22 and
2065 1077 43 24 tar,-

1936 1098 55 22 Fine
2001 1099 48 27 salt,

1936 1124 48 22 Ash
1994 1132 56 20 oars,

1936 1151 71 22 Cedar
2016 1152 87 23 boards.

1908 1204 28 6 „,
1949 1203 23 7 „.
2209 1180 82 24 Waitt
2302 1182 43 23 and
2353 1182 84 24 Ttser.

1908 1203 143 29 Wellington,
2063 1206 54 27 July
2126 1208 36 26 31,
2174 1208 61 21 1841.

1909 1249 29 21 T
1958 1248 126 23 ANDING
2113 1250 58 22 from
2199 1251 38 23 the
2258 1253 115 22 Katherine
2399 1255 94 21 Stewart

1908 1274 48 22 JLJ
1983 1277 83 25 Forbes,
2077 1277 46 21 and
2131 1277 36 23 for
2177 1278 45 22 sale
2222 1290 29 5 —

1935 1310 14 19 2
1966 1308 73 28 hhds.,
2056 1310 132 28 containing
2204 1319 14 14 a
2235 1316 64 23 great
2316 1314 85 27 variety
2418 1314 28 22 of
2460 1315 33 22 tin

1908 1342 65 20 ware,

1935 1362 81 22 Brown
2025 1365 67 25 stout,
2230 1365 11 19 1
2287 1365 88 23 Packed
2401 1367 23 22 in
2453 1367 40 23 red

1936 1388 53 21 Pale
1998 1389 43 27 ale,
2236 1388 11 22 I
2253 1392 75 27 boxes,
2359 1394 72 22 suited
2458 1394 35 22 for

1937 1415 73 22 Men's
2018 1416 64 21 boots
2095 1416 45 23 and
2151 1416 71 30 shoes,
2229 1415 12 31 J
2253 1418 81 23 Native
2341 1420 69 23 trade.

1936 1441 63 28 Soap,

1935 1467 108 23 Blankets
2044 1480 28 4 —
2072 1469 66 22 white
2148 1470 46 23 and
2202 1472 47 28 red,

1936 1495 110 28 Clothing,

1936 1521 80 22 Cotton
2025 1522 78 28 prints,

1936 1548 80 27 Sherry
2023 1556 24 14 in
2058 1553 90 23 quarter
2158 1550 70 29 casks,

1935 1574 211 24 Double-barrelled
2155 1578 128 27 percussion
2293 1587 64 19 guns,

1935 1601 134 27 Negrohead
2079 1603 99 23 tobacco.

2286 1633 93 23 Samuel
2392 1633 101 23 Rhvani.

1935 1654 59 22 June
2006 1655 33 27 16,
2051 1657 61 20 1841.

2044 1700 40 21 To
2098 1701 250 27 Agriculturalists.

1906 1732 88 48 FOR
2003 1733 86 27 SALE,
2098 1741 14 14 a
2119 1734 64 22 small
2192 1736 103 27 quantity
2301 1737 26 20 of
2333 1744 54 20 very
2393 1738 100 27 superior

1978 1759 52 22 seed
2041 1759 78 28 wheat,
2130 1761 49 21 also
2189 1769 12 14 a
2211 1762 65 22 small
2291 1764 103 26 quantity
2403 1765 27 21 of
2440 1764 53 23 seed

1904 1785 75 27 barley
1989 1785 94 23 without
2092 1787 66 27 husk,
2168 1788 54 22 both
2232 1796 77 19 grown
2326 1790 23 21 in
2366 1792 38 20 the
2418 1791 75 28 valley

1905 1811 26 21 of
1942 1811 36 22 the
1989 1812 64 27 Hutt,
2066 1813 46 22 and
2121 1815 125 22 warranted
2257 1816 25 21 of
2293 1816 37 21 the
2340 1817 47 22 first
2399 1818 94 28 quality.

1904 1837 57 23 Also
1971 1846 13 14 a
1993 1839 86 27 variety
2090 1840 26 22 of
2124 1841 85 26 garden
2220 1841 72 28 seeds,
2305 1842 37 22 the
2357 1846 99 25 produce
2471 1845 27 21 of

1904 1864 39 22 the
1954 1865 85 28 Colony
2074 1866 45 22 £ox
2128 1867 139 28 particulars,
2278 1869 67 28 apply
2354 1873 24 18 to

2067 1893 24 21 C.
2103 1893 26 21 E.
2142 1893 50 23 Yon
2203 1895 118 28 Alzdorf,
2337 1897 86 27 Petoni,
2436 1904 24 15 or
2470 1900 25 19 to

2066 1919 27 22 E.
2104 1919 81 28 Davis,
2197 1924 23 18 at
2230 1922 91 22 Messrs.
2337 1923 95 22 Hanson
2446 1924 49 22 and

2094 1946 44 22 and
2148 1947 98 23 Alzdorf
2249 1949 23 26 's,
2284 1949 147 27 Wellington.

2065 1990 43 21 TO
2117 1985 205 41 Tfl^l^DlES.
2477 2003 20 8 -

1900 2021 148 27 Millinery,
2058 2023 219 28 Dress-making,
2293 2026 55 21 and
2363 2027 128 21 Embroi-

2158 2050 72 27 dery.

1902 2082 106 48 MRS.
2026 2082 26 22 T.
2072 2082 184 24 HONEYMAN
2265 2084 54 28 begs
2326 2088 22 19 to
2357 2086 82 23 inform
2450 2087 44 22 the

1983 2109 80 21 Ladies
2078 2109 27 21 of
2119 2110 138 28 Wellington
2272 2112 46 21 and
2335 2112 36 22 the
2387 2120 106 16 surroun-

1900 2135 54 27 ding
1969 2135 190 29 neighbourhood,
2170 2137 49 22 that
2235 2138 38 21 she
2290 2138 41 22 has
2347 2142 146 21 commenced

1900 2163 38 21 the
1949 2162 69 22 above
2034 2162 109 23 branches
2159 2164 27 21 of
2195 2164 103 22 business
2305 2173 6 19 ;
2330 2166 44 21 and
2384 2166 57 23 from
2451 2167 43 23 her

1900 2189 55 26 long
1964 2189 131 26 experience
2110 2189 24 22 in
2145 2189 37 22 the
2197 2191 49 21 first
2262 2191 76 22 circles
2355 2192 26 21 of
2391 2193 37 22 the
2444 2201 48 15 me-

1901 2215 91 27 tropolis
2010 2215 26 21 of
2045 2215 38 21 the
2098 2216 91 22 mother
2205 2220 102 25 country,
2324 2219 46 21 and
2384 2219 29 27 by
2431 2221 64 21 strict

1902 2242 109 22 attention
2030 2245 23 18 to
2072 2242 38 22 the
2128 2246 61 19 most
2211 2243 90 28 elegant
2326 2246 44 21 and
2394 2247 100 26 graceful

1902 2269 77 21 modes
1996 2276 24 14 as
2036 2269 53 27 they
2098 2270 73 22 arrive
2186 2270 59 22 from
2260 2271 111 29 England,
2385 2272 70 28 hopes
2472 2278 23 18 to

1903 2295 66 22 merit
1979 2302 13 14 a
2002 2295 65 22 share
2077 2295 26 21 of
2114 2296 58 22 their
2180 2300 131 25 patronage.

1931 2321 131 28 Fife-place,
2073 2322 135 28 Hill-street,

1983 2348 56 27 July
2048 2349 33 26 15,
2093 2351 61 20 1841.

1948 2392 128 21 Woollen
2093 2394 121 26 Drapery
2227 2395 224 27 Establishment,

1933 2427 103 19 Lambton
2047 2433 61 20 quay,
2128 2428 108 26 adjoining
2253 2429 103 21 Lambton
2375 2431 89 21 Tavern.

1902 2460 37 47 J
1971 2459 141 22 JACKSON
2132 2460 57 28 begs
2209 2463 145 27 respectfully
2369 2467 23 19 to
2409 2464 83 24 inform

1943 2497 11 10 •
1994 2486 36 21 the
2048 2486 139 23 inhabitants
2206 2488 28 22 of
2248 2489 137 27 Wellington
2404 2492 46 20 and
2462 2493 29 21 its

1902 2512 99 27 vicinity,
2017 2512 49 23 that
2081 2513 29 22 he
2124 2513 42 22 has
2182 2515 103 22 received
2304 2516 57 22 from
2378 2517 39 22 the
2428 2519 64 21 West

1903 2539 84 27 Riding
2005 2539 27 21 of
2053 2540 122 22 Yorkshire
2196 2549 28 14 an
2244 2542 114 23 extensive
2382 2545 63 21 stock
2468 2545 25 22 of

1902 2566 111 27 superfine
2029 2566 71 22 broad
2116 2567 78 27 cloths,
2204 2568 160 28 kerseymeres,
2379 2570 111 28 doeskins,

1902 2592 88 26 tweeds,
2009 2592 69 28 drills,
2095 2594 68 26 fancy
2177 2601 41 14 can
2220 2598 72 24 toons,
2308 2596 70 27 cords,
2389 2597 102 28 fustiani,

1902 2619 46 21 and
1969 2619 164 28 waistcoatings
2144 2627 6 20 ;
2180 2620 47 23 also
2251 2628 28 15 an
2308 2626 133 20 assortment
2468 2625 25 22 of

1902 2646 106 21 merinos.

1929 2672 87 21 N.B.—
2016 2672 137 28 Trimmings
2163 2673 27 22 of
2196 2681 68 21 every
2273 2674 133 29 description
2417 2676 27 23 of
2455 2677 38 23 the

1901 2698 50 22 best
1961 2699 91 27 quality.

1929 2725 54 27 July
1993 2726 34 25 16,
2039 2726 61 21 1841.

1901 2768 144 49 LAND
2069 2770 260 24 AGENCIES.—
2328 2773 40 22 TO
2392 2773 101 23 LAND-

1978 2796 183 23 HOLDERS.—
2160 2797 47 23 The
2227 2798 157 28 Undersigned
2401 2800 44 27 beg
2468 2805 23 18 to

1901 2822 55 21 offer
1966 2822 132 23 themselves
2109 2827 22 18 to
2141 2824 58 22 their
2208 2824 85 23 friends
2304 2826 44 22 and
2362 2826 38 22 the
2416 2827 75 27 public

1900 2855 25 15 as
1935 2848 87 27 Agents
2031 2850 34 21 for
2075 2850 38 21 the
2123 2850 95 33 disposal
2227 2852 26 21 of
2259 2852 69 22 Town
2338 2853 46 21 and
2391 2853 100 29 Country

1901 2875 82 27 Lands,
1994 2876 46 21 and
2049 2880 58 18 trust
2116 2876 58 23 their
2183 2878 96 22 colonial
2291 2880 132 23 experience
2437 2888 54 20 may

1900 2902 79 21 entitle
1988 2902 62 22 them
2060 2906 23 18 to
2093 2911 14 14 a
2118 2903 65 22 share
2194 2904 25 22 of
2229 2904 38 22 the
2276 2906 74 26 public
2360 2909 130 25 patronage.

1928 2928 62 28 They
1999 2928 47 23 will
2053 2929 30 22 be
2091 2930 76 28 happy
2177 2934 22 18 to
2208 2938 94 20 arrange
2316 2933 34 21 for
2359 2933 45 21 and
2414 2940 77 21 super-

1900 2954 80 23 intend
1989 2955 38 22 the
2036 2963 92 20 surveys
2135 2956 47 23 and
2188 2958 158 22 sub-divisions
2354 2959 26 21 of
2385 2959 37 21 the
2427 2960 64 22 land.

1901 2981 90 22 Liberal
2000 2982 112 22 advances
2121 2983 46 22 will
2179 2984 29 21 be
2223 2984 65 22 made
2299 2992 29 14 on
2337 2986 65 21 lands
2411 2986 80 29 placed

1900 3008 24 21 in
1934 3008 57 21 their
1999 3008 73 22 hands
2079 3009 35 22 for
2121 3009 54 22 sale.
2202 3010 65 28 They
2273 3011 46 22 will
2326 3012 45 21 also
2379 3012 28 22 be
2415 3015 76 26 happy

1900 3037 24 18 to
1933 3034 64 22 assist
2006 3035 136 27 proprietors
2150 3036 25 21 in
2185 3036 87 28 leasing
2282 3037 58 22 their
2348 3038 72 22 lands.

2182 3062 64 23 John
2257 3064 45 21 and
2312 3064 58 22 Geo.
2381 3065 82 23 Wade.

2001 3106 157 27 Wanganui
2173 3107 78 21 Land
2265 3109 122 27 Agency.

1901 3138 99 34 rpHE
2024 3139 153 26 undersigned
2203 3140 86 28 having
2315 3142 88 23 resided
2429 3151 62 15 Borne

1908 3163 30 24 JL
1968 3165 90 22 months
2074 3169 23 18 at
2111 3166 135 27 Wanganui,
2265 3167 42 23 has
2321 3168 58 23 been
2396 3171 97 22 enabled

1900 3194 23 18 to
1934 3191 64 23 make
2008 3191 94 23 himself
2113 3190 135 31 acquainted
2259 3194 53 22 with
2326 3195 37 22 the
2380 3196 49 22 best
2439 3198 53 21 sites

1900 3218 34 22 for
1945 3219 36 21 the
1990 3218 106 22 selection
2108 3219 25 21 of
2140 3223 95 29 country
2244 3220 72 28 lands,
2327 3222 44 22 and
2382 3222 110 24 therefore

1900 3242 53 24 with
1968 3245 130 22 confidence
2108 3246 89 22 tenders
2207 3247 36 21 his
2252 3248 95 22 services
2359 3252 24 19 to
2392 3250 100 27 proprie-

1899 3274 53 23 tors,
1970 3278 23 15 as
2008 3278 30 15 an
2053 3272 77 26 Agent
2145 3273 35 21 for
2196 3273 37 22 the
2251 3274 113 28 selection,
2376 3276 51 27 sale,
2439 3283 52 21 pur-

1900 3297 73 28 chase,
1985 3297 45 22 and
2039 3298 85 28 leasing
2133 3303 106 24 property
2249 3300 24 21 in
2284 3301 49 22 that
2342 3302 92 23 district.

1928 3324 85 22 Letters
2023 3325 35 21 for
2068 3325 37 21 the
2116 3326 125 22 subscriber
2255 3331 21 17 to
2290 3328 29 21 be
2333 3328 126 23 addressed,
2466 3332 24 22 %o

1900 3350 38 22 the
1950 3358 49 14 care
2010 3351 26 21 of
2046 3351 91 22 Messrs.
2149 3352 78 27 Wade,
2240 3352 204 32 Wellington*'^,

2146 3385 31 22 H.
2196 3386 120 28 Churton,
2328 3388 173 27 Wanganui.--<r,

2015 3429 146 21 Contracts
2175 3430 43 21 for
2232 3431 140 23 Potatoes.
2412 3424 22 30 V
2452 3427 41 27 *Vtf

1898 3461 144 48 WAITT
2056 3462 45 21 and
2116 3462 99 23 TYSER
2230 3464 44 22 will
2291 3456 215 38 receive«ten4rs£

1994 3488 36 21 for
2039 3491 42 18 two
2091 3488 103 23 hundred
2202 3494 51 19 tons
2265 3490 232 28 EnglisltcultiratecF

1898 3517 107 24 potatoes,
2025 3515 94 27 packed,
2140 3515 134 24 deliverable
2294 3522 23 17 at
2335 3518 60 21 their

1898 3539 83 28 during
1990 3539 38 23 the
2038 3545 90 23 potatoe
2138 3550 87 15 season.
2394 3550 9 5 ~
2411 3549 7 10 •'

1925 3567 146 28 Wellington,
2083 3568 55 28 July
2148 3570 34 26 15,
2194 3571 60 21 1841.

2148 3621 15 14 A
2178 3621 68 15 CARD.

2043 3645 48 23 Mr.
2106 3646 25 22 T.
2149 3647 27 22 O.
2190 3646 154 27 WESTERN,

1920 3678 76 22 Land
2011 3679 143 27 Surveyor,
2169 3681 110 25 Valuer,
2294 3680 55 21 and
2363 3680 103 28 Agent,

2094 3720 116 15 TINAK.OKE
2226 3720 67 20 ROAD,

1987 3745 89 23 Second
2086 3747 60 21 Acre
2156 3746 57 22 from
2224 3746 63 27 Capt.
2298 3746 97 23 Smith's.

2145 3805 14 14 A
2174 3805 69 14 CARD.

2063 3824 53 21 Mr.
2130 3824 34 20 K.
2179 3824 29 21 B.
2223 3824 99 27 Relph,

1998 3856 105 15 BUROF.ON
2118 3857 158 21 ACCOUCHBUR,
2292 3858 91 15 PETONI.
2461 3861 25 10 -*-
2507 3856 1 4 '

1949 3892 66 23 ILLS
2029 3893 39 22 OF
2083 3893 124 25 LADING
2222 3901 29 17 on
2267 3895 45 23 »1«
2329 3895 155 25 atthtOfiw

1975 3920 25 22 of
2011 3919 43 23 this
2063 3927 75 21 paper.
