2550 3980
1928 121 53 24 tion,
1994 118 11 22 I
2016 119 71 22 would
2097 124 92 19 venture
2199 125 23 18 to
2232 127 89 23 suggest
2337 124 36 22 the
2387 124 124 27 institution

1928 146 26 19 of
1964 151 13 15 a
1986 146 135 28 Dispensary
2137 147 35 22 for
2188 148 37 22 the
2243 150 92 27 natives,
2352 150 79 29 where,
2449 153 35 23 for
2499 162 13 15 a

1928 174 52 19 time
1991 175 23 18 at
2023 172 61 27 least,
2095 174 45 21 and
2150 174 32 21 till
2199 182 63 15 more
2277 176 109 28 adequate
2401 179 110 25 provision

1927 198 39 21 has
1976 198 56 21 been
2043 199 70 26 made,
2124 200 111 23 medicine
2245 202 42 21 and
2297 203 94 21 medical
2401 204 35 22 aid
2442 206 71 27 might

1927 224 27 21 be
1963 224 156 23 administered
2130 230 22 17 to
2162 226 60 23 them
2230 229 152 28 gratuitously,
2392 237 25 14 or
2425 235 23 17 at
2457 233 54 22 such

1926 256 14 14 a
1957 251 128 22 reasonable
2104 256 48 17 rate
2171 261 24 14 as
2210 254 55 27 they
2279 262 42 15 can
2339 256 69 22 afford
2422 259 23 19 to
2461 265 49 20 pay.

1927 277 84 21 Should
2029 284 14 14 a
2056 278 145 28 subscription
2222 280 38 21 list
2275 281 35 21 for
2326 282 43 21 this
2386 290 79 20 purpse
2483 285 27 22 be

1926 303 86 26 opened
2027 303 30 27 by
2071 311 61 15 some
2142 305 27 21 of
2179 306 36 21 the
2225 306 124 23 influential
2359 309 117 28 Colonists,
2487 319 24 14 or

1926 329 29 26 by
1965 329 62 22 those
2036 337 61 14 more
2105 331 154 29 immediately
2269 335 122 21 connected
2405 336 53 21 with
2473 338 36 22 the

1926 355 120 28 Company,
2058 356 11 22 I
2080 357 69 22 doubt
2158 362 41 17 not
2207 359 41 21 but
2257 359 47 22 that
2313 360 18 21 it
2341 361 44 22 will
2398 362 28 21 be
2435 364 75 27 amply

1924 382 130 27 supported;
2070 383 45 22 and
2124 391 24 14 as
2158 391 13 14 a
2187 391 197 23 commencement,
2402 388 12 21 I
2430 389 44 26 beg
2488 394 22 18 to

1923 412 121 21 guarantee
2053 416 12 14 a
2079 409 107 23 donation
2203 412 28 20 of
2245 412 54 27 £20,
2316 413 73 22 which
2407 414 12 21 I
2438 417 72 21 would

1924 434 45 21 fain
1980 438 56 18 trust
2044 435 44 22 will
2098 436 27 22 be
2135 437 103 22 followed
2254 438 28 28 by
2297 446 68 21 many
2378 440 63 23 other
2457 449 52 16 con-

1924 461 124 21 tributions.

1954 487 10 21 I
1975 487 78 22 should
2063 487 56 23 have
2129 489 83 22 wished
2222 494 23 17 to
2255 491 77 22 advert
2345 496 22 17 to
2383 492 37 22 the
2434 494 76 24 claims

1923 513 27 22 of
1960 515 38 20 the
2008 515 83 21 natives
2106 516 24 20 in
2147 522 26 15 an
2192 517 137 23 intellectual
2347 519 43 22 and
2405 520 103 27 religious

1923 540 62 27 point
1996 541 25 21 of
2032 541 60 27 view,
2104 541 40 22 but
2154 543 94 27 perhaps
2258 551 43 20 you
2318 545 43 21 will
2377 548 80 24 permit
2472 556 35 15 me

1923 571 21 17 to
1955 567 28 21 do
1991 574 24 14 so
2025 571 21 17 at
2053 575 44 19 any
2105 568 61 28 early
2173 570 84 27 period,
2266 571 94 27 through
2366 572 37 22 the
2410 574 98 23 medium

1923 593 26 21 of
1960 593 36 22 the
2011 595 91 20 Gazette.

2191 623 12 21 I
2213 630 44 19 am,
2269 624 40 21 Sir.

2105 647 63 23 Your
2177 649 102 22 obedient
2289 654 97 24 servant,

1922 698 27 5 ._.
1962 699 23 7 .
2237 677 62 21 John
2311 677 168 26 Macfarlane.

1922 698 141 28 Wellington,
2074 700 54 28 July
2137 701 66 28 22nd,
2215 704 59 21 1841.

1949 725 33 27 [A
1996 726 55 29 few,
2053 727 99 22 remarks
2168 736 29 14 on
2213 729 38 22 the
2270 730 70 22 above
2357 731 72 28 letter,
2449 732 55 23 from

1921 755 59 18 want
1989 752 27 21 of
2027 760 70 20 space,
2108 761 33 15 we
2152 762 37 14 are
2199 756 123 27 compelled
2332 761 22 18 to
2371 758 62 22 defer
2449 761 57 21 until

1921 785 40 15 our
1970 782 61 18 next.
2032 790 28 4 —
2060 779 54 27 Ed.]

2022 832 172 26 MIDDLE
2228 835 173 26 ISLAND.

1315 114 67 31 lency
1392 115 96 31 Captain
1497 116 102 24 William
1613 117 103 29 Hobson,
1726 117 119 24 Governor
1857 118 44 24 and

1317 147 273 25 Commander-in-Chief
1603 150 26 23 of
1637 150 62 24 'New
1707 150 102 24 Zealand
1818 151 44 23 and
1870 152 29 23 its

1315 179 173 32 Dependencies
1497 190 6 15 :
1505 194 34 4 —

1556 213 141 20 Government
1707 214 80 25 House,

1396 238 120 26 Auckland,
1525 240 53 21 New
1586 241 78 24 Ulster,
1676 242 50 19 14th
1737 241 57 27 May,
1808 242 61 20 1841.

1342 271 154 27 Gentlemen,
1498 284 27 5 —
1526 275 11 19 I
1558 275 52 20 have
1625 275 36 19 the
1676 275 69 20 honor
1761 277 23 19 to
1801 276 96 20 acknow-

1314 298 59 26 ledge
1383 300 36 20 the
1429 301 78 26 receipt
1518 302 24 19 of
1554 308 53 19 your
1617 302 90 24 address,
1726 302 40 20 and
1779 304 23 18 to
1812 305 86 23 present

1313 332 37 19 my
1358 326 46 20 best
1413 327 77 20 thanks
1499 328 34 20 for
1542 329 36 19 the
1595 330 176 25 congratulations
1787 336 43 19 you
1846 331 52 19 offer

1314 358 27 14 on
1352 353 35 20 the
1396 354 142 25 independent
1547 356 92 25 position
1649 355 23 21 of
1690 356 42 20 this
1749 356 83 26 Colony
1848 363 49 13 over

1312 380 68 19 which
1399 381 39 20 her
1454 381 92 27 Majesty
1564 383 37 20 has
1619 383 53 20 done
1688 389 33 14 me
1738 384 35 19 the
1789 384 69 20 honor
1874 386 22 18 to

1313 407 88 26 appoint
1410 414 33 14 me
1453 408 116 21 Governor.

1340 433 59 21 Your
1409 441 34 14 are
1456 435 84 26 pleased
1554 439 23 17 to
1596 443 83 20 express
1696 437 51 26 deep
1764 440 70 23 regret
1850 438 46 20 that

1312 466 42 20 any
1363 461 150 22 circumstance
1523 463 75 21 should
1608 465 51 19 have
1669 464 64 20 taken
1742 465 59 25 place
1808 465 87 26 tending

1311 490 24 17 to
1345 488 81 20 disturb
1436 490 60 20 those
1514 491 99 19 amicable
1630 492 106 23 relations,
1752 492 94 19 between
1862 498 33 13 me

1311 515 42 19 and
1363 515 34 20 the
1408 517 82 20 settlers
1500 517 25 20 of
1537 518 53 20 Port
1598 518 123 24 Nicholson,
1738 518 70 20 which
1817 518 33 21 for
1859 520 36 19 the

1310 541 69 21 honor
1389 543 24 19 of
1425 544 35 19 the
1470 544 75 20 Crown
1556 545 47 20 and'
1605 546 88 19 interest
1700 546 25 19 of
1736 546 35 19 the
1783 546 82 25 Colony
1874 546 17 20 it

1310 569 18 19 is
1339 569 100 21 desirable
1448 573 22 17 to
1477 572 110 20 maintain.
1615 572 24 20 In
1647 573 42 19 this
1699 573 114 19 sentiment
1822 572 9 20 I
1839 575 56 18 most

1310 597 104 26 earnestly
1424 598 40 19 and
1474 601 56 17 most
1544 598 100 27 cordially
1654 605 85 18 concur,
1756 600 41 19 and
1814 600 10 19 I
1841 600 53 20 shall

1310 623 43 19 hail
1362 624 50 20 with
1422 627 92 18 extreme
1531 626 137 25 satisfaction,
1678 633 41 19 any
1730 627 125 25 disposition
1865 633 28 14 on

1309 650 37 20 the
1356 653 46 23 part
1412 651 24 20 of
1447 652 36 20 the
1494 653 81 20 settlers
1593 656 24 17 to
1633 658 79 15 restore
1728 654 45 19 that
1789 655 104 25 harmony

1309 677 67 20 which
1387 684 42 19 you
1438 685 49 20 very
1495 680 68 26 justly
1569 680 85 20 observe
1660 681 17 20 is
1685 687 23 14 so
1716 681 73 25 highly
1794 682 99 19 essential

1309 706 22 17 to
1356 705 35 19 the
1410 705 157 26 developement
1587 707 23 20 of
1630 708 36 19 the
1684 714 108 13 resources
1811 708 25 19 of
1857 708 35 20 the

1309 730 88 27 Colony,
1409 732 41 20 and
1460 733 67 20 which
1535 740 41 19 you
1583 734 26 19 do
1615 741 33 14 me
1658 735 37 19 but
1699 735 78 24 justice
1785 735 23 20 in
1815 734 77 21 believ-

1307 758 38 25 ing
1356 758 9 20 I
1375 765 34 13 am
1419 762 55 17 most
1483 760 95 21 desirous
1589 762 21 18 to
1621 762 105 19 cultivate.

1336 785 131 26 Gentlemen,
1479 787 11 20 I
1506 788 77 19 should
1592 788 50 20 hold
1651 788 18 20 it
1677 791 23 18 to
1716 788 27 21 be
1757 788 135 26 inexpedient

1307 812 42 20 and
1358 813 106 27 improper
1472 816 25 17 to
1507 817 59 18 enter
1575 814 46 21 into
1632 815 115 20 discussion
1757 815 51 21 here
1818 816 24 19 of
1856 817 35 20 the

1307 840 132 25 suggestions
1448 847 43 20 you
1500 842 52 19 have
1563 842 89 26 thought
1662 843 24 19 fit
1702 845 22 17 to
1741 843 51 20 offer
1810 849 27 14 on
1855 843 36 20 the

1307 866 70 21 future
1398 868 143 20 Government
1559 869 26 20 of
1605 870 42 19 this
1671 870 90 26 Colony.
1813 870 44 20 But
1880 870 11 21 I

1306 894 90 21 hesitate
1406 898 37 17 not
1453 898 22 17 to
1485 902 72 14 assure
1566 902 43 20 you
1618 898 46 19 that
1670 903 53 20 your
1730 898 98 19 interests
1837 897 54 20 shall

1306 924 39 16 not
1356 922 24 19 be
1396 923 116 25 neglected,
1533 924 46 19 that
1597 930 62 20 every
1677 931 94 13 measure
1792 924 53 20 shall
1865 925 25 20 be

1306 948 63 20 taken
1389 949 22 20 in
1430 950 61 20 strict
1510 951 126 20 accordance
1655 951 50 20 with
1723 952 38 19 her
1780 951 110 27 Majesty's

1305 976 96 25 gracious
1410 977 102 25 pleasure,
1523 984 22 13 as
1555 979 105 25 conveyed
1669 981 22 17 to
1701 985 34 14 me
1745 979 25 22 by
1781 979 39 20 her
1828 979 62 26 prin-

1305 1003 55 25 cipal
1377 1003 109 27 Secretary
1501 1005 24 20 of
1544 1005 58 20 State
1618 1006 35 20 for
1670 1006 36 19 the
1726 1006 106 24 Colonies,
1848 1007 42 19 and

1304 1030 47 19 that
1361 1031 51 19 such
1420 1032 131 25 suggestions
1561 1039 23 12 as
1594 1039 42 19 you
1644 1033 51 19 have
1712 1033 84 25 already
1813 1033 77 20 offered

1303 1057 23 19 in
1345 1063 53 20 your
1417 1059 92 24 address,
1524 1065 25 14 or
1565 1066 47 19 may
1630 1059 93 20 hereafer
1739 1060 51 19 offer
1804 1060 35 19 for
1854 1061 36 19 the

1303 1084 79 21 benefit
1392 1086 24 19 of
1434 1086 34 19 the
1484 1086 83 20 settlers
1576 1087 21 19 in
1616 1086 35 20 the
1665 1086 104 20 Southern
1780 1087 108 25 Districts,

1303 1112 55 19 shall
1367 1112 78 21 receive
1456 1113 40 20 due
1506 1113 161 20 consideration.

1332 1139 10 20 I
1353 1140 51 19 have
1414 1146 74 14 reason
1498 1143 23 17 to
1531 1141 56 25 hope
1596 1141 59 19 when
1662 1141 36 19 the
1704 1144 155 23 arrangements
1866 1143 25 19 of

1303 1166 36 20 the
1350 1167 141 19 Government
1501 1174 35 13 are
1545 1167 54 26 fully
1609 1168 102 25 complete
1727 1169 46 19 that
1788 1175 63 19 many
1866 1169 25 20 of

1302 1193 36 20 the
1348 1194 173 20 inconveniences
1531 1195 25 19 of
1568 1195 66 19 which
1644 1202 41 18 you
1696 1196 104 25 complain
1811 1197 41 19 will
1862 1197 26 19 be

1302 1220 66 20 found
1377 1221 127 26 susceptible
1514 1222 24 20 of
1550 1228 49 20 easy
1616 1223 133 24 adjustment,
1766 1223 42 19 and
1824 1223 10 20 I
1844 1224 44 20 will

1302 1250 38 17 not
1349 1248 61 20 allow
1419 1249 77 24 myself
1503 1251 22 17 to
1536 1249 79 20 believe
1625 1250 44 19 that
1679 1249 11 19 I
1698 1250 53 19 shall
1769 1250 26 20 be
1812 1250 75 21 denied

1301 1275 37 19 the
1347 1276 130 19 satisfaction
1495 1276 24 20 of
1538 1282 53 14 soon
1607 1277 90 25 meeting
1714 1278 35 18 the
1764 1277 84 21 settlers
1864 1280 23 18 at

1302 1302 51 20 Port
1363 1303 115 19 Nicholson
1496 1310 28 13 on
1540 1306 64 18 terms
1622 1304 23 20 of
1664 1305 80 19 mutual
1763 1305 123 20 confidence

1300 1329 42 20 and
1352 1333 95 22 support.

1356 1357 11 19 I
1376 1357 53 20 have
1439 1358 35 20 the
1483 1359 69 19 honor
1563 1360 22 18 to
1595 1359 84 23 remain,
1691 1359 128 24 gentlemen,

1501 1385 61 20 Your
1571 1386 98 20 obedient
1678 1386 95 22 Servant,

1366 1411 94 27 (Signed)
1710 1413 34 19 W.
1761 1413 109 21 Hobson.

1298 1437 32 21 To
1340 1438 94 21 William
1443 1439 124 24 Wakefield,
1578 1439 59 27 Esq.,
1648 1440 41 20 and
1698 1439 61 21 other

1326 1466 118 25 gentlemen
1455 1467 45 20 who
1512 1467 73 25 signed
1594 1468 35 19 the
1639 1467 92 20 address.

1332 1519 134 24 Married.
1468 1533 35 4 —
1503 1521 37 30 By
1547 1521 84 31 special
1643 1522 91 28 license,
1744 1530 28 15 on
1780 1522 104 32 Monday

1296 1552 53 28 last,
1361 1553 29 30 by
1404 1554 37 22 the
1449 1554 59 23 Rev.
1518 1554 48 24 Mr.
1574 1554 109 29 Hatfield,
1691 1555 38 23 W.
1737 1555 30 24 V.
1784 1555 98 29 Brewer,

1297 1585 68 31 Esq.,
1384 1587 208 29 barrister-at-law,
1613 1588 145 30 Wellington,
1779 1594 23 17 to
1822 1590 61 22 Miss

1297 1618 100 23 Isabella
1405 1618 121 30 Harrison,
1537 1626 111 25 youngest
1660 1621 109 30 daughter
1782 1622 26 22 of
1822 1622 60 23 John

1298 1651 122 30 Harrison,
1434 1652 66 31 Esq.,
1515 1653 25 22 of
1554 1653 135 29 Wakefield,
1702 1654 138 25 Yorkshire.

799 118 273 22 METEOROLOGICAL
1085 119 101 21 TABLE.

728 149 43 17 For
780 149 35 17 the
824 149 55 18 week
887 149 74 23 ending
973 149 115 23 Thursday,
1098 149 51 23 July
1161 149 35 21 29,
1209 149 55 19 1841.

853 1658 122 19 LATEST
990 1660 108 17 DATES.

676 1805 93 63 New
800 1805 218 63 Zealand
1049 1805 217 63 Gazette

729 1868 66 22 AND
811 1869 209 25 WELLINGTON
1035 1874 185 24 SPECTATOR.

809 1923 130 29 Saturday,
955 1926 60 21 July
1029 1928 34 24 31,
1081 1929 58 21 1841.

714 1975 64 33 [The
788 1978 91 33 leading
891 1982 77 23 article
987 1983 24 23 of
1027 1984 38 22 the
1083 1992 70 23 paper
1173 1985 26 23 of
1219 1987 43 23 this

681 2018 43 30 day
743 2020 45 21 will
808 2020 27 22 be
851 2022 70 22 found
940 2023 24 22 in
983 2023 37 23 the
1038 2025 50 22 first
1106 2032 57 24 page
1182 2026 27 21 of
1221 2026 41 23 'the
1260 2031 2 4 1

679 2058 150 31 supplement,
842 2061 80 29 which,
934 2062 58 23 from
1002 2063 37 23 the
1045 2072 107 23 pressure
1160 2064 25 23 of
1194 2072 67 22 news,

679 2105 32 16 we
723 2098 57 24 have
790 2100 71 24 found
873 2102 18 22 it
902 2110 118 24 necessary
1033 2109 23 18 to
1066 2105 62 23 issue
1145 2104 55 24 with
1216 2105 46 24 this

679 2138 116 33 number.]

1954 881 89 32 Report
2059 883 59 24 from
2137 884 97 31 Captain
2253 886 98 24 Edward
2370 887 94 25 Daniell
2483 891 23 22 of

1919 914 37 24 the
1968 915 45 23 late
2025 917 73 22 cruize
2111 917 25 22 of
2151 917 38 23 the
2201 917 80 31 Bailey
2291 927 9 14 :—:
2300 931 35 5 —

2098 948 143 27 Wellington,
2252 950 53 21 23rd
2315 950 60 28 July,
2387 952 61 21 1841.
2461 958 5 5 '

1945 973 47 27 Sir,
1994 985 29 3 —
2024 974 125 28 Agreeably
2156 978 22 18 to
2188 983 57 19 your
2255 976 76 28 desire,
2341 978 10 21 I
2359 978 43 26 beg
2409 978 63 22 leave
2481 982 21 20 to

1918 999 81 22 inform
2010 1007 43 20 you
2063 1001 25 21 of
2095 1008 40 15 our
2143 1002 145 27 proceedings
2305 1003 82 27 during
2403 1012 41 14 our
2455 1005 45 23 late

1918 1026 71 21 cruise
1998 1027 24 21 in
2032 1026 37 22 the
2076 1027 110 23 schooner
2195 1030 80 25 Bailey,

1945 1052 40 22 We
1991 1053 68 22 sailed
2065 1054 67 27 along
2137 1054 36 22 the
2184 1059 61 18 coast
2252 1056 25 21 of
2283 1056 38 21 the
2329 1056 86 23 Middle
2424 1058 77 23 Island

1917 1079 94 22 towards
2020 1080 42 21 Kai
2071 1080 61 22 Kora
2143 1082 174 27 (Lookers-on.)
2339 1083 47 22 The
2391 1084 52 21 land
2448 1092 54 15 near

1918 1105 36 21 the
1961 1106 64 21 shore
2031 1106 39 21 has
2076 1114 28 14 an
2113 1108 128 26 uninviting
2248 1116 143 20 appearance,
2397 1110 58 23 from
2464 1112 36 22 the

1916 1138 76 21 snowy
2002 1134 126 21 mountains
2138 1135 150 27 approaching
2298 1136 57 21 close
2366 1140 23 18 to
2403 1137 36 22 the
2456 1146 43 20 sea,

1916 1158 34 22 till
1959 1159 75 21 within
2045 1167 13 14 a
2067 1160 61 21 short
2138 1161 99 22 distance
2248 1162 24 21 of
2283 1162 49 21 that
2346 1163 69 27 place,
2435 1164 64 23 when

1916 1184 52 28 they
1978 1185 65 22 trend
2050 1187 94 22 towards
2163 1188 37 21 the
2215 1188 137 28 south-west,
2370 1189 90 29 leaving
2476 1192 23 22 in

1916 1218 67 21 many
1992 1213 73 26 places
2074 1213 61 27 large
2145 1215 121 26 quantities
2275 1216 26 21 of
2319 1215 39 22 flat
2366 1216 54 22 land
2429 1218 69 22 avail-

1914 1238 50 21 able
1975 1239 34 21 for
2019 1239 27 21 all
2056 1246 107 21 purposes
2173 1241 26 21 of
2210 1242 140 26 agriculture.

1934 1265 39 21 .At
1984 1266 43 21 Kai
2039 1265 60 22 Kora
2116 1267 61 21 there
2192 1268 18 21 is
2227 1275 13 14 a
2254 1268 58 26 good
2328 1268 118 23 roadstead
2464 1271 34 22 for

1913 1291 64 21 small
1986 1292 55 21 craft
2050 1293 45 20 and
2102 1298 70 17 steam
2181 1294 70 27 boats,
2260 1295 85 22 formed
2352 1296 30 26 by
2389 1303 14 14 a
2409 1298 88 22 natural

1914 1317 145 23 break-water
2091 1320 72 21 which
2187 1328 54 14 runs
2265 1321 34 22 off
2321 1322 56 21 from
2401 1331 14 13 a
2432 1325 65 22 small

1912 1345 119 25 peninsula
2039 1345 23 21 in
2075 1353 13 14 a
2104 1347 57 21 N.E.
2177 1347 114 27 direction,
2310 1348 89 27 leaving
2412 1350 18 21 it
2448 1350 50 23 thus

1913 1372 97 25 exposed
2021 1372 51 27 only
2083 1376 22 18 to
2116 1373 49 21 that
2180 1378 90 22 quarter
2282 1375 58 22 from
2357 1376 70 22 which
2445 1377 19 21 it
2479 1378 18 21 is

1912 1404 69 15 never
1991 1398 78 22 known
2081 1402 22 18 to
2113 1400 58 21 blow
2186 1401 52 21 with
2253 1408 43 20 any
2312 1402 79 26 degree
2407 1404 25 20 of
2450 1404 47 21 vio-

1911 1423 71 22 lence.
2013 1425 155 28 Immediately
2184 1427 114 27 adjoining
2318 1428 36 21 the
2370 1430 124 28 peninsula,

1912 1450 71 22 which
1994 1451 68 22 forms
2078 1460 13 13 a
2107 1453 59 22 table
2183 1453 53 22 land
2252 1455 25 20 of
2292 1455 57 21 little
2365 1454 82 28 height,
2464 1465 33 15 we

1910 1476 71 22 found
1991 1485 28 14 an
2030 1485 50 14 area
2097 1479 26 21 of
2140 1481 67 20 about
2223 1482 60 25 8,000
2302 1489 68 19 acres,
2387 1484 107 25 perfectly

1911 1502 47 28 flat,
1978 1505 53 21 with
2050 1505 36 21 the
2105 1513 139 21 appearance
2259 1508 24 21 of
2301 1508 64 27 being
2387 1510 110 23 excellent

1911 1529 61 22 land.

1940 1557 40 21 We
1990 1557 43 22 had
2044 1565 27 14 an
2082 1560 143 27 opportunity
2236 1561 26 20 of
2278 1561 76 27 seeing
2369 1561 38 22 the
2424 1562 71 23 whole

1910 1582 46 22 line
1966 1584 26 20 of
2003 1588 59 18 coast
2078 1586 100 22 between
2194 1587 90 22 Akaroa
2304 1588 44 21 and
2367 1588 43 22 Kai
2425 1589 68 27 Kora,

1910 1610 72 22 which
1992 1617 98 20 presents
2101 1620 42 14 one
2154 1613 118 22 continued
2281 1614 52 21 field
2342 1614 26 21 of
2379 1619 116 25 pasturage

1910 1636 25 21 fit
1944 1637 34 21 for
1987 1638 153 22 innumerable
2151 1639 65 22 herds
2231 1641 26 20 of
2275 1641 68 27 sheep
2358 1642 45 21 and
2421 1644 73 21 cattle.

1912 1663 40 21 We
1963 1664 78 22 visited
2051 1666 51 20 Port
2118 1667 85 26 Cooper
2218 1667 44 21 and
2279 1668 51 21 Putt
2345 1668 79 26 Levey,
2438 1670 57 21 situ-

1910 1690 51 21 ated
1970 1691 23 21 in
2006 1691 35 21 the
2053 1691 63 23 N.W.
2134 1693 66 26 angle
2216 1694 26 20 of
2262 1694 80 21 Banks'
2363 1696 5 19 \
2379 1696 113 25 »..:.-.^lu;

1909 1715 54 28 they
1978 1724 39 14 are
2034 1719 110 21 excellent
2163 1719 107 22 harbours
2286 1721 84 27 having
2387 1722 24 21 iv
2431 1722 61 23 them

1909 1743 57 21 from
1975 1745 45 21 7to
2029 1746 14 20 4
2051 1745 96 22 fathoms
2164 1747 25 20 of
2201 1750 73 18 water.
2305 1748 51 21 Port
2373 1748 85 28 Cotiper
2478 1751 18 22 is

1910 1776 57 20 open
1980 1775 21 17 to
2017 1771 35 21 the
2070 1778 9 12 v
2085 1773 34 21 .E.
2136 1773 60 26 only,
2207 1773 67 28 being
2288 1774 69 21 about
2373 1775 44 22 five
2432 1777 63 22 miles

1909 1795 54 28 long
1977 1797 29 27 by
2018 1805 40 14 one
2073 1799 44 21 and
2132 1806 13 14 a
2161 1799 49 21 half
2223 1801 54 20 wide
2285 1808 5 19 ;
2312 1808 28 14 on
2356 1802 29 20 its
2401 1808 92 18 western

1909 1823 47 21 bide
1967 1823 36 22 the
2015 1824 48 22 hills
2074 1833 36 13 are
2126 1833 54 20 very
2192 1827 139 27 precipitous,
2344 1828 50 21 with
2410 1833 43 17 two
2470 1839 24 14 or

1909 1849 62 21 three
1983 1851 77 21 breaks
2071 1853 22 20 in
2105 1852 68 26 them,
2186 1853 93 27 through
2299 1862 43 13 one
2358 1855 26 21 of
2396 1856 70 21 which
2478 1866 12 13 a

1909 1876 52 22 road
1973 1885 40 13 can
2024 1878 26 21 be
2060 1879 85 21 carried
2154 1879 92 22 without
2255 1881 106 27 difficulty
2370 1885 21 18 to
2399 1890 14 11 a
2420 1883 72 27 splen-

1909 1903 36 21 did
1956 1903 85 23 district
2051 1905 24 21 of
2086 1905 40 22 flat
2139 1906 53 21 land
2210 1907 97 21 between
2326 1908 37 21 the
2373 1908 120 25 Peninsula

1908 1931 45 21 and
1971 1930 37 22 the
2023 1938 74 21 snowy
2108 1933 135 26 mountains,
2255 1942 14 12 a
2280 1938 51 22 part
2346 1935 25 20 of
2389 1936 69 21 which
2474 1938 18 21 is

1907 1958 141 26 represented
2059 1959 22 21 in
2094 1959 36 21 the
2142 1960 73 20 charts
2225 1968 25 13 as
2260 1968 12 14 a
2279 1962 44 20 low
2340 1962 70 27 sandy
2421 1964 56 21 neck
2485 1972 6 19 ;

1908 1983 50 28 this,
1970 1984 106 27 however,
2088 1986 17 20 is
2117 1990 39 17 not
2166 1986 36 21 the
2216 1994 56 19 case,
2282 1988 18 20 it
2311 1988 66 27 being
2391 1990 22 20 in
2424 1990 45 21 fact
2479 1999 13 13 a

1906 2014 50 21 part
1973 2011 25 20 of
2018 2011 35 21 the
2076 2012 59 20 main
2152 2012 60 25 land,
2229 2013 43 21 and
2287 2014 18 20 is
2327 2015 95 21 covered
2436 2017 54 20 with

1906 2038 115 18 luxuriant
2030 2038 133 24 vegetation.
2191 2038 48 20 The
2257 2039 39 20 soil
2312 2040 19 19 is
2345 2041 25 19 of
2382 2042 108 20 excellent

1907 2062 91 27 quality,
2010 2062 43 21 and
2069 2063 47 21 free
2132 2063 57 21 from
2203 2071 94 20 swamps
2313 2065 27 21 of
2350 2072 43 21 any
2408 2067 82 26 impor-

1906 2091 71 25 tance,
1989 2089 118 27 according
2117 2093 22 17 to
2149 2090 37 22 the
2192 2093 119 19 statement
2317 2092 25 20 of
2350 2091 42 22 Mr.
2401 2093 87 28 Duppa,

1906 2115 49 21 who
1965 2116 123 27 proceeded
2104 2116 69 22 about
2182 2117 60 26 eight
2252 2117 63 22 miles
2325 2125 29 20 up
2365 2126 41 14 one
2417 2120 25 21 of
2452 2121 38 21 the

1905 2142 75 26 rivers,
2004 2142 70 22 which
2091 2143 65 21 drain
2177 2143 43 21 this
2243 2143 68 28 plain.
2349 2145 47 21 The
2418 2146 70 23 whole

1905 2173 95 22 country
2010 2169 56 21 from
2078 2169 82 22 Banks'
2172 2170 120 22 Peninsula
2306 2175 22 17 to
2340 2171 59 22 these
2410 2180 79 15 moun-

1905 2196 58 20 tains
1978 2203 91 19 appears
2079 2196 26 22 of
2116 2196 68 27 slight
2199 2197 117 27 elevation,
2327 2197 44 22 and
2387 2199 18 21 is
2419 2199 69 22 inter-

1905 2223 89 25 spersed
2005 2222 50 22 with
2065 2223 85 21 several
2159 2230 80 19 groves
2249 2224 25 21 of
2285 2224 55 22 Pine
2350 2229 56 18 trees
2417 2226 70 22 which

1905 2249 91 21 become
2006 2256 59 14 more
2081 2256 121 15 numerous
2215 2258 24 14 as
2255 2251 36 21 the
2309 2252 126 22 mountains
2451 2260 37 15 are

1904 2276 146 26 approached.
2085 2276 47 22 The
2149 2277 71 21 whole
2242 2277 91 28 district,
2351 2278 84 22 backed
2459 2281 29 26 by

1904 2302 62 21 these
1976 2303 135 26 stupendous
2130 2303 64 27 Alps,
2204 2304 80 22 affords
2300 2312 13 14 a
2323 2312 66 15 scene
2405 2306 25 21 of
2441 2314 47 14 sur-

1902 2329 91 27 passing
2001 2329 89 27 beauty.

1930 2356 54 20 Port
1999 2356 81 27 Levey,
2092 2356 97 22 situated
2205 2364 13 14 a
2233 2357 57 22 little
2305 2361 23 19 to
2347 2358 37 22 the
2401 2359 54 22 East
2464 2360 25 22 of

1903 2382 53 21 Port
1970 2383 90 27 Cooper,
2074 2383 19 21 is
2110 2383 122 21 somewhat
2248 2385 95 27 smaller,
2353 2385 40 22 but
2406 2387 80 21 affords

1903 2409 89 27 equally
2005 2410 58 26 good
2078 2410 83 21 shelter
2175 2411 34 21 for
2225 2411 110 28 shipping.
2363 2412 71 22 There
2449 2420 37 15 are

1902 2436 40 21 but
1952 2436 42 21 few
2004 2437 84 20 natives
2097 2437 23 21 in
2132 2436 43 22 this
2186 2437 90 28 district,
2288 2439 46 21 and
2344 2438 50 27 they
2406 2446 37 15 are
2453 2440 34 22 for

1902 2462 37 22 the
1949 2466 59 18 most
2017 2467 48 23 part
2081 2463 49 21 well
2148 2463 90 22 clothed
2253 2464 44 22 and
2312 2465 107 27 provided
2434 2467 52 21 with

1901 2488 150 28 whale-boats,
2062 2490 72 21 which
2141 2490 53 33 they
2203 2498 93 19 procure
2305 2491 57 23 from
2373 2493 36 21 the
2420 2493 66 22 whal-

1901 2516 40 26 ing
1951 2516 59 27 ships
2018 2517 21 20 in
2050 2516 115 27 exchange
2175 2517 37 21 for
2221 2517 46 22 fuel
2276 2519 44 21 and
2330 2523 106 27 potatoes.

1929 2542 41 21 We
1979 2543 69 21 found
2064 2543 22 21 in
2099 2543 97 27 Pegasus
2212 2544 49 27 Bay
2271 2552 41 14 one
2328 2545 103 28 Bremen,
2443 2554 42 14 one

1901 2568 147 27 Launceston,
2060 2570 44 20 and
2114 2570 34 21 six
2165 2570 88 22 French
2269 2571 94 27 whaling
2379 2572 66 28 ships,
2457 2573 29 21 all

1900 2596 77 26 nearly
1987 2596 47 26 full,
2046 2596 82 27 having
2137 2601 47 17 met
2194 2597 52 21 with
2262 2602 62 22 great
2340 2606 86 15 success
2442 2600 43 21 this

1900 2629 87 13 season.

1928 2648 10 21 I
1949 2656 35 13 am
1995 2655 60 20 sorry
2066 2657 40 13 our
2116 2649 54 21 time
2179 2650 37 20 did
2227 2653 40 19 not
2274 2651 65 21 allow
2349 2652 25 21 of
2386 2660 39 14 our
2434 2660 50 19 pro-

1900 2674 94 27 ceeding
2003 2675 84 22 further
2102 2679 22 18 to
2140 2676 37 21 the
2194 2677 138 28 Southward,
2344 2679 72 21 where
2426 2680 57 21 from

1898 2702 92 26 general
1999 2705 73 23 report
2082 2702 9 21 I
2109 2702 58 22 have
2177 2710 28 14 no
2216 2704 69 21 doubt
2295 2704 61 22 there
2373 2712 36 14 are
2420 2706 64 21 other

1899 2728 78 26 highly
1992 2728 86 27 eligible
2093 2729 116 22 situations
2225 2730 36 21 for
2276 2731 37 21 the
2328 2731 118 23 formation
2461 2733 26 21 of

1899 2755 114 21 extensive
2024 2755 136 22 settlements
2168 2764 5 18 ;
2187 2756 49 22 Ido
2243 2760 38 18 not
2289 2757 102 23 however
2398 2759 84 22 believe

1899 2788 13 14 a
1923 2789 60 14 more
1994 2781 100 27 splendid
2104 2782 53 21 field
2167 2782 34 22 for
2216 2784 148 22 colonization
2382 2785 52 22 than
2446 2785 37 22 the

1898 2815 44 14 one
1953 2808 10 21 I
1974 2808 57 21 have
2041 2808 156 23 endeavoured
2205 2813 23 18 to
2239 2810 105 28 describe,
2355 2812 18 21 is
2383 2812 68 28 likely
2460 2815 23 19 to

1898 2834 28 22 be
1936 2838 47 18 met
1992 2834 59 23 with.

2060 2862 12 21 I
2081 2862 58 22 have
2151 2862 38 22 the
2198 2863 73 21 honor
2279 2867 23 18 to
2311 2864 36 27 be,
2358 2865 41 26 Sir,

2105 2888 63 23 Your
2176 2894 59 17 most
2245 2891 104 21 obedient
2358 2895 95 24 servant,

2224 2917 26 21 E.
2262 2918 112 22 Daniell.

1924 2941 34 22 To
1968 2941 47 22 Col.
2026 2941 130 29 Wakefield,

1898 2967 143 28 Wellington,
2053 2969 54 22 New
2118 2969 107 23 Zealand.

2062 3028 248 25 AUCKLAND.

127 2029 169 23 SHIPPING
313 2030 274 27 INTELLIGENCE.

286 2089 141 21 ARRIVED.

93 2113 52 27 July
161 2116 34 20 25,
206 2115 102 21 schooner
327 2117 37 19 Sir
372 2117 56 21 John
437 2118 109 26 Franilin,
555 2121 27 20 52
592 2123 49 22 tons,

65 2140 50 26 Gill,
126 2142 56 20 from
192 2143 35 19 the
236 2143 98 21 Thames.

300 2189 113 20 SAILED.

90 2213 52 26 July
152 2215 34 22 25,
197 2215 89 26 whaling
296 2216 77 27 barque
382 2217 119 26 Africaine,
513 2218 89 26 Dutton,
614 2221 27 20 for

63 2240 134 21 Launceston
206 2249 5 16 ;
227 2243 39 19 full
275 2243 56 26 ship.

91 2267 61 21 Same
162 2269 47 26 day,
221 2269 102 21 schooner
334 2271 56 24 Gem,
402 2271 83 25 Pearce,
496 2273 34 20 for
540 2274 89 21 Akaroa.

90 2294 52 27 July
160 2296 35 22 27,
216 2296 102 21 schooner
340 2299 108 25 Lapwing,
472 2300 61 24 Lees,
552 2302 34 19 for
609 2303 32 20 the

63 2321 104 21 Southern
180 2323 67 20 Ports.

89 2349 52 26 July
158 2350 35 23 30,
204 2350 45 25 brig
264 2350 129 28 Speculator,
404 2352 88 28 Draper,
512 2354 33 21 for
561 2356 80 20 Akaroa

61 2376 42 19 and
113 2376 50 20 Port
174 2376 88 27 Cooper.

91 2403 61 20 Same
161 2404 47 25 day,
220 2405 101 20 schooner
330 2406 72 26 Eagle,
417 2408 39 19 108
467 2410 57 22 tons,
536 2408 65 26 Kind,
611 2410 30 19 for

61 2429 37 21 the
107 2430 98 21 Thames.

285 2477 32 20 IN
333 2477 83 23 PORT.

115 2501 84 27 Barque
212 2504 60 23 Jane,
283 2504 73 20 Stobo.

133 2540 19 4 —
152 2540 38 5 —
207 2532 116 19 Katherine
333 2533 92 19 Stewart
435 2533 82 28 Forbes,
531 2534 80 22 Hobbs.

115 2556 124 26 Brigantine
248 2559 140 25 Harrington,
400 2560 90 21 Mercer.

115 2583 51 27 Brig
179 2585 106 25 Transfer,
299 2586 63 20 Read.

114 2610 84 27 Barque
207 2613 77 24 Bright
293 2614 83 23 Planet,
388 2614 116 22 Morrison.

115 2637 108 22 Schooner
232 2640 79 25 Bailey,
324 2641 96 21 Sinclair.

233 2667 87 24 Louiza,
333 2668 87 21 Burrell.

237 2694 37 20 Sir
282 2695 56 20 John
346 2696 110 25 Franklin,
467 2697 50 20 Gill.

88 2744 88 22 Vessels
186 2747 84 27 loading
279 2749 33 19 for
321 2749 52 21 New
382 2751 100 25 Zealand,
493 2751 54 21 from
558 2752 83 24 Sydney

58 2773 90 25 Herald,
160 2774 25 20 of
197 2775 36 19 sth
243 2775 51 26 July
303 2784 36 12 :—

86 2800 107 21 Schooner
202 2803 67 24 Arid,
281 2804 34 23 73,
327 2803 86 26 Morris,
424 2808 86 18 master.

86 2826 107 23 Schooner
204 2829 83 24 Sisters,
301 2831 46 24 130,
359 2832 82 25 Clarke,
452 2835 84 18 master.

84 2854 123 21 Advertised
218 2856 20 20 in
249 2857 35 20 the
294 2857 83 27 Sydney
385 2865 75 20 papers
470 2860 23 19 of
502 2860 36 20 6th
545 2860 51 26 July
604 2869 5 12 :
613 2872 28 4 —

84 2881 42 20 For
136 2882 109 21 Auckland
254 2884 73 24 direct,
338 2885 35 20 the
382 2885 47 26 brig
438 2887 118 25 Margaret.

85 2907 42 21 For
145 2909 44 26 Bay
206 2910 23 20 of
246 2910 83 21 Islands
345 2912 41 20 and
402 2914 115 26 Auckland,
536 2914 35 20 the
593 2915 48 26 brig

57 2935 138 22 Alexandria.

84 2962 42 21 For
134 2963 45 26 Bay
189 2964 26 20 of
226 2964 87 25 Islands,
326 2966 116 26 Auckland,
453 2968 41 21 and
508 2968 129 27 Valparaiso,

56 2989 35 20 the
101 2989 79 26 barque
188 2991 60 26 Lady
256 2992 83 26 Raffles.

83 3016 41 21 For
140 3018 45 25 Bay
200 3018 25 20 of
242 3019 82 21 Islands
345 3021 41 20 and
402 3022 118 26 Auckland,
538 3024 35 19 the
591 3024 48 26 brig

61 3043 92 21 William
162 3046 93 25 Hughes.

75 3097 117 17 Important
205 3104 23 11 to
239 3100 135 18 Mariners.—
374 3102 38 16 The
427 3101 91 23 following
534 3103 52 18 letter
604 3105 33 16 hai

54 3118 44 15 been
112 3119 81 16 received
205 3120 46 16 from
261 3121 35 16 Mr.
308 3121 87 21 Hopkins,
407 3124 115 16 commander
529 3125 19 15 of
557 3125 31 16 the
596 3126 41 19 ship

54 3140 145 19 aenngapatam
204 3145 3 11 :
209 3149 21 3 —
247 3141 70 17 Madras
326 3143 50 16 roads
390 3144 30 19 (no
432 3143 55 20 date.)
514 3145 27 16 On
553 3146 31 16 the
595 3148 42 15 out-

54 3159 48 15 ward
110 3163 67 17 voyage
185 3161 19 15 of
213 3161 29 16 the
250 3161 146 23 Seringapatam
400 3165 18 14 to
423 3163 77 20 Madras,
507 3166 60 19 nearly
574 3170 24 12 on
605 3167 32 16 the

54 3178 88 17 meridian
150 3180 18 16 of
178 3181 108 20 Greenwich,
295 3184 18 15 in
330 3184 74 15 latitude
416 3184 19 15 39
448 3184 18 16 S.
477 3189 27 12 we
512 3186 29 16 fell
548 3187 19 15 in
575 3187 43 16 with
625 3192 12 11 a

54 3200 49 17 great
112 3201 74 16 number
198 3202 20 15 of
232 3202 83 22 icebergs,
331 3208 47 12 some
388 3204 20 16 of
421 3205 51 16 them
484 3210 43 15 very
537 3206 48 19 large
601 3208 35 16 and

53 3219 110 20 dangerous;
176 3221 31 16 the
220 3222 38 21 ship
270 3228 37 11 was
313 3226 20 13 at
339 3229 33 12 one
380 3225 43 15 time
427 3226 106 20 completely
540 3229 97 16 surround-

54 3239 23 16 ed
88 3240 23 20 by
123 3240 59 20 them;
197 3246 33 12 one
237 3248 37 12 was
285 3246 19 14 at
315 3245 45 16 least
373 3246 29 15 110
416 3245 38 16 feet
461 3246 49 20 high,
518 3248 35 16 and
561 3248 48 19 large
616 3249 19 16 in

53 3260 148 21 circumference;
217 3263 15 16 if
248 3264 32 16 she
293 3265 36 16 had
343 3266 61 15 struck
420 3270 35 12 one
465 3267 66 19 during
538 3269 30 16 the
576 3270 52 15 niirht

53 3281 77 20 nothing
135 3283 53 15 could
196 3283 43 16 have
247 3285 54 16 saved
308 3285 37 17 her.
368 3286 36 16 The
412 3286 27 16 ice
449 3292 35 11 was
496 3287 19 17 in
529 3288 47 20 large
589 3290 46 16 solid

52 3302 67 18 blocks,
127 3302 36 16 and
169 3303 33 16 she
209 3307 35 12 was
251 3305 54 20 going
311 3308 19 14 at
337 3306 32 16 the
378 3308 38 15 rate
433 3307 21 16 of
467 3308 66 17 twelve
545 3310 52 16 miles
612 3315 23 12 an

52 3321 46 16 hour
103 3323 19 15 at
129 3322 32 16 the
168 3324 50 18 time,
232 3325 43 16 with
289 3330 11 11 a
315 3328 61 19 strong
390 3327 22 16 N.
425 3328 28 15 W.
466 3328 54 17 wind.
547 3330 58 17 There
619 3331 16 16 is

52 3346 54 15 every
112 3346 64 13 reason
183 3345 18 14 to
208 3344 67 17 believe
281 3347 48 16 what
336 3347 74 21 Captain
425 3348 107 22 Horsburgh
543 3352 92 16 mentions

80 3362 29 17 hIS
138 3363 16 16 E
154 3367 20 27 ?f
175 3365 8 14 t
197 3364 22 16 In
221 3365 28 29 ?',f
249 3370 12 11 n
277 3366 17 16 di
296 3367 78 21 "ctory,'
387 3368 48 16 'that
450 3372 69 17 greater
533 3372 71 16 caution
618 3373 16 15 is

52 3386 95 17 necessary
155 3384 43 16 than
206 3385 78 18 hitherto
291 3388 88 20 supposed
385 3393 3 14 ;
397 3388 27 17 for
432 3389 14 16 it
454 3394 58 12 seems
520 3396 42 15 very
573 3393 62 18 proba-

51 3403 29 16 ble
87 3403 41 17 that
140 3408 49 13 some
199 3405 75 21 missing
287 3408 50 19 ships
351 3408 46 17 have
409 3410 47 16 been
469 3410 37 16 lost
518 3412 23 19 by
555 3413 80 18 striking

45 3423 79 32 gainst
130 3424 79 21 icebergs
218 3430 17 11 in
243 3427 31 16 the
281 3427 57 20 night,
346 3429 64 19 during
416 3431 123 19 tempestuous
543 3433 91 17 weather.'

50 3444 10 16 I
68 3445 45 16 shall
118 3445 39 15 feel
163 3445 70 21 obliged
240 3447 23 19 by
270 3452 43 15 your
321 3448 62 21 giving
389 3450 37 16 this
435 3451 94 21 publicity,
541 3457 20 12 as
573 3454 14 15 it
598 3454 36 17 will

51 3466 71 15 caution
131 3465 24 16 all
162 3467 123 16 ednunan'lers
293 3469 19 15 of
324 3470 65 16 vessels
400 3471 82 21 running
495 3473 20 15 in
529 3474 50 16 these
594 3474 41 17 lati-

50 3486 63 20 tudes,
119 3487 21 19 to.
152 3486 45 21 keep
212 3492 11 10 a
236 3488 44 19 good
296 3488 40 17 look
345 3492 41 17 out;
401 3495 19 12 as
432 3492 8 15 I
453 3497 28 12 am
487 3494 67 16 certain
563 3495 35 16 had
608 3500 26 11 we

51 3506 62 16 struck
120 3510 35 13 one
164 3507 21 16 of
188 3507 38 18 :the
233 3509 82 19 icebergs,
324 3509 30 17 the
367 3510 145 23 Seringapatam
522 3514 59 17 would
587 3515 47 17 have

50 3526 44 16 been
103 3528 84 19 amongst
195 3528 30 16 the
233 3532 75 17 missing
315 3530 55 19 ships.
385 3532 81 20 (Signed)
477 3534 26 16 W.
512 3535 18 16 S.
537 3535 90 18 Hopkivs

50 3548 119 16 Commander
184 3548 20 16 of
228 3549 30 16 the
278 3549 40 21 ship
337 3550 175 23 Seringapatam.—
516 3554 118 20 Launceston

51 3568 115 18 Aavertiter.
247 3584 4 2 .
640 3582 2 2 .

715 2199 50 23 The
794 2207 132 25 prospectus
955 2204 26 22 of
1011 2204 39 23 the
1077 2204 60 25 New
1159 2204 102 25 Zealand

677 2228 94 27 Herald
781 2234 45 22 and
834 2234 118 24 Auckland
965 2236 94 24 Gazette
1077 2239 46 21 will
1142 2239 29 22 be
1190 2238 69 24 found

677 2263 22 23 in
720 2272 41 15 our
779 2265 138 33 advertising
940 2269 110 24 columns.
1097 2271 44 23 We
1160 2270 58 25 have
1237 2276 22 19 to

677 2296 143 33 acknowlege
830 2299 36 24 the
879 2302 83 30 receipt
974 2303 25 22 of
1013 2302 38 24 the
1069 2303 50 23 first
1130 2304 95 24 number
1237 2305 24 23 of

677 2329 44 23 this
729 2329 101 32 journal.
866 2333 23 23 It
902 2335 18 22 is
933 2342 29 15 on
980 2343 13 14 a
1010 2336 77 23 rather
1105 2336 75 32 larger
1196 2338 64 23 sheet

676 2362 54 23 than
749 2364 38 23 the
805 2364 58 23 New
886 2366 104 24 Zealand
1014 2368 95 24 Gazette
1128 2371 19 22 is
1169 2371 89 29 printed

675 2403 68 22 upon.
780 2397 51 23 The
841 2406 70 23 paper
922 2400 20 23 is
953 2408 54 23 very
1024 2402 65 29 good,
1110 2403 38 23 the
1166 2408 54 26 type
1238 2405 19 22 is

675 2429 89 31 equally
776 2437 32 22 so,
822 2431 44 23 and
884 2432 49 23 well
952 2434 103 23 assorted
1062 2444 5 19 ;
1094 2436 45 22 and
1158 2436 99 31 judging

674 2460 57 24 from
743 2462 114 24 Editorial
868 2465 103 24 remarks
984 2467 25 22 of
1030 2467 45 24 this
1091 2469 104 28 number,
1208 2470 17 22 it
1237 2471 19 22 is

674 2493 71 32 likely
757 2500 23 18 to
792 2496 52 23 hold
854 2505 13 15 a
878 2498 58 30 good
947 2500 98 30 position
1056 2509 85 23 among
1147 2501 39 24 the
1192 2510 64 23 press

674 2527 21 22 in
708 2528 39 22 the
760 2529 106 24 Colonies
879 2531 25 23 of
918 2531 38 23 the
968 2532 114 24 Southern
1095 2535 65 22 Seas.

706 2560 24 24 It
741 2561 91 32 already
843 2563 79 31 enjoys
934 2570 43 17 two
996 2573 70 23 pages
1084 2567 26 23 of
1133 2567 123 25 advertise-

672 2598 82 24 ments,
768 2595 43 23 and
825 2596 37 22 the
872 2596 75 24 fourth
960 2606 57 23 page
1029 2599 20 23 is
1061 2607 13 15 a
1085 2601 88 29 reprint
1185 2602 25 22 of
1219 2603 37 21 the

675 2625 148 26 Government
843 2629 100 31 Gazette,
957 2631 72 23 which
1046 2633 20 22 is
1083 2633 91 31 printed
1185 2634 71 24 under

672 2664 100 19 contract
801 2661 30 30 by
860 2662 38 23 the
926 2671 62 16 same
1010 2665 173 25 establishment
1184 2679 33 5 —
1218 2667 37 24 the

672 2691 124 25 Auckland
808 2694 107 32 Printing
926 2697 126 31 Company.

705 2724 110 26 Extracts
837 2728 59 23 from
919 2728 38 24 the
980 2737 69 24 paper
1065 2731 47 23 will
1134 2733 29 22 be
1185 2732 70 25 found

672 2757 71 24 under
755 2759 37 23 the
805 2760 121 24 Auckland
938 2762 66 23 head.

704 2791 63 23 Four
789 2792 102 25 hundred
914 2796 45 22 and
982 2796 61 31 sixty
1063 2798 89 29 pounds
1176 2799 77 23 twelve

671 2823 104 32 shillings
800 2825 44 23 had
869 2827 56 23 been
945 2829 131 24 subscribed
1099 2831 97 24 towards
1217 2832 36 23 the

670 2857 99 23 erection
787 2858 26 23 of
835 2867 13 14 a
865 2859 94 24 church-
973 2865 22 19 at
1017 2862 132 25 Auckland.
1197 2865 56 23 This

671 2889 124 30 collection,
809 2891 18 23 it
839 2892 73 24 would
924 2901 82 24 appear
1017 2895 57 24 from
1086 2896 42 24 the
1139 2897 114 32 following

670 2926 86 20 extract
768 2923 58 24 from
838 2933 43 15 one
892 2926 25 23 of
931 2926 39 23 the
982 2928 135 24 resolutions
1136 2931 84 30 passed
1231 2937 22 17 at

669 2954 38 24 the
725 2957 107 31 meeting,
848 2959 94 23 entitled
961 2959 38 25 the
1016 2961 141 25 subscribers
1176 2968 23 18 to
1218 2965 35 22 aid

668 2987 58 24 from
737 2989 38 23 the
788 2990 164 24 Government.

719 3027 48 21 And
786 3029 53 24 that,
860 3036 22 14 as
902 3030 27 27 by
948 3032 36 19 the
999 3032 53 20 Acts
1068 3032 25 21 of
1112 3034 98 25 Council,
1220 3035 33 20 for

667 3055 120 26 regulating
796 3057 36 19 the
841 3058 102 25 temporal
959 3058 69 21 affairs
1046 3060 24 19 of
1087 3061 36 20 the
1139 3061 85 25 church,
1242 3069 11 13 a

667 3087 46 15 sum
724 3082 25 19 of
761 3085 38 17 not
813 3083 42 21 less
872 3085 52 20 than
940 3085 62 22 ;£3OO
1018 3089 56 18 must
1091 3088 26 20 be
1131 3088 122 22 subscribed

667 3109 89 20 towards
773 3110 36 20 the
829 3112 92 20 erection
931 3112 25 20 of
968 3114 51 19 such
1035 3115 79 20 church
1129 3116 72 20 before
1215 3117 36 20 the

667 3136 33 19 aid
709 3136 26 20 of
747 3137 37 21 her
794 3138 111 26 Majesty's
915 3139 143 22 Government
1071 3149 41 13 can
1128 3143 26 20 be
1169 3144 84 24 applied

666 3162 40 24 for,
717 3165 42 19 and
768 3166 38 19 &c.
822 3166 38 19 &c.

700 3199 75 24 There
787 3201 20 22 is
824 3209 43 15 one
879 3202 151 32 subscription
1042 3204 74 24 which
1128 3205 42 24 has
1181 3213 69 23 pecu-

665 3232 66 31 liarly
752 3234 110 23 attracted
882 3243 42 15 our
946 3238 118 22 attention.
1112 3238 24 24 It
1164 3239 21 22 is
1214 3239 36 25 the

665 3264 116 33 following
789 3274 41 16 :—
856 3267 51 24 The
919 3267 61 25 Rev.
992 3269 23 24 J.
1029 3269 29 24 F.
1071 3270 112 30 Churton,
1193 3272 57 25 from

665 3298 83 23 former
754 3299 154 31 parishioners
913 3305 23 19 at
948 3301 162 32 Threapwood,
1124 3306 55 22 £14

665 3330 59 24 Now
736 3339 32 15 we
785 3332 82 24 should
884 3333 47 24 like
955 3339 23 19 to
996 3335 68 23 know
1082 3337 102 24 whether
1202 3339 48 24 that

665 3369 93 18 amount
770 3372 46 16 was
831 3366 101 24 received
945 3366 77 25 before
1039 3368 28 24 he
1078 3369 42 24 left
1133 3371 116 31 England,

665 3396 66 24 while
742 3397 62 29 here,
817 3406 25 15 or
854 3399 62 23 since
927 3399 29 24 he
967 3401 89 24 arrived
1067 3406 23 20 at
1108 3404 123 25 Auckland
1240 3406 9 24 ?

665 3429 43 23 We
726 3430 90 23 confess
837 3431 38 23 the
898 3437 61 19 utter
977 3433 116 32 disregard
1110 3437 75 23 which
1204 3438 45 24 this

665 3461 121 25 Reverend
797 3464 129 29 gentleman
938 3466 94 24 evinced
1038 3468 58 24 from
1104 3469 38 24 the
1150 3476 99 19 moment

664 3494 25 23 of
703 3495 36 23 his
747 3496 83 23 arrival
837 3497 54 23 here
899 3502 22 19 to
930 3499 64 23 those
1001 3500 106 25 interests
1115 3503 103 24 confided
1225 3510 23 18 to

663 3526 37 24 his
721 3536 59 21 care,
802 3529 98 25 because
921 3530 36 24 his
979 3533 69 23 views
1065 3536 131 30 respecting
1213 3537 35 24 his

663 3560 94 31 worldly
768 3561 78 24 claims
869 3570 59 17 were
947 3569 41 19 not
1008 3566 108 30 satisfied,
1135 3569 67 23 made
1220 3578 28 16 us

662 3593 44 23 feel
717 3593 29 24 he
760 3594 112 32 belonged
884 3600 23 19 to
919 3596 38 24 the
978 3598 59 31 body
1056 3600 93 25 entitled
1168 3605 23 19 to
1209 3603 39 23 the

663 3626 136 31 appellation
811 3628 26 23 of
852 3629 86 23 traders
956 3631 26 22 in
998 3631 104 31 religion,
1115 3642 13 15 a
1142 3634 59 23 class
1213 3634 35 25 for

662 3659 74 23 which
748 3667 33 16 we
792 3662 113 23 entertain
917 3662 36 23 the
961 3669 99 24 greatest
1065 3666 91 24 dislike.
1179 3667 69 25 Were

662 3699 33 15 we
707 3692 99 24 inclined
821 3699 23 18 to
856 3699 63 19 enter
933 3702 29 16 on
975 3695 37 25 the
1027 3697 96 32 subject,
1136 3707 33 16 we
1182 3701 66 24 could

661 3731 69 23 prove
742 3725 49 24 that
803 3727 38 22 the
851 3727 106 32 unhappy
969 3729 107 24 selection
1088 3732 26 22 of
1129 3732 47 23 this
1187 3733 60 24 indi-

662 3756 74 24 vidual
750 3758 40 23 has
802 3759 57 23 been
870 3768 14 14 a
890 3766 64 25 great
961 3761 134 26 misfortune
1108 3769 21 19 to
1142 3765 47 23 this
1200 3772 47 18 set-

662 3789 102 24 tlement.

1297 1715 29 20 To
1337 1716 34 20 the
1377 1716 78 20 Editor
1463 1716 28 25 of
1500 1717 35 19 the
1637 1718 93 19 Zealand
1742 1719 87 19 Gazette
1840 1719 43 20 and

1451 1743 126 26 Wellington

1322 1776 46 27 Sir,
1370 1787 29 5 —
1399 1776 33 21 To
1441 1784 14 13 a
1463 1776 65 22 small
1544 1777 114 27 pamphlet
1671 1778 111 26 compiled
1795 1778 30 28 by
1839 1787 41 14 one

1295 1802 26 21 of
1333 1803 37 21 the
1385 1808 77 22 agents
1476 1804 26 20 of
1518 1803 37 22 the
1575 1804 55 21 New
1641 1804 99 21 Zealand
1756 1805 123 28 Company,

1295 1829 61 22 there
1372 1830 18 21 is
1399 1830 101 26 prefixed
1516 1830 36 21 the
1564 1830 111 27 following
1685 1835 68 17 motto
1769 1843 28 4 —
1823 1832 57 23 Lord

1295 1856 75 21 Bacon
1380 1856 54 22 calls
1444 1856 37 21 the
1491 1856 124 26 plantation
1626 1858 25 20 of
1658 1865 12 13 a
1677 1858 85 26 Colony
1770 1866 27 14 an
1806 1858 74 23 heroic

1293 1882 72 27 work;
1386 1883 44 21 and
1444 1890 32 14 we
1491 1884 86 21 believe
1592 1884 125 26 systematic
1733 1885 147 23 colonization

1293 1913 22 17 to
1325 1910 27 21 be
1364 1909 155 27 emphatically
1534 1910 37 21 the
1582 1915 58 17 want
1650 1910 24 21 of
1685 1918 41 14 our
1827 1913 53 22 This

1293 1936 60 21 truth
1364 1943 49 20 may
1425 1936 26 21 be
1461 1936 85 27 readily
1556 1937 112 26 admitted,
1683 1938 41 21 but
1740 1938 17 21 it
1772 1938 70 28 ought
1858 1945 22 16 at

1293 1962 36 21 the
1340 1970 61 14 same
1412 1963 51 20 time
1474 1966 23 17 to
1507 1963 27 21 be
1545 1963 53 27 kept
1617 1964 22 21 in
1660 1964 67 26 mind,
1747 1964 49 23 that
1816 1966 63 22 while

1292 1989 149 21 colonization
1451 1989 65 21 offers
1526 1990 99 26 peculiar
1641 1990 141 28 advantages,
1800 1992 18 21 it
1832 1993 47 21 also

1292 2015 104 21 devolves
1406 2022 59 19 upon
1475 2015 30 20 all
1520 2016 126 21 concerned
1655 2018 164 25 responsibility
1829 2019 26 20 of
1865 2027 14 12 a

1292 2047 53 20 very
1356 2041 83 21 serious
1447 2040 45 22 and
1501 2041 122 26 important,
1633 2045 84 18 nature.

1317 2066 16 22 1
1338 2066 28 22 he
1371 2066 84 27 history
1463 2067 26 21 of
1494 2067 81 22 British
1585 2067 146 22 colonization
1737 2068 40 23 has
1781 2069 97 24 hitherto

1290 2094 23 20 in
1324 2100 13 14 a
1346 2098 64 21 great
1419 2101 100 13 measure
1530 2094 57 21 been
1596 2094 114 22 identified
1721 2095 53 22 with
1790 2096 37 22 the
1843 2098 34 21 in-

1291 2119 124 22 troduction
1427 2120 25 21 of
1463 2120 83 22 British
1556 2121 47 21 vice
1615 2121 44 21 and
1668 2121 91 28 disease,
1769 2124 26 20 of
1806 2123 71 22 which

1290 2145 37 22 the
1337 2146 123 27 depeopled
1466 2146 62 22 wilds
1535 2147 26 21 of
1568 2148 109 25 America,
1686 2149 46 20 and
1738 2156 69 20 many
1815 2150 62 23 other

1289 2174 99 25 portions
1397 2173 26 21 of
1439 2173 37 21 the
1490 2173 73 27 globe,
1580 2174 97 22 afforded
1695 2179 36 17 too
1747 2183 70 20 many
1833 2178 44 21 and

1289 2202 35 18 too
1335 2199 141 27 melancholy
1486 2200 81 26 proofs.
1596 2201 59 21 Such
1665 2201 68 28 being
1742 2202 36 22 the
1790 2211 56 19 case,
1848 2215 29 4 —

1289 2232 55 15 even
1365 2226 54 21 New
1438 2226 99 22 Zealand
1555 2227 24 21 in
1597 2227 82 22 former
1698 2236 63 19 years
1778 2231 98 27 scarcely

1288 2251 97 28 forming
1394 2260 28 14 an
1433 2253 117 27 exception
1561 2257 22 18 to
1593 2254 37 21 the
1639 2256 89 25 general
1744 2257 102 27 practice,
1848 2269 29 4 —

1287 2278 17 21 it
1313 2279 74 26 surely
1396 2279 102 22 becomes
1515 2279 37 22 the
1564 2280 53 27 duty
1628 2281 25 21 of
1664 2281 36 22 the
1710 2282 56 21 New
1776 2283 99 24 Zealand

1288 2305 120 28 Company,
1425 2306 117 27 especially
1556 2307 57 21 after
1629 2307 56 21 their
1700 2309 75 26 public
1791 2311 85 25 profes-

1286 2331 59 21 sions
1356 2332 25 21 of
1391 2332 78 27 regard
1479 2333 35 21 for
1524 2333 37 21 the
1570 2333 126 28 well-being
1702 2335 27 21 of
1735 2335 37 22 the
1780 2337 94 28 natives,

1286 2361 21 18 to
1319 2359 61 21 unite
1390 2359 52 21 with
1453 2359 37 21 the
1501 2359 110 23 Colonists
1620 2361 23 21 in
1655 2361 82 27 wiping
1751 2370 63 20 away
1830 2363 44 24 this

1286 2384 105 27 disgrace,
1403 2385 44 22 and
1458 2389 21 18 to
1490 2387 106 21 manifest
1604 2387 49 21 that
1661 2387 63 22 while
1733 2389 52 21 both
1793 2391 81 25 parties

1286 2418 36 14 are
1336 2411 58 23 alive
1409 2415 22 18 to
1446 2412 58 22 their
1519 2420 49 14 own
1584 2413 108 28 interests,
1710 2415 53 28 they
1783 2423 37 15 are
1835 2422 40 17 not

1286 2438 123 26 altogether
1419 2438 57 22 dead
1485 2443 23 17 to
1519 2439 63 23 those
1597 2440 25 21 of
1637 2440 37 22 the
1691 2441 131 28 Aboriginal
1839 2445 35 21 in-

1285 2464 119 22 habitants.
1423 2465 47 22 The
1479 2465 56 23 New
1542 2466 100 22 Zealand
1648 2467 122 28 Company,
1778 2469 96 29 through

1285 2491 57 22 their
1358 2491 110 28 Principal
1488 2495 83 24 Agent,
1590 2494 96 25 availing
1700 2494 134 24 themselves
1851 2499 26 20 of

1285 2517 36 22 the
1331 2517 121 28 ignorance
1462 2519 27 21 of
1505 2519 37 21 the
1556 2520 93 27 natives,
1667 2521 84 27 though
1768 2523 19 20 it
1802 2524 72 26 might

1284 2548 39 17 not
1333 2545 28 21 be
1371 2548 23 18 to
1409 2545 37 21 the
1463 2549 78 17 extent
1554 2547 126 27 previously
1697 2548 65 27 done,
1780 2554 39 22 yet
1831 2558 42 14 un-

1284 2571 104 27 deniably
1401 2571 86 27 bought
1504 2571 59 22 their
1580 2572 64 22 lands
1660 2577 21 17 at
1700 2582 14 13 a
1730 2582 60 15 mere
1808 2577 63 27 trifle,

1284 2597 84 27 though
1377 2598 97 27 possibly
1484 2598 17 21 it
1519 2598 73 27 might
1607 2599 27 22 be
1653 2602 173 28 comparatively
1843 2611 29 14 an

1283 2624 108 27 adequate
1401 2625 166 21 remuneration
1578 2629 21 17 to
1611 2626 35 22 the
1653 2627 92 27 natives,
1753 2629 119 22 inasmuch

1283 2658 23 14 as
1316 2651 17 21 it
1343 2658 55 19 gave
1409 2651 152 21 considerable
1570 2652 65 22 value
1646 2657 21 17 to
1677 2653 38 22 the
1729 2654 55 22 land
1800 2655 71 23 which

1283 2677 43 21 had
1336 2677 57 22 been
1403 2678 105 21 reserved
1517 2678 35 22 for
1564 2679 68 26 them,
1643 2679 64 22 while
1720 2685 24 17 at
1756 2681 38 22 the
1811 2690 60 15 same

1284 2704 52 21 time
1355 2705 17 20 it
1390 2711 56 19 gave
1465 2704 61 22 them
1545 2705 40 22 the
1603 2705 123 28 advantage
1744 2708 26 21 of
1789 2709 82 22 British

1284 2730 134 22 civilization
1430 2731 42 21 and
1489 2731 93 27 religion
1590 2740 4 18 ;
1618 2731 82 28 though
1718 2734 37 22 the
1770 2735 72 27 latter,
1860 2737 10 21 I

1283 2764 35 14 am
1328 2764 62 19 sorry
1400 2761 23 17 to
1434 2757 71 27 think,
1516 2757 40 23 has
1566 2766 24 14 as
1599 2763 37 23 yet
1644 2759 55 22 been
1709 2761 40 21 but
1764 2761 57 23 little
1836 2770 35 14 re-

1283 2784 83 25 garded
1374 2784 30 27 by
1414 2791 67 19 many
1493 2785 26 21 of
1530 2785 37 21 the
1579 2785 115 28 Colonists,
1710 2787 43 22 and
1771 2796 56 14 even
1841 2790 30 26 by

1283 2810 62 22 those
1356 2810 48 21 who
1414 2811 29 27 by
1453 2808 38 24 the
1500 2812 90 26 specific
1608 2813 45 21 and
1668 2814 93 26 positive
1775 2815 96 23 instruc-

1283 2837 57 21 tions
1355 2837 25 21 of
1396 2837 37 21 the
1448 2838 55 21 New
1519 2838 100 22 Zealand
1634 2839 113 28 Company
1763 2848 38 15 are
1818 2843 22 21 in
1858 2851 13 13 a

1282 2863 119 27 particular
1419 2871 95 15 manner
1531 2865 95 28 charged
1649 2869 23 18 to
1690 2867 76 22 attend
1785 2872 23 18 to
1827 2869 44 22 this

1283 2893 85 18 matter.
1405 2891 51 25 (See
1474 2891 89 22 Ward's
1582 2893 141 22 information
1740 2895 92 22 relative
1848 2899 22 19 to

1283 2917 54 20 New
1357 2916 105 28 Zealand,
1472 2935 2 3 .
1481 2925 58 20 page
1559 2920 45 24 126,
1624 2921 120 26 paragraph
1762 2923 50 25 Ist.)
1843 2923 26 22 In

1281 2943 55 21 such
1342 2943 177 28 circumstances,
1528 2945 38 21 the
1573 2946 113 32 Company
1695 2947 84 28 having
1786 2949 85 27 bought

1282 2970 56 21 their
1347 2970 53 21 land
1410 2974 23 17 at
1442 2978 13 14 a
1463 2971 44 21 low
1517 2972 67 27 price,
1596 2971 43 23 and
1652 2973 47 21 sold
1715 2974 18 21 it
1748 2979 23 17 at
1788 2982 13 14 a
1817 2975 52 28 high

1281 2997 166 27 remunerating
1457 2998 71 26 value,
1539 2999 18 21 it
1568 2999 18 21 is
1592 2999 73 28 surely
1672 3000 132 23 incumbent
1810 3009 58 20 upon

1281 3022 60 22 them
1363 3023 75 26 (aided
1452 3031 24 14 as
1493 3024 10 21 I
1522 3025 70 22 doubt
1607 3029 40 18 not
1664 3026 52 27 they
1733 3028 44 21 will
1795 3029 28 21 be
1839 3029 30 28 by

1280 3056 68 18 many
1358 3049 25 21 of
1394 3050 38 21 the
1442 3050 120 28 Colonists)
1577 3057 22 16 to
1608 3053 87 27 expend
1703 3058 68 23 apart
1778 3055 27 21 of
1813 3055 56 23 their

1281 3074 85 33 surplus
1375 3076 67 22 funds
1452 3078 95 21 towards
1563 3079 91 27 making
1664 3081 112 26 provision
1787 3081 35 22 for
1831 3083 37 21 the

1281 3106 74 17 native
1375 3107 69 17 wants
1454 3111 5 19 ;
1485 3111 43 15 one
1548 3105 25 21 of
1594 3105 37 21 the
1650 3110 58 18 most
1730 3108 72 22 useful
1824 3109 44 22 and

1281 3129 106 26 certainly
1397 3133 59 18 most
1465 3130 122 24 charitable
1594 3139 104 21 purposes
1705 3137 21 18 to
1737 3134 71 22 which
1816 3135 52 27 they

1281 3163 39 14 can
1331 3156 28 21 be
1368 3154 102 23 devoted.

1305 3182 54 21 And
1367 3184 60 25 first,
1440 3183 57 22 their
1505 3184 99 28 physical
1615 3186 127 22 necessities
1751 3186 80 24 should
1840 3189 27 21 be

1279 3208 105 22 attended
1401 3213 29 18 to.
1467 3210 64 28 They
1550 3219 38 13 are
1601 3215 40 18 not
1657 3213 52 27 only
1726 3213 96 23 afflicted
1838 3215 29 27 by

1279 3235 95 22 diseases
1384 3236 121 22 incidental
1517 3241 21 18 t«
1550 3238 56 22 their
1616 3239 87 22 climate
1714 3241 44 20 and
1768 3241 66 21 mode
1844 3242 26 21 of

1279 3262 75 26 living,
1366 3262 40 21 but
1422 3262 45 22 also
1483 3264 31 26 by
1530 3264 73 22 others
1617 3265 131 23 introduced
1764 3272 104 23 amongst

1279 3288 59 21 them
1350 3288 29 28 by
1390 3289 140 27 Europeans;
1547 3292 45 21 and
1604 3292 33 21 for
1653 3292 44 22 this
1712 3300 87 20 reason,
1816 3294 18 22 it
1848 3295 19 21 is

1278 3322 13 14 a
1301 3318 80 18 matter
1390 3319 40 18 not
1440 3323 27 14 on
1476 3324 17 22 y
1503 3318 27 20 of
1540 3325 104 15 common
1655 3319 92 28 charity,
1764 3320 40 22 but
1820 3321 46 21 also

1278 3342 25 20 of
1314 3349 103 14 common
1429 3342 118 28 prudence,
1558 3348 24 17 to
1592 3346 88 26 provide
1689 3346 34 22 for
1731 3346 57 22 their
1794 3347 70 22 relief.

1279 3368 21 21 It
1316 3375 52 19 may
1381 3368 27 21 be
1425 3368 46 22 said
1486 3370 49 21 that
1550 3370 52 28 they
1619 3379 36 14 are
1669 3372 132 22 themselves
1817 3380 48 21 pos-

1277 3394 73 22 sessed
1361 3394 26 21 of
1397 3394 111 23 sufficient
1517 3396 68 23 funds
1594 3398 34 21 for
1637 3398 42 22 this
1687 3406 102 20 purpose,
1797 3399 25 22 in
1828 3400 37 22 the

1277 3420 63 22 tenth
1351 3421 25 22 of
1387 3421 54 22 land
1450 3423 104 22 reserved
1564 3424 33 21 for
1607 3424 60 22 them
1673 3432 4 18 ;
1695 3426 40 21 but
1744 3426 18 20 it
1770 3426 19 21 is
1796 3433 68 15 worse

1277 3447 53 22 than
1340 3447 83 22 useless
1423 3459 28 4 —
1451 3448 18 21 it
1477 3449 20 21 is
1504 3450 62 21 cruel
1573 3453 23 19 to
1602 3451 46 22 talk
1656 3452 24 21 of
1686 3452 57 21 such
1747 3459 14 14 a
1768 3459 95 20 reserve,

1276 3474 65 21 while
1350 3478 23 17 at
1383 3478 90 23 present
1482 3476 67 21 much
1561 3477 26 21 of
1597 3478 18 21 it
1624 3478 18 21 is
1650 3481 38 18 not
1695 3479 116 26 available,
1820 3479 44 21 and

1277 3508 52 19 very
1340 3500 106 28 probably
1456 3508 53 20 may
1519 3506 40 18 not
1568 3503 28 22 be
1611 3511 24 14 so
1644 3504 34 21 for
1688 3511 13 14 a
1711 3505 153 21 considerable

1276 3527 60 26 time,
1347 3526 23 22 in
1380 3534 155 20 consequence
1544 3529 27 22 of
1583 3530 36 21 the
1629 3530 93 22 difficult
1737 3531 45 22 and
1791 3531 72 22 there-

1276 3554 47 21 fore
1333 3556 125 24 protracted
1468 3559 80 18 nature
1557 3556 28 21 of
1595 3556 37 21 the
1641 3563 91 21 surveys
1738 3565 6 19 ;
1759 3558 45 21 and
1818 3558 46 21 also

1275 3580 56 21 from
1342 3579 38 22 the
1389 3580 95 22 absence
1494 3581 26 21 of
1531 3581 37 22 the
1578 3582 82 23 Native
1670 3583 119 27 Protector,
1803 3591 23 14 as
1836 3584 27 22 he

1274 3606 19 22 is
1309 3606 105 27 officially
1430 3606 138 28 designated,
1586 3608 57 28 who,
1661 3608 84 28 though
1760 3610 56 22 such
1834 3618 28 15 an

1275 3633 155 27 appointment
1439 3640 71 15 seems
1524 3638 42 17 not
1581 3642 51 20 very
1650 3642 125 22 necessary,
1792 3637 72 27 might

1274 3660 30 26 by
1314 3659 35 22 his
1364 3667 104 19 presence
1481 3660 54 21 here
1544 3660 52 28 help
1605 3666 24 17 to
1638 3662 105 22 facilitate
1759 3670 104 20 arrange-

1274 3688 74 19 ments
1363 3693 27 14 on
1407 3686 78 21 behalf
1497 3687 26 21 of
1533 3687 38 21 the
1589 3688 89 21 natives.
1709 3689 45 22 Are
1771 3689 54 28 they
1839 3691 23 21 in

1276 3712 36 21 the
1322 3716 121 19 meantime
1453 3716 23 18 to
1487 3714 105 21 continue
1604 3714 106 26 suffering
1719 3715 72 22 under
1799 3716 64 27 pain-

1274 3739 31 21 ful
1315 3739 46 21 and
1369 3739 124 22 loathsome
1509 3740 102 27 diseases,
1629 3741 44 21 and
1691 3742 81 21 British
1789 3742 73 23 hearts

1274 3765 27 21 be
1310 3765 51 22 cold
1370 3766 45 21 and
1425 3766 82 21 British
1518 3767 72 21 hands
1603 3768 27 21 be
1644 3768 96 21 inactive
1757 3768 35 22 for
1806 3769 58 22 their

1274 3792 79 22 relief?
1379 3792 55 22 This
1442 3793 74 27 surely
1526 3793 44 22 will
1582 3798 38 17 not
1633 3794 27 21 be
1676 3794 38 22 the
1730 3803 56 14 case.
1815 3796 47 22 The

1274 3818 88 23 honour
1371 3819 26 21 of
1408 3819 36 22 the
1455 3819 57 22 New
1523 3820 99 22 Zealand
1629 3821 120 28 Company,
1758 3822 58 21 after
1827 3822 35 22 the

1274 3844 165 29 philanthropic
1448 3847 135 26 professions
1593 3847 51 28 they
1654 3848 56 21 have
1730 3849 72 27 made,
1818 3850 45 21 and

1274 3871 151 23 theinterests
1436 3873 25 21 of
1472 3873 38 22 the
1520 3874 110 21 Colonists
1639 3874 71 22 forbid
1721 3875 23 22 it.

1300 3897 89 28 Taking
1396 3899 31 21 all
1434 3899 61 24 these
1503 3900 172 23 circumstances
1682 3902 48 21 into
1737 3902 126 23 considera-
1869 3916 5 4 •

1930 3078 51 23 The
1999 3078 109 24 schooner
2126 3078 42 24 Sir
2184 3079 62 24 John
2264 3079 111 25 Franklin
2391 3081 84 24 arrived

1897 3119 28 15 on
1935 3111 94 30 Sunday
2040 3111 44 24 last
2092 3112 59 23 from
2162 3112 131 25 Auckland.

1930 3144 47 23 She
1988 3144 97 31 brought
2094 3153 13 15 a
2121 3145 64 31 large
2194 3146 54 23 mail
2259 3146 24 23 of
2291 3146 133 25 Australian
2433 3146 42 24 and

1895 3177 55 24 Van
1960 3177 119 24 Dieraan's
2090 3178 68 23 Land
2173 3178 79 25 letters
2269 3179 44 24 and
2329 3187 88 25 papers,
2434 3180 41 23 due

1895 3218 63 16 some
1969 3210 89 24 months
2069 3219 51 23 ago.
2145 3211 93 24 Letters
2246 3220 58 16 were
2318 3213 47 23 also
2377 3212 98 25 received

1895 3244 30 30 by
1936 3243 39 23 the
1988 3251 62 16 same
2067 3246 154 30 opportunity,
2232 3245 67 24 dated
2318 3245 103 29 London,
2432 3246 43 23 last

1894 3277 68 30 April
1971 3277 79 23 twelve
2061 3277 99 24 months.
2197 3278 50 24 The
2261 3278 56 24 Post
2326 3279 73 24 Office
2413 3280 22 22 in
2445 3278 29 24 all

1895 3310 38 23 the
1951 3309 103 24 Col6nies
2069 3311 24 22 in
2104 3311 45 22 this
2159 3316 52 26 part
2220 3312 25 22 of
2255 3312 37 23 the
2301 3312 71 24 world
2383 3319 91 25 appears

1895 3347 22 19 to
1934 3342 29 24 be
1975 3343 88 31 equally
2081 3344 160 31 scandalously
2256 3346 118 29 managed.
2410 3345 35 23 Its
2460 3352 14 15 a

1894 3376 80 30 crying
1982 3376 125 30 grievance,
2116 3376 35 23 for
2159 3376 73 23 which
2241 3377 19 22 it
2267 3378 18 22 is
2295 3377 39 24 the
2343 3378 54 32 duty
2406 3378 24 23 of
2436 3377 36 23 the

1894 3408 70 23 Press
1976 3413 22 18 to
2017 3413 37 26 get
2070 3409 98 23 redress.
2204 3409 27 23 If
2246 3410 37 24 the
2302 3411 139 32 department
2453 3410 19 22 is

1893 3440 56 32 kept
1958 3441 75 23 before
2045 3441 36 23 the
2092 3441 78 32 public
2184 3444 110 23 attention
2303 3445 24 22 in
2340 3452 13 15 a
2364 3444 110 23 sufficient

1892 3481 101 21 manner,
2013 3481 31 16 we
2061 3482 52 22 may
2130 3474 59 32 hope
2205 3475 77 25 before
2300 3477 54 31 long
2365 3481 24 19 to
2408 3483 65 16 cause

1892 3514 121 16 numerous
2024 3507 106 30 petitions
2145 3507 59 25 from
2221 3509 39 24 the
2271 3510 85 23 several
2369 3509 103 24 Colonies

1892 3543 22 19 to
1926 3539 28 23 be
1961 3539 122 25 forwarded
2096 3545 23 18 to
2128 3540 64 24 Lord
2201 3541 61 24 John
2271 3542 102 24 Russell.
2408 3542 64 30 They

1891 3572 73 23 would
1983 3572 51 24 lead
2053 3577 22 19 to
2096 3581 15 15 a
2129 3573 151 26 Commission
2300 3575 25 24 of
2339 3575 100 31 Inquiry,
2458 3581 13 15 a

1891 3610 76 26 report
1984 3605 58 24 from
2060 3606 73 24 which
2153 3608 74 23 would
2244 3613 38 18 not
2300 3608 40 24 fail
2355 3613 22 18 to
2390 3613 80 25 expose

1892 3638 37 22 the
1952 3638 135 31 disgraceful
2106 3640 92 30 neglect
2219 3641 45 23 and
2283 3641 143 24 indifference
2448 3638 25 24 of

1891 3678 94 23 persons
1992 3673 24 21 in
2024 3671 81 33 charge
2115 3674 25 22 of
2149 3681 14 14 a
2172 3673 141 32 department
2322 3671 148 34 unsurpassed

1891 3704 25 23 in.
1927 3704 29 23 its
1968 3704 146 31 importance.

1924 3737 51 23 The
1996 3737 87 31 Sophia
2093 3738 69 29 Pate,
2175 3747 28 15 on
2222 3739 69 24 board
2307 3739 25 24 of
2346 3738 71 23 which
2431 3737 36 23 the

1891 3769 57 24 Port
1957 3770 124 24 Nicholson
2093 3772 54 22 mail
2159 3780 44 14 was
2220 3777 48 25 put,
2279 3772 86 30 though
2377 3780 14 14 a
2399 3770 70 24 vessel

1891 3810 45 16 was
1954 3803 90 31 leaving
2062 3804 92 30 Sydney
2173 3805 37 22 the
2231 3812 60 16 same
2312 3806 42 29 day
2372 3805 33 26 fqr
2424 3803 43 23 this

1890 3836 71 30 place,
1985 3844 46 15 was
2050 3838 69 29 going
2139 3838 48 22 into
2206 3838 123 23 Auckland
2352 3838 63 22 when
2431 3835 36 24 the

1890 3867 42 24 Sir
1943 3868 62 24 John
2015 3869 112 24 Franklin
2138 3869 49 25 left.

1923 3901 39 24 An
1980 3907 158 24 arrangement
2158 3910 44 15 was
2221 3903 65 24 made
2307 3910 61 17 some
2386 3900 74 25 weeks

694 3852 98 24 Answer
804 3857 22 20 to
838 3855 37 23 the
894 3855 103 25 Address
1014 3858 126 25 forwarded
1158 3860 32 31 by
1209 3861 43 26 the,

662 3883 147 31 Magistrates
821 3887 25 22 of
862 3888 58 23 Tort
931 3889 132 31 Nicholson,
1076 3896 24 18 to
1111 3892 36 24 his
1160 3892 90 25 Excel-i

548 30 103 31 THE
672 31 110 31 NEW
801 31 226 32 ZEALAND
1047 30 225 33 GAZETTE
1295 32 101 31 AND
1415 33 325 34 WELLINGTON
1763 35 289 34 SPECTATOR.

721 231 47 16 1841.

808 211 51 16 Time
865 211 20 16 of

803 231 87 16 Observa-

822 252 45 16 tion.

919 220 54 17 Baro-

913 243 63 15 meter.

994 221 80 17 Thermo-

1004 244 63 14 meter.

1107 200 58 20 2?.5g

1105 220 59 49 111

1104 265 59 23 ofsS

1206 232 59 18 Wind.

702 307 81 21 Friday...

699 368 31 16 Sat

699 429 83 20 Sunday..

699 490 82 21 Monday.

824 308 10 15 8

823 328 53 21 Ip.m.

822 350 10 14 5

822 369 10 15 8

822 389 47 20 lp.ra

822 411 10 14 5

822 431 10 15 8

822 451 53 20 lp.m.

820 472 11 14 5

820 492 11 15 8

822 512 52 20 lp.m.

820 533 11 15 5

820 553 11 15 8

819 573 54 20 lp.m.

819 594 10 15 5

819 614 10 15 8

819 634 54 20 lp.m.

818 656 10 15 5

819 676 10 16 8

819 697 52 19 lp.m.

818 718 10 14 5

917 308 58 17 30.110

917 329 57 16 30.176

916 349 58 16 30.220

916 370 57 15 30.448

916 390 57 16 30.430

916 410 57 17 30.416

916 431 57 16 30.220

916 452 57 16 30.182

915 472 58 16 30.104

914 492 59 17 29.850

914 512 20 16 29
942 512 30 17 790

914 533 58 16 29.G68

914 554 58 16 29.5J0

913 575 58 15 29.338

913 594 58 17 29.292

913 616 58 15 30.000

913 636 57 16 29.606

913 656 58 17 29.742

913 677 57 16 30.258

913 698 57 16 30.258

913 718 57 17 30.400

1017 309 27 16 45.

1016 330 27 15 48.

1017 350 26 15 48.

1016 370 27 15 46.

1015 391 27 15 52.

1015 412 27 15 46.

1015 432 27 15 46.

1015 452 26 15 52.

1014 472 27 16 52.

1015 493 26 16 51.

1014 514 27 15 53.

1013 535 28 14 55.

1014 555 27 16 51.

1013 576 37 15 50.5

1013 597 37 15 50.5

1013 617 27 16 48.

1013 637 27 16 47.

1012 659 28 15 46.

1012 678 27 16 42.

1012 699 27 15 47.

1012 719 27 16 44.

1113 332 37 16 0.16

1111 394 38 15 0.10

1097 454 57 17 None.

1096 515 58 17 None.

1178 310 79 22 ,S.l>yE.

1178 330 43 20 ,S.E.

1177 351 43 22 jS.E.

1181 372 39 16 S.E.

1177 392 43 24 ,S.E.

1180 413 64 18 South.

1180 433 64 18 North.

1175 452 68 19 INorth.

1180 474 63 18 North.

1180 494 63 18 North.

1179 514 23 18 N.
1211 516 22 20 by
1242 517 24 16 W.

1179 535 63 19 North.

1179 556 63 18 North.

1174 577 68 19 |North.

1173 598 69 17 •North.

1173 615 67 21 (South.

1174 639 67 20 (South-

1178 660 63 17 South.

1179 680 62 18 South.

1173 699 67 20 jSouth.

1173 721 67 18 iSouth.

698 551 81 21 Tuesday

1109 578 37 16 0.13

698 612 42 17 Wed

1109 639 37 16 0.10

696 674 82 18 Thurt...

1108 701 38 16 0.08

695 762 87 25 Friday...!

817 769 10 15 8

892 749 3 18 I
1026 751 125 18 REMAKKS.

891 768 70 22 (Strong
968 770 48 16 wind
1023 772 36 15 and
1065 772 42 17 fiiio.

816 810 53 20 lp.m.

890 804 5 23 I
937 810 34 17 Do.
1013 812 34 17 Do.
1088 812 88 22 showery.

815 851 11 15 s

890 842 5 27 I
936 852 34 16 Do.
1013 853 34 16 Do.
1089 854 36 17 Do.

694 889 31 17 Sat

815 892 11 16 8

897 892 90 18 Moderate
994 894 63 17 breexo
1066 895 36 16 and
1109 895 35 17 fine
1155 895 46 21 light
1213 897 63 17 clouds.

814 933 47 20 lp.m

890 926 4 25 I
937 934 33 17 Do.
1012 935 33 17 Do.
1088 936 35 17 Do.

814 975 10 15 s

895 974 49 17 Calm
952 975 35 16 and
997 976 41 17 fine.

692 1012 83 21 Sunday..

814 1015 10 16 8

888 1015 98 18 (Moderate
992 1017 63 17 breeze
1061 1019 36 16 and
1105 1019 41 17 fine.

813 1056 54 20 lp.m.

888 1047 5 27 I
935 1057 33 17 Do.
1010 1058 33 17 Do.
1086 1059 33 17 Do.

812 1098 11 15 5

887 1088 5 27 I
933 1099 34 16 Do.
1010 1099 33 17 Do.
1086 1100 34 18 Do.

707 1135 66 21 'onday.

812 1139 10 15 8

893 1140 64 20 Strong
963 1141 68 19 breeze,
1039 1141 89 22 inclining
1135 1145 18 15 to
1161 1142 46 18 r*in.

812 1180 53 20 lp.m.

893 1181 91 17 Moderate
1009 1182 33 18 Do,
1085 1184 87 20 showery.

810 1222 10 14 5

892 1221 52 21 Light
955 1222 27 17 sir
993 1224 35 16 and
1036 1226 86 15 overcast.

700 1259 71 21 'uesday

810 1262 10 16 8

891 1263 65 20 Strong
962 1264 62 16 breeze
1031 1264 35 17 and
1073 1266 45 16 rain.

810 1304 53 19 lp.m.

885 1298 4 23 1
931 1304 34 17 Do.
1008 1305 33 16 Do.
1083 1306 59 22 heavy
1149 1308 46 16 rain.

809 1345 10 15 5

890 1344 52 21 Light
949 1346 28 15 air
985 1347 35 16 and
1029 1347 40 16 fine.

705 1382 26 17 W

809 1386 10 15 8

889 1386 64 20 Strong
959 1386 39 21 gale
1005 1388 36 16 and
1048 1388 58 22 heavy
1113 1390 45 17 rain.

808 1427 54 20 lp.m.

930 1428 33 17 Do.
1006 1428 33 17 Do.
1081 1430 34 17 Do.

808 1468 9 15 5

929 1468 33 17 Do.
1005 1469 33 18 Do.
1081 1471 33 17 Do.

697 1506 49 17 'hurs
751 1518 17 5 ...

808 1509 9 15 8

887 1509 55 17 Fresh
949 1510 45 20 gale,
1003 1511 85 22 showery,
1097 1513 31 16 but
1135 1514 43 16 fine.

808 1550 52 20 lp.m.

929 1551 33 17 Do.
1005 1553 35 15 and
1048 1558 42 16 very
1097 1555 35 16 fine
1142 1555 84 17 weather.

806 1591 9 15 5

887 1591 90 18 Moderate
984 1593 62 17 breeze
1055 1595 34 15 and
1097 1596 41 16 fine.

706 1688 65 18 ■ondon
858 1691 67 17 March
942 1693 17 17 9.
987 1693 41 22 Bay
1035 1694 22 16 of
1065 1694 82 19 Islands.
1152 1706 6 6 .
1163 1695 52 18 June
1229 1698 21 15 21

706 1710 62 21 ydney
858 1712 46 21 July
942 1713 17 18 7.
987 1713 81 19 Thames
1161 1716 47 20 July
1229 1719 20 16 io

711 1734 24 13 an
760 1731 98 18 Dieman's
988 1734 44 18 Port
1041 1735 69 23 Phillip
1121 1737 92 18 ....June
1229 1740 25 17 27.

858 1753 51 18 June
930 1755 29 17 30.
987 1756 89 18 Adelaide
1162 1758 52 18 June
1239 1762 15 16 9.

91 108 122 26 Drapery
234 109 53 20 and
306 108 206 26 Haberdashery
527 108 150 21 Establish-

200 136 84 24 ment,
294 135 54 20 and
357 135 116 20 General
484 136 83 20 Store.

90 167 129 48 LEVIN
236 167 44 21 and
297 167 46 21 CO.
355 167 42 27 beg
415 171 22 17 to
454 168 104 27 acquaint
568 167 37 22 the
621 167 56 22 Port

153 193 122 22 Nicholson
292 193 80 28 public,
383 193 49 22 that
440 194 22 21 in
478 201 13 14 a
500 194 42 21 few
551 194 55 27 days
621 193 55 26 they

89 219 45 21 will
144 226 56 21 open
211 219 57 22 their
277 226 49 15 new
335 220 44 22 and
388 220 114 21 extensive
510 221 104 26 premises
621 219 54 22 with

88 252 14 14 a
119 245 60 27 large
195 246 43 21 and
256 246 49 21 well
320 245 96 22 selected
434 246 62 22 stock
519 247 25 21 of
565 247 109 26 Drapery,

89 271 104 27 Hosiery,
210 271 44 22 and
272 272 177 27 Haberdashery,
460 272 45 22 and
520 277 62 22 trust,
592 273 28 26 by
631 280 43 14 un-

87 297 114 24 remitting
226 299 108 20 attention
351 303 22 16 to
395 299 106 25 business,
525 299 43 21 and
588 299 86 26 having

86 324 70 26 good
155 324 18 26 3
166 320 55 30 orT.y
230 324 25 21 of
268 324 47 21 that
331 324 132 27 description
481 325 70 22 which
568 325 52 27 they
630 332 42 14 can

87 350 137 27 confidently
244 350 149 28 recommend,
411 355 23 17 to
451 351 85 21 receive
545 359 14 13 a
574 351 65 21 share
651 351 24 21 of

86 376 38 21 the
134 376 73 27 public
218 381 125 23 patronage.

113 402 188 28 Lambton-quny,
317 403 142 27 Wellington,

195 430 53 26 July
258 431 33 25 29,
305 431 58 20 1841.

267 473 47 21 The
326 474 54 21 Rev.
388 473 38 22 Mr
442 474 145 27 Macfarlane,
601 475 24 21 of
632 475 39 22 the

117 496 12 24 S
166 499 80 21 Scotch
271 499 96 26 Church,
392 499 43 23 will
462 501 96 25 perform
587 501 82 22 Divine

86 524 111 28 Worship,
216 526 22 21 in
262 526 81 24 future,
364 527 23 21 in
406 527 37 21 the
460 527 111 26 Morning,
592 531 22 17 at
632 528 38 22 the

84 551 83 21 Native
185 551 90 28 Chapel,
290 553 31 21 Te
333 553 45 21 Aro
388 553 56 27 Flat,
454 558 22 17 at
486 555 24 19 11
522 551 91 29 o'clock,
625 555 45 21 and

84 579 23 20 in
124 578 36 20 the
171 578 123 22 Afternoon
310 583 23 17 at
347 579 36 21 the
399 580 69 21 Court
484 579 82 27 House,
582 580 88 22 Thorn-

84 604 44 22 don
140 604 56 28 Flat,
206 609 23 17 at
239 612 13 14 a
261 610 89 22 quarter
360 609 47 24 past
418 613 42 15 one
471 606 93 22 o'clock.

112 630 142 28 Wellington,
268 632 53 26 May
333 633 32 24 12,
378 634 59 20 1841.

85 675 162 47 PERSONS
272 675 97 23 desirous
394 677 24 21 of
440 677 124 27 obtaininig
585 677 82 28 Bibles,

150 701 146 26 Testaments,
314 710 26 14 or
356 703 108 22 Common
486 703 83 28 Prayer
585 704 82 27 Books,

82 734 38 14 are
129 728 118 27 requested
256 731 23 18 to
289 729 65 26 apply
366 732 21 18 to
397 729 38 22 the

298 755 56 21 Rev.
366 756 26 21 R.
403 756 73 27 Daw,
489 756 77 22 Kumu
574 756 63 24 Toto.

109 779 55 28 July
173 781 21 26 3,
206 781 61 21 1341.

226 825 53 21 For
288 826 60 21 Sale
359 832 30 14 or
400 826 117 21 Charter.

236 858 91 22 HMHE
333 859 137 27 remarkably
475 859 45 21 fast
529 859 79 27 sailing
618 860 21 22 A
646 861 19 26 l,

115 884 96 33 jW^L**.
242 880 30 25 -A.
305 884 108 23 schooner
435 887 80 25 Bailey,
543 887 39 20 162
608 890 57 23 tons,

86 907 146 37 JtsjP_B_k
248 911 93 27 Captain
352 912 75 21 James
435 913 100 21 Sinclair.
559 913 48 21 Her
616 913 51 21 well

81 934 149 35 -jftSqflMg
248 936 81 23 known
347 938 101 27 qualities
468 939 34 21 for
522 939 79 27 sailing
620 940 47 21 and

79 960 153 37 qjSgSsgp
248 964 104 26 carrying
399 972 72 20 cargo,
523 966 143 27 particularly

248 989 77 27 adapts
335 990 39 22 her
391 991 35 22 for
442 992 37 21 the
494 992 56 21 New
565 992 102 22 Zealand

79 1014 45 23 and
134 1016 101 22 Colonial
244 1016 69 23 trade.
341 1017 75 27 Apply
426 1021 24 18 to

326 1046 56 24 •-£>■*
446 1043 88 23 Wiliis
543 1044 44 22 and
597 1046 39 22 Co.

103 1067 144 29 Wellington,
259 1069 54 27 July
321 1066 107 30 2^-1841.

276 1115 53 19 For
343 1115 117 26 Sydney,

148 1140 29 20 To
186 1141 41 20 sail
237 1146 26 14 on
273 1147 24 13 or
307 1142 60 19 about
377 1143 34 18 the
423 1143 33 19 Ist
465 1142 27 25 of
501 1144 91 25 August.

252 1168 44 34 '"p
300 1168 43 20 HE
353 1168 44 22 fine
403 1169 42 21 fast
451 1169 80 28 sailing
538 1169 124 28 brigantine

112 1192 102 38 /JSgW^.
260 1192 27 22 -L
331 1195 141 26 Harrington,
496 1197 96 21 burthen
620 1199 42 20 200

112 1218 128 37 Ngßc£3|»'
251 1223 56 23 tons,
326 1221 24 21 F.
364 1222 21 21 J.
399 1222 92 26 Mercer,
504 1223 156 26 commander;

251 1246 38 22 has
306 1254 62 15 room
380 1249 33 21 for
423 1256 14 14 a
445 1249 41 21 few
498 1254 164 18 measurement

251 1273 75 23 goods.
364 1275 43 21 For
424 1275 84 27 freight
526 1283 23 14 or
568 1284 92 19 passage

249 1300 66 27 apply
332 1303 22 19 to
369 1301 36 22 the
421 1302 93 27 Captain
534 1310 29 14 on
583 1303 76 26 board,

78 1329 25 15 or
114 1327 23 17 to

431 1354 88 22 Willis
534 1355 44 22 and
592 1356 39 21 Co.

165 1395 54 20 For
232 1397 58 25 Bay
306 1397 30 20 of
348 1398 109 21 Islands
472 1400 93 20 direct.

106 1435 72 28 AJjTgj.
187 1430 43 23 HP
235 1430 42 21 HE
293 1430 45 22 fine
353 1431 121 27 first-class,
491 1433 170 27 Bombay-built

87 1454 94 37 jggg^
193 1454 29 23 -L
260 1456 83 28 barque
353 1459 77 25 Bright
437 1460 82 23 Planet,
528 1460 58 22 John
598 1461 62 22 Mor-

73 1480 110 27 «Ssk2£»
205 1482 67 26 rison,
283 1487 88 24 master,
383 1486 44 21 will
437 1486 40 21 sail
487 1486 24 22 in
522 1494 13 14 a
543 1487 41 21 few
595 1488 62 27 days,

72 1508 45 21 and
127 1514 75 17 return
213 1512 22 18 to
245 1508 42 23 this
298 1510 59 22 Port.
385 1512 44 21 She
444 1513 43 20 will
497 1513 43 21 call
549 1517 23 17 at
581 1515 78 21 Auck-

71 1534 55 22 land
135 1543 28 13 on
174 1535 41 22 her
224 1539 82 23 return,
317 1537 80 22 should
406 1538 111 23 sufficient
525 1547 134 20 encourage-

72 1565 62 17 ment
153 1562 61 21 offer.
247 1574 5 8 ,
260 1562 34 21 his
310 1563 19 21 is
346 1571 13 14 a
374 1564 128 23 favourable
515 1569 143 26 opportunity

70 1587 36 22 for
115 1595 45 19 any
169 1595 44 15 one
224 1588 91 28 wishing
330 1593 22 18 to
369 1590 65 22 make
451 1599 12 14 a
479 1592 42 27 trip
533 1597 21 17 to
567 1601 37 14 see
620 1594 38 22 the

71 1613 114 23 Northern
202 1615 147 22 Settlements.
378 1617 42 22 She
437 1625 40 14 can
491 1620 167 22 accommodate

70 1643 38 18 ten
126 1641 22 21 in
165 1641 38 22 the
220 1642 69 26 cabin,
306 1643 44 21 and
366 1643 38 22 has
424 1644 106 23 first-rate
548 1651 108 23 steerage.

70 1667 44 21 For
124 1668 82 26 freight
219 1676 23 13 or
251 1675 92 21 passage
354 1670 65 27 apply
430 1675 23 17 to
464 1671 37 22 the
516 1673 98 27 Captain,
626 1681 30 14 on

70 1693 76 24 board,
157 1702 24 13 or
190 1699 23 17 to

378 1722 62 23 John
454 1724 80 28 Wade,
545 1726 82 27 Agert.

159 1766 54 21 For
227 1768 154 27 Sourabaya
397 1775 30 15 or
440 1771 121 21 Batavia.

229 1802 29 19 To
272 1802 40 19 sail
326 1803 22 19 in
361 1809 12 14 a
380 1803 47 25 ffw
441 1804 57 25 days.

199 1839 9 23 I
301 1835 45 22 fine
378 1837 43 21 fast
449 1837 80 28 sailing
562 1839 91 28 barque,

82 1863 94 33 O&Qrij^
188 1858 30 24 J-
254 1863 115 21 Katherine
384 1864 92 20 Stewart
491 1866 82 21 Forbes,
589 1866 62 27 Ml,

68 1884 112 29 «i»rar's&
207 1887 60 22 John
279 1889 84 28 Hobbs,
374 1891 152 23 commander.
554 1893 48 21 Has
614 1900 39 14 ex-

66 1915 83 21 cellent
166 1915 190 23 accommodation
377 1917 34 21 for
435 1925 135 20 passengers.
608 1919 46 22 For

65 1940 83 28 freight
157 1949 25 15 or
195 1948 91 20 passage
302 1943 67 27 apply
378 1947 22 18 to
417 1943 38 22 the
470 1945 143 23 commander
622 1954 29 14 on

65 1966 78 24 board.

143 3623 122 18 AGENTS
277 3623 58 18 FOR
350 3623 70 21 THIS
434 3626 107 22 PAPER.

70 3653 38 17 Mr.
120 3653 87 18 BURCH
209 3654 37 17 AM
340 3655 72 19 Petoni.

70 3674 38 17 Mr.
120 3674 24 18 R.
156 3675 116 17 BARRETT
345 3676 45 17 New
398 3677 107 22 Plymouth,
512 3680 92 19 Taranaki

70 3695 37 17 Mr.
119 3695 26 19 H.
157 3695 120 18 CHURTON
342 3697 112 23 Wangaiiui.
498 3692 7 9 '
515 3686 96 14 iarRMKK

68 3740 40 18 The
116 3740 98 27 following
221 3746 31 13 are
260 3742 33 18 th«
300 3744 78 20 quarter
388 3742 47 23 days
442 3744 22 17 of
473 3744 40 19 this
520 3751 58 16 paper
584 3754 28 11 :—

155 3759 66 20 March
479 3759 54 25 31stf

153 3782 53 17 June
479 3787 52 18 30th.

154 3802 111 22 September
479 3808 52 18 30th.

155 3823 104 19 December
479 3829 48 16 31st.

68 3843 83 17 Persons
158 3845 108 21 previously
273 3847 20 16 to
307 3845 145 24 discontinuing:
463 3848 50 18 their
520 3854 67 15 paper;
594 3852 38 17 and

48 3863 166 24 advertisements,
221 3867 52 16 must
280 3867 57 17 settle
345 3867 32 18 the
387 3871 92 16 accounts
486 3869 38 19 due
531 3875 25 18 up
569 3873 19 16 to
600 3873 32 18 the
