2540 4029
1933 1719 43 24 We
1988 1728 39 15 are
2045 1720 71 32 happj
2132 1721 82 26 to.find
2233 1721 48 23 that
2296 1721 35 23 the
2352 1722 93 24 interest
2456 1731 26 16 ou

1900 1759 80 24 money
1990 1754 23 22 in
2027 1754 93 31 Sydney
2128 1754 41 23 has
2180 1754 57 24 been
2249 1754 106 24 reduced.
2393 1755 90 26 Instead

1899 1785 25 24 of
1941 1785 38 24 the
1992 1787 75 24 banks
2079 1788 109 30 charging
2200 1792 23 19 at
2242 1787 37 24 the
2298 1793 47 18 rate
2359 1789 24 23 of
2398 1794 36 18 ten
2447 1798 36 22 per

1899 1824 51 18 cent
1969 1827 40 24 per
2026 1828 109 21 annurnn,
2148 1828 61 24 upon
2232 1820 62 24 three
2317 1822 89 24 months
2425 1823 56 29 bills,

1899 1853 53 31 they
1976 1860 50 17 now
2049 1855 54 30 only
2127 1855 84 30 charge
2229 1856 44 21 six.
2322 1855 58 24 This
2405 1857 26 22 is.
2447 1857 35 24 the

1899 1891 47 18 rate
1958 1887 23 23 in
1995 1887 38 23 the
2047 1888 75 23 North
2134 1888 121 24 American
2270 1888 115 30 Colonies,
2395 1889 45 24 and
2451 1898 29 17 w?

1900 1927 68 16 never
1977 1921 70 27 cpuld
2063 1921 148 29 understand,
2230 1924 49 27 why
2288 1922 42 25 .the
2343 1922 106 25 Colonies
2461 1924 20 23 in

1900 1952 45 24 this
1957 1959 52 25 part
2019 1955 26 23 of
2061 1954 37 24 the
2112 1954 76 29 world,
2201 1954 82 24 should
2301 1955 28 23 be
2341 1955 103 32 required
2462 1962 19 19 to

1899 1994 44 23 pay
1962 1995 71 16 more.
2070 1988 50 23 The
2141 1988 115 25 reduction
2277 1988 45 24 will
2340 1989 28 24 be
2385 1990 68 24 found
2470 1999 12 14 a

1899 2023 59 19 most
1971 2021 101 30 salutary
2083 2022 71 27 relief,
2167 2022 44 23 and
2232 2022 39 22 has
2290 2022 37 24 the
2345 2030 63 16 same
2420 2023 60 24 effect

1899 2060 25 14 as
1936 2052 20 23 if
1966 2052 38 24 the
2012 2053 67 24 value
2087 2054 25 22 of
2121 2059 107 23 property
2237 2053 46 22 had
2295 2054 58 22 been
2364 2056 121 20 enete&seil
2492 2072 2 5 ,

1901 2083 41 24 We
1953 2084 50 23 find
2019 2084 51 24 that
2090 2084 37 24 the
2147 2084 79 24 Union
2247 2084 69 23 Bank
2338 2084 88 24 showed
2447 2086 35 23 the

1900 2117 112 32 example,
2033 2117 45 25 and
2096 2125 45 17 was
2163 2117 155 32 immediately
2337 2117 102 25 followed
2456 2119 26 31 by

1900 2150 38 23 the
1950 2150 65 24 other
2026 2150 88 25 Banks.
2150 2150 43 24 We
2202 2151 59 32 hope
2270 2151 48 24 that
2330 2151 38 24 the
2376 2152 106 24 branches

1901 2184 25 23 of
1935 2183 38 24 the
1986 2184 80 24 Union
2085 2184 69 24 Bank
2176 2185 24 23 in
2214 2184 85 25 Cook's
2319 2185 91 29 Straits,
2429 2185 53 24 have

1901 2218 103 23 received
2016 2218 147 24 instructions
2176 2223 23 18 to
2212 2218 73 23 follow
2298 2218 38 24 the
2348 2219 103 31 example
2462 2220 24 23 of

1901 2250 37 24 the
1950 2251 114 25 branches
2080 2253 23 22 in
2118 2252 54 24 New
2191 2252 73 24 South
2277 2251 87 25 Wales.
2400 2252 82 24 Justice

1900 2284 110 25 demands
2022 2284 46 25 this
2080 2285 35 24 for
2124 2285 38 24 the
2174 2286 119 23 securities
2309 2285 55 24 here
2376 2294 37 15 are
2424 2287 58 30 quite

1901 2326 24 14 as
1935 2319 60 30 good
2007 2326 25 16 as
2044 2319 64 23 those
2116 2319 23 23 in
2147 2318 38 24 the
2196 2319 167 31 neighbouring
2371 2319 111 28 Colonies,

1901 2351 44 23 and
1964 2351 39 24 the
2021 2352 66 24 relief
2104 2352 73 24 which
2195 2353 18 23 it
2225 2352 73 24 would
2317 2352 71 25 afford
2407 2354 19 22 is
2438 2353 44 24 also

1901 2385 94 23 needed.

883 703 167 24 POSTAGE.

700 740 34 22 To
748 741 162 25 Subscribers,
927 746 78 16 other
1020 739 144 23 Newspaper
1185 740 73 22 Esta-

674 774 150 19 blishments,
836 773 47 16 and
898 767 160 22 Commanders
1075 775 28 14 of
1119 766 109 23 Vessels.
1231 778 27 5 —

674 793 28 23 In
713 800 38 15 our
760 800 69 21 paper
838 793 26 22 of
876 793 130 28 September
1020 795 36 24 30,
1067 800 33 16 we
1109 793 98 22 inserted
1218 793 38 23 the

673 820 65 22 latest
746 819 138 28 regulations
893 819 69 23 about
971 819 102 28 Postage.
1103 820 43 22 For
1157 820 38 22 the
1206 827 53 15 con-

673 847 106 22 venience
797 847 26 21 of
841 854 41 15 our
897 847 131 22 mercantile
1045 846 91 27 friends,
1152 854 32 14 we
1202 847 56 25 have

673 873 87 28 printed
770 873 62 23 them
848 880 60 21 upon
925 881 12 14 a
953 873 52 21 half
1016 873 62 22 sheet
1093 873 25 22 of
1129 880 74 21 paper,
1214 873 45 23 and

672 900 53 27 they
732 906 40 16 can
783 907 50 15 now
842 900 27 22 be
880 899 157 28 conveniently
1043 899 76 28 posted
1129 900 22 22 in
1160 908 26 14 an
1195 900 63 22 office

672 927 35 22 for
716 927 90 26 general
815 927 122 21 reference.
974 940 3 3 •

702 953 39 22 We
752 957 84 18 cannot
846 953 112 22 ourselves
967 953 79 27 gather
1056 953 56 22 from
1125 953 36 22 the
1171 953 86 28 regula-

673 980 58 22 tions
739 980 38 22 the
786 985 92 22 postage
889 979 132 27 chargeable
1033 987 59 20 upon
1110 976 99 26 colonial
1216 988 41 20 pa-

671 1014 49 24 pers
731 1006 76 27 posted
822 1010 25 18 at
865 1006 143 27 Wellington,
1020 1007 40 21 but
1076 1014 32 14 we
1123 1007 58 21 have
1198 1007 58 22 been

671 1033 113 22 informed
792 1033 49 21 that
850 1032 37 22 the
897 1040 50 15 sum
958 1032 132 28 chargeable
1101 1033 18 22 is
1129 1040 44 16 one
1182 1041 75 21 penny

672 1067 39 20 per
720 1067 74 21 paper.
822 1060 55 22 This
885 1060 24 31 is^
915 1067 13 14 a
937 1060 73 27 heavy
1020 1064 45 22 tax,
1076 1061 45 21 and
1131 1060 81 22 indeed
1223 1068 33 14 we

672 1091 86 23 suspect
768 1087 37 21 the
815 1086 136 27 regulations
962 1086 44 22 will
1021 1087 28 21 be
1066 1087 68 22 found
1144 1087 114 28 generally

671 1116 23 20 to
704 1113 53 22 bear
767 1114 99 26 severely
878 1120 59 20 upon
948 1113 37 22 the
996 1113 112 23 colonists.

699 1141 47 21 One
756 1147 75 21 penny
848 1140 55 22 each
920 1140 43 22 will
978 1145 93 17 amount
1089 1145 22 17 to
1127 1140 62 27 eight
1205 1140 53 22 shil-

671 1167 57 28 lings
736 1167 46 22 and
792 1167 62 27 eight
862 1174 68 20 pence
948 1174 39 19 per
1003 1174 84 15 annum
1098 1174 59 21 upon
1169 1174 40 15 ouv
1218 1175 39 19 pa-

671 1201 46 21 per.
744 1194 56 22 This
809 1201 50 15 sum
874 1200 32 15 we
922 1193 56 23 shall
995 1195 28 21 be
1038 1195 88 26 obliged
1143 1198 23 18 to
1177 1195 86 26 charge-

671 1221 113 28 quarterly
793 1221 24 21 in
833 1220 100 22 advance
948 1221 35 21 for
992 1228 78 21 papers
1088 1221 93 22 ordered
1196 1225 23 17 to
1229 1221 28 22 be

670 1251 50 19 sent
728 1251 38 19 out
774 1248 27 22 of
808 1247 37 23 the
855 1247 87 28 colony,
950 1247 30 27 by
987 1256 92 19 persons
1088 1247 98 23 resident
1195 1247 61 23 here.

673 1275 61 21 More
744 1275 56 21 than
815 1281 42 15 one
873 1281 54 20 year
941 1274 61 22 since
1014 1282 31 14 we
1061 1275 133 22 announced
1209 1275 48 22 that

670 1309 33 14 we
711 1299 77 25 would
796 1306 40 17 not
845 1301 78 28 supply
934 1308 78 21 papers
1030 1307 23 16 to
1067 1302 82 28 parties
1160 1302 97 27 residing

671 1333 38 17 out
727 1329 24 21 of
763 1329 38 21 the
816 1328 86 27 colony,
915 1328 74 22 unless
1007 1329 54 22 such
1076 1329 135 22 subscribers
1221 1336 35 14 ar-
1263 1331 2 2 *

670 1355 83 28 ranged
764 1356 35 22 for
813 1355 38 21 the
866 1359 106 23 payment
987 1356 34 21 for
1035 1355 61 23 them
1113 1355 96 28 through
1227 1363 29 15 an

670 1387 65 22 agent
745 1381 61 23 here.
835 1381 61 28 Only
905 1385 42 18 two
956 1382 87 28 foreign
1054 1383 135 22 subscribers
1199 1383 57 22 have

671 1409 105 23 attended
785 1413 22 18 to
819 1408 44 22 this
873 1409 80 26 notice,
967 1410 45 21 and
1023 1409 37 22 the
1075 1409 73 28 heavy
1158 1417 98 20 expence

669 1437 26 21 of
708 1440 90 23 postage
808 1439 23 18 to
840 1435 73 23 which
922 1443 33 15 we
971 1436 57 22 shall
1037 1437 27 21 be
1075 1437 94 27 subject,
1181 1436 75 22 makes

670 1463 18 22 it
697 1463 125 27 absolutely
833 1469 116 20 necessary
959 1462 35 22 for
1004 1470 27 15 us
1038 1470 49 16 now
1103 1467 23 18 to
1141 1470 64 21 carry
1216 1469 41 17 our

669 1490 73 22 notice
752 1491 46 21 into
809 1489 71 23 effect.
902 1489 27 23 In
941 1490 73 22 future
1024 1490 90 27 English
1120 1489 136 24 subscribers

670 1517 50 21 who
736 1517 57 22 have
809 1520 40 18 not
863 1515 53 28 paid
926 1516 58 22 their
999 1517 159 28 subscriptions
1177 1518 23 21 in
1218 1524 37 15 ac-

671 1544 108 22 cordance
806 1543 51 23 with
881 1549 40 16 our
939 1543 81 26 notice,
1040 1544 46 22 and
1109 1543 50 23 who
1183 1543 72 23 desire

670 1574 22 18 to
722 1571 57 21 have
803 1577 42 15 our
870 1570 85 21 Gazttte
979 1574 59 18 must
1066 1570 66 28 apply
1161 1573 23 19 to
1215 1578 40 15 our

671 1597 94 23 London
789 1598 84 26 Agent,
899 1597 44 22 Mr.
969 1597 94 27 Bowler,
1093 1601 23 18 at
1138 1596 39 24 the
1200 1597 55 23 New

670 1624 100 22 Zealand
786 1624 136 28 Company's
939 1624 78 26 Office,
1031 1624 101 27 London,
1149 1629 22 18 to
1181 1625 73 22 whom

670 1658 32 15 we
719 1651 56 22 have
791 1651 59 22 been
861 1651 135 27 forwarding
1013 1651 33 22 for
1061 1659 61 14 some
1137 1651 54 23 time
1206 1655 50 24 past

669 1677 45 23 and
723 1681 21 19 to
754 1678 72 22 whom
836 1685 32 15 we
879 1677 57 23 shall
951 1678 105 22 continue
1066 1683 23 17 to
1100 1679 95 21 forward
1205 1679 50 27 fifty

669 1705 73 27 copies
762 1705 24 22 of
806 1705 39 22 the
866 1706 93 20 Gazette.
997 1706 48 22 The
1064 1705 53 28 only
1136 1705 119 23 difference

670 1732 44 22 will
724 1732 26 22 be
762 1733 50 26 th;s,
823 1733 49 21 that
881 1733 124 21 heretofore
1017 1740 32 14 we
1064 1732 58 22 have
1134 1737 50 17 sent
1194 1733 61 22 them

669 1759 96 27 through
777 1759 37 22 the
824 1764 56 23 post,
892 1760 44 22 and
951 1767 50 14 now
1013 1767 32 15 we
1062 1763 58 19 must
1130 1760 54 22 send
1193 1760 61 22 them

669 1786 30 27 by
708 1787 85 27 private
803 1787 148 27 opportunity,
960 1794 24 14 as
993 1787 17 21 it
1022 1794 49 19 may
1080 1787 61 26 offer,
1150 1787 27 21 of
1183 1787 72 22 which

669 1813 38 22 the
718 1813 92 26 Postage
821 1813 146 28 Regulations
977 1814 80 27 permit
1066 1821 5 18 ;
1083 1813 53 27 they
1146 1813 45 22 will
1201 1821 53 15 con-

669 1841 117 27 sequently
796 1844 40 18 not
847 1841 26 21 be
883 1841 105 21 obtained
998 1848 25 14 so
1031 1840 135 29 frequently.

698 1868 31 21 As
737 1874 32 15 we
780 1867 57 24 shall
847 1867 57 22 have
914 1871 21 18 to
945 1875 43 21 pay
998 1871 91 25 postage
1099 1875 29 14 on
1139 1868 29 21 all
1177 1875 78 21 papers

669 1902 32 14 we
718 1895 55 21 send
789 1898 23 17 to
828 1902 24 14 or
867 1895 86 22 receive
968 1896 58 20 from
1048 1895 37 21 the
1097 1895 108 26 .colonies,
1223 1903 32 14 we

669 1924 60 19 must
737 1921 89 25 decline
838 1921 37 22 the
884 1926 88 23 greater
988 1925 50 24 part
1052 1922 25 21 of
1090 1929 40 14 our
1139 1922 116 28 exchange

669 1950 121 26 papera/aa
800 1948 38 22 the
849 1952 38 21 tax
897 1949 74 22 would
980 1949 40 22 fall
1031 1955 53 21 very
1090 1949 100 27 severely
1196 1957 59 20 upon

669 1982 41 15 our
723 1975 66 23 small
809 1975 174 25 establishment.
1022 1975 74 23 Those
1115 1975 50 22 who
1184 1983 70 19 cease,
1263 1976 1 16 '■

669 2002 58 22 after
735 2002 45 23 this
789 2006 22 17 to
821 2002 87 23 receive
917 2010 41 15 our
963 2009 76 21 paper,
1048 2002 43 23 will
1101 2002 74 28 please
1184 2003 72 22 there-
1263 2004 2 27 j

668 2029 49 23 fore
726 2032 22 19 to
760 2029 139 22 understand
909 2037 40 15 our
958 2037 79 15 reason
1049 2037 24 16 as
1083 2037 49 15 now
1141 2030 75 26 given..

699 2056 38 21 We
752 2056 58 22 have
826 2057 56 21 been
899 2056 23 23 in
942 2056 38 23 the
998 2056 66 23 habit
1068 2056 33 23 -of
1119 2056 84 27 giving:
1216 2055 48 28 out£

669 2089 67 21 paper
750 2086 24 18 to
792 2082 39 22 the
845 2086 93 20 masters
955 2082 26 22 of
991 2082 32 23 all
1036 2082 63 28 ships
1110 2079 26 25 In
1152 2078 104 27 harbbur.

669 2109 55 26 This
732 2109 42 22 has
782 2109 58 22 been
849 2117 13 14 a
873 2109 90 22 heavier
978 2112 40 19 tax
1034 2109 54 22 than
1104 2116 70 21 many
1183 2109 78 24 would'

670 2143 100 21 suppose,
782 2136 44 22 and
836 2136 39 23 the
885 2141 38 18 tax
932 2136 40 23 has
983 2136 56 23 been
1056 2136 40 23 the
1106 2143 60 16 more
1183 2137 40 22 felt
1233 2145 24 14 as

668 2163 41 22 the
718 2168 92 17 masters
828 2163 26 22 of
864 2163 60 28 ships
941 2163 57 22 have
1015 2164 73 27 rarely
1097 2163 125 23 forwarded
1231 2169 26 18 us

669 2197 79 21 papers
758 2191 23 22 in
790 2195 85 23 return,
887 2198 26 15 or
922 2190 99 23 afforded
1035 2198 26 15 us
1076 2190 143 23 information
1235 2191 26 22 of

670 2225 45 19 any
725 2217 141 27 description.
894 2218 33 23 To
937 2218 54 21 such
1003 2218 156 22 commanders
1169 2225 24 14 as
1202 2218 55 22 send

669 2251 27 16 us
705 2251 86 21 papers,
802 2252 26 14 or
836 2244 82 23 render
934 2252 25 15 us
976 2245 72 22 useful
1064 2244 149 28 information,
1224 2252 33 15 we

670 2271 56 22 shall
737 2272 25 21 be
774 2272 74 27 happy
858 2272 46 22 still
913 2276 21 18 to
944 2272 51 26 give
1007 2272 37 21 the
1056 2272 87 21 Gazette
1150 2280 5 19 ;
1172 2272 39 23 but
1219 2272 38 22 the

669 2298 72 28 heavy
752 2305 95 22 expense
858 2300 26 21 of
890 2303 90 23 postage
986 2302 23 19 to
1017 2299 73 22 which
1100 2307 32 14 we
1141 2300 57 21 shall
1209 2307 48 14 now

670 2326 28 21 be
708 2325 102 27 exposed,
824 2326 76 22 makes
909 2326 18 22 it
936 2333 117 20 necessary
1064 2326 34 22 for
1107 2333 25 15 us
1143 2330 22 19 to
1176 2332 81 17 econo-

671 2352 54 23 mise
735 2352 30 23 all
781 2353 37 22 the
835 2360 76 15 means
925 2353 23 22 in
963 2360 41 15 our
1021 2361 79 20 power.
1130 2353 40 22 We
1185 2354 72 22 there-

670 2380 47 21 fore
732 2387 117 15 announce
866 2380 48 22 that
929 2380 169 23 henceforward
1114 2380 44 23 this
1172 2384 84 19 custom

670 2406 137 22 terminates.

2110 2443 174 23 MARRIED.

671 2465 92 43 New
794 2465 214 43 Zealand
1039 2465 215 43 Gazette

712 2514 67 24 AND
793 2515 215 23 WELLINGTON
1029 2515 189 23 SPECTATOR.

758 2570 159 25 WIDNESDAT,
935 2570 108 22 OCTOMEK
1062 2572 31 25 11,
1110 2573 60 21 1843.

1935 2502 39 24 On
1988 2502 110 32 Monday,
2111 2504 134 31 September
2266 2505 41 27 27,
2322 2504 46 24 Mr.
2384 2504 99 25 Salvator

1903 2535 104 30 Cemino,
2032 2538 202 28 master-mariner,
2258 2537 46 24 late
2324 2538 26 23 of
2376 2538 107 28 Messina,

1901 2568 70 32 Italy,
1984 2574 23 19 to
2020 2569 106 25 Rebecca
2136 2570 99 31 Wright,
2248 2571 45 23 late
2306 2571 26 24 of
2341 2571 141 29 Limehouse,

1903 2602 108 30 London,
2024 2603 42 24 but
2077 2611 50 16 now
2138 2604 54 23 both
2206 2604 24 23 of
2245 2604 150 31 Wellington.

1981 2668 55 24 Mr.
2056 2669 42 23 St.
2119 2669 112 24 HILL'S
2249 2669 149 24 LETTER.

1936 2724 52 25 The
1999 2724 67 25 letter
2078 2725 25 24 of
2119 2725 47 24 Mr.
2181 2725 35 25 St.
2232 2725 50 24 Hill
2295 2726 89 25 arrived
2395 2731 37 20 too
2440 2727 44 25 late

1903 2758 34 24 for
1947 2758 111 25 insertion
2070 2760 22 23 in
2106 2758 133 33 Saturday's
2251 2767 79 24 paper.
2366 2760 44 24 We
2422 2760 64 25 think

1902 2792 18 26 it
1932 2791 42 25 due
1988 2797 23 19 to
2023 2798 58 19 state
2093 2792 45 24 this
2151 2794 171 29 circumstance,
2336 2801 26 16 as
2374 2801 32 17 we
2418 2794 66 24 omit-

1903 2824 37 25 ted
1952 2826 144 32 mentioning
2108 2834 40 16 our
2169 2834 80 16 rea.on
2268 2827 36 24 for
2315 2827 38 24 the
2365 2832 121 27 postpone-

1902 2864 64 19 ment
1981 2860 22 23 in
2024 2867 41 17 our
2086 2861 74 23 notice
2179 2865 23 18 to
2221 2860 196 32 correspondents.
2453 2861 33 24 As

1903 2900 32 16 we
1958 2892 60 25 shall
2042 2895 23 23 in
2087 2893 30 25 all
2136 2893 135 32 probability
2291 2895 57 23 have
2367 2900 23 19 to
2410 2899 76 20 return

1903 2926 89 32 shortly
2011 2933 22 18 to
2055 2927 37 24 the
2113 2928 92 30 general
2225 2928 96 30 subject,
2345 2935 34 17 we
2399 2928 87 24 abstain

1903 2960 58 24 from
1973 2961 97 31 making
2080 2968 45 23 any
2137 2965 125 20 comments
2281 2969 60 24 upon
2360 2961 19 24 it
2395 2966 25 19 at
2437 2969 49 25 pre-

1903 2998 61 18 sent.

231 3505 127 21 CUSTOM-
368 3505 112 21 HOUSE.

704 2616 43 24 We
763 2616 59 23 have
834 2616 104 31 reported
949 2617 23 22 in
994 2617 46 23 this
1053 2617 55 31 days
1120 2625 78 25 paper,
1219 2618 38 25 the

671 2650 138 25 resolutions
821 2649 82 33 passed
911 2654 23 20 at
943 2658 13 15 a
969 2650 83 24 Public
1063 2651 111 32 Meeting,
1186 2651 71 25 which

670 2691 47 16 was
724 2683 53 24 held
785 2688 24 19 at
815 2683 89 24 Nelson
910 2684 154 31 immediately
1071 2684 58 25 after
1137 2686 37 23 the
1181 2690 76 21 return

671 2717 26 25 of
704 2717 44 25 Dr.
761 2716 87 25 Munro
858 2716 44 24 and
911 2716 49 25 Mr.
972 2718 103 29 Domett,
1085 2718 50 24 who
1148 2719 44 24 had
1199 2719 58 24 been

671 2750 97 33 deputed
779 2751 30 30 by
817 2750 58 24 their
888 2750 73 24 fellow
973 2751 97 24 Settlers
1083 2757 22 18 to
1113 2752 54 24 visit
1176 2752 81 25 Auck-

671 2784 59 29 land,
748 2784 36 24 for
805 2784 38 24 the
863 2791 98 24 purpose
974 2785 26 23 of
1015 2785 91 31 placing
1125 2785 77 25 before
1219 2786 38 24 the
1265 2798 2 6 <

673 2817 85 25 Officer
777 2817 184 32 Administering
979 2818 40 23 the
1037 2818 164 30 Government,
1221 2819 37 24 the

672 2851 105 24 evidence
790 2850 73 24 which
874 2850 46 24 had
936 2850 57 24 been
1005 2851 108 25 collected
1131 2853 92 23 relative
1235 2858 22 20 to

672 2885 38 24 the
722 2884 118 25 Massacre
852 2888 24 20 at
887 2883 102 31 Wairau,
1000 2885 46 24 and
1059 2886 25 23 of
1093 2887 164 24 commuuicat-

673 2919 39 31 ing
722 2917 38 25 the
773 2917 97 32 feelings
882 2917 26 25 of
923 2918 39 24 the
974 2918 140 24 inhabitants
1127 2920 25 23 of
1162 2919 95 30 Nelson,

672 2956 23 19 at
716 2951 37 25 the
772 2951 100 24 horrible
890 2950 111 33 butchery
1014 2952 29 31 by
1054 2952 74 25 which
1146 2961 26 16 so
1191 2961 68 25 many

673 2984 102 26 valuable
789 2984 117 25 Colonists
925 2985 45 24 had
987 2986 60 24 been
1059 2986 125 25 sacrificed.
1219 2987 38 25 On

671 3027 15 16 a
695 3020 84 23 former
791 3018 113 30 occasion,
916 3026 32 17 we
969 3018 122 33 published
1110 3027 13 16 a
1135 3020 64 24 letter
1217 3021 41 24 ad-

672 3052 91 24 dressed
775 3052 30 31 by
812 3053 40 23 the
863 3052 131 32 deputation
1007 3053 76 24 whilst
1092 3058 23 19 at
1122 3053 133 30 Auckland,

672 3091 23 20 to
706 3086 38 24 the
755 3086 87 24 Officer
851 3085 185 33 Administering
1045 3087 39 24 the
1092 3086 164 28 Government,

673 3119 44 25 and
736 3119 39 24 the
793 3119 64 33 reply
878 3119 26 24 of
922 3119 38 25 the
979 3119 75 25 latter.
1097 3121 25 24 A
1139 3121 120 25 document

673 3152 89 25 clothed
774 3153 22 23 in
809 3160 26 16 as
847 3152 51 25 cold
916 3152 46 25 and
980 3152 112 26 heartless
1110 3154 112 32 language
1235 3163 24 17 as

674 3184 65 26 could
751 3185 28 25 be
796 3185 103 32 possibly
909 3186 123 24 conceived
1040 3195 7 20 ;
1069 3187 46 24 and
1126 3194 34 18 we
1177 3193 83 20 cannot

673 3219 50 32 help
736 3219 67 32 again
815 3219 103 32 alluding
925 3225 23 18 to
961 3219 38 25 the
1007 3220 85 32 apathy
1102 3220 44 25 and
1157 3220 102 26 indiffer-

673 3260 54 18 ence
743 3252 56 24 with
816 3252 74 24 which
906 3253 66 24 those
990 3254 150 31 proceedings
1157 3262 38 17 are
1212 3256 47 25 still

673 3285 109 33 regarded
802 3285 31 33 by
843 3293 15 16 a
875 3285 165 30 Government,
1051 3287 76 24 which
1145 3288 71 32 ought
1237 3294 22 19 to

674 3320 69 24 throw
767 3320 31 23 its
822 3319 75 24 shield
917 3319 26 25 of
963 3321 128 30 protection
1114 3322 87 24 around
1221 3323 38 24 the

674 3353 92 29 Settler,
788 3353 45 24 and
852 3353 73 24 watch
942 3353 64 25 witK<
1014 3353 108 33 jealousy
1140 3363 45 24 any
1205 3363 54 25 pre-

674 3386 120 26 meditated
813 3386 78 25 attack
913 3394 62 25 upon
994 3386 50 26 his.
1052 3394 85 26 person
1158 3396 26 17 or
1202 3397 56 25 pro-

674 3420 68 32 posed
766 3420 140 35 destruction
935 3425 23 20 to
986 3420 37 25 his
1050 3426 117 27 property.
1217 3423 42 25 All

674 3454 69 32 hopes
762 3455 27 23 of
806 3453 91 25 redress
908 3454 59 24 from
985 3454 39 24 the
1043 3459 93 27 present
1156 3456 103 25 authori-

674 3488 42 23 ties
727 3495 39 16 are
778 3495 50 16 now
845 3486 133 26 abandoned
979 3500 34 6 —
1013 3486 114 27 whatever
1137 3488 59 25 their
1207 3497 52 17 rea-

674 3528 52 17 sons
747 3528 38 17 are
805 3520 55 33 they
878 3528 39 18 are
937 3521 111 32 carefully
1065 3523 134 29 concealed;
1218 3523 42 26 but

673 3554 45 24 this
730 3561 34 18 we
775 3559 63 20 must
848 3562 49 24 say,
908 3554 51 25 that
970 3554 40 25 the
1021 3555 144 32 passiveness
1175 3556 26 24 of
1210 3556 47 26 Mr.

674 3587 130 30 Shortland,
817 3587 45 27 will
879 3588 28 25 be
918 3596 16 16 a
953 3588 57 31 blot,
1022 3596 30 17 an
1073 3589 107 25 indelible
1186 3615 4 3 .
1200 3592 58 23 stain

673 3628 60 24 upon
745 3620 37 25 his
793 3620 100 26 colonial
902 3622 82 31 policy.
1001 3632 5 3 -
1021 3622 44 25 We
1078 3630 37 17 are
1125 3623 98 32 rejoiced
1237 3629 22 20 to

673 3655 102 30 perceive
795 3653 39 25 the
845 3655 74 32 spirit
928 3655 25 24 in
965 3655 75 25 which
1058 3655 40 25 the
1108 3656 90 33 subject
1217 3657 42 26 has

673 3688 56 23 been
739 3687 100 26 handled
848 3692 24 19 at
883 3681 40 32 th£
932 3689 102 31 meeting
1041 3693 23 20 to
1073 3690 76 24 which
1157 3697 33 17 we
1202 3690 64 26 have-

673 3720 101 29 alluded,-
782 3720 46 24 and
838 3721 45 25 .the
899 3721 153 32 independent
1070 3723 98 25 conduct
1179 3724 26 24 of
1221 3723 38 26 the

673 3753 88 24 Sheriff
772 3754 22 25 is
800 3753 127 33 .deserving
937 3755 27 23 of
980 3754 39 25 the
1030 3755 92 32 highest
1133 3757 123 32 eulogiutn.

673 3786 24 25 It
715 3787 20 23 is
752 3791 160 28 preposterous
930 3791 23 20 to
965 3794 99 26 suppose
1082 3789 50 26 that
1143 3798 14 19 a
1174 3790 85 27 Settler

673 3817 94 35 holding
776 3827 31 17 an
815 3820 156 32 appointment
979 3821 59 26 from
1050 3822 39 24 the
1101 3821 97 32 Crown,'
1203 3825 21 23 is
1235 3829 22 20 to

672 3854 108 24 succumb
796 3858 23 19 to
838 3854 59 24 their
916 3859 58 26 acts,
985 3854 105 26 however
1106 3856 70 25 black
1192 3857 74 30 thqse.

673 3892 51 23 acts,
730 3895 54 24 may
794 3887 37 30 be,
845 3887 44 24 and
901 3887 50 26 that
959 3888 88 32 merely
1054 3889 97 27 because
1162 3891 29 25 he
1202 3892 21 23 is
1233 3893 23 23 in

672 3921 55 23 such
738 3928 15 16 a
763 3921 107 31 position,
883 3921 49 25 that
942 3921 40 24 the
994 3921 158 27 Government
1163 3931 93 26 expects

671 3954 47 25 him
730 3960 22 17 to
765 3954 58 31 keep
835 3953 36 25 his
884 3954 78 25 mouth
972 3955 61 28 shut,
1047 3955 51 26 that
1107 3956 37 25 his
1152 3958 105 31 opinions

295 3565 115 22 Imposts.

89 3598 29 23 Ik
126 3602 48 18 «t«
182 3600 18 20 f
344 3604 64 15 from
419 3598 115 22 Glasgow
543 3601 34 20 via
584 3600 62 22 Port

60 3626 107 26 FHiLirir,
176 3624 118 26 Twofold
304 3626 60 25 Bat,
375 3631 51 16 and
442 3626 106 22 Nelson.
548 3638 28 5 —
579 3629 67 21 Waitt

60 3654 44 21 and
120 3654 71 27 Tynr,
197 3664 3 3 ■
208 3654 131 27 AgtmU.^-Z
356 3654 80 21 barrels
452 3654 97 25 oatnieal,
570 3655 11 21 1
598 3662 47 15 cue

59 3681 88 26 leather,
156 3683 21 22 2_
179 3681 57 22 bales
245 3681 66 26 linen,
329 3681 11 21 1
351 3681 88 28 plough,
456 3682 14 21 2
480 3688 58 16 cues
548 3683 66 24 seeds,
633 3684 10 20 1

59 3709 72 26 parcel
140 3709 121 27 stationery,
271 3711 14 19 2
295 3709 61 21 casks
372 3709 115 25 hardware,
494 3707 24 30 '\
525 3716 47 16 case
582 3711 13 19 6
610 3710 35 22 fir-

60 3735 49 22 kins
117 3736 44 25 do.,
167 3736 18 22 -8
194 3736 57 22 bales
261 3736 162 27 manufactures,
436 3737 11 21 1
457 3736 110 29 puncbeo'p
580 3739 10 19 1
598 3738 47 21 bar-

59 3763 68 23 rel.lo
137 3763 50 26 kegs
195 3764 115 25 hardware,
323 3765 27 20 26
360 3765 62 21 cwk«
438 3764 82 22 bottled
528 3764 65 25 ale,6
610 3766 34 20 do.

60 3790 56 25 beer,
128 3791 26 21 16
163 3791 15 24 £
191 3791 77 21 barrels
278 3791 42 24 do.,
335 3793 13 20 2
358 3791 63 22 casks
433 3792 93 27 apparel,
542 3792 26 21 12
584 3793 61 21 casks

60 3817 54 26 beef,
130 3818 26 20 60
170 3818 57 21 bales
241 3819 95 26 cordage,
350 3820 21 23 4.
379 3818 36 22 do.
431 3826 94 19 ctntaii,
539 3820 26 20 21
581 3820 64 21 boxes

60 3845 67 26 pipes,
133 3845 31 24 .10
173 3845 79 22 barrels
260 3847 68 26 pitch,*
338 3847 11 25 \
361 3847 49 20 cask
422 3847 91 27 vinegar,
524 3848 27 19 SO
567 3847 78 22 barrels

60 3873 54 24 beef,
131 3873 10 19 1
151 3872 40 28 keg
201 3873 79 26 butter,
290 3874 13 20 3
314 3880 58 15 cues
386 3874 77 28 cherry
472 3874 97 27 cordials,
579 3876 14 20 3
609 3876 36 21 do.

60 3899 12 21 1
94 3899 48 22 cask
165 3901 44 25 gin,
227 3902 14 20 4
264 3901 64 22 boxes
350 3902 77 27 cigars.
471 3902 151 28 Passengers^-
622 3903 21 22 J.

59 3926 92 26 Wright,
168 3927 63 27 Mary
241 3928 131 26 .Robertson,
392 3929 25 22 R.
435 3930 80 25 Ranej,
532 3930 54 21 Mrs.
603 3931 42 20 and

60 3955 13 19 %
77 3953 107 21 children.

1285 133 40 17 are
1337 131 40 19 not
1393 131 24 19 to
1438 122 28 28 Be
1484 126 128 31 expressed,
1624 127 45 23 and
1685 127 37 24 his
1733 127 97 32 feelings
1847 136 25 15 as

1270 167 47 15 'an
1329 158 155 31 Englishman
1496 164 20 18 to
1528 160 88 22 remain
1628 160 24 23 in
1663 160 123 30 abeyance.
1821 159 51 25 The

1287 190 98 25 Sheriff*
1401 191 79 31 boldly
1507 190 44 25 and
1578 191 118 32 fearlessly
1720 198 80 24 states,
1823 193 49 24 that

1315 224 112 24 Freedom
1439 224 25 24 of
1483 223 152 31 thought.and
1647 225 82 31 speech
1748 226 21 23 is
1787 233 42 17 one
1841 226 29 29 of,

1286 264 84 24 among
1390 257 38 23 the
1446 264 67 24 many
1532 257 122 31 privileges
1666 258 25 24 of
1710 258 160 31 Englishmen,

1287 290 73 23 which
1379 289 33 27 he.
1426 290 58 23 feels
1503 297 28 16 no
1549 289 135 32 disposition
1704 296 23 19 to
1748 297 51 25 part
1817 292 54 23 with

1286 324 72 22 under
1377 330 44 23 any
1675 324 43 23 We
1733 331 68 24 agree
1812 329 60 19 most

1287 355 108 31 cordially
1407 357 24 22 in
1442 355 39 24 the
1493 356 133 23 sentiments
1637 361 107 27 exp'resse
1754 357 5 23 !
1778 357 28 31 by
1821 357 47 24 Mr.

1269 395 2 24 \
1287 388 138 30 M'Donald,
1435 388 46 24 and
1492 388 56 31 hope
1558 389 50 23 that
1619 389 35 23 his
1664 390 105 31 example
1778 390 45 24 will
1835 391 35 23 in-

1287 421 57 24 duce
1362 421 76 24 others
1461 421 77 31 placed
1559 423 22 22 in
1604 423 87 23 similar
1711 423 117 31 positions,
1849 428 21 19 to

1286 454 69 31 adopt
1367 462 13 15 a
1391 454 87 24 similar
1490 461 77 17 course
1579 455 26 23 of
1614 455 105 24 conduct.

1319 487 45 23 We
1374 492 83 19 cannot
1469 492 48 19 now
1529 492 81 26 expect
1628 487 49 25 that
1687 496 45 24 any
1744 492 128 21 movement

1276 520 56 24 -will
1342 521 27 22 be
1381 520 65 24 made
1453 520 55 24 until
1518 520 39 24 the
1564 520 83 25 arrival
1655 521 26 24 of
1691 521 67 32 Capt.
1769 521 100 32 Fitzroy,

1287 553 41 24 but
1339 554 18 22 it
1368 554 20 23 is
1401 558 22 19 to
1434 553 29 23 be
1473 553 78 32 hoped,
1562 553 49 24 that
1623 553 37 25 the
1671 555 118 23 memorial
1799 554 71 24 which

1287 594 46 16 was
1344 586 98 30 adopted
1459 586 44 24 last
1522 586 129 32 Thursday,
1664 592 24 19 at
1706 596 14 15 a
1731 588 101 31 meeting
1849 593 21 18 at

1283 619 42 24 the
1337 619 135 32 Exchange,
1485 619 22 25 of
1522 619 39 24 the
1573 619 147 25 Inhabitants
1731 621 26 24 of
1774 621 37 24 the
1823 621 47 23 dis-

1287 653 52 23 trict
1359 652 26 27 o.f
1400 652 57 25 Port
1478 652 133 30 Nicholson,
1624 653 47 24 will
1691 654 68 24 reach
1771 654 36 23 his
1819 653 51 24 Ex-

1286 685 101 31 cellency
1398 691 25 18 at
1440 686 99 31 Sydney,
1552 685 45 25 and
1615 686 28 24 be
1654 687 39 23 the
1704 694 80 17 means
1795 687 25 24 of
1834 688 36 22 in-

1286 719 84 31 ducing
1381 718 48 25 him
1440 724 24 19 to
1474 720 52 23 visit
1537 719 87 24 Cook's
1634 720 84 23 Straits
1729 720 77 24 before
1818 728 52 23 pro-

1285 752 96 31 ceeding
1391 757 23 19 to
1425 752 131 29 Auckland,
1566 752 46 24 and
1623 752 48 24 that
1680 761 62 16 some
1754 761 114 16 measures

1285 793 52 23 may
1350 786 26 22 be
1393 785 92 24 devised
1503 786 35 23 for
1556 790 41 19 not
1608 786 107 31 delaying
1731 787 89 31 beyond
1831 786 36 23 his

1287 818 162 31 Excellency's
1473 818 80 25 arrival
1576 826 31 16 on
1631 827 42 16 our
1691 819 79 24 shores
1792 819 78 32 bring-

1287 852 40 31 ing
1345 851 39 24 the
1407 857 154 26 perpetrators
1581 852 27 23 of
1626 852 37 24 the
1684 853 95 24 Wairau
1801 853 66 24 Mas-

1285 893 72 20 sacre,
1367 885 77 23 before
1452 893 13 15 a
1475 890 125 26 competent
1609 885 112 25 Tribunal
1727 887 26 23 of
1761 886 109 24 Criminal

1284 917 187 31 Jurisprudence.
1504 918 44 23 We
1560 919 59 31 hope
1630 919 72 24 under
1716 919 39 24 the
1766 920 104 30 pressing

1285 959 134 23 emergency
1431 951 34 23 of-
1473 952 35 23 the
1521 952 177 24 circumstances
1711 952 49 24 that
1772 952 96 32 Captain

1287 983 101 31 Fitzroy,
1402 984 45 23 will
1457 984 154 31 immediately
1623 985 57 23 after
1692 985 38 24 the
1741 986 127 30 apprehen-

1285 1018 51 22 sion
1348 1018 25 22 of
1389 1018 38 23 the
1450 1017 133 29 murderers,
1596 1018 62 23 issue
1670 1026 14 16 a
1696 1018 92 31 Special
1800 1018 69 24 Com-

1286 1051 102 28 mission,
1400 1051 35 23 for
1448 1050 89 32 placing
1558 1050 68 27 them,
1638 1059 63 24 upon
1722 1052 59 23 their
1798 1052 70 28 trials,

1285 1083 49 25 that
1344 1091 30 16 no
1387 1084 55 23 time
1454 1092 49 23 may
1515 1084 80 31 elapse,
1603 1089 25 19 to
1638 1090 96 26 prevent
1746 1085 37 23 the
1795 1085 72 31 guilty

1284 1117 59 24 from
1367 1117 111 31 suffering
1499 1117 37 24 the
1555 1117 150 31 punishment
1722 1119 50 23 that
1794 1120 75 22 awaits

1285 1150 70 24 them.
1392 1150 52 24 The
1455 1150 76 32 period
1543 1151 25 23 of
1576 1151 68 30 delay
1654 1152 101 23 between
1769 1159 49 16 now
1827 1152 43 23 and

1285 1183 38 24 the
1336 1188 55 19 next
1402 1184 87 23 assizes
1499 1185 23 22 in
1534 1184 76 31 April,
1623 1185 73 23 would
1713 1185 30 24 be
1760 1190 36 18 too
1807 1190 63 26 great

1285 1218 45 22 and
1349 1225 44 15 can
1412 1218 53 30 only
1482 1218 26 23 be
1527 1218 92 24 averted
1637 1218 31 31 by
1680 1218 38 24 the
1738 1218 92 31 remedy
1849 1223 21 19 at

1285 1250 73 24 which
1369 1258 35 16 we
1414 1250 59 24 have
1484 1251 99 31 pointed.

1320 1284 46 26 We.
1374 1283 57 24 have
1444 1284 81 31 always
1536 1284 59 24 been
1607 1292 29 16 an
1648 1284 107 24 advocate
1767 1285 34 23 for
1820 1289 49 19 act-

1284 1317 41 31 ing
1346 1317 56 23 with
1420 1317 107 31 despatch
1550 1317 24 24 in
1598 1317 56 24 such
1678 1326 73 21 cases,
1776 1319 44 23 and
1833 1319 35 22 the

1284 1350 95 24 Wairau
1404 1350 116 24 Massacre
1541 1350 126 32 peculiarly
1689 1352 56 23 calls
1768 1352 34 23 for
1833 1352 36 23 the

1285 1384 119 30 enforcing
1424 1392 14 15 a
1459 1383 129 32 precedent,
1607 1385 73 23 which
1698 1385 19 23 is
1736 1390 41 19 not
1793 1385 75 24 unfre-

1284 1417 78 31 quetly
1372 1416 106 25 followed
1488 1418 21 23 in
1522 1416 109 32 England
1631 1418 157 31 —especially
1797 1418 72 24 where

1284 1458 29 15 an
1325 1451 105 31 example
1443 1451 19 22 is
1478 1451 101 31 required
1600 1456 23 18 to
1642 1451 99 31 produce
1758 1459 30 16 an
1806 1451 64 24 effect

1282 1491 62 23 upon
1357 1492 13 15 a
1379 1484 87 23 section
1479 1484 23 23 of
1517 1484 38 23 the
1566 1484 90 31 people.
1704 1484 67 29 This,
1792 1493 25 15 as
1829 1492 39 23 ap-

1283 1524 67 24 pears
1362 1521 24 19 to
1395 1525 36 20 us,
1445 1517 21 23 is
1486 1517 36 23 the
1542 1517 53 30 only
1614 1524 80 17 course
1713 1517 51 24 that
1782 1525 41 16 can
1844 1518 25 23 be

1283 1549 105 32 adopted,
1409 1550 43 23 and
1472 1550 35 24 the
1526 1550 107 23 firmness
1652 1550 26 24 of
1699 1551 58 23 such
1775 1559 95 24 purpose

1283 1583 44 25 and
1337 1584 114 23 intention
1466 1583 44 24 will
1522 1583 66 24 teach
1600 1583 38 24 the
1650 1585 89 23 natives
1751 1585 60 23 their
1822 1589 47 19 true

1282 1617 45 23 and
1338 1624 84 24 proper
1432 1618 105 31 position.
1586 1616 44 24 We
1654 1618 57 31 hope
1738 1626 41 15 our
1797 1618 72 24 fellow

1283 1649 108 24 colonists
1403 1650 44 24 will
1456 1650 47 31 join
1517 1650 104 31 together
1633 1651 24 23 in
1676 1652 130 30 entreating
1825 1651 45 23 and

1282 1684 84 31 urging
1378 1691 60 23 upon
1452 1683 96 32 Captain
1560 1684 103 31 Fitzroy,
1677 1686 68 29 again
1758 1693 60 23 upon
1831 1684 34 24 his

1283 1717 91 27 arrival,
1388 1717 38 23 the
1440 1717 110 30 necessity
1562 1717 26 23 of
1603 1717 69 31 using
1683 1726 68 23 every
1771 1717 98 33 possible

1283 1758 79 15 means
1386 1750 25 23 of
1433 1750 108 30 relieving
1560 1750 39 23 the
1630 1751 90 24 settlers
1749 1752 59 23 from
1835 1751 35 24 the

1283 1784 93 30 anxiety
1389 1783 45 23 and
1446 1791 96 24 supense
1555 1785 22 22 in
1590 1783 75 25 which
1684 1784 54 32 they
1757 1792 36 16 are
1812 1785 55 30 kept

1283 1817 29 31 by
1333 1817 39 23 the
1395 1816 75 31 delay,
1492 1816 44 25 and
1559 1817 39 24 the
1615 1817 48 24 fear
1685 1818 53 31 they
1758 1818 111 30 naturally

1283 1850 43 24 feel
1338 1851 24 23 in
1375 1851 144 27 expectation
1531 1850 26 24 of
1572 1851 69 27 being
1652 1851 39 24 the
1703 1856 56 19 next
1772 1852 96 23 victims.

1269 1877 2 2 '

1269 1877 2 2 -

1516 1912 122 25 STOCK.

1291 1969 5 6 -
1318 1955 51 20 The
1389 1955 52 27 brig
1463 1955 100 20 Victoria
1590 1955 89 20 arrived
1697 1955 60 21 from
1776 1955 92 29 Sydney

1273 1984 56 24 .last
1337 1984 74 25 week.
1448 1985 45 23 She
1504 1984 124 24 embarked
1640 1986 126 30 exceeding
1778 1991 93 26 seventy

1280 2017 61 28 .head
1354 2018 25 24 of
1388 2018 77 23 cattle.
1499 2018 49 23 Slie
1558 2018 66 23 made
1637 2018 38 24 the
1687 2027 97 23 passage
1796 2020 24 22 in
1834 2020 44 22 the'

1275 2050 162 32 aboif-pe-riod
1449 2051 23 24 of
1489 2052 51 23 nine
1560 2051 58 30 day
1620 2051 17 30 3
1635 2052 61 23 from
1713 2057 53 25 port
1778 2054 22 21 to
1812 2058 56 24 port,

1279 2084 52 23 ?and
1344 2083 89 26 .landed
1458 2084 70 23 about'
1547 2084 61 29 sixty
1632 2083 66 29 head,
1720 2084 87 31 having
1828 2085 42 22 lost

1275 2116 68 25 -from
1357 2117 79 23 twelve
1447 2121 23 19 to
1482 2117 100 23 fourteen
1605 2116 56 24 head
1682 2124 61 24 upon
1764 2117 36 23 the
1820 2125 50 24 pas-

1283 2158 64 24 sage.
1395 2150 78 25 These
1498 2149 66 24 stock
1589 2157 58 16 were
1670 2150 50 23 sold
1743 2150 30 31 by
1796 2150 75 32 public

1286 2185 91 23 auction
1401 2192 30 16 on
1455 2183 112 32 Saturday
1591 2183 52 24 last.
1692 2183 51 25 The
1766 2185 61 30 price
1851 2189 21 19 at

1285 2217 72 24 which
1378 2216 54 32 they
1459 2225 56 16 were
1538 2216 109 25 knocked
1666 2216 73 30 down,
1762 2217 108 33 averaged

1285 2251 70 24 about
1365 2251 52 23 four
1428 2251 89 32 pounds
1527 2258 40 23 per
1586 2250 59 24 head
1655 2259 6 15 :
1680 2258 14 16 a
1706 2252 93 22 ruinous
1811 2251 61 32 price

1282 2279 26 31 jo
1321 2284 38 24 the
1370 2284 117 32 importer,
1498 2291 56 16 even
1567 2284 45 23 had
1634 2284 53 31 they
1700 2284 57 24 been
1778 2284 66 25 made
1859 2293 13 14 a

1284 2322 93 27 present
1390 2323 22 19 to
1424 2318 48 23 him
1491 2317 23 23 in
1536 2317 101 32 Sydney.
1675 2317 59 24 This
1753 2318 40 24 low
1813 2318 59 32 price

1286 2358 45 17 was
1353 2351 134 24 occasioned
1503 2351 29 30 by
1553 2356 45 18 two
1618 2351 254 24 circumstances—the

1286 2389 60 19 want
1357 2384 25 24 of
1396 2391 91 25 money,
1497 2383 74 25 which
1583 2385 20 23 is
1616 2385 78 30 nearly
1705 2393 26 15 as
1743 2390 64 27 great
1819 2385 51 23 here

1285 2425 27 16 as
1334 2418 35 23 in-
1382 2418 101 31 Sydney,
1505 2418 45 23 and
1574 2418 39 23 the
1635 2422 62 19 want
1724 2420 27 22 of
1776 2420 94 30 grazing

1283 2452 100 30 ground.
1421 2451 50 24 The
1490 2451 84 24 former
1586 2451 20 23 is
1624 2458 14 17 a
1656 2457 61 19 want
1729 2452 57 24 from
1800 2452 70 23 which

1283 2492 37 17 -we
1338 2483 68 25 know
1427 2490 39 18 not
1487 2484 63 24 when
1571 2492 33 16 we
1631 2485 60 24 shall
1714 2486 28 23 be
1765 2485 105 24 relieved.

1283 2517 55 25 The
1349 2519 67 23 latter
1430 2519 19 22 is
1461 2526 14 16 a
1486 2523 58 19 want
1562 2518 61 24 from
1643 2518 74 24 which
1730 2526 32 17 we
1775 2518 60 24 shall
1847 2519 26 23 be

1286 2551 98 24 relieved
1397 2551 66 24 when
1473 2551 37 24 the
1522 2551 68 24 Land
1611 2551 114 26 Question
1745 2553 20 23 is
1783 2552 88 24 settled.

1287 2585 77 24 There
1383 2585 21 23 is
1421 2592 28 16 an
1471 2585 131 24 abundance
1623 2585 26 24 of
1663 2586 98 31 grazing
1778 2585 53 25 land
1850 2587 21 23 in

1281 2618 93 25 -Cook's
1386 2619 92 29 Straits,
1489 2626 29 16 on
1531 2618 54 24 both
1598 2618 61 24 sides
1671 2619 24 23 of
1706 2619 58 24 Port
1777 2619 93 24 Nichol-

1279 2660 57 25 son.
1373 2652 48 24 But
1433 2657 23 18 at
1468 2657 89 27 present
1569 2651 39 25 the
1621 2652 90 24 settlers
1728 2660 38 17 are
1778 2653 95 24 blocka-

1286 2686 43 24 ded
1339 2686 32 31 by
1382 2686 39 23 the
1433 2685 101 29 Natives,
1547 2685 45 24 and
1604 2690 41 19 not
1656 2686 54 31 only
1722 2686 58 25 have
1791 2694 34 16 we
1837 2691 38 20 not

1278 2719 65 24 -land
1354 2719 37 24 for
1403 2719 38 24 the
1453 2719 67 24 stock
1532 2718 92 33 already
1635 2719 142 30 introduced,
1788 2721 43 23 but
1842 2728 31 16 we

1285 2760 39 17 are
1336 2760 63 17 more
1411 2749 148 28 overstocked
1571 2753 24 24 in
1606 2754 133 31 proportion
1757 2754 54 24 than
1823 2761 50 24 pro-

1285 2787 98 31 prietors
1395 2794 38 16 are
1444 2787 24 23 in
1480 2786 58 24 New.
1548 2786 75 24 South
1642 2787 89 24 Wales.
1769 2787 22 24 It
1803 2788 20 25 is
1835 2792 39 19 not

1286 2820 86 30 merely
1385 2820 50 24 that
1444 2827 41 17 our
1495 2819 69 25 cattle
1576 2827 40 17 are
1626 2819 57 33 kept
1694 2820 59 30 lean,
1764 2820 40 25 but
1811 2820 63 25 lack-

1285 2853 42 32 ing
1347 2853 54 24 food
1423 2853 54 31 they
1494 2857 38 20 eat
1551 2853 27 24 of
1591 2862 16 15 a
1626 2855 124 31 poisonous
1769 2859 55 24 tree,
1846 2854 28 31 by

1287 2886 74 25 which
1372 2887 109 24 numbers
1491 2894 39 17 are
1542 2886 129 33 destroyed,
1684 2888 42 24 and
1738 2888 73 24 which
1823 2888 50 24 with

1287 2919 40 26 the
1340 2921 102 23 districts
1454 2928 57 24 open
1522 2924 24 20 to
1556 2928 30 16 us
1597 2920 55 32 they
1663 2921 74 26 would
1750 2922 73 32 rarely
1835 2930 39 23 ap-

1286 2954 93 32 proach.
1416 2954 47 23 Let
1473 2954 37 24 the
1526 2953 68 25 Land
1614 2954 116 26 Question
1742 2956 27 22 be
1785 2955 88 29 settled,

1286 2987 46 25 and
1343 2987 66 24 stock
1421 2987 99 31 farming
1531 2988 76 24 would
1624 2988 94 25 become
1738 2997 14 15 a
1771 2989 47 24 safe
1831 2989 43 23 and

1282 3020 123 33 •profitable
1418 3022 140 30 occupation.
1596 3021 44 25 We
1652 3029 40 17 are
1708 3022 133 26 astonished
1852 3027 23 19 at

1287 3054 38 25 the
1333 3054 145 31 thoughtless
1485 3062 47 23 way
1542 3054 24 25 in
1574 3055 74 24 which
1658 3055 66 24 stock
1732 3063 38 16 are
1781 3055 94 32 shipped

1287 3092 24 20 to
1329 3088 57 24 New
1407 3088 108 24 Zealand.
1551 3088 54 25 The
1623 3089 85 30 parties
1727 3096 63 16 come
1811 3089 63 23 down

1287 3121 54 24 with
1353 3129 95 24 cargoes
1467 3121 86 31 hoping
1571 3121 55 31 they
1637 3121 47 24 will
1701 3130 56 24 pay,
1767 3122 42 24 but
1828 3123 47 23 evi-

1282 3154 85 33 dently,
1377 3154 86 31 having
1473 3154 57 24 been
1541 3159 61 19 most
1612 3154 131 25 indifferent
1754 3155 71 25 about
1836 3156 46 28 ob-,

1284 3189 92 30 gaining
1400 3188 146 24 information
1563 3195 63 24 upon
1645 3188 75 24 which
1738 3189 54 31 they
1811 3189 64 24 could

1286 3221 135 31 reasonably
1433 3226 81 27 expect
1524 3229 15 15 a
1549 3221 147 32 satisfactory
1706 3222 80 25 result.
1824 3222 50 25 The

1360 3255 45 24 last
1416 3262 93 24 cargoes
1527 3254 26 25 of
1568 3254 69 25 cattle
1657 3255 98 33 shipped
1775 3260 23 21 to
1819 3256 56 25 New

1287 3288 103 25 Zealand
1402 3293 62 19 must
1475 3288 56 24 have
1542 3288 60 25 been
1621 3289 108 24 attended
1746 3290 55 24 with
1812 3299 15 15 a
1838 3290 38 24 sad

1287 3322 46 25 loss
1346 3327 23 19 to
1380 3322 39 24 the
1430 3323 147 31 proprietors.
1614 3322 35 25 Of
1664 3323 37 24 the
1715 3331 67 24 cargo
1793 3324 33 31 by
1837 3323 36 25 the

1291 3354 104 26 Victoria
1405 3360 24 19 to
1437 3355 45 24 this
1490 3356 73 31 place,
1572 3363 36 17 we
1614 3356 58 24 have
1680 3356 92 32 already
1779 3357 95 32 spoken.

1288 3389 51 25 The
1353 3387 120 25 Gannett's
1489 3396 76 28 cargo;
1577 3389 61 25 from
1656 3390 106 24 Twofold
1781 3391 52 31 Bay
1852 3395 23 20 to

1288 3423 96 28 Nelson,
1397 3422 45 24 had
1454 3422 106 24 not-been
1577 3422 60 30 sold,
1649 3423 43 24 but
1708 3423 108 25 we-thear
1837 3424 38 24 she

1286 3453 46 28 lost
1343 3460 95 26 seventy
1450 3460 37 20 out
1499 3455 26 25 of
1540 3464 43 16 one
1604 3455 105 25 hundred
1725 3456 47 25 and
1781 3461 93 28 twenty.

1289 3490 50 24 The
1350 3488 120 32 Alligator
1479 3489 57 24 from
1548 3489 41 25 the
1601 3497 63 17 same
1675 3489 66 32 place
1753 3495 23 19 to
1790 3490 84 25 Auck-

1287 3523 54 24 land
1351 3523 45 23 lost
1408 3530 44 16 one
1463 3522 54 30 half,
1529 3522 46 24 and
1587 3523 39 24 the
1647 3523 68 24 cattle
1732 3523 83 25 landed
1827 3524 48 25 sold

1287 3556 35 25 for
1335 3555 72 26 under
1417 3563 68 17 seven
1494 3556 90 31 pounds
1593 3563 42 25 per
1643 3556 67 30 head,
1720 3556 76 25 which
1802 3557 74 25 would

1287 3595 40 22 not
1346 3597 68 17 cover
1436 3589 100 32 freight;
1553 3589 99 32 fittings,
1664 3589 54 33 hay,
1731 3590 45 25 and
1787 3595 51 20 cost
1852 3593 26 23 of

1287 3624 66 24 stock
1365 3630 60 17 were
1437 3622 163 32 consequently
1611 3631 14 16 a
1641 3624 58 24 total
1710 3624 57 26 loss.
1803 3624 72 25 Settle

1278 3676 2 4 .
1287 3657 38 25 the
1336 3657 69 24 Land
1416 3656 121 29 Question,
1548 3657 47 23 and
1606 3656 32 25 let
1648 3665 98 24 persons
1758 3658 53 24 with
1823 3666 49 16 mo-

1277 3690 87 34 [derate
1374 3689 85 32 capital
1469 3697 62 17 come
1550 3694 25 19 to
1593 3689 40 25 the
1653 3690 90 33 colony,
1765 3699 25 16 or
1809 3691 34 25 let
1861 3700 14 16 a

1277 3723 97 34 limited
1386 3723 78 29 Loan.
1473 3723 75 30 Fund,
1559 3723 111 32 provided
1686 3724 30 32 by
1728 3732 25 17 or
1764 3725 109 33 indepen-

1277 3756 64 26 ■dent
1351 3756 27 24 of
1393 3756 39 25 the
1444 3756 55 25 New
1510 3756 104 24 Zealand
1634 3757 121 33 Company
1768 3758 28 24 be
1813 3763 60 19 esta-

1277 3790 107 29 /Wished,
1396 3789 46 25 and
1454 3794 37 20 not
1502 3789 54 35 only
1565 3789 50 25 will
1636 3791 66 24 stock
1721 3791 101 33 forming
1831 3791 41 25 hut

1278 3818 39 34 :«ft
1325 3824 67 24 other
1397 3824 77 24 useful
1480 3824 147 31 occupations
1633 3824 47 24 will
1685 3824 155 33 immediately
1846 3825 27 24 be

1285 3857 101 33 pursued
1405 3857 56 24 with
1480 3857 126 33 advantage
1630 3858 26 23 in
1684 3857 59 25 New
1763 3858 108 25 Zealand.

1285 3890 44 26 We
1339 3891 59 25 have
1409 3891 54 30 had,
1475 3899 32 17 we
1518 3890 58 25 have
1588 3891 132 25 difficulties
1732 3896 24 20 to
1774 3893 96 23 contend

1284 3925 62 26 With.
1384 3924 68 32 They
1463 3932 57 17 were
1530 3925 46 24 and
1587 3932 39 17 are
1637 3925 26 24 of
1671 3933 16 16 a
1696 3930 82 20 nature
1790 3926 82 31 wholly

1284 3959 86 30 arising
1382 3963 42 19 out
1435 3958 26 24 of
1475 3958 38 24 the
1524 3958 147 24 indifference
1693 3967 25 16 or
1731 3958 140 25 wickedness

566 38 96 47 Wtp
687 38 123 42 Wrtfr
829 38 209 42 Statetto
1064 38 190 48 <Br&}ctu
1277 39 92 39 mb
1371 38 325 47 jMtUin&tmx
1722 37 250 49 &pnt&toi\

1899 128 24 23 of
1930 127 38 24 the
1977 129 124 24 admirable
2108 129 88 24 British
2207 131 97 24 colonial
2312 132 64 24 office
2386 139 91 25 system.

1899 160 56 23 New
1967 161 77 23 South
2054 162 131 35 Wales^haji
2204 164 87 24 serious
2312 162 127 29 difficulties
2456 175 23 19 to

1899 193 95 24 contend
2006 195 62 28 with,
2081 194 45 24 and
2136 202 34 17 we
2181 197 56 23 wish
2258 197 38 24 the
2315 198 164 35 neighbouring

1898 226 81 31 colony
1999 226 52 25 well
2070 226 98 32 through
2194 229 31 23 its
2244 230 100 24 troubles
2355 238 7 20 ;
2388 231 42 25 but
2449 235 29 24 its

1898 259 130 24 difficulties
2040 259 28 25 do
2080 265 39 18 not
2130 261 58 23 arise
2199 261 58 24 from
2264 270 14 15 a
2286 270 105 16 common
2404 272 73 20 cause.

1899 291 56 24 New
1967 292 103 25 Zealand
2081 293 45 24 and
2136 293 57 24 New
2201 294 73 24 South
2286 294 87 31 Wales,
2381 304 32 16 we
2425 299 54 26 wish

1898 332 41 16 our
1951 324 86 25 friends
2059 330 23 19 to
2099 325 147 30 understand,
2255 327 67 24 .have
2340 329 97 32 nothing
2455 332 24 25 in

1898 365 104 16 common
2021 364 80 26 except
2119 359 38 24 the
2177 364 60 19 want
2256 359 27 24 of
2304 367 91 25 money.
2430 363 48 26 The

1898 398 42 16 one
1941 402 33 5 —
1975 391 58 23 New
2045 391 100 25 Zealand
2146 404 33 5 —
2179 391 53 25 does
2242 391 71 25 afford
2321 395 111 23 excellent
2444 404 34 17 se-

1898 424 74 30 curity
1983 424 36 23 for
2030 424 64 24 loans
2105 430 26 18 at
2141 425 56 30 high
2207 426 103 28 interest,
2324 426 38 23 the
2373 428 64 23 other
2447 437 32 17 we

1898 456 57 31 hope
1967 456 63 29 does,
2044 458 40 23 but
2095 458 49 24 that
2164 465 32 16 we
2217 465 37 16 are
2275 463 43 19 not
2334 461 110 30 prepared
2455 468 22 19 to

1898 488 88 25 declare
1999 494 23 19 to
2034 490 28 23 be
2074 491 38 22 the
2124 498 59 15 case.

114 2424 170 26 SHIPPING
303 2425 276 26 INTELLIGENCE.

703 125 29 21 Ik
760 131 47 15 thk
824 132 5 5 j
1029 130 65 14 tslou
1104 124 156 22 '"SrSvTtx'.-^->

675 153 109 25 Ridgwayt
803 152 43 20 and
856 152 43 24 Co.,
909 153 86 24 Agents.
996 162 27 5 —
1024 152 14 19 4
1046 151 64 24 bulls,
1120 153 27 20 39
1156 158 55 15 cows
1219 153 43 19 and

675 179 102 25 bullocks,
796 180 23 19 11
838 178 75 24 calves,
931 179 10 19 1
960 179 70 23 horse,
1047 179 12 19 1
1075 181 64 23 team,
1150 179 27 20 30
1196 179 64 21 casks

675 206 54 25 beef,
740 207 11 19 6
762 209 49 17 tons
821 206 48 26 hay,
887 206 26 20 50
924 211 57 15 cases
995 205 69 26 gin^2
1078 206 60 20 cask's
1149 207 67 24 hams,
1234 207 24 19 11

675 233 73 21 tiercei
763 233 64 24 beef,.
833 234 14 20 3
862 232 87 22 bundles
963 232 55 26 beef,
1037 231 27 21 20
1080 233 79 21 barrels
1173 233 57 25 beer,
1248 234 11 19 1

675 266 47 14 case
730 260 64 25 linen,
807 261 9 19 1
834 266 56 15 case.
890 260 51 20 hard
942 265 62 17 ware,
1023 259 26 20 10
1059 259 102 27 packages
1174 260 59 24 fruit,
1246 261 13 19 3

674 287 57 21 bales
742 287 105 24 blankets,
944 287 66 24 linen,
1021 287 14 20 3
1049 287 61 20 casks
1120 287 96 25 oatmeal,
1232 287 27 21 67

675 315 63 20 boxes
752 320 59 21 soap,
829 315 13 20 5
862 320 58 14 cases
935 313 103 25 mustard,
1052 315 14 18 5
1085 314 36 20 do.
1137 315 77 23 starch,
1232 315 27 19 50

675 343 64 22 hams,
750 343 13 19 5
774 347 59 15 cases
846 341 63 24 cider,
920 341 26 20 41
962 341 50 24 bags
1022 341 62 24 flour,
1099 342 13 19 4
1123 347 58 15 cases
1194 341 64 26 slops,

674 369 14 20 3
701 369 64 24 bales,
781 369 26 20 18
821 368 57 21 bolts
892 374 94 17 canvass,
993 369 19 19 .1
1024 369 65 19 trunk
1104 369 70 24 shoes,
1186 369 10 20 1
1212 374 49 16 case*

675 395 37 25 oil,
725 396 10 20 1
745 395 50 25 bell,
807 395 12 21 6
832 393 65 23 boxes
914 398 42 21 tea,
966 395 27 20 20
1003 395 75 20 firkins
1087 393 79 27 butter,
1177 395 12 21 1
1207 395 52 21 hhd.
1254 391 9 9 v
1261 399 2 6 '

674 423 56 24 beer,
742 423 9 19 1
761 423 49 26 glue
819 426 46 23 pot,
875 423 14 20 3
899 422 50 27 bags
958 428 70 20 sugar,
1040 423 12 19 2
1069 422 89 27 parcels,
1170 423 11 20 1
1191 422 69 22 barrel

673 450 82 23 raisins,
770 451 14 20 4
798 456 59 14 cases
873 451 10 19 1
898 451 91 24 package
1004 450 11 20 1
1031 450 46 20 bale
1092 450 11 20 1
1114 450 65 20 trunk
1193 449 64 27 slogs,

673 478 14 20 3
695 477 79 24 horses,
784 478 24 20 11
819 482 63 19 cows,
891 477 11 19 I
912 476 52 24 bull,
974 478 12 18 5
998 477 75 24 calves,
1082 477 14 20 6
1106 482 57 15 cases
1171 476 88 27 pickles,

673 505 14 19 5
697 505 51 20 coils
757 510 60 21 rope,
835 505 13 19 4
858 503 50 26 bags
918 504 71 24 coffee,
1009 505 10 19 1
1029 504 52 21 hhd.
1096 505 46 25 figs,
1152 505 14 19 3
1183 504 77 21 barrel*

673 531 82 32 raisins,
762 532 20 20 »1
793 531 89 22 carrotel
896 534 103 20 currant*,
1010 531 27 21 10
1052 531 52 26 bagi
1113 531 51 24 rice,
1176 532 11 20 1
1204 537 55 21 pun-

673 558 68 21 cheon
756 558 101 26 whiskey,
868 558 13 20 5
898 558 61 21 hhds.
974 558 28 20 20
1016 558 52 25 bags
1083 564 68 21 sugar,
1164 559 26 20 13
1207 558 52 21 coils

673 585 90 23 Manilla
790 591 59 21 rope.
892 585 125 26 Passengers
1018 596 27 4 —
1045 585 55 21 Mrs.
1128 585 130 27 Thompson,

674 613 86 20 Messrs.
778 612 76 25 Hurst,
874 612 131 27 Bannatyne,
1023 612 88 25 G&wler,
1132 612 70 27 Kelly,
1217 613 42 20 and

675 640 58 20 Lock
734 636 74 24 wood.'
1219 656 4 3 .
1256 656 5 4 .

2143 552 100 24 FLAX.

1932 605 51 25 The
1994 605 67 27 letter
2073 614 30 18 on
2116 609 44 23 this
2179 609 89 31 subject
2280 609 73 24 which
2371 614 108 31 appeared

1899 639 25 23 in
1942 647 41 16 our
2005 648 71 24 paper
2098 641 108 31 recently,
2230 647 82 19 cannot
2336 642 58 24 have
2416 644 65 26 failed

1898 677 22 18 to
1944 680 68 23 prove
2036 674 80 31 highly
2138 676 154 30 encouraging
2319 680 21 19 to
2364 675 40 25 the
2426 677 51 26 Sett

1898 705 53 24 lers.
2000 706 84 25 Before
2101 708 55 31 long
2176 715 33 16 we
2235 708 59 24 shall
2315 708 116 26 doubtless
2454 712 26 24 be

1898 739 24 22 in
1940 740 132 29 possession
2084 741 23 23 of
2126 740 37 24 the
2174 741 134 32 knowledge
2325 742 25 23 of
2367 742 39 24 the
2424 750 56 19 most

1898 772 119 30 profitable
2036 779 58 18 state
2115 774 24 23 of
2157 775 144 31 preparation
2320 776 23 23 in
2368 776 73 24 which
2461 783 19 18 to

1898 804 51 32 ship
1967 805 55 25 flax.
2059 807 58 23 This
2139 807 75 30 much,
2227 808 111 29 however,
2360 809 20 23 is
2399 811 80 24 certain

1898 846 66 20 every
1978 847 79 17 course
2068 846 62 19 must
2146 840 28 24 be
2186 841 68 24 taken
2267 842 55 23 both
2341 842 23 23 in
2377 842 105 33 shipping

1897 871 18 23 it
1927 872 108 31 perfectly
2047 873 47 25 free
2105 874 58 24 from
2176 875 116 29 moisture,
2306 875 44 23 and
2363 876 23 23 in
2399 876 78 32 taking

1898 912 50 15 care
1960 905 51 24 that
2030 906 19 23 it
2066 906 92 25 reaches
2178 906 109 32 England
2305 909 23 22 in
2347 908 50 24 that
2416 913 65 21 state.

1898 938 50 23 The
1958 938 48 24 flax
2018 940 100 30 recently
2126 940 101 31 shipped,
2239 941 40 23 has
2291 941 59 23 been
2358 946 51 19 sent
2418 943 64 23 with-

1898 975 40 19 out
1948 978 45 24 any
2005 973 114 31 covering.
2155 973 26 23 If
2199 974 18 23 it
2228 974 73 23 arrive
2321 974 25 23 in
2358 982 13 15 a
2380 975 102 25 satisfac-

1898 1009 51 25 tory
1960 1010 59 18 state
2039 1006 96 31 nothing
2155 1014 62 16 more
2237 1007 57 24 need
2304 1007 27 23 be
2352 1007 58 25 done
2419 1017 6 20 ;
2445 1009 39 24 but

1899 1037 81 24 should
1992 1039 19 22 it
2023 1044 46 23 not,
2082 1040 17 22 it
2119 1047 52 23 may
2183 1040 28 23 be
2230 1048 120 23 necessary
2363 1046 23 18 to
2404 1049 77 17 secure

1898 1079 62 15 some
1971 1072 151 31 water-proof
2129 1073 115 31 covering.
2280 1073 68 24 None
2361 1074 72 24 better
2443 1083 39 17 can

1899 1104 27 23 be
1939 1106 124 30 suggested
2074 1105 54 24 than
2141 1106 37 23 the
2190 1107 50 23 rick
2249 1107 62 24 cloth
2323 1107 66 24 made
2397 1108 24 23 of
2429 1108 54 25 New

1899 1137 101 24 Zealand
2024 1138 59 24 Flax
2105 1139 71 23 under
2195 1140 48 24 Mr.
2263 1140 114 24 Doulan's
2399 1145 82 27 patent,

1898 1172 109 30 provided
2025 1172 19 23 it
2054 1180 42 15 can
2119 1173 26 23 be
2164 1173 104 31 supplied
2289 1179 24 18 at
2324 1182 13 15 a
2348 1174 135 33 sufficiently

1898 1204 115 24 moderate
2025 1206 69 31 price.
2131 1206 69 24 From
2214 1207 37 24 the
2262 1207 95 24 durable
2369 1213 80 19 nature
2461 1210 24 23 of

1899 1237 48 24 that
1958 1238 70 29 cloth,
2041 1240 18 22 it
2077 1247 94 23 appears
2183 1244 23 19 to
2228 1248 33 20 us,
2275 1240 49 24 that
2334 1241 18 23 it
2373 1240 74 32 might
2458 1242 24 24 be

1898 1270 55 24 used
1964 1272 36 22 for
2012 1273 87 23 several
2110 1280 106 23 voyages,
2228 1274 19 23 if
2265 1274 109 24 returned
2391 1274 53 24 here
2456 1275 28 32 by

1898 1304 67 23 those
1977 1305 49 23 who
2040 1307 154 22 manufacture
2214 1307 37 24 the
2263 1307 47 23 flax
2322 1307 74 24 which
2415 1308 19 23 it
2446 1316 37 16 en-

1898 1337 81 25 closes.
2016 1338 43 24 We
2073 1340 72 22 would
2164 1345 95 26 suggest
2277 1340 38 24 the
2336 1341 115 31 propriety
2463 1342 22 24 of

1899 1371 47 23 Mr.
1959 1371 96 24 Doulan
2066 1372 96 31 sending
2183 1380 14 15 a
2208 1373 65 24 small
2290 1376 105 29 quantity
2406 1374 26 23 of
2447 1375 36 24 the

1898 1404 80 23 article
1990 1405 35 23 for
2037 1406 45 22 this
2094 1413 106 24 purpose,
2212 1406 34 24 for
2258 1406 83 24 should
2348 1414 33 17 we
2391 1408 93 24 succeed

1899 1438 23 22 in
1934 1437 109 32 shipping
2054 1447 14 15 a
2079 1439 143 32 satisfactory
2231 1440 86 28 article,
2326 1440 39 25 the
2377 1448 105 24 prepara-

1898 1471 47 23 tion
1955 1472 25 22 of
1990 1479 15 15 a
2016 1479 81 24 proper
2113 1472 79 31 baling
2204 1473 68 29 cloth,
2286 1474 73 31 might
2376 1482 57 16 soon
2446 1475 37 23 be-

1899 1511 62 16 come
1974 1512 30 16 an
2015 1505 124 31 important
2150 1510 50 27 part
2210 1507 25 22 of
2244 1507 35 23 his
2291 1507 114 24 business.
2443 1508 40 24 We

1899 1536 113 25 therefore
2024 1539 44 23 call
2080 1538 37 24 the
2129 1541 110 22 attention
2251 1540 25 23 of
2286 1541 47 23 this
2345 1541 137 30 gentleman,

1898 1570 45 24 and
1952 1571 67 24 other
2040 1572 56 24 New
2115 1572 101 24 Zealand
2226 1573 85 24 friends
2330 1579 23 18 to
2371 1574 46 23 this
2430 1574 52 24 sub-

1896 1604 56 30 ject.

2096 1663 185 23 INTEREST.

122 131 22 24 >;>
248 138 6 5 •
267 126 97 21 Public
378 125 70 23 Sale.

250 158 149 23 BETHUNE
422 158 69 24 AND
515 158 133 22 HUNTER

66 181 62 27 i.VJL
155 186 47 22 will
208 186 40 23 sell
259 186 28 27 by
297 185 77 22 Public
386 186 106 26 Auction,
504 188 23 19 at
536 185 112 22 Lambton

65 211 73 28 Quay;
153 219 30 14 on
198 212 82 28 Friday
295 215 60 24 next,
369 212 52 22 13th
440 211 103 27 October,
561 215 23 18 at
601 211 51 22 half

64 242 51 23 past
126 239 24 22 12
159 238 96 23 o'clock:

90 266 16 20 S
120 269 48 18 tons
177 265 44 22 fine
230 271 72 21 sugar,

90 292 15 21 2
120 294 48 20 tons
178 291 48 24 first
234 291 86 28 quality
329 291 45 23 rice
384 292 24 22 in
419 291 64 23 small
492 291 62 27 bags,

92 318 28 22 10
131 318 55 26 bags
194 315 76 30 coffee,
283 319 24 21 15
316 318 75 23 chests
400 318 49 23 ani-
455 318 69 22 boxes
534 321 43 22 tea,

90 345 13 20 5
118 344 75 23 firkins
205 345 66 25 prime
281 351 49 16 rose
341 345 81 25 butter,

91 369 121 24 Preserved
219 372 130 26 provisions,
360 370 98 23 mustard
469 369 44 24 and
523 370 100 27 vinegar,
640 382 14 5 -

91 397 10 21 1
118 397 51 22 cask
179 398 98 27 tobacco,
289 398 98 23 Barret's
396 397 65 26 twist,

90 423 52 28 Slop
163 424 44 21 and
230 431 98 18 summer
349 423 108 28 clothing,
481 423 84 22 beaver
588 423 58 27 hats,

62 449 95 28 ladlery,
168 450 44 23 and
221 451 88 22 various
318 450 163 25 merchandize,
492 450 40 22 &c.

91 480 142 29 Wellington,
246 482 95 23 October
349 484 21 24 9,
382 483 60 21 1843.
627 491 21 25 '__

318 523 72 26 £150

62 558 184 50 WANTED,
266 563 22 19 at
306 560 78 22 liberal
400 560 101 27 interest,
520 560 34 22 for
568 560 79 21 twelve

167 587 96 25 months,
288 594 30 15 on
342 586 172 26 unexceptional
539 586 105 28 security.

62 611 99 24 Address
170 616 22 19 to
201 613 30 22 D.
242 614 24 22 C.
279 614 32 27 L.,
323 616 23 19 at
355 613 38 22 the
425 614 94 22 Gazette
552 613 79 22 Office.

91 645 143 28 Wellington,
247 647 95 22 October
351 649 20 25 9,
384 648 61 22 1843.

299 692 109 21 Notice.

60 722 98 49 ANY
172 723 130 23 PARTIES
322 724 49 22 who
392 731 51 21 may
462 724 58 22 have
539 726 107 20 accounts

139 749 87 27 against
242 750 38 22 the
297 750 160 28 undersigned,
473 750 43 23 will
532 750 76 29 please
622 753 24 19 to

60 776 56 22 tend
125 775 60 24 them
195 778 22 21 in
226 777 178 29 without'delay.
608 779 7 4 *

457 804 24 22 P.
497 804 28 22 D.
542 804 75 22 Hoao.

88 828 143 30 Wellington,
243 831 49 22 Oct.
306 832 31 25 10,
351 832 61 21 1843.

175 875 41 22 On
231 875 70 25 Sale,
316 880 36 16 ex

64 913 65 35 Xfi
154 913 101 25 BOXES
278 914 97 22 assorted
391 913 143 24 TOBACCO
549 913 94 29 PIPES,

61 936 68 27 fJ\J
158 942 41 22 100
212 941 78 23 tierces
301 941 121 23 American
434 941 60 27 beef,

158 968 28 22 20
198 967 54 23 coils
263 967 97 23 assorted
370 967 89 29 Europe
469 975 61 19 rope.

375 1001 84 23 Waitt
474 1001 44 23 and
532 1002 83 22 Ttser.

85 1032 146 28 Wellington.
243 1034 49 21 Oct.
304 1035 33 23 10,
350 1035 62 20 1843.

120 1079 53 21 For
187 1079 70 24 Sale,
272 1079 36 26 by
323 1079 109 21 Private
448 1078 140 25 Contract,

60 1112 93 48 ONE
179 1112 107 28 powerful
315 1111 64 23 black
410 1110 132 29 Clydesdale
571 1111 71 27 horse,

137 1139 36 21 An
186 1138 108 22 excellent
304 1138 96 28 draught
410 1138 72 26 horse,

86 1166 48 21 One
144 1165 75 22 brown
230 1165 48 27 cob,
289 1165 83 22 broken
384 1166 35 21 for
427 1164 79 23 saddle
516 1173 25 14 or
550 1166 45 26 gig,

87 1192 49 23 One
146 1192 55 22 road
210 1192 71 21 entire
292 1192 72 26 horse,
375 1192 86 22 broken
470 1192 34 22 for
513 1192 38 22 the
558 1192 85 28 saddle,

86 1219 50 23 One
145 1218 57 27 light
210 1225 54 21 grey
274 1219 72 26 horse,
358 1218 83 22 broken
459 1218 35 23 for
510 1219 38 21 the
558 1219 85 27 saddle,

58 1246 44 22 and
113 1246 76 26 nearly
200 1245 181 28 thorough-bred.

86 1272 74 28 Apply
169 1275 23 19 to
210 1272 87 28 George
314 1273 27 21 R.
353 1272 78 26 Hurst,
448 1275 24 19 at
487 1272 36 22 the
541 1273 62 22 Store
621 1273 26 21 of

58 1298 38 23 the
106 1299 154 28 undersigned.

114 1333 100 28 (Signed)
271 1333 132 27 Ridgways,
421 1333 107 27 Guyton,
539 1334 21 21 &
575 1333 39 22 Co.

85 1359 143 28 Wellington.
239 1359 49 23 Oct.
301 1362 32 24 10,
344 1362 61 20 1843.

288 1406 42 21 On
345 1405 70 25 Sale,

57 1437 71 51 EX
144 1440 126 26 Brougham,
284 1440 105 25 Gltnarm,
401 1439 43 22 and
462 1439 62 22 other
537 1439 91 22 arrivals
636 1447 6 14 :

134 1465 73 28 FJour,
227 1467 84 26 barley,
327 1466 62 25 bran,
409 1465 98 29 cherqui,
528 1466 42 22 salt
588 1466 55 28 pork

55 1493 47 22 and
111 1493 56 26 beef,
179 1493 108 27 herrings,
294 1498 43 22 tea,
348 1493 77 26 coffee,
433 1493 124 26 chocolate,
569 1500 72 21 sugar,

57 1519 66 22 white
134 1519 42 22 and
193 1520 66 22 moist
269 1520 73 27 (West
358 1519 82 23 Indinn
457 1519 45 23 and
519 1520 122 27 Tahitian),

56 1547 53 26 rice,
123 1554 57 19 rum,
198 1546 105 28 whiskey,
318 1547 46 27 gin,
377 1547 94 27 brandy,
483 1552 56 22 port,
558 1547 83 27 sherry,

55 1573 42 27 ale,
109 1577 80 25 porter,
196 1573 62 29 hops,
266 1573 65 27 hock,
339 1574 77 27 claret,
424 1573 101 28 cordial?,
538 1573 104 28 cherries,

55 1601 85 26 raisins,
165 1608 69 15 arrow
257 1604 54 24 root,
338 1608 67 15 ?ocoa
428 1604 60 21 nuts,
511 1601 130 26 vermicelli,

57 1627 120 26 macaroni,
197 1627 102 26 walnuts,
320 1627 78 28 cigars,
415 1627 91 23 candles
520 1628 27 21 of
558 1627 28 22 all
603 1628 40 22 de-

54 1654 123 27 scriptions,
196 1653 86 23 leather
301 1654 39 27 kip
358 1655 47 21 and
423 1655 53 25 sole,
499 1655 64 22 white
582 1655 58 27 lead,

55 1681 63 27 pitch
133 1681 45 22 and
194 1685 40 23 tar,
244 1681 56 28 pilot
318 1681 67 27 cloth,
397 1681 116 28 flushiugs,
524 1682 117 26 moleskin,

52 1708 45 23 •&c.
107 1708 40 23 &c.

83 1735 62 27 Also,
156 1742 59 15 some
226 1735 105 22 first-rata
341 1736 71 21 South
426 1735 122 23 American
556 1735 85 28 horses,

55 1769 80 19 mares,
153 1762 78 27 mules,
243 1762 44 23 and
304 1769 59 15 asses
369 1771 6 19 ;
390 1762 51 28 bits,
452 1762 89 28 bridles,
552 1762 89 28 halters,

56 1792 75 31 •mpty
140 1788 71 28 sacks,
223 1790 39 21 &c.
274 1790 39 21 &c.

83 1815 75 29 Apply
167 1819 23 19 to

299 1844 22 21 J.
337 1844 124 23 Boulcott
479 1844 20 21 &
513 1845 47 24 Co.,

416 1870 111 23 Lambton
541 1871 73 28 Quay.

83 1897 97 23 October
190 1900 20 24 6,
223 1899 58 22 1843.

241 1943 39 22 To
296 1943 158 26 Surveyors,

56 1977 89 51 FOR
158 1977 86 27 SALE,
259 1985 14 15 a
287 1977 113 26 first-rate.
413 1977 179 27 Cireumferator,
608 1977 34 23 six

127 2004 77 23 inches
223 2004 23 23 in
266 2004 116 27 diameter,
402 2004 83 23 almost
499 2005 62 28 quite
575 2011 66 20 new.;

54 2030 48 23 alio
112 2037 29 16 an
151 2031 111 22 excellent
268 2032 51 22 four
328 2032 50 27 pole
386 2031 75 27 chain,
471 2031 49 23 that
525 2031 42 24 has
574 2039 69 17 never

53 2057 60 24 bten
122 2058 23 23 in
154 2065 47 20 use,
212 2058 54 22 with
275 2058 58 28 pins,
344 2060 42 21 &c.

83 2084 75 28 Apply
167 2089 22 18 to
266 2105 24 5 _.
461 2100 4 4 .
565 2096 14 13 -,
605 2095 5 14 :

279 2115 4 4 '
315 2111 113 23 Bethuwh
443 2110 47 23 and
504 2112 110 23 Hunter;

82 2138 98 24 October
189 2141 19 25 6,
221 2140 60 21 1843.

81 2189 121 23 ROYAL
231 2189 176 23 VICTORIA
436 2189 178 26 THEATRE,

182 2230 111 16 MANNERS
307 2230 95 20 STREET,
417 2230 29 16 T£
461 2229 53 17 AKO.

52 2255 97 57 THE
155 2256 155 26 -performance
322 2263 28 14 on
358 2256 112 28 Saturday
476 2256 98 28 evening
578 2260 63 23 next,

118 2282 45 23 will
177 2290 130 15 commence
324 2283 51 22 with
395 2283 52 22 The
463 2283 136 23 Innkeeper
615 2291 27 14 or

55 2312 141 24 Abbeville,
207 2317 29 14 or
246 2317 46 15 the
307 2310 95 23 Ostler
419 2317 47 16 and
481 2317 46 16 the
537 2310 104 26 Robber,

45 2336 57 23 'and
111 2336 43 23 will
171 2336 107 23 conclude
294 2336 52 23 with
357 2337 99 22 Cherry
466 2336 102 23 Bounce.

82 2363 23 22 A
114 2363 85 27 variety
205 2363 28 22 of
237 2363 90 27 singing
336 2363 81 27 during
425 2363 38 22 the
474 2364 101 26 evening.
