2540 4029
770 3384 189 26 SANDWICH
976 3386 160 27 ISLANDS.

114 555 40 25 We
165 555 56 23 have
232 555 102 25 received
347 557 36 24 the
393 557 88 25 Nelson
499 559 129 26 Examiner
637 562 25 24 of

84 590 34 25 the
129 587 57 26 23rd
205 587 87 29 ultimo,
305 590 130 32 containing
452 600 30 15 an
494 598 98 18 account
604 595 27 23 of
646 603 13 16 a

82 621 71 34 public
170 620 100 31 meeting
287 620 54 26 held
354 623 57 24 after
424 624 37 24 the
480 630 79 19 return
571 627 26 22 of
612 627 45 26 Dr.

84 655 83 25 Monro.
177 652 44 24 and
293 653 102 32 Domett,
408 656 37 25 the
459 658 131 30 gentlemen
607 660 51 25 who

83 695 53 18 were
151 685 96 32 deputed
258 691 24 18 to
292 689 96 29 proceed
399 694 22 19 to
440 690 132 31 Auckland,
585 697 23 19 to
620 693 38 33 lay

82 721 69 24 before
163 718 37 24 the
212 718 155 27 Government
385 722 37 24 the
440 724 108 23 evidence
560 725 98 32 relating

82 759 21 19 to
113 752 34 24 the
158 751 93 24 Wairau
272 752 124 31 Massacre,
409 756 43 23 and
472 757 38 23 the
521 759 135 24 sentiments

82 783 130 28 entertained
223 784 94 25 thereon
337 787 30 31 by
378 788 37 23 the
428 789 138 24 inhabitants
579 792 25 23 of
617 793 39 24 the

82 818 120 26 settlement
224 818 25 23 of
270 818 95 26 Nelson.
411 821 50 24 The
485 824 101 31 meeting
610 834 46 16 was

81 858 114 18 numerous
207 850 43 24 and
261 850 80 33 highly
350 855 145 29 respectable,
506 856 44 23 and
559 865 96 24 appear-

80 885 26 24 ed
117 890 21 19 to
148 884 27 23 be
195 884 135 24 unanimous
341 886 24 23 in
385 889 134 31 expressing
531 889 89 32 disgust
633 898 23 18 at

81 919 36 23 the
141 916 107 32 shuffling
282 918 96 25 conduct
405 921 27 23 of
461 922 40 23 the
529 923 125 26 Auckland

78 947 124 33 Incapable.
209 944 6 12 l
218 954 6 19 :

109 983 14 12 11
132 982 46 24 Mr.
200 982 157 33 M'Donald,
376 986 84 31 sheriff,
481 988 86 33 having
584 991 69 24 taken

78 1016 33 23 the
129 1014 70 30 chair,
221 1017 79 31 briefly
318 1020 74 23 stated
413 1021 37 24 the
470 1022 75 31 object
563 1024 26 23 of
614 1025 39 23 the

77 1048 99 30 meeting.
213 1048 28 24 In
254 1050 103 33 alluding
372 1058 22 18 to
407 1053 37 24 the
458 1057 195 29 correspondence

76 1083 93 22 between
181 1080 38 25 the
230 1083 132 31 deputation
382 1087 44 23 and
444 1088 38 24 the
504 1089 86 25 Officer
611 1091 40 23 ad-

76 1114 137 31 ministering
223 1115 38 23 the
275 1116 162 33 Government,
448 1121 27 23 he
485 1123 122 29 expressed
616 1124 36 23 his

73 1151 70 27 regret
160 1147 49 24 that
227 1148 38 23 the
285 1152 87 23 several
391 1152 124 32 important
534 1157 118 28 questions

73 1185 37 28 put
121 1180 28 31 by
160 1180 38 24 the
209 1180 84 24 former
306 1182 44 25 had
359 1189 38 19 not
409 1185 57 24 been
478 1189 123 24 answered.
628 1190 24 23 It

73 1213 105 31 appeared
200 1218 22 19 to
245 1214 47 23 him
315 1216 49 23 that
389 1217 39 24 the
450 1220 53 30 only
526 1222 64 30 ieply
613 1223 39 23 the

73 1247 150 24 Government
234 1248 74 23 would
320 1250 138 24 condescend
472 1258 22 18 to
509 1254 53 30 give
573 1262 45 16 was
638 1264 13 15 a

71 1279 164 32 proclamation,
248 1281 74 24 which
333 1282 53 32 they
397 1283 43 25 had
452 1285 31 23 all
496 1293 62 23 seen,
571 1288 54 24 with
637 1297 14 15 a

72 1314 51 30 long
134 1313 39 24 tail
190 1313 83 24 affixed
289 1319 23 19 to
324 1316 19 22 it
361 1316 29 31 by
402 1317 47 24 Mr.
463 1318 93 31 Clarke,
571 1321 81 32 telling

71 1346 46 24 how
129 1345 56 24 dark
195 1346 35 24 the
240 1347 98 25 heavens
345 1349 43 24 had
395 1351 101 29 become,
503 1359 40 18 not
552 1354 98 24 because

71 1384 135 26 twenty-two
228 1380 26 23 of
274 1389 41 15 our
345 1389 144 26 countrymen
520 1386 44 24 had
592 1388 58 23 been

71 1412 122 29 murdered,
205 1413 40 23 but
256 1413 97 26 because
364 1424 66 16 seven
451 1418 26 23 of
489 1420 40 23 the
548 1420 102 23 Maories

71 1445 41 24 had
121 1445 76 24 fallen.
232 1446 52 25 The
295 1448 115 25 chairman
423 1452 123 24 concluded
559 1453 29 31 by
597 1462 52 23 say-

73 1480 37 29 ing
120 1478 55 30 that,
188 1480 200 33 notwithstanding
399 1483 36 24 his
446 1486 164 30 appointment,
621 1488 28 23 he

71 1512 68 23 would
144 1516 23 19 at
171 1512 31 23 all
208 1513 65 24 times
279 1522 93 23 express
378 1516 34 23 his
419 1519 103 29 opinions
531 1519 118 33 fearlessly

71 1545 40 24 and
131 1545 87 31 openly,
232 1546 100 25 whether
344 1549 51 31 they
408 1551 93 31 implied
513 1560 94 17 censure
621 1563 28 15 on

70 1578 35 24 the
125 1578 153 25 Government
290 1589 26 15 or
333 1582 124 26 otherwise.
496 1585 111 25 Freedom
627 1588 22 23 of

70 1611 91 31 thought
169 1612 43 23 aud
223 1614 81 30 speech
313 1622 46 16 was
369 1624 41 15 one
418 1623 105 25 amongst
534 1619 38 23 the
581 1628 68 24 many

70 1645 115 31 privileges
205 1646 24 23 of
244 1646 159 32 Englishmen,
423 1650 73 24 which
514 1652 28 23 he
560 1653 41 23 felt
619 1662 30 15 no

68 1678 128 31 disposition
217 1685 21 17 to
258 1685 50 26 part
326 1683 52 22 with
395 1683 73 24 under
487 1693 44 23 any
550 1686 98 24 circum-

67 1716 92 18 stances.

122 1744 43 24 Dr.
186 1745 98 25 Monro
296 1746 55 34 (one
364 1749 23 24 of
397 1750 38 23 the
446 1750 145 34 deputation)
604 1753 43 24 had

68 1778 38 23 but
115 1778 57 24 little
185 1784 22 18 to
219 1788 40 22 say
272 1780 87 32 beyond
371 1783 60 23 what
442 1784 43 23 had
503 1785 90 32 already
606 1795 41 23 ap-

68 1812 77 30 peared
164 1813 23 23 in
200 1812 37 24 the
248 1814 120 30 published
380 1819 201 29 correspondence,
619 1820 28 23 fn

66 1844 68 28 short,
146 1845 18 22 it
176 1845 44 24 had
232 1846 56 24 been
301 1848 70 24 found
390 1850 87 24 useless
499 1857 21 17 to
542 1852 43 24 ask
603 1861 44 23 any

66 1878 112 31 questions
188 1879 26 23 of
220 1879 38 23 the
266 1880 163 32 Government,
435 1892 24 15 as
468 1884 53 32 they
531 1887 116 23 answered

66 1910 28 23 all
104 1910 46 25 that
161 1919 57 16 were
230 1918 42 26 put
281 1918 22 19 to
312 1914 60 26 them
379 1916 30 31 by
419 1918 82 30 saying
510 1917 38 25 the
557 1918 90 33 subject

66 1950 57 17 must
131 1950 38 18 not
176 1944 29 24 be
214 1946 132 33 prejudged.
382 1949 50 24 The
440 1951 54 30 only
502 1951 144 32 satisfactory

64 1976 61 32 reply
143 1978 104 24 obtained
270 1980 22 23 in
316 1989 13 14 a
352 1982 152 24 three-hours'
525 1985 121 23 interview

64 2010 51 23 with
128 2011 36 22 the
188 2011 85 22 Officer
289 2013 172 31 administering
477 2015 39 23 the
538 2017 106 23 Govern-

66 2046 171 22 tneutjtfwaiu-
250 2043 122 25 admission
381 2060 4 5 <
391 2054 30 15 on
432 2046 36 23 his
480 2053 51 25 part
541 2049 51 24 that

66 2073 97 23 Maories
174 2081 56 16 were
242 2074 89 26 British
342 2078 134 31 subjects
477 2088 29 16 an
519 2081 124 25 admission

64 2106 36 23 the
113 2114 58 16 more
183 2107 129 32 important,
325 2119 25 15 as
362 2112 17 23 it
390 2112 19 23 is
422 2113 135 24 understood
571 2115 48 24 that
631 2124 13 15 a

64 2139 115 24 difference
202 2141 24 23 of
247 2144 91 29 opinion
359 2153 28 15 on
405 2146 49 23 that
470 2147 90 32 subject
571 2149 72 23 exists

64 2180 99 24 amongst
174 2174 38 24 the
225 2176 90 24 various
327 2179 111 23 members
451 2180 24 22 of
487 2180 35 23 the
537 2181 106 24 Govern-

64 2211 66 18 ment.
167 2207 38 23 He
215 2206 57 33 (Dt.
285 2210 94 32 Monro)
392 2212 96 31 thought
501 2215 17 22 it
529 2215 73 23 would
614 2216 30 23 be

63 2247 153 24 unnecessary,
229 2250 29 14 on
271 2242 37 24 the
320 2250 91 25 present
428 2248 112 28 occasion,
554 2253 23 19 to
588 2249 54 24 read

63 2273 35 22 the
105 2275 188 30 correspondence
303 2278 89 24 alluded
399 2283 31 24 to,
438 2288 25 14 as
471 2280 18 23 it
499 2280 44 24 had
550 2281 92 32 already

63 2307 106 30 appeared
176 2307 23 23 in
209 2307 37 25 the
252 2308 89 25 Nelson
348 2311 125 25 Examiner
479 2314 26 23 of
510 2314 45 25 last
563 2316 63 23 week
633 2325 6 20 ;

62 2339 37 24 but
112 2339 60 25 there
184 2348 45 17 was
247 2343 95 25 another
362 2345 127 30 document,
505 2348 73 24 which
596 2349 46 24 had

63 2377 36 19 not
110 2378 36 26 yet
158 2374 57 24 been
235 2375 128 32 published,
382 2379 149 33 explanatory
543 2382 25 23 of
578 2390 62 17 some

62 2405 105 25 allusions
191 2408 23 23 in
237 2408 38 25 the
297 2412 115 24 memorial
432 2414 73 24 which
529 2417 111 30 appeared

63 2440 90 24 obscure
165 2445 22 19 to
201 2441 35 24 the
249 2442 87 25 Officer
355 2445 173 34 administering
540 2449 38 24 the
590 2450 50 23 Go-

61 2479 120 24 vernment,
196 2475 72 24 which
280 2476 119 26 document
418 2480 27 23 he
458 2483 120 29 requested
590 2483 48 24 Mr.

61 2505 91 25 Domett
162 2508 75 31 might
247 2509 28 23 be
286 2510 93 25 allowed
391 2517 22 19 to
425 2513 61 24 read.

113 2540 46 24 Mr.
171 2541 118 31 Domett,
296 2543 75 26 before
380 2548 163 33 commencing,
552 2549 88 32 begged

60 2577 19 19 to
90 2574 87 24 remind
189 2574 37 24 the
238 2577 101 31 meeting
359 2579 46 24 that
416 2581 89 24 several
515 2582 125 32 important

59 2607 169 25 circumstances
239 2609 45 25 had
297 2613 125 30 transpired
434 2612 159 35 (particularly
600 2617 40 24 the

59 2640 101 24 evidence
178 2641 26 24 of
222 2642 112 34 Morgan)
346 2646 61 24 since
419 2647 37 24 the
475 2648 121 32 departure
616 2651 26 23 of

59 2672 32 24 his
111 2673 114 34 colleague
243 2677 44 24 and
306 2678 98 31 himself,
423 2681 55 23 with
499 2682 73 25 which
585 2684 55 31 they

59 2713 53 17 were
122 2710 174 30 unacquainted.
331 2712 55 24 And
397 2714 54 23 with
462 2721 91 26 respect
565 2721 22 20 to
600 2717 39 24 the

59 2741 97 29 question
175 2742 27 23 of
218 2742 38 25 the
267 2743 55 25 land
341 2745 85 31 claims,
437 2749 19 22 it
476 2749 74 24 would
562 2750 27 24 be
600 2758 38 17 re-

58 2773 102 25 collected
178 2775 49 25 that
244 2776 54 33 they
310 2779 66 24 could
393 2781 53 31 only
458 2789 72 24 argue
548 2791 29 16 on
599 2784 39 24 the

58 2805 52 26 facts
122 2815 24 16 or
156 2810 124 25 assertions
289 2811 28 24 of
325 2812 37 24 the
370 2813 86 25 Officer
463 2815 176 33 administering

59 2838 33 26 the
111 2841 164 32 Government,
287 2850 41 19 not
348 2846 68 32 being
428 2847 53 25 then
503 2851 135 30 acquainted

58 2873 48 24 with
117 2875 38 24 the
167 2882 93 19 counter
272 2880 122 24 assertions
407 2882 26 22 of
441 2881 38 24 the
498 2883 139 32 Company's

58 2905 88 32 Agent,.
149 2916 26 17 or
185 2909 36 24 his
233 2911 122 26 refutation
367 2914 24 23 of
408 2914 37 24 the
458 2915 178 27 Government's

57 2939 96 33 charges.
190 2943 75 25 These
277 2945 58 24 facts
348 2948 71 24 would
430 2954 95 20 account
534 2951 34 23 for
578 2951 59 24 their

57 2977 114 23 statement
182 2977 25 23 of
216 2977 59 25 their
285 2979 75 24 fellow
367 2981 115 25 colonist's
490 2984 69 24 views
566 2984 70 33 being

56 3005 40 25 less
116 3009 102 32 strongly
238 3012 44 24 and
303 3014 156 33 convincingly
480 3021 41 27 put
543 3017 55 25 than
616 3020 19 23 it

56 3040 112 26 otherwise
186 3044 73 25 would
278 3045 58 26 have
353 3047 64 26 been.
432 3070 3 4 .
456 3049 40 25 He
513 3050 54 25 then
579 3052 54 24 read

56 3072 33 24 the
106 3074 119 27 document
243 3079 100 24 referred
360 3085 30 24 to,
402 3082 44 24 and
458 3084 127 25 concluded
604 3085 29 31 by

56 3108 162 33 corroborating
228 3110 40 24 the
280 3116 120 21 statement
411 3115 26 23 of
444 3115 46 24 Dr.
501 3116 92 31 Mouro,
607 3127 26 15 as

54 3142 19 20 to
85 3141 36 24 the
131 3144 64 24 utter
205 3142 158 32 hopelessness
374 3147 25 23 of
407 3149 91 30 getting
508 3157 44 24 any
564 3153 69 22 satis-

54 3171 82 32 factory
145 3174 146 26 informatibn
303 3177 59 25 from
372 3178 39 25 the
424 3180 165 27 Government.

108 3206 97 32 Captain
218 3208 72 26 Toms
301 3213 112 30 proposed
425 3213 36 24 the
474 3214 52 25 first
543 3217 90 24 resolu-

52 3238 52 30 tion,
121 3240 74 24 which
212 3249 46 17 was
277 3245 109 24 seconded
404 3246 31 32 by
451 3247 50 25 Mr.
521 3249 111 31 Poynter,

53 3272 39 24 and
104 3274 87 24 carried
202 3277 167 32 unanimously.

77 3312 18 21 1.
132 3312 119 29 Resolved,
262 3315 50 23 that
324 3324 32 15 we
365 3317 57 24 have
439 3318 71 24 heard
527 3320 54 23 with
593 3322 40 22 the

52 3343 96 19 warmest
156 3342 105 27 approval
272 3343 45 22 and
326 3344 135 25 satisfaction
480 3346 39 23 the
536 3353 97 18 account

54 3367 23 18 of
93 3367 38 21 the
148 3369 127 26 operations
296 3370 27 23 of
341 3370 37 24 the
393 3372 45 23 late
458 3373 131 29 deputation
609 3379 24 19 to

53 3396 120 25 Auckland,
190 3396 45 21 and
252 3396 48 23 that
315 3405 33 15 we
364 3398 80 30 hereby
461 3401 45 27 beg
521 3406 22 18 to
553 3406 79 20 return

52 3419 56 22 them
117 3426 41 16 our
167 3425 58 18 most
233 3424 96 25 grateful
347 3425 80 24 thanks
442 3428 37 22 for
494 3428 58 23 their
567 3436 65 16 exer-

53 3447 52 21 tions
115 3453 29 15 on
155 3447 39 23 the
204 3450 108 22 occasion.

106 3478 49 27 Mr.
169 3481 67 25 Jollie
247 3485 81 25 moved
345 3487 36 24 the
393 3489 84 24 second
496 3490 134 31 resolution,

53 3513 67 24 which
139 3521 47 17 was
205 3518 109 24 seconded
332 3519 30 32 by
383 3521 48 26 Mr.
450 3523 113 30 Spooner,
585 3525 45 25 and

52 3546 79 24 carried
141 3548 168 35 unanimously.

53 3607 18 15 .],
74 3584 24 21 2r
103 3583 54 39 i!'-'i?
157 3588 33 19 lat
200 3584 43 24 tWs
239 3613 6 5 .
252 3588 100 29 meeting
355 3591 71 24 fers
437 3593 53 23 with
501 3594 94 28 feelings
606 3595 27 23 of

53 3610 32 21 the
102 3610 88 28 highest
204 3614 136 24 satisfaction
357 3620 21 19 to
392 3618 38 24 the
443 3620 126 25 admirable
585 3622 44 23 and

52 3637 35 42 iff
116 3644 27 35 ?
144 3645 41 16 SOn
181 3670 4 8 ,
186 3646 13 15 e
200 3638 15 40 f
240 3648 16 15 x
257 3648 28 20 P
286 3642 29 22 8it
315 3650 37 16 n
367 3645 26 22 of
402 3645 37 23 the
457 3648 133 23 sentiments
606 3650 27 22 of

52 3663 32 21 the
92 3664 122 24 settlers'of
224 3667 85 24 Nelson
319 3670 65 24 made
392 3671 24 24 in
426 3673 37 23 the
474 3676 156 23 communica-

51 3712 59 22 Wv
119 3691 23 43 A
142 3699 46 21 UgU
182 3720 20 14 ffi
202 3695 44 21 U6
247 3703 32 31 'snd.5
278 3696 32 22 nd
305 3723 7 6 .
324 3697 43 23 add
369 3700 73 22 *d
456 3704 24 20 to
495 3701 36 24 his
546 3703 83 23 Excel-

51 3720 85 40 X
165 3727 13 24 -
205 3727 37 17 CM
251 3722 45 24 adn
313 3728 49 18 nate
362 3724 50 29 ring
422 3726 36 26 the
465 3729 163 29 Government,

52 3751 68 36 firth!
121 3751 57 17 nnni
191 3755 47 16 810n
254 3752 24 19 to
292 3750 38 23 the
346 3752 99 27 Colonial
460 3756 126 29 Secretary,
604 3757 24 23 in

51 3769 80 45 JwUier
138 3774 142 28 explanation
294 3777 28 22 of
331 3778 38 23 the
378 3780 67 24 views
455 3783 27 22 of
491 3783 39 23 the
541 3791 87 16 memo-

99 3830 47 26 Mr;
160 3834 28 25 C.
202 3835 82 26 Elliott
294 3840 113 31 proposed
416 3842 36 24 the
464 3844 61 25 third
537 3845 88 25 resolu-

51 3864 49 29 tion,
112 3865 73 25 which
196 3875 45 18 was
252 3873 113 25 seconded
377 3874 30 32 by
418 3875 47 26 Mr.
489 3877 136 31 Macshane,

51 3896 39 22 and
102 3899 84 24 earned
198 3904 165 34 unanimously.
384 3908 8 10 *
435 3910 51 33 >j#

70 3934 20 21 3.
204 3939 48 24 this-
263 3945 100 28 meeting
369 3943 125 29 Considers
519 3950 48 24 that
587 3951 39 23 the

695 3440 111 33 Through
813 3442 39 24 the
859 3442 110 26 kindness
978 3446 26 22 of
1011 3445 47 25 Mr.
1069 3446 17 24 S
1091 3447 74 30 tokes,
1173 3456 33 16 we
1214 3456 40 16 are

660 3473 95 25 enabled
767 3479 23 20 to
801 3475 93 33 publish
907 3477 38 24 the
964 3478 86 25 official
1061 3481 192 32 correspondence

659 3507 98 32 relating
769 3513 23 19 to
804 3509 38 25 the
860 3510 46 24 late
917 3511 149 32 provisional
1070 3515 91 24 cession
1173 3516 27 23 of
1214 3515 39 24 the

659 3541 122 24 Sandwich
793 3543 92 25 Islands
894 3548 24 20 to
930 3544 38 25 the
980 3546 91 24 British
1084 3547 167 26 Government.

659 3573 52 25 The
722 3583 63 17 news
788 3577 97 24 .arrived
893 3582 24 20 at
927 3577 140 34 Valparaiso
1076 3580 94 33 shortfjr
1175 3582 79 25 before

658 3607 39 24 the
721 3607 108 26 Glenafm
851 3610 80 30 sailed,
952 3612 45 25 and
1021 3614 107 24 Admiral
1150 3615 103 25 Thomas

657 3641 126 31 proceeded
805 3647 23 20 to
850 3644 39 24 the
907 3645 124 26 Sandwich
1053 3647 95 26 Islands
1170 3649 25 23 in
1214 3649 39 24 the

656 3673 89 26 Dublin
757 3676 155 34 immediately
924 3686 29 17 on
971 3679 40 25 the
1023 3682 88 31 receipt
1121 3682 27 24 of
1165 3682 39 24 the
1214 3682 39 24 in-

658 3708 130 32 telligence,
800 3715 23 19 to
835 3711 97 32 enquire
943 3712 49 25 into
1002 3715 5 3 ~
1013 3714 40 24 the
1065 3715 186 29 circumstances,

656 3741 120 33 intending
794 3747 23 20 to
834 3744 45 25 call
898 3750 23 19 at
939 3746 80 26 Tahiti
1032 3755 29 17 on
1081 3748 39 24 his
1137 3753 79 21 return
1228 3753 25 20 to

656 3774 146 33 Valparaiso.
850 3777 27 27 It
897 3786 46 18 was
964 3781 118 32 currently
1102 3782 105 32 reported
1228 3787 25 20 at

655 3809 138 32 Valparaiso
813 3811 50 24 that
883 3812 64 25 Lord
967 3814 95 31 George
1079 3815 85 25 Patilet
1180 3815 71 25 found

655 3842 95 25 himself
769 3844 92 32 obliged
879 3850 22 20 to
920 3846 54 25 take
994 3848 48 23 this
1060 3852 52 28 step
1129 3849 25 23 in
1170 3856 82 17 conse-

655 3884 86 23 quence
753 3877 27 23 of
788 3878 38 24 the
836 3878 114 32 intrigues
963 3881 25 23 of
997 3880 39 24 the
1047 3880 127 25 Amerioan
1188 3882 64 24 Mis-

655 3910 119 29 sionaries,
793 3911 26 24 of
837 3911 74 25 whom
926 3913 54 25 'Mr,
1000 3913 63 25 Judd
1086 3915 20 23 is
1127 3914 40 24 the
1185 3916 66 27 prin-

654 3943 60 31 cipal
725 3951 41 17 :
910 3942 11 15 '
949 3943 8 10 '
1110 3942 2 5 '
1254 3945 8 7 *

589 38 98 55 fffte
710 44 119 44 Wtto
854 46 213 45 ggatafia
1094 52 190 48 <Bft?ittt
1310 56 94 39 an*
1427 58 299 49 WLtUmQton
1750 60 253 47 *ptatot\

1308 139 148 26 OFFICIAL
1473 145 290 24 CORRESPONDENCE
1779 147 112 23 RELAT-

1335 166 57 24 ING
1406 169 40 22 TO
1459 169 63 23 THE
1535 171 215 23 PROVISIONAL
1761 173 128 23 CESSION

1335 193 38 22 OF
1387 195 63 23 THE
1464 197 171 22 SANDWICH
1651 197 142 23 ISLANDS.

251 499 230 28 NELSON.

811 2154 80 24 NEW
908 2155 211 26 PLYMOUTH.

705 2208 33 23 At
749 2216 13 15 a
782 2208 83 25 Public
884 2210 112 31 Meeting,
1018 2211 51 23 held
1082 2217 23 17 at
1125 2212 57 24 New
1204 2211 61 34 Ply-

671 2241 79 23 mouth
763 2249 30 15 on
809 2241 38 24 the
870 2243 56 23 15th
947 2245 26 22 of
991 2244 145 31 September,
1152 2248 85 28 1843,.
1240 2248 23 23 in

672 2281 153 25 consequence
838 2276 26 23 of
882 2276 37 23 the
931 2278 122 23 continued
1065 2278 46 24 and
1132 2280 133 32 increasing

670 2314 130 25 annoyance
819 2309 25 23 of
861 2309 37 23 the
912 2309 103 30 Natives,
1029 2311 45 24 and
1095 2312 60 23 their
1178 2314 87 23 endea-

671 2348 69 16 vours
752 2346 22 19 to
793 2347 95 27 prevent
899 2342 138 33 Europeans
1049 2344 58 24 from
1121 2346 102 32 Settling
1235 2355 29 16 on

670 2374 38 22 the
719 2374 62 29 land,
799 2380 23 18 to
835 2375 54 25 take
908 2377 49 23 into
970 2378 168 26 consideration
1158 2379 39 24 the
1208 2389 55 23 pro-

669 2408 74 30 priety
755 2408 25 23 of
799 2409 136 32 forwarding
947 2419 15 15 a
981 2412 124 24 Memorial
1125 2416 23 19 to
1162 2414 38 23 the
1213 2414 50 23 Go-

670 2447 121 19 vernment
803 2450 28 15 on
846 2442 37 24 the
896 2443 100 32 subject,

702 2474 76 24 Josias
797 2475 87 32 Flight,
905 2476 68 33 Esq.,
986 2479 25 23 in
1032 2479 38 23 the
1094 2478 113 26 Chair.
1209 2473 52 31 the

670 2507 115 33 following
820 2510 146 24 resolutions
1004 2520 59 15 were
1100 2514 162 31 unanimously

669 2542 83 30 agreed
765 2547 31 19 to.

703 2575 85 24 Moved
808 2576 29 31 by
849 2577 26 23 S.
891 2577 151 32 GiUingham,
1056 2579 68 31 Esq.,
1145 2581 113 24 seconded

668 2608 31 31 ly
709 2609 22 23 J.
746 2610 32 23 G.
793 2609 73 30 Cook,
879 2610 68 32 Esq.,
961 2612 110 24 J.P.':

696 2648 18 21 1.
729 2647 61 22 That
798 2648 44 22 this
853 2649 102 28 Meeting
962 2650 56 22 view
1030 2651 52 22 with
1094 2653 166 27 apprehension

668 2673 37 22 the
715 2674 96 23 conduct
820 2675 26 22 of
853 2676 39 21 the
901 2676 82 23 Native
990 2678 12 28 '
1002 2678 136 28 Population,
1150 2680 24 22 in
1185 2680 76 22 resist-

666 2701 41 27 ing
725 2701 37 22 the
780 2702 129 22 settlement
924 2704 26 21 of
966 2704 38 22 the
1017 2705 130 28 Europeans
1162 2714 30 14 on
1203 2708 58 22 their

667 2728 71 22 lands.

702 2762 86 24 Moved
807 2763 30 32 by
854 2763 48 25 Mr.
926 2764 102 25 Thomas
1051 2766 82 32 Bayly,
1147 2768 112 24 seconded

667 2795 31 32 by
710 2796 49 24 Mr.
773 2796 107 25 Chilman
891 2806 6 15 ::

694 2833 19 20 Z'
729 2828 59 22 That
796 2836 13 14 a
820 2829 119 23 Memorial
948 2830 86 28 stating
1041 2838 41 16 our
1091 2836 90 24 present
1190 2833 70 23 situa-

666 2854 47 22 tion
724 2862 24 14 as
762 2855 99 27 Settlers,
872 2857 45 21 and
934 2859 94 26 praying
1038 2861 34 19 for
1086 2861 134 27 protection,
1232 2862 27 21 be

666 2882 124 22 forwarded
799 2886 22 18 to
832 2882 38 23 the
880 2883 70 28 newly
963 2885 123 27 appointed
1095 2887 119 23 Governor
1225 2888 35 22 for

667 2909 55 22 New
731 2909 108 23 Zealand.
887 2926 6 6 ,

699 2937 86 25 Moved
806 2939 29 31 by
848 2939 41 24 Mr
909 2940 22 23 J.
952 2941 84 29 Smith,
1051 2942 114 25 seconded
1183 2944 30 31 by
1225 2944 31 25 E.

665 2971 91 29 Brown,
770 2971 58 32 Esq.
841 2981 6 15 ::

691 3008 59 22 That
759 3016 14 14 a
784 3010 134 22 Committee
928 3011 121 28 consisting
1060 3012 27 23 of
1094 3013 38 23 the
1143 3014 115 28 following

663 3036 165 27 gentlemen,
830 3036 23 23 J.
868 3036 82 29 Flight,
962 3038 54 26 Esq.
1023 3047 6 19 ;
1049 3039 33 22 W.
1099 3040 79 28 Halse,
1195 3042 60 26 Esq.,

663 3062 63 27 J.P.;
746 3063 23 22 J.
788 3064 28 22 G.
827 3064 70 28 Cook,
915 3065 54 28 Esq.
988 3066 61 22 J.P.
1058 3074 7 20 ;
1084 3067 42 22 Mr.
1143 3068 112 27 Chilman,

665 3089 28 22 G.
709 3090 102 28 Cutfield,
832 3091 62 29 Esq.,
914 3092 64 26 J.P.;
999 3093 46 22 and
1065 3094 24 22 S.
1108 3094 148 29 GiUingham,

662 3116 53 28 Esq.
722 3125 7 19 ;
746 3117 28 22 be
785 3118 120 28 appointed
916 3120 35 21 for
962 3116 37 25 the
1010 3127 97 21 purpose
1119 3122 26 22 of
1152 3122 101 27 drawing

662 3149 31 21 up
702 3143 38 22 the
759 3144 128 28 Memorial,
899 3146 46 22 and
962 3147 49 22 that
1027 3148 53 28 they
1091 3148 28 22 be
1135 3149 122 28 requested

662 3173 23 18 to
694 3174 61 19 meet
769 3178 56 16 once
842 3179 14 15 a
870 3172 117 29 fortnight,
999 3178 24 18 to
1039 3175 71 27 adopt
1123 3177 57 21 such
1195 3184 61 15 mea-

662 3203 61 15 sures
739 3204 25 15 as
781 3198 54 27 they
844 3205 53 21 may
907 3200 65 23 deem
987 3201 116 23 advisable
1121 3206 24 19 to
1159 3203 97 23 forward

662 3223 38 22 the
710 3224 85 27 objects
806 3226 25 21 of
838 3226 44 21 this
893 3228 106 27 meeting.

694 3252 25 23 A
730 3257 52 19 vote
793 3254 26 22 of
833 3254 86 24 thanks
930 3256 157 32 havingbeen
1098 3259 69 31 given
1181 3264 23 19 to
1216 3259 38 24 the

663 3285 132 30 Chairman,
807 3287 35 24 for
856 3287 36 24 his
903 3289 53 25 able
968 3290 100 25 conduct
1084 3291 25 24 in
1122 3292 39 24 the
1174 3293 81 29 Chair;

662 3318 38 24 the
711 3320 100 31 meeting
823 3320 54 28 th,en
889 3322 72 24 broke
973 3330 40 25 up.
1091 3344 2 8 ,
1281 3321 1 34 j
