4240 5890
1865 4675 149 38 Mount
2056 4674 158 49 Benger
2251 4674 114 39 Mail.

1995 4777 61 20 JUST
2075 4776 54 21 AND
2149 4776 67 20 FEAR

1927 4851 117 26 FRIDAY,
2058 4851 141 20 JANUARY
2218 4851 31 22 20,
2271 4850 55 21 1897.

1927 4938 89 40 Fruit
2057 4937 246 42 Preservation.

1840 5011 96 27 There
1950 5022 55 16 was
2028 5022 33 16 an
2083 5011 126 29 informal
2234 5011 152 28 discussion

1840 5062 38 24 or,
1891 5051 22 28 it
1927 5051 96 29 should
2039 5050 90 30 rather
2141 5052 35 27 be
2187 5051 67 34 said,
2269 5062 15 18 a
2298 5051 92 29 casual

1839 5092 189 28 conversation
2050 5096 127 33 amongst
2199 5102 74 18 some
2293 5092 29 28 of
2342 5092 48 28 the

1840 5132 136 28 members
1990 5136 26 25 at
2033 5143 16 17 a
2061 5136 93 24 recent
2167 5132 121 37 meeting
2301 5133 30 27 of
2343 5132 47 28 the

1840 5172 96 28 Teviot
1946 5172 54 29 and
2012 5172 156 28 Alexandra
2177 5171 210 38 Fruitgrowers'

1842 5212 47 30 Co.
1901 5223 33 18 on
1946 5212 47 29 the
2002 5212 106 38 subject
2117 5211 28 29 of
2153 5212 68 28 fruit
2228 5212 161 37 preserving

1841 5252 53 29 and
1925 5252 109 36 drying.
2072 5251 59 29 The
2152 5261 75 19 same
2246 5252 74 37 topic
2339 5252 49 28 has

1840 5293 70 29 been
1923 5293 123 36 brought
2059 5303 35 26 up
2108 5302 34 18 on
2157 5302 81 26 many
2259 5292 126 37 previous

1841 5333 147 34 occasions,
2003 5334 50 26 but
2066 5332 21 27 it
2099 5332 48 26 has
2158 5334 49 24 not
2228 5341 30 17 as
2278 5334 56 35 yet,
2358 5331 29 28 in

1841 5383 49 18 our
1915 5374 122 33 opinion,
2060 5370 125 30 received
2209 5370 47 29 the
2281 5372 102 28 serious

1841 5413 134 29 attention
2014 5413 35 29 its
2082 5413 166 36 importance
2282 5411 105 29 merits.

1844 5456 135 27 Amongst
1999 5461 50 19 our
2073 5461 120 28 growers
2218 5461 81 24 every
2324 5461 64 27 year

1842 5503 80 27 many
1935 5492 125 30 hundred
2076 5490 100 37 weight
2186 5489 28 28 of
2227 5489 67 28 fruit
2305 5499 84 19 never

1843 5534 76 26 reach
1934 5532 46 28 the
1994 5533 115 32 market,
2120 5530 63 32 and,
2193 5530 195 37 consequently

1842 5583 28 17 as
1884 5583 15 17 a
1912 5572 170 29 commercial
2096 5569 115 41 product
2225 5569 28 28 of
2267 5569 45 28 the
2326 5579 46 28 gar-

1842 5614 93 34 den's
1950 5614 74 36 quite
2045 5610 190 39 unprofitable.
2274 5610 74 34 This,
2361 5609 29 28 of

1840 5663 105 26 course,
1959 5653 89 29 would
2062 5655 48 27 not
2128 5661 77 19 serve
2225 5649 44 30 for
2289 5649 101 39 drying

1841 5704 31 18 or
1884 5694 129 36 canning,
2030 5694 50 28 but
2093 5693 22 27 it
2127 5691 90 28 would
2231 5691 34 27 do
2278 5691 44 27 for
2331 5690 57 37 jam

1842 5732 122 40 making,
1978 5732 105 43 though
2096 5732 22 29 it
2129 5731 64 29 does
2213 5733 50 26 not
2284 5739 55 30 pay
2359 5731 29 27 to

2425 173 68 29 seud
2505 172 23 29 it
2540 171 36 30 all
2589 171 47 29 the
2652 181 59 25 way
2737 174 29 25 to
2786 168 130 30 Dunedin
2936 168 44 28 for

2425 214 62 28 that
2510 221 129 30 purpose.
2679 210 78 35 Now,
2785 210 47 28 the
2853 208 127 39 question

2425 254 108 35 arrises,
2547 250 103 30 Would
2661 250 22 30 it
2697 254 48 26 not
2759 260 53 29 pay
2825 259 51 19 our
2898 247 68 29 fruit-

2427 304 120 28 growers
2566 296 30 24 to
2620 292 134 28 establish
2778 301 16 17 a
2819 290 107 35 factory
2951 288 29 28 in

2425 334 74 29 their
2526 331 107 30 midst?
2674 329 52 30 Wa
2757 330 82 28 know
2872 328 28 28 of
2929 337 51 19 one

2428 372 129 31 Dunedin
2591 372 62 27 firm
2686 371 61 27 who
2785 370 70 27 have
2881 367 97 36 openlv

2429 413 90 32 stated
2532 412 62 29 that
2606 412 22 28 if
2650 409 170 41 guaranteed
2846 407 135 30 sufficient

2429 455 67 29 fruit
2512 456 28 25 at
2552 463 17 17 a
2582 452 83 38 price,
2686 452 66 36 they
2775 449 88 29 would
2887 449 93 38 gladly

2430 492 133 31 establish
2576 503 16 17 a
2606 491 103 29 branch
2721 490 108 37 factory
2842 489 74 34 here,
2927 487 53 29 and

2430 534 23 29 if
2463 534 23 29 it
2498 532 92 30 would
2603 541 54 29 pay
2678 531 76 29 them
2776 530 77 28 there
2879 529 23 29 is
2923 537 43 20 cer-

2431 574 87 37 tainly
2532 583 99 27 mojaey
2644 572 28 29 in
2686 572 48 28 the
2750 570 168 39 speculation
2938 569 44 28 for

2432 626 50 18 our
2491 613 69 29 local
2573 623 130 29 growers.
2742 611 39 29 To
2796 611 45 28 the
2852 610 44 37 lay
2905 608 75 29 mind

2431 656 48 29 the
2491 654 106 39 project
2611 663 115 29 appears
2738 656 29 26 to
2781 652 34 28 be
2829 650 114 31 feasible
2953 654 28 24 at

2431 696 35 29 all
2480 696 36 28 all
2529 697 105 32 events,
2648 694 107 37 though
2773 693 77 27 there
2864 701 62 28 may
2947 691 34 27 be

2432 734 155 31 difficulties
2599 734 124 28 unnoted
2734 734 37 37 by
2784 743 52 19 one
2849 735 48 25 not
2911 730 69 38 fully

2431 774 164 42 acquainted
2617 774 68 29 with
2710 774 48 28 the
2783 771 197 30 technicalities

2431 818 29 29 of
2474 817 45 29 the
2533 815 117 38 subject.
2690 814 71 28 That
2774 814 46 28 the
2834 812 131 29 establish-

2432 861 75 26 ment
2517 857 28 28 of
2558 866 15 18 a
2587 856 106 36 factory
2709 854 87 28 would
2811 853 65 29 tend
2891 857 28 25 to
2933 853 47 28 the

2432 898 106 29 growth
2553 896 29 29 of
2595 896 47 28 the
2655 896 125 36 industry
2795 894 97 38 locally
2902 893 77 29 there

2430 941 32 35 is,
2476 948 40 19 we
2535 936 91 36 think,
2648 936 71 28 little
2742 936 103 34 doubt;
2865 935 115 28 because

2431 988 119 22 orowers
2563 978 27 28 in
2605 988 15 17 a
2635 976 79 29 small
2727 987 58 26 way
2804 975 89 29 would
2915 975 63 27 then

2431 1023 68 29 have
2512 1031 16 18 a
2542 1018 109 29 market
2670 1021 28 24 at
2721 1016 72 29 their
2815 1016 90 34 doors,
2927 1015 53 28 and

2430 1059 150 44 quantities
2604 1058 91 29 which
2719 1058 22 28 it
2766 1057 89 38 might
2876 1059 49 25 not
2947 1056 33 28 be

2430 1104 87 29 worth
2542 1099 81 30 while
2654 1098 116 39 sending
2803 1105 27 20 to
2856 1096 124 29 Dunedin

2430 1144 89 30 would
2557 1144 47 27 vet
2633 1139 72 39 yield
2739 1150 15 17 a
2781 1142 102 24 return.
2924 1137 56 28 The

2432 1186 98 28 hio-her
2542 1182 99 40 grades
2654 1181 29 28 of
2697 1180 66 28 fruit
2778 1178 89 29 would
2881 1178 83 28 doubt-

2430 1227 54 29 less
2498 1224 129 30 continue
2640 1226 27 23 to
2681 1231 36 27 go
2738 1224 28 25 to
2791 1219 137 34 Dunedin,
2952 1229 28 17 as

2431 1268 76 28 there
2517 1266 23 28 is
2553 1273 75 19 more
2642 1263 81 36 profit
2732 1271 34 18 on
2777 1259 45 29 the
2837 1259 54 29 sale
2902 1259 78 28 when

2430 1308 58 36 ripe
2502 1306 66 28 than
2582 1303 28 28 in
2625 1313 52 25 any
2687 1301 70 27 form
2771 1299 28 29 of
2811 1299 160 36 preserving

2432 1345 127 36 Canning
2590 1341 90 27 would
2709 1338 133 38 probably
2874 1341 49 24 not
2950 1338 32 26 be

2430 1394 72 28 gone
2514 1384 29 27 in
2568 1382 44 28 for
2634 1377 177 35 extensively,
2836 1376 146 32 therefore,

2430 1424 54 28 and
2497 1432 41 19 we
2550 1423 70 27 have
2641 1418 83 28 heard
2745 1417 22 26 it
2790 1415 90 28 stated
2907 1414 75 35 (with

2430 1465 63 30 how
2512 1462 81 31 much
2616 1470 30 20 or
2669 1459 60 29 how
2752 1456 70 30 little
2843 1454 139 38 authority

2430 1515 41 18 we
2493 1515 47 17 are
2561 1506 47 24 not
2632 1498 133 39 prepared
2787 1501 29 22 to
2839 1498 58 33 say)
2923 1496 61 26 that

2431 1545 77 29 there
2522 1543 23 29 is
2558 1544 50 27 not
2621 1550 34 18 an
2670 1536 141 31 extensive
2825 1534 108 29 market
2955 1534 27 28 in

2431 1586 54 29 this
2495 1585 97 37 colony
2603 1583 43 28 for
2656 1578 76 31 dried
2747 1576 68 30 fruit
2826 1576 29 29 of
2864 1587 48 18 our
2923 1586 60 19 own

2431 1625 173 38 production.
2644 1621 58 27 The
2721 1618 73 28 chief
2814 1627 56 23 use,
2893 1617 75 27 there-

2432 1666 68 35 fore,
2516 1665 43 29 for
2571 1675 16 18 a
2599 1663 108 35 factory
2721 1659 64 28 here
2799 1656 90 29 would
2904 1656 28 30 in
2948 1656 35 28 all

2433 1705 167 40 probability
2613 1703 36 28 be
2662 1701 44 28 for
2716 1700 56 37 jam
2793 1698 124 36 making,
2931 1698 53 28 and

2433 1757 82 26 many
2530 1742 130 42 practical
2680 1750 62 18 men
2761 1748 45 19 are
2825 1738 29 28 of
2873 1738 110 37 opinion

2434 1787 60 28 that
2507 1786 68 28 such
2592 1795 16 17 a
2631 1780 105 41 project
2761 1777 90 30 would
2871 1788 63 28 pay,
2956 1788 29 18 as

2434 1827 108 29 besides
2564 1825 84 38 using
2670 1833 15 17 a
2709 1823 78 36 great
2810 1818 126 40 quantity
2957 1818 29 29 of

2433 1868 68 28 fruit
2526 1866 88 29 which
2640 1865 23 27 is
2688 1872 62 18 now
2779 1858 159 40 practically
2971 1870 15 16 a

2434 1911 84 25 waste
2529 1906 126 39 product,
2665 1903 23 29 it
2697 1901 90 29 would
2801 1910 52 28 pay
2866 1909 119 28 growers

2434 1952 29 24 to
2477 1948 64 28 take
2555 1958 16 16 a
2582 1947 84 27 lower
2688 1942 73 38 price
2782 1941 65 28 here
2869 1940 66 27 than
2957 1940 28 26 in

2436 1987 127 29 Dunedin
2577 1986 44 27 for
2635 1981 100 32 second
2756 1990 31 18 or
2808 1980 75 27 third
2902 1979 84 37 grade

2434 2027 76 36 fruit,
2548 2027 47 29 the
2631 2027 60 27 cost
2717 2021 30 30 of
2784 2020 126 38 carriage
2939 2023 47 24 not

2434 2068 105 38 having
2577 2071 28 23 to
2646 2066 33 27 be
2719 2060 169 30 considered.
2930 2060 56 28 The

2434 2107 89 29 initial
2536 2110 59 26 cost
2609 2105 43 29 for
2665 2115 16 18 a
2691 2101 127 39 building
2832 2101 54 28 and
2910 2100 76 38 plant

2434 2149 44 30 for
2490 2160 16 18 a
2516 2148 58 40 jam
2587 2148 107 36 factory
2710 2144 64 29 does
2796 2148 57 30 not,
2877 2152 40 19 we
2939 2141 32 29 be-

2434 2190 78 33 lieve,
2523 2189 110 29 involve
2654 2199 15 16 a
2694 2197 65 24 very
2781 2184 88 37 heavy
2883 2183 103 36 outlay,

2434 2229 54 29 and
2499 2228 81 39 given
2596 2228 47 28 the
2656 2226 56 28 fact
2726 2225 60 27 that
2800 2224 48 27 the
2861 2223 125 37 industry

2434 2282 54 18 was
2524 2269 82 38 likely
2627 2272 30 26 to
2684 2277 83 29 prove
2799 2263 116 41 payable
2940 2263 46 30 the

2434 2311 99 37 capital
2547 2310 89 28 would
2657 2313 49 23 not
2726 2308 67 35 long
2807 2307 34 26 be
2855 2306 129 35 wanting.

2434 2351 53 29 We
2525 2351 69 28 have
2630 2347 147 41 published
2812 2345 78 30 these
2933 2345 53 28 few

2434 2391 197 30 observatioms
2644 2389 66 29 with
2720 2388 47 29 the
2778 2387 91 38 object
2879 2386 29 29 of
2922 2385 51 30 call-

2433 2434 49 37 ing
2495 2432 135 30 attention
2645 2435 30 26 to
2695 2430 83 35 what,
2804 2438 40 20 we
2870 2427 115 36 believe,

2434 2474 90 38 might
2534 2474 34 28 be
2578 2471 152 39 developed
2740 2470 58 28 into
2811 2480 35 17 an
2857 2469 128 37 industry

2433 2514 32 29 of
2489 2512 184 40 comparative
2707 2511 191 38 importance;
2929 2508 54 30 and

2433 2555 46 29 the
2514 2554 108 40 subject
2652 2554 24 29 is
2708 2562 52 19 one
2784 2551 98 36 which,
2905 2554 29 25 at
2949 2550 36 29 all

2433 2599 105 31 events,
2549 2595 90 37 might
2651 2593 61 29 well
2734 2592 72 29 form
2824 2602 16 18 a
2860 2591 75 38 topic
2956 2590 29 29 of

2433 2635 152 29 discussion
2599 2638 28 25 to
2641 2634 35 28 be
2688 2632 130 30 threshed
2829 2635 48 25 out
2890 2640 36 20 on
2946 2631 36 29 its

2434 2676 93 29 merits
2540 2679 28 25 at
2581 2685 51 19 one
2646 2674 28 29 of
2688 2674 47 29 the
2749 2673 135 38 meetings
2895 2671 28 29 of
2936 2672 47 29 tha

2433 2716 198 29 Fruitgrowers
2646 2714 47 30 Co.
2705 2715 28 28 in
2746 2714 48 28 the
2806 2723 65 19 near
2881 2712 101 30 future.

2511 2742 16 13 o

2457 2811 48 21 The
2520 2810 112 26 Roxburgh
2648 2809 82 22 Cricket
2744 2808 53 22 Club
2813 2808 72 21 intend
2901 2807 82 27 visiting

2434 2844 118 22 Alexandra
2571 2844 40 21 and
2629 2843 74 22 Blacks
2721 2850 26 14 on
2764 2842 37 22 the
2816 2841 47 22 15th
2877 2841 40 21 and
2936 2841 49 21 lfith

2432 2885 66 20 prox.,
2510 2878 59 21 when
2584 2877 91 22 matches
2690 2876 41 22 will
2748 2876 25 21 be
2792 2875 75 27 played
2884 2874 50 22 with
2949 2874 36 21 the

2431 2911 56 23 clubs
2496 2911 22 22 of
2525 2911 49 21 each
2583 2910 23 22 of
2614 2911 59 21 these
2681 2910 73 27 places.

2456 2960 27 21 R.
2494 2960 117 20 KINASTON
2618 2958 74 21 desires
2702 2960 21 18 to
2737 2958 67 25 nwtify
2815 2957 46 20 that
2870 2957 21 20 in
2902 2956 68 21 accori-

2431 2999 49 13 once
2489 2992 51 20 with
2549 2992 32 19 his
2594 2991 59 20 usual
2663 2993 85 21 custom,
2761 2990 38 20 hot
2808 2990 42 25 pies
2868 2989 40 21 and
2918 2990 64 20 coffee

2431 3033 46 19 may
2486 3025 25 21 be
2520 3025 41 20 had
2569 3026 23 19 at
2604 3024 36 21 the
2651 3024 110 26 Roxburgh
2773 3022 180 28 Bikary.Advt.

2456 3073 47 21 The
2512 3073 83 26 Sunday
2605 3072 84 21 services
2699 3071 32 21 for
2740 3071 36 21 the
2785 3071 108 26 Weslejan
2901 3076 71 21 congre-

2433 3108 78 26 gations
2521 3108 20 20 in
2552 3106 35 21 the
2594 3106 80 21 various
2684 3106 98 21 churches
2792 3106 19 19 in
2828 3104 51 21 local
2895 3104 90 21 districts

2431 3150 34 13 are
2484 3142 84 21 notified
2590 3142 20 21 in
2630 3148 38 13 our
2686 3141 125 26 advertising
2830 3140 100 21 columns.
2958 3140 25 20 In

2432 3177 68 20 future
2514 3175 50 28 they
2576 3175 42 21 will
2634 3175 24 20 be
2672 3174 109 27 published
2798 3174 103 26 regularly
2919 3180 64 20 every

2432 3211 62 19 week.

2456 3261 48 21 THE
2524 3260 97 25 Premier,
2638 3259 141 26 accompanied
2795 3259 27 26 by
2837 3259 42 21 Mrs
2893 3258 89 25 Seddon,

2430 3296 49 20 Miss
2493 3295 81 21 Seddon
2585 3295 40 21 and
2642 3297 40 18 two
2698 3295 80 25 private
2794 3294 125 25 secretaries,
2939 3301 40 13 was

2428 3329 98 27 expected
2536 3330 21 21 to
2566 3329 56 21 leave
2632 3328 26 27 by
2668 3328 36 21 the
2714 3327 121 26 Manapouri
2853 3327 31 21 for
2900 3327 83 21 Hobart

2428 3374 25 12 on
2463 3366 92 26 Tuesday
2564 3367 21 19 to
2595 3365 72 21 attend
2677 3365 35 20 the
2722 3364 124 21 Conference
2852 3363 22 21 of
2881 3363 101 21 Premiers

2428 3402 64 20 there.
2519 3400 80 25 During
2621 3400 32 20 his
2674 3400 84 19 absence
2781 3398 36 21 the
2843 3398 55 21 Ho.
2926 3398 55 20 John

2428 3438 108 21 M'Kenzie
2552 3438 39 21 will
2601 3438 24 20 be
2644 3436 184 25 Acting-Premier.

2452 3489 46 22 The
2520 3487 114 25 Cromwell,
2655 3486 89 29 Naaeby,
2768 3485 156 25 Bannockburn,
2949 3485 31 26 St.

2428 3525 90 20 Bathans
2526 3523 40 21 and
2577 3523 110 22 Roxburgh
2699 3522 63 21 bands
2781 3522 52 20 have
2850 3521 85 21 entered
2949 3521 31 21 for

2427 3559 35 20 the
2473 3558 80 21 contest
2572 3558 65 19 under
2654 3557 36 20 the
2707 3556 91 25 auspices
2812 3556 21 20 of
2850 3555 36 20 the
2896 3554 84 29 Centra]

2426 3592 65 26 Otago
2500 3592 61 21 Brass
2570 3591 68 21 Bands
2649 3591 133 22 Association,
2794 3590 109 26 beginning
2913 3589 20 21 in
2944 3589 36 21 the

2426 3627 116 22 Alexandra
2552 3627 61 20 Town
2626 3626 48 21 Hall
2684 3632 25 14 on
2721 3626 35 20 the
2767 3625 48 21 15th
2826 3631 57 21 prox.

2449 3671 50 20 The
2509 3669 62 21 death
2582 3669 16 20 is
2607 3668 118 21 announced
2737 3668 26 24 by
2773 3667 56 21 cable
2838 3669 22 19 at
2869 3667 36 21 the
2914 3674 36 19 age
2959 3667 21 21 of

2423 3706 25 20 84
2457 3706 21 20 of
2487 3706 32 20 Sir
2530 3705 56 20 Isaac
2597 3704 88 25 Pitman,
2697 3704 35 21 the
2743 3704 95 20 inventor
2847 3703 21 21 of
2883 3703 95 25 phonetic

2422 3740 120 22 shorthand.
2569 3739 42 21 The
2621 3740 81 21 veteran
2714 3738 145 27 stenographer
2870 3738 36 21 has
2915 3738 41 21 had
2965 3745 12 14 a

2422 3775 54 25 large
2486 3775 58 20 share
2554 3775 21 19 in
2586 3773 168 24 revolutionising
2771 3773 36 20 the
2824 3780 36 18 age
2880 3780 21 13 as
2911 3773 31 20 far
2954 3780 22 13 as

2421 3810 27 21 its
2465 3809 107 22 literature
2592 3808 16 21 is
2627 3807 119 27 concerned,
2761 3807 40 22 and
2812 3808 21 21 to
2843 3807 94 27 signalise
2947 3807 32 22 his

2423 3846 70 20 efforts
2514 3845 26 20 he
2559 3844 91 20 received
2674 3844 35 20 tho
2727 3844 64 20 honor
2812 3843 21 21 of
2849 3844 130 25 knighthood

2424 3879 21 21 in
2456 3879 57 21 1694.

2448 3928 32 19 As
2491 3926 41 21 will
2541 3926 25 21 be
2575 3925 80 21 noticed
2667 3925 18 22 in
2697 3933 38 13 our
2744 3926 123 25 advertising
2877 3925 99 25 columns,

2422 3962 35 21 the
2469 3962 123 21 Vincentian
2603 3961 83 21 Fathers
2697 3960 39 22 will
2746 3961 85 21 conduct
2842 3968 11 13 a
2860 3961 82 20 mission
2954 3962 22 18 at

2421 3998 31 22 St.
2465 3998 75 26 Mary's
2553 3998 78 21 Kornan
2642 3997 91 20 Catholic
2749 3997 90 22 Church.
2855 3996 121 26 Roxburgh,

2421 4032 138 25 commencing
2573 4038 26 13 on
2617 4031 89 24 Sunday.
2727 4030 34 20 7th
2783 4031 111 24 February,
2905 4029 40 20 and
2954 4031 22 17 at

2424 4064 77 21 Millers
2511 4064 52 25 Flat,
2575 4066 20 18 to
2612 4070 114 14 commence
2744 4069 24 14 on
2787 4062 75 26 Friday
2881 4062 93 25 evening,

2423 4100 48 21 12th
2491 4100 110 25 Februaiy.
2629 4099 38 19 His
2686 4098 99 26 Lordship
2801 4099 29 19 l)r
2841 4098 82 20 Verdon
2935 4098 40 20 will

2424 4137 47 21 visit
2483 4136 111 25 Roxburgh
2609 4135 40 21 and
2659 4134 77 21 Millers
2747 4133 46 21 Flat
2801 4133 63 22 about
2874 4133 35 21 the
2919 4141 55 14 same

2422 4172 58 20 time.

2448 4217 47 21 THE
2505 4214 69 22 search
2584 4214 31 20 for
2626 4214 41 20 Mrs
2682 4212 102 22 6rosson's
2803 4212 54 26 body
2877 4219 40 14 was
2930 4219 33 13 con-

2422 4250 73 21 tinued
2504 4249 73 25 during
2586 4248 36 20 the
2631 4247 54 26 early
2697 4250 45 23 part
2749 4246 20 20 of
2779 4246 35 20 the
2825 4245 55 21 week
2888 4245 85 21 without

2421 4285 71 24 result,
2507 4283 40 21 and
2561 4283 17 21 it
2591 4283 17 20 Is
2621 4288 45 14 now
2682 4281 68 21 feared
2765 4280 46 20 that
2829 4280 26 19 its
2869 4280 104 26 discovery

2421 4317 41 20 will
2474 4317 25 20 be
2514 4315 112 22 accidental
2642 4314 16 21 if
2676 4314 16 21 it
2713 4314 15 20 is
2749 4313 64 21 found
2829 4314 22 18 at
2866 4312 35 20 all.
2929 4311 44 21 The

2420 4351 69 21 search
2498 4351 36 21 has
2544 4351 49 21 been
2605 4356 48 19 very
2662 4348 99 26 thorough
2773 4347 30 21 for
2813 4347 58 21 miles
2881 4346 86 26 around,

2420 4386 39 21 and
2466 4386 42 20 also
2519 4386 20 20 in
2549 4386 36 20 the
2596 4385 71 21 Teviot
2678 4384 68 25 River,
2756 4389 22 14 so
2789 4383 44 19 tint
2843 4381 125 26 speculation

2420 4425 21 13 as
2450 4420 22 18 to
2481 4419 66 19 where
2566 4419 37 19 the
2616 4417 87 21 ill-fated
2716 4417 48 24 lady
2783 4415 59 21 could
2861 4415 52 20 have
2932 4415 40 20 lo3t

2420 4452 75 22 herself
2504 4452 17 21 is
2534 4452 47 26 only
2592 4452 21 21 of
2623 4452 34 21 the
2668 4453 83 25 vaguest
2759 4450 56 23 kind.

2436 4497 48 21 THE
2496 4496 94 25 ordinary
2604 4496 89 25 meeting
2707 4496 21 20 of
2743 4496 35 19 thh
2794 4495 81 25 County
2892 4494 84 20 Council

2425 4536 40 13 was
2480 4528 49 21 held
2543 4530 22 18 at
2583 4528 107 20 Lawrence
2707 4528 39 19 last
2771 4527 74 24 Friday
2863 4526 113 20 afternoon.

2428 4561 164 22 Present:Crs
2608 4561 79 21 Bennet
2704 4559 124 27 (chairman),
2844 4560 21 21 J.
2883 4558 57 27 Edie,
2955 4558 21 22 .T.

2420 4597 71 27 Inglis,
2522 4597 24 22 F.
2574 4595 35 24 W.
2634 4594 86 28 Knight,
2740 4594 35 23 W.
2792 4594 138 27 Livingstone,
2952 4593 24 23 F.

2420 4631 102 24 Oudaiile,
2536 4630 32 20 W.
2579 4629 98 25 Osborne,
2688 4629 20 19 J.
2721 4629 49 23 Sim,
2781 4628 41 20 and
2831 4628 21 19 J.
2864 4628 27 22 K,
2907 4628 52 24 Simp-

2420 4671 43 16 son.
2490 4664 43 21 The
2543 4663 93 22 business
2654 4669 40 14 was
2712 4662 74 24 chiefly
2804 4661 21 21 of
2844 4661 35 20 tho
2893 4661 80 21 routine

2420 4701 66 27 order,
2507 4700 41 22 and
2566 4699 119 22 councillors
2700 4697 95 27 occupied
2811 4697 123 23 themselves
2954 4697 22 21 in

2420 4737 76 24 setting
2505 4736 35 20 tho
2560 4737 95 19 accounts
2664 4735 40 20 and
2714 4735 68 20 affairs
2790 4734 21 20 of
2821 4734 35 20 the
2868 4734 76 24 county
2953 4733 18 20 in

2418 4769 61 27 going
2495 4768 66 23 order.
2596 4768 43 21 The
2667 4767 71 22 tender
2764 4767 32 22 for
2825 4768 91 21 contract
2940 4765 36 23 418

2419 4805 122 26 (advertised
2550 4805 19 19 in
2580 4804 41 20 this
2632 4804 77 25 paper),
2720 4803 27 27 by
2755 4804 26 21 G.
2797 4803 115 25 Cockburo,
2936 4810 39 14 was

2419 4840 103 26 accepted.

2444 4887 47 20 The
2501 4886 35 20 bot
2548 4885 28 26 fly
2585 4886 45 22 pest
2639 4885 16 20 is
2664 4885 57 24 again
2731 4892 51 19 very
2797 4885 138 20 troublesome
2956 4885 21 20 in

2419 4922 42 21 this
2471 4922 86 24 district,
2570 4921 36 20 the
2616 4920 122 21 continuous
2747 4920 52 24 spell
2805 4920 22 19 of
2837 4920 38 22 dry
2887 4920 91 20 weather

2418 4956 80 26 having,
2523 4956 17 21 it
2565 4955 16 20 is
2606 4955 97 25 thought,
2731 4953 57 21 made
2806 4953 36 21 tho
2862 4953 43 20 flies
2921 4960 55 14 more

2418 4998 115 15 numerous.
2562 4991 84 21 Owners
2655 4990 22 20 of
2686 4990 68 20 horses
2772 4989 67 21 would
2851 4988 25 21 do
2889 4988 44 21 well
2955 4990 21 19 to

2418 5028 47 19 take
2475 5032 101 14 measures
2587 5024 54 25 daily
2650 5025 22 19 to
2682 5024 52 25 keep
2748 5022 36 21 the
2801 5022 27 25 fly
2844 5029 60 18 away
2921 5022 52 20 from

2417 5059 36 21 the
2468 5059 77 25 horses,
2564 5057 40 21 and
2621 5064 22 13 as
2662 5063 61 20 many
2741 5056 91 24 specifics
2857 5055 53 20 have
2923 5054 52 21 been

2417 5093 154 22 recommended
2583 5093 31 20 for
2624 5092 36 21 the
2675 5099 93 19 purpose,
2787 5091 58 20 there
2860 5090 73 21 should
2950 5090 25 20 be

2416 5136 28 13 no
2468 5128 101 27 difficulty
2594 5128 20 20 in
2633 5128 60 25 doing
2719 5127 49 20 this.
2797 5126 37 20 We
2853 5125 52 21 have
2924 5125 50 21 been

2416 5162 100 22 informed
2528 5162 27 26 by
2570 5169 11 13 a
2590 5162 117 25 gentleman
2725 5161 45 20 who
2787 5160 52 20 tried
2855 5160 36 20 the
2906 5160 66 25 recipe

2417 5196 108 27 published
2535 5196 27 25 by
2572 5203 24 14 us
2606 5203 12 13 a
2633 5196 39 20 few
2691 5195 67 21 weeks
2773 5201 43 20 ago,
2833 5194 46 21 that
2893 5193 26 21 ho
2936 5193 36 21 has

2417 5231 66 21 found
2493 5231 17 21 it
2520 5231 124 26 thoroughly
2655 5230 102 22 effectual.

2441 5276 41 21 We
2493 5276 52 21 have
2554 5276 91 21 received
2655 5282 11 15 a
2675 5276 84 26 lengthy
2768 5275 47 23 and,
2827 5281 28 14 we
2867 5281 46 20 may
2923 5281 45 20 say,

2415 5309 86 27 entirely
2512 5310 133 26 unprovoked
2656 5310 40 19 and
2706 5308 114 21 unmerited
2834 5308 68 20 attack
2912 5308 53 19 from

2414 5350 13 15 a
2435 5344 89 21 resident
2534 5343 21 21 of
2566 5343 107 22 Lawrence
2684 5350 24 14 on
2729 5350 11 13 a
2758 5342 116 27 gentleman
2885 5342 83 26 holding

2414 5385 13 15 a
2442 5379 51 26 high
2512 5379 73 21 official
2602 5379 87 26 position
2708 5378 21 21 in
2750 5378 41 21 this
2809 5377 89 21 district.
2926 5377 43 21 The

2414 5414 62 21 letter
2485 5414 16 21 is
2510 5416 36 19 not
2555 5414 142 27 libellous,but
2707 5413 97 25 certainly
2814 5413 48 20 sails
2875 5412 53 21 close
2943 5414 21 18 to

2414 5447 37 21 the
2459 5447 62 26 wind,
2528 5448 40 20 and
2577 5448 79 25 though
2666 5447 36 20 the
2710 5447 68 20 writer
2789 5446 71 20 wishes
2868 5446 30 20 his
2907 5452 57 13 name

2414 5478 109 26 published
2541 5486 22 13 as
2581 5480 35 20 the
2635 5480 81 25 author,
2737 5485 31 14 we
2785 5482 57 17 must
2861 5477 106 27 distinctly

2414 5512 68 22 refuse
2491 5515 22 19 to
2519 5514 82 25 publish
2609 5515 22 21 it.
2658 5514 44 22 The
2710 5514 91 21 columns
2810 5513 22 21 of
2839 5513 41 20 this
2886 5511 82 28 journal

2415 5554 34 14 are
2464 5550 22 18 at
2499 5548 27 20 all
2537 5549 60 20 times
2610 5555 52 19 open
2672 5550 32 19 for
2719 5549 36 19 the
2766 5548 121 19 ventilation
2898 5548 21 19 of
2929 5553 40 19 any

2415 5580 43 27 just
2467 5580 118 27 grievance;
2602 5581 40 21 and
2660 5583 22 20 to
2700 5581 55 27 right
2764 5587 26 15 an
2801 5579 103 28 injustice,
2915 5579 54 21 from

2416 5614 103 19 whatever
2528 5617 83 23 quarter
2621 5616 18 19 it
2648 5616 66 22 might
2722 5622 63 18 come,
2796 5621 30 14 we
2837 5614 40 20 will
2896 5614 73 20 render

2416 5640 27 21 all
2458 5641 109 21 assistance
2583 5642 20 21 in
2618 5649 37 14 our
2673 5649 74 20 power,
2767 5642 39 21 but
2825 5649 29 14 we
2874 5641 51 21 have
2945 5648 25 13 no

2416 5674 101 21 intention
2525 5675 22 20 of
2555 5675 95 26 allowing
2658 5676 36 20 the
2704 5683 62 19 paper
2787 5677 22 19 to
2830 5676 25 20 be
2873 5675 49 21 used
2938 5675 32 21 for

2416 5706 118 25 circulating
2542 5707 114 25 aspersions
2665 5708 22 19 of
2695 5716 12 12 a
2716 5708 85 26 spiteful
2813 5708 111 25 character,
2940 5715 26 13 no

2416 5739 75 24 matter
2501 5739 78 26 against
2590 5739 66 21 whom
2667 5740 48 27 they
2725 5747 46 23 may
2781 5739 32 23 be.

3033 167 49 21 You
3093 166 51 21 have
3154 166 70 21 ruined
3232 173 52 21 your
3293 166 133 21 constitution
3436 164 123 26 sufficiently

3008 201 28 26 by
3048 201 95 25 drinking
3157 201 82 20 inferior
3255 202 40 19 tea.
3322 200 86 21 Recruit
3421 199 27 24 by
3465 198 94 25 drinking

3009 235 48 25 only
3067 235 64 21 Kozie
3142 235 40 21 tea.
3208 235 22 20 It
3239 235 16 20 is
3265 241 51 19 pure
3328 233 224 23 andreliable.Advt.

3033 295 37 19 Mr
3086 294 24 21 T.
3128 295 102 20 Michell
3248 293 141 21 endeavoured
3408 293 22 21 to
3439 292 97 22 establish
3549 298 12 14 a

3008 326 71 22 record
3093 326 21 21 in
3129 326 36 21 the
3175 326 43 21 ride
3228 328 21 18 to
3260 326 77 20 Millers
3353 325 48 21 Flat
3418 326 40 20 and
3468 324 51 21 back
3533 331 26 14 on

3008 360 33 20 his
3048 359 76 26 bicycle
3134 359 115 26 yesterday.
3272 359 44 20 The
3324 365 45 15 race
3379 358 79 25 against
3467 358 50 20 time
3528 357 33 21 for

3008 395 36 21 the
3062 395 90 21 distance
3168 401 40 14 was
3225 394 108 21 instituted
3347 394 27 26 by
3394 394 36 21 the
3448 392 112 27 Roxburgh

3009 431 84 26 Cycling
3112 430 60 26 Club,
3190 430 37 21 the
3244 430 56 26 prize
3326 429 59 26 being
3403 436 12 13 a
3434 436 47 19 cup,
3500 429 61 20 value

3011 464 78 21 2los.
3117 462 84 22 Michell
3210 462 35 21 did
3255 462 36 20 the
3307 462 90 21 distance
3406 462 21 21 in
3438 462 36 20 Ihr
3486 462 73 25 27min,

3010 499 58 25 being
3077 498 67 21 30min
3154 498 59 26 going
3223 497 40 21 and
3274 496 68 23 57min
3352 496 113 27 returning.

3034 543 24 21 It
3068 542 16 22 is
3093 542 129 26 satisfactory
3238 543 22 20 to
3274 541 42 22 find
3333 541 47 22 that
3399 541 37 21 the
3457 540 101 28 difficulty

3011 579 92 22 between
3123 578 36 21 the
3174 578 146 26 Fruitgrowers
3342 578 106 26 Company
3466 577 41 21 and
3528 576 34 21 the

3010 613 76 28 parties
3095 613 53 21 from
3159 613 67 21 whom
3241 613 50 26 they
3307 611 113 28 purchased
3437 611 35 23 the
3488 611 74 27 supply

3009 651 23 21 of
3040 650 52 22 fruit
3102 657 53 15 cases
3170 649 32 22 for
3216 648 42 23 this
3274 656 89 15 season's
3378 647 58 29 fruit,
3452 656 22 14 as
3492 649 21 21 to
3528 648 34 22 the

3010 685 54 26 price
3073 684 22 21 of
3103 684 37 20 the
3148 690 61 19 cases,
3220 684 36 20 has
3267 684 51 20 been
3330 682 144 27 satisfactorily
3484 682 75 21 settled

3009 719 37 20 out
3054 717 21 21 of
3081 719 64 19 court.
3173 716 43 22 The
3226 716 83 26 dispute
3314 717 21 20 at
3342 723 37 14 one
3386 716 50 21 time
3443 714 119 22 threatened

3010 755 20 18 to
3044 751 80 22 involve
3133 751 66 26 heavy
3208 750 51 27 legal
3269 757 103 20 expenses,
3382 750 36 21 the
3432 750 85 20 amount
3526 749 7 26 ]
3542 749 20 20 in

3009 788 94 26 question
3118 786 95 27 totalling
3223 793 28 20 up
3261 788 21 20 to
3291 793 12 14 a
3313 785 137 23 considerable
3456 792 53 14 sum.

3037 839 37 19 Mr
3091 838 26 20 H.
3137 838 20 20 S.
3170 837 141 25 Valentine,
3323 837 97 26 formerly
3434 837 88 21 M.H.R.
3533 836 12 20 f
3554 843 9 13 r

3009 872 103 26 Tuapeka,
3132 871 36 21 has
3187 871 129 21 commenced
3331 871 91 21 business
3432 872 19 19 in
3463 870 100 21 Walton'.-;

3010 905 83 23 Central
3103 905 88 21 Auction
3201 906 81 25 Rooms,
3296 905 55 25 High
3367 906 70 25 street,
3455 904 104 26 Dunedin,

3009 948 22 14 as
3053 940 122 25 auctioneer,
3195 940 58 21 stock
3276 940 80 24 broker,
3377 941 39 20 etc.
3444 939 39 21 His
3502 945 61 19 many

3010 976 77 21 friends
3096 975 127 26 throughout
3232 975 98 26 Tuapeka
3346 975 41 21 will
3407 974 50 21 wish
3475 974 42 21 him
3535 973 28 21 all

3011 1011 115 26 prosperity
3143 1010 21 20 in
3182 1010 31 20 his
3227 1016 45 14 new
3291 1011 93 19 venture.
3412 1009 65 25 Being
3486 1015 21 14 so
3517 1008 46 21 well

3011 1046 72 21 known
3092 1045 126 27 throughout
3228 1045 41 21 this
3278 1047 46 25 part
3335 1044 21 22 of
3366 1045 66 26 Otago
3442 1044 39 22 and
3491 1043 42 22 also
3542 1044 21 21 in

3010 1082 123 26 Southland,
3151 1081 26 21 he
3195 1081 16 21 is
3229 1088 46 14 sure
3293 1083 22 19 to
3328 1080 52 21 have
3393 1087 12 13 a
3414 1080 53 27 large
3476 1081 87 25 country

3011 1115 93 22 clientel6
3119 1116 93 24 amongst
3229 1114 86 21 farmers
3333 1114 40 20 and
3387 1113 59 21 those
3460 1113 103 26 requiring

3013 1152 36 21 the
3060 1150 85 21 services
3155 1149 21 22 of
3185 1157 12 13 a
3205 1149 77 22 central
3291 1156 76 19 agency
3376 1149 21 21 in
3407 1148 104 22 Dunedin.

3036 1203 48 22 Our
3105 1202 45 22 Moa
3168 1202 46 21 Flat
3237 1200 159 27 correspondent
3418 1200 144 22 writes:An

3011 1238 134 21 unfortunate
3155 1238 42 26 firt,
3208 1237 27 26 by
3244 1236 65 21 which
3318 1236 90 21 between
3416 1236 58 20 three
3480 1243 22 12 or
3511 1236 48 20 fonr

3011 1274 93 21 hundred
3114 1280 55 14 acres
3183 1273 22 20 of
3218 1279 55 19 grass
3289 1279 40 13 was
3344 1271 115 26 destroyed,
3479 1271 84 20 occured

3011 1309 47 20 here
3065 1316 11 12 a
3086 1309 38 19 few
3135 1308 49 24 duys
3194 1314 43 18 ago.
3264 1306 43 20 The
3317 1307 36 19 fire
3369 1312 41 13 was
3420 1305 73 21 caused
3508 1305 27 26 by
3551 1312 12 12 a

3011 1342 61 25 spark
3081 1342 53 19 from
3143 1348 12 12 a
3165 1341 86 20 traotiou
3261 1340 71 24 engine
3343 1340 65 19 which
3419 1346 40 13 was
3469 1340 88 24 passing,

3013 1374 38 19 and
3058 1373 35 20 the
3101 1380 54 13 crass
3162 1373 58 24 being
3227 1378 48 18 very
3282 1371 37 25 dry
3326 1371 40 20 and
3376 1378 11 12 a
3396 1371 71 20 breeze
3478 1371 86 25 blowing

3012 1408 22 19 at
3048 1406 36 21 the
3105 1406 58 23 time,
3183 1405 58 20 there
3262 1411 40 14 was
3319 1404 87 25 nothing
3420 1406 22 18 to
3456 1404 63 21 cheak
3532 1404 27 21 its

3013 1445 90 21 progress
3117 1438 33 21 till
3169 1437 36 21 the
3221 1443 54 20 grass
3292 1443 26 14 on
3333 1436 36 21 the
3389 1436 65 22 whole
3474 1436 90 28 paddock

3014 1481 39 14 was
3062 1472 114 27 destroyed.
3203 1472 43 22 The
3256 1472 86 21 inmates
3349 1471 20 23 of
3376 1472 33 21 Mr
3420 1472 56 21 John
3484 1472 80 21 Gunn's

3013 1507 63 19 house
3085 1507 35 24 got
3129 1512 11 13 a
3150 1505 70 25 fright,
3230 1512 22 13 as
3262 1505 34 20 the
3305 1505 64 19 house
3378 1506 22 18 at
3409 1511 38 14 one
3457 1505 51 20 time
3517 1511 41 14 was

3013 1542 21 21 in
3049 1541 80 27 danger,
3140 1540 40 21 and
3189 1546 39 15 one
3237 1538 21 23 of
3265 1538 35 22 the
3308 1538 110 22 outhouses
3426 1545 39 14 was
3473 1538 91 28 actnally

3013 1575 85 24 burned,
3125 1575 41 21 Too
3176 1573 59 23 much
3246 1580 44 15 care
3298 1575 75 20 cannot
3382 1573 25 22 be
3428 1573 101 22 exercised
3545 1574 19 21 in

3013 1610 36 19 the
3058 1616 35 13 use
3103 1608 21 21 of
3133 1608 57 21 these
3199 1608 87 24 engines,
3293 1607 48 25 and,
3360 1607 20 20 in
3399 1607 48 25 fact,
3465 1615 11 12 a
3493 1608 58 24 spark-

3015 1645 80 20 catcher
3103 1642 74 22 should
3185 1641 25 21 be
3226 1641 72 21 affixed
3311 1643 22 19 to
3343 1642 49 20 each
3408 1641 80 27 funnel,
3504 1648 22 14 as
3541 1642 22 20 in

3015 1678 42 21 this
3069 1678 38 26 dry
3121 1676 88 21 weather
3227 1676 17 21 it
3261 1676 16 21 is
3295 1675 62 27 easily
3375 1675 126 22 conceivable
3517 1675 47 27 they

3015 1712 65 25 might
3089 1718 59 14 cause
3155 1709 60 22 much
3222 1716 54 14 more
3282 1709 75 21 serions
3363 1709 83 26 damage
3455 1709 50 21 than
3512 1716 52 14 even

3015 1746 45 21 that
3070 1744 95 26 reported
3174 1745 21 20 in
3204 1744 36 21 the
3249 1745 82 25 present
3340 1744 97 22 instance,

3044 1796 24 21 It
3077 1796 16 21 is
3101 1796 74 25 always
3186 1802 10 13 a
3207 1794 85 25 healthy
3303 1794 44 25 sign
3358 1794 22 20 to
3395 1793 51 21 have
3461 1795 21 19 to
3497 1793 70 22 record

3015 1838 26 14 an
3050 1831 105 21 extension
3166 1830 22 20 of
3195 1829 91 21 business
3292 1829 81 26 locally,
3382 1829 32 21 for
3423 1829 66 21 which
3498 1836 70 14 reason

3016 1866 17 20 it
3043 1865 40 20 will
3093 1865 25 20 be
3128 1864 62 21 noted
3204 1864 50 21 with
3263 1864 127 21 satisfaction
3405 1864 27 22 by
3448 1864 36 21 the
3500 1864 69 26 public

3016 1901 46 20 that
3072 1901 33 20 Mr
3114 1900 33 21 W.
3159 1900 96 20 Malone's
3265 1906 59 13 name
3334 1899 16 20 is
3360 1899 63 20 about
3437 1900 21 20 to
3468 1899 25 20 be
3503 1899 65 20 added

3016 1937 22 19 to
3048 1935 34 21 the
3092 1935 35 21 list
3135 1935 22 21 of
3166 1935 36 21 the
3211 1935 92 20 tusiness
3314 1941 45 13 men
3370 1935 20 19 of
3400 1940 37 14 our
3444 1936 62 18 town.
3535 1935 33 19 He

3016 1970 37 19 has
3070 1968 84 21 decided
3172 1970 22 18 to
3214 1975 53 17 open
3293 1968 21 19 in
3335 1975 81 18 grocery
3435 1968 40 19 and
3489 1968 80 24 general

3017 2001 145 27 merchandise,
3173 2000 40 22 and
3222 2008 21 13 as
3252 2001 26 21 lie
3296 2001 18 20 is
3329 2001 88 25 starting
3434 2000 50 21 with
3499 2007 11 13 a
3525 2000 44 21 well

3016 2037 90 20 assorted
3115 2037 57 20 stock
3188 2036 21 20 of
3225 2035 68 27 goods,
3313 2035 41 21 and
3372 2034 41 21 will
3433 2035 24 20 be
3475 2035 46 20 able
3549 2037 20 18 to

3017 2072 93 23 compete
3124 2077 27 13 on
3166 2069 35 20 the
3217 2069 45 20 best
3280 2071 63 19 terms
3361 2069 88 26 possible
3468 2069 51 20 with
3535 2069 34 19 the

3018 2105 80 21 market
3107 2103 103 27 generally
3220 2110 21 14 as
3255 2105 21 19 to
3286 2104 71 25 prices,
3374 2103 25 21 he
3409 2103 41 21 will
3466 2102 103 21 doubtless

3016 2140 70 21 obtain
3099 2139 32 20 his
3140 2138 40 21 fair
3189 2137 59 22 share
3256 2137 22 21 of
3293 2139 116 25 patronage.
3437 2137 33 21 Mr
3488 2137 81 21 Malone

3017 2175 36 21 has
3063 2173 40 22 had
3117 2180 11 14 a
3145 2173 85 27 lengthy
3247 2173 119 25 experience
3383 2173 19 21 iu
3416 2172 33 22 his
3469 2172 100 27 business,

3016 2210 40 20 and
3066 2210 16 19 is
3089 2209 124 25 thoroughly
3221 2208 44 20 well
3272 2209 73 25 posted
3352 2209 19 19 in
3380 2208 36 20 the
3422 2209 147 25 reqnirements

3016 2244 22 22 of
3056 2250 12 15 a
3095 2245 87 25 country
3201 2243 65 21 trade.
3303 2243 34 21 He
3356 2243 18 21 is
3392 2243 45 20 well
3456 2243 75 21 known
3550 2243 19 21 in

3016 2282 35 21 the
3060 2280 81 22 district
3149 2288 22 13 as
3185 2287 12 14 a
3213 2280 86 26 popular
3314 2280 40 22 and
3371 2280 88 27 obliging
3476 2280 92 22 business

3016 2323 54 19 man,
3078 2316 41 20 and
3128 2316 59 24 being
3204 2315 80 20 besides
3298 2322 12 13 a
3325 2315 51 21 local
3392 2316 91 20 resident
3495 2316 48 24 (and
3557 2323 12 13 a

3015 2349 90 21 member
3115 2349 21 21 of
3148 2356 12 14 a
3175 2349 81 26 worthy
3272 2348 87 28 family),
3374 2349 26 21 he
3416 2349 49 26 will,
3485 2356 29 14 we
3530 2349 39 21 feel

3015 2392 53 19 sure,
3079 2384 70 22 obtain
3160 2391 12 14 a
3185 2386 58 25 great
3252 2384 45 21 deal
3306 2384 22 22 of
3344 2385 36 21 the
3394 2386 79 20 custom
3489 2385 47 21 that
3553 2385 16 21 is

3015 2427 46 16 now
3070 2420 46 21 sent
3124 2420 37 21 out
3170 2419 22 22 of
3208 2419 36 22 the
3254 2419 87 22 district.
3370 2419 39 22 His
3427 2420 47 27 trap
3493 2419 42 22 will
3546 2419 23 22 be

3015 2459 45 19 sent
3085 2456 67 21 round
3179 2456 37 21 the
3233 2457 87 25 country
3336 2456 91 21 districts
3446 2458 22 19 at
3486 2457 82 26 regular

3014 2489 108 26 intervals,
3132 2488 41 22 and
3182 2490 114 20 customers
3305 2488 42 21 will
3362 2488 25 22 be
3403 2489 74 22 waited
3491 2496 26 14 on
3535 2489 33 21 for

3015 2525 75 20 orders.

3044 2575 120 30 Certainly
3181 2575 40 25 the
3248 2575 54 24 best
3314 2575 115 24 medicine
3442 2575 87 24 known
3547 2575 21 23 ia

3015 2615 89 24 Sander
3115 2616 19 23 &
3148 2615 60 22 Sons
3230 2613 129 31 Eucalypti
3370 2613 108 27 Extract.
3510 2614 58 23 Test

3014 2653 29 26 its
3056 2653 132 31 eminently
3201 2652 114 32 powerful
3332 2652 81 25 effects
3430 2653 23 23 in
3470 2652 96 30 coughs,

3014 2693 73 29 cold?,
3095 2693 126 28 influenza;
3234 2693 40 23 the
3283 2691 72 25 relief
3362 2692 21 23 is
3395 2693 171 24 instataneous*

3014 2731 28 26 In
3053 2732 90 25 serious
3155 2739 65 17 cases
3231 2731 43 23 and
3289 2730 119 26 accidents
3422 2732 25 22 of
3455 2731 29 25 all
3496 2731 72 25 kinds

3014 2771 28 25 be
3051 2771 58 31 they
3121 2769 104 30 wounds,
3236 2769 80 31 burns,
3330 2769 128 31 scaldingsj
3472 2769 81 30 sprain

3016 2809 16 25 it
3046 2809 19 24 is
3081 2808 41 24 the
3131 2808 72 24 safest
3227 2808 160 31 remedy--no
3399 2806 165 31 swelling-in

3016 2849 178 25 inflammation,
3225 2847 59 25 Like
3296 2847 132 31 surprising
3443 2846 82 26 effects
3537 2848 22 23 in

3016 2897 79 23 croup,
3122 2888 120 31 diptheria
3278 2887 129 24 bronchitis
3425 2886 136 24 inflammas

3016 2928 49 24 tion
3077 2928 23 24 of
3111 2928 41 24 the
3165 2928 75 30 lungs,
3253 2925 119 32 swellings
3387 2931 48 22 etc;
3446 2926 118 24 diarrhoea

3020 2968 120 29 dyjent.y,
3157 2966 111 24 deseoses
3280 2965 28 24 of
3318 2966 100 30 kidneys
3430 2965 46 24 and
3502 2964 50 24 urin-

3018 3015 41 21 ary
3071 3013 95 23 organs.
3200 3005 27 23 In
3241 3012 40 16 use
3294 3010 24 18 at
3334 3006 32 22 all
3379 3004 116 31 hospitals
3517 3004 45 23 nd

3017 3046 98 25 medical
3127 3046 82 24 clinics
3221 3046 31 24 all
3264 3053 55 17 over
3331 3046 41 24 the
3384 3046 78 30 globe,
3477 3050 82 24 patron

3018 3086 49 25 ised
3082 3087 31 28 by
3126 3086 36 24 his
3181 3084 104 32 Majesty
3312 3085 40 25 the
3367 3084 65 31 King
3460 3084 24 25 of
3503 3084 60 30 Italy

3016 3126 107 25 crowned
3142 3126 55 23 with
3208 3125 78 24 medal
3298 3125 47 24 and
3362 3124 104 30 diploma
3479 3129 21 18 at
3525 3124 38 23 the

3018 3163 172 26 International
3205 3163 136 24 Exhib'tion
3359 3168 24 19 at
3405 3163 150 23 Amsterdam

3017 3206 75 23 Trust
3109 3204 22 23 in
3150 3204 39 23 the
3203 3203 121 31 approved
3338 3203 82 23 article
3437 3201 44 24 and
3492 3202 72 30 reject

3016 3244 31 25 all
3060 3245 89 24 others.

3046 3290 72 24 Hollo
3123 3291 68 29 way's
3224 3290 124 24 Ointment
3382 3289 46 24 and
3461 3289 69 24 Pills,
3534 3303 26 4 ~

3018 3330 86 26 Whilst
3135 3331 42 24 the
3202 3330 146 24 inhabitants
3369 3329 25 23 of
3421 3335 40 18 jur
3498 3330 65 29 great

3013 3371 68 25 citio*
3104 3371 72 23 suffer
3206 3370 61 24 from
3291 3369 41 24 the
3353 3369 80 24 effects
3455 3370 27 21 of
3501 3376 56 16 over

3013 3410 122 27 crowing
3145 3410 47 23 and
3205 3410 30 22 all
3248 3410 6 22 i
3258 3413 6 10 f
3269 3417 10 15 s
3289 3409 124 24 attendant
3426 3408 66 24 evils,
3504 3408 56 22 both

3023 3447 106 32 phyfifcal
3144 3450 45 22 and
3203 3448 82 30 moral,
3295 3448 41 22 the
3348 3455 63 16 more
3429 3448 81 23 robust
3530 3455 29 14 an

3011 3490 119 30 energetic
3148 3490 119 31 emigrant
3285 3488 45 26 will
3347 3489 25 25 in
3396 3488 37 26 hi
3462 3493 52 22 turn
3532 3489 28 24 be

3012 3530 60 24 ia'tle
3084 3535 23 18 to
3123 3530 71 24 suffer
3207 3531 22 23 in
3244 3531 14 23 h
3262 3528 4 26 ;
3269 3538 10 16 8
3293 3538 51 16 new
3359 3531 71 23 home
3443 3530 59 23 from
3517 3528 40 26 the

3013 3575 58 20 want
3082 3571 23 24 of
3119 3571 72 29 ready
3203 3571 54 24 skill
3274 3571 47 23 and
3334 3571 40 23 the
3386 3573 67 24 great,
3466 3570 98 24 medical

3011 3617 122 17 resources
3156 3610 26 24 of
3199 3610 37 23 his
3254 3610 79 24 native
3353 3610 55 22 land
3427 3609 87 31 always
3535 3611 24 21 at

3011 3651 135 24 command.
3179 3651 49 23 The
3243 3650 50 24 best
3306 3650 84 24 advice
3404 3658 13 15 a
3429 3650 77 24 triend
3518 3658 42 15 can

3010 3690 55 31 give
3084 3690 20 24 is
3117 3691 35 23 for
3161 3690 49 24 him
3222 3694 24 20 to
3260 3688 53 25 take
3331 3698 12 15 a
3358 3692 86 29 snppiy
3455 3690 26 24 of
3497 3689 65 25 these

3011 3731 50 25 well
3075 3730 88 25 known
3173 3730 114 25 remedies
3302 3738 26 17 as
3344 3735 50 25 part
3406 3731 25 23 of
3443 3731 36 25 his
3494 3730 70 25 outfit

3012 3771 34 24 for
3071 3772 32 29 by
3119 3771 117 23 attention
3273 3774 40 21 the
3324 3771 74 30 easily
3420 3771 144 24 understood

3009 3811 47 25 and
3071 3815 38 25 yet
3130 3813 80 26 ample
3232 3810 127 25 directions
3373 3811 75 25 which
3467 3819 77 16 accom-

3010 3852 60 20 pany
3083 3843 56 24 each
3154 3844 43 23 box
3212 3844 46 23 and
3273 3850 40 23 pot
3329 3844 29 23 he
3377 3844 45 23 will
3446 3852 72 16 never
3531 3845 28 22 be

3008 3881 24 19 at
3043 3876 62 24 fault
3131 3877 67 23 wl.en
3220 3876 71 24 taken
3309 3876 23 25 ill
3356 3884 26 16 or
3407 3877 76 23 under
3511 3883 47 24 any

3010 3908 96 25 adverse
3122 3909 105 24 sanitaiv
3241 3909 134 24 onditinns
3393 3910 25 21 of
3434 3909 47 26 life.

3196 3998 192 41 Beaumont.

3146 4076 62 26 (Own
3221 4076 203 26 Correspondent.)

3036 4112 44 21 Our
3100 4111 51 22 local
3166 4112 142 23 Co-operative
3326 4111 132 27 Goldmining
3473 4112 34 21 Co.
3525 4112 34 21 has

3010 4140 58 20 made
3079 4147 11 13 a
3102 4141 52 20 start
3165 4142 21 18 to
3195 4140 33 26 lay
3238 4140 35 21 the
3285 4147 93 19 pressure
3387 4140 57 26 pipes
3454 4147 25 14 on
3489 4142 22 18 to
3525 4140 34 21 the

3009 4168 67 24 o'aim,
3088 4167 74 24 having
3168 4166 40 21 had
3228 4174 11 13 a
3250 4166 113 21 draw-back
3373 4168 20 18 in
3405 4167 34 20 the
3453 4168 74 23 sawing
3540 4168 19 19 of

3009 4194 36 20 the
3055 4194 75 21 timber
3140 4201 103 19 necessary
3251 4195 21 18 to
3281 4194 99 25 complete
3386 4200 12 13 a
3405 4194 78 25 portion
3494 4194 22 20 of
3525 4194 34 20 the

3009 4222 92 24 flnming.
3128 4221 21 20 Tt
3159 4221 16 20 is
3186 4228 44 13 now
3243 4221 49 25 only
3297 4227 12 14 a
3318 4222 75 19 matter
3398 4220 22 21 of
3425 4228 11 13 a
3442 4221 39 20 few
3492 4222 65 19 weeks

3010 4248 57 21 when
3079 4248 42 21 this
3133 4248 77 24 mining
3219 4250 85 19 venture
3320 4248 39 20 will
3375 4248 24 20 be
3415 4248 74 22 tested.
3516 4248 42 21 The

3008 4277 113 23 promoters
3127 4275 39 20 and
3177 4276 34 19 the
3219 4275 137 20 shareholders
3364 4275 51 20 have
3423 4281 11 13 a
3442 4276 116 23 reputation

3009 4302 22 20 of
3041 4302 60 23 being
3226 4302 39 19 and
3284 4302 16 19 it
3319 4301 16 20 is
3349 4301 103 25 predicted
3462 4301 45 20 that
3518 4302 40 19 this

3008 4335 99 19 company
3118 4328 40 20 will
3168 4328 58 20 make
3235 4335 11 12 a
3256 4328 68 19 record
3340 4327 56 20 when
3415 4327 36 20 she
3469 4329 61 19 starts

3010 4356 40 21 and
3060 4356 35 20 she
3108 4355 64 24 ought
3181 4357 28 23 to,
3229 4355 49 20 with
3293 4354 38 21 her
3347 4354 37 21 500
3397 4354 41 21 feet,
3455 4354 21 21 of
3493 4354 65 22 direct

3008 4389 99 21 pressure,
3122 4382 37 20 her
3168 4389 61 14 never
3238 4382 71 23 failing
3318 4382 72 24 supply
3398 4382 21 19 of
3432 4382 24 19 18
3466 4382 60 20 heads
3536 4382 22 19 of

3009 4412 69 19 water,
3095 4410 48 19 with
3157 4416 11 13 a
3186 4409 99 25 supposed
3299 4409 25 19 25
3332 4409 42 19 feet
3384 4409 107 22 elevation,
3502 4416 54 13 some

3008 4438 51 19 stuff
3072 4436 73 19 should
3156 4436 63 19 travel
3228 4435 4 24 ;
3250 4435 38 19 and
3299 4436 57 23 given
3367 4435 36 20 the
3412 4436 144 23 prospectuses'

3007 4464 55 27 yield
3072 4463 21 22 of
3107 4464 24 21 18
3140 4463 66 27 grains
3216 4464 21 19 to
3246 4462 35 21 the
3296 4462 51 26 load,
3363 4469 12 14 a
3390 4462 32 27 big
3433 4462 95 22 dividend
3540 4462 16 21 is

3006 4499 52 16 sure,

3034 4519 44 19 Our
3086 4518 63 19 cereal
3165 4524 57 17 crops
3231 4524 35 12 are
3274 4518 42 24 just
3325 4519 114 18 so-sonot
3448 4524 21 13 so
3479 4518 49 24 good
3535 4525 21 12 as

3010 4545 40 20 last
3060 4551 47 19 year
3116 4544 27 25 by
3152 4544 25 20 25
3232 4543 119 20 cent.but
3360 4544 46 19 that
3417 4544 16 19 is
3445 4544 27 19 all
3483 4551 5 17 ;
3502 4546 35 18 not
3546 4551 9 12 a

3010 4572 80 25 failure,
3100 4579 21 14 as
3131 4571 82 22 Central
3224 4570 66 28 Otago
3302 4571 17 21 is
3339 4571 126 26 pronounced
3485 4573 21 20 to
3524 4572 30 22 be.

3011 4601 53 21 Root
3083 4607 63 19 crops,
3166 4600 100 26 however,
3285 4606 34 14 are
3334 4600 98 26 suffering
3449 4600 51 21 from
3521 4600 35 21 the

3012 4635 27 17 pn
3048 4628 71 25 longed
3129 4627 97 25 drought,
3235 4627 39 19 and
3283 4627 69 19 unless
3361 4634 30 12 we
3406 4629 34 23 get
3456 4627 41 19 rain
3508 4634 46 13 soon

3011 4654 35 20 the
3056 4653 72 27 turnip
3137 4653 40 20 and
3186 4654 71 23 potato
3267 4659 56 19 crops
3332 4652 42 21 will
3383 4653 24 20 be
3415 4652 102 22 deficient.

3037 4681 9 21 I
3056 4680 84 22 observe
3150 4687 30 14 we
3189 4686 34 15 are
3239 4686 46 15 now
3298 4686 25 15 on
3333 4680 36 20 the
3385 4686 36 14 eve
3438 4680 21 21 of
3472 4680 85 22 another

3012 4709 126 21 educational
3148 4709 93 24 election,
3252 4709 39 20 and
3299 4709 17 21 it
3323 4716 80 14 amuses
3432 4715 51 20 your

3012 4737 45 20 who
3073 4737 16 20 is
3108 4736 109 20 connected
3234 4737 19 19 in
3276 4743 12 12 a
3309 4736 51 20 sma'
3378 4742 44 19 way
3440 4736 50 20 with
3512 4737 46 19 that

3012 4764 137 25 department,
3161 4765 23 20 at
3193 4763 36 21 the
3238 4762 85 22 number
3340 4761 22 23 of
3380 4762 177 27 circularsprint

3012 4793 120 26 onlythat
3140 4799 33 14 are
3183 4792 60 26 being
3256 4791 90 22 received
3359 4791 63 22 about
3440 4792 36 21 the
3493 4793 63 20 Beam

3012 4822 63 19 mont.
3105 4819 144 26 Individually,
3269 4826 30 13 we
3315 4819 51 21 have
3385 4820 79 24 enough
3483 4820 22 20 of
3521 4820 35 21 the

3011 4848 75 21 lawyer
3093 4847 39 20 and
3140 4854 72 18 parson
3220 4846 109 26 fraternity
3338 4847 40 20 and
3384 4847 96 22 element.
3507 4847 51 20 Give

3011 4881 23 14 us
3045 4881 54 13 some
3105 4874 52 20 level
3168 4873 77 21 headed
3255 4873 110 22 mechanic,
3373 4874 47 20 who
3429 4874 40 20 will
3476 4874 24 20 be
3513 4874 45 21 able

3011 4904 21 18 to
3043 4901 35 21 tell
3089 4901 35 20 the
3133 4900 72 27 people
3214 4900 19 21 in
3243 4907 12 14 a
3264 4900 40 21 few
3312 4901 64 21 words
3382 4900 56 22 what
3446 4901 26 21 he
3481 4909 75 19 means,

3010 4929 39 20 and
3059 4935 46 13 save
3115 4928 27 20 all
3151 4928 134 20 thiseruidi'e
3294 4929 139 23 stonewalling
3438 4935 22 14 so
3469 4928 77 21 fashion-

3010 4955 45 22 able
3067 4956 20 19 in
3102 4962 37 13 our
3147 4955 51 20 local
3213 4955 180 21 administrations.
3424 4956 8 20 [
3444 4955 66 20 would
3520 4963 35 18 say

3010 4991 62 18 more,
3086 4982 38 21 but
3136 4982 6 20 1
3157 4982 83 21 observe
3253 4990 25 14 an
3294 4984 90 24 aspirant
3403 4983 20 20 in
3441 4990 38 14 our
3488 4984 55 25 juxta-

3009 5010 62 21 locale
3079 5017 29 14 -a
3119 5017 45 14 new
3179 5010 56 21 word
3244 5011 105 25 especially
3359 5010 68 21 coined
3433 5012 59 19 and
3503 5010 51 26 who,

3009 5037 73 22 should
3092 5038 25 21 he
3126 5038 90 26 succeed,
3231 5038 48 26 will,
3295 5041 23 18 at
3332 5038 36 20 the
3385 5037 56 24 least,
3459 5044 69 14 secure
3544 5045 11 14 a

3009 5065 116 27 reputation
3147 5065 32 20 for
3199 5066 62 20 silent
3283 5065 126 24 workinga
3431 5065 20 20 la
3478 5064 76 23 socitia.

3008 5093 38 20 Let
3053 5099 37 14 our
3098 5094 125 19 committees
3230 5092 90 21 combine
3329 5093 39 18 and
3378 5094 38 24 put
3424 5099 38 14 one
3472 5093 21 20 of
3502 5093 54 20 their

3010 5127 43 14 own
3064 5120 28 26 in,
3102 5120 47 21 with
3159 5127 55 14 some
3224 5120 82 21 modern
3322 5119 54 21 ideas
3391 5119 21 21 of
3421 5120 133 22 architecture

3007 5148 32 19 for
3048 5147 54 21 their
3111 5148 99 25 adequate
3224 5146 177 26 accommodation,
3416 5148 137 24 gymnasiums

3006 5174 41 21 and
3069 5174 104 21 drillfor
3194 5174 89 27 physical
3302 5174 207 26 developmentand
3528 5175 25 21 do

3006 5208 57 20 away
3074 5202 49 21 with
3133 5202 36 20 the
3299 5201 138 27 professional,
3447 5203 22 20 to
3480 5203 24 20 be
3513 5208 39 15 me'

3007 5229 48 21 with
3081 5229 135 26 everywhere,
3246 5229 39 19 and
3314 5228 46 20 who
3387 5236 35 13 can
3446 5230 25 20 be
3491 5231 63 21 found

3006 5256 101 27 labbiting
3116 5256 19 22 in
3147 5262 59 20 many
3213 5255 72 25 gullies
3294 5255 20 21 in
3324 5255 82 21 Central
3417 5257 72 27 Otago.

3145 5341 124 52 Mining
3302 5342 114 42 Notes.

3037 5436 52 26 The
3112 5435 63 27 flood
3205 5437 23 25 in
3255 5436 41 26 the
3320 5438 66 26 river
3411 5438 43 26 has
3480 5438 68 35 again

3002 5473 102 35 stopped
3120 5478 62 20 most
3194 5473 28 26 of
3232 5474 41 25 the
3287 5474 105 35 dredges
3406 5475 91 34 during
3510 5476 39 23 the

3002 5516 55 28 past
3070 5509 75 27 week.

3036 5547 53 25 The
3104 5546 94 27 Golden
3215 5548 63 26 Gate
3299 5548 94 33 dredge
3407 5548 96 26 washed
3518 5556 31 26 up

3001 5593 31 18 on
3059 5582 121 37 Saturday
3203 5584 37 27 for
3267 5586 46 28 7nz
3338 5586 36 27 for
3397 5586 67 27 three
3483 5584 66 38 days'

3001 5621 80 28 actual
3103 5622 64 25 time.

3037 5659 104 28 Neither
3181 5658 41 27 the
3262 5659 150 36 Roxburgh,
3444 5659 104 31 Ettrick,

3001 5696 98 27 Golden
3114 5695 59 27 Run
3187 5704 27 18 or
3227 5697 97 27 Golden
3345 5699 119 24 Treasure
3487 5708 61 16 weie

3015 5733 39 28 ble
3069 5739 24 21 to
3107 5732 66 28 work
3187 5731 47 29 last
3248 5734 78 31 week,
3336 5734 48 28 and
3400 5733 39 29 the
3453 5733 95 29 Golden

3592 164 55 27 Run
3807 166 43 28 Co.
3875 176 49 18 was
3949 164 51 30 also
4022 160 113 40 stopped,

3590 201 72 35 being
3675 202 49 26 still
3738 203 68 26 short
3818 204 24 26 of
3855 211 80 20 water.

3623 239 53 27 The
3692 241 91 34 repairs
3796 246 24 21 to
3835 241 40 27 the
3889 239 140 36 Roxburgh
4043 237 93 36 dredge

3590 286 40 17 are
3643 286 56 17 now
3709 277 127 36 complete,
3850 279 47 26 and
3909 279 43 26 she
3966 278 50 27 will
4029 282 63 22 start
4111 281 25 21 to

3592 314 66 26 work
3672 323 25 17 as
3710 323 60 17 soon
3781 324 25 16 as
3820 315 40 25 the
3872 315 65 25 flood
3947 315 122 25 subsides.

3637 397 180 54 Roxburgh
3837 399 141 53 Cycling
3998 398 92 44 Club.

3629 486 45 28 An
3685 485 205 39 extraordinary
3900 486 108 36 general
4019 487 120 38 meeting

3592 526 28 29 of
3634 526 46 28 the
3693 526 85 28 above
3798 526 62 28 club
3881 535 54 19 was
3957 526 63 28 held
4044 526 28 28 iu
4093 528 47 29 the

3594 567 164 28 Athenamm
3774 566 72 35 Hall,
3862 576 35 19 on
3912 566 135 38 Saturday
4057 577 66 19 even-

3591 608 56 37 ing,
3661 606 79 28 when
3754 606 76 29 there
3843 616 54 18 was
3910 616 16 18 a
3939 606 72 37 good
4032 608 93 28 attend-

3591 658 67 19 ance
3672 647 94 37 (about
3780 657 16 19 a
3809 645 85 31 dozen
3909 646 132 30 members
4055 647 84 40 being

3592 689 120 39 present)
3730 687 54 29 aud
3797 689 46 26 Mr
3857 686 31 29 T.
3902 687 156 37 Thompson
4078 698 45 28 pre-

3592 728 86 29 sided.

3806 776 125 20 MINUTES.

3629 809 57 28 The
3724 808 118 29 minutes
3881 808 28 29 of
3933 807 47 29 the
4012 808 127 37 previous

3593 849 122 37 meeting
3724 859 70 18 were
3817 848 63 29 read
3900 848 54 28 and
3980 848 158 29 confirmed.

3671 898 108 20 ANNUAL
3806 898 94 19 SPORTS
3929 896 126 22 MEETING.

3629 930 57 29 The
3709 930 87 38 fixing
3820 930 30 28 of
3869 930 46 28 the
3937 929 64 28 date
4026 930 44 29 for
4095 928 47 29 the

3591 971 100 29 annual
3713 976 89 34 sports
3825 970 106 29 evoktd
3954 970 186 28 considerable

3592 1011 159 36 discussion,
3765 1011 53 29 and
3834 1010 151 37 ultimately
3999 1020 16 18 a
4037 1010 89 29 resolu-

3591 1053 68 35 tion,
3673 1051 135 40 proposed
3828 1052 36 37 by
3890 1051 45 30 Mr
3960 1050 45 31 W.
4034 1050 106 39 George

3591 1093 53 29 and
3670 1093 136 28 seconded
3831 1093 38 37 by
3891 1092 46 28 Mr
3961 1091 30 28 T.
4018 1091 122 35 Michell,

3591 1135 60 27 that
3665 1135 63 36 they
3740 1133 34 28 be
3787 1133 64 28 held
3865 1143 33 18 on
3913 1133 46 27 the
3971 1132 50 28 4th
4032 1130 105 36 March,

3591 1185 55 18 was
3673 1173 112 30 carried.
3788 1176 81 25 An
3902 1173 174 28 amendment
4102 1172 38 38 by

3592 1215 101 28 Messrs
3709 1215 77 28 Scott
3799 1214 52 27 and
3874 1213 111 29 Clifford
3999 1213 61 28 that
4073 1213 65 36 they

3592 1256 33 28 be
3647 1255 63 28 held
3728 1265 35 18 on
3777 1254 45 29 the
3839 1253 48 30 Oth
3907 1253 30 30 of
3960 1253 60 29 that
4042 1253 96 28 month

3594 1305 54 17 was
3661 1295 157 35 negatived.

3630 1342 164 19 AFFILIATION
3807 1342 32 19 TO
3850 1342 53 19 THE
3920 1342 51 19 N.Z.
3985 1331 127 30 CYCLISTS*

3803 1380 137 20 ALLIANCE.

3631 1412 27 27 It
3672 1422 54 17 was
3739 1411 123 34 decided,
3873 1422 34 16 on
3917 1413 46 25 the
3972 1411 167 38 proposition

3594 1451 29 32 of
3636 1451 102 32 Messrs
3753 1451 77 30 Scott
3843 1450 55 31 and
3910 1450 27 31 J.
3953 1450 115 41 George,
4079 1451 60 30 that

3594 1495 47 26 the
3672 1493 63 27 club
3759 1493 59 35 join
3850 1493 46 27 the
3923 1493 69 26 Mew
4021 1491 119 30 Zealand

3596 1531 125 40 Cyclists'
3737 1531 132 29 Alliance.

3854 1582 182 20 RESIGNATION.

3630 1616 26 25 A
3681 1614 82 27 letter
3783 1624 56 17 was
3862 1614 64 27 read
3940 1615 70 26 from
4037 1613 46 28 Mr
4107 1611 34 29 R.

3596 1653 85 35 Scott,
3697 1653 144 38 tendering
3864 1653 41 30 his
3924 1653 167 39 resignation
4112 1662 30 18 as

3596 1695 106 37 captain
3716 1694 27 27 in
3757 1704 186 28 consequence
3956 1695 28 28 of
3997 1695 42 28 his
4051 1694 75 28 inten-

3596 1735 56 27 tion
3666 1737 28 25 to
3717 1733 75 28 leave
3815 1733 49 32 the.
3888 1734 115 29 district.
4043 1734 27 27 It
4088 1743 54 18 was

3597 1773 87 29 stated
3698 1773 60 28 that
3771 1772 73 29 since
3857 1774 47 28 the
3916 1774 80 28 letter
4022 1784 53 17 was
4100 1784 28 17 re-

3597 1813 93 30 ceived
3717 1813 45 28 Mr
3789 1813 78 28 Scott
3891 1814 54 29 had
3970 1813 102 30 altered
4100 1813 44 29 his

3597 1855 87 37 plans,
3698 1853 53 28 and
3766 1853 89 29 would
3869 1864 60 19 now
3955 1855 102 28 remain
4079 1855 65 27 hero

3599 1895 40 27 till
3664 1894 71 28 after
3759 1893 47 28 the
3842 1899 98 33 sports.
3991 1894 34 29 In
4051 1904 78 19 conse-

3599 1944 103 28 quence
3716 1933 27 28 of
3757 1933 54 28 this
3824 1935 34 27 he
3885 1945 53 17 was
3959 1935 145 37 requested
4118 1938 27 24 to

3599 1973 139 28 withdraw
3760 1973 43 27 his
3816 1973 175 37 resignation,
4008 1974 85 27 which
4111 1973 35 27 he

3600 2012 196 40 subsequently
3809 2013 148 29 consented
3972 2017 27 25 to
4011 2013 44 30 do.

3778 2062 73 19 PIUZF,
3870 2064 101 18 MONEY.

3637 2093 58 28 The
3708 2094 67 27 total
3789 2098 111 23 amount
3914 2094 28 27 of
3954 2093 73 40 prize
4050 2104 97 28 money

3599 2138 29 27 to
3659 2135 35 28 be
3726 2133 162 30 distributed
3915 2135 28 28 in
3968 2134 47 29 the
4041 2135 106 29 various

3600 2186 74 19 races
3688 2179 28 26 at
3730 2176 45 28 the
3789 2180 89 33 sports
3893 2187 52 18 was
3954 2175 71 30 fixed
4039 2180 28 25 at
4080 2177 66 34 33,

3600 2217 47 26 the
3660 2215 110 38 general
3784 2215 110 37 opinion
3918 2216 84 34 being
4015 2217 59 26 that
4086 2217 61 26 that

3600 2260 112 27 amount
3725 2255 88 30 would
3827 2255 112 40 provide
3966 2267 16 19 a
4005 2255 142 32 first-class

3601 2307 181 29 programme,

3691 2346 136 20 TWO-MILE
3848 2346 207 21 CHAMPIONSHIP.

3637 2378 28 29 It
3678 2388 54 18 was
3746 2378 132 34 resolved,
3893 2388 33 19 on
3940 2379 46 28 the
4000 2378 101 29 motion
4119 2378 28 29 of

3601 2419 102 31 Messrs
3730 2418 79 30 Scott
3834 2418 53 30 and
3910 2418 45 32 W,
3980 2418 115 41 George,
4118 2422 29 27 to

3600 2461 65 28 hold
3674 2471 16 17 a
3697 2460 132 30 two-mile
3839 2460 143 37 goldfields
3990 2460 140 38 champion-

3601 2501 61 39 ship
3676 2511 69 25 race,
3761 2500 47 29 the
3822 2500 62 29 club
3898 2500 103 39 having
4022 2509 60 21 now
4099 2500 32 29 de-

3600 2542 79 30 cided
3691 2545 29 25 to
3734 2541 109 29 affiliate
3857 2541 65 29 with
3942 2541 46 29 the
4013 2541 132 30 Alliance.

3600 2584 81 27 An
3713 2583 184 34 amendment,
3930 2582 139 39 reversing
4100 2582 47 29 the

3599 2624 113 34 motion,
3725 2633 54 18 was
3793 2622 62 29 lost.

3630 2672 180 21 PRELIMINARY
3836 2671 210 21 ARRANGEMENTS
4068 2671 50 21 FOR

3826 2713 101 19 SPORTS.

3636 2745 146 34 Resolved,
3793 2755 29 18 as
3836 2755 34 17 an
3883 2744 163 30 instruction
4058 2747 28 27 to
4099 2744 48 29 the

3597 2789 147 33 secretary,
3758 2786 60 28 that
3831 2785 34 29 he
3879 2785 76 27 write
3968 2788 28 24 to
4011 2785 46 29 the
4071 2785 74 30 clerk

3597 2826 30 28 of
3646 2826 47 29 the
3707 2826 130 38 Borough
3851 2824 112 30 Council
3977 2824 43 30 for
4032 2825 96 39 permis-

3597 2866 60 29 sion
3671 2870 28 25 to
3714 2866 80 28 make
3807 2876 16 18 a
3847 2868 64 34 gate
3937 2865 100 37 charge
4050 2876 34 18 on
4097 2866 48 28 the

3597 2905 53 39 day
3663 2906 30 29 of
3705 2906 47 29 the
3764 2909 89 35 sports
3867 2918 8 23 ;
3895 2905 57 29 also
3972 2908 29 26 to
4026 2906 76 29 write
4114 2908 30 27 to

3596 2947 46 28 the
3656 2951 135 32 secretary
3805 2947 29 27 of
3848 2946 47 28 the
3910 2946 120 28 Athletic
4046 2946 98 38 Sports

3597 2986 69 26 Club
3681 2987 43 25 for
3733 2987 47 25 the
3794 2996 46 16 use
3854 2986 29 26 of
3895 2985 71 27 their
3977 2986 90 26 sheds.

3632 3023 69 28 Free
3713 3022 147 29 admission
3874 3027 27 23 to
3913 3023 45 27 the
3969 3022 107 38 ground
4088 3023 54 28 will

3595 3063 34 28 be
3661 3063 116 39 granted
3809 3065 29 27 to
3870 3062 184 39 competitors,
4092 3063 50 28 bub

3595 3104 145 29 members'
3754 3103 100 30 tickets
3867 3103 54 29 will
3936 3107 47 24 not
3992 3103 94 30 entitle
4097 3104 45 29 the

3595 3145 95 29 holder
3703 3149 28 24 to
3744 3144 57 29 free
3812 3144 174 30 admittance.

3632 3186 42 28 No
3686 3184 113 39 spielers
3812 3194 30 20 or
3854 3183 181 29 bookmakers
4047 3183 51 29 will
4108 3184 33 29 be

3594 3225 113 28 allowed
3733 3236 35 17 on
3793 3224 48 28 the
3871 3223 108 39 ground
4003 3224 67 28 with
4095 3225 46 28 the

3594 3267 89 37 object
3693 3265 28 28 of
3734 3265 128 38 carrying
3871 3274 35 18 on
3920 3274 54 28 any
3988 3264 110 38 betting
4111 3276 30 17 or

3594 3306 151 39 gambling.

3631 3347 25 29 A
3687 3345 156 35 resolution,
3871 3345 87 30 which
3989 3355 54 20 was
4075 3355 64 20 con-,

3594 3388 105 28 sidered
3713 3397 65 26 very
3792 3385 81 28 much
3887 3390 27 23 to
3928 3385 46 28 the
3984 3386 85 36 point,
4083 3396 54 17 was

3594 3427 102 29 carried
3711 3427 59 28 that
3785 3425 34 29 all
3840 3425 69 37 dogs
3927 3424 87 29 found
4038 3435 34 18 on
4092 3425 47 28 the

3596 3467 104 39 ground
3714 3467 34 27 be
3761 3465 153 38 destroyed,
3929 3474 28 18 as
3970 3464 65 38 they
4050 3465 90 38 rright

3595 3509 141 29 otherwise
3749 3517 78 19 cause
3841 3505 102 30 serious
3956 3505 133 30 accident.

3632 3550 27 28 It
3671 3559 54 18 was
3744 3548 56 28 also
3826 3547 112 28 decided
3964 3547 59 27 that
4045 3546 77 29 horse-

3595 3600 104 19 owners
3712 3589 37 28 tie
3763 3597 36 28 up
3826 3587 70 29 their
3921 3587 93 28 horses
4040 3589 28 26 at
4092 3586 49 29 the

3594 3630 82 29 north
3690 3629 52 30 end
3756 3629 28 28 of
3796 3627 46 30 the
3856 3627 116 38 ground.

3631 3671 57 29 The
3707 3668 140 38 following
3867 3677 70 20 were
3955 3666 146 39 appointed
4121 3678 16 18 a

3594 3721 170 30 programme
3777 3709 154 29 committee
3942 3720 5 16 :
3951 3707 137 29 Messrs
4102 3707 32 30 R.

3595 3754 86 33 Scott,
3704 3752 34 27 D.
3764 3750 131 36 O'Leary,
3914 3748 31 28 T.
3971 3748 164 37 Thompson,

3593 3791 46 31 W.
3665 3791 181 33 Winchester,
3877 3787 31 31 T.
3941 3787 120 36 Michell,
4089 3787 46 29 W.

3594 3832 107 37 George
3714 3831 53 29 and
3780 3831 47 27 the
3837 3832 135 34 secretary
3986 3828 55 37 (Mr
4053 3828 34 31 13,
4099 3827 36 30 V.

3592 3872 98 37 Beilly.

3713 3919 117 22 CONCERT
3854 3918 55 20 AND
3935 3917 93 21 DANCE.

3628 3953 28 29 It
3669 3963 54 18 was
3738 3950 113 30 decided
3864 3953 29 25 to
3906 3949 63 29 hold
3991 3959 16 18 a
4027 3951 110 26 concert

3590 3994 55 30 and
3667 3994 86 29 dance
3775 4003 35 18 on
3831 3992 45 29 the
3899 3990 117 39 evening
4037 3989 29 29 of
4090 3989 49 29 the

3590 4038 91 36 sports
3694 4044 29 18 as
3738 4032 84 29 usual.

3626 4074 65 29 This
3711 4085 54 17 was
3779 4072 36 31 all
3829 4072 45 28 the
3885 4072 123 30 business
4021 4070 54 30 and
4088 4071 48 29 the

3589 4115 123 40 meeting
3725 4112 161 42 adjourned.

3749 4204 124 43 Millers
3907 4204 76 42 Flat.

3617 4290 182 23 WANDERING
3826 4290 105 21 CATTLE
3956 4289 154 24 NUISANCE,

3640 4350 74 22 SOME
3728 4348 173 24 SURPRISING
3915 4347 164 23 SPECIMENS.

3721 4409 62 26 (Own
3797 4408 204 25 Correspondent.)

3622 4448 14 29 I
3658 4458 44 19 see
3725 4457 73 19 some
3821 4446 29 28 of
3873 4457 48 18 our
3945 4447 103 30 Millers
4072 4447 62 29 Flat

3584 4490 96 36 people
3693 4490 68 26 have
3786 4488 68 28 been
3880 4488 110 37 getting
4010 4488 73 29 fined
4106 4492 28 24 at

3584 4529 47 27 the
3664 4528 28 28 S.
3720 4527 38 29 M.
3788 4527 95 34 Court,
3904 4526 162 38 Roxburgh,
4091 4528 43 27 for

3584 4568 127 38 allowing
3724 4566 71 30 their
3808 4566 81 29 cattle
3904 4570 28 25 to.
3954 4570 75 35 stray
4052 4567 82 35 along

3584 4610 64 27 road
3661 4610 76 26 lines.
3921 4608 73 27 thorn
4017 4608 76 37 right
4104 4608 30 29 !'*

3584 4649 50 27 but
3647 4649 48 26 the
3707 4650 84 24 worst
3804 4646 29 28 of
3846 4647 22 26 it
3881 4647 23 26 is
3913 4647 60 26 that
3986 4647 78 27 those
4073 4648 61 26 who

3585 4699 45 19 are
3641 4688 47 30 the
3697 4690 121 37 greatest
3832 4690 199 36 transgressors
4041 4686 27 30 iu
4080 4687 54 30 this

3587 4740 58 22 way
3659 4733 47 31 get
3719 4729 39 27 off
3766 4732 58 24 scot
3836 4728 66 28 free.
3942 4728 87 28 There
4043 4739 44 17 are
4106 4732 28 26 at

3586 4773 110 36 present
3709 4769 70 29 from
3810 4768 57 30 sto
3882 4768 35 30 30
3930 4768 70 30 head
4014 4768 29 30 of
4052 4768 82 31 cattle

3586 4812 97 28 turned
3695 4814 46 25 out
3765 4821 33 17 on
3822 4810 47 28 the
3890 4810 66 28 road
3979 4820 82 28 every
4081 4811 53 37 day

3586 4852 54 28 and
3653 4851 115 27 allowed
3782 4855 27 23 to
3823 4860 74 17 roam
3911 4850 84 28 about
4008 4860 53 27 any
4073 4861 61 26 w>iy

3585 4892 65 37 they
3663 4892 107 28 choose.
3810 4890 64 28 This
3888 4891 129 28 nuisance
4031 4890 28 28 in
4071 4900 46 28 pre-

3585 4933 77 27 vious
3674 4941 79 27 years
3776 4931 48 27 has
3846 4931 68 27 been
3942 4930 51 28 bad
4014 4930 119 38 enough,

3584 4972 51 28 but
3648 4971 55 29 this
3723 4981 64 28 year
3800 4980 104 19 crowns
3914 4970 44 28 all.

3621 5012 15 28 I
3650 5012 52 28 had
3718 5012 47 28 the
3784 5011 162 28 misfortune
3965 5010 29 28 of
4017 5010 117 37 holding

3584 5063 35 18 an
3644 5052 159 38 occupation
3830 5051 100 29 license
3967 5052 102 28 section
4103 5050 31 30 of

3584 5093 102 28 several
3701 5102 74 18 acres
3789 5092 28 28 of
3840 5092 64 29 land
3924 5095 29 25 at
3974 5092 47 28 the
4046 5102 85 28 upper

3584 5134 53 28 end
3650 5133 30 29 of
3694 5133 102 28 Millers
3810 5132 70 34 Flat,
3899 5132 54 28 and
3967 5132 43 29 for
4028 5132 102 29 several

3584 5184 76 27 years
3687 5182 15 18 a
3723 5172 155 38 neighbour
3899 5172 29 29 of
3949 5173 73 29 mine
4037 5173 57 28 ''not
4115 5183 18 18 a

3583 5224 66 19 near
3662 5212 152 38 neighbour
3827 5212 37 37 by
3877 5223 53 27 any
3949 5214 114 36 means),
4075 5213 54 28 and

3582 5265 16 17 a
3612 5254 100 28 devout
3726 5252 136 29 Christain
3878 5256 29 25 to
3921 5253 209 38 boot,annually

3582 5293 99 29 turned
3707 5296 47 24 out
3781 5293 43 27 his
3850 5294 81 27 cattle
3954 5297 28 24 to
4004 5294 62 28 look
4088 5294 44 27 for

3582 5334 71 28 their
3677 5343 60 18 own
3765 5332 87 39 living
3893 5334 53 27 and
3970 5334 45 28 the
4036 5344 94 19 conse-*

3581 5383 54 18 was
3648 5374 67 36 they
3728 5374 65 27 took
3807 5374 152 38 possession
3976 5374 27 28 of
4016 5384 45 28 ray
4072 5384 56 19 sec->

3581 5414 56 28 tion
3650 5413 54 28 and
3718 5412 35 29 all
3767 5424 43 28 my
3826 5414 92 29 efforts
3929 5418 28 24 to
3965 5414 79 30 fence
4054 5415 74 29 them

3581 5457 47 24 out
3640 5462 71 19 were
3725 5454 28 27 of
3766 5464 36 18 no
3822 5455 79 28 avail.
3941 5454 75 37 They
4038 5455 89 28 would

3581 5492 80 29 make
3669 5493 72 29 their
3750 5504 58 27 way
3907 5494 45 29 the
3962 5494 70 29 river
4043 5495 84 35 bank,

3579 5533 53 27 and
3646 5533 22 28 if
3681 5534 47 28 the
3741 5534 80 28 fence
3843 5534 138 38 projected
4003 5535 58 27 into
4081 5535 47 28 tho

3579 5572 81 35 river,
3675 5582 34 20 on
3723 5574 47 29 the
3793 5579 127 34 pretence
3942 5574 28 30 of
3989 5574 103 40 having
4111 5584 17 21 a

3580 5613 92 34 drink,
3687 5614 64 38 they
3770 5615 89 28 would
3883 5616 75 29 wade
3977 5616 70 29 their
4070 5626 58 28 way

3579 5654 89 29 round
3681 5654 85 30 about
3778 5655 57 30 and
3845 5655 63 29 then
3930 5656 114 39 pretend
4062 5657 66 38 they

3579 5694 48 28 did
3640 5697 50 26 not
3701 5695 81 28 know
3796 5697 49 27 the
3857 5706 58 26 way
3936 5700 55 30 out,
4001 5697 60 37 just
4072 5697 56 28 liko

3578 5743 36 24 3,n
3628 5733 45 33 old
3686 5734 53 33 hen
3753 5735 15 29 I
3782 5735 68 30 have
3863 5739 28 26 at
3912 5735 80 33 home
4005 5736 59 31 that
4078 5746 50 27 cgft

3444 74 164 52 Friday,
3630 77 190 49 Janaary
3841 77 68 44 29,
3934 74 115 42 1897.

1714 82 197 42 MOUNT
1999 85 226 40 BENGER
2310 83 153 41 MAIL.

107 182 225 37 THURSDAY,
353 182 53 30 4th
425 181 220 36 FEBRUARY,

222 224 36 25 At
271 231 45 18 one
330 222 92 28 o'clock
436 223 80 35 sharp.

144 301 185 28 TUAPEKA
352 300 124 29 STOCK
494 299 102 29 FAIR.

95 346 66 22 FIBST
174 351 47 16 AND
230 346 72 22 ThIBD
312 346 132 21 ThUBBDATB
450 351 27 16 IN
485 350 57 17 EACH
556 344 89 22 MONTH.

153 415 74 32 ofl
244 414 29 31 N
354 410 293 33 THOMPSON

98 444 28 30 J
171 456 49 26 will
245 454 56 28 hold
327 454 38 26 his
392 459 60 21 next
475 453 57 26 Sale
556 457 26 22 at
605 451 42 26 the

98 494 117 35 Tuapeka
228 492 55 28 Sale
301 491 90 31 Yards,
404 490 142 33 Lawrence,
560 498 31 17 on
606 489 41 26 the

95 532 80 28 above
188 531 55 27 date
252 537 24 20 at
288 537 47 19 one
348 528 90 28 o'clock
451 527 82 37 sharp.

137 617 94 28 Parties
256 616 110 34 desiring
391 621 24 21 to
440 613 60 28 offer
524 612 76 29 Stock
622 622 28 17 or

102 656 161 36 Implements
276 661 24 21 at
313 654 77 28 above
405 652 54 28 Sale
476 651 129 39 requested
622 656 27 22 to

99 695 62 26 send
181 693 144 36 particulars
348 699 24 18 to
391 691 41 26 rhe
454 691 152 26 Auctioneer
624 698 27 17 as

96 732 70 26 early
180 741 25 15 as
218 730 112 35 possible.

100 803 259 32 APPLICATION
384 802 74 29 FOR
490 800 162 31 SPECIAL

310 854 133 30 CLAIM.

272 940 123 27 Dis'rict:
413 939 82 34 Otago
508 937 110 34 Mining.

233 978 64 27 Date
308 989 6 16 :
334 977 61 28 16th
408 976 121 36 January,
544 976 74 27 1897.

135 1024 39 26 To
188 1023 42 27 the
243 1021 111 28 Warden
367 1026 23 21 at
407 1019 145 35 Roxburgh.

104 1073 92 55 WE
208 1072 91 36 hereby
310 1070 73 36 apply
395 1070 37 27 for
440 1079 16 17 a
466 1068 96 36 Special
573 1068 79 27 Claim

189 1106 414 37 forGoldminingpurposesunder
612 1105 42 27 the

102 1149 138 36 provisions
253 1147 27 28 of
315 1146 53 28 The
381 1146 101 35 Mining
496 1146 56 30 Act,

104 1186 28 29 of
157 1187 44 27 the
230 1185 71 28 lands
341 1184 146 28 hereinafter
518 1181 135 31 described,

105 1226 79 26 which
214 1224 62 28 have
307 1223 60 27 been
409 1221 59 36 duly
499 1219 101 28 marked
628 1220 26 25 in

106 1263 147 28 accordance
264 1261 59 28 with
333 1261 41 27 the
385 1260 98 34 mining
492 1257 162 38 regulations.

170 1313 63 27 The
250 1313 141 26 Dunedin
407 1310 79 26 Gold
498 1308 158 26 Dredging

302 1350 147 29 Company,
468 1346 68 27 Ltd.

149 1398 53 35 (By
217 1397 64 26 their
292 1398 96 32 Agent,
404 1393 75 29 Jabez
494 1393 114 33 Burton).

139 1482 80 25 Name
232 1478 47 28 and
293 1478 100 26 address
406 1478 23 24 in
442 1475 43 26 full
497 1475 28 26 of
530 1475 125 33 applicant

104 1518 85 25 The
203 1515 116 26 Dunedin
346 1513 65 26 Gold
436 1510 131 35 Dredging
580 1509 56 25 Com-

107 1565 72 26 pany,
209 1551 65 30 Ltd..
299 1550 124 28 Dunedin.
461 1546 102 28 Miner's
577 1546 76 36 right,

109 1595 98 31 1G920;
223 1590 112 38 19/9/96.

141 1631 68 34 Style
313 1626 78 26 which
407 1626 19 25 it
447 1625 20 25 is
491 1621 116 28 intended
630 1626 24 19 to

106 1670 105 27 conduct
231 1667 40 27 the
294 1665 109 27 business
462 1660 53 27 The
537 1658 117 28 Dunedin

104 1707 64 29 Gold
183 1705 133 33 Dredging
331 1702 51 30 Co.,
398 1700 56 27 Ltd.

139 1743 111 34 Locality
265 1741 79 26 where
359 1739 40 26 the
420 1736 60 29 land
502 1733 96 37 applied
618 1733 37 27 for

105 1785 19 24 is
135 1778 239 31 situatedSection
386 1776 41 31 37,
440 1773 75 28 Block
530 1772 124 33 I.,Teviot

103 1821 102 27 district.

139 1858 94 27 Extent
246 1855 27 27 of
283 1854 56 27 land
354 1849 96 39 applied
469 1848 105 28 for4s
588 1856 67 19 acres

104 1896 16 28 3
132 1895 71 27 roods
217 1894 31 26 20
262 1892 73 36 poles.

139 1935 111 25 Amount
263 1931 28 24 of
300 1926 89 37 capital
403 1923 119 39 proposed
537 1930 25 19 to
575 1922 29 28 be
617 1924 24 25 in-

104 1969 83 27 vested
224 1967 106 31 7,500.

139 2004 123 37 Proposed
274 2003 70 27 mode
353 2001 28 27 of
388 1999 114 33 working
512 1997 40 26 the
562 1995 94 28 land-

104 2045 139 34 Dredging,

137 2083 72 25 Term
222 2081 37 25 for
272 2078 79 25 which
374 2074 91 36 special
484 2075 72 26 claim
579 2079 75 28 grant

102 2121 21 27 is
136 2116 177 41 required2l
335 2122 70 28 years

137 2156 105 30 General
273 2149 249 32 remarksGround
553 2146 100 37 already

105 2195 128 35 surveyed.
271 2193 66 32 Pegs
348 2189 99 28 marked
461 2188 44 26 No.
516 2189 51 25 oto
579 2186 74 27 1760.

139 2232 80 27 Dated
233 2237 24 20 at
278 2227 136 35 Roxburgh
428 2225 48 27 this
496 2223 59 28 16th
569 2223 47 36 day
630 2221 27 27 of

102 2271 122 33 January,
239 2268 74 29 1897.

137 2310 54 25 The
203 2308 78 26 above
294 2305 146 34 application
454 2302 47 26 and
514 2311 48 23 any
575 2300 66 34 objec-

106 2347 64 27 tions
190 2344 50 27 will
262 2343 29 28 be
313 2341 75 28 beard
412 2347 24 20 at
459 2339 40 26 the
522 2336 132 29 Warden's

105 2385 75 27 Office
200 2388 25 22 at
251 2379 136 37 Roxburgh
401 2388 30 18 on
447 2377 58 28 19th
519 2374 134 38 February,

105 2422 76 31 1897.

139 2463 59 29 Any
210 2468 88 28 person
312 2457 110 32 desiring
435 2461 24 19 to
473 2454 78 37 object
570 2458 25 21 to
612 2453 42 26 the

106 2491 121 44 granting
240 2496 27 27 of
276 2505 13 18 a
302 2493 88 36 special
405 2493 72 26 claim
501 2489 96 37 applied
618 2489 37 27 for

104 2541 77 28 must,
201 2534 86 28 within
311 2533 31 27 14
364 2531 65 28 clear
449 2530 60 35 days
534 2528 60 27 from
613 2527 43 27 the

106 2575 56 27 date
175 2573 26 28 of
209 2573 59 27 such
281 2570 157 36 application,
448 2574 69 21 enter
528 2566 38 28 his
575 2565 66 39 objec-

106 2613 64 26 tions
189 2618 25 20 at
240 2610 40 27 the
301 2607 130 28 Warden's
450 2604 75 28 Office
543 2609 26 22 at
588 2603 51 27 Rox-

106 2649 90 37 burgh.

157 2694 209 32 FREDERICK
384 2691 170 33 JEFFERY,

307 2733 72 28 Clerk
393 2731 131 28 Warden's
537 2730 85 27 Court.

145 2783 119 28 Received
280 2788 25 20 at
318 2791 63 17 noon
396 2790 30 17 on
441 2778 112 37 16/1/97.

108 2858 53 56 J)
243 2855 44 36 A.
362 2850 293 43 BUCHANAN,

190 2929 72 23 BOOT
290 2928 59 21 AND
374 2925 73 22 SHOE
473 2922 109 26 MAKER,

157 2976 140 30 Scotland
308 2992 10 5 -
329 2981 104 25 street,
454 2970 160 29 Roxburgh.

218 3065 91 37 Every
330 3060 165 39 description
518 3058 29 28 of

114 3121 84 28 Boots
210 3127 56 21 and
280 3117 88 28 Shoes
382 3114 132 29 Supplied
527 3119 35 20 or
574 3110 83 28 Made

285 3166 31 19 to
336 3156 142 28 Measure.

109 3214 45 27 Fit
163 3209 181 32 Guaranteed.
420 3206 46 28 Fit
474 3202 182 31 Guaranteed.

157 3289 123 24 REPAIRS
304 3286 116 23 NEATLY
450 3283 155 22 EXECUTED,

224 3358 26 27 A
273 3355 85 30 Trial
381 3352 153 30 Solicited.

118 3439 232 30 CHRISTMAS
377 3436 24 29 &
431 3433 90 30 NEW
552 3430 104 30 YEAR

275 3473 225 35 NOVELTIES.

149 3521 137 38 (Suitable
299 3520 45 28 for
360 3518 103 34 Young
476 3514 54 29 and
544 3512 75 38 Old).

219 3601 26 29 A
259 3599 134 38 complete
405 3595 106 39 display
524 3593 29 29 of

110 3648 130 30 FANCY
269 3644 134 34 GOODS,
437 3637 218 34 CHRISTMAS

160 3686 134 36 CABDS,
333 3684 106 33 TOYS,
477 3680 134 36 BOOKS,

228 3724 235 33 MAGAZINES,
483 3723 49 29 &c

107 3804 145 26 BARGAINS
269 3804 40 21 ON
326 3803 57 21 THE
401 3798 136 25 SHILLING
556 3797 96 21 TABLE.

226 3870 160 28 Inspection
406 3867 123 28 Invited.

158 3963 58 57 F.
259 3953 342 64 JEFFERY.

107 4034 188 24 BOOKSELLER.
309 4031 130 25 CHEMIST,
452 4030 80 20 NEWS
548 4029 101 26 AGENT,

269 4058 166 27 STATIONER,
448 4057 37 22 &c.

172 4100 139 31 TEVIOT
338 4096 247 32 DISPENSAKY.

273 4177 57 38 W
394 4176 20 37 I
476 4174 37 39 H
577 4173 37 42 H
638 4203 7 14 ,

104 4246 132 26 PAINTER,
260 4243 128 26 GLAZIER,
410 4242 90 22 PAPER
518 4241 128 25 HANGER,

176 4274 68 21 SIGN
263 4272 114 20 WRITER
397 4271 61 20 AND
479 4269 93 21 HOUSE

287 4297 173 25 DECORATOR,

191 4339 71 29 Ross
281 4339 98 34 Place,
398 4337 158 28 Lawrence.

138 4422 42 28 On
195 4420 62 29 Sale
269 4430 16 18 a
294 4420 76 37 large
380 4418 53 28 and
442 4417 92 29 varied
543 4419 87 26 assort-

100 4464 75 28 ment
188 4460 28 30 of
230 4459 67 38 Oils,
311 4459 102 36 Paints,
436 4457 96 36 Scrim,
555 4456 89 37 Glass,

99 4502 226 38 Paperhangings
347 4500 53 29 and
420 4499 133 29 Painters'
573 4498 54 28 Sun-

98 4542 81 30 dries.

135 4583 68 30 New
211 4581 53 31 and
272 4580 169 31 fashionable
448 4579 74 30 Wall
531 4578 112 41 Papers,

97 4626 71 27 from
182 4624 36 28 od
239 4634 49 26 per
308 4623 74 37 piece
405 4621 134 38 upwards.
579 4623 48 25 Pat-

96 4667 76 26 terns
185 4666 60 26 sent
258 4672 36 19 on
313 4660 174 40 application,
501 4663 62 34 post
575 4659 68 27 free.

134 4704 146 29 Estimates
293 4702 82 38 given
387 4701 43 29 for
453 4699 116 30 General
591 4699 35 29 Re-

97 4745 83 39 pairs,

135 4782 161 32 Celebrated
309 4782 131 30 Lnstruss
457 4780 90 37 Paint,
561 4780 82 40 ready

95 4825 101 35 mixed,
208 4825 36 28 all
259 4824 120 29 Colours.

156 4913 98 26 OOK
317 4913 64 24 AT
441 4910 171 25 THIS!

155 4992 102 25 BOOTS
274 4996 36 20 for
324 4993 41 22 the
383 4990 79 27 Great,

183 5037 74 25 Boots
276 5037 36 23 for
333 5037 43 23 the
389 5035 89 29 Small;

153 5080 72 24 Boots
240 5079 36 24 for
296 5079 40 24 the
354 5078 78 29 Miort,

186 5125 70 23 Boots
274 5124 37 24 for
327 5124 41 24 the
385 5122 54 25 Tall
454 5131 6 20 ;

156 5171 72 22 Boots
242 5169 36 23 for
296 5169 40 24 the
354 5167 95 31 Young,

185 5209 72 24 Boots
274 5208 36 23 for
325 5208 39 23 the
383 5207 47 24 Old
442 5215 5 20 ;

186 5271 54 26 And
257 5270 101 25 BOOTS
374 5270 45 24 and
437 5268 104 26 SHOB3

305 5326 36 24 for
357 5324 28 24 all
409 5333 14 15 a

201 5391 41 36 K
293 5387 255 43 Baillie's,

106 5455 113 31 Opposite
235 5451 158 27 Commercial
412 5451 82 29 Hotel,
514 5449 132 30 Roxburgh

275 5559 47 24 and
339 5560 91 28 inspect
441 5557 41 24 tbe
497 5556 80 23 Stock.

186 5686 86 29 Kozie
284 5685 56 28 Tea
358 5685 23 27 is
403 5684 38 36 by
463 5682 43 27 far
524 5681 48 27 the
590 5679 61 28 best

103 5727 79 28 value
190 5724 166 30 obtainable.
375 5722 90 28 Johns
475 5720 59 30 &M
537 5722 7 11 f
547 5719 104 33 Combe,

99 5769 118 42 Agents,
229 5763 105 32 Millers
348 5762 71 33 Flat,

676 181 259 30 APPLICATION
948 179 75 30 FOR
1035 175 193 32 LICENSED

859 219 185 31 HOLDING.

847 295 122 26 District:
986 292 84 34 Otego
1083 291 113 29 Mining.

800 330 64 28 Date
876 340 6 18 :
903 329 62 28 20th
977 330 125 33 January,
1116 327 79 28 1897.

709 375 37 26 To
760 374 40 27 the
816 374 108 26 Warden
937 378 26 22 at
977 371 148 35 Roxburgh.

736 412 46 7 r-TT-.
791 412 92 7 ,T.T-n~.*
957 410 6 9 1
1012 409 10 10 C
1110 407 28 12 T
1223 406 5 13 1

742 449 114 35 Holding
875 449 36 26 for
925 448 167 32 Goldmining
1112 454 118 28 purposes

677 487 78 28 under
769 487 41 26 the
822 487 138 35 provisions
983 485 27 26 of
1054 484 52 27 The
1127 484 103 32 Mining

678 527 59 29 Act,
876 524 28 26 of
922 523 41 27 the
988 522 71 27 lands
1085 520 148 28 hereinafter

678 562 135 33 described,
824 562 80 28 which
915 562 62 27 have
991 561 60 27 been
1062 558 58 38 duly
1132 557 101 29 marked

678 602 26 26 in
717 600 149 28 accordance
880 600 61 27 with
955 599 41 27 the
1017 598 100 35 mining
1137 596 84 36 regula-

680 639 73 28 tions.

682 685 176 30 CHARLES
868 683 177 30 WILLIAM
1054 680 182 31 RATTRAY

708 726 50 36 (By
772 726 38 27 his
829 725 124 32 Solicitor,
967 723 28 28 F.
1011 723 31 28 G.
1057 720 162 36 Dalziell.)

870 762 137 37 Signature
1020 760 27 28 of
1057 760 144 35 Applicant.

716 802 48 28 No.
774 800 48 29 and
835 801 56 28 date
901 800 26 28 of
937 800 99 27 miner's
1046 798 86 37 right:
1150 797 68 28 3928
1226 807 8 24 j

682 840 116 36 H/i/97.

718 910 80 28 Name
821 910 48 28 and
892 910 99 27 address
1012 909 26 26 in
1060 907 45 27 full
1119 906 29 28 of
1156 905 65 37 appli-

683 948 197 28 cantCharles
904 947 114 27 William
1042 946 114 35 Rattray,
1176 953 46 18 mer-

683 986 83 31 chant,
781 986 126 27 Dunedin.

717 1024 112 35 Locality
843 1023 80 27 where
935 1023 41 26 the
986 1021 59 28 land
1056 1019 96 38 applied
1167 1019 36 26 for
1216 1019 20 26 is

682 1061 141 28 situated
828 1061 28 27 In
868 1061 76 27 Block
957 1060 55 33 IX.,
1023 1060 100 34 Benger
1130 1058 105 29 district,

683 1099 116 34 abutting
810 1109 32 16 on
865 1099 119 26 northern
998 1097 129 35 boundary
1141 1095 26 27 of
1178 1095 43 26 Sec-

683 1138 50 26 tion
748 1138 23 31 2,
786 1136 78 28 Block
880 1136 47 26 IX.

718 1174 94 28 Extent
824 1174 25 27 of
861 1174 59 27 land
931 1172 97 37 applied
1042 1172 87 27 forfi
1143 1179 76 18 acres.

718 1214 112 25 Amount
842 1212 27 27 of
879 1212 90 35 capital
983 1210 120 37 proposed
1117 1214 28 23 to
1156 1208 28 27 be
1198 1209 25 26 in-

683 1250 226 32 vestedl,soo.

719 1288 124 34 Proposed
857 1287 72 28 mode
950 1288 26 25 of
996 1286 115 35 working
1125 1286 40 26 the
1179 1284 57 28 land

684 1325 175 37 Hydraulic
872 1326 115 32 sluicing.

718 1363 71 27 Term
804 1363 36 27 for
854 1363 80 27 which
948 1362 90 28 license
1051 1363 20 26 is
1089 1360 149 37 required

686 1402 29 24 -21
735 1410 80 23 years.

721 1435 103 28 General
838 1435 215 31 remarksPegs
1064 1433 99 28 markpd
1180 1432 41 27 W.

718 1475 81 25 Dated
814 1480 25 21 at
856 1475 134 34 Roxburgh
1007 1474 48 26 this
1077 1473 61 27 ?oth
1153 1473 47 33 day
1215 1471 23 27 of

683 1510 120 34 January,
825 1510 74 26 1897.

718 1581 52 26 The
784 1580 76 27 above
873 1581 149 34 application
1038 1580 46 26 and
1099 1589 49 17 anv
1162 1579 65 36 objec-

686 1620 62 24 tions
763 1618 49 26 will
836 1618 28 25 be
890 1619 73 25 heard
990 1625 24 18 at
1040 1618 40 24 the
1106 1616 132 26 Warden's

684 1654 76 28 Office
777 1661 25 20 at
819 1654 137 38 Roxburgh
971 1665 31 17 on
1023 1654 60 28 19th
1104 1653 134 32 February,

686 1694 72 32 1897,
773 1699 25 20 at
812 1694 31 25 10
856 1703 57 17 a.m.

720 1734 56 31 Any
791 1740 88 25 person
894 1732 111 29 desiring
1025 1737 24 18 to
1063 1729 81 34 object
1158 1734 25 21 to
1198 1729 40 25 the

683 1769 65 26 issue
762 1767 27 27 of
798 1777 14 17 a
825 1767 90 28 license
926 1769 37 26 for
975 1769 39 26 the
1026 1767 56 27 land
1095 1766 96 36 applied
1202 1766 37 26 for

685 1812 72 22 must,
778 1806 65 35 prior
859 1814 23 19 to
896 1806 43 28 the
963 1807 113 32 hearing,
1101 1812 69 20 en'er
1201 1803 38 27 his

683 1844 136 35 objections
843 1851 26 20 at
894 1844 41 28 the
960 1843 133 27 Warden's
1118 1842 76 28 Office
1214 1848 24 20 at

684 1881 83 34 Clyde.

735 1925 210 28 FREDERICK
963 1924 171 29 JEFFERY.

881 1962 74 26 Clerk
972 1962 129 26 Warden's
1115 1962 87 25 Court.

718 2006 121 28 Received
854 2013 26 21 at
893 2007 133 27 Warden's
1045 2006 84 33 Office,
1149 2004 86 39 Clyde,

683 2054 31 18 on
729 2046 55 26 21st
796 2045 122 32 January,
937 2045 75 32 1897,
1027 2051 23 21 at
1067 2046 30 26 10
1111 2054 56 19 a.m.

685 2150 25 26 A
715 2150 17 24 *
761 2147 25 29 H
845 2146 392 36 FINLAYSON,

767 2199 160 21 barrister
941 2199 61 21 and
1016 2199 154 23 solicitor,

878 2237 164 35 Lawrence,

682 2299 68 29 Will
775 2298 96 28 attend
896 2298 47 28 the
962 2298 152 32 Roxburgh
1137 2296 96 29 Court.

682 2402 103 39 Money
794 2404 28 26 to
831 2399 79 31 Lend
920 2411 35 19 on
965 2399 135 31 Freehold
1111 2399 126 39 Security

685 2534 193 31 PREVIOUS
891 2543 32 21 to
941 2533 297 40 STOCK-TAKING,

696 2597 180 38 TOHKS
917 2596 33 38 &
986 2595 251 44 M'COMBE,

687 2679 127 23 GROCERS
828 2680 61 22 AND
907 2679 136 22 GENERAL
1057 2678 180 26 MERCHANTS,

823 2730 158 27 MILLERS
1000 2729 99 28 FLAT.

868 2792 69 28 Will
959 2792 63 38 give
1045 2802 16 18 a

689 2844 194 30 DISCOUNT
922 2843 47 30 OF
1009 2842 87 30 TWO
1134 2842 84 30 SHIL-

770 2884 114 30 LINGS
904 2884 54 36 (2s)
977 2884 44 28 IN
1040 2883 77 29 THE

946 2937 42 29 On

788 2990 74 27 ALL
894 2989 101 28 CASH
1028 2988 118 28 SALES

817 3034 108 33 During
939 3034 54 28 this
1007 3032 104 30 month.

727 3116 50 29 We
796 3116 70 29 have
887 3126 16 18 a
921 3116 77 36 large
1019 3114 78 29 stock
1118 3114 30 28 of
1170 3114 51 28 Gro-

687 3157 95 35 ceries,
809 3156 134 37 Drapery,
974 3156 94 33 Boots,
1094 3154 126 28 Ironmon-

687 3208 78 27 gery,
782 3196 91 38 Fancy
885 3196 101 34 Goods,
1002 3194 235 40 Paperhangings,

687 3237 67 34 Oils,
766 3236 58 34 &c,
833 3236 61 36 &c,
905 3236 87 28 which
1003 3239 73 26 must
1086 3235 34 28 be
1130 3234 105 29 cleared

687 3277 22 28 if
722 3277 128 38 possible.

882 3354 139 23 AGENCIES
1030 3354 4 23 :

686 3394 176 28 Manchester
875 3394 62 28 Fire
949 3394 147 27 Insurance
1111 3393 47 27 Co.

686 3434 156 27 Australian
853 3433 105 28 Mutual
967 3433 146 28 Provident
1123 3431 110 30 Society

842 3532 53 28 you
908 3521 70 29 tried
992 3521 85 29 Kozie
1090 3521 55 28 Tea
1157 3530 8 19 r
1206 3520 26 28 If

738 3570 5 3 '
781 3565 56 32 not,
864 3561 35 29 do
931 3572 29 18 so
991 3565 29 25 at
1044 3572 86 24 once;
1162 3561 23 28 it
1210 3561 22 28 is

687 3601 138 30 delicious.
881 3601 34 30 D.
950 3601 138 36 Cormack,
1126 3601 104 39 Agent,

684 3642 161 38 Roxburgh.

683 3720 37 55 J
723 3765 10 11 #
794 3722 48 37 H.
905 3720 324 42 PEARSON,

778 3786 66 20 ROSS
857 3786 95 25 PLACE,
967 3785 166 25 LAWRENCE,

724 3831 259 36 CONTRACTOR,
1003 3830 182 34 BUILDER,

926 3893 54 20 AND

814 3935 274 32 UNDERTAKER.

680 4010 143 30 Contracts
836 4011 84 29 taken
931 4011 44 29 for
987 4009 137 30 Builders'
1142 4008 86 30 Work

795 4051 29 30 of
837 4062 81 29 every
932 4050 176 40 description.

738 4125 197 23 ESTIMATES
966 4124 194 24 PREPARED.

713 4184 26 30 A
752 4184 195 30 well-assorted
974 4184 85 30 Stock
1080 4183 30 29 of
1129 4181 84 29 Furni-

675 4228 61 26 ture
750 4225 100 37 always
863 4236 34 18 on
910 4224 84 30 hand.

715 4266 133 28 Funerals
858 4266 153 28 conducted
1025 4267 26 26 in
1063 4265 35 27 all
1112 4266 75 35 parts
1201 4262 30 28 of

678 4305 47 28 the
750 4305 125 29 District.
915 4306 104 28 Hearse
1044 4302 136 41 provided
1208 4302 23 27 if

674 4346 135 36 required.

728 4429 15 31 f
834 4429 22 28 T
872 4453 5 6 .
946 4426 283 35 BOWDEN,

751 4506 176 28 CARPENTER,
953 4505 115 24 JOINER,
1096 4504 61 20 AND

849 4543 207 24 UNDERTAKER,

675 4596 99 27 Desires
799 4601 25 22 to
849 4595 79 28 thank
952 4594 42 29 the
1025 4593 88 28 Public
1138 4592 24 28 of
1187 4591 41 28 the

675 4634 105 25 District
794 4634 37 25 for
849 4640 56 27 past
922 4637 113 29 support,
1055 4631 48 25 and
1122 4630 61 32 begs
1203 4635 24 19 to

675 4669 89 27 inform
794 4670 66 26 them
895 4671 55 25 that
980 4668 30 27 be
1041 4667 43 27 has
1114 4664 113 28 resumed

675 4708 121 27 Business
808 4709 26 26 in
847 4707 150 31 Roxburgh.

675 4795 134 28 Estimates
820 4796 73 35 given
905 4795 48 28 and
964 4793 122 36 Building
1095 4791 133 28 Contracts

774 4845 28 26 of
818 4844 31 27 all
868 4844 75 27 kinds
960 4841 163 29 undertaken.

710 4928 77 27 Plans
800 4929 48 26 and
867 4929 186 35 Specifications
1066 4924 124 38 prepared.

727 5091 145 30 TLLERS
937 5090 98 29 FLAT
1092 5086 136 34 HOTEL,

837 5213 121 22 MTLLEES
985 5211 78 22 FLAT.

1030 5472 167 39 Proprietor.

739 5635 87 31 OZIE
840 5635 84 28 TEA.
963 5634 26 27 A
1000 5628 173 38 stimulating
1181 5625 53 29 and

777 5675 155 37 sustaining
944 5684 53 26 cup
1010 5673 28 27 in
1051 5678 122 22 summer
1181 5665 53 30 and

684 5718 106 27 winter.
829 5714 35 29 D.
880 5714 141 33 Cormack,
1035 5711 105 38 Agent,
1160 5707 56 27 Rox-

678 5755 103 41 burgh,

1259 171 138 30 ROMAN
1424 173 192 31 CATHOLIC
1642 173 170 30 MISSION.

1451 253 170 24 ROXBURGH,

1261 291 97 10 mnn
1375 291 29 10 xt-
1538 294 21 7 tti
1682 293 23 8 ...

1343 328 107 28 Mission
1473 336 25 21 at
1522 331 37 27 St.
1585 332 95 26 Marv's
1705 331 110 33 Church,

1261 365 143 34 Roxburgh
1424 377 30 16 on
1475 367 157 34 SUNDAY,
1733 367 61 28 FEB-

1264 402 139 35 RUARY,
1417 411 26 21 at
1456 405 30 27 11
1501 414 57 19 a.m.

1300 440 46 27 His
1369 441 131 36 Lordship,
1523 444 36 26 Dr
1578 443 109 31 Yerdon,
1702 443 50 26 will
1773 443 28 25 ad-

1263 478 113 27 minister
1404 478 181 28 Confirmation
1618 490 30 16 on
1679 480 113 26 THURS-

1264 515 84 34 DAY,
1364 516 41 27 the
1420 517 71 26 11th
1506 517 209 28 FEBRUARY.

1428 601 125 25 MILLERS
1579 604 78 22 FLAT.

1299 637 70 29 Mass
1380 637 48 28 will
1441 637 28 29 be
1480 639 137 27 celebrated
1632 647 24 21 at
1670 640 40 28 the
1722 639 82 31 School-

1266 676 83 29 bouse,
1361 677 97 26 Millers
1470 675 64 31 Flat,
1546 687 30 16 on
1592 678 158 34 SUNDAY,
1763 680 53 25 7th

1265 713 210 33 FEBRUARY,
1489 720 25 20 at
1530 715 26 24 11
1574 724 13 17 a
1599 725 22 16 m
1634 736 5 11 ,
1655 716 31 36 by
1700 717 41 26 the
1755 717 55 25 Rev

1266 752 92 26 Father
1372 751 86 35 Coffey
1470 761 5 22 ;
1496 752 47 26 and
1564 762 12 16 a
1600 753 105 27 Mission
1727 754 48 26 will
1792 753 27 27 be

1266 789 93 37 opened
1372 789 107 26 thereon
1492 788 138 29 FRIDAY
1649 791 169 32 EVENING,

1267 828 41 26 the
1322 828 61 26 12th
1397 826 207 34 FEBRUARY,
1626 828 97 36 closing
1733 839 30 17 on
1779 830 41 26 the

1267 864 128 37 following
1414 863 103 38 Sunday
1532 867 53 33 (the
1603 867 77 33 14t!.i),
1697 868 70 26 when
1783 867 37 26 his

1268 903 129 35 Lordship,
1412 903 37 25 Dr
1472 903 110 34 Yerdon,
1607 905 47 27 will
1675 905 146 26 administer

1266 940 187 28 Confirmation.

1485 978 33 30 P.
1540 979 172 36 O'LEARY,

1687 1028 100 26 Rector.

1266 1103 139 30 TEVIOT
1416 1105 162 28 WESLEY
1582 1107 50 26 AN
1649 1105 171 29 CHURCH.

1268 1187 75 32 f\N
1365 1185 113 38 Sunday
1494 1186 122 29 Services
1632 1185 52 29 will
1711 1186 32 30 be
1758 1195 48 21 con-

1355 1227 100 27 ducted
1468 1238 29 16 a.s
1512 1226 90 29 follow
1618 1239 45 15 :

1266 1275 112 26 Roxburgh
1389 1275 20 25 (7
1419 1274 84 28 p.m.)
1504 1274 51 22 Rev.
1566 1274 21 22 J.
1602 1275 25 19 H.
1641 1275 81 23 IIoo;r

1534 1309 5 14 :
1555 1302 19 20 I>
1585 1302 16 20 it,
1614 1302 12 21 l
1627 1301 5 13 r

1267 1330 48 22 Coal
1325 1330 65 22 Creek
1400 1330 20 26 (3
1430 1324 66 31 p.m.)*
1502 1329 65 21 -R-v.
1578 1329 21 21 J.
1616 1330 25 20 H.
1657 1328 79 27 Hooper

1268 1358 80 22 Ettnck
1358 1358 28 25 (11
1398 1357 128 25 a.mj-R'v
1545 1357 21 21 J.
1581 1358 25 20 H.
1620 1357 36 20 K.i.
1665 1362 31 21 p-i

1363 1385 21 24 (7
1393 1385 60 26 p.m.)
1459 1385 54 20 -Mr
1524 1385 33 20 XV.
1572 1385 13 19 V
1605 1384 64 30 Mt;li
1686 1390 26 11 **

1433 1428 22 28 T
1469 1429 27 27 II
1511 1430 25 26 A
1550 1428 24 28 N
1591 1428 27 29 K
1633 1430 28 28 S.

1267 1507 36 19 TO
1318 1507 57 19 TFIE
1395 1507 75 19 KIND
1491 1505 196 22 INHABITANTS
1706 1506 34 20 OF
1759 1507 47 19 ROX-

1293 1538 99 23 BURGH
1405 1540 61 20 AND
1477 1539 42 20 ITS
1536 1538 257 23 NEIGHBOURHOOD.

1458 1615 94 31 accept
1566 1620 49 15 our
1633 1613 69 24 most
1717 1609 105 28 sincere

1358 1647 112 28 Thanks
1492 1651 42 26 tor
1557 1660 68 28 your
1645 1652 108 26 earnest
1776 1658 31 19 en-

1269 1687 133 29 deavours
1418 1689 24 26 in
1458 1700 69 26 your
1547 1691 92 27 senrcli
1659 1691 42 29 for
1712 1700 49 17 nnr
1774 1689 32 29 be-

1268 1727 80 29 loved
1384 1728 118 29 Mother.
1555 1729 103 37 Kindly
1696 1730 126 29 continue

1268 1768 99 38 giving
1379 1779 70 27 your
1463 1768 158 31 assistance.

1390 1821 89 29 Yours
1494 1822 142 38 sincerely,

1463 1876 37 29 11.
1526 1875 118 31 CROSS
1650 1877 60 35 AN,

1509 1924 40 28 On
1564 1925 93 29 behnlf
1666 1926 31 28 of
1707 1926 114 29 Fntnilv.

1436 2008 219 38 WANTED,

1268 2062 241 48 pOMPETENT
1527 2062 42 48 D!!
1579 2062 29 48 RI
1616 2068 16 21 )l
1639 2066 61 25 2KM
1710 2070 16 21 A
1733 2067 86 26 g!'SIi

1303 2128 122 28 Practical
1448 2130 173 31 Engineering
1639 2130 150 31 Experience

1302 2205 111 26 Address
1428 2206 58 26 with
1503 2207 123 25 testinjnni
1646 2208 19 23 Is
1680 2214 24 16 r<*

1572 2250 69 29 BOX
1663 2253 56 33 204,

1667 2293 4 25 !
1680 2302 48 16 miik
1732 2293 56 25 din.

1423 2358 27 29 X
1471 2359 22 28 0
1514 2359 22 27 T
1557 2358 12 29 I
1593 2359 19 30 C
1639 2360 27 29 K.

1341 2451 104 31 'ILL
1461 2453 52 28 IA
1529 2453 29 30 M
1617 2453 100 30 MAL
1729 2453 59 30 0N
1801 2455 21 28 E

1267 2521 189 40 Respectfully
1471 2521 115 28 informs
1595 2521 42 28 his
1649 2521 104 29 friends
1768 2522 53 28 and

1388 2562 47 29 the
1449 2563 93 37 public
1557 2562 59 29 that
1630 2562 34 29 he
1678 2563 21 28 is

1338 2621 193 30 STARTING
1564 2620 189 31 BUSINfcSS

1508 2674 40 28 As
1568 2684 16 18 a

1362 2735 174 37 General
1570 2735 159 37 Grocer

1271 2801 46 37 (In
1331 2800 134 30 Premises
1480 2801 143 38 adjoining
1632 2802 45 28 Mr
1691 2801 130 30 Mercer's

1485 2841 132 38 Bakery),

1269 2897 43 29 On
1332 2897 167 29 MONDAY
1513 2898 112 35 NEXT,
1642 2898 45 29 Ist
1701 2897 119 36 PROX.,

1317 2952 64 29 And
1399 2952 102 29 solicits
1515 2964 16 16 a
1544 2953 79 28 share
1637 2952 28 30 of
1679 2954 92 37 public

1469 2997 95 31 patron
1569 3003 50 19 aero

1429 3077 27 30 N
1477 3079 22 28 0
1519 3078 22 30 T
1563 3079 11 28 I
1597 3078 20 31 C
1640 3079 30 30 E.

1284 3172 19 26 A
1322 3171 21 28 N
1361 3171 192 28 Extraordinary
1697 3173 27 26 nf
1734 3173 70 26 Share-

1269 3202 49 24 *
1356 3209 96 27 holders
1472 3210 28 26 nf
1517 3210 38 25 dip
1590 3210 112 27 Reaissiiit
1729 3211 89 27 Vallev

1266 3246 165 29 Goldminin<r
1446 3246 126 37 fVmpanv
1589 3246 47 28 will
1662 3248 27 25 lie
1715 3248 56 27 lipid
1794 3257 24 17 at

1266 3284 41 26 tin*
1333 3284 149 34 Company's
1508 3285 82 28 Mffiw.
1616 3285 146 30 Roxburgh,
1788 3296 28 16 rn

1266 3321 205 33 SATURDAY,
1508 3323 5 24 1
1520 3322 54 27 :Itii
1609 3321 207 34 FEBRUARY,

1267 3361 73 28 1807.
1355 3367 24 20 at
1393 3361 14 26 8
1423 3361 89 26 o'clock
1528 3361 22 26 in
1567 3361 40 25 tlie
1621 3363 115 31 pvetdnjr.

1299 3409 210 27 BusinessT<>
1664 3410 40 26 the

1368 3453 53 19 forv
1447 3448 46 24 and
1522 3447 177 27 Management
1727 3448 26 25 nf
1778 3449 39 24 r!

1366 3485 75 26 above
1453 3485 87 26 Claim.

1419 3535 190 28 HERCULES
1626 3535 140 27 MARTIN

1418 3572 304 28 JaMESTAMRLYN

1419 3610 179 28 FRANOfES
1618 3611 62 27 SET
1689 3610 37 28 I'll

1415 3648 93 27 jane
1533 3649 142 27 martin

1416 3687 24 29 s.
1466 3686 24 28 k.
1512 3686 146 28 walles

1416 3727 33 25 k.
1470 3726 16 26 j
1521 3724 145 29 walles

1416 3764 27 26 L.
1466 3765 30 24 A.
1518 3763 43 25 BO
1566 3763 105 24 WHEN

1414 3800 14 27 J
1435 3800 47 27 AS.
1503 3798 176 30 MKENZIE

1295 3850 147 32 Roxburgh,
1456 3849 113 27 January
1585 3850 68 31 20th,
1672 3850 72 24 1807.

1295 3927 173 28 BOROUGH
1496 3927 45 28 OF
1565 3926 214 28 ROXBURGH.

1314 4007 93 22 EXTRA
1411 4007 71 22 OBDT
1487 4007 35 21 VA
1528 4007 38 21 RY
1593 4007 38 21 VA
1635 4005 57 23 OAN
1696 4005 37 23 CY
1737 4017 20 5 -

1401 4035 153 20 SOUTHERN
1574 4035 95 19 WARD.

1270 4101 156 52 pUBLIC
1461 4101 141 30 NOTICE
1642 4102 27 28 h
1701 4099 112 38 Hereby

1345 4144 86 28 Given
1447 4144 61 27 that
1520 4144 48 27 the
1588 4142 175 30 Nomination
1785 4141 29 27 of

1261 4184 166 30 Candidates
1441 4183 43 28 for
1497 4183 115 28 election
1635 4185 28 25 to
1677 4181 47 29 the
1738 4180 76 28 office

1259 4226 30 28 of
1296 4224 155 30 Councillor
1462 4224 43 28 for
1515 4222 137 31 Southern
1661 4221 87 29 Ward
1759 4220 52 28 will

1260 4268 34 26 be
1307 4264 125 30 roceived
1447 4265 38 27 bv
1510 4275 43 16 me
1580 4274 36 23 up
1639 4266 29 24 to
1691 4272 71 17 noon
1778 4271 34 16 on

1260 4305 81 29 MON
1350 4306 49 26 UA
1403 4304 34 34 Y,
1448 4305 8 26 1
1465 4312 29 20 st
1503 4302 151 30 FEBRUA
1661 4301 61 34 RY,
1734 4301 79 33 1807,

1260 4349 27 25 nt
1320 4346 47 28 the
1400 4344 215 36 Council-room,
1649 4341 163 29 Athenaeum

1260 4386 142 38 Building.
1442 4385 29 28 If
1484 4393 153 24 necessarv,
1658 4393 15 17 a
1688 4381 57 28 Poll
1760 4379 53 30 will

1260 4427 34 28 be
1307 4426 84 28 taken
1405 4435 34 18 on
1454 4423 192 34 TUESDAY,
1659 4423 54 27 9th
1727 4421 66 28 FEB-

1260 4466 143 36 RUARY,
1418 4465 80 31 1807.

1296 4508 86 28 Given
1407 4507 89 27 under
1520 4516 47 22 my
1587 4504 74 28 hand
1683 4504 55 26 this
1751 4502 63 28 21st

1260 4548 53 38 day
1326 4547 29 29 of
1368 4546 133 33 January,
1517 4544 80 28 IH)7.

1390 4593 119 31 JABEZ
1535 4589 166 35 BURTON,

1496 4632 156 33 Returning
1668 4629 105 28 Officer.

1340 4701 185 31 TUAPEKA
1564 4696 165 31 COUNTY.

1259 4781 141 58 LEGAL
1421 4779 166 34 Proceeding?
1613 4775 49 30 will
1685 4775 28 27 lie
1737 4773 71 28 taken

1339 4822 37 26 for
1390 4821 41 26 the
1444 4826 115 26 recovery
1572 4816 28 26 of
1610 4814 102 36 Unpaid
1736 4813 74 26 Hates

1258 4860 61 27 after
1333 4859 49 26 this
1395 4858 63 25 date.

1423 4899 95 30 JOHN
1531 4897 26 28 J.
1573 4895 133 29 WOODS.

1580 4934 100 33 County
1694 4932 80 26 Clerk.

1291 4986 141 29 Lawrence,
1447 4980 60 29 25-h
1518 4979 121 33 Janunry,
1657 4977 70 27 1897.

1407 5068 37 29 A.
1542 5059 267 35 HART,

1316 5124 258 32 SCOTLAND-STBEET,
1593 5120 163 31 EOXBUEGH,

1271 5175 159 23 MERCHANT
1449 5172 111 25 TAILOR,
1575 5169 148 24 OLOTHTER,
1738 5167 61 21 AND

1348 5199 195 26 GENTLEMEN'S
1560 5196 164 24 OUTFITTER.

1298 5260 26 27 A
1358 5257 93 30 choice
1481 5253 130 31 selection
1639 5251 28 28 of
1691 5248 121 37 Tweeds,

1263 5299 141 36 Coatings,
1419 5298 109 35 Series,
1549 5294 49 28 &c.
1623 5291 77 35 (both
1724 5289 89 29 Home

1263 5338 54 29 and
1332 5336 133 36 Colonial)
1479 5335 100 36 always
1593 5343 33 17 on
1641 5329 83 31 hand.

1300 5379 23 28 A
1338 5376 94 30 varied
1448 5374 125 30 selection
1587 5372 29 28 of
1626 5370 187 37 Keady-made

1265 5418 91 30 Goods
1367 5416 54 30 and
1432 5415 80 38 Boys'
1522 5414 54 29 and
1586 5411 120 31 Youths'
1719 5411 79 29 Cloth-

1263 5459 50 37 ing
1338 5458 101 35 always
1471 5465 34 19 on
1534 5453 83 29 hand.
1668 5452 58 28 The
1750 5451 63 35 only

1265 5498 77 39 place
1356 5498 29 27 in
1397 5499 73 25 town
1484 5498 28 26 to
1526 5503 114 29 procure
1649 5491 95 38 stylish
1760 5490 52 28 and

1265 5537 160 38 up-to-date
1446 5535 80 34 Hats,
1541 5534 71 33 Ties,
1625 5532 54 28 and
1703 5531 95 29 Gentle-

1265 5576 88 31 men's
1366 5574 177 31 Underwear.

1305 5658 104 31 'OZIB
1429 5656 83 30 TEA.
1551 5654 65 30 This
1640 5653 89 30 brand
1754 5653 24 29 is
1799 5664 12 18 a

1343 5700 148 36 guarantee
1499 5696 30 29 of
1536 5696 92 36 purity
1636 5694 53 28 and
1699 5694 112 38 quality.

1264 5739 55 39 Try
1332 5739 47 30 the
1392 5738 48 34 2s;
1460 5736 46 29 'tis
1520 5734 101 39 superb
1633 5734 7 33 I

1880 212 91 30 NEW
2004 214 179 31 SEASON'S
2215 210 142 32 GOODS!

2014 464 223 32 ROXBURGH.

1849 577 69 30 Now
1946 578 131 40 Showing
2096 592 16 15 a
2136 576 132 40 Splendid
2289 576 96 28 Assort-

2063 635 77 26 ment
2159 632 29 27 of

1896 702 98 34 New
2027 702 140 36 Goods
2186 701 7 34 I

2061 772 98 35 New
2192 767 141 39 Goods
2350 767 7 35 I

2025 840 160 37 Consisting
2205 839 29 29 of

1849 905 103 35 Prints,
1985 905 28 29 in
2044 905 112 28 Newest
2188 904 127 28 Patterns
2347 900 55 29 and

1926 945 163 40 Colourings
2091 948 65 26 at
2169 944 37 29 5d
2218 953 49 29 per
2279 941 68 40 yard

1861 997 53 29 Lot
1924 997 29 29 of
1960 998 133 39 Zephyrs,
2103 996 161 39 Ginghams,
2275 993 127 30 Satteens

1927 1039 164 37 Corduroys,
2123 1037 54 29 and
2219 1035 123 39 Crepons
2374 1033 27 28 in

1927 1080 110 28 Newest
2053 1079 111 29 Colours
2177 1077 55 28 and
2245 1076 119 37 Designs

1854 1131 134 28 Beautiful
2023 1131 38 27 lot
2092 1130 28 29 of
2153 1129 101 37 Fancy,
2281 1126 120 39 Striped,

1926 1172 52 28 and
1989 1171 114 32 Figured
2113 1169 114 30 Muslins
2237 1170 43 27 for
2289 1169 113 28 Blouses

1924 1213 108 27 from
2047 1211 53 30 OJjd
2114 1222 48 27 per
2176 1211 66 38 yard

2000 1314 131 38 Splendid
2154 1315 36 26 lot
2217 1314 29 27 of

1851 1355 179 30 TRIMMED
2053 1354 102 44 JUTS
2183 1354 22 27 &
2231 1351 171 30 BONNETS

1901 1397 25 27 in
2183 1393 52 28 and
2253 1392 99 36 Styles.

1852 1446 38 31 To
1917 1447 32 30 be
1985 1446 106 30 cleared
2122 1448 28 27 at
2181 1443 95 30 lowest
2305 1442 96 40 prices.

1978 1548 118 31 DRESS
2131 1547 151 31 STUFFS.

1854 1596 51 30 We
1920 1597 68 29 have
2002 1609 15 16 a
2032 1597 74 37 large
2120 1599 166 26 assortment
2308 1594 29 28 of
2357 1592 45 29 the

1872 1647 64 27 very
1952 1645 101 20 newest
2076 1637 91 28 Goods
2180 1636 27 28 in
2232 1635 84 28 Black
2331 1632 54 30 and

1910 1677 115 30 Colored
2039 1677 121 37 Lustres,
2170 1677 70 29 from
2258 1676 43 30 12s
2312 1675 36 28 0J

2056 1719 45 26 the
2115 1719 84 26 dress.

1855 1769 85 28 Black
1966 1769 54 30 and
2047 1770 81 38 Navy
2154 1771 109 35 Series,
2292 1767 111 29 Sicilian

2037 1810 103 36 Cloths,
2171 1809 48 30 &c.

1891 1914 87 29 XhW
2013 1914 157 36 GLOVES,
2201 1910 166 33 RIBBO.nS

2104 1973 52 19 AND

2039 2016 188 30 veilimjs.

1854 2117 196 31 trimming
2068 2118 109 29 silks
2195 2118 77 29 and
2288 2117 115 30 gimps

1997 2173 27 26 In
2048 2171 31 28 X<
2138 2171 134 29 Patterns.

1976 2263 66 30 Nice
2064 2264 93 29 Assert
2163 2274 59 19 men
2227 2269 9 24 t
2258 2262 27 31 of

1902 2316 57 27 NK
1975 2317 31 26 W
2057 2317 61 28 UM
2137 2316 51 28 BR
2207 2316 160 36 KLLAS,

1956 2370 68 27 fttilll
2046 2371 24 25 Is
2090 2368 47 28 lltl
2154 2373 26 24 to
2197 2368 47 29 10s
2259 2368 44 29 0(1.

1955 2467 74 27 FOP,
2068 2467 229 29 CHRISTMAS.

1854 2520 22 28 A
1893 2518 37 29 lot
1946 2520 28 26 of
1988 2519 88 28 Men's
2091 2518 183 29 Tailor-made
2290 2519 74 28 Suits
2376 2519 27 28 of

1902 2559 169 39 exceptional!
2087 2560 112 37 finality,
2214 2566 28 22 at
2257 2561 49 28 5-s
2320 2559 46 30 Oil.

1853 2611 64 28 Also
1931 2623 15 16 a
1965 2612 70 36 good
2051 2615 164 25 assortment
2229 2612 28 27 of
2276 2612 127 38 ordinary

1953 2652 97 29 Tweed
2067 2652 85 35 Suits,
2167 2653 70 28 from
2253 2653 58 28 21s.

1854 2764 27 28 M
1889 2763 81 31 LN'S
2012 2764 134 29 CLOTH!
2154 2763 61 37 NG,
2257 2763 146 36 SHIRTS,

1956 2816 129 36 PANTS,
2115 2817 182 35 SCARVES,

2010 2869 154 36 BRACES,
2186 2879 60 26 cyc,

1884 2922 35 28 At
1947 2921 88 30 Prices
2191 2922 185 39 competition.

1855 3112 80 56 W.
1960 3114 57 54 T.
2053 3114 350 68 TALBOYS,

1989 3231 21 28 I!
2025 3231 23 28 O
2059 3231 24 28 X
2094 3232 22 27 B
2130 3231 24 29 U
2166 3232 21 26 R
2200 3231 20 28 fi
2234 3232 37 28 IT.

1850 3431 27 27 In
1902 3431 41 26 t]ii
1966 3431 167 29 Magistrate's
2157 3431 84 29 fnnrr.
2371 3438 24 19 at

1918 3547 177 30 MICHAEL
2117 3548 207 35 M'CARTHY,

1879 3588 27 27 of
1922 3589 95 25 Millars
2040 3588 60 28 Fi.it.
2120 3589 105 32 Parmer,
2243 3588 116 32 Plaintiff,

2112 3626 25 26 V.

1844 3664 99 29 TOOT)
1961 3663 196 31 BROTHERS
2167 3663 134 30 &COMP
2305 3662 87 38 ANY,

1870 3706 28 26 i)f
1907 3705 97 32 Herior,
2023 3706 167 31 Aucioneer*,
2204 3704 163 32 Defendants,

1868 3783 49 27 )Y
1938 3784 78 26 virtup
2037 3784 23 24 of
2074 3791 48 16 nvo
2136 3783 110 24 Distrpss
2264 3784 127 23 Warrants

1859 3819 6 17 l
1869 3825 21 11 --*
1928 3821 106 28 direotpd
2051 3830 23 16 rn
2145 3821 24 26 in
2193 3819 76 27 above
2291 3820 70 31 suits,
2382 3818 10 26 I

1844 3857 89 28 fiprpbv
1948 3870 10 17 L
1959 3856 4 31 r
1966 3861 5 23 i
1977 3869 26 13 VP
2018 3859 78 25 rion'ee
2112 3857 50 26 that
2178 3863 24 19 at
2216 3861 41 21 the
2277 3856 72 26 Firm
2369 3857 24 25 of

1845 3889 104 34 Michtipl
1973 3897 139 26 M'f'Hrt'iv,
2136 3894 26 25 of
2173 3894 96 27 Millars
2282 3892 66 30 Flat,
2360 3902 31 18 on

1844 3932 151 30 MONDAY
2022 3932 102 29 NEXT.
2141 3934 45 25 Ist
2206 3931 47 37 Hay
2267 3930 27 28 of
2314 3930 57 28 FEB-

1844 3970 135 30 RUARY.
2006 3972 71 28 1897.
2103 3977 22 20 Hf
2148 3971 26 26 11
2189 3970 32 28 30
2234 3979 66 22 a.m.,
2317 3969 11 28 I
2343 3969 48 28 will

1877 4059 41 27 All
1934 4060 40 25 the
1988 4059 75 30 right,
2145 4058 46 26 and
2204 4057 101 27 infprpst
2316 4056 29 29 of
2352 4056 41 28 the

1946 4097 178 27 ahovp-named
2150 4096 113 26 Plaintiff
2274 4097 23 25 in

1895 4144 32 27 30
1947 4145 80 31 Shppp

1913 4183 13 24 4-
1947 4181 89 27 Lambs

1912 4221 13 24 2
1947 4219 116 32 Draught
2077 4219 83 26 Maips

1913 4258 10 25 1
1946 4258 98 32 Rpapnr
2057 4256 46 26 and
2122 4255 91 27 Rindpr
2223 4266 6 20 ;

1843 4306 34 24 Or
1890 4315 26 15 so
1931 4305 70 26 much
2018 4305 127 26 thprpofas
2158 4313 55 16 may
2228 4303 27 26 be
2270 4303 120 27 sufficipnt

1844 4349 23 18 to
1881 4343 85 25 safisfv
1987 4342 67 25 thesp
2075 4342 150 29 executions,
2249 4341 82 26 unless
2351 4340 40 25 the

1843 4387 100 19 amount
1959 4379 27 26 of
1996 4380 41 25 th*
2050 4378 152 27 Jud<*uiPnts
2217 4378 46 26 and
2279 4378 72 26 Costs
2368 4379 26 23 of

2003 4424 41 18 toe
2069 4425 66 16 same
2160 4415 62 25 shall
2249 4416 28 24 he
2302 4423 87 17 sooner

1842 4454 115 28 satisfied.

2041 4491 76 28 WM.
2138 4490 144 35 FOTJHY,

1846 4532 85 26 Bailiff
1939 4531 25 26 uf
1970 4530 168 29 Magistrate's
2149 4530 85 28 Court,
2244 4528 145 34 Roxburgh.

1876 4575 148 29 Rox'nrjrh.
2039 4572 59 29 25th
2112 4573 122 31 January,
2249 4572 72 27 1807.
