4240 5890
113 199 61 31 6ml
188 200 48 29 her
257 209 57 27 way
335 199 57 27 i»ito
413 197 46 29 the
485 196 67 39 ga.rd
562 207 7 9 J
575 207 12 17 :i
617 208 34 18 au

117 246 99 22 '::imiot
231 240 34 26 fin
279 240 5 26 i
303 240 46 26 her
358 247 57 28 way
429 247 48 18 uug
494 239 61 26 With
571 239 3 36 >
588 244 19 21 it
625 246 33 20 t;u

118 280 146 29 assistance
276 279 29 28 of
318 279 45 27 the
378 278 39 37 tip
432 278 27 28 of
481 287 43 28 rny
541 278 15 28 b
570 278 4 37 >
587 286 25 20 >t.
657 278 1 37 s

117 321 78 29 made
209 331 43 19 rnv
266 319 192 38 compliments
472 324 27 24 to
512 319 45 29 the
567 330 91 18 owner,

113 361 3 29 :
116 362 51 28 bat
181 363 31 27 he
227 362 64 27 took
306 371 35 18 no
365 371 74 17 more
459 371 17 17 n
491 369 58 19 -nee
572 361 29 28 of
626 361 32 29 \n.

115 404 66 28 than
196 403 41 29 his
249 412 71 19 cows
334 400 57 38 did,
403 412 29 17 so
445 409 28 22 at
489 400 4 41 !
505 407 34 23 ist
551 400 13 30 I
576 402 82 39 began

111 451 31 21 to
155 443 109 29 wonder
273 444 21 27 if
305 444 33 27 ho
347 443 90 38 might
448 451 48 20 not;
506 444 68 27 have
588 454 70 18 some

114 484 74 37 prior
202 484 74 38 right
289 487 28 27 to
332 484 47 29 the
393 483 75 39 place
489 484 60 28 that
576 484 10 27 L
611 494 47 18 was

111 529 50 25 not
170 536 87 17 aware
268 526 36 28 of.
345 526 135 36 Anyhow,
492 524 13 28 I
517 529 126 34 congratu-

111 564 55 30 late
181 566 55 28 him
245 577 35 18 on
289 566 85 39 being
386 567 44 28 the
442 576 90 19 owner
543 565 29 29 of
582 577 15 16 a
606 575 52 18 cow

111 606 61 29 that
197 608 44 27 for
253 607 113 39 rogaish
381 606 132 39 sagacity,
534 607 124 36 thieving

110 647 192 39 propensities,
335 646 55 29 and
426 647 100 28 almost
562 646 96 27 human

109 687 185 39 intelligence,
320 688 15 28 I
367 687 54 28 will
457 686 69 29 back
552 686 106 38 against

110 729 47 27 the
171 729 87 28 whole
271 729 99 28 bovine
383 727 158 38 population
553 728 28 27 of
591 725 67 29 New

110 767 118 30 Zealand
240 780 7 23 ;
268 768 53 29 and
343 769 22 27 is
386 768 105 36 worthy
512 767 29 28 of
553 776 16 18 a
589 776 69 28 page

110 810 29 27 in
161 809 105 28 natural
291 809 103 37 history
420 814 28 23 to
475 806 108 35 herself,
605 806 52 28 and

111 849 67 29 with
191 860 16 17 a
215 849 70 29 little
297 859 73 19 more
384 848 121 38 training
518 847 76 27 there
607 846 22 28 is
643 856 13 18 a

109 891 111 28 fortune
229 891 42 27 for
281 900 33 18 an
327 889 183 37 enterprising
519 887 138 28 showman

110 938 29 20 to
164 930 85 29 travel
277 930 45 28 the
352 937 114 29 country
503 927 64 28 with
599 928 56 27 her.

110 970 113 29 Besides
237 970 83 36 being
333 970 62 28 able
408 977 27 19 to
458 975 69 31 open
551 966 35 29 all
610 968 45 27 the

110 1020 76 22 ibices
196 1011 82 36 along
287 1010 45 28 the
347 1009 73 33 road,
433 1008 14 28 I
458 1007 89 29 would
558 1008 98 27 almost

110 1055 149 32 guarantee
270 1053 47 23 her
327 1055 27 21 to
366 1049 60 37 pick
436 1058 15 16 a
461 1047 117 37 padlock
592 1048 63 27 with

108 1091 50 27 her
171 1089 142 37 delicately
329 1088 92 38 tipped
438 1088 82 27 horns
540 1097 31 17 or
584 1097 69 29 open

107 1141 16 16 a
136 1129 68 28 door
216 1130 53 26 and
283 1138 55 18 see::
342 1129 5 17 1
347 1128 2 36 ,
364 1140 15 15 a
402 1128 123 36 cabbage
549 1128 40 26 off
609 1129 45 26 the

106 1170 82 27 table.
228 1169 99 28 Added
349 1175 27 21 to
397 1168 61 31 This,
480 1171 47 23 she
550 1169 21 28 is
593 1178 46 28 pos-

106 1209 93 28 sessed
231 1209 29 28 of
290 1209 121 27 abstract
434 1207 74 27 ideas
531 1210 52 27 and
605 1221 49 17 can

106 1249 131 29 calculate
252 1249 44 28 the
317 1249 53 37 day
389 1248 29 28 of
440 1246 45 30 the
506 1249 75 29 week
601 1251 52 28 and

106 1291 69 28 hour
187 1291 29 28 of
230 1290 45 27 the
298 1289 52 37 day
373 1293 27 24 to
425 1298 34 18 au
483 1291 171 37 astonishing

106 1333 99 35 nicety.
245 1331 65 28 This
326 1331 12 27 I
354 1331 90 33 know,
465 1329 116 32 because
607 1333 47 28 the

107 1373 52 38 day
170 1373 58 28 that
237 1373 46 28 the
294 1371 117 29 butcher
417 1369 54 29 aud
480 1371 87 30 baker
572 1383 84 26 come,

107 1413 107 28 instead
239 1413 29 26 of
294 1412 139 36 browsing
456 1411 80 29 down
562 1418 28 24 at
610 1415 46 27 the

105 1453 85 29 lower
202 1451 54 30 end
268 1451 30 30 of
315 1451 45 28 the
382 1451 48 28 fiat
449 1460 30 17 as
500 1453 84 34 usual,
607 1453 48 28 she

107 1494 85 28 walks
214 1491 178 38 deliberately
416 1502 35 28 up
475 1500 28 19 to
522 1493 94 28 within
639 1505 15 16 a

106 1536 75 27 short
195 1535 122 26 distance
337 1534 28 25 of
386 1543 46 25 my
451 1537 79 31 gate;
551 1534 53 27 and
625 1545 28 16 as

105 1585 65 18 soon
185 1585 29 18 as
228 1573 45 28 the
284 1573 116 28 batcher
412 1583 30 17 or
465 1573 84 28 baker
569 1585 84 26 opens

104 1616 47 27 the
165 1620 64 31 gate
242 1615 48 26 she
305 1612 84 27 walks
403 1613 28 26 in
444 1613 79 35 after,
547 1614 54 36 just
623 1624 29 17 «s

102 1656 130 27 innocent
245 1663 28 18 as
285 1653 26 27 if
321 1653 46 27 the
382 1652 76 38 place
475 1654 134 37 belonged
623 1658 28 23 to

102 1695 111 33 herself,
227 1704 31 17 or
270 1693 167 38 pretending
457 1694 48 28 she
527 1705 52 16 was
600 1704 51 18 one

102 1736 29 28 of
145 1744 45 28 my
203 1743 60 18 own
278 1743 79 17 cows.
399 1732 55 29 She
476 1735 65 26 then
561 1743 88 18 comes

101 1777 54 28 and
186 1774 212 30 reconnoitoircs
428 1783 45 31 my
494 1774 103 39 garden
623 1781 26 23 to

101 1827 44 16 see
160 1816 61 27 how
235 1816 47 25 the
298 1814 120 36 mangels
428 1815 52 24 and
490 1815 104 33 turnips
604 1825 44 16 are

98 1855 158 39 improving
266 1853 42 29 for
321 1853 46 29 the
383 1853 102 30 winter.

137 1898 14 27 I
185 1906 62 25 may
272 1905 36 26 go
343 1895 113 34 further,
492 1895 54 28 and
578 1898 69 25 state

97 1937 62 29 that
172 1942 28 23 to
215 1939 46 25 the
281 1935 79 28 other
379 1934 173 39 intelligence
573 1945 55 18 com-

94 1978 86 28 bined
203 1977 28 27 in
253 1975 54 28 this
336 1974 108 36 animal,
475 1976 47 27 she
544 1975 21 27 is
589 1975 56 28 also

97 2030 16 16 a
150 2018 97 29 reader
285 2015 29 29 of
348 2016 141 37 thoughts.
541 2014 83 30 When-

95 2069 67 19 ever
174 2060 47 28 she
235 2067 59 19 sees
310 2067 50 24 me,
374 2057 47 27 she
433 2057 94 27 knows
538 2057 108 38 exactly
657 2057 1 40 j

96 2100 74 27 what
179 2101 23 25 is
216 2099 28 27 in
259 2107 44 26 my
317 2097 84 33 mind,
412 2097 143 37 especially
567 2098 78 26 when

97 2140 48 29 she
165 2150 59 19 sees
248 2148 43 18 me
317 2137 121 38 bending
459 2137 80 30 down
564 2137 43 30 for
632 2149 15 17 a

94 2179 49 29 21b
166 2191 31 18 or
220 2180 46 28 31b
291 2178 121 32 boulder,
439 2179 54 27 and
516 2180 48 26 she
589 2186 57 20 acts
657 2178 1 37 j

95 2219 187 36 accordingly.
324 2218 54 27 But
390 2223 46 30 yet
451 2218 14 27 I
487 2228 84 17 never
593 2218 53 27 had
657 2218 1 37 ;

96 2261 48 27 the
157 2258 170 30 satisfaction
342 2258 29 28 of
381 2258 103 37 hitting
508 2258 48 28 ber
580 2258 65 28 with

95 2311 16 16 a
124 2307 88 28 stone,
227 2299 105 37 though
346 2298 14 27 I
374 2298 77 27 often
473 2298 87 28 would
584 2299 62 36 give
657 2298 1 38 ;

96 2351 15 17 a
132 2340 93 37 pound
250 2343 28 24 to
305 2338 63 28 land
393 2348 51 18 one
472 2338 102 28 behind
600 2339 47 27 the

95 2381 84 28 horns
193 2391 30 18 or
237 2390 74 18 some
324 2379 79 27 other
417 2380 63 26 vital
495 2383 76 34 part;
592 2379 53 28 and

96 2421 156 28 sometimes
265 2422 49 26 she
328 2419 51 27 will
403 2419 81 28 stand
506 2426 28 20 at
556 2431 15 15 a
590 2420 40 27 dis-

98 2465 79 24 tance
190 2462 29 26 of
238 2460 84 26 about
345 2461 34 25 20
402 2459 82 37 yards
505 2459 53 27 aud
581 2459 62 27 hold

92 2501 105 30 herself
211 2511 35 26 up
261 2511 29 17 as
301 2511 15 17 a
327 2505 99 30 target,
441 2499 53 29 and
508 2509 29 19 as
560 2509 82 28 every
656 2499 1 38 :

93 2543 78 27 stone
185 2542 66 27 fired
264 2542 22 26 is
303 2540 90 28 bound
409 2547 26 21 to
449 2541 31 27 be
494 2552 14 15 a
522 2541 68 36 yard
612 2552 30 16 or

92 2587 54 21 two
159 2581 87 27 above
257 2590 30 16 or
301 2584 27 23 to
341 2580 87 26 either
441 2579 65 34 side,
519 2580 47 26 she
575 2579 64 36 only

89 2621 44 29 '.-■
133 2621 57 29 hakes
204 2621 48 28 her
266 2619 69 29 head
349 2619 53 29 and
416 2629 87 19 seems
527 2624 26 24 to
574 2618 63 30 look

91 2673 71 26 upon
178 2672 42 17 me
236 2661 63 27 with
314 2666 149 31 contempt.
505 2661 52 27 She
572 2660 65 28 took

87 2704 50 27 the
156 2702 34 29 ad
194 2705 127 33 vintage,
343 2712 51 17 one
407 2701 52 36 day
475 2700 12 28 I
503 2711 52 17 was
567 2702 69 26 from

89 2743 88 32 luiine,
191 2743 29 26 of
240 2741 121 37 opening
380 2741 45 27 the
445 2740 104 38 garden
572 2746 64 30 gate

88 2783 54 29 and
157 2782 119 37 inviting
289 2780 35 29 all
339 2782 48 27 her
408 2782 175 34 companions
608 2787 27 22 to
646 2780 1 39 j

88 2824 69 29 have
183 2835 15 17 a
224 2823 121 37 glorious
376 2823 118 37 banquet
520 2822 29 28 of
572 2823 63 27 cab-
646 2822 1 38 ■

85 2865 96 37 bages,
197 2862 115 37 turnips,
326 2862 55 27 and
395 2870 111 26 carrots,
520 2863 26 26 in
570 2863 65 32 fact,

86 2916 17 17 a
110 2904 93 30 choice
214 2902 128 29 selection
354 2901 29 30 of
393 2902 46 28 the
450 2907 85 24 rarest
545 2902 90 29 dishes

84 2946 49 29 the
158 2946 80 27 heart
259 2943 30 28 of
313 2943 47 28 the
395 2947 71 24 most
498 2943 137 38 epicurian

84 2986 85 27 cattle
183 2983 78 29 could
276 2983 88 26 desire
374 2994 7 22 ;
401 2983 55 26 and
470 2984 78 26 when
571 2984 64 35 they

85 3025 54 28 had
148 3022 106 38 gorged
263 3022 171 33 themselves,
445 3022 64 36 they
519 3022 116 28 finished
646 3022 1 38 !

85 3064 73 29 their
168 3063 77 28 toilet
256 3062 36 36 by
302 3060 156 38 scratching
471 3061 164 28 themselves

85 3116 37 18 on
136 3114 74 18 some
223 3102 29 29 of
262 3111 44 27 my
323 3100 121 29 choicest
466 3100 68 29 fruit
555 3105 80 25 trees.

87 3145 78 35 Now,
181 3141 106 38 though
299 3140 15 28 I
332 3150 47 27 say
393 3150 29 19 so
444 3141 107 37 myself,
564 3141 14 28 I
593 3152 42 17 am
646 3140 1 45 j

86 3189 49 26 not
149 3184 96 36 giving
259 3187 28 23 to
301 3180 143 38 swearing,
459 3182 49 27 but
529 3182 78 28 when
621 3182 14 28 I

86 3236 76 21 came
176 3225 79 28 home
268 3222 54 29 and
332 3232 54 18 saw
408 3224 46 26 the
465 3222 170 29 devastation
646 3222 1 42 j

86 3269 62 28 that
160 3264 115 31 awaited
289 3273 43 18 me
346 3263 28 27 in
395 3273 45 28 my
454 3264 113 38 garden,
590 3274 45 28 my

85 3307 139 39 language
243 3315 55 18 was
317 3304 135 37 anything
468 3306 47 27 but
537 3305 97 34 select;

87 3350 51 26 but
158 3347 14 28 I
204 3345 127 29 consoled
365 3345 99 35 myself
498 3345 61 27 that
581 3345 54 28 this

85 3385 216 39 acknowledged
315 3384 92 27 leader
419 3384 29 28 of
463 3384 77 28 those
553 3385 84 28 cattle

89 3427 89 32 would
191 3431 48 25 not
260 3437 36 25 go
318 3424 43 29 far
382 3425 69 28 until
473 3424 49 29 she
547 3425 90 29 would
646 3419 1 43 I

84 3467 128 41 explode.
252 3468 54 27 But
317 3467 47 27 she
374 3466 107 29 did'nt!
500 3467 47 26 she
560 3467 77 27 made

87 3509 115 30 another
214 3518 57 19 cow
283 3517 75 19 come
372 3507 54 28 and
447 3507 55 29 lick
514 3508 56 35 her,
584 3509 53 28 and
646 3507 1 36 j

84 3552 67 26 thus
165 3551 43 35 lay
224 3549 79 28 down
317 3549 26 27 in
356 3554 83 22 sweet
449 3553 189 24 contentment

85 3589 29 29 in
130 3591 46 26 the
190 3589 100 27 middle
301 3589 28 26 of
341 3589 45 27 the
401 3599 67 25 way.

125 3631 13 26 I
160 3632 99 33 expect,
279 3632 28 24 to
328 3639 44 17 see
397 3629 47 28 her
470 3628 57 28 ride
550 3629 87 28 round

86 3680 36 17 on
136 3680 15 16 a
167 3669 103 36 bicycle
290 3669 113 35 shortly,
426 3669 98 36 giving
544 3669 93 28 orders

86 3714 31 24 to
142 3710 114 27 farmers
280 3709 43 27 for
348 3709 47 27 her
421 3709 119 27 winter's
565 3709 71 28 feed.

89 3751 78 30 Now,
183 3748 12 27 I
207 3752 99 32 expect
319 3749 60 26 that
393 3758 51 18 one
459 3758 61 17 man
543 3749 94 26 thinks

87 3789 35 29 lis
136 3790 49 27 has
199 3799 29 16 as
244 3789 80 27 much
334 3789 74 35 right
422 3793 27 24 to
459 3788 36 28 let
505 3788 41 27 his
556 3789 81 27 cattle

87 3840 93 27 annoy
205 3829 43 28 his
263 3830 168 37 neighbours
463 3841 29 16 as
514 3829 123 36 another,
646 3825 1 42 \

87 3871 51 26 but
149 3870 25 27 in
190 3869 99 37 justice
303 3871 14 26 I
331 3871 80 26 think
426 3870 65 35 they
510 3871 86 35 ought
610 3878 27 19 to

87 3910 143 29 subscribe
242 3918 29 21 so
287 3911 80 28 much
381 3920 16 19 a
410 3910 75 28 week
506 3909 67 29 each
595 3910 44 28 for
646 3905 1 40 j

89 3960 75 19 some
172 3959 51 20 one
233 3956 26 24 to
269 3951 63 28 look
341 3952 72 27 after
422 3951 83 28 them.
545 3950 14 28 I
571 3951 66 28 have

90 4000 45 25 my
176 4001 48 26 eye
262 4002 35 17 on
347 4001 51 18 one
437 4001 30 18 or
508 3994 53 25 two
602 4001 35 18 on

89 4029 106 31 Millers
218 4031 59 29 Flat
300 4031 60 29 that
381 4031 46 29 the
448 4031 76 29 billet
548 4031 89 28 would
646 4029 1 47 j

88 4072 56 26 suit
158 4071 155 38 splendidly
324 4083 8 23 ;
352 4072 55 27 and
435 4074 44 24 lOs
500 4082 31 17 or
555 4072 47 27 12s
623 4083 15 16 a

88 4110 76 30 week
171 4111 87 30 would
270 4112 35 29 be
313 4111 129 38 aregular
451 4111 70 30 boon
531 4110 107 30 besides

87 4153 48 27 the
166 4154 149 37 perquisite
343 4155 28 26 of
404 4154 104 36 having
533 4163 15 17 a
570 4163 67 26 yarn

87 4192 65 28 with
167 4202 53 29 any
234 4204 53 18 one
300 4194 60 28 who
372 4193 96 38 passed
493 4192 46 30 the
563 4192 74 30 road.

171 4289 67 43 Our
263 4292 151 41 Waikaia
441 4293 120 41 Letter.

237 4388 54 21 Oiv.v
304 4388 196 26 ConuK.sro\nj:xT)

126 4429 57 28 The
197 4439 62 18 case
271 4429 30 28 of
319 4429 46 28 the
390 4428 156 31 Waterford
568 4441 51 20 mer-

87 4469 185 34 chant,whose
281 4469 211 28 stock-in-trade
500 4471 136 30 consisted

87 4511 29 27 of
125 4510 34 27 all
174 4520 97 27 papers
284 4510 52 27 and
348 4520 33 17 no
394 4510 133 40 writings,
538 4512 22 28 is
572 4523 64 28 very

87 4550 75 37 aptly
177 4550 164 38 pouitrayed
355 4557 26 20 at
396 4556 110 32 present
530 4552 36 28 bv
589 4554 46 28 the

89 4591 123 28 Waikaia
223 4590 106 38 mining
352 4591 125 35 boomist,
499 4591 66 30 with
588 4595 48 27 the

84 4632 89 36 single
186 4631 153 37 exception,
353 4630 61 29 thtt
436 4631 32 29 he
481 4632 22 28 is
518 4633 36 28 all
576 4635 58 28 talk

82 4673 53 27 and
174 4682 34 17 no
234 4671 84 27 work.
358 4671 44 27 He
437 4682 87 17 seems
550 4678 28 22 to
602 4675 33 25 be

83 4711 114 38 playing
227 4721 15 17 a
268 4710 113 35 waiting
404 4720 81 26 game
487 4712 149 36 —waiting

83 4753 43 27 for
140 4760 74 19 some
231 4760 73 17 more
315 4749 183 27 adventurous
513 4750 80 36 spirit
607 4757 27 21 to

84 4791 99 30 launch
204 4789 83 34 forth,
311 4788 79 28 while
411 4788 60 28 that
492 4799 75 19 more
588 4790 31 28 ad-

84 4837 131 24 ventrous
228 4830 88 37 spirit,
331 4828 27 28 in
372 4833 73 30 turn,
457 4839 87 19 seems
563 4835 28 23 to
603 4830 32 28 be

84 4872 114 38 waitii.g
221 4880 35 18 on
277 4878 74 19 some
372 4878 51 17 one
444 4868 64 34 else,
527 4869 54 27 and
605 4880 30 17 so

82 4914 47 26 the
151 4911 51 28 fun
227 4919 66 28 goes
318 4918 44 17 on.
404 4908 172 39 Everything
606 4909 27 28 in

82 4953 47 28 the
143 4952 85 37 shape
242 4950 29 28 of
284 4948 107 37 mining
404 4952 130 34 property
542 4948 27 29 in
580 4949 53 28 this

82 4993 109 28 district
204 4992 49 27 has
268 4990 66 34 long
347 4988 74 28 since
431 4989 67 27 been
509 4990 124 36 grabbed

83 5043 46 27 up,
138 5032 54 27 and
205 5031 28 27 in
247 5033 46 25 too
304 5038 83 27 many
398 5037 73 19 cases
498 5028 34 38 by
556 5030 76 28 those

82 5073 61 28 who
154 5072 69 28 have
237 5074 47 24 not
298 5079 51 17 one
363 5068 113 38 shilling
495 5073 27 24 to
544 5070 89 29 invest

82 5114 63 34 and,
159 5109 206 40 consequently,
380 5109 118 37 nothing
517 5114 28 24 to
568 5112 63 27 lose.

89 5154 71 28 Most
173 5152 113 36 volubly
305 5150 65 36 they
390 5159 62 27 cry:

85 5195 47 28 the
144 5197 132 39 property
303 5191 55 27 and
381 5191 159 37 experience
552 5204 7 23 ;
579 5203 53 27 you

86 5235 66 26 send
176 5233 83 37 along
288 5232 48 27 the
567 5233 66 28 And

87 5274 87 34 when,
187 5284 29 16 as
230 5273 27 28 in
269 5282 74 17 seme
357 5280 75 18 cases
452 5272 29 27 of
503 5272 62 30 late,
587 5273 46 28 the

85 5312 138 38 capitalist
233 5312 65 28 does
311 5310 99 35 arrive,
424 5310 33 28 he
470 5312 22 27 is
503 5317 54 23 met
569 5313 63 27 with

84 5362 16 19 a
113 5353 116 28 demand
244 5352 29 29 of
285 5361 31 18 so
326 5350 177 30 exhorbitant
514 5364 15 16 a
538 5357 96 24 nature

84 5394 60 27 that
157 5393 34 28 he
204 5397 79 24 turns
296 5401 76 27 away
383 5390 26 29 in
420 5392 78 29 sheer
515 5393 117 39 disgust,

84 5433 111 38 leaving
208 5433 47 28 the
270 5432 115 38 gleaner
402 5432 71 28 after
496 5434 137 29 unearned

84 5473 152 29 increment
256 5477 29 25 to
304 5482 109 18 assume
437 5473 60 28 that
519 5475 35 28 he
578 5475 56 36 (the

84 5513 147 39 capitalist)
248 5513 22 28 is
280 5515 49 26 not
338 5513 74 37 quite
426 5523 30 19 so
469 5524 84 29 green
562 5526 30 18 as
600 5515 35 28 he

83 5555 88 28 looke.
211 5554 64 29 This
289 5553 166 39 illigitimate
476 5559 159 38 promoting

84 5595 29 29 of
137 5594 123 29 wild-cat
285 5593 124 29 schemes
442 5595 49 29 has
520 5607 16 18 a
568 5608 65 28 very

84 5635 123 30 material
228 5635 137 37 tendency
378 5636 117 28 towards
508 5638 108 29 weaken-

82 5676 50 38 ing
145 5676 48 29 the
207 5675 112 30 mineral
329 5675 123 39 stability
460 5677 29 28 of
501 5687 52 28 any
564 5680 51 27 min-

80 5716 51 37 ing
168 5715 116 33 district,
320 5715 54 29 and
403 5726 67 26 very
495 5719 137 37 stringent

77 5766 140 23 measures
226 5756 96 31 should
335 5757 33 30 be
377 5757 114 30 enacted

702 203 122 23 wur.ieus
836 201 29 25 to
877 208 66 30 cope
959 198 62 30 with
1044 199 52 29 this
1119 200 69 30 class
1214 202 27 28 of

698 247 15 15 o
734 237 179 29 euders—for
921 239 135 28 offenders
1071 240 64 37 they
1148 252 45 18 are
1218 244 23 24 in

698 276 33 27 ail
748 277 82 28 literal
844 287 92 19 senses
948 280 28 27 of
988 280 45 27 the
1044 279 82 30 word.
1167 281 74 36 They

696 327 104 29 occupy
814 319 30 28 th
856 319 4 37 ■
873 319 63 30 time
957 322 28 27 of
1007 320 45 29 the
1074 326 77 25 court
1177 322 64 30 with

695 369 15 16 a
725 358 74 39 large
813 360 174 38 application,
1011 362 27 28 in
1061 362 89 29 which
1176 364 21 28 it
1220 364 21 27 is

694 405 41 23 set
746 399 71 30 forth
830 402 57 28 that
899 402 45 28 the
954 403 133 38 proposed
1103 403 99 38 capital
1212 410 29 23 to

695 440 32 27 be
750 442 143 30 expended
916 443 22 27 is
953 444 110 34 £5,000,
1079 446 110 33 £B.OOO,
1211 456 30 16 or

694 480 129 35 £IO,OOO.
844 481 64 30 This
923 483 76 28 looks
1014 484 82 36 really
1107 485 132 27 beautiful

693 532 33 17 on
741 531 91 28 paper,
847 523 46 28 the
906 523 162 38 application
1080 525 20 27 is
1112 525 125 35 granted,

693 562 64 28 time
770 563 64 37 slips
850 569 59 32 past
923 576 6 21 ;
950 574 32 17 an
993 564 9 28 1
1025 575 65 18 once
1112 575 24 18 in
1139 575 44 19 or*
1207 566 32 28 he

690 602 79 27 seeks
792 604 45 26 the
860 604 133 28 attention
1015 605 29 26 of
1070 606 45 26 the
1142 610 95 30 court;

690 642 53 27 this
763 651 65 19 tune
851 643 21 27 it
898 644 21 27 is
947 654 34 16 au
1003 644 164 37 application
1194 646 43 28 for

689 683 150 36 protection
873 683 43 28 for
952 685 42 27 six
1018 685 116 34 months,
1162 696 74 18 some

689 722 87 28 trivial
790 733 106 24 excuse,
910 724 30 28 of
953 734 103 26 course,
1082 726 82 36 being
1186 734 49 30 put

687 761 184 34 forward,alas
884 763 49 27 !in
946 770 44 21 too
1003 774 77 27 uumy
1093 775 74 18 cases
1178 776 28 17 as
1221 776 14 17 a

687 812 71 17 mere
791 801 84 30 blind.
915 801 74 38 This,
1026 805 73 34 then,
1136 806 97 28 should

687 842 32 27 be
733 842 45 27 the
790 846 119 24 moment
922 851 28 19 at
965 844 86 28 which
1067 846 46 28 the
1124 846 106 28 warden

684 881 97 29 should
794 882 34 28 be
842 882 123 30 invested
988 885 62 28 with
1074 886 46 29 the
1143 897 91 26 power

685 927 27 23 to
723 927 59 32 step
792 922 27 27 in
828 923 54 27 and
894 923 59 28 deal
964 926 61 26 with
1040 927 44 27 the
1093 927 140 37 applicant

686 964 26 26 in
726 973 13 17 a
753 973 112 18 manner
878 964 150 30 calculated
1044 973 26 21 to
1085 967 82 35 bring
1177 968 52 27 him

686 1013 34 26 up
736 1003 63 27 witii
814 1015 15 16 a
844 1006 85 27 round
953 1014 73 20 turn.
1068 1008 44 28 He
1133 1008 96 27 should

686 1043 31 26 bo
731 1043 116 27 enabled
864 1049 25 23 ';o
903 1046 109 26 enforce
1034 1058 34 16 an
1090 1048 79 27 order
1191 1048 38 26 for

685 1082 44 28 the
745 1089 129 30 payment
888 1084 28 28 of
930 1096 15 15 a
959 1084 107 40 deposit
1079 1087 37 34 of,
1131 1098 56 27 say,
1204 1082 3 43 I
1218 1087 11 28 0

684 1133 49 26 per
746 1129 71 22 cent,
838 1124 113 29 interest
973 1137 35 16 on
1032 1128 45 27 the
1101 1128 128 36 proposed

684 1162 108 38 capital,
807 1164 58 28 said
879 1164 107 39 deposit
999 1172 28 22 to
1051 1168 33 27 be
1107 1168 122 29 forfeited

684 1204 21 26 if
719 1203 74 27 work
818 1204 33 28 be
873 1213 48 21 not
943 1206 176 31 commenced
1139 1208 90 28 within

684 1244 46 28 the
743 1245 157 36 prescribed
914 1246 64 30 time
993 1259 6 23 ;
1022 1248 27 28 in
1064 1249 52 30 Hep.
1132 1249 28 29 of
1183 1248 35 29 for-

684 1284 107 35 feiture,
802 1285 50 29 full
865 1288 175 28 cancellation
1053 1290 27 27 of
1093 1291 34 28 all
1137 1290 92 38 rights.

685 1325 26 29 If
725 1331 74 33 steps
822 1329 156 38 something
1004 1329 54 30 like
1081 1334 48 27 the
1150 1331 79 29 above

685 1377 69 18 were
780 1368 93 35 taken,
894 1370 14 26 I
931 1370 67 28 have
1023 1376 50 24 not
1105 1373 46 29 the
1172 1371 57 29 leas!

684 1409 87 27 doubt
785 1408 19 27 it
815 1409 87 27 would
914 1410 33 27 be
958 1411 45 27 the
1013 1421 93 20 means
1128 1413 28 26 of
1167 1412 58 28 ridd

684 1448 47 38 ing
742 1457 48 18 our
799 1447 144 37 goldfields
954 1450 27 28 of
991 1460 15 17 a
1015 1454 123 26 number
1147 1451 27 29 of
1183 1453 46 26 tha

683 1488 190 39 pettifogging
903 1489 53 28 and
985 1491 162 42 intrig-oung
1169 1492 60 30 class

684 1529 58 27 who
756 1530 63 26 seek
835 1537 26 20 to
876 1540 75 27 grow
966 1531 57 28 rich
1044 1536 53 27 and
1114 1543 59 18 wax
1196 1533 33 28 fat

683 1579 70 26 upon
766 1569 45 26 the
831 1569 64 28 wise
915 1572 138 35 provision
1080 1573 28 28 of
1132 1573 97 28 others.

680 1608 39 28 To
734 1618 87 26 many,
848 1610 45 27 the
916 1611 84 28 above
1025 1613 121 30 remarks
1172 1623 57 23 may

680 1658 72 17 seem
788 1650 80 26 harsh
901 1651 54 27 and
981 1653 124 37 rigorous
1131 1653 28 26 in
1186 1654 43 27 the

679 1697 130 26 extreme,
825 1690 57 34 but,
898 1691 75 28 when
988 1704 51 19 one
1060 1705 57 18 sees
1133 1693 96 29 honest

679 1729 97 35 capital
790 1730 110 38 coming
919 1732 56 27 into
998 1745 15 15 a
1034 1735 116 31 district,
1176 1735 52 25 and

679 1768 91 29 forced
785 1777 27 21 to
828 1782 35 26 go
877 1771 157 37 a-begcrino-
1047 1774 120 31 through
1183 1774 45 30 the

679 1815 162 30 injudicious
856 1815 197 34 roresightand
1072 1826 156 24 mercenary

678 1848 82 38 greed
771 1849 28 28 of
807 1861 15 16 a
836 1849 154 37 few,whose
1001 1853 226 40 nondescriptical

677 1890 189 30 classification
894 1893 90 37 places
1016 1898 76 26 them
1119 1896 108 36 beyond

678 1931 45 27 the
738 1931 59 37 pale
808 1932 28 27 of
853 1943 59 18 men
929 1934 24 27 in
967 1937 87 27 whose
1067 1938 104 26 breasts
1182 1936 45 27 the

678 1971 107 27 welfare
811 1972 28 27 of
868 1974 44 27 the
934 1974 107 30 district
1063 1976 124 37 occupies
1213 1987 14 16 a

677 2010 130 30 foremost
821 2014 54 27 aud
887 2013 138 44 elevating
1034 2017 124 38 position,
1174 2016 53 28 and

679 2053 57 26 wiio
750 2064 44 15 are
816 2065 82 18 never
921 2067 72 18 more
1017 2057 117 29 satisfied
1162 2058 63 26 than

677 2094 77 26 when
780 2096 139 37 receiving
955 2098 70 28 their
1051 2100 96 25 honest
1173 2098 54 26 and

677 2132 149 39 legitimate
868 2138 199 30 remuneration
1107 2137 119 39 through

677 2176 75 25 those
766 2177 107 34 specific
889 2178 138 35 channels,
1045 2180 88 26 whose
1148 2180 63 35 high-

679 2224 70 25 ways
769 2224 44 19 are
840 2227 34 16 au
903 2227 68 28 open
999 2229 102 17 sesame
1127 2223 28 22 to
1181 2218 46 27 the

676 2255 170 28 commercial
871 2258 123 39 morality
1009 2260 28 27 of
1060 2259 45 29 the
1133 2258 91 28 world.

715 2298 85 34 Apart
815 2297 70 26 from
900 2299 45 27 the
959 2301 95 32 above,
1070 2300 21 26 it
1105 2299 21 27 is
1141 2299 70 36 grati-

677 2335 77 38 fying
769 2341 28 22 to
818 2336 80 27 kimw
924 2339 57 28 that
1002 2340 75 28 there
1099 2349 44 17 are
1169 2338 55 28 still

675 2387 14 16 a
705 2377 50 26 few
771 2377 58 28 who
842 2388 45 17 are
902 2379 120 29 desirous
1046 2380 28 28 of
1096 2378 125 37 honestly

675 2417 204 37 endeavouring
893 2424 27 23 to
934 2430 68 27 open
1018 2430 35 27 up
1067 2420 45 27 the
1122 2419 100 28 hidden

673 2466 138 17 resources
823 2458 28 25 of
863 2459 52 27 this
930 2459 116 34 district,
1056 2460 52 26 and
1120 2469 102 26 among

673 2497 75 28 these
763 2507 60 27 may
840 2497 31 28 be
893 2500 155 28 mentioned
1074 2499 41 29 Mr
1138 2499 26 28 J.
1190 2498 30 30 C.

671 2538 91 33 Short,
774 2538 28 26 of
814 2536 78 31 Dune
896 2539 54 29 Jin.
977 2539 64 29 This
1052 2539 168 38 gentleman,

668 2588 28 15 a.s
708 2577 190 39 representing
912 2590 50 16 one
975 2580 29 27 of
1013 2580 45 26 the
1073 2579 146 37 principals

668 2616 27 30 of
709 2626 15 19 a
738 2625 142 30 company,
895 2618 23 29 is
929 2618 84 31 about
1025 2623 26 25 to
1063 2628 155 21 commence

667 2658 45 27 the
727 2657 126 38 building
867 2660 29 27 of
908 2671 16 17 a
937 2660 104 36 dredge
1056 2665 28 23 to
1108 2665 109 32 operate

666 2698 26 28 in
708 2698 45 27 the
771 2696 123 31 YVaikaia
908 2700 84 29 River
1001 2707 28 21 at
1052 2700 46 28 the
1124 2693 74 35 Laud-

665 2738 61 37 slip,
750 2738 52 26 this
829 2739 81 37 being
931 2740 162 28 considered
1115 2751 50 16 one
1190 2740 28 27 of

666 2778 44 28 the
724 2778 120 28 choicest
858 2785 76 33 spots
949 2780 42 29 for
1004 2790 15 19 a
1034 2780 59 28 trial
1109 2780 29 28 of
1162 2780 54 28 this

664 2819 176 38 description.
881 2821 55 28 The
976 2827 117 23 terraces
1133 2821 83 39 along
1228 2819 1 41 i

664 2860 46 27 the
725 2860 89 28 banks
830 2861 82 37 being
934 2862 97 36 highly
1054 2862 162 34 auriferous,
1228 2860 1 38 !

664 2900 54 28 and
731 2909 15 19 a
766 2900 187 30 considerable
971 2902 127 38 quantity
1113 2901 103 38 having

665 2940 68 30 been
746 2940 103 30 sluiced
859 2942 58 29 into
926 2943 47 28 the
988 2943 77 33 river,
1077 2942 22 28 it
1108 2942 23 29 is
1143 2952 74 18 more
1228 2940 1 37 |

665 2981 65 26 than
745 2981 130 35 probable
887 2982 60 28 that
962 2983 70 25 their
1044 2982 93 26 efforts
1162 2982 54 26 will
1228 2981 1 35 i

664 3020 34 26 be
712 3023 55 23 met
781 3020 63 26 with
859 3030 117 18 success.

702 3058 44 27 Mr
781 3057 105 30 Robert
921 3061 103 34 Stuart,
1053 3060 47 27 the
1126 3059 90 39 genial

666 3108 129 29 mauager
816 3100 28 28 of
865 3100 45 28 the
936 3101 106 37 Argvle
1063 3100 153 36 Hydraulic
1228 3100 1 41 j

665 3139 125 37 Sluicing
804 3138 57 36 Co.,
875 3140 49 29 has
934 3140 58 38 just
1003 3140 155 38 completed
1169 3140 47 28 the
1228 3134 1 50 j

664 3179 93 38 laying
771 3179 79 29 down
863 3180 29 28 of
905 3191 15 17 a
933 3191 60 18 new
1011 3180 54 28 line
1087 3180 29 30 of
1138 3180 78 38 pipes

664 3219 70 30 from
747 3231 16 17 a
776 3220 99 38 higher
887 3220 143 37 elevation,
1042 3221 63 28 thus
1117 3221 99 38 giving

664 3260 56 30 him
742 3272 16 17 a
783 3261 127 30 hundred
934 3262 57 29 feet
1013 3262 29 29 of
1075 3262 141 28 increased

664 3312 133 27 pressure.
837 3302 44 29 He
910 3304 65 37 only
1001 3313 62 19 now
1080 3303 94 28 awaits
1201 3314 16 17 a

664 3342 110 37 copious
799 3342 144 39 discharge
968 3344 71 27 from
1065 3344 47 27 the
1132 3343 70 28 flood-

665 3387 77 31 gates
756 3381 29 28 of
798 3383 46 27 the
858 3383 128 34 heavens,
1003 3383 13 27 I
1039 3384 71 36 hope
1133 3387 27 24 to
1183 3383 34 27 be

665 3422 61 29 able
740 3426 27 25 to
782 3422 95 29 record
890 3434 15 17 a
925 3423 148 30 successful
1094 3423 73 29 issue
1190 3427 28 25 to
1228 3422 1 31 I

668 3464 46 27 the
732 3464 138 27 increased
893 3465 179 37 expenditure
1093 3465 54 26 laid
1160 3471 56 22 out.

669 3503 140 39 Speaking
835 3504 28 28 of
887 3516 17 16 a
929 3505 111 38 copious
1075 3505 143 37 discharge

668 3544 118 27 reminds
809 3555 43 18 ine
873 3545 60 28 that
953 3556 102 26 among
1074 3545 45 28 the
1141 3546 77 27 small

668 3584 44 35 fry
726 3588 113 24 matters
852 3596 45 17 are
910 3589 28 24 at
951 3596 16 17 a
980 3585 135 37 complete
1124 3586 78 27 stand-

668 3623 64 35 still,
746 3623 35 28 all
795 3624 45 28 the
854 3635 74 18 races
942 3625 29 28 of
993 3626 76 27 short
1091 3625 127 28 duration

668 3664 83 36 being
764 3665 162 35 completely
943 3665 77 26 dried
1042 3674 45 26 up,
1112 3664 42 28 for
1179 3674 37 18 we

666 3713 46 18 are
738 3704 195 37 experiencing
957 3714 16 18 a
1003 3704 130 38 drought,
1172 3705 46 27 the
1228 3702 1 42 j

667 3743 113 35 dryness
807 3744 28 26 of
862 3744 86 27 which
976 3744 88 27 would
1089 3744 78 26 make
1202 3755 16 15 a
1228 3743 1 35 ;

666 3782 143 28 lime-kilm
825 3788 62 22 turn
901 3793 84 27 green
1001 3782 64 28 with
1079 3792 80 28 envy.

705 3822 14 28 1
732 3824 112 28 observe
856 3823 58 29 that
926 3822 186 30 considerable
1127 3828 89 24 atten-
1228 3822 1 32 ;

666 3864 58 28 tion
738 3864 21 26 is
773 3870 27 20 at
814 3868 110 31 present
946 3864 84 35 being
1050 3863 63 36 paid
1127 3868 28 22 to
1171 3864 46 27 the
1228 3862 1 37 \

670 3902 187 29 Whitecombe
889 3902 54 28 and
978 3902 109 37 locality
1114 3903 29 27 of
1169 3903 45 27 the
1228 3902 1 37 ;

669 3944 93 38 Upper
778 3941 123 30 YVaikaia
916 3942 27 28 in
962 3944 111 36 general
1089 3944 35 36 by
1138 3954 61 26 pros-

666 3992 107 29 pectors
805 3983 53 27 and
890 3983 91 27 others
1014 3983 148 28 interested
1188 3984 28 27 in

667 4024 105 31 mining
811 4027 136 24 ventures.
1000 4023 75 32 This,
1109 4024 27 27 in
1171 4034 43 17 mv

666 4066 119 37 opinion,
809 4064 21 27 is
856 4075 15 15 a
899 4063 63 28 held
985 4064 104 36 worthy
1115 4064 29 27 of
1169 4064 46 28 the
1228 4063 1 40 \

666 4106 89 28 notice
768 4104 28 28 of
809 4113 52 28 any
875 4113 30 18 so
929 4102 126 30 inclined.
1096 4102 57 30 The
1174 4114 27 18 re-

667 4146 91 29 marks
772 4147 28 26 of
813 4156 15 16 a
847 4144 214 38 correspondent
1074 4144 70 29 from
1154 4146 59 27 that
1228 4142 1 41 j

667 4187 114 33 district,
796 4185 88 28 which
897 4185 135 38 appeared
1042 4184 26 28 in
1081 4186 46 27 the
1140 4185 74 28 Mail

657 4223 1 41 !
667 4229 29 28 of
710 4227 48 29 Bth
771 4226 132 38 January,
917 4226 14 28 I
944 4235 50 20 ean
1007 4225 69 39 fully
1090 4226 123 36 endorse,
1228 4223 1 41 '

657 4266 1 40 !
668 4280 29 17 as
711 4268 113 38 bearing
844 4276 71 28 upon
931 4267 45 27 the
991 4266 121 29 richness
1127 4268 29 27 of
1170 4269 44 27 the
1228 4266 1 40 i

657 4304 1 43 i
668 4309 151 38 specimens
832 4307 88 28 which
934 4307 46 27 the
990 4306 98 38 gullies
1099 4307 115 37 running
1228 4304 1 43 j

657 4347 1 40 j
668 4350 82 37 along
764 4349 45 28 the
828 4348 65 27 base
915 4347 28 28 of
964 4347 47 28 the
1035 4356 85 29 range
1147 4348 67 27 have
1228 4347 1 40 i

657 4387 1 44 ;
666 4389 108 40 yielded
788 4399 37 28 up
838 4387 27 30 in
880 4387 46 29 the
949 4393 69 34 past,
1040 4388 46 28 the
1107 4389 107 37 rugged
1227 4387 1 44 j

657 4429 1 32 i
668 4436 94 24 nature
783 4432 28 27 of
834 4429 89 29 which
947 4429 110 29 showed
1083 4430 59 27 that
1168 4431 46 27 the
1227 4429 1 32 !

668 4472 70 27 main
758 4471 71 28 reefs
851 4474 72 23 must
948 4470 68 27 have
1043 4470 68 26 been
1138 4471 75 36 (juke
1227 4470 1 37 ;

665 4513 134 38 adjacent,
826 4511 44 28 for
894 4511 46 28 the
969 4509 66 38 gold
1060 4509 78 30 could
1166 4514 47 25 not

665 4553 67 29 have
747 4551 131 29 travelled
897 4550 42 29 far
960 4550 55 27 and
1040 4549 122 29 retained
1177 4551 35 28 its
1224 4549 3 42 j

663 4593 116 37 angular
809 4591 55 29 and
907 4591 88 36 rough
1033 4601 176 26 appearance,
1224 4591 3 39 j

665 4637 41 25 An
723 4631 188 36 undoubtedly
926 4631 57 27 rich
996 4631 109 26 harvest
1118 4631 93 26 awaits
1224 4626 2 41 '

664 4675 46 26 the
724 4673 81 33 lucky
819 4672 101 24 tinders
934 4669 28 26 of
976 4669 77 26 those
1068 4667 80 35 reefs,
1169 4669 42 26 for

665 4713 13 25 I
692 4712 34 26 do
741 4716 47 21 not
802 4709 80 27 know
896 4708 30 27 of
938 4718 53 24 any
1001 4707 107 36 locality
1120 4708 90 26 whose
1224 4707 2 36 !

665 4750 96 27 o-ullies
775 4759 49 17 can
839 4749 78 26 boast
931 4748 28 26 of
972 4747 46 27 the
1040 4756 73 17 same
1140 4747 56 27 rich-

665 4800 62 19 uess
739 4798 30 19 as
784 4789 77 28 those
875 4788 28 27 of
914 4788 45 27 the
974 4786 93 38 Upper
1075 4785 134 37 Waikaia,
1223 4785 2 39 i

664 4831 41 26 viz
719 4852 7 12 ,
755 4828 188 29 Whitecombe
976 4827 97 34 Creek,
1107 4828 102 37 Stouey

665 4868 97 34 Creek,
777 4868 111 27 Timber
900 4866 89 36 Gully,
1000 4866 106 28 Station
1119 4866 90 38 Gully,

663 4909 54 29 and
729 4911 92 26 others
835 4908 28 27 of
877 4906 67 28 local
957 4908 70 25 fame
1039 4905 58 29 well
1109 4906 100 29 knovvu
1223 4904 2 35 |

663 4954 27 24 to
704 4949 46 28 the
764 4948 45 29 old
825 4946 87 29 hands
926 4946 28 28 of
980 4946 59 27 that
1061 4946 148 37 neighbor-
1223 4941 1 42 I

663 4990 79 27 hood.
782 4989 34 27 In
830 4987 122 28 addition
966 4991 27 23 to
1007 4986 65 32 this,
1091 4988 76 27 there
1187 4988 22 27 is
1223 4981 2 37 j

661 5041 16 17 a
690 5033 60 25 vast
764 5033 95 24 extent
871 5028 29 27 of
912 5031 116 30 country
1041 5025 76 38 lying
1128 5032 26 24 to
1164 5027 46 28 the

662 5076 66 23 west
741 5070 28 29 of
790 5070 45 28 the
865 5066 123 30 Waikaia
1009 5065 83 28 River
1115 5066 59 30 that
1187 5068 22 28 is

661 5110 160 40 praetfcally
853 5106 200 40 unprospeeted
1093 5116 29 18 as
1153 5113 55 30 yet.

662 5152 111 28 Several
787 5150 77 29 small
879 5148 101 39 parties
999 5146 68 28 have
1080 5152 49 33 got
1143 5159 50 27 pay-

660 5193 61 28 able
735 5192 65 39 gold
825 5192 28 27 in
879 5189 107 29 various
1009 5187 99 38 places,
1122 5188 87 30 whicu

662 5234 88 27 shows
776 5233 60 27 that
861 5232 46 27 the
934 5228 124 38 precious
1085 5230 81 26 metal
1187 5230 21 28 is

661 5273 77 28 there
760 5272 63 36 only
846 5270 129 36 awaiting
988 5268 46 29 the
1061 5269 101 28 advent
1181 5270 28 28 of

661 5312 99 39 capital
785 5311 54 28 and
866 5310 112 28 modern
1004 5309 154 36 appliances
1182 5318 27 20 to

663 5353 117 28 transfer
794 5352 21 27 it
829 5356 27 23 to
882 5351 47 27 the
954 5348 97 29 coffers
1077 5349 28 28 of
1132 5350 77 28 those

663 5394 59 28 who
748 5393 80 28 make
854 5391 46 28 the
925 5393 126 34 attempt.
1091 5390 40 27 At
1156 5401 52 27 any

663 5440 66 29 rate,
743 5434 15 27 I
771 5444 44 17 am
829 5431 132 39 prepared
977 5435 28 23 to
1032 5430 64 28 hear
1122 5430 26 28 in
1164 5432 46 27 the

662 5485 66 27 very
741 5484 66 19 near
828 5473 92 27 future
946 5472 28 28 of
1000 5474 77 35 great
1103 5476 106 24 returns

663 5515 84 38 being
760 5512 129 32 obtained
902 5513 27 28 in
943 5512 47 29 the
1001 5511 110 39 regions
1125 5512 28 28 of
1164 5512 45 28 the

663 5557 96 38 Upper
786 5553 135 36 Waikaia,
943 5565 30 17 as
998 5562 67 19 soon
1090 5562 29 18 as
1145 5552 64 38 they

662 5607 76 20 come
751 5595 95 29 within
867 5595 46 28 the
938 5604 81 28 scope
1043 5591 55 29 and
1125 5592 85 28 under

663 5639 45 28 the
722 5637 90 30 notice
834 5636 29 29 of
882 5636 79 28 those
984 5635 60 28 who
1070 5642 45 19 are
1140 5633 29 27 in
1194 5644 16 16 a

661 5679 119 39 position
804 5684 29 22 to
858 5686 71 28 open
953 5686 37 27 up
1015 5675 53 28 and
1095 5673 114 38 develop

661 5721 73 27 them
748 5719 28 28 in
787 5729 16 17 a
813 5726 113 20 manner
934 5716 59 29 that
1002 5716 24 27 is
1035 5717 72 26 most
1115 5723 78 18 neces-

660 5771 62 27 sary
735 5759 55 31 and
803 5756 138 42 practical.

1312 204 98 41 Owing
1424 210 28 26 to
1467 207 45 28 the
1526 202 222 42 unprecedented
1760 201 67 40 spell

1273 246 28 27 of
1314 247 52 35 dry
1514 258 38 16 we
1566 248 68 25 have
1644 244 182 38 experienced

1256 283 2 41 .
1272 285 28 28 of
1313 285 62 35 late,
1390 287 46 28 the
1463 296 79 28 crops
1566 295 45 18 are
1640 289 49 24 not
1713 283 114 35 looking

1271 326 94 39 nearly
1379 338 29 17 so
1420 327 58 30 well
1493 339 28 17 as
1537 326 67 40 they
1623 324 106 31 should.
1769 322 58 30 The

1254 364 2 42 ,
1271 366 126 30 Waikaia
1422 368 95 38 Valley
1547 367 22 30 is
1597 367 106 28 famous
1717 365 43 28 for
1780 364 47 28 the

1254 405 2 41 \
1269 407 162 31 abundance
1466 409 29 29 of
1528 409 34 28 its
1595 407 88 39 yields
1715 406 28 28 in
1771 405 53 28 this

1270 454 115 31 respect,
1400 451 49 27 but
1466 451 55 26 this
1548 460 65 25 year
1637 449 46 27 the
1698 447 126 37 majority

1271 489 53 28 will
1351 490 34 28 be
1412 501 66 26 very
1506 490 76 27 short
1609 489 26 28 in
1662 488 113 38 length;
1797 486 26 28 in

1269 528 65 37 fact,
1361 541 34 17 on
1423 541 75 18 suae
1527 531 49 35 dry
1603 529 93 36 ridges
1722 528 61 29 that
1810 527 12 28 I

1253 568 1 38 .
1270 569 81 30 know
1365 571 29 27 of
1409 571 11 27 I
1436 571 34 28 do
1486 576 46 23 not
1549 569 79 30 think
1643 570 66 36 they
1726 579 50 18 can
1791 568 32 29 be

1252 609 2 40 '
1268 616 46 21 cut
1328 618 27 19 at
1369 611 44 27 all.
1455 611 128 38 Turnips,
1599 611 65 33 also,
1679 610 68 27 have
1766 609 42 28 suf-

1268 649 84 34 fered,
1369 651 51 28 and
1446 651 26 27 in
1501 661 80 26 many
1602 660 75 19 cases
1698 650 124 33 farmers,

1251 690 1 40 |
1265 691 72 27 after
1363 691 114 39 waiting
1505 691 102 29 several
1634 691 101 34 weeks,
1750 690 68 28 have

1251 731 1 37 :
1266 731 68 28 been
1352 732 92 27 forced
1461 740 27 20 to
1504 742 107 25 re-sow,
1627 731 54 28 and
1692 731 22 28 it
1725 731 21 28 is
1756 741 66 27 very

1251 770 1 36 •
1265 770 104 29 seldom
1402 772 59 27 that
1496 773 46 26 the
1576 771 101 28 second
1715 771 107 35 sowing

1251 810 1 39 '
1264 820 89 18 comes
1369 814 26 25 to
1412 811 79 29 much
1504 810 4 39 ;
1532 811 65 38 they
1622 822 63 26 may
1710 810 82 29 make
1806 821 14 16 a

1251 850 1 39 i
1263 850 73 38 good
1350 851 75 27 show
1449 852 28 27 of
1501 859 72 30 tops,
1601 853 50 27 but
1665 852 27 27 in
1707 850 110 38 general

1264 893 45 25 the
1324 896 73 23 roots
1414 902 82 17 never
1511 903 72 17 seem
1607 897 28 23 to
1662 892 86 28 attain
1771 891 46 28 the

1251 931 1 40 j
1262 940 73 18 same
1369 932 171 37 proportions
1569 943 29 17 as
1625 933 22 27 if
1672 933 66 36 they
1764 931 52 28 had

1263 980 75 18 come
1364 981 76 27 away
1466 976 28 23 at
1528 973 45 28 the
1607 973 60 28 first
1699 972 116 35 sowing.

1263 1011 55 28 The
1333 1011 47 28 bot
1395 1011 36 37 fly
1447 1012 48 28 has
1508 1013 57 28 also
1593 1013 70 28 been
1685 1023 16 18 a
1722 1023 94 18 source
1826 1011 1 37 |

1263 1051 28 26 of
1305 1055 78 31 great
1406 1062 158 24 annoyance
1588 1056 28 23 to
1644 1053 92 26 horses
1761 1053 53 26 this

1262 1100 135 25 summer;
1421 1100 82 19 never
1517 1091 46 28 did
1583 1092 12 27 I
1611 1092 114 28 observe
1741 1091 74 28 them
1826 1091 1 37 ;

1251 1127 1 41 l
1264 1135 26 23 to
1305 1131 33 26 be
1361 1142 29 15 so
1404 1142 146 16 numerous
1575 1142 30 16 or
1627 1136 28 23 to
1679 1131 70 37 keep
1770 1131 45 26 the
1826 1127 1 41 i

1251 1170 1 29 .
1264 1171 91 27 horses
1378 1170 27 29 in
1431 1171 66 27 such
1519 1183 14 15 a
1555 1171 119 28 feverish
1696 1175 71 23 state
1787 1170 29 27 of

1251 1211 1 35 i
1263 1211 142 35 agitation.
1448 1212 34 26 So
1510 1211 72 27 what
1608 1211 66 27 with
1706 1215 107 25 storms,
1826 1211 1 35 i

1265 1251 50 28 and
1327 1251 144 32 droughts,
1482 1251 52 28 and
1547 1251 79 28 other
1638 1251 43 28 ills
1691 1254 27 24 to
1728 1250 85 27 which
1826 1250 1 33 \

1251 1289 1 39 I
1266 1293 45 27 the
1326 1292 69 28 farm
1410 1293 22 27 is
1446 1292 66 34 heir,
1527 1292 46 27 the
1599 1290 156 29 cockatoo's
1768 1290 47 28 life
1826 1289 1 39 j

1252 1329 37 45 jis
1303 1340 48 21 not
1364 1333 73 28 what
1451 1332 87 38 might
1566 1332 34 28 be
1625 1331 86 30 called
1726 1342 14 17 a
1754 1342 45 27 par-

1253 1366 2 45 :
1268 1373 125 38 ticnlarly
1406 1375 91 36 happy
1511 1383 60 25 one,
1587 1373 48 28 but
1656 1374 14 27 I
1697 1382 117 27 suppose
1826 1366 1 45 j

1254 1413 2 33 ■
1268 1416 21 26 it
1303 1415 34 26 all
1352 1423 124 19 amounts
1491 1420 26 21 to
1533 1414 45 27 the
1592 1423 73 18 same
1684 1413 82 33 tiling
1787 1413 25 26 in
1826 1413 1 33 j

1269 1455 45 28 the
1326 1455 62 33 end,
1401 1455 42 27 for

1319 1505 99 22 Whether
1428 1506 32 20 it's
1470 1505 44 22 coM
1524 1512 21 14 or
1555 1503 92 23 whether
1656 1504 33 21 it's
1698 1504 44 26 hot,

1252 1538 2 27 \
1318 1540 49 21 He's
1376 1543 33 22 got
1421 1542 20 19 to
1452 1540 87 21 weather
1548 1540 17 19 it
1576 1538 91 21 whether
1676 1545 22 14 or
1708 1544 42 15 not.

1251 1577 1 41 i
1304 1580 37 28 At
1355 1583 110 35 present
1488 1590 36 18 we
1551 1589 44 17 are
1616 1578 131 38 enjoying
1769 1577 44 28 the

1265 1620 104 28 blissful
1392 1620 120 37 delights
1540 1620 29 27 of
1594 1619 69 27 keen
1684 1618 129 37 competi-
1826 1616 1 41 !

1251 1659 1 36 .'
1263 1660 56 28 tion
1336 1660 23 28 in
1376 1660 44 28 the
1438 1667 97 21 matter
1562 1660 27 26 ot
1604 1659 132 36 coaching
1749 1669 48 17 con-

1263 1710 116 28 veyance
1421 1701 119 28 between
1590 1698 125 30 Waikaia
1759 1698 53 29 and
1826 1698 1 40 i

1265 1740 137 28 Kivorsdal
1417 1754 11 12 •.
1479 1740 56 27 The
1563 1740 100 35 rivalry
1689 1739 122 28 between
1826 1732 1 43 |

1261 1783 46 28 the
1321 1789 52 21 two
1388 1781 65 29 lines
1468 1781 29 29 of
1508 1780 115 30 coaches
1633 1780 49 30 has
1691 1778 120 39 brought
1826 1778 1 44 j

1261 1823 68 25 fares
1344 1822 77 26 down
1439 1830 26 18 to
1483 1822 133 26 bed-rock
1640 1832 96 24 prices,
1759 1821 51 25 air!
1826 1821 1 35 :

1260 1861 44 29 the
1338 1860 121 30 distance
1488 1861 57 28 that
1573 1860 81 29 could
1681 1859 62 38 only
1779 1860 33 26 be

1258 1902 114 28 covered
1401 1903 127 35 formerly
1552 1902 35 35 by
1611 1902 45 27 the
1680 1900 130 39 expendi-
1825 1900 2 39 i

1260 1945 57 25 turc
1333 1942 28 28 of
1376 1942 28 28 7s
1420 1951 15 17 o
1448 1942 15 33 1,
1479 1952 47 16 can
1545 1952 57 17 now
1626 1942 33 28 be
1679 1941 70 28 done
1769 1940 42 29 for
1825 1940 2 41 j

1263 1985 35 32 Is,
1319 1992 29 18 or
1372 1982 125 36 nothing,
1528 1981 40 27 for
1591 1982 46 27 the
1665 1985 98 24 matter
1783 1978 43 31 of!

1258 2024 68 34 that,
1341 2023 21 27 if
1375 2034 52 26 you
1441 2033 44 17 are
1501 2032 28 18 so
1545 2022 126 34 inclined,
1688 2022 41 28 for
1744 2021 63 29 each
1824 2018 2 42 I

1258 2065 51 26 will
1328 2064 62 27 take
1404 2074 52 26 you
1479 2069 28 22 at
1522 2062 46 29 the
1583 2062 224 29 last-mentioned
1823 2062 2 38 j

1257 2115 60 17 sum
1333 2114 95 17 sooner
1442 2105 66 26 than
1523 2114 43 17 see
1592 2114 53 26 you
1672 2104 85 37 going
1772 2103 35 37 by

1258 2145 45 30 the
1326 2144 164 40 opposition.
1532 2144 143 35 However,
1702 2143 21 29 it
1749 2142 22 29 is
1792 2153 14 18 a
1823 2142 1 42 ;

1257 2192 81 22 sweet
1356 2185 139 28 reflection
1510 2185 41 28 for
1577 2185 74 27 them
1678 2189 28 23 to
1728 2185 79 26 know

1257 2226 58 27 that
1329 2227 21 26 if
1366 2225 62 37 they
1444 2235 44 17 are
1501 2232 47 20 not
1557 2224 114 38 reaping
1681 2234 16 17 a
1707 2223 97 37 golden
1822 2219 1 43 I

1257 2266 109 29 harvest
1393 2265 42 28 for
1468 2264 173 34 themselves,
1672 2264 64 37 they
1763 2274 44 17 are
1822 2262 1 39 |

1257 2307 153 34 bestowing
1424 2317 13 16 a
1459 2311 59 21 vast
1542 2309 112 23 amount
1680 2305 29 27 of
1735 2304 69 36 good

1256 2356 69 28 upon
1341 2347 47 28 the
1404 2345 146 37 travelling
1564 2344 101 38 public,
1681 2344 53 27 and
1749 2354 29 16 as
1792 2356 14 14 a

1254 2387 101 28 reward
1380 2386 42 29 for
1448 2385 71 29 their
1542 2385 194 38 philanthropy
1752 2384 52 29 and

1253 2427 198 37 open-hearted
1491 2425 165 37 generosity,
1695 2425 14 28 I
1749 2435 56 26 say,

1282 2468 77 36 Long
1385 2478 59 23 may
1460 2466 64 38 they
1539 2465 120 35 flourish,
1673 2465 53 27 and
1742 2474 60 27 may

1251 2508 70 28 their
1336 2507 126 30 shadows
1477 2516 84 18 never
1574 2516 75 26 grow

1453 2600 144 41 Cricket.

1406 2689 52 36 (By
1481 2688 161 36 Longstop.)

1284 2729 42 29 0:i
1343 2729 98 37 Friday
1456 2729 47 28 the
1521 2728 153 37 Roxburgh
1691 2728 108 28 Cricket

1247 2770 70 30 Club
1332 2774 61 23 sent
1407 2780 15 17 a
1435 2773 72 25 team
1523 2773 27 23 to
1565 2767 123 39 Tapanui
1699 2771 27 25 to
1736 2768 62 35 play

1246 2811 121 30 matches
1381 2811 77 28 there
1472 2822 35 17 on
1524 2810 45 27 the
1590 2819 73 18 same
1677 2809 53 37 day
1744 2808 54 29 and

1246 2853 45 28 the
1305 2851 144 38 following
1463 2850 107 39 against
1585 2849 109 28 elevens
1708 2860 75 26 repre-

1246 2893 111 35 senting
1391 2890 97 29 Heriot
1522 2890 55 27 and
1603 2889 130 37 Tapanui.
1773 2891 26 25 A

1246 2933 50 30 full
1320 2935 104 26 muster
1449 2931 30 30 of
1505 2932 47 28 the
1575 2929 68 30 local
1667 2940 61 18 men
1751 2934 48 35 got

1246 2984 85 24 away,
1355 2973 53 26 and
1423 2973 64 33 they
1502 2982 69 17 were
1592 2971 95 27 driven
1703 2971 36 35 by
1756 2971 43 26 Mr

1247 3011 97 28 Alfred
1359 3011 135 37 Tamblyn
1514 3010 28 29 in
1557 3009 42 30 his
1613 3009 78 34 drag.
1732 3009 67 28 Fine

1246 3051 119 28 weather
1387 3061 55 17 was
1468 3050 181 38 experienced
1663 3050 118 34 through-

1246 3095 55 33 out,
1315 3090 55 30 and
1383 3095 29 24 at
1430 3090 118 40 tapanui
1571 3088 47 31 the
1643 3089 76 39 pitch
1745 3100 53 17 was

1245 3134 27 27 in
1287 3133 74 37 good
1380 3132 90 27 order.
1510 3133 57 27 The
1595 3130 108 29 visitors
1728 3140 71 18 were

1247 3176 70 26 most
1331 3172 157 38 hospitably
1500 3172 107 29 treated
1616 3171 37 38 by
1665 3171 47 28 the
1721 3171 78 28 home

1246 3217 95 31 teams,
1367 3213 54 28 and
1448 3213 65 37 they
1545 3223 47 18 are
1623 3211 176 37 particularly

1245 3255 65 29 loud
1324 3255 28 28 in
1376 3254 71 29 their
1467 3253 89 37 praise
1570 3254 29 29 of
1613 3253 47 30 the
1674 3255 124 35 courtesy

1246 3295 54 29 and
1321 3295 132 28 kindness
1477 3295 95 28 shown
1596 3295 75 28 them
1696 3293 36 35 by
1755 3293 44 28 Mr

1246 3337 31 27 P.
1311 3335 128 29 M'Cann.
1493 3335 76 38 They
1601 3334 129 29 returned
1765 3344 32 17 on

1247 3377 113 36 Sunday
1374 3377 154 33 afternoon,
1543 3385 51 19 one
1608 3377 54 26 and
1686 3375 37 27 all.
1750 3374 30 27 de-

1246 3416 105 39 claring
1365 3416 59 28 that
1439 3416 47 28 the
1500 3417 55 38 trip
1570 3425 54 19 was
1638 3426 15 18 a
1667 3417 71 26 most
1753 3425 31 16 en-

1245 3458 109 37 joyable
1369 3467 59 18 one.
1470 3458 24 27 A
1522 3460 93 25 return
1630 3456 89 28 match
1735 3455 36 37 by
1786 3465 11 18 a

1247 3497 144 29 combined
1423 3501 71 23 team
1524 3497 70 27 from
1621 3496 99 28 Heriot
1747 3495 52 28 and

1247 3538 120 37 Tapanui
1381 3537 51 28 will
1444 3538 32 26 be
1489 3537 99 38 played
1602 3540 28 25 at
1643 3536 154 37 Roxburgh

1247 3578 73 35 early
1334 3582 65 23 next
1415 3578 104 27 month.

1351 3629 127 21 TAPANUI
1498 3636 19 14 v.
1533 3628 166 22 ROXBURGH.

1284 3669 57 26 The
1355 3669 120 26 weather
1486 3668 46 26 did
1542 3671 46 24 not
1600 3668 117 36 promise
1740 3668 57 25 well

1247 3707 42 28 for
1303 3708 56 28 tills
1374 3707 100 35 match,
1489 3706 76 29 there
1591 3707 86 37 being
1702 3717 16 18 a
1738 3706 59 28 cold

1247 3748 71 26 wind
1347 3747 193 37 accompanied
1567 3747 65 27 with
1655 3747 67 32 rain,
1749 3748 48 26 bur

1246 3787 118 29 towards
1389 3797 71 17 noon
1484 3786 21 28 it
1519 3786 106 28 cleared
1639 3786 158 35 somewhat,

1246 3828 53 28 and
1316 3826 121 31 Hendrie
1454 3826 57 36 (the
1528 3826 121 40 Tapanui
1664 3827 131 39 captain),

1247 3869 101 35 having
1363 3879 58 16 won
1436 3868 46 26 the
1503 3871 66 30 toss,
1585 3871 63 24 sent
1661 3868 46 27 the
1719 3868 64 26 visit-

1246 3907 49 39 ing
1321 3912 73 24 team
1420 3911 27 24 to
1481 3906 46 30 the
1563 3906 123 30 wickets.
1738 3906 57 28 The

1245 3949 111 38 innings
1368 3947 90 29 closed
1470 3947 40 28 for
1528 3948 58 33 105,
1601 3948 46 28 the
1661 3946 134 40 principal

1245 3997 89 20 scores
1348 3988 84 34 being
1449 3987 178 36 Winchester,
1642 3989 60 27 who
1717 3988 78 28 made

1244 4040 16 16 a
1279 4029 52 28 fine
1354 4029 106 37 display
1486 4028 29 28 of
1537 4028 104 28 cricket
1670 4029 68 36 (43),
1766 4028 26 29 J.

1245 4070 95 27 Elliott
1355 4071 50 34 («)),
1421 4070 112 35 Rooney
1544 4069 69 36 (II),
1625 4069 54 28 and
1690 4069 102 28 Burton

1247 4109 68 37 (10).
1355 4108 96 31 Elliott
1470 4108 99 40 played
1596 4118 15 18 a
1637 4109 54 28 fine
1705 4109 87 27 useful

1244 4152 119 33 inning,
1378 4150 110 34 batting
1503 4150 92 38 nearly
1609 4161 33 18 an
1664 4151 69 27 hour
1754 4150 41 29 for

1243 4191 41 29 his
1307 4191 24 36 9,
1360 4191 77 28 while
1473 4190 104 29 Burton
1601 4190 54 28 and
1682 4190 111 36 Rooney

1244 4236 49 34 put
1313 4232 27 29 in
1366 4231 71 38 good
1464 4231 84 28 work.
1587 4231 58 28 The
1670 4231 121 37 Tapanui

1244 4278 71 24 team
1329 4283 70 18 were
1413 4272 32 28 all
1459 4271 127 39 disposed
1597 4271 28 28 of
1635 4271 43 28 for
1689 4272 43 32 53,
1745 4272 46 28 the

1244 4313 120 34 bowling
1378 4312 29 29 of
1428 4311 105 29 Howell
1558 4311 55 28 and
1638 4310 153 30 Robertson

1244 4353 83 36 being
1343 4363 63 27 very
1420 4351 132 36 effective,
1567 4351 79 29 while
1655 4351 45 28 the
1716 4351 62 29 field-

1244 4395 47 36 ing
1313 4405 54 17 was
1381 4393 81 38 good,
1487 4393 52 28 few
1566 4391 114 29 chances
1707 4392 85 38 being

1243 4435 108 28 missed.
1392 4434 41 29 On
1468 4433 148 36 resuming,
1648 4433 74 28 what
1745 4444 31 27 ap-

1241 4475 100 38 peared
1362 4475 102 28 certain
1486 4474 106 35 victory
1618 4484 54 17 was
1693 4473 97 26 almost

1241 4515 147 29 converted
1402 4515 57 28 into
1477 4513 100 35 defeat,
1602 4513 47 28 the
1670 4513 122 38 bowling

1240 4556 28 28 of
1283 4555 44 29 the
1341 4554 122 39 Tapanui
1486 4558 71 25 team
1581 4554 119 37 proving
1724 4565 66 25 very

1240 4597 106 27 deadlv.
1388 4595 151 35 Roxburgh
1554 4595 52 26 lost
1631 4595 15 26 6
1677 4594 113 27 wickets

1240 4637 42 24 for
1300 4637 29 24 13
1345 4645 73 21 runs,
1432 4634 53 25 and
1502 4643 68 16 were
1593 4632 64 33 only
1680 4633 61 25 able
1763 4637 27 22 to

1240 4684 48 15 run
1307 4684 34 24 up
1357 4674 69 25 7!)—
1432 4671 171 27 Winchester
1615 4670 44 34 (25
1673 4675 46 22 not
1729 4672 58 30 out)

1239 4712 54 27 and
1303 4711 119 28 Ormond
1437 4711 56 33 (13)
1504 4710 83 37 being
1597 4710 48 27 the
1656 4710 132 36 principal

1239 4761 111 18 scorers.
1392 4750 121 28 Ormond
1527 4749 98 37 played
1636 4750 65 27 with
1717 4750 72 37 good

1237 4791 146 37 judgment
1406 4791 41 27 for
1462 4790 40 28 his
1519 4790 40 28 13.
1599 4788 132 38 Tapanui,
1745 4789 44 28 for

1239 4832 46 27 the
1299 4832 53 27 loss
1366 4831 28 28 of
1419 4831 14 28 7
1457 4830 121 34 wickets,
1602 4840 49 18 ran
1677 4840 37 26 up
1741 4829 47 30 103

1239 4871 78 27 when
1340 4872 65 26 time
1432 4880 53 18 was
1511 4870 97 33 called,
1634 4869 153 36 Roxburgh

1239 4911 62 27 thus
1316 4910 121 35 winning
1451 4921 34 17 on
1500 4910 45 28 the
1557 4910 58 28 first
1627 4909 111 36 innings
1752 4910 36 36 by

1239 4952 32 26 52
1299 4962 72 17 runs.
1413 4950 53 29 For
1491 4950 133 38 Tapanui,
1656 4950 28 26 in
1718 4950 71 27 their

1237 4992 101 27 second
1360 4992 121 36 innings,
1505 4990 118 38 Rodger,
1649 4989 119 28 Sommer-

1239 5031 69 34 ville,
1333 5032 54 27 and
1413 5031 120 28 Afenzies
1547 5029 95 28 batted
1656 5029 68 34 well,
1742 5030 45 26 the

1239 5071 99 29 former
1352 5071 111 37 scoring
1477 5070 94 38 freely.

1324 5124 231 28 Roxburgh—lst
1568 5120 127 40 Innings.

1238 5163 115 37 Howell,
1368 5174 50 18 run
1432 5166 48 25 out
1554 5185 29 5 ...
1701 5186 28 4 ...
1773 5161 10 27 1

1240 5205 107 28 Youn<>\
1362 5215 14 18 c
1390 5204 113 28 Holmes
1517 5203 17 28 b
1549 5202 126 35 Fleming
1700 5226 29 5 ...
1772 5203 15 27 2

1239 5245 113 34 Burton,
1368 5246 17 26 b
1402 5244 125 36 Fleming
1554 5266 29 4 ...
1703 5266 28 5 ...
1758 5243 31 27 10

1239 5283 83 36 Snell,
1338 5295 14 18 c
1367 5284 114 28 Holmes
1493 5282 18 28 b
1526 5282 63 37 Hay
1702 5306 29 4 ...
1773 5282 15 28 3

1240 5324 181 33 Winchester,
1437 5322 17 29 b
1470 5322 135 28 Murdock
1702 5345 29 5 ...
1754 5322 34 28 47

1238 5364 163 28 Robertson,
1416 5364 17 26 b
1449 5362 126 36 Fleming
1701 5386 28 4 ...
1773 5363 15 27 0

1237 5404 34 29 R.
1285 5404 106 35 Elliott,
1404 5412 15 20 c
1431 5402 55 29 and
1500 5402 18 29 b
1531 5401 72 31 Dick
1701 5426 29 6 ...
1773 5404 14 26 2

1240 5446 99 35 Moyle,
1352 5445 17 27 b
1385 5442 127 37 Fleming
1554 5466 29 5 ...
1703 5465 28 7 ...
1772 5444 16 26 8

1237 5485 28 29 J.
1279 5485 104 34 Elliott,
1398 5494 14 18 c
1427 5482 114 29 Holmes
1555 5482 16 29 b
1586 5482 71 30 Dick
1701 5507 28 5 ...
1773 5482 15 28 9

1238 5524 131 36 Ormond,
1383 5528 47 24 not
1443 5527 48 25 out
1555 5546 28 6 ...
1703 5548 28 4 ...
1773 5523 16 28 6

1238 5567 121 33 Roonev,
1373 5567 15 26 b
1406 5565 69 28 Dick
1555 5588 28 5 ...
1703 5588 28 4 ...
1758 5565 29 26 11

1312 5606 100 28 Extras
1555 5628 28 5 ...
1702 5627 29 5 ...
1775 5604 15 27 6

1385 5685 77 28 Total
1550 5709 28 4 ...
1698 5684 91 28 ...105

175 78 169 57 Friday,
365 88 191 47 Jarriary
571 79 65 50 1\
664 86 124 41 1357.

1806 88 198 40 MOUNT
2098 90 224 41 BENGEIR
2409 90 153 39 MAIL.

1347 5764 123 26 (Continued
1484 5771 25 15 on
1523 5763 78 23 Fourth
1618 5762 67 28 Page.)

1861 248 176 50 3X!LLS,
2059 247 131 42 DICK,
2222 246 35 37 &
2283 247 127 37 CO.'S

2103 305 69 29 1897

1877 359 188 31 ALMANAC
2086 367 53 21 and
2166 357 224 31 DIRECTORY.

2041 405 83 36 Price,
2142 405 28 28 Is
2185 403 43 31 6d.

1838 484 3 43 |
1858 488 90 39 Every
1973 487 122 35 Faumer,
2124 485 104 36 Miner,

2103 532 53 30 and
2185 533 130 28 Business
2342 533 65 29 Man

1931 588 104 31 Should
2063 588 119 28 Procure
2205 597 16 17 a
2248 587 83 34 Copv.

2287 611 28 15 rj

1884 667 57 29 Can
1969 668 33 27 be
2029 666 53 29 had
2109 664 69 29 from
2206 664 47 29 the
2278 665 83 29 uuder-

2034 703 156 32 mentioiied
2194 721 34 4 —

1890 767 116 28 Mackay
2021 767 93 30 ]skos.,
2129 764 155 38 Ivoxbcrg-h

1887 806 26 28 J.
1928 805 127 35 Noonan,
2072 803 108 31 Ettrick

1886 846 90 28 Johns
1992 855 54 19 and
2061 844 147 35 M'Comce,
2223 844 103 29 Millers
2340 844 61 29 Flat

1886 887 26 27 J.
1929 887 31 27 il.
1980 885 88 35 Kemp,
2086 884 66 29 Bald
2168 884 57 30 Hill
2240 883 61 30 Flat

1886 926 29 28 L.
1933 927 86 33 Ryan,
2034 925 71 34 Jur.,
2122 924 158 29 Alexandra
2295 925 87 29 South

1886 968 29 26 ]>.
1931 966 121 35 Naylor,
2071 966 86 37 Clyde

1846 1053 41 51 JT
1891 1095 9 10 #
1971 1053 43 33 A.
2093 1051 301 42 MILLER,

1846 1125 130 25 BUILDER,
1991 1125 105 21 JOINER
2112 1123 59 22 AND
2192 1123 203 26 UNDERTAKE'.!,

1939 1175 69 29 Ross
2030 1175 96 32 Place,
2148 1174 163 29 lAwukncb.

1848 1273 120 29 PLANS
1983 1273 78 29 AN';)
2077 1271 316 31 OPACIFICATIONS

1988 1326 23 29 A
2033 1324 222 31 SPECIALLY.

1845 1418 152 37 Quantities
2013 1418 137 38 Prepared
2173 1418 54 28 and
2250 1417 126 27 Estimate

1871 1459 86 28 Given
1972 1459 43 27 for
2028 1458 33 28 all
2077 1458 98 28 classes
2190 1458 28 28 of
2235 1456 131 28 Builders'

2203 1584 33 37 L
2282 1583 27 37 0
2352 1582 42 40 Y,

1912 1649 156 22 lITEI-lAVEN
2083 1649 109 23 STREET,
2209 1648 148 22 LvWRENXM

1847 1737 126 26 BOARD
1998 1737 81 26 AND
2110 1737 216 26 RESIDENCE
2350 1738 45 25 AT

1889 1788 254 30 REaSOXaHLH
2165 1787 184 31 CIIAuGES.

1959 1875 87 30 Mkals
2067 1886 31 18 at
2119 1883 46 22 all
2189 1877 101 28 ttorus.

1971 1973 21 24 st
2009 1968 241 29 Accommodation
2274 1968 42 29 for
2329 1968 46 28 tlie

1980 2009 156 30 Travelling
2156 2008 101 29 I'ublic.

1841 2096 100 28 (.JOOD
1957 2096 42 28 ST
2003 2095 48 29 All
2059 2095 97 28 LING.
2197 2095 94 28 OATS
2311 2095 80 28 AND

1950 2135 127 29 GUAKF
2175 2134 104 30 SALE.

1848 2211 158 32 Irean
2026 2211 57 27 fit
2098 2210 20 27 t
2167 2210 62 27 an
2245 2210 20 27 d
2295 2210 2 34 ■
2316 2211 19 27 c
2349 2210 38 34 0.,

1993 2366 150 29 I.UI'OIU'EKS
2165 2376 30 18 Oi'

1839 2423 30 23 In

1921 2467 196 30 Airriuultnral'
2133 2467 179 30 Implements

2096 2522 118 23 Atrriciui
2224 2522 59 21 ivrui
2300 2531 6 11 i
2322 2524 48 19 eeu

2020 2580 83 21 .11»Uu
2112 2582 18 17 ii.
2137 2580 34 19 11l
2178 2580 40 19 i'ji

1852 2628 96 32 TKAS
2062 2629 94 29 TKA*

1836 2677 112 37 (Ceylon
1954 2682 7 31 j
2053 2677 118 36 (Inoiau)

2124 2780 64 22 Lv/ja_
2194 2780 33 22 Hi.
2234 2780 13 22 1
2272 2780 16 22 f.
2299 2780 13 22 I
2326 2787 8 15 s

1832 2844 172 30 WATCLLU
2010 2848 20 25 A
2037 2844 75 29 LvFLI
2131 2844 22 29 &
2167 2843 210 30 Ji'JW^LLSR

1923 2897 69 28 liOriS
2013 2897 96 34 PI.ACE,
2131 2896 160 28 LAWItKNCS.

1875 3032 35 24 all
1925 3032 180 34 descriptions
2119 3032 67 34 kept
2199 3039 27 17 in
2242 3032 94 25 Stock.

1846 3078 71 31 Nice
1932 3078 136 30 Selection
2083 3079 27 28 of
2130 3079 76 36 Gem,
2221 3077 142 40 Wedding

1961 3131 55 17 ana
2031 3120 108 32 Keeper
2152 3121 96 26 Riimvs.

1863 3199 104 21 CHOICE
1990 3200 179 20 ASSORTMENT
2191 3200 34 19 OF
2246 3199 129 21 AKTICLEi

1860 3232 55 21 •ITIT
1927 3232 63 21 IULIi
2002 3233 53 20 IA)Jl
2070 3232 294 23 Vv'KDJ'IXGPIttiSEMTi.

1888 3302 153 38 SpectiiclL'S
2057 3309 26 22 to
2099 3302 60 29 Suit
2173 3302 35 28 all
2223 3301 105 40 Sights.

1860 3382 94 28 A'atoii
1986 3391 54 19 and
2075 3384 87 26 Clock
2202 3382 114 29 Kei'aius
2349 3391 16 20 a

1834 3514 109 38 Kepair.s
1959 3525 29 18 or
2002 3515 100 29 Osiers
2122 3516 68 28 from
2208 3516 43 28 the
2267 3521 114 26 country

1882 3558 33 34 by
1941 3561 58 23 'Mat
2026 3557 49 27 will
2102 3566 102 19 ivcoive
2228 3564 109 30 prompt

2034 3604 22 19 iii
2065 3605 52 17 r.i'in
2118 3606 58 16 'l'lii.

1989 3681 97 19 Jj-ioH';
2109 3683 95 18 cuinof
2209 3686 34 16 01)
2260 3683 8 18 t:
2274 3681 3 22 :
2283 3681 10 22 i.
2300 3683 38 19 irt
2348 3681 30 22 lu

1831 3673 131 52 MANY
1989 3673 97 28 Laiii'.v-j
2109 3674 134 28 cum:>4iui

1933 3716 3 15 i

1932 3726 46 16 iI!l
1993 3721 16 21 Li
2015 3725 34 17 10\
2072 3721 66 21 ll'tVU
2152 3726 64 15 IM.'-'il
2234 3726 15 16 il-

1828 3755 54 25 licit
2084 3764 46 16 ii');•
2141 3760 15 20 II
2168 3764 83 18 hV'oiU*.
2314 3765 8 16 i
2336 3755 3 27 i

1828 3798 40 31 try
1887 3793 82 27 lv»/jiy
1984 3793 50 27 T.-;i
2053 3794 61 36 cliey
2132 3805 14 14 u
2147 3793 3 37 -
2157 3794 25 26 .,[
2199 3803 29 18 ;.?:
2244 3796 100 26 .-uii-.iL'

1828 3833 87 30 •JoiiXi
1933 3840 23 22 iV/
1976 3833 145 36 M'L'iMiuti,
2139 3836 116 35 Aw-uucs,
2273 3834 73 31 Alille

1830 3874 69 28 flat.

1892 3986 44 23 MIS
1957 3987 13 20 S
1987 3987 24 22 :S
2039 3986 84 24 KIOD
2156 3987 65 22 aN!>
2249 3988 64 27 ■;().,

1932 4043 106 33 Surgical
2058 4043 44 23 and
2126 4042 146 27 Weohiuii.ul

2052 4078 105 22 Dentists

2021 4120 43 29 (By
2094 4122 89 27 exan.'.)

1939 4292 82 24 'AI'JD
2049 4292 52 24 VV'iO
2125 4290 41 24 hu

2088 4336 60 17 ienCi
2172 4336 51 17 w.;;i
2251 4337 31 15 wr
2308 4337 15 16 a

1827 4367 77 29 Myeis
1932 4371 53 22 miy
2013 4370 26 15 '>u
2068 4362 123 24 consuted
2223 4369 18 15 .«'
2275 4361 98 24 Herons

1827 4395 130 27 Udiii'aerci
1967 4399 13 20 il
1995 4395 80 28 Hotel,
2090 4395 98 24 Koxbwr
2206 4395 17 24 h.
2240 4395 46 23 J,;h
2305 4395 28 23 -J2
2345 4393 28 29 id,

1825 4436 45 19 add
1888 4431 24 24 in
1927 4431 34 23 fut
1971 4438 31 16 ire
2015 4437 68 23 every
2096 4432 75 20 loimu
2187 4427 88 25 i*n(U>.

1858 4483 28 16 .as
1912 4485 17 13 w
1973 4477 78 21 itit-:.(i
2076 4475 92 26 vi»iti.is{
2203 4477 45 18 this
2279 4474 35 22 ili«»
2319 4474 4 27 r
2328 4481 10 15 r
2348 4478 20 19 ct

1825 4510 189 29 mititbiyitw.il
2034 4516 55 15 s>..e
2109 4512 97 25 |uUe:its
2220 4508 38 22 tije

1824 4545 23 20 of
1862 4550 69 22 goi'g
1947 4551 20 13 '•"
1988 4544 4 28 i
2047 4554 11 9 ..
2089 4550 12 13 -i
2113 4544 20 18 »l
2149 4548 26 15 a*
2193 4548 32 14 w-i
2284 4548 18 14 »r
2309 4549 13 11 i■
2328 4544 3 28 1
2336 4548 6 13 1
2352 4544 3 28 >

1825 4578 27 19 nil
1867 4582 60 16 WOrK.
1948 4581 98 22 p.i'.iCi.o
2062 4582 50 20 mi)'
2134 4574 45 27 rci/
2203 4580 29 15 Oi
2250 4572 88 29 gc'li:i>

1823 4607 126 24 first-Class
1964 4615 33 13 art
2009 4607 4 24 <
2023 4607 27 21 !■;.

1853 4652 73 23 T..edi
1950 4652 118 23 extrrtC'cl
2101 4651 46 22 ani
2230 4649 55 24 aee-l
2317 4650 52 23 wita

1823 4688 133 26 temporary
1969 4692 35 16 ad
2018 4683 57 24 tLul
2088 4692 57 14 uhj»
2161 4689 80 17 w-urn
2259 4685 23 21 *-S
2299 4683 71 24 hunts

1852 4730 105 26 Painless
1969 4732 139 23 txfarcti(»n-
2125 4730 54 24 with
2192 4730 50 22 Nifr
2254 4739 32 15 >m
2298 4732 71 23 •■•xiJe

1822 4763 46 23 Ga3
1885 4763 116 25 Cocoaine
2018 4764 70 24 hither
2106 4772 25 14 or
2146 4763 158 24 Uuloio.'i.in.

1837 4809 115 29 Stopping
1962 4809 54 22 with
2028 4805 4 33 ;
2038 4809 50 22 ioid
2100 4805 122 32 Amalgac.
2235 4816 26 14 or
2269 4807 99 26 Cement

1851 4854 80 29 Single
1943 4854 75 22 Tooth
2033 4854 45 22 IQj.
2097 4854 34 29 Set
2142 4854 12 29 3
2165 4854 56 29 eo,ui
2233 4854 22 29 ly
2271 4855 78 22 moder-

1820 4891 55 17 atß..
1923 4887 183 27 Arrangements
2123 4884 45 24 will
2183 4885 27 22 be
2228 4886 67 23 made
2312 4887 54 22 with

1820 4918 65 23 those
1906 4916 51 23 who
1974 4925 86 16 cmiot
2088 4926 44 22 p*y
2157 4918 42 21 lull
2223 4923 98 20 amount
2344 4924 24 19 at

1820 4958 64 16 once.
1929 4948 72 25 Teeth
2023 4957 37 15 nn
2070 4951 21 23 le
2117 4951 31 28 by
2175 4949 67 23 orher
2267 4953 100 22 dentists

1821 4984 99 29 proving
1931 4984 181 28 unsatisfactory
2121 4989 52 23 miy
2185 4983 27 23 be
2223 4984 144 30 remodeled

1821 5020 23 18 at
1855 5016 68 22 small
1934 5019 60 19 cost.

2031 5066 47 21 —2s
2094 5064 38 24 01.
2166 5064 47 24 (fis
2220 5064 50 26 —7s
2288 5065 40 24 fi]*

1841 5260 109 24 Fancy
1978 5258 109 26 GOODd
2105 5259 69 23 and
2196 5259 161 27 diiapkhy.

1827 5368 96 52 FJ
1968 5368 134 24 WATERS
2128 5367 88 23 d.*-ires
2243 5373 24 19 f>
2293 5368 70 26 noiify

1870 5400 4 31 .
1907 5407 21 19 tr
1934 5408 25 17 at
1974 5404 41 21 she
2029 5402 69 29 keipi
2109 5402 22 21 in
2142 5405 63 18 stock
2225 5400 83 25 Ladies
2321 5409 27 14 an
2359 5400 4 31 J

1823 5435 111 23 Children
1945 5443 10 15 s
1975 5433 193 30 Ouderel«>taing.
2183 5435 48 22 aud
2243 5435 29 23 all
2293 5435 40 22 k:n
2343 5439 20 19 is

1823 5468 22 22 ef
1861 5467 114 31 Drapery.

1853 5510 78 32 Fancy
1946 5510 80 26 Good*
2038 5520 13 16 a
2066 5508 135 35 Specialty.

1858 5554 132 27 Christmas
2000 5556 46 24 and
2059 5554 54 26 Jfew
2126 5552 63 25 Year
2201 5558 136 27 presents—

1942 5609 14 14 a
1971 5606 65 24 great
2049 5599 87 27 variety
2147 5603 23 18 to
2183 5599 72 32 band.

1940 5633 135 30 Inspection
2087 5630 93 24 Invited

1844 5664 111 32 Fainting
1968 5666 45 22 and
2025 5671 34 17 a-t
2086 5663 150 24 needlework
2248 5664 86 29 tii'ght

1910 5701 109 21 bummer
2033 5695 80 27 Goods
2131 5703 51 16 now
2196 5703 29 16 on
2243 5697 62 24 haud

1823 5752 106 26 Address
1938 5752 148 26 —Ormoud'a
2096 5750 115 32 Building
2222 5752 141 30 Roxburgh.

2618 190 46 53 A
2700 184 194 59 VOTE
2932 183 94 59 OF
3064 183 327 59 THANKS.

2461 338 14 26 4
2495 335 21 29 T
2538 347 15 17 fi
2573 335 125 38 Meeting
2719 333 64 31 held
2802 334 121 38 recently
2943 333 29 30 of
2992 333 45 29 the
3053 332 184 40 Shopkeeper,
3255 332 115 37 Author,
3385 332 165 36 Advertiser,

2446 367 43 25 *■*■
2533 377 162 38 Proprietor,
2709 375 154 37 Employer,
2878 375 115 38 Draper,
3016 373 128 36 Clothier,
3159 374 145 38 Importer,
3320 374 152 33 .Merchant,
3488 374 47 28 Per-

2437 428 48 17 son
2500 417 52 30 and
2567 415 166 36 Individual,
2746 416 22 28 it
2782 426 53 19 was
2849 415 135 40 proposed
2998 415 36 38 by
3045 414 79 36 E.D.,
3133 414 136 30 seconded
3278 415 36 37 by
3324 415 33 28 he
3368 414 118 36 himself,
3497 414 53 29 and

2438 458 187 31 uuanimously
2639 457 104 28 carried
2756 457 100 28 amidst
2873 466 91 18 silext
2982 464 141 27 applause,
3144 457 17 14 l<
3173 456 69 28 That
3256 467 15 17 a
3284 457 96 35 hearty
3393 456 157 36 expression

2435 498 28 29 of
2477 499 103 28 sincere
2595 497 101 28 thanks
2711 496 33 29 be
2757 497 133 28 accorded
2904 501 27 24 to
2945 496 75 35 each,
3034 496 35 28 all
3082 496 55 28 and
3158 506 135 28 everyone
3307 496 59 28 who
3381 506 29 18 so
3425 496 124 36 liberally

2435 537 173 30 contributed
2622 542 28 23 to
2664 537 46 28 the
2723 537 132 38 booming
2868 547 107 18 success
2989 537 28 28 of
3039 537 47 28 the
3100 537 54 37 gift
3168 537 176 28 distribution
3355 536 59 38 just
3428 536 121 29 closed/'

2438 579 108 36 (Gentle
2566 577 95 28 reader
2674 577 54 29 and
2740 577 139 30 esteemed
2892 581 107 34 patron,
3022 577 53 28 'Tis
3088 577 44 28 for
3144 579 74 36 you.)

2509 618 64 38 May
2588 619 13 26 I
2616 629 60 17 now
2691 619 105 28 trouble
2816 629 54 27 you
2891 625 28 20 to
2940 618 9 27 1
2960 618 44 27 >ok
3027 618 54 27 this
3103 629 59 26 way
3184 618 55 28 and
3262 621 62 25 note
3346 618 46 27 the
3414 618 118 36 promise
3545 618 4 38 :

2434 662 16 12 '•'
2462 659 95 34 Value,
2574 659 104 38 variety
2692 659 55 28 and
2761 658 178 33 satisfaction,
2955 658 89 27 Yours
3056 670 7 22 ;
3084 658 160 38 Popularity
3263 657 54 28 and
3330 656 81 36 fame,
3425 657 108 28 MINE.

2575 856 99 28 CASH
2695 855 163 34 DRAPER,
2881 854 200 36 CLOTHIER,
3102 854 81 29 aND
3203 854 208 29 IMPORTER.

2807 906 70 29 Ross
2898 906 96 35 Place,
3015 906 163 29 Lawrence.

2940 1103 141 29 TAILOR
3109 1103 82 28 AND
3220 1103 162 29 HATTER.

2816 1183 40 20 AM
2870 1183 158 25 acknowledged
3043 1185 21 18 to
3079 1182 25 21 be
3117 1183 72 20 second
3203 1186 21 17 to
3237 1190 53 14 none
3304 1183 31 21 for

2449 1468 215 98 /111

2815 1242 116 30 STYLE

2959 1282 169 31 QUALITY

3128 1323 313 30 WORKMANSHIP!

2949 1441 156 22 RESIDENTS
3131 1442 35 21 OF
3193 1442 186 21 ROXBURGH-

2775 1469 79 27 Kitnlly
2864 1468 113 22 remenber
2991 1469 45 20 that
3046 1469 66 26 owing
3124 1470 21 19 to
3156 1475 34 21 my
3200 1470 97 19 immense
3307 1472 129 24 assortment,
3447 1471 34 20 the
3491 1471 56 20 Show

2824 1498 19 20 iu
2854 1498 36 20 the
2900 1497 104 20 Windows
3015 1497 15 20 is
3040 1496 48 27 only
3098 1503 11 14 a
3119 1504 47 19 very
3177 1497 57 20 small
3245 1500 46 24 part
3297 1497 22 21 of
3328 1505 34 19 my
3372 1498 126 22 Exhibition.

2827 1566 109 26 Intending
2946 1566 116 20 Customers
3073 1566 41 19 will
3124 1566 40 20 find
3173 1566 45 20 that
3229 1567 9 19 I
3248 1567 51 20 have
3311 1567 58 20 made
3377 1567 34 20 the
3418 1567 63 20 inside
3488 1567 21 21 of
3515 1575 34 18 my

2773 1593 160 21 Establishment
2951 1592 107 28 especially
3077 1593 115 27 attractive,
3210 1594 39 20 and
3267 1594 102 22 earnestly
3385 1595 62 19 invite
3464 1602 41 18 you
3528 1598 21 17 to

2774 1623 84 18 Siiinter
2872 1620 87 26 through
2978 1621 34 19 the
3032 1621 80 20 various
3129 1621 144 25 Depurtmeuts
3288 1621 39 21 and
3342 1622 82 26 luspect
3433 1622 36 21 the
3478 1623 69 20 Litest

2809 1715 183 30 OPPOSITE
3015 1716 108 29 BANK
3145 1716 47 29 OF
3211 1717 92 28 NEW
3321 1716 190 38 ZEALAND,

3093 1756 160 29 Lawrence.

2588 2060 199 59 vVOOL
2842 2061 279 58 SEASON
3177 2063 215 58 1896-7.

2644 2231 80 27 AND
2746 2230 194 37 COMPANY,
2961 2232 125 35 Limited,
3106 2233 55 37 beg
3182 2236 28 25 to
3229 2233 89 37 notify
3337 2232 201 40 Woolgrowera

2629 2309 58 28 that
2702 2309 63 37 they
2779 2310 53 27 will
2847 2309 64 29 hold
2925 2310 72 28 thei**
3016 2309 84 29 Third
3115 2310 62 28 Sale
3190 2310 43 29 for
3246 2311 47 27 the
3306 2309 103 30 Season
3423 2322 34 17 on

2706 2387 188 36 Tuesday,
2935 2389 53 26 2nd
3027 2388 218 29 February.

2626 2465 97 28 Fourth
2745 2465 77 28 Sale:
2862 2465 221 36 THURSDAY,
3104 2467 71 27 25tii
3196 2466 218 29 FEBRUARY.

2489 2594 42 28 All
2548 2595 82 37 Clips,
2646 2596 123 27 however
2782 2596 91 33 small,-
2885 2596 52 26 will
2953 2597 32 25 be
2999 2596 93 27 shown
3107 2600 28 23 to
3158 2597 61 27 best
3237 2597 164 38 advantage.
3441 2598 92 36 Every

2414 2634 38 29 lot
2472 2634 97 29 valued
2594 2636 71 37 prior
2686 2639 27 25 to
2735 2636 64 36 sale,
2821 2635 55 29 and
2895 2645 105 19 owners
3020 2635 127 30 interests
3166 2636 69 39 fully
3250 2637 150 39 protected.
3455 2637 80 30 Wool

2416 2676 86 28 Packs
2516 2676 123 31 supplied
2653 2684 28 20 at
2695 2676 94 29 lowest
2803 2681 109 24 current
2927 2681 81 24 rates.

2492 2755 185 38 Speculation
2695 2754 92 28 L'ortns
2800 2754 53 27 and
2870 2754 96 28 Labels
2980 2755 96 37 posted
3090 2766 35 17 on
3137 2756 176 37 application.

2725 2910 123 29 Address
2867 2920 68 21 your
2957 2909 211 32 Consignments
3187 2914 29 25 to

2761 3140 219 30 DUNB
3019 3141 24 27 D
3082 3141 15 27 I
3134 3140 28 30 N
3182 3163 7 7 .

2612 3416 257 57 COACH
2929 3416 405 67 BUILDERS,

2648 3518 329 37 WHEELWRIGHTS,
3016 3518 284 37 BLACKSMITHS;

2949 3592 54 19 AND

2492 3643 299 32 AGPJCULTIJRAL
2831 3643 226 33 IMPLEMENT
3095 3644 351 37 MANUFACTURERS,

2768 3719 72 29 Ross
2880 3720 95 35 Place,
3014 3719 163 29 Lawrence.

2447 3811 70 28 ALL
2559 3808 64 30 LCLN
2624 3808 3 34 ?
2633 3810 43 30 D3
2717 3810 47 31 (KT
2803 3810 144 32 MINING
3258 3810 107 29 MADE
3405 3810 82 29 AND

2874 3864 202 29 REPAIRED.

2502 4022 106 30 r-llirr

2864 3956 110 28 Agents
2994 3964 47 21 foe
3044 3972 34 5 —

2653 4023 119 38 Reapers
2794 4024 54 28 and
2877 4024 121 32 Binders,
3021 4023 173 33 Cultivators,
3221 4021 136 37 ScaSbr.*,
3386 4023 130 38 Ploughs,

2869 4064 90 30 Horse
2973 4064 98 35 Rakes,

2711 4127 122 30 Peerless
2855 4127 51 36 Oil,
2928 4126 102 30 Binder
3050 4125 102 37 Twine,
3174 4125 49 31 &c.

2463 4206 43 29 All
2540 4206 84 29 Work
2657 4208 149 29 Entrusted
2829 4212 28 25 to
2883 4208 41 29 Us
2951 4207 52 30 will
3030 4207 115 29 Receive
3172 4207 114 39 Prompt
3313 4208 152 29 Attention.

2735 4289 131 22 CHARGES
2892 4289 132 21 STRICTLY
3051 4288 154 20 MODERATE

3285 4600 75 150 i

2520 5110 154 55 NEW
2725 5113 255 57 RAPID
3026 5112 388 59 BICYCLES.

2432 5212 32 21 iT.
2479 5211 115 22 GEORGE
2610 5211 206 25 ENGINEERING
2829 5214 52 27 CO.,
2895 5215 101 27 Limited,
3011 5223 34 14 are
3055 5215 35 21 the
3100 5215 80 22 Makers
3190 5216 22 21 of
3221 5216 36 21 the
3266 5216 48 27 only
3326 5217 80 27 Bicycle
3416 5219 112 26 possessing

2404 5240 33 28 £}
2465 5240 20 21 in
2498 5239 70 27 happy
2577 5240 137 21 combination
2726 5242 37 20 the
2772 5242 114 26 perfection
2895 5243 22 20 of
2923 5244 57 19 those
2987 5244 96 25 qualities
3090 5247 52 17 most
3149 5244 85 20 coveted
3240 5244 27 26 by
3274 5245 132 25 exporienced
3417 5247 110 26 Cyclists—

2574 5273 201 30 STABILITY
2792 5275 6 28 !
2876 5275 121 30 SPEED
3013 5277 5 28 !
3096 5277 243 29 DURABILITY
3354 5278 5 28 !

2451 5313 48 19 This
2509 5311 42 21 fact
2561 5312 37 20 has
2607 5312 81 22 become
2697 5314 103 25 generally
2810 5315 115 26 recognised
2937 5316 20 20 in
2968 5316 104 25 Tuapeka,
3085 5317 40 19 and
3135 5317 21 19 in
3168 5323 138 19 consequence
3321 5317 12 20 I
3347 5324 32 14 am
3395 5318 55 27 daily
3459 5319 70 26 selling

2401 5339 57 20 thesrt
2467 5339 105 20 Machines
2583 5341 21 17 to
2616 5339 86 26 Cyclists
2713 5341 45 20 who
2767 5341 52 21 have
2828 5341 51 21 been
2888 5342 145 27 disappointed
3043 5343 27 24 by
3080 5343 60 21 other
3149 5343 77 26 makes,
3240 5344 40 20 and
3291 5344 44 20 who
3346 5351 33 14 are
3385 5345 53 26 glad,
3448 5346 80 27 indeed,

2399 5366 32 20 for
2441 5373 31 13 me
2483 5370 21 16 to
2514 5366 58 20 make
2581 5366 58 21 them
2646 5374 26 13 an
2682 5367 110 22 allowance
2801 5369 32 20 for
2844 5369 54 21 their
2908 5369 105 21 discarded
3025 5372 83 19 mounts

2399 5405 55 36 As
2466 5405 92 36 Part
2570 5405 192 46 Payment
2771 5406 65 37 for
2845 5418 24 26 a
2882 5407 187 37 Machine
3078 5409 92 45 they
3181 5419 78 26 can
3274 5410 171 45 Depend
3458 5421 66 27 on.

2453 5491 65 21 Those
2529 5491 44 21 who
2582 5498 33 14 are
2626 5493 36 19 not
2674 5492 21 21 in
2704 5499 12 13 a
2725 5492 88 27 position
2823 5493 22 20 to
2854 5493 99 26 purchase
2963 5499 39 15 one
3011 5493 22 21 of
3042 5494 57 21 these
3109 5494 53 22 ideal
3172 5494 67 22 steeds
3249 5501 37 15 can
3297 5495 71 22 obtain
3378 5496 53 22 from
3441 5504 32 15 me

2518 5519 69 29 New
2608 5528 55 20 and
2688 5521 198 29 Second-hand
2914 5522 130 28 Bicycles
3067 5522 30 30 of
3120 5532 83 27 every
3225 5523 180 39 description.

2614 5577 688 93 CHARLESISTOKES,

2552 5672 216 29 MERCHANT
2799 5672 152 35 TAILOR,
2977 5672 71 29 Ross
3080 5672 97 36 Place,
3204 5673 162 32 Lawrence.

2803 5723 94 38 Agent
2923 5723 43 28 for
2991 5723 140 38 Tuapeka.

2451 5762 119 28 Catalogues
2584 5769 26 15 on
2624 5762 139 28 Application,

3044 5763 67 22 When
3123 5763 100 29 Ordering
3237 5765 93 24 Mention
3345 5767 41 23 thia
3398 5767 72 27 Paper.

3594 193 336 42 pOMMERCIAL
3977 191 161 37 HOTEL,

3782 247 166 22 110XBURGH.

3655 339 37 30 H.
3713 339 36 30 11.
3770 339 108 36 Heron,
3901 337 166 41 Proprietor.

3620 445 56 29 One
3690 445 28 29 of
3732 446 45 29 the
3791 446 61 29 best
3866 445 99 29 known
3986 443 55 30 and
4060 445 74 27 most

3580 486 178 28 comfortable
3780 486 152 29 Hosfcelries
3954 486 29 27 in
4003 485 48 28 the
4071 482 40 40 Up-

3580 529 116 31 country
3711 526 136 29 Districts.

3565 574 1 46 |
3619 577 78 30 Cobb
3710 579 55 28 and
3779 578 73 30 Oo.'s
3866 578 85 39 Royal
3975 576 65 31 Mail
4063 576 68 29 Line

3582 618 28 28 of
3632 618 120 29 Coaches
3765 620 121 38 running
3907 620 123 27 between
4054 618 57 28 Law-

3584 668 78 19 rence
3686 659 54 28 and
3762 659 183 36 Queenstown
3966 659 89 28 arrive
4074 658 55 28 and

3583 698 95 38 depart
3693 699 82 39 daily.

3584 790 116 38 Liquors
3712 792 28 28 of
3754 792 45 28 the
3813 793 61 28 best
3882 792 102 28 brands
3993 792 64 37 only
4066 791 67 37 kept

3794 832 28 28 in
3836 832 87 29 stock.

3584 933 121 39 Buggies
3719 936 54 28 and
3788 936 100 28 Saddle
3898 936 102 28 Horses
4009 945 35 19 on
4055 935 77 29 Hire.

3583 1009 278 54 gAILWAY
3936 1011 195 36 HOTEL,

3672 1077 67 22 ROSS
3757 1078 96 23 PLACE,
3876 1078 166 21 LAWRENCE.

3581 1145 108 35 John
3718 1145 146 44 LafFey,
3896 1145 232 44 Proprietor

3656 1202 78 35 (Late
3748 1202 28 29 of
3789 1202 143 30 Havelock
3946 1203 105 37 Hotel.)

3616 1281 61 28 J.L.
3692 1281 68 38 begs
3782 1284 26 26 to
3822 1282 124 28 intimate
3959 1282 60 29 that
4032 1282 34 30 he
4079 1283 49 29 has

3580 1321 152 37 purchased
3763 1322 47 27 the
3841 1323 86 28 above
3953 1323 177 28 well-known

3581 1361 139 37 Hostelry,
3729 1362 54 27 and
3799 1362 91 37 hopes,
3900 1363 37 36 by
3947 1362 78 28 strict
4038 1367 75 23 atten-

3581 1401 57 27 tion
3652 1404 27 24 to
3693 1401 46 27 the
3749 1401 117 28 comfort
3874 1402 28 28 of
3914 1401 152 29 Travellers
4074 1402 54 28 and

3580 1441 47 27 the
3639 1441 93 36 public
3745 1441 148 38 generally,
3906 1444 29 26 to
3950 1446 71 24 meet
4034 1443 65 27 with
4113 1453 15 17 a

3579 1479 52 29 fair
3645 1480 78 29 share
3735 1481 29 28 of
3775 1484 160 37 patronage.

3616 1521 58 29 The
3697 1521 121 39 Railway
3839 1522 23 29 is
3885 1533 50 19 one
3949 1522 29 28 of
3991 1522 46 30 the
4050 1523 59 29 best-

3577 1562 147 38 appointed
3736 1562 98 29 Hotels
3842 1563 106 29 outside
3956 1562 30 29 of
3996 1563 128 29 Dunediu

3578 1602 96 28 Under
3685 1602 86 29 J.L.'s
3786 1607 199 34 management,
3995 1604 47 28 the
4051 1615 54 17 com-

3577 1642 55 28 fort
3644 1642 29 29 of
3681 1647 111 33 patrons
3801 1643 53 27 will
3866 1644 33 28 be
3910 1644 78 28 made
3998 1654 15 17 a
4024 1644 99 37 special

3576 1682 113 35 feature,
3702 1682 55 29 and
3770 1692 35 19 no
3817 1683 81 29 effort
3908 1684 53 30 will
3977 1684 34 28 be
4024 1684 98 38 spared

3576 1726 27 25 to
3617 1722 64 39 give
3693 1733 83 27 every
3789 1724 177 29 satisfaction.

3576 1794 56 31 The
3645 1795 62 30 best
3719 1795 102 30 brands
3834 1795 30 31 of
3883 1795 104 39 Wines,
4011 1795 110 42 Spirits,

3610 1837 55 26 and
3679 1837 66 27 Ales
3757 1837 100 36 always
3876 1838 66 36 kept
3954 1837 29 28 in
3996 1839 87 26 stock.

3575 1908 127 39 Simpson
3714 1909 55 29 and
3783 1909 95 30 Hart's
3891 1909 65 30 Ales
3970 1910 99 39 always
4083 1921 36 19 on

3819 1950 67 38 Tap.

3573 2021 155 30 First-class
3740 2022 127 40 Stabling
3879 2023 243 30 Accommodation

3577 2111 6 29 L
3584 2087 271 55 V[ASOHIC
3902 2088 214 45 HOTEL,

3664 2147 68 21 ROSS
3745 2147 96 25 PLACE,
3855 2147 166 21 LAWRENCE.

3570 2214 32 30 R.
3624 2215 109 28 WEBB

3937 2217 178 28 PROPRIETOR.

3605 2295 57 29 The
3716 2296 120 29 Masonic
3892 2295 101 30 affords
4015 2297 35 27 all
4070 2297 47 28 the

3568 2335 129 28 comforts
3711 2337 28 27 of
3751 2347 15 16 a
3780 2337 88 34 home,
3879 2336 55 28 and
3947 2336 23 28 is
3984 2336 129 37 provided

3568 2375 65 29 with
3647 2376 46 28 the
3714 2386 66 27 very
3800 2376 61 28 best
3874 2376 242 29 Accommodation

3566 2415 43 29 for
3634 2416 160 28 Travellers.
3834 2416 157 28 First-class
4022 2417 92 29 Table.

3566 2457 68 27 Best
3653 2456 96 28 Wines
3771 2457 55 27 and
3847 2456 100 38 Spirits
3968 2456 100 38 always
4086 2457 30 28 in

3566 2495 89 29 stock.

3687 2563 132 21 CHARGES
3838 2564 157 21 MODERATE.

3601 2617 59 27 The
3684 2617 157 38 Proprietor
3866 2618 98 28 wishes
3989 2622 28 25 to
4040 2618 74 29 draw

3566 2655 108 41 Special
3699 2658 134 30 attention
3858 2662 28 26 to
3914 2658 45 30 the
3985 2658 129 41 Stabling

3565 2698 244 29 Accommodation
3827 2700 141 37 provided,
3981 2701 89 28 which
4088 2702 24 27 is

3566 2738 152 35 unlimited,
3732 2739 53 28 and
3798 2739 28 28 of
3839 2740 46 28 the
3899 2740 60 28 best
3972 2740 76 29 kind.

3574 2800 41 56 y
3632 2801 227 30 ICTORIA
3933 2802 98 30 HOT
4044 2803 68 36 JUL,

3653 2868 76 22 PEEL*
3735 2870 110 26 STREET,
3860 2871 167 22 LAWRENCE.

3588 2960 168 36 Ronald
3784 2959 307 45 Montgomery,

3754 3017 178 27 Proprietor.

3564 3107 58 30 One
3645 3107 29 30 of
3694 3107 46 30 the
3760 3111 71 26 most
3855 3107 179 31 comfortable
4052 3109 56 30 and

3587 3148 230 29 best-conducted
3829 3148 152 29 Hostelries
3991 3160 36 17 on
4036 3151 47 28 the

3710 3187 89 38 Otago
3813 3187 158 31 Goldfields.

3662 3280 56 21 HOT
3739 3280 62 21 AND
3821 3279 73 22 COLD
3912 3280 99 22 BATHS.

3588 3348 108 30 Sample
3715 3347 95 30 Rooms
3829 3357 51 20 for
3899 3347 180 32 Travellers.

3562 3428 165 40 Passengers
3734 3427 85 30 called
3827 3427 44 30 for
3878 3428 46 29 the
3932 3429 75 39 early
4014 3429 81 30 Traiu
4102 3445 6 14 i

3565 3575 62 58 D.
3673 3576 64 58 M

3768 3574 166 26 ITOH
3966 3575 19 25 E
4017 3575 19 25 L
4066 3576 20 24 L

3619 3715 69 26 THE
3734 3716 157 25 POPULAR
3927 3715 118 33 HOU3E>

3739 3779 196 24 LAWRENCE.

3572 3860 10 17 s
3596 3858 49 17 uow
3663 3850 103 31 opening
3784 3857 30 24 up
3834 3848 38 25 his
3895 3848 62 25 First
3980 3848 125 33 Shipment

3575 3896 23 22 of
3615 3895 94 23 SUM.VI
3715 3895 41 22 Ell
3772 3893 47 23 DK,
3824 3894 59 22 APS
3889 3894 18 22 ft
3913 3894 28 27 Y,
3957 3894 133 24 consisting

3573 3939 23 23 of
3604 3939 29 23 all
3645 3939 38 23 the
3692 3939 68 23 latest
3772 3936 116 26 novelties
3897 3938 34 22 for
3943 3936 39 25 the
3991 3937 92 30 coming

3640 3986 89 18 season,
3747 3976 47 25 and
3808 3984 76 23 pr.ces
3897 3981 23 18 to
3938 3978 87 22 match.

3676 4015 119 30 tviillineiy
3810 4023 14 16 a
3847 4015 135 30 Speciality.

3587 4156 110 32 ©rN.B.
3714 4155 110 27 —Visits
3859 4155 88 25 Millers
3973 4153 44 27 Fla
4064 4155 30 24 nl

3562 4196 125 30 noxburgh
3699 4202 71 22 every
3786 4195 35 24 six
3837 4196 84 23 weeks.

3607 4403 45 22 *>7

3578 5433 42 23 m

3918 5536 79 24 YW--\

3608 5663 150 30 TOTHILL,
3778 5660 138 27 WATSON
3940 5664 18 22 &
3975 5661 60 30 CO.,

3566 5759 28 22 So
3605 5765 12 16 e
3630 5757 87 28 Agents
3732 5756 34 24 for
3780 5756 75 29 Otago
3870 5755 46 25 and
3928 5754 142 27 Southland*
