2559 4039
1306 2026 93 60 New
1430 2026 216 60 Zealand
1677 2026 217 60 Gazette

1350 2086 69 21 AND
1435 2086 213 23 WELLINGTON
1664 2086 186 23 SPECTATOR.

1909 118 22 19 to
1945 115 120 23 Governor
2084 115 106 29 Hobson,
2204 117 24 22 in
2239 125 29 15 an
2287 118 82 23 official
2387 118 67 23 letter
2472 123 23 18 to

1910 146 96 24 Colonel
2017 148 136 29 Wakefield,
2162 149 75 23 which
2248 150 113 31 earnestly
2368 151 128 30 repudiates

1909 179 38 23 the
1967 180 82 31 design
2071 181 25 23 of
2117 182 101 30 enticing
2238 182 117 24 labourers
2374 183 60 23 from
2456 191 42 16 our

1938 213 75 23 infant
2035 214 131 23 settlement
2211 219 22 19 to
2264 215 92 23 Hobart
2377 216 74 23 Town
2474 224 24 15 or

1910 245 155 25 Launceston.
2102 247 39 23 Sir
2159 247 62 23 John
2239 247 113 24 Franklin
2369 249 94 22 extends
2475 252 23 19 to

1910 285 28 16 us
1957 278 39 23 the
2018 280 127 29 protection
2162 280 75 23 which
2260 289 41 15 our
2319 289 50 15 own
2381 281 119 23 Governor

1910 310 130 24 withholds.
2075 311 70 25 Read
2157 313 38 23 Sir
2210 313 80 23 John's
2306 314 74 28 letter,
2395 314 104 30 Captain,

1912 341 57 32 (you
1981 344 53 28 will,
2051 351 28 16 no
2100 345 76 29 doubt,
2195 346 58 23 have
2272 346 38 23 the
2333 345 165 33 opportunity),

1912 376 45 22 and
1972 376 70 23 blush
2052 377 34 23 for
2098 385 57 22 your
2167 383 146 26 co-partnery
2327 380 25 22 in
2364 379 38 23 the
2416 381 83 30 crimp-

1912 409 40 29 ing
1965 417 97 15 concern
2073 411 26 22 of
2114 410 124 24 Shortland
2249 412 45 23 and
2306 412 41 23 Co.

1946 442 72 23 What
2033 442 81 24 favour
2129 451 44 15 can
2188 444 39 23 the
2244 445 151 30 proceedings
2415 445 25 23 of
2457 445 41 23 the

1912 474 127 24 Auckland
2061 475 72 30 clique
2155 480 81 26 expect
2257 477 61 23 from
2341 478 38 23 Sir
2409 478 91 30 George

1913 507 77 32 Gipps
1998 508 9 23 ?
2028 508 99 31 Captain
2139 509 99 23 Hobson
2249 510 51 23 well
2311 510 79 23 knows
2392 524 33 3 —
2425 511 35 23 for
2472 511 29 23 he

1912 540 111 24 hesitates
2042 545 39 19 not
2106 546 24 18 to
2149 550 93 23 express
2261 543 37 23 his
2315 543 70 24 bitter
2404 545 96 22 mortifi-

1914 574 76 23 cation
2007 574 88 23 thereat
2095 587 35 4 —
2130 575 51 23 how
2199 576 120 31 cavalierly
2329 576 30 24 he
2376 577 21 22 is
2416 578 85 22 treated

1914 614 31 15 on
1963 607 32 23 all
2012 608 117 23 occasions
2153 609 32 29 by
2201 609 38 22 his
2257 609 104 31 superior
2378 610 78 23 officer
2479 615 23 18 at
2515 625 9 8 *

1916 640 101 30 Sydney.
2054 640 30 23 In
2103 640 46 23 this
2160 649 56 23 very
2227 646 81 19 matter
2321 643 25 22 of
2361 642 55 23 land
2434 643 66 29 sales,
2518 658 9 8 n

1916 672 38 24 Sir
1967 673 92 30 George
2068 673 42 23 has
2122 673 92 32 already
2223 675 122 23 interfered
2352 676 22 22 in
2387 684 14 14 a
2408 684 93 15 manner
2519 673 12 18 -*

1915 710 61 19 most
1988 706 130 23 distasteful
2129 711 23 19 to
2164 707 39 24 the
2213 707 97 31 Captain
2318 717 6 14 :
2337 708 77 29 albeit,
2423 717 30 15 on
2463 709 38 23 the

1916 740 144 31 assumption
2076 739 51 24 that
2149 740 44 24 law
2210 748 56 23 goes
2287 741 36 23 for
2347 742 110 30 anything
2478 743 25 22 in

1917 771 58 24 New
1995 772 108 29 Zealand,
2129 773 57 24 such
2207 774 151 24 interference
2380 782 47 16 was
2449 783 54 23 very

1916 812 130 24 necessary.
2081 806 46 23 We
2140 806 74 24 allude
2231 811 23 19 to
2274 807 38 23 the
2330 812 175 27 postponement

1918 838 25 23 of
1966 839 38 23 the
2023 839 129 23 advertised
2169 840 47 23 sale
2234 844 23 19 at
2279 840 127 25 .Auckland.
2449 841 57 24 Will

1919 872 38 22 Sir
1969 872 92 31 George
2071 872 29 23 be
2116 872 74 24 better
2200 871 94 32 pleased
2308 874 32 30 by
2357 873 39 24 the
2416 874 88 24 Gover-

1917 905 63 23 nor's
1993 908 93 28 attempt
2098 909 24 20 to
2144 913 79 16 secure
2232 906 36 23 for
2287 906 36 23 his
2334 906 124 25 favourites
2468 908 37 23 the

1919 938 109 23 selection
2041 938 25 24 of
2075 938 39 23 the
2131 938 52 24 best
2194 939 61 29 land,
2269 947 29 15 on
2309 939 38 24 the
2360 944 70 19 terms
2441 949 64 15 men-

1919 971 76 23 tioned
2013 972 26 23 in
2051 979 40 16 our
2108 972 46 23 last
2172 973 84 22 week's
2272 981 70 23 paper
2350 974 11 23 ?
2385 973 59 24 Will
2461 974 45 23 this

1919 1004 138 31 disgraceful
2071 1005 41 31 job
2124 1006 60 23 raise
2196 1006 38 22 the
2247 1006 100 23 Thames
2361 1007 110 31 crimpers
2482 1008 24 22 in

1918 1037 36 24 his
1967 1039 130 22 estimation
2106 1039 10 22 ?

1952 1070 95 24 Almost
2068 1071 123 30 powerless
2214 1072 25 22 in
2260 1072 59 23 New
2341 1072 110 30 Zealand,
2469 1082 37 15 re-

1919 1103 87 31 proved
2027 1104 31 30 by
2080 1104 40 23 Sir
2143 1105 63 22 John
2228 1105 120 29 Franklin,
2372 1106 86 23 flouted
2486 1112 22 18 at

1921 1137 102 30 Sydney,
2044 1145 40 15 can
2105 1137 121 24 Governor
2245 1138 99 24 Hobson
2362 1139 46 23 find
2427 1147 80 16 conso-

1920 1170 73 23 lation
2003 1171 45 22 and
2067 1175 95 27 support
2181 1176 25 18 at
2223 1171 66 24 home
2297 1173 10 22 ?
2326 1172 58 23 This
2404 1174 104 30 question

1920 1203 42 23 has
1974 1204 58 23 been
2044 1204 92 31 already
2150 1205 124 23 answered.
2311 1206 71 24 Quite
2397 1206 110 31 indepen-

1921 1236 79 31 dently
2020 1237 26 23 of
2068 1245 44 23 any
2129 1238 113 23 influence
2261 1239 39 22 the
2324 1239 58 23 New
2408 1239 100 24 Zealand

1922 1270 120 31 Company
2070 1279 52 22 may
2153 1272 110 28 exercise,
2298 1272 38 22 the
2374 1280 80 16 means
2489 1273 24 23 of

1920 1305 120 29 resenting
2061 1304 77 30 injury
2159 1305 45 22 and
2230 1305 72 22 insult
2330 1306 122 30 possessed
2479 1306 31 31 by

1922 1336 38 23 the
1990 1336 90 24 settlers
2110 1337 55 23 here
2195 1338 75 23 would
2297 1338 28 23 be
2349 1339 114 23 sufficient
2486 1344 22 18 to

1922 1369 127 25 overthrow
2073 1378 14 15 a
2113 1374 105 28 stronger
2242 1376 66 26 party
2333 1372 55 23 than
2413 1372 97 32 Captain

1923 1402 100 25 Hobson
2034 1411 41 16 can
2095 1408 89 19 muster
2201 1406 25 21 in
2237 1404 215 31 Downing-Street.
2489 1406 23 24 It

1922 1441 63 19 must
2004 1437 29 23 be
2061 1437 164 30 remembered,
2248 1438 50 23 that
2320 1446 53 15 men
2402 1439 27 22 of
2448 1439 62 31 large

1923 1470 91 31 capital,
2022 1470 130 23 merchants
2160 1471 46 23 and
2216 1471 160 31 ship-owners,
2385 1480 38 15 are
2432 1472 78 31 deeply

1923 1503 124 23 interested
2058 1505 24 21 in
2094 1503 39 23 the
2152 1512 92 15 success
2258 1505 26 22 of
2300 1505 57 23 Port
2374 1505 135 24 Nicholson.

1924 1536 77 31 Large
2013 1537 172 30 consignments
2195 1545 39 16 are
2246 1546 30 15 on
2293 1538 59 23 their
2365 1547 49 22 way
2427 1538 82 24 hither.

1925 1569 51 24 The
1994 1570 54 23 land
2060 1570 41 23 has
2120 1570 59 24 been
2196 1571 38 29 let,
2248 1571 57 29 sold,
2317 1572 134 30 mortgaged
2468 1573 44 23 and

1924 1603 149 31 bequeathed,
2091 1604 45 23 and
2147 1604 20 23 is
2177 1612 49 15 now
2238 1604 83 24 looked
2333 1610 22 18 to
2371 1613 25 15 as
2408 1613 14 15 a
2434 1613 78 16 source

1925 1637 25 23 of
1959 1641 94 27 present
2070 1637 45 23 and
2134 1637 77 24 future
2233 1638 88 23 income
2333 1638 31 30 by
2374 1646 54 15 men
2441 1639 24 22 of
2482 1640 29 22 all

1924 1670 80 29 ranks,
2021 1670 148 31 professions,
2188 1671 102 30 political
2306 1672 86 30 parties
2414 1673 44 22 and
2475 1681 36 15 re-

1924 1703 84 32 ligions
2026 1705 25 21 in
2068 1703 118 32 England.
2229 1705 38 23 No
2286 1704 53 23 hurt
2358 1712 42 16 can
2413 1713 62 16 come
2489 1711 20 18 to

1924 1745 36 21 us,
1973 1737 74 23 which
2059 1737 46 23 will
2123 1742 40 18 not
2174 1738 29 23 be
2215 1738 41 23 felt
2272 1738 70 28 there,
2361 1738 44 23 and
2416 1747 33 15 we
2461 1747 52 23 may

1924 1771 29 22 be
1966 1778 52 16 sure
2029 1770 50 23 that
2090 1771 39 23 the
2141 1771 108 30 probable
2261 1779 168 23 consequences
2442 1772 24 23 of
2476 1773 37 23 the

1926 1804 114 31 crimping
2050 1804 131 31 expedition
2199 1804 47 23 will
2261 1805 28 23 be
2301 1805 124 30 magnified
2434 1806 31 31 by
2477 1806 37 23 the

1926 1837 108 23 sufferers
2058 1837 24 23 in
2108 1837 118 31 England.
2270 1838 70 23 Their
2364 1839 80 29 wrath,
2445 1852 30 3 —
2479 1839 36 23 the

1925 1869 75 24 wrath
2024 1870 30 30 of
2072 1877 50 16 men
2144 1870 107 24 attacked
2277 1871 24 23 in
2326 1871 60 24 their
2411 1872 104 24 breeches

1922 1903 84 31 pocket
2006 1917 35 3 —
2041 1903 45 23 will
2101 1904 30 22 be
2144 1905 160 23 concentrated
2315 1913 30 15 on
2361 1905 38 23 the
2411 1905 102 24 luckless

1925 1936 49 23 folk
1999 1942 24 18 at
2051 1937 132 29 Auckland,
2208 1938 76 23 whose
2307 1938 84 31 speedy
2414 1940 100 22 sacrifice

1925 1969 30 29 by
1967 1970 39 22 the
2025 1970 106 22 ColonicJ
2142 1971 122 29 Secretary
2274 1980 53 20 may
2338 1972 30 21 be
2380 1973 135 28 reasonable-

1925 2002 147 30 anticipated.

1960 2034 67 24 More
2050 2043 53 22 may
2125 2035 29 23 be
2185 2035 49 23 said
2258 2043 29 16 on
2310 2035 46 23 this
2375 2037 75 30 topic;
2475 2037 40 23 but

1926 2068 92 31 enough
2028 2069 36 22 for
2076 2069 39 22 the
2133 2073 100 27 present.
2270 2069 44 23 We
2333 2070 59 23 shall
2405 2070 110 31 probably

1926 2106 78 18 return
2016 2107 24 18 to
2052 2102 37 23 the
2100 2102 90 31 subject
2200 2107 56 19 next
2268 2102 74 24 week.

1961 2146 69 23 Since
2043 2147 37 22 the
2093 2147 70 22 above
2175 2154 46 15 was
2233 2146 23 23 in
2267 2152 60 26 type,
2335 2156 118 15 measures
2459 2147 56 24 have

1925 2180 59 22 been
2006 2180 71 23 taken
2100 2184 23 19 to
2151 2188 96 23 procure
2276 2189 29 14 an
2333 2182 133 30 expression
2496 2182 23 22 of

1926 2214 92 30 opinion
2031 2222 29 15 on
2073 2213 38 24 the
2123 2213 98 24 conduct
2232 2214 28 23 of
2275 2214 38 23 the
2326 2215 127 29 Governor,
2469 2220 24 18 at
2503 2223 14 15 a

1924 2248 78 29 public
2014 2248 108 30 meeting.
2159 2247 31 23 In
2201 2248 95 22 another
2302 2252 53 27 part
2362 2248 25 23 of
2398 2256 41 15 our
2447 2256 69 23 paper

1925 2281 48 22 will
1983 2281 29 23 be
2023 2281 71 23 found
2107 2289 14 15 a
2136 2281 141 31 requisition,
2297 2281 83 31 calling
2397 2289 63 24 upon
2478 2282 38 23 the

1925 2314 91 23 settlers
2036 2319 23 19 at
2077 2315 59 23 Port
2159 2314 129 24 Nicholson
2312 2319 22 19 to
2357 2316 112 22 assemble
2488 2324 28 14 on

1926 2347 104 32 Monday
2049 2347 129 30 next,~'aud
2196 2348 69 31 adopt
2282 2356 14 15 a
2312 2349 96 31 petition
2427 2349 34 23 for
2478 2349 37 23 the

1925 2382 101 22 removal
2039 2382 24 23 of
2078 2382 100 31 Captain
2193 2382 106 23 Hobson.
2336 2382 51 23 The
2402 2383 113 31 language

1926 2415 26 23 of
1961 2415 38 23 the
2006 2416 179 30 requisitionists
2192 2416 21 23 is
2220 2420 87 26 strong,
2317 2416 43 23 but
2366 2420 40 19 not
2414 2420 103 26 stronger

1925 2448 56 24 than
1993 2449 39 23 the
2045 2453 80 19 nature
2138 2450 24 22 of
2178 2449 39 23 the
2227 2457 51 15 case
2286 2449 116 24 demands.
2441 2450 23 23 It
2472 2450 44 22 will

1924 2482 30 23 be
1966 2490 56 16 seen
2032 2483 50 23 that
2093 2483 56 23 with
2160 2491 44 15 one
2216 2491 25 15 or
2258 2487 43 19 two
2321 2484 139 30 exceptions,
2479 2483 38 23 the

1926 2517 73 23 entire
2021 2516 61 31 body
2107 2517 26 23 of
2157 2517 130 23 influential
2309 2516 99 29 settlers,
2414 2530 35 3 —
2454 2517 63 23 land-

1925 2550 93 23 holders
2037 2550 43 23 and
2105 2551 192 31 representatives
2315 2550 26 23 of
2363 2550 81 23 absent
2464 2559 53 23 pro-

1926 2584 106 31 prietors,
2045 2584 138 29 merchants,
2197 2584 42 23 and
2254 2584 152 31 professional
2423 2592 61 21 men,
2486 2597 33 4 —

1926 2617 66 23 unite
2002 2618 25 23 in
2042 2618 158 30 stigmatizing
2218 2617 38 24 the
2274 2622 78 19 recent
2369 2618 149 31 proceedings

1927 2651 26 23 of
1974 2651 39 23 the
2032 2651 125 23 Auckland
2178 2651 104 23 Officials
2301 2659 25 15 as

1927 2684 31 24 In
1969 2684 72 30 truth,
2053 2684 38 24 the
2105 2685 80 31 design
2197 2690 23 18 to
2234 2684 72 24 break
2324 2693 32 23 up
2374 2684 47 24 this
2429 2684 88 34 settle-

1927 2722 66 19 ment
2002 2719 21 23 is
2034 2719 109 23 manifest
2152 2728 6 20 ;
2180 2719 43 23 but
2241 2718 97 31 Captain
2359 2718 99 24 Hobson
2475 2718 46 24 will

1927 2752 49 23 find
1988 2752 51 23 that
2049 2752 28 23 he
2088 2752 44 23 has
2143 2752 117 23 mistaken
2275 2752 39 23 the
2333 2752 125 30 character,
2477 2752 44 23 and

1928 2785 138 24 underrated
2077 2785 40 25 the
2126 2794 118 16 resources
2263 2785 26 24 of
2303 2785 38 24 the
2361 2794 53 15 men
2432 2785 29 24 he
2479 2786 41 23 has

1929 2824 23 19 to
1961 2819 52 24 deal
2020 2819 62 24 with.
2114 2819 73 24 Tame
2195 2820 140 23 submission
2343 2824 22 19 to
2373 2819 46 24 this
2428 2824 93 26 attempt

1929 2858 24 18 to
1966 2853 92 31 destroy
2069 2862 36 20 us,
2124 2853 30 24 he
2166 2862 47 15 was
2225 2861 29 16 no
2267 2853 70 23 doubt
2348 2853 84 31 taught
2448 2858 21 18 to
2482 2861 39 15 ex-

1929 2891 62 27 pect.
2028 2887 51 24 The
2091 2887 150 31 proceedings
2253 2895 29 15 on
2290 2886 103 32 Monday
2400 2895 53 23 may
2460 2895 62 16 serve

1931 2924 22 20 to
1967 2920 117 32 enlighten
2094 2921 51 23 him
2156 2929 29 15 on
2197 2921 47 23 this
2253 2921 66 31 point
2327 2930 6 20 ;
2352 2921 42 23 but
2401 2920 122 24 somewhat

1931 2959 38 19 too
1981 2954 46 24 late
2038 2954 36 24 for
2084 2954 38 24 his
2134 2963 51 15 own
2197 2954 97 24 comfort
2305 2954 45 23 and
2368 2954 80 24 credit.
2484 2954 37 24 He

1930 2989 20 22 is
1964 2988 111 31 damaged
2092 2988 166 30 irretrievably,
2278 2987 45 24 and
2340 2987 39 24 the
2397 2996 82 15 sooner
2496 2987 28 24 he

1930 3022 90 29 retires,
2032 3022 40 23 the
2082 3022 75 23 better
2169 3022 37 23 for
2218 3022 29 23 all
2259 3022 95 30 parties.

1966 3072 38 24 To
2014 3079 52 16 the
2078 3071 135 25 Working
2230 3072 126 23 Class.—
2356 3071 95 24 Beware
2474 3072 48 23 how

1930 3114 47 23 you
1989 3106 53 31 sign,
2062 3105 146 32 obligations.
2245 3105 26 24 If
2286 3113 45 23 you
2349 3113 29 24 go
2398 3109 23 19 to
2443 3105 81 24 Auck-

1930 3139 63 29 land,
2006 3147 29 23 go
2048 3147 25 16 as
2084 3139 49 24 free
2144 3147 61 22 men,
2220 3139 45 24 and
2275 3147 45 23 you
2332 3138 47 24 will
2387 3138 135 25 whenl;here

1931 3173 106 24 discover
2054 3173 40 23 the
2114 3173 74 32 safety
2207 3173 25 23 of
2246 3173 48 23 this
2315 3172 146 33 proceeding.
2502 3172 26 24 If

1931 3215 47 23 you
1990 3215 38 16 are
2041 3206 73 24 called
2124 3215 63 23 upon
2198 3211 24 19 to
2239 3208 54 30 sign
2311 3206 145 32 obligations,
2479 3214 45 23 yon

1931 3249 55 23 may
2003 3241 29 23 be
2052 3248 53 16 sure
2117 3241 19 23 it
2153 3241 21 23 is
2190 3245 42 19 not
2246 3241 36 23 for
2303 3248 59 24 your
2384 3248 51 16 own
2458 3240 64 31 good,

1930 3275 44 23 but
1985 3275 24 23 in
2021 3282 63 16 some
2096 3282 52 23 way
2158 3279 24 19 to
2194 3275 90 31 require
2297 3274 25 24 of
2336 3282 45 23 you
2392 3274 52 23 that
2452 3273 71 24 which

1931 3317 48 22 you
1988 3308 77 32 might
2074 3312 42 20 not
2126 3308 59 24 have
2195 3308 59 24 been
2266 3308 88 31 willing
2367 3312 20 20 to
2397 3307 99 32 perform
2507 3307 19 23 if

1931 3342 49 24 free
1989 3351 6 21 ;
2015 3342 46 24 and
2072 3342 82 31 failing
2164 3346 24 20 to
2200 3342 29 24 do
2241 3342 61 24 what
2310 3350 58 23 your
2375 3341 147 24 taskmasters

1932 3375 82 30 desire,
2027 3376 55 31 they
2094 3376 48 23 will
2153 3376 59 23 have
2224 3375 37 24 the
2270 3384 77 24 power
2364 3375 25 24 of
2404 3375 117 24 diminish-

1931 3411 43 30 ing
1985 3418 58 23 your
2054 3418 77 23 wages
2147 3418 64 23 upon
2228 3410 110 23 frivolous
2356 3409 72 32 pleas,
2448 3409 25 23 of
2486 3412 37 20 not

1932 3443 87 32 having
2041 3443 95 24 worked
2157 3444 40 23 the
2220 3444 55 23 time
2294 3443 131 31 stipulated,
2450 3450 25 16 or
2497 3450 27 16 on

1931 3486 71 23 many
2014 3477 65 24 other
2090 3477 104 31 grounds
2205 3476 76 24 which
2292 3485 53 23 may
2361 3481 40 19 not
2415 3476 57 24 have
2484 3483 38 16 en-

1933 3512 65 23 tered
2007 3519 58 23 your
2075 3511 85 24 minds.
2198 3511 101 31 Though
2316 3519 47 23 you
2377 3510 48 23 will
2437 3510 26 23 do
2475 3509 48 23 well

1931 3546 25 22 in
1969 3549 40 19 not
2021 3545 94 30 signing
2127 3553 45 22 any
2185 3544 129 29 document,
2326 3553 47 22 you
2383 3544 48 23 will
2441 3544 27 23 be
2480 3542 45 24 still

1931 3579 69 22 wiser
2011 3578 21 23 if
2046 3586 46 23 you
2104 3578 98 23 demand
2216 3578 24 23 of
2254 3578 66 23 those
2331 3578 51 23 who
2395 3586 38 15 are
2446 3577 76 23 seduc-

1932 3612 42 31 ing
1992 3619 47 24 you
2045 3612 59 23 from
2116 3611 46 24 this
2175 3612 139 29 settlement,
2326 3620 29 15 an
2367 3611 123 31 obligation
2501 3614 21 19 to

1933 3646 107 32 cpntinue
2058 3645 39 24 the
2116 3653 77 24 wages
2211 3645 31 31 by
2253 3645 75 24 which
2347 3653 45 23 you
2404 3652 38 16 are
2457 3644 66 30 being

1922 3693 3 4 ■
1932 3679 103 31 tempted
2047 3683 22 19 to
2080 3678 66 24 leave
2157 3687 37 21 us,
2206 3679 36 23 for
2254 3683 24 19 at
2288 3680 59 23 least
2359 3686 41 16 one
2407 3686 61 23 year,
2481 3677 42 24 and

1932 3713 98 29 further,
2051 3717 24 19 at
2093 3713 39 23 the
2152 3713 147 24 termination
2311 3713 25 24 of
2351 3713 50 23 that
2411 3711 78 33 period
2501 3715 20 18 to

1926 3746 62 27 .land
1999 3754 46 24 you
2055 3746 56 24 here
2124 3747 75 31 again,
2219 3746 48 24 free
2279 3747 25 23 of
2319 3754 108 24 expense,
2446 3745 19 23 if
2480 3752 41 23 you

1933 3780 74 24 desire
2020 3784 23 19 to
2054 3784 89 20 return.

1967 3814 45 24 We
2024 3810 88 28 Relieve
2124 3815 19 23 it
2154 3814 46 24 will
2209 3814 27 23 be
2249 3814 25 22 in
2286 3821 41 16 our
2337 3821 77 24 power
2433 3817 22 19 to
2466 3812 56 31 pub-

1933 3848 47 23 lish
1990 3852 57 19 next
2058 3847 66 24 week
2136 3856 13 16 a
2159 3848 68 23 letter
2242 3847 61 23 from
2326 3855 14 15 a
2350 3847 106 30 working
2472 3853 50 16 mam

1934 3886 25 19 at
1970 3881 94 25 Hobart
2080 3881 82 30 Town,
2183 3881 86 31 stating
2281 3880 48 24 that
2341 3888 14 15 a
2366 3880 105 23 labourer
2482 3887 39 15 can

1934 3920 40 27 get
1986 3915 63 24 there
2062 3916 20 24 £
2098 3917 11 22 1
2130 3923 41 23 per
2189 3914 65 24 week
2272 3914 96 23 without
2385 3914 95 28 rations,
2500 3920 21 15 or

1934 3954 40 20 ten
1993 3949 106 31 shillings
2112 3957 14 15 a
2137 3948 65 25 week
2214 3947 44 25 and
2270 3948 94 23 rations.

1440 2141 132 27 Saturday,
1588 2141 53 22 Feb.
1655 2143 34 25 13,
1705 2140 70 24 1849.1

1338 2197 46 24 We
1395 2206 38 15 are
1449 2197 70 24 much
1537 2198 123 29 mistaken,
1680 2198 20 23 if
1722 2198 113 31 crimping
1853 2199 45 22 and

1305 2231 30 23 its
1355 2239 168 23 consequences
1539 2231 48 23 will
1603 2236 40 18 not
1661 2240 70 23 prove
1748 2240 14 14 a
1779 2240 79 15 source
1875 2232 25 23 of

1306 2272 132 24 annoyance
1449 2270 23 18 to
1486 2265 120 23 Governor
1625 2265 101 24 Hobson
1746 2265 42 23 and
1800 2265 37 24 his
1856 2266 41 23 ad-

1306 2299 80 28 visers,
1398 2307 26 14 as
1437 2298 54 31 long
1503 2307 26 15 as
1541 2298 38 24 the
1597 2298 73 31 clique
1687 2303 23 19 at
1722 2298 124 24 Auckland
1856 2308 44 14 en-

1306 2331 76 24 dures.
1418 2332 59 23 Last
1488 2332 64 23 week
1559 2340 34 15 we
1600 2333 110 22 ventured
1723 2338 22 17 to
1753 2333 145 23 recommend

1306 2365 50 23 that
1366 2366 80 23 letters
1459 2366 83 22 should
1552 2366 29 23 be
1594 2366 90 23 written
1698 2366 33 31 by
1749 2366 37 23 the
1806 2366 90 26 settlers

1307 2403 27 19 at*
1342 2399 57 23 Port
1411 2399 128 24 Nicholson
1551 2404 23 19 to
1583 2399 57 24 their
1648 2400 88 23 friends
1745 2400 23 23 in
1779 2399 117 32 England,

1306 2432 101 31 political
1415 2433 46 23 and
1468 2433 151 29 commercial,
1627 2434 159 31 representing
1793 2434 39 22 the
1842 2441 54 15 con-

1308 2466 54 23 duct
1372 2467 25 22 of
1412 2466 40 23 the
1464 2467 101 23 Thames
1576 2467 166 23 functionaries
1759 2467 24 23 in
1803 2468 30 22 its
1846 2472 52 19 true

1308 2500 89 23 colours
1406 2509 6 20 ;
1427 2500 45 23 and
1484 2508 33 15 we
1531 2508 41 15 can
1579 2508 51 16 now
1642 2505 58 19 state
1713 2501 50 23 that
1781 2501 24 22 in
1816 2508 82 16 nume-

1308 2541 53 16 rous
1372 2534 116 23 instances
1506 2533 46 24 this
1571 2535 135 30 suggestion
1723 2534 43 24 has
1783 2539 42 18 not
1844 2534 54 32 only

1308 2568 58 22 been
1378 2567 104 32 adopted,
1500 2568 44 22 hut
1555 2568 49 23 that
1616 2575 41 16 our
1675 2568 84 23 wishes
1777 2568 46 23 had
1840 2568 58 23 been

1308 2601 138 31 anticipated
1464 2601 30 31 by
1619 2602 132 30 gentlemen
1769 2601 76 24 whose
1861 2602 37 23 in-

1307 2635 88 23 fluence
1407 2635 47 23 will
1465 2635 29 23 be
1505 2635 42 23 felt
1557 2635 26 23 in
1595 2641 103 25 quarters
1710 2635 75 23 where
1801 2635 98 32 Captain

1309 2668 98 24 Hobson
1418 2673 64 18 must
1492 2668 29 23 be
1531 2674 61 18 most
1603 2670 96 22 anxious
1712 2674 23 18 to
1753 2669 68 23 stand
1837 2669 60 24 well.

1309 2702 141 24 Statements
1483 2702 48 23 will
1562 2702 28 24 be
1622 2703 67 23 made
1717 2703 113 31 privately
1855 2702 45 24 and

1310 2736 168 30 confidentially
1493 2736 32 31 by
1543 2736 82 23 stanch
1641 2736 88 23 friends
1752 2736 26 23 of
1791 2736 39 23 the
1850 2736 50 24 Go-

1308 2774 127 25 vernment,
1453 2769 50 23 who
1520 2769 75 24 would
1612 2774 41 20 not
1668 2771 52 30 join
1738 2769 25 24 in
1781 2778 45 23 any
1842 2778 58 24 open

1310 2803 90 29 attack;
1421 2803 47 24 and
1487 2804 19 23 it
1524 2804 20 23 is
1562 2804 105 23 needless
1685 2808 21 19 to
1726 2803 100 30 remark,
1849 2804 52 23 how

1308 2837 70 23 much
1389 2845 63 15 more
1465 2837 105 23 effectual
1579 2837 46 24 this
1641 2837 57 23 kind
1712 2837 26 24 of
1751 2837 150 24 interference

1308 2870 130 32 frequently
1446 2870 114 30 becomes,
1581 2871 56 24 than
1653 2879 14 16 a
1677 2871 83 24 formal
1778 2872 87 23 motion
1875 2872 25 23 in

1310 2905 142 23 Parliament
1452 2917 32 4 —
1488 2904 87 32 though
1594 2905 63 23 there
1675 2905 49 23 also
1736 2905 40 23 the
1793 2912 67 16 name
1879 2905 26 24 of

1311 2938 98 23 Hobson
1421 2938 48 23 will
1479 2938 94 24 become
1585 2939 126 23 notorious.

1343 2971 51 24 The
1411 2971 85 32 fatuity
1508 2972 117 24 exhibited
1636 2973 25 23 in
1679 2972 39 24 the
1738 2973 112 31 crimping
1860 2980 42 16 ex-

1309 3006 102 31 pedition
1435 3006 61 23 from
1517 3006 125 23 Auckland
1670 3006 21 23 is
1720 3006 180 31 extraordinary.

1310 3039 51 24 The
1381 3047 133 23 aggressors
1532 3047 104 23 compose
1656 3039 38 24 the
1712 3039 102 23 weakest
1832 3039 26 24 of
1872 3039 31 24 all

1309 3073 65 23 weak
1388 3073 105 23 Colonial
1507 3072 178 24 Governments.
1722 3072 66 31 They
1804 3081 38 15 are
1860 3073 41 23 ab-

1310 3106 97 32 solutely
1418 3106 96 23 without
1533 3115 45 23 any
1589 3111 66 27 party
1671 3107 25 22 in
1714 3106 59 24 New
1791 3106 110 24 Zealand.

1309 3140 37 24 No
1367 3145 35 19 set
1419 3148 26 15 or
1464 3140 138 32 description
1620 3142 27 21 of
1661 3148 62 21 men,
1742 3144 40 20 not
1800 3140 26 23 in
1843 3140 60 23 their

1310 3174 129 23 immediate
1457 3182 53 23 pay,
1522 3174 42 23 but
1576 3173 74 24 would
1668 3182 69 15 scorn
1748 3173 38 24 the
1802 3174 100 31 imputa-

1310 3208 47 23 tion
1369 3208 25 23 of
1402 3208 127 31 belonging
1539 3212 23 18 to
1575 3207 70 24 them.
1682 3208 49 23 Not
1744 3207 51 32 only
1807 3211 25 19 at
1843 3208 58 23 Port

1310 3241 134 29 Nicholson,
1457 3241 43 23 but
1523 3245 23 20 at
1566 3241 39 24 the
1624 3241 51 31 Bay
1688 3241 25 24 of
1730 3241 100 29 Islands,
1849 3241 54 31 they

1310 3283 37 16 are
1360 3274 100 24 disliked
1475 3274 46 24 and
1541 3275 113 31 despised.
1692 3275 41 23 On
1750 3274 45 24 this
1813 3275 90 32 ground

1310 3309 37 23 the
1367 3308 94 25 Church
1480 3309 161 24 Missionaries
1654 3309 45 23 and
1716 3309 39 23 the
1767 3309 59 24 New
1844 3309 59 23 Zea-

1308 3342 56 24 land
1386 3342 120 31 Company
1529 3350 54 23 may
1606 3342 72 24 shake
1701 3342 82 24 hands.
1827 3342 76 24 There

1309 3383 46 16 was
1367 3384 14 15 a
1392 3380 115 27 symptom
1520 3376 25 23 of
1554 3381 103 27 support,
1670 3385 15 14 a
1703 3377 101 31 scarcely
1821 3377 82 23 distin-

1310 3410 120 31 guishable
1442 3410 148 31 glimmering
1601 3410 25 23 of
1635 3418 14 16 a
1660 3410 135 31 disposition
1814 3415 23 19 to
1849 3410 54 24 take

1308 3447 53 27 part
1379 3443 56 23 with
1454 3443 39 23 the
1517 3443 172 24 Government!
1710 3442 67 33 (God
1784 3441 63 28 'save
1860 3444 43 24 .the

1310 3477 66 23 mark
1386 3476 18 33 !)
1423 3484 85 23 among
1531 3476 38 24 the
1592 3477 109 24 intended
1720 3477 141 32 speculators
1875 3478 29 26 fa

1310 3510 54 25 land
1381 3514 23 20 at
1421 3510 143 29 Auckland;
1583 3510 42 24 but
1643 3518 58 16 even
1724 3510 52 31 they
1795 3519 39 16 are
1853 3519 51 16 now

1310 3544 104 24 irritated
1425 3543 45 24 and
1489 3544 126 31 disgusted.
1652 3544 51 24 The
1719 3544 51 32 job,
1782 3545 75 23 which
1870 3553 33 15 we

1310 3577 101 32 exposed
1421 3577 46 24 last
1477 3578 74 29 week,
1563 3577 42 24 has
1617 3578 135 32 completely
1794 3578 83 24 settled

1312 3612 97 31 Captain
1428 3611 101 24 Hobson
1545 3611 54 24 with
1616 3611 66 23 these
1698 3610 139 33 gentlemen.
1873 3611 31 25 In

1311 3645 72 29 short,
1401 3653 25 16 as
1445 3650 103 26 respects
1571 3644 57 25 New
1646 3644 109 29 Zealand,
1769 3644 38 24 the
1825 3650 78 19 return

1311 3683 22 20 to
1351 3688 14 14 a
1382 3679 88 23 motion
1486 3679 37 23 for
1542 3687 13 15 a
1577 3679 40 23 list
1628 3678 26 24 of
1668 3678 40 24 the
1727 3677 99 25 Hobson
1836 3683 68 28 party

1311 3712 75 25 would
1413 3712 29 24 be
1588 3712 64 24 there
1670 3712 21 24 is
1709 3711 97 32 nothing
1825 3713 26 23 of
1865 3712 39 24 the

1311 3746 57 24 kind
1379 3747 24 23 in
1416 3746 116 24 existence
1552 3754 26 16 ou
1585 3750 7 20 t
1614 3746 25 24 of
1659 3745 39 24 the
1717 3753 56 23 very
1786 3745 118 32 distinctly

1312 3780 94 24 marked
1418 3779 84 24 official
1515 3780 75 23 circle.
1626 3779 53 24 The
1690 3778 56 25 land
1753 3779 94 31 jobbers
1860 3780 45 23 and

1312 3814 59 24 their
1393 3818 95 27 patrons
1508 3821 52 24 may
1579 3813 61 24 stick
1664 3813 112 31 together,
1790 3813 43 24 hut
1845 3822 59 16 none

1312 3848 60 23 stick
1385 3851 22 20 to
1416 3847 73 24 them.

1345 3882 71 23 From
1440 3881 58 24 New
1518 3881 101 24 Zealand
1638 3880 81 32 glance
1739 3885 23 19 at
1773 3880 55 25 Van
1846 3881 59 24 Die-

1311 3916 74 23 man's
1415 3915 76 24 Land.
1537 3915 75 24 There
1635 3923 34 15 we
1698 3914 50 24 find
1778 3914 38 24 Sir
1845 3915 59 24 John

1312 3949 112 23 Franklin
1437 3949 99 31 actually
1548 3949 109 32 applying
1669 3958 13 14 a
1694 3949 101 31 stinging
1816 3949 93 31 reproof

520 30 101 30 THE
638 30 112 31 NEW
768 30 229 31 ZEALAND
1014 30 228 31 GAZETTE
1262 31 102 30 AND
1384 31 328 32 WELLINGTON
1738 31 290 35 SPECTATOR.

1355 112 169 24 SHIPPING
1543 113 275 24 INTELLIGENCE.

1327 165 30 22 /
1512 165 152 18 ARRIVED.

1316 189 69 23 'Feb.
1406 190 39 27 10,
1466 189 110 23 schooner
1809 190 71 24 Cum-

1292 223 69 27 mins,
1384 221 59 24 from
1468 221 130 24 Auckland'
1618 223 44 22 and
1689 223 100 30 Poverty
1814 223 51 31 Bay
1873 232 6 20 ;

1293 256 53 29 pigs
1359 254 44 23 and
1414 255 82 23 maize.

1328 287 58 23 Feb.
1407 289 40 26 11,
1461 287 110 24 schooner
1759 287 121 30 Richards,

1294 320 58 23 from
1365 320 50 30 Bay
1427 319 25 23 of
1463 320 91 23 Islands
1564 329 5 20 ;
1588 322 52 29 pigs
1653 320 46 23 and
1710 321 81 23 maize.

1329 352 59 24 Feb.
1411 354 39 27 12,
1470 353 111 23 schooner
1797 353 85 31 Styles,

1297 385 90 30 Cloudy
1397 384 61 31 Bay.

1331 418 68 23 Same
1426 418 51 30 day,
1498 419 111 23 schooner
1761 418 121 30 Williams,

1299 451 90 29 Cloudy
1400 450 61 31 Bay.

1532 500 122 22 SAILED.

1330 527 58 24 Feb.
1412 529 25 27 6,
1467 528 111 23 schooner
1797 529 86 30 Styles,

1298 561 83 24 Queen
1392 560 139 25 Charlotte's
1541 562 87 23 Sound.

1331 593 58 23 Feb.
1414 594 24 28 7,
1463 594 110 24 schooner
1786 594 98 30 Barker,

1298 626 100 23 Thames
1411 627 46 23 and
1468 627 51 31 Bay
1531 628 24 23 of
1565 628 100 24 Islands.

1332 659 59 23 Feb.
1405 661 23 27 8,
1446 660 86 31 barque
1746 661 140 29 Kettlewell,

1299 692 127 24 Taranaki.

1332 725 60 24 Feb.
1414 728 39 26 10,
1473 726 64 24 N.Z.
1556 727 130 31 brigantine

1299 758 96 30 Michel,
1410 759 105 24 Akaroa.

1527 809 35 21 IN
1583 810 86 22 PORT.

1333 836 82 24 Cutter
1602 839 140 23 M'Donald.

1332 869 93 32 Barque
1574 871 147 24 Newcombe.

1334 903 119 24 Schooner
1495 904 77 31 Royal
1718 904 101 31 Wright.

1334 936 59 31 Ship
1437 937 77 23 Slams
1649 938 87 24 Petrie.

1335 969 119 24 Schooner
1622 971 80 24 Clark.

1332 1002 93 32 Barque
1586 1004 71 31 Kyle.

1333 1036 59 31 Ship
1595 1038 86 23 Smale.

1335 1070 119 23 Schooner
1668 1072 87 30 Styles.

1473 1104 65 30 Sally
1643 1105 130 22 Cummins.

1291 1134 2 20 1
1622 1137 125 23 Richards.

1578 1170 125 24 Williams.

1336 1229 52 24 The
1565 1230 93 29 Brown,
1677 1235 42 26 put
1738 1230 47 23 into
1803 1230 90 31 Cloudy

1302 1263 48 30 Bay
1365 1271 29 15 on
1405 1263 39 23 the
1460 1265 36 21 Ist
1515 1263 57 24 Feb.
1585 1268 22 18 to
1625 1265 76 29 repair
1713 1264 108 30 damages
1833 1263 58 24 done

1302 1300 22 19 to
1336 1296 163 29 rudder-head,
1518 1296 45 24 and
1579 1296 72 24 sailed
1669 1298 69 29 again
1749 1305 29 14 on
1790 1297 38 23 the
1841 1297 50 23 sth.

1303 1329 76 23 There
1396 1338 60 15 were
1475 1338 29 15 no
1524 1330 64 31 ships
1606 1334 23 19 at
1649 1330 91 31 Cloudy
1759 1330 50 31 Bay
1826 1331 67 23 when

1302 1362 37 23 the
1376 1363 57 23 Jane
1470 1363 79 24 sailed.

1472 1429 254 22 THERMOMETER.

1324 1461 71 22 Week
1407 1461 85 24 ending
1501 1462 124 23 Thursday,
1638 1462 115 23 February
1764 1463 33 22 11,
1809 1463 61 21 1841.

1480 1756 118 22 LATEST
1612 1757 108 21 DATES.

1304 1786 100 22 London
1517 1786 4 5 '
1672 1786 67 31 Sept.
1753 1788 39 27 12,
1819 1788 75 22 1840.

1305 1818 94 31 Sydney
1672 1819 53 23 Jan.
1758 1821 38 27 16,
1822 1821 72 22 1841.

1304 1851 51 31 Bay
1367 1853 26 22 of
1407 1852 94 23 Islands
1673 1853 59 23 Feb.
1773 1855 22 26 5,
1823 1855 71 21 1841.

1304 1885 54 23 Van
1369 1885 122 23 Dieman's
1503 1885 68 24 Land
1593 1903 56 7 ....
1672 1886 54 24 Jan.
1771 1888 22 27 8,
1822 1888 72 22 1841.

1305 1919 58 23 Port
1374 1919 89 31 Phillip
1671 1919 53 24 Jan.
1771 1921 21 27 1,
1822 1922 72 21 1841.

1304 1952 112 23 Adelaide
1671 1953 62 23 Dec.
1772 1955 23 26 5,
1823 1955 71 21 1840.

1404 1508 60 16 Morn.

1515 1508 57 17 Even.

1617 1509 63 16 Wind.
1697 1508 4 29 |

1755 1509 89 16 Weather.

1303 1549 30 16 Fri

1303 1570 31 16 Sat

1303 1591 45 16 Sun.
1368 1603 18 5 ...

1304 1612 51 16 Mon.
1367 1624 19 5 ...

1303 1633 55 16 Tues.
1368 1645 18 5 ...

1304 1654 50 16 Wed.
1368 1666 18 5 ...

1303 1676 83 16 Thurs...

1424 1549 21 17 67

1425 1570 20 17 67

1425 1591 20 16 76

1425 1613 20 15 66

1426 1633 20 16 74

1425 1655 21 15 68

1426 1676 19 16 66

1533 1550 20 17 72

1532 1572 20 16 66

1534 1592 19 16 72

1533 1613 20 16 73

1533 1633 19 17 73

1532 1656 20 15 66

1532 1676 20 16 65

1608 1551 18 16 s.

1607 1572 23 16 N.

1607 1593 52 16 N.W.

1607 1614 22 15 N.

1607 1635 23 15 N.

1607 1656 17 16 S.

1607 1676 23 16 N.

1715 1550 51 17 Calm
1771 1551 14 16 &
1789 1551 41 16 fine.

1715 1572 66 20 Strong
1786 1572 14 16 &
1807 1572 42 16 fine.

1716 1593 65 20 Strong
1785 1593 15 15 &
1805 1593 42 15 fine.

1716 1614 129 20 Strong&firfe.

1716 1635 65 20 Strong
1786 1635 14 15 &
1807 1635 41 15 fine.

1716 1656 65 20 Strong
1786 1656 15 15 &
1807 1655 42 16 fine.

1716 1677 65 20 Strong
1785 1677 15 15 &
1807 1676 41 16 line.

1324 1710 67 24 Mean.'

1424 1718 54 16 69.43.

1533 1718 53 16 69.57.

149 111 246 25 GOVERNMENT
414 111 141 25 NOTICE.

274 143 75 22 Police
360 143 78 27 Office,
450 143 53 22 Port
512 143 133 27 Nicholson,

382 170 54 21 Feb.
447 171 90 26 5,1841.

55 202 131 21 NOTICE
210 204 221 20 RESPECTING
453 203 194 21 TARANAKI

200 231 75 20 AND
290 230 210 21 WANGANUI.

55 256 91 47 HIS
170 256 136 27 Excellency
325 256 37 21 the
381 256 267 22 Lieutenant-Governor

146 282 79 22 directs
236 283 37 21 the
282 282 137 28 publication
436 283 27 21 of
478 283 37 21 the
533 283 115 27 following

55 309 75 21 notice
141 310 125 26 respecting
275 316 91 20 persons
377 310 91 26 settling
483 317 23 14 or
522 310 126 26 occupying

54 334 56 23 land
119 339 23 18 at
153 331 132 31 Wanganui.

139 362 35 26 By
180 362 34 22 his
224 362 157 26 Excellency's
392 362 126 26 command,

341 389 148 22 MICHAEL
503 388 143 28 MURPHY,

289 415 67 22 Chief
366 416 76 21 Police
455 416 138 26 Magistrate.

197 468 101 23 Colonial
309 469 135 30 Secretary's
456 468 76 27 Office,

281 496 96 26 Russell,
389 494 39 23 9th
438 496 108 26 January,
558 496 61 21 1841.

134 522 47 21 The
190 522 76 28 public
276 530 37 14 are
326 522 84 24 hereby
426 522 120 22 cautioned
561 522 88 26 against

165 550 90 26 settling
263 557 24 13 or
297 549 125 27 occupying
431 548 37 22 the
475 548 64 22 lands
548 549 26 20 of
580 549 69 20 Tara-

164 576 53 21 naki
228 576 45 21 and
282 575 134 27 Wanganui,
426 575 73 22 under
508 575 54 21 land
574 575 75 21 orders

165 602 57 22 from
240 603 37 21 the
293 602 56 22 New
364 602 102 21 Zealand
476 602 123 26 Company,
612 601 37 22 the

165 630 48 21 said
222 629 55 22 land
286 633 41 18 not
335 628 84 27 having
428 629 57 21 been
499 628 117 27 conveyed
627 631 22 18 to

167 656 36 21 the
219 656 117 26 Company
351 656 31 26 by
399 663 45 19 any
459 658 66 24 grant
540 656 58 20 from
612 654 37 22 the

166 682 86 27 Crown,
271 684 23 20 in
314 682 138 21 accordance
471 682 52 21 with
543 681 38 22 the
599 689 51 20 pro-

167 709 84 22 visions
262 709 25 21 of
296 709 40 21 4th
345 708 108 26 Victoria,
464 708 44 21 No.
519 709 20 21 7.

262 736 33 32 By
306 735 33 22 his
349 735 157 27 Excellency's
520 734 127 27 command,

209 762 54 26 (For
273 762 36 21 the
322 762 100 21 Colonial
434 762 133 26 Secretary,)

259 789 59 21 JAS.
336 788 121 23 STUART

58 844 127 21 PUBLIC
204 844 166 21 MEETING
389 844 49 20 AT
457 844 193 20 BARRETT'S

292 871 125 25 HOTEL,

116 897 32 21 At
164 898 78 21 eleven
261 897 92 27 o'clock,
370 905 28 14 on
415 897 101 27 Monday
533 899 62 20 next.

58 924 98 47 WE,
171 924 38 21 the
218 924 158 27 undersigned,
388 924 144 22 landholders
543 924 45 21 and
598 924 54 21 resi-

144 946 65 27 dents
227 951 25 21 of
266 952 54 21 Port
336 951 132 27 Nicholson,
487 951 96 26 viewing
598 951 53 21 with

59 977 98 31 surprise
179 978 44 21 and
247 978 85 26 disgust
353 978 38 21 the
416 978 113 21 nefarious
558 981 95 23 attempt

60 1004 75 21 which
144 1004 18 22 is
179 1011 50 14 now
246 1005 68 27 being
328 1004 65 22 made
410 1005 30 27 by
452 1005 93 26 Captain
556 1004 95 22 Hobson

59 1034 24 18 to
95 1031 89 25 deprive
201 1039 27 14 us
247 1032 26 21 of
286 1039 41 14 our
342 1031 108 22 artificers
467 1032 45 21 and
528 1032 122 26 labourers,

59 1065 55 14 men
124 1058 97 26 brought
237 1061 39 18 out
290 1061 24 18 at
330 1065 40 14 our
386 1065 50 14 own
454 1066 104 20 expense,
570 1059 35 21 for
614 1058 38 22 the

59 1084 88 21 benefit
156 1085 25 21 of
193 1084 37 22 the
247 1085 127 21 settlement
384 1086 26 20 of
423 1086 53 20 Port
486 1085 124 21 Nicholson
618 1094 6 17 ;
627 1098 27 3 —

60 1111 47 21 and
116 1111 84 27 feeling
209 1112 125 26 persuaded
349 1112 50 21 that
417 1112 49 21 Her
475 1112 118 27 Majesty's
605 1112 46 23 Go-

59 1141 122 18 vernment
203 1141 25 19 at
244 1138 65 22 home
326 1138 44 22 will
393 1139 89 21 neither
497 1143 155 19 countenance

61 1165 56 21 such
146 1165 104 21 manifest
277 1166 104 26 injustice
410 1169 22 17 to
461 1166 119 27 ourselves,
611 1174 42 14 nor

60 1192 103 21 sanction
181 1192 97 22 conduct
296 1199 24 15 so
339 1193 209 26 ungentlemanlike
567 1200 29 15 on
615 1193 38 22 the

60 1222 53 24 part
127 1219 26 21 of
164 1219 28 21 its
208 1219 98 27 officials,
325 1220 45 20 and
386 1220 68 26 being
469 1220 46 20 also
533 1220 57 27 fully
600 1228 54 14 con-

61 1246 83 21 vinced
159 1246 49 21 that
217 1253 45 20 any
277 1246 188 27 representations
482 1246 56 22 from
556 1254 26 14 us
599 1255 24 14 as
641 1256 13 13 a

61 1272 69 27 body,
153 1272 43 22 will
215 1273 87 21 receive
320 1272 59 22 from
398 1273 51 21 Her
467 1277 58 17 most
544 1273 110 23 Gracious

61 1299 101 27 Majesty
188 1307 69 19 every
283 1300 96 27 possible
413 1300 163 22 consideration
585 1309 5 18 ;
626 1301 27 22 do

59 1326 87 27 hereby
156 1326 43 21 call
206 1334 13 13 a
235 1327 99 27 meeting
349 1326 27 22 of
390 1334 41 14 our
446 1327 73 21 fellow
534 1327 118 28 Colonists,

61 1356 24 18 to
104 1353 26 21 be
148 1352 82 22 holden
250 1356 23 18 at
289 1354 107 21 Barrett's
413 1354 76 26 Hotel,
509 1361 29 13 on
550 1355 103 28 Monday

62 1383 63 22 next,
137 1380 37 20 the
185 1380 52 21 15th
248 1380 42 26 day
301 1381 26 20 of
334 1380 120 27 February,
466 1381 34 21 for
509 1380 39 22 the
558 1389 96 20 purpose

63 1407 27 21 of
97 1407 106 27 adopting
214 1414 13 13 a
243 1407 99 27 petition,
355 1408 95 27 praying
463 1407 33 21 for
506 1407 37 22 the
553 1409 99 21 removal

62 1434 28 20 of
97 1434 92 26 Captain
207 1434 95 21 Hobson
318 1434 59 21 from
394 1435 38 21 the
442 1435 92 26 Deputy
551 1435 103 23 Govern-

61 1463 65 18 ment
136 1460 25 21 of
167 1460 57 21 New
235 1460 106 22 Zealand.

91 1487 58 21 Wm.
161 1487 27 21 V.
200 1487 95 27 Brewer,
391 1487 28 23 G.
435 1487 79 28 Wad-,

91 1514 77 21 James
178 1514 118 26 Crawford,
392 1515 22 21 J.
424 1515 109 27 Douglas,

91 1541 22 21 J.
127 1541 27 21 A.
165 1541 151 26 Molesworth,
393 1541 21 21 J.
426 1542 34 21 M.
472 1542 86 27 Stokes,
570 1543 35 22 M.
615 1544 37 27 D.,

90 1567 27 22 E.
128 1567 98 26 Daniell,
392 1568 30 22 H.
435 1569 107 27 Churton,

92 1595 30 21 A.
134 1594 64 26 Hort,
210 1595 54 21 Jun.
391 1595 23 21 J.
426 1595 90 28 Minett,

91 1621 77 21 James
179 1616 68 32 Watt,
393 1622 59 21 Sam.
464 1622 70 27 King,

92 1648 89 22 Samuel
191 1648 33 21 Re
226 1655 61 20 vans,
392 1649 59 21 Wm.
463 1649 103 28 Burgess,

91 1675 97 21 Thomas
199 1675 94 25 Waters,
393 1676 29 21 A.
434 1676 113 27 Brandon,

92 1702 21 22 J.
131 1702 25 21 T.
168 1701 136 29 Wicksteed,
392 1703 29 21 A.
434 1703 144 27 Hornbrook,

92 1728 61 22 John
163 1729 88 26 Dorset,
393 1729 80 28 Henry
484 1731 20 21 S.
516 1730 120 29 Harrison,

91 1756 25 22 T.
129 1755 33 22 M.
173 1756 122 27 Partridge,
392 1756 81 22 Alfred
484 1757 103 28 Ludlam,

93 1783 27 21 G.
132 1783 26 21 B.
168 1783 67 27 Earp,
393 1783 29 22 H.
436 1784 111 27 Moreing,
564 1785 22 22 J.
593 1785 33 28 P.,

92 1809 77 22 James
179 1810 79 27 Smith,
393 1810 61 22 John
466 1811 72 26 Hogai
544 1811 32 28 th,

92 1837 86 21 Robert
186 1837 78 26 Waitt,
392 1837 86 22 Robert
487 1838 65 27 Park,

94 1863 90 22 Charles
195 1864 80 27 Grace,
393 1864 82 22 Daniel
487 1865 125 29 Riddiford,

91 1891 90 21 Wiliam
191 1891 99 27 Guyton,
392 1891 27 21 E.
431 1892 33 21 M.
476 1891 106 29 Chaffers,

92 1917 24 22 P.
128 1917 117 29 Ridgway,
391 1917 22 22 J.
430 1918 30 22 H.
471 1919 107 28 Wallace,

92 1944 62 22 John
163 1940 79 31 Wade,
392 1945 81 28 Henry
482 1945 90 28 Taylor.

32 2000 22 4 ~
64 1998 145 26 Wellington,
224 1998 54 21 Feb.
289 1999 33 26 12,
334 1999 61 21 1841.

63 2052 115 20 UNION
202 2051 121 21 STEAM
344 2052 78 20 SAW
444 2053 76 19 AND
539 2054 116 20 FLOUR

214 2079 90 19 MILL
324 2079 183 21 COMPANY.

64 2105 92 49 THE
171 2105 252 22 SHAREHOLDERS
440 2106 23 21 in
480 2106 43 22 this
533 2106 123 22 undertak-

139 2133 40 26 ing
195 2140 37 14 are
249 2132 117 27 requested
385 2136 22 18 to
426 2137 62 17 meet
506 2141 29 13 on
550 2134 106 27 Tuesday

61 2162 64 23 next,
137 2163 23 17 at
170 2161 25 19 12
211 2159 85 22 o'clock
313 2159 117 28 precisely,
447 2162 23 19 at
485 2160 38 22 the
540 2161 76 22 Stores
634 2161 25 21 of

62 2187 93 21 Messrs.
167 2186 125 27 Ridgways,
305 2186 99 28 Guyton,
421 2187 45 21 and
482 2187 66 28 Earp,
558 2188 44 21 .for
618 2188 38 21 the

60 2220 109 21 purposes
188 2213 26 21 of
231 2213 151 27 determining
399 2222 62 19 upon
478 2222 13 14 a
507 2213 94 23 site'"for
617 2215 39 21 the

62 2240 100 22 erection
181 2241 26 20 of
225 2240 38 22 the
280 2240 55 26 mill,
353 2241 115 27 receiving
483 2241 37 21 the
538 2244 76 25 report
634 2242 25 21 of

61 2267 59 22 their
131 2267 119 28 Engineer,
262 2268 46 21 and
317 2267 107 28 choosing
435 2268 114 23 Directors
566 2269 36 22 for
618 2269 38 22 the

63 2294 97 27 ensuing
170 2302 59 19 year.

290 2322 27 21 G.
329 2321 26 22 B.
365 2322 73 27 Earp,
450 2323 47 21 Sec.
508 2329 41 21 pro
559 2326 69 24 temp.

62 2376 91 49 FOR
177 2376 84 27 SALE,
283 2383 13 15 a
315 2377 104 27 quantity
436 2378 26 21 of
482 2377 78 23 Water
579 2378 76 28 Casks,

139 2403 77 27 nearly
227 2411 56 14 new.
313 2404 76 28 Apply
400 2408 22 17 to

236 2431 132 27 Ridg-ways,
382 2431 105 27 Guyton,
499 2432 46 21 and
555 2432 73 22 Earp.

64 2486 148 49 DIVINE
228 2486 130 23 SERVICE
374 2487 45 22 will
436 2488 28 21 be
482 2488 129 27 performed
627 2488 30 28 by

148 2514 36 21 the
195 2514 120 22 Reverend
325 2515 44 21 Mr.
385 2515 74 27 Davy,
480 2523 68 19 every
565 2516 92 27 Sunday

63 2540 104 28 evening,
188 2544 23 18 at
227 2541 37 22 the
281 2541 68 22 Court
366 2542 87 27 House,
471 2542 45 21 and
534 2542 45 22 will
596 2550 61 14 com-

62 2575 82 14 mence
155 2571 23 18 at
187 2570 13 19 6
211 2568 93 22 o'clock.

251 2624 212 21 WANGANUI.

63 2649 139 49 LAND
231 2650 193 22 AGENCIES.—
424 2651 49 22 The
495 2652 162 27 Undersigned

141 2676 83 28 having
233 2677 43 21 last
286 2678 78 21 month
376 2679 120 21 examined
511 2679 38 22 the
560 2680 97 22 sections

63 2704 70 20 about
153 2707 21 17 to
193 2704 28 22 be
241 2704 81 22 chosen
342 2708 23 18 at
384 2706 128 27 Wanganui
531 2707 25 21 in
576 2707 80 21 March

63 2734 63 23 next,
139 2731 63 21 offers
211 2731 36 21 his
257 2732 94 22 services
362 2740 24 14 as
403 2733 79 27 Agent
496 2734 69 26 there,
585 2734 70 27 being

64 2757 70 22 about
144 2761 23 18 to
177 2759 97 26 proceed
283 2762 56 18 next
347 2759 70 28 week,
438 2761 49 26 (per
503 2761 38 21 the

163 2792 23 14 as
197 2793 13 13 a
219 2785 99 22 resident
328 2786 82 22 settler.
441 2789 88 20 Letters
536 2788 121 22 addressed

63 2814 24 18 to
99 2811 37 22 the
148 2819 48 15 care
206 2813 26 21 of
245 2813 91 21 Messrs.
346 2813 128 29 Ridgways,
493 2815 100 28 Guyton,
613 2816 44 22 and

63 2838 69 28 Earp,
144 2839 44 21 will
196 2839 29 22 be
235 2839 131 23 forwarded.

464 2868 62 22 John
541 2869 88 22 Nixon.

92 2892 147 29 Wellington,
251 2893 113 29 February
375 2897 34 26 12,
421 2897 62 20 1841.

64 2947 145 48 LAND
235 2948 259 23 AGENCIES.—
493 2951 41 21 TO
558 2951 100 22 LAND-

143 2974 182 22 HOLDERS.—
325 2975 47 23 The
392 2977 157 28 Undersigned
567 2978 45 28 beg
635 2982 22 19 to

64 3001 56 21 offer
130 3001 134 23 themselves
275 3006 21 18 to
307 3002 56 22 their
372 3003 87 22 friends
469 3005 44 21 and
528 3005 38 22 the
582 3006 76 27 public

63 3035 25 14 as
99 3028 87 26 Agents
195 3029 36 21 for
240 3029 38 21 the
289 3029 93 28 disposal
392 3031 26 21 of
423 3031 71 22 Town
504 3032 45 21 and
557 3032 101 29 Country

63 3055 85 27 Lands,
160 3055 44 23 and
214 3058 58 20 trust
281 3056 58 23 their
348 3057 97 22 colonial
457 3059 134 27 experience
605 3068 53 20 may

64 3082 79 22 entitle
154 3083 60 21 them
224 3086 24 18 to
258 3091 13 14 a
283 3083 63 23 share
358 3085 26 21 of
395 3085 37 22 the
442 3086 75 26 public
526 3090 131 24 patronage.

92 3109 68 28 They
165 3110 45 22 will
219 3110 28 22 be
257 3111 75 27 happy
341 3115 22 18 to
373 3119 95 21 arrange
482 3113 34 22 for
525 3114 46 21 and
581 3122 78 20 super-

61 3137 83 21 intend
154 3137 36 21 the
200 3145 93 20 surveys
300 3138 45 22 and
352 3139 160 23 sub-divisions
520 3141 26 21 of
552 3141 38 22 the
595 3142 62 21 land.

63 3163 93 22 Liberal
165 3164 111 22 advances
286 3165 46 22 will
343 3166 29 21 be
388 3166 66 23 made
464 3175 28 14 on
502 3168 67 22 lands
578 3169 80 29 placed

62 3190 25 22 in
99 3190 57 22 their
165 3191 72 22 hands
245 3192 33 21 for
286 3192 53 22 sale.
367 3193 65 28 They
439 3194 45 22 will
491 3195 47 22 also
546 3196 28 21 be
583 3196 75 28 happy

62 3220 25 19 to
98 3218 65 21 assist
172 3219 136 27 proprietors
317 3220 23 21 in
349 3219 89 29 leasing
448 3221 58 22 their
514 3222 73 23 lands.

320 3253 85 23 JOHN
416 3255 45 23 and
471 3256 72 22 GEO.
553 3257 104 22 WADE.

92 3279 146 28 Wellington,
252 3280 49 22 Oct.
313 3281 19 27 7,
343 3283 61 21 1840.

206 3335 113 21 HOUSE
335 3336 67 21 FOR
418 3338 95 21 SALE.

62 3363 55 47 A
132 3361 138 22 WOODEN
281 3361 143 24 COTTAGE
436 3364 61 23 FOR
506 3366 87 28 SALE,
603 3374 56 15 near

131 3388 83 22 Meech
224 3388 47 22 and
280 3389 139 23 Oxenham's
428 3391 50 28 ship
487 3392 102 28 building
594 3394 63 28 yard,

64 3423 30 14 on
105 3415 37 22 the
153 3415 58 22 river
222 3415 65 22 Hutt.
326 3416 47 22 The
383 3417 104 29 building
504 3419 19 22 is
541 3422 27 20 12
585 3421 30 27 by
632 3422 27 21 20

62 3443 54 26 feet,
128 3442 40 22 has
184 3444 13 20 2
214 3450 75 14 rooms
301 3450 30 14 on
346 3443 39 22 the
402 3446 87 25 ground
504 3446 65 28 flour,
587 3448 46 21 and
645 3450 14 20 2

61 3469 99 28 ■upstairs
167 3478 5 18 ;
187 3469 46 22 and
243 3477 13 14 a
266 3469 61 23 work
340 3470 56 29 shop
414 3471 37 22 the
466 3473 71 22 whole
547 3474 79 28 length
637 3476 26 21 of

62 3497 40 21 the
112 3497 94 26 buiding
214 3497 19 21 is
244 3497 111 22 attached.

91 3531 45 22 For
146 3530 87 23 further
238 3531 132 27 particulars
381 3533 93 27 enquire
482 3534 25 22 of
515 3534 37 22 the
560 3536 89 27 proprie
655 3549 4 4 •

63 3561 44 25 tjr,
118 3561 25 19 at
152 3558 37 22 the
200 3561 95 25 cottage.

487 3587 69 24 Hart
570 3589 61 23 Udy.

92 3612 102 28 January
201 3614 34 26 28,
247 3614 61 21 1841.

62 3669 54 48 A
130 3667 109 22 LARGE
254 3675 80 27 roomy
348 3667 135 23 substantial
499 3669 78 23 Warre
593 3674 23 19 to
631 3672 27 21 be

144 3695 32 22 let
182 3695 31 27 by
222 3695 39 23 the
271 3693 70 28 week,
351 3695 89 27 month,
450 3703 25 14 or
480 3704 61 19 year.
557 3697 44 23 For
608 3706 51 21 par-

62 3723 100 25 ticulars,
182 3722 68 27 apply
268 3725 23 19 to
311 3722 44 22 Mr.
373 3722 36 22 W.
428 3723 31 21 H.
480 3723 135 30 Bottomley,
636 3730 23 18 at

62 3749 38 23 W.
113 3749 28 24 V.
152 3750 97 26 Brewer,
259 3749 61 28 Esq.,
332 3749 201 23 barrister-at-law.

64 3805 69 49 TO
148 3805 39 21 BE
202 3804 87 27 SOLD,
301 3812 26 14 or
337 3804 133 27 exchanged
480 3805 34 21 for
525 3813 80 20 mares,
616 3815 42 14 one

139 3832 45 27 bay
202 3831 73 27 horse,
293 3831 127 22 warranted
439 3831 38 23 the
494 3832 50 22 best
562 3833 97 29 draught

62 3859 68 22 horse
139 3859 24 22 in
173 3859 38 22 the
222 3859 93 27 Colony,
328 3859 45 21 and
383 3866 43 14 one
436 3866 55 21 grey
501 3859 74 23 horse.

89 3894 34 24 To
133 3894 29 21 be
172 3893 54 27 sold,
239 3900 25 14 or
275 3892 134 29 exchanged
417 3893 36 22 for
463 3900 64 21 cows,
536 3895 13 20 5
557 3895 102 28 superior

62 3921 103 28 working
174 3920 111 24 bullocks.
628 3934 5 4 •
665 3922 2 22 I

415 3947 21 23 J.
454 3947 23 23 C.
493 3948 138 24 CRAwroiiD.

676 112 275 49 RBRADFIELD,
978 111 93 23 Saddler
1094 111 46 22 and
1163 111 101 22 Harness

731 151 10 9 •
772 139 86 22 Maker.
888 139 95 26 Repairs
994 139 78 26 neatly
1087 138 66 22 done.
1183 137 82 23 Orders

675 166 103 22 received
788 169 22 19 at
819 165 129 23 Marshall's
958 165 164 22 Coffee-house.

677 219 144 49 NOTICE
844 219 27 22 IS
896 219 109 22 HERBY
1029 219 108 26 GIVEN,
1157 219 48 21 that
1228 218 37 22 the

757 253 85 20 agency
852 246 26 21 of
889 246 29 21 all
929 245 65 22 lands
1004 245 74 22 which
1089 245 10 22 I
1109 245 58 21 have
1178 245 87 22 hereto-

676 273 46 21 fore
728 273 60 27 held,
800 273 17 21 is
825 280 50 14 now
883 272 136 22 transferred
1026 275 23 19 to
1063 272 22 22 J.
1092 271 26 22 T.
1129 271 135 27 Wicksteed,

676 300 53 27 Esq.

1007 325 98 21 Dudley
1121 325 117 21 Sinclair.

703 353 102 27 January
814 352 33 27 27,
859 353 61 21 1841.

768 407 103 20 TOWN
886 405 95 21 ACRE
997 405 70 21 FOR
1082 404 96 21 SALE.

676 439 164 49 NUMBER
854 445 29 14 on
895 438 38 22 the
952 437 242 28 Surveyor-General's
1212 437 55 21 Plan

758 466 26 21 of
803 465 37 22 the
859 468 68 23 town,
946 466 48 21 658.
1024 465 64 21 Price
1108 465 42 20 300
1167 464 100 26 guineas.

704 492 77 28 Apply
791 496 23 18 at
823 492 36 21 the
870 491 104 22 Durham
985 492 76 21 Arms.

676 546 173 21 BUILDING
868 545 238 21 ALLOTMENTS
1131 545 43 19 TO
1193 545 75 19 LET.

678 580 92 22 nnHE
789 578 200 23 ADVERTISER
1004 578 66 21 offers
1085 585 62 19 upon
1163 576 107 28 Building

685 600 30 28 1
725 609 11 10 *■
753 607 88 25 Leases,
853 613 13 13 a
875 605 96 21 number
982 605 26 21 of
1017 604 72 22 Town
1098 600 138 25 Allotments
1245 604 24 21 in

679 633 36 21 the
725 637 60 18 most
795 632 106 22 desirable
911 635 61 24 parts
983 631 26 21 of
1019 631 45 21 this
1074 630 142 22 Settlement.

705 660 48 22 The
772 659 110 22 attention
899 659 26 21 of
942 658 39 21 the
997 658 76 27 public
1091 657 19 21 is
1125 657 145 31 particularly

679 687 71 21 called
770 690 23 18 to
811 686 38 22 the
867 685 126 26 advantage
1012 684 26 21 of
1056 683 108 27 Building
1181 683 87 28 Leases,

678 713 74 22 which
762 713 37 22 the
808 711 152 27 undersigned
969 712 19 20 is
999 710 96 22 enabled
1104 714 23 17 to
1138 713 73 23 grant,
1219 711 50 27 viz.,

678 741 59 21 from
747 747 67 15 seven
824 742 23 18 to
863 741 141 24 twenty-one
1019 745 73 19 years,
1111 737 122 27 according
1247 741 23 18 to

679 767 38 21 the
736 767 65 21 value
819 766 26 22 of
864 765 40 21 the
927 764 114 27 buildings
1063 763 112 29 proposed
1198 767 22 18 to
1242 764 28 22 be

680 793 97 23 erected.

924 818 25 22 F.
964 818 31 21 A.
1011 817 231 22 MOLESWORTH.

785 875 104 21 TOWN
904 874 113 20 ACRES
1033 874 45 20 TO
1092 873 77 25 LET,

680 908 178 51 NUMBERS
873 915 31 14 on
913 907 37 22 the
961 906 243 28 Surveyor-General's
1213 915 57 19 map,

816 936 39 21 199
950 936 42 20 470
1089 934 42 21 288

816 963 40 21 168
951 962 42 20 559
1089 962 43 19 314

816 990 40 21 156
953 989 40 20 196
1089 988 43 20 310

815 1016 41 21 423
951 1016 42 20 306
1089 1014 44 21 424

828 1042 28 21 47
951 1042 42 21 305
1091 1040 41 22 723

815 1070 39 21 561
953 1069 40 21 167
1090 1069 41 20 343

708 1097 55 22 And
773 1103 67 20 many
850 1095 75 22 others
934 1095 24 22 in
969 1094 38 22 the
1016 1097 61 19 most
1090 1094 110 23 desirable
1214 1098 59 24 parts

682 1124 25 22 of
718 1124 38 21 the
767 1127 66 18 town.
861 1122 45 22 For
915 1122 134 27 particulars
1064 1121 68 27 apply
1141 1125 23 18 to

1083 1148 21 22 J.
1117 1148 36 21 W.
1164 1149 81 22 Child.

709 1177 86 27 Petoni,
806 1176 58 22 Nov.
875 1178 35 24 30,
922 1177 62 20 1840.

884 1232 70 19 FOR
969 1231 99 25 SALE,

684 1265 162 51 SEVERAL
864 1265 72 21 Town
953 1265 45 21 and
1014 1265 103 27 Country
1135 1265 102 21 Sections
1252 1265 26 21 of

748 1293 71 22 Land.
848 1292 77 27 Apply
936 1295 22 18 to

1000 1319 96 22 Robert
1106 1318 28 22 R.
1147 1319 98 21 Strang.

786 1375 104 21 TOWN
906 1374 113 21 ACRES
1035 1374 45 20 TO
1094 1374 76 20 LET.

872 1416 31 14 on
913 1407 37 23 the
961 1407 244 28 Surveyor-General's
1215 1414 57 21 map,

681 1428 44 30 .IN
821 1437 40 20 510
972 1436 41 20 263
1124 1435 28 21 98

709 1471 44 22 For
762 1470 129 28 particulars
902 1470 67 27 apply
979 1473 23 18 to
1012 1469 108 27 Wallace,
1132 1469 83 27 White,
1231 1469 44 22 and

681 1498 108 22 Wallace.

708 1525 153 27 Welliington,
873 1524 54 21 Jan.
938 1525 20 25 6,
971 1525 61 20 1841.

885 1580 71 20 FOR
972 1580 98 24 SALE,

683 1615 52 48 A
759 1613 146 23 COUNTRY
938 1613 139 25 SECTION,
1108 1612 59 26 (first
1190 1613 83 26 series,)

749 1641 95 22 number
852 1648 56 19 very
916 1640 50 21 low.
997 1639 64 26 Also,
1070 1639 33 21 for
1115 1639 57 27 Sale,
1182 1647 25 13 or
1217 1642 21 18 to
1247 1640 28 21 be

683 1668 49 26 Let,
744 1672 68 17 water
821 1667 102 26 frontnge
933 1674 55 14 near
998 1667 37 21 the
1048 1666 59 22 head
1125 1667 26 21 of
1166 1667 38 21 the
1220 1667 53 27 Bay,

683 1695 45 22 and
739 1695 103 26 Building
852 1694 69 27 Plots,
940 1693 147 28 overlooking
1103 1693 38 22 the
1158 1693 56 27 Bay,
1233 1694 43 21 and

683 1722 94 22 secured
786 1722 55 21 from
852 1721 38 22 the
901 1724 42 18 two
954 1721 118 22 prevalent
1081 1721 79 21 winds.

710 1750 100 21 Address
822 1748 27 22 G.
860 1748 35 27 T.,
933 1748 94 21 Gazette
1065 1747 80 22 Office.

683 1802 186 49 BUILDING
884 1802 137 21 Allotments
1037 1804 23 19 to
1073 1801 49 27 Let,
1133 1802 23 21 in
1166 1802 50 21 that
1226 1804 50 21 Sec-

747 1830 46 21 tion
803 1828 107 23 bounded
918 1829 31 27 by
957 1828 187 28 Taranaki-place
1154 1829 44 22 and
1205 1830 70 21 Cuba-

683 1860 75 18 street.
788 1856 75 28 Apply
880 1860 23 17 to
920 1856 64 21 John
1002 1856 74 26 Yule,
1094 1856 82 21 Petoni
1185 1864 5 20 ;
1213 1864 24 14 or
1253 1860 22 19 to

683 1884 138 21 Archibald
832 1884 135 26 Anderson,
978 1882 147 28 Wellington.

710 1910 127 23 December
845 1911 33 26 17,
890 1911 61 21 1840.

685 1966 67 29 rpO
768 1966 37 21 BE
821 1964 64 27 LET,
903 1972 29 13 on
943 1964 108 27 Building
1061 1965 89 24 Leases,
1168 1965 23 21 in
1211 1966 74 21 allot-,

692 1986 133 32 dbfStnents,
837 1991 69 20 Town
917 1992 78 24 Acres,
1005 1991 109 25 N05.480,
1125 1992 49 24 373,
1185 1992 34 24 78,
1227 1993 46 23 676,

684 2018 45 26 anjd
739 2018 47 22 677.
824 2017 44 21 For
877 2016 139 27 particulars,
1028 2016 67 28 apply
1105 2020 24 18 to
1139 2016 39 23 the
1187 2017 86 22 Under-

683 2045 86 27 signed,
790 2052 24 15 or
826 2047 22 18 to
861 2044 91 21 Messrs.
969 2044 61 21 John
1041 2044 46 21 and
1097 2044 89 27 George
1198 2044 75 28 Wade,

684 2076 23 18 at
716 2072 75 23 whose
802 2071 70 22 Office
883 2071 37 22 the
932 2071 68 22 Plans
1011 2071 29 21 lie
1051 2071 35 21 for
1094 2071 134 27 inspection.

1033 2098 22 21 J.
1072 2098 24 21 C.
1113 2098 135 22 Crawford.

685 2154 91 33 nplIE
799 2153 158 26 Undersigned
974 2153 59 22 have
1052 2153 70 22 Town
1142 2154 72 22 Acres
1233 2154 44 22 and

692 2175 28 27 JL
760 2181 97 27 portions
878 2180 27 21 of
922 2187 62 15 acres
1002 2183 21 18 to
1040 2180 32 22 let
1085 2181 23 21 in
1129 2180 30 22 all
1176 2184 60 25 parts
1255 2182 25 20 of

683 2208 147 28 Wellington.
844 2208 48 21 The
903 2211 68 18 terms
978 2207 44 22 will
1027 2208 29 21 be
1063 2208 69 27 given
1139 2216 60 20 upon
1208 2208 69 28 appli-

685 2236 83 21 cation.

896 2262 132 21 HANSON
1038 2262 47 21 and
1094 2262 155 22 ALZDORF.

711 2289 87 28 Petoni,
810 2289 60 27 Sept.
882 2290 33 26 29,
929 2290 60 20 1840.

674 2345 258 22 -WELLINGTON,
951 2345 141 25 PETONI,
1111 2345 77 20 AND
1208 2345 69 21 THE

861 2371 115 21 RIVER
996 2371 105 20 HUTT.

717 2408 74 29 agfe.
815 2403 18 21 A
859 2403 223 22 FAST-SAILING
1099 2404 26 21 10
1139 2406 39 19 ton
1194 2403 85 23 decked

699 2425 149 40 JSgjjg^-ZjL
876 2430 55 21 boat
948 2430 44 21 will
1012 2430 39 27 ply
1071 2430 61 27 daily
1157 2431 121 27 (Saturday

685 2452 158 29 ejjfcSSssand
852 2457 93 27 Sunday
956 2457 122 27 excepted)'
1096 2458 105 22 between
1218 2458 61 22 Wel-

683 2483 96 27 lington,
793 2484 85 25 Petoni,
890 2484 46 21 and
947 2484 38 21 the
995 2484 70 22 River
1075 2484 67 23 Hutt.

696 2538 5 4 _
712 2510 140 29 Passengers,
863 2513 33 19 2s.
926 2512 44 21 For
988 2512 83 25 freight
1087 2512 46 21 and
1150 2512 64 22 other
1229 2521 52 19 par-

685 2538 99 27 ticulars,
795 2538 66 28 apply
871 2542 23 17 to
903 2538 108 27 Wallace,
1019 2533 84 32 White,
1115 2539 45 22 and
1171 2540 106 28 Wallace,

685 2565 152 28 Wellington;
858 2573 25 14 or
899 2569 23 18 to
934 2566 22 22 J.
967 2566 81 28 Watts,
1060 2566 219 30 Wellington-hotel,

686 2592 88 22 Petoni.

835 2648 69 21 FOR
920 2649 207 25 AUCKLAND,

686 2682 81 27 (River
779 2682 113 25 Thames,)
913 2682 70 27 being
998 2682 73 22 under
1089 2687 151 24 engagement
1256 2687 23 20 to

768 2716 86 21 convey
863 2710 50 21 Her
922 2709 118 28 Majesty's
1047 2710 94 28 Troops,
1154 2711 45 22 and

903 2744 153 20 SYDNEY.

720 2779 71 24 *£S>
800 2776 91 22 nnHE
909 2776 44 21 fine
971 2777 137 27 fast-sailing
1124 2778 79 22 armed
1222 2778 56 28 ship,

700 2799 95 37 Jggm
807 2807 30 18 J-
874 2803 182 28 CHELYDRA,
1072 2806 42 20 400
1131 2808 58 23 tons,
1206 2806 74 23 David

687 2827 193 30 nSlSSsgSmale,
892 2831 153 27 commander,
1057 2831 46 22 will
1111 2832 44 22 sail
1167 2840 29 14 on
1207 2833 75 23 Satur-

686 2855 51 26 day,
749 2855 37 21 the
800 2857 51 22 13th
861 2857 93 22 instant.

713 2883 49 22 Has
772 2884 105 22 first-rate
887 2884 197 23 accommodation
1096 2886 36 21 for
1141 2895 139 20 passengers.

685 2909 136 24 Immediate
831 2911 136 27 application
984 2915 23 19 to
1021 2912 30 22 be
1066 2913 67 22 made
1150 2918 22 17 to
1188 2915 94 28 Captain

686 2937 83 28 Smale,
781 2946 28 14 on
819 2938 77 28 board,
910 2946 24 15 or
944 2942 21 19 to

1002 2966 102 23 Waters
1115 2968 45 22 and
1171 2969 81 22 Smith.

713 2991 146 29 Wellington,
871 2992 54 23 Feb.
936 2995 19 25 9,
972 2995 62 20 1841.

704 3046 69 21 FOR
798 3046 197 22 AUCKLAND
1018 3050 77 21 AND
1121 3051 76 21 BAY
1221 3052 42 20 OF

906 3075 158 22 ISLANDS.

685 3107 34 21 To
736 3107 74 22 follow
827 3106 37 22 the
1070 3110 45 22 and
1131 3111 45 22 will
1193 3112 28 21 be
1238 3112 44 23 dis-

843 3135 98 26 patched
951 3136 23 21 in
986 3144 13 14 a
1009 3136 117 29 fortnight.

719 3167 126 32 fi§^-T
858 3166 54 22 HIJE
948 3168 145 28 remarkably
1124 3170 45 22 fast
1202 3172 80 27 sailing
1286 3170 3 14 6

809 3191 29 24 JL
858 3194 111 22 schooner
974 3195 190 29 ELIZABETH,
1172 3199 110 27 coppered

688 3218 158 25 «aS3=2fc»and
857 3228 82 20 copper
951 3222 110 28 fastened,
1078 3224 64 27 Capt.
1154 3225 33 21 W.
1202 3226 79 27 Styles.

714 3246 50 21 Has
774 3248 99 27 superior
883 3250 208 22 accommodations
1104 3252 36 21 for
1155 3253 65 21 cabin
1238 3254 44 22 and

687 3274 100 26 steerage
806 3282 139 20 passengers.
986 3277 77 28 Apply
1077 3281 22 19 to
1115 3279 64 28 Capt.
1200 3280 80 27 Styles,

687 3306 29 15 on
726 3300 71 23 board
804 3310 5 19 ;
830 3302 77 23 David
918 3303 69 28 Scott,
1004 3304 53 28 Esq.
1067 3313 5 19 ;
1096 3312 26 15 or

713 3354 31 7 ,_
757 3354 24 7 .
1006 3332 102 22 Waters
1118 3333 46 22 and
1172 3334 82 23 Smith.

713 3354 147 30 Wellington,
871 3357 56 22 Feb.
938 3359 20 26 2,
971 3359 61 21 1841.

762 3411 69 21 FOR
846 3412 208 23 WANGANUI
1069 3415 141 23 DIRECT,

720 3452 75 29 jgg.
803 3445 93 23 HHHE
906 3449 73 19 cutter
996 3447 173 30 HARRIETT,
1185 3451 97 24 burthen

703 3473 95 36 ,jgSD^
809 3471 30 22 X
875 3474 29 21 50
933 3477 57 24 tons,
1022 3475 136 29 M'Donald,
1191 3483 90 24 master,

689 3499 197 29 «555s§&haying
896 3500 38 22 the
943 3504 89 24 greater
1048 3506 51 29 part
1116 3504 26 21 of
1160 3504 40 23 her
1217 3513 65 21 cargo

688 3528 109 27 engaged,
807 3526 45 23 will
861 3527 29 22 be
901 3527 137 28 despatched
1047 3537 24 14 m
1082 3537 13 15 a
1101 3530 44 23 few
1158 3531 63 28 days.

715 3554 45 23 For
769 3553 82 29 freight
861 3562 26 14 or
904 3560 100 23 passage,
1016 3557 69 27 apply
1094 3560 23 19 to
1127 3558 77 23 David
1214 3561 68 22 Scott.

688 3581 62 29 Esq.,
762 3589 26 15 or
797 3586 22 18 to

1003 3610 102 24 Waters
1117 3612 45 22 and
1172 3613 82 24 Smith.

713 3635 146 29 Wellington,
871 3636 54 22 Feb.
937 3638 34 26 12,
988 3639 61 21 1841.

860 3691 70 21 FOR
954 3691 154 27 SYDNEY,

687 3723 35 28 By
730 3731 51 20 way
791 3723 25 23 of
827 3723 37 23 the
875 3724 55 22 East
941 3725 73 27 Coast,
1030 3725 46 22 and
1089 3727 49 27 Bay
1148 3728 27 21 of
1185 3728 97 25 Islands.

721 3776 13 15 A
735 3766 58 25 £T3p^
802 3758 92 33 npHE
928 3759 46 21 fine
1009 3759 45 21 fast
1084 3761 82 27 sailing
1198 3762 84 29 barque

702 3804 4 15 !
706 3787 91 26 j£££&
809 3783 30 24 JL
875 3785 110 28 REGIA,
996 3787 41 21 200
1047 3789 58 25 tons,
1118 3788 100 24 Thomas
1224 3791 58 27 Kyle

688 3810 266 29 ejgssggjcornmander,
975 3813 46 21 will
1038 3814 42 21 sail
1099 3815 36 21 for
1155 3815 36 23 the
1212 3818 70 22 above

687 3846 61 22 ports
755 3848 24 14 in
791 3839 29 23 all
830 3843 55 18 next
894 3840 70 22 week.
994 3840 44 22 For
1054 3841 84 27 freight
1156 3850 25 15 or
1188 3851 94 21 passage

688 3868 94 27 (having
796 3874 53 25 very
865 3867 102 27 superior
979 3869 218 29 accommodations)
1216 3873 66 27 apply

687 3899 22 18 to
720 3895 38 22 the
769 3895 93 28 Captain
871 3901 30 14 on
911 3894 71 22 board
992 3902 25 14 or

915 3921 64 23 John
995 3922 45 22 and
1059 3923 98 24 George
1172 3925 81 24 Wade.

713 3949 146 28 Wellington,
871 3948 116 29 February
995 3950 21 27 5,
1025 3951 62 21 1841.
