2559 4039
89 132 33 24 At
134 131 39 23 the
184 133 92 28 present
286 131 101 20 moment
405 125 39 24 the
463 125 57 24 JS'ew
540 123 106 25 Zealand

58 165 95 23 Gazette
164 162 46 24 and
223 160 138 31 Wellington
372 159 125 31 Spectator
513 160 21 21 is
543 158 39 23 the
590 157 54 30 only

33 193 12 17 f
55 203 133 24 newspaper
198 196 25 22 in
231 194 63 23 these
306 193 101 24 Islands-.
426 191 44 24 We
478 192 114 23 therefore
600 190 45 30 beg

56 235 24 19 to
99 229 85 23 inform
207 227 116 24 Colonists
342 221 112 27 resident'
461 229 24 19 at
503 224 38 24 the
553 224 51 29 Bay
623 222 25 23 of

56 262 100 28 Islands,
180 259 133 29 Auckland,
338 259 44 22 and
395 258 64 23 other
470 262 62 26 parts
546 257 26 23 of
586 255 59 24 New

56 294 109 29 Zealand,
179 294 49 22 that
238 296 39 19 we'
284 292 59 24 shall
353 292 29 22 be
388 291 78 31 happy
473 295 23 19 to
503 290 73 24 afford
582 289 63 23 them

57 338 13 15 a
82 328 99 23 medium
194 327 25 22 of
233 325 194 30 communicating
444 324 55 23 with
517 324 40 23 the
567 321 78 33 public

56 360 99 31 through
166 360 46 22 this
221 358 101 32 journal.

103 404 50 24 The
383 402 98 31 Captain
503 398 141 30 Kettlewell,

59 437 71 24 sailed
141 444 30 16 on
183 435 105 31 Monday
304 436 55 27 last,
378 435 36 23 for
433 433 126 25 Taranaki.
598 432 47 23 She

57 471 46 24 had
114 478 29 15 on
160 469 71 23 board
250 469 70 23 about
338 469 32 23 60
388 475 104 24 persons,
511 467 46 23 and
574 473 12 15 a
602 465 44 23 full

57 511 65 24 cargo
135 502 26 24 of
174 502 93 28 houses,
287 502 44 23 &c.
372 501 52 24 The
436 500 126 31 Plymouth
574 499 70 23 Com-

47 537 90 31 'pany's
161 535 131 31 Surveying
315 535 63 23 Staff
402 534 47 24 and
470 534 99 22 families
585 539 60 16 were

57 577 82 23 among
161 568 39 24 the
223 575 146 24 passengers.
412 567 48 24 Mr.
482 567 98 27 Barrett,
600 565 45 23 and

56 603 86 30 family,
163 602 48 24 also
231 601 162 31 accompanied
411 600 39 24 the
469 600 131 31 expedition
619 606 26 15 as

57 635 138 32 Company's
219 634 149 31 Interpreter.
412 634 48 23 Mr.
480 633 94 23 Barrett
587 640 57 22 pur-

57 677 67 24 poses
137 668 134 30 continuing
284 672 23 19 at
319 666 126 30 Taranaki,
460 671 23 19 to
498 666 75 24 which
583 665 29 23 he
623 665 21 23 is

56 702 68 25 much
139 701 113 29 attached,
271 699 162 32 fronfhaving
449 699 130 33 previously
590 698 56 31 long

56 735 90 25 resided
169 735 73 23 there.
291 734 39 24 He
353 734 42 23 has
419 734 72 23 taken
513 733 31 23 all
567 731 78 31 things

55 776 122 24 necessary
194 772 24 19 to
237 768 27 23 fit
282 771 40 20 out
344 775 31 16 an
392 767 71 29 hotel,
487 767 45 23 and
551 775 13 14 a
580 765 67 31 large

56 802 99 31 whaling
166 806 76 27 party.
278 801 73 23 From
367 801 60 23 what
438 809 33 15 we
489 800 57 24 have
565 798 79 30 heard,

55 836 20 23 it
85 836 21 23 is
116 835 74 31 likely
198 838 25 20 to
238 842 70 24 prove
327 842 30 15 an
375 833 148 31 exceedingly
541 831 104 25 valuable

55 868 101 32 whaling
179 869 91 22 station.
319 868 95 24 Several
435 867 131 32 gentlemen
586 866 59 23 have

54 901 72 24 taken
137 902 40 23 the
190 902 146 31 opportunity
344 901 102 24 afforded
451 901 31 31 by
489 900 39 24 the-

54 935 97 24 ham's"
175 936 70 30 going
275 939 23 19 to
324 934 126 29 Taranaki,
470 939 24 17 to
518 934 55 22 visit
598 932 46 23 and

57 969 104 23 examine
186 967 38 24 the
261 968 154 29 surrounding
437 970 104 27 country.
594 965 51 24 The

236 1004 62 19 must
308 1000 59 23 have
378 1000 45 23 had
435 1008 14 15 a
459 1000 63 29 large
541 999 107 30 quantity

58 1035 26 24 of
106 1037 108 29 property
233 1040 30 16 on
284 1032 79 30 board,
384 1041 26 15 as
429 1033 42 23 she
490 1031 112 32 appeared
620 1038 25 15 as

58 1069 55 30 deep
131 1068 26 22 in
175 1066 39 24 the
231 1070 70 19 water
320 1073 26 16 as
364 1066 88 23 vessels
470 1063 119 33 generally
608 1071 37 15 are

57 1103 58 22 from
127 1109 13 15 a
151 1100 90 30 foreign
251 1106 95 24 voyage.
389 1099 68 23 With
468 1099 61 30 sixty
541 1104 103 25 persons,

60 1134 117 25 Taranaki
194 1141 54 22 may
269 1132 29 23 be
321 1132 135 24 considered
474 1139 24 16 as
518 1129 126 25 colonized.

59 1169 30 23 In
99 1171 42 20 two
154 1174 26 16 or
197 1166 64 24 three
279 1165 93 24 months
391 1165 64 24 there
472 1165 48 23 will
539 1165 29 23 be
585 1163 60 23 from

58 1202 63 23 three
132 1205 24 19 to
167 1200 45 23 five
221 1198 104 25 hundred
336 1206 96 24 persons
445 1198 72 23 there.

96 1234 67 23 After
181 1233 39 23 the
443 1231 42 23 has
503 1230 83 24 landed
604 1230 41 23 her

60 1275 72 23 cargo,
154 1266 40 24 she
212 1266 47 23 will
276 1266 97 31 proceed
391 1270 23 18 to
437 1265 39 23 the
499 1263 80 25 Sound
602 1263 45 23 and

60 1300 89 31 Cloudy
160 1300 57 30 Bay,
231 1299 45 24 and
286 1299 52 23 load
348 1299 37 23 for
396 1298 99 24 London
503 1306 13 15 a
524 1297 43 24 full
578 1304 67 23 cargo
654 1308 3 4 -

60 1335 24 23 of
106 1334 59 23 bone
182 1333 44 24 and
245 1333 37 28 oil,
305 1332 38 24 the
361 1336 110 28 property
493 1332 25 23 of
545 1329 99 25 Messrs.

34 1380 10 5 -
59 1367 91 24 Waters
162 1367 45 23 and
218 1366 85 29 Smith,
322 1365 25 23 of
369 1365 58 24 Port
445 1365 127 24 Nicholson
579 1373 7 19 ;
612 1370 34 16 we

61 1402 83 23 believe
155 1400 78 23 before
246 1400 97 30 starting
353 1407 30 16 on
393 1398 42 24 her
446 1406 95 24 voyage,
551 1398 41 23 she
599 1397 47 23 will

61 1442 62 16 come
134 1435 25 22 in
170 1433 35 23 for
216 1433 80 23 letters
315 1432 45 24 and
378 1440 84 23 papers
480 1431 35 24 for
527 1430 117 31 England.

92 1484 104 24 Another
218 1484 75 29 letter,
306 1484 59 23 from
377 1484 47 23 Mr.
438 1483 86 29 Shand,
543 1482 104 24 received

60 1526 61 16 some
133 1517 76 24 weeks
221 1518 71 28 since,
306 1525 94 23 appears
422 1517 25 23 in
459 1517 100 30 to-day's
566 1523 79 23 paper.

59 1551 44 23 We
114 1551 58 23 have
183 1550 46 24 had
240 1559 14 15 a
264 1550 87 24 further
360 1551 197 27 communication,
569 1549 42 23 but

61 1589 40 19 not
110 1583 93 32 publish
214 1584 25 28 it,
253 1591 24 15 as
289 1591 33 16 we
336 1583 68 24 think
422 1591 34 16 we
475 1583 57 24 have
545 1582 108 29 afforded,

59 1619 47 22 him
118 1626 13 14 a
144 1625 53 22 very
209 1618 43 22 fair
270 1618 66 22 share
355 1618 26 22 of
396 1624 75 23 space,
490 1618 25 22 in
533 1616 74 24 which
623 1620 23 18 to

63 1651 160 24 communicate
234 1650 37 23 his
282 1651 133 30 grievances
426 1655 25 18 to
463 1650 38 23 the
512 1649 86 33 public.

94 1684 47 24 Mr.
152 1684 86 29 Shand,
247 1684 66 23 while
325 1684 137 31 pretending
470 1683 49 24 that
524 1684 29 22 he
562 1682 38 24 did
607 1687 40 19 not

62 1718 81 30 charge
154 1717 65 24 those
231 1717 50 23 who
292 1725 59 15 were
364 1722 93 26 present
468 1721 23 19 at
508 1718 40 22 the
564 1715 84 24 second

62 1751 62 30 day's
136 1751 109 23 selection
256 1751 55 23 with
323 1751 70 30 being
405 1751 114 23 animated
530 1751 30 30 by
572 1757 14 15 a
592 1758 55 15 con-

62 1785 115 31 temptible
188 1785 91 27 motive,
292 1785 35 22 for
339 1784 75 23 which
424 1792 35 15 we
470 1783 102 24 rebuked
590 1783 56 29 him,

61 1818 115 23 furnishes
186 1818 96 22 another
293 1818 117 31 specimen
421 1818 26 22 of
461 1817 35 23 his
516 1816 93 32 opinion
626 1816 25 24 of

61 1851 35 24 his
106 1851 75 23 fellow
193 1859 60 20 men,
277 1851 118 23 doubtless
407 1851 91 23 derived
508 1851 59 23 from
579 1858 13 14 a
605 1850 43 23 due

61 1885 153 23 examination
222 1884 25 23 of
256 1884 36 23 his
304 1892 49 15 own
360 1885 85 23 breast.
482 1884 110 28 Because,
601 1883 47 23 for-

63 1917 71 29 sooth,
148 1917 38 24 the
200 1917 231 31 Surveyor-General
442 1917 45 23 will
503 1922 42 18 not
553 1917 52 31 give
617 1924 30 23 up

59 1958 14 16 a
84 1951 108 23 selection
204 1952 29 22 he
256 1951 42 23 has
322 1951 74 28 made,
422 1958 43 16 one
489 1951 54 30 only
565 1957 82 15 reason

61 1984 122 30 suggested
206 1984 64 22 itself
286 1989 22 16 to
329 1984 39 21 the
386 1984 75 21 fertile
484 1984 64 21 mind
567 1983 25 21 of
608 1990 49 14 our.

61 2015 183 31 correspondent.
281 2015 39 23 He
332 2019 83 19 cannot
426 2023 98 22 suppose
535 2014 50 24 that
593 2021 56 23 pos-

61 2048 58 31 sibly
132 2049 67 30 Capt.
214 2047 75 25 Smith
306 2049 75 30 might
398 2049 58 23 have
476 2047 133 25 considered
625 2048 23 22 in

61 2082 95 31 making
167 2082 38 23 the
217 2081 107 31 required
334 2082 125 31 exchange,
471 2081 29 24 he
511 2080 73 25 would
591 2082 58 22 have

63 2115 56 23 been
139 2115 114 31 supposed
274 2120 23 18 to
315 2115 58 23 have
391 2115 60 23 been
468 2124 14 14 a
499 2119 66 27 party
578 2119 22 18 to
611 2114 37 23 his
656 2124 2 24 j

63 2156 49 15 own
123 2148 173 24 condemnation
305 2157 6 21 ;
331 2148 45 24 and
393 2156 33 15 we
445 2149 87 30 greatly
551 2148 70 23 doubt
632 2148 19 22 if

63 2190 43 21 any
118 2182 64 23 other
193 2190 83 22 person
287 2183 25 22 in
324 2181 38 24 the
373 2181 65 32 place
446 2181 74 24 would
528 2182 56 23 have
590 2181 59 23 been

62 2223 60 15 more
134 2215 70 31 ready
215 2215 55 24 than
282 2223 42 16 our
341 2223 113 23 generous
473 2214 176 32 correspondent

61 2253 24 18 to
103 2248 57 24 have
179 2249 76 23 drawn
279 2249 57 23 such
354 2257 29 15 an
400 2249 121 28 inference,
547 2248 45 24 had
610 2248 39 23 the

64 2282 228 31 Surveyor-General
312 2282 112 31 complied
437 2282 53 24 with
508 2282 38 24 the
560 2281 89 24 modest

64 2320 97 26 request.

97 2348 42 24 We
151 2348 38 24 did
200 2353 40 19 not
252 2348 117 32 challenge
382 2348 48 25 Mr.
445 2349 79 24 Shand
536 2353 22 20 to
569 2348 40 23 tell
621 2356 27 15 us

64 2381 55 29 who,
132 2383 57 22 after
207 2383 38 23 the
263 2383 109 23 selection
389 2382 46 24 had
449 2382 142 29 terminated,
604 2381 45 24 had

63 2414 85 25 formed
166 2415 38 24 the
223 2416 93 30 opinion
334 2416 50 23 that
395 2416 38 23 the
449 2416 137 31 proceeding
603 2423 46 15 was

63 2448 111 24 informal.
210 2449 62 24 That
289 2457 46 15 was
347 2454 40 19 not
400 2449 38 24 the
451 2451 111 29 question.
599 2449 48 23 Mr.

64 2482 77 23 Shand
153 2482 45 23 had
209 2482 103 24 declared
325 2482 48 25 that
384 2484 88 23 several
489 2490 95 24 persons
595 2491 54 22 pre-

64 2520 49 18 sent
123 2516 117 31 protested
250 2517 89 30 against
351 2517 39 23 the
408 2517 149 31 proceedings
569 2516 26 23 of
610 2516 39 23 the

63 2548 50 31 day.
150 2549 59 24 This
224 2557 33 16 we
270 2550 87 29 denied,
371 2550 43 23 and
433 2558 49 15 now
496 2559 33 15 we
541 2557 37 17 are
596 2557 53 24 pre-

64 2583 79 23 sented
153 2583 55 23 with
220 2591 29 15 an
267 2584 92 30 opinion
378 2583 88 24 formed
483 2585 71 22 since.
591 2583 58 23 This

64 2615 19 22 is
102 2616 61 31 truly
173 2616 100 31 begging
291 2617 38 23 the
349 2618 114 30 question.
499 2618 51 24 Our
561 2624 88 16 corres-

63 2648 106 31 pondent,
193 2649 42 24 has
257 2650 83 30 gained
363 2651 98 31 nothing
477 2651 31 31 by
531 2651 119 30 accepting

63 2689 40 15 our
122 2682 116 32 challenge
274 2684 87 30 though
386 2684 117 24 doubtless
527 2685 36 23 his
585 2684 65 30 reply

64 2715 45 23 will
142 2716 28 23 be
201 2717 93 23 deemed
328 2725 54 23 very
412 2718 137 30 ingenuous.
605 2717 45 23 We

63 2755 57 16 were
139 2754 39 19 not
195 2757 14 16 a
226 2750 58 24 little
304 2750 116 32 surprised
443 2755 23 19 at
484 2751 50 24 Mr.
551 2750 100 24 Shand's

64 2782 85 31 stating
160 2783 49 23 that
225 2783 43 24 Dr.
283 2784 80 23 Evans
381 2784 45 23 had
445 2784 121 28 dissented,
580 2792 25 15 as
618 2792 33 15 we

63 2814 78 25 talked
157 2816 54 24 with
228 2817 56 29 him,
298 2821 23 20 at
338 2818 40 23 the
397 2818 114 30 Surveyor
531 2817 120 24 General's

64 2848 81 29 Office,
165 2849 70 24 about
245 2850 38 24 the
296 2851 57 23 hour
365 2851 26 23 of
400 2851 145 31 adjourning.
592 2850 59 24 Two

63 2882 26 22 of
101 2882 39 23 the
153 2882 64 24 other
236 2884 131 30 gentlemen
387 2884 84 23 named
486 2882 107 25 attended
613 2883 38 24 the

63 2915 84 23 second
170 2915 43 32 day
223 2925 5 19 ;
258 2924 43 15 nor
325 2916 39 24 did
388 2916 56 31 they
469 2921 61 19 utter
553 2924 12 15 a
588 2916 64 23 word

61 2948 75 24 which
155 2948 67 24 could
240 2953 94 27 suggest
354 2949 57 24 such
422 2958 30 15 an
463 2950 50 23 idea
530 2949 49 24 that
596 2948 55 32 they

63 2988 57 16 were
151 2981 146 30 dissatisfied,
333 2983 52 28 and,
423 2982 149 31 consistently
597 2983 55 23 with

62 3014 59 23 their
134 3015 97 24 conduct
242 3023 29 15 on
282 3016 50 23 that
343 3016 51 31 day,
407 3016 54 31 they
470 3016 57 24 have
534 3016 118 24 abstained

62 3047 58 24 from
133 3049 93 31 signing
237 3048 38 24 the
288 3053 95 28 protest.
420 3049 108 30 Further,
547 3057 34 16 we
598 3058 54 23 may

63 3088 47 23 say,
123 3082 50 23 that
183 3090 43 15 one
237 3082 26 23 of
272 3082 38 25 the
325 3083 132 31 gentlemen
469 3084 74 23 stated
555 3087 21 20 to
593 3083 58 24 have

61 3113 122 31 dissented,
195 3123 56 23 gave
263 3124 28 16 us
303 3124 14 16 a
323 3117 35 23 far
366 3117 106 23 different
482 3124 83 17 re:ison
574 3126 6 20 ;
601 3117 49 30 but,

64 3154 25 16 as
101 3148 18 22 it
129 3155 47 16 was
187 3149 25 23 in
224 3157 13 15 a
249 3157 93 23 cursory
355 3151 163 29 conversation,
527 3158 33 16 we
572 3150 28 24 do
612 3156 40 19 not

63 3179 44 24 feel
118 3185 25 19 at
151 3182 84 31 liberty
245 3186 25 19 to
280 3191 42 15 use
334 3183 37 24 his
383 3185 144 30 expressions
539 3192 25 16 or
576 3192 74 22 name,

64 3220 26 15 as
101 3221 33 16 we
146 3216 103 23 consider
261 3216 57 23 such
329 3224 15 16 a
353 3217 138 31 proceeding
502 3226 14 15 a
533 3217 85 24 breach
630 3218 24 23 of

64 3247 138 25 confidence.
238 3248 74 30 Here,
331 3253 46 26 too,
407 3258 35 16 xue
456 3255 62 19 must
530 3251 28 24 do
575 3259 76 15 some-

64 3279 66 31 thing
140 3281 25 23 in
175 3281 39 24 the
224 3283 129 31 protesting
371 3283 53 29 line,
528 3286 21 22 is
569 3289 24 19 to
612 3284 39 24 de-

66 3312 58 24 clare
136 3314 49 23 that
197 3315 30 23 all
240 3316 129 24 confidence
386 3316 49 24 will
451 3317 28 23 be
494 3317 127 32 destroyed,
634 3319 20 23 if

64 3347 197 29 unpremeditated
268 3350 169 23 conversations
445 3358 36 16 are
490 3355 22 20 to
517 3352 29 23 be
551 3350 101 32 brought

64 3378 61 24 forth
136 3388 26 15 as
172 3381 73 30 proof.
282 3382 31 24 In
324 3382 46 24 this
382 3391 49 23 way
449 3391 32 16 we
496 3393 39 15 are
552 3383 100 33 charged

65 3411 55 23 with
139 3413 120 32 admitting
276 3415 39 24 the
332 3416 147 32 informality.
515 3418 66 29 Now,
597 3419 19 22 it
632 3418 20 23 is

67 3444 91 24 evident
167 3446 50 24 that
228 3455 32 15 we
271 3456 39 16 are
322 3449 109 32 expected
449 3455 22 18 to
484 3450 67 24 listen
571 3455 22 19 tc
614 3451 38 24 the

67 3477 69 23 views
148 3478 25 23 of
182 3487 14 15 a
206 3484 64 26 great
279 3489 69 23 many
355 3490 104 24 persons,
468 3484 51 30 and,
529 3483 24 24 of
562 3491 89 23 course,

68 3514 82 19 cannot
162 3510 82 32 always
254 3513 28 23 be
294 3516 111 29 prepared
415 3520 24 20 to
456 3517 50 30 give
520 3526 28 15 an
560 3518 92 31 opinion

68 3550 30 15 on
119 3543 40 23 the
176 3550 108 25 moment,
307 3550 22 20 to
352 3548 74 24 which
444 3557 31 16 we
493 3550 75 24 would
586 3552 66 23 stand

66 3575 104 31 pledged.
208 3576 50 24 Our
270 3580 90 29 opinion
371 3582 20 22 is
402 3582 50 24 that
458 3583 74 24 which
539 3590 32 18 we
578 3585 72 29 write,

67 3616 25 15 or
104 3613 59 19 state
175 3617 29 15 on
216 3618 14 14 a
247 3611 76 30 public
341 3615 103 23 occasion
477 3617 45 23 and
537 3621 39 19 not
591 3617 61 24 what

66 3649 53 23 may
130 3643 30 23 be
170 3643 110 29 gathered
291 3644 58 24 from
353 3653 21 16 'a
383 3646 51 23 -few
451 3651 95 30 passing
557 3657 94 24 expres-

66 3675 71 24 sions.
174 3676 100 31 Though
286 3677 97 24 Messrs.
398 3679 122 33 Catchpool
532 3683 45 23 and
588 3684 63 30 Boy-

67 3712 41 19 ton
125 3716 53 23 may
197 3709 57 23 have
276 3710 115 30 imagined
412 3720 28 15 us
459 3717 21 19 to
501 3716 70 23 admit
593 3716 59 24 their

66 3741 129 30 grievance,
214 3742 57 24 such
287 3750 45 16 was
351 3748 41 19 not
410 3752 41 16 our
468 3754 104 24 purpose.
609 3749 43 24 We

66 3773 69 24 think
158 3775 38 23 the
217 3776 52 23 first
287 3777 87 23 dissent
391 3785 33 16 we
442 3778 71 25 heard
530 3788 45 16 was
593 3782 59 24 from

66 3806 65 24 those
150 3809 137 30 gentlemen,
299 3810 45 23 and
365 3817 58 16 were
443 3813 78 23 struck
539 3814 30 29 by
582 3815 25 28 it,
627 3823 26 16 as

66 3841 103 30 possibly
179 3841 70 31 being
261 3847 86 18 correct
355 3852 6 19 ;
380 3843 43 23 but
435 3852 31 15 we
478 3844 38 24 did
527 3850 39 19 not
575 3848 79 23 intend

68 3872 62 25 them
149 3878 22 19 to
190 3875 138 24 understand
346 3876 51 23 that
406 3884 34 16 we
458 3885 55 23 gave
525 3879 23 23 in
560 3887 40 16 our
613 3881 40 23 ad-

66 3906 80 24 hesion
162 3910 25 21 ,to
206 3907 58 24 their
277 3909 99 30 opinion.
413 3910 25 23 It
456 3911 19 22 is
494 3920 40 15 our
546 3919 106 25 purpose,

65 3947 31 16 on
107 3938 57 25 suoli
175 3942 123 29 occasions,
308 3946 22 20 to
341 3942 54 24 hear
402 3944 61 24 what
473 3952 42 16 can
527 3945 27 23 be
567 3947 84 28 stated,

672 125 52 28 and,
737 125 140 29 afterwards,
889 130 23 18 to
930 125 85 29 decide,
1029 134 25 15 as
1066 127 51 22 well
1130 135 25 14 as
1167 134 33 16 we
1213 134 52 22 can,

672 165 62 23 upon
753 158 38 22 the
809 159 79 22 merits
901 159 26 23 of
943 159 37 23 the
992 163 92 19 matter.
1120 160 46 23 We
1184 160 40 22 did
1242 167 25 16 so

672 198 31 15 on
713 190 50 24 that
776 192 111 28 occasion,
901 191 46 23 and
964 192 39 23 the
1022 192 74 23 result
1114 193 26 22 of
1155 200 42 15 our
1210 200 56 15 con-

673 222 124 25 sideration
807 232 54 20 was,
877 233 25 15 as
922 224 92 31 already
1033 225 124 30 expressed
1178 226 24 22 in
1220 225 47 23 this

669 256 100 31 journal,
790 257 75 23 which
882 266 34 14 we
935 257 58 24 have
1011 257 71 24 found
1101 266 30 15 no
1150 266 82 15 reason
1245 262 22 19 to

673 289 112 29 abandon,
798 290 88 30 though
898 290 134 24 threatened
1042 290 57 24 with
1112 291 69 30 being
1200 299 66 15 over-

672 322 153 31 whelmed-by
838 323 48 24 Mr.
897 323 100 23 Shand's
1086 324 24 23 of

707 356 48 24 Mr.
781 356 100 25 Shand's
905 356 116 23 reference
1044 361 23 19 to
1091 356 131 32 something
1232 364 35 15 we

672 393 71 19 wrote
765 396 63 16 some
852 390 54 22 time
931 390 69 28 since,
1023 389 19 23 is
1055 389 78 24 rather
1152 391 113 30 amusing.

673 421 70 31 Why,
757 422 47 23 Mr.
820 422 86 29 Shand,
921 430 37 15 are
969 430 35 15 we
1016 426 22 20 to
1051 422 59 24 infer
1118 423 50 23 that
1178 431 47 23 you
1231 422 36 24 la-

672 455 58 23 bour
742 455 72 23 under
826 455 39 23 the
876 455 84 23 foolish
974 455 81 23 notion
1068 455 25 24 of
1112 456 115 31 believing
1239 463 29 16 an

664 512 4 4 ,
673 487 84 24 Editor
768 488 20 22 is
798 488 110 23 infallible
914 489 11 23 ?
960 488 38 24 Do
1006 496 45 22 you
1059 488 68 24 think
1134 490 19 22 it
1161 488 105 25 remark-

673 523 51 21 able
747 521 50 23 that
819 530 14 14 a
854 529 86 23 person
958 521 73 24 called
1050 530 30 15 on
1100 526 23 20 to
1135 522 64 24 write
1212 530 30 15 on
1253 530 15 15 a

673 558 66 26 great
747 555 88 30 variety
844 555 26 22 of
884 555 109 31 subjects,
1003 559 23 19 at
1033 563 14 14 a
1054 556 121 22 moment's
1183 555 83 28 notice,

673 587 83 24 should
776 588 151 31 occasionally
948 592 58 19 state
1026 588 135 31 something-
1171 587 94 30 absurd,

674 628 25 15 or
710 621 152 23 inconsistent
879 621 57 23 with
953 621 107 31 previous
1080 622 147 30 expressions
1246 621 26 23 of

673 654 93 30 opinion
772 654 10 23 ?
819 654 26 24 If
859 662 46 23 you
917 654 36 28 do,
964 661 35 16 we
1012 659 93 26 suspect
1113 662 47 23 you
1171 654 47 24 will
1228 657 41 20 not

673 687 49 22 find
779 687 54 24 host
846 687 25 23 of
1046 692 23 19 to
1082 692 95 27 support
1188 695 46 24 you
1245 687 24 23 in

673 727 58 23 your
754 720 126 31 absurdity.
925 720 48 24 But
995 722 26 21 in
1042 720 118 24 reference
1182 725 24 19 to
1230 720 38 23 the

674 757 130 25 statement,
817 753 39 24 the
868 755 106 22 occasion
986 754 25 23 of
1027 754 65 23 these
1104 754 113 28 remarks,
1234 761 34 16 we

673 787 47 30 beg
731 791 24 19 to
765 787 86 23 inform
864 787 48 24 Mr.
927 787 80 23 Shand
1019 795 33 16 we
1064 787 88 23 believe
1160 795 33 16 we
1202 786 67 24 could

673 820 55 31 give
739 820 51 23 him
801 829 14 15 a
826 821 51 22 first
888 824 50 20 rate
957 821 117 29 authority
1092 821 51 23 who
1160 820 43 23 has
1216 820 52 30 ably

674 853 125 24 advocated
811 854 50 24 that
872 854 92 31 opinion
973 863 5 20 ;
993 854 46 23 and
1050 854 91 31 though
1155 861 33 15 we
1200 854 70 22 know

673 891 42 19 not
736 888 21 23 if
772 887 28 24 he
823 887 59 24 have
932 896 14 14 a
952 888 55 23 host
1025 887 25 23 of
1235 894 33 16 we

673 920 70 24 know
766 921 39 23 the
833 928 108 23 progress
964 920 27 23 of
1007 920 77 23 South
1105 920 128 28 Australia,
1257 927 13 15 a

675 953 80 31 colony
766 958 41 18 not
818 954 63 22 tO'be
894 953 122 31 compared
1027 953 57 23 with
1096 953 54 28 this,
1164 954 25 22 in
1195 952 75 24 which

675 990 23 19 to
710 990 45 19 test
767 986 38 23 the
818 986 101 31 opinion,
931 986 122 23 furnished
1063 986 49 23 him
1125 986 55 23 with
1192 995 14 14 a
1216 986 54 23 host

675 1019 26 22 of
714 1018 59 24 facts
784 1018 56 24 with
851 1019 75 23 which
946 1023 23 19 to
988 1019 113 23 maintain
1120 1019 39 23 the
1170 1019 100 31 position

673 1051 30 23 he
715 1052 115 28 assumed,
844 1052 88 30 though
944 1056 23 19 at
974 1052 52 23 first
1034 1052 96 24 deemed
1136 1060 56 23 very
1200 1056 69 20 start-

673 1084 51 31 ling
736 1085 45 23 and
793 1085 89 30 daring.

710 1128 52 24 The
774 1128 112 24 schooner
1070 1130 90 23 arrived
1166 1129 59 24 from
1232 1129 38 23 the

675 1162 51 30 Bay
743 1162 26 23 of
783 1162 94 23 Islands
896 1170 31 15 on
944 1162 132 31 Thursday,
1101 1163 85 30 having
1204 1163 66 23 made

674 1195 42 23 her
725 1203 98 23 passage
837 1196 24 22 in
873 1196 37 23 six
928 1195 64 31 days.
1030 1196 49 23 She
1094 1195 46 24 had
1160 1195 87 24 carried
1258 1203 13 16 a

675 1236 68 23 cargo
755 1228 26 24 of
795 1230 52 29 pigs
861 1229 44 23 and
917 1230 75 22 maize
1002 1229 60 23 from
1074 1230 52 30 Bay
1136 1229 26 23 of
1176 1229 92 30 Plenty,

675 1261 42 24 but
727 1262 90 31 finding
828 1270 31 15 no
870 1262 90 23 market
972 1266 25 19 at
1007 1262 52 31 Bay
1073 1263 25 22 of
1114 1263 100 27 Islands,
1227 1262 43 23 has

665 1294 111 31 -brought
787 1296 18 22 it
816 1296 63 23 here.
918 1295 49 23 The
979 1296 53 29 Bay
1044 1296 26 23 of
1086 1295 92 24 Islands
1190 1296 21 22 is
1219 1295 51 23 des-

675 1328 77 23 cribed
764 1336 25 15 as
800 1329 25 22 in
837 1337 14 14 a
861 1328 115 24 wretched
989 1332 67 26 state,
1077 1329 45 23 and
1140 1329 31 22 its
1191 1328 78 24 condi-

675 1362 49 22 tion
739 1365 42 19 not
796 1361 101 31 unfairly
917 1362 125 23 attributed
1060 1367 24 18 to
1103 1362 166 24 Government.

675 1395 75 31 Truly
764 1394 105 24 Colonial
882 1395 75 23 Office
968 1395 153 25 colonization
1135 1396 21 22 is
1168 1404 13 14 a
1193 1395 77 23 bless-

675 1428 49 30 ing,
739 1428 46 23 and
795 1432 64 19 must
869 1428 29 23 be
911 1428 39 23 the
957 1437 60 22 envy
1024 1429 25 23 of
1065 1429 90 30 foreign
1162 1429 108 23 colonies.

703 1471 51 25 The
765 1471 117 32 following
894 1473 167 30 proclamation
1068 1473 47 23 will
1125 1473 30 23 be
1164 1472 107 24 welcome

676 1513 62 15 news
750 1510 23 19 to
792 1505 89 24 several
899 1505 96 29 traders,
1009 1506 51 23 who
1080 1505 58 24 have
1157 1506 57 30 long
1233 1505 39 24 de-

677 1539 61 23 sired
750 1547 14 15 a
778 1539 74 23 Court
866 1539 26 23 of
902 1539 125 31 Requests,
1041 1543 24 19 to
1079 1539 80 23 enable
1172 1539 65 23 them
1249 1543 22 19 to

677 1572 81 23 collect
770 1571 60 24 their
841 1572 75 23 debts.

879 1611 189 14 PROCLAMATION.

677 1630 34 28 By
721 1630 44 22 His
779 1630 139 27 Excellency
933 1630 34 22 Sir
982 1630 90 28 George
1086 1630 78 28 Gipps,
1175 1630 95 27 Knight,

704 1656 208 29 Captain-General
934 1657 46 21 and
1000 1657 234 22 Governor-in-Chief
1250 1658 25 20 of

703 1684 39 22 the
758 1684 115 27 Territory
889 1684 27 21 of
931 1684 57 21 New
1006 1684 71 21 South
1094 1684 74 21 Wales
1182 1684 46 22 and
1243 1685 29 21 its

703 1711 181 28 Dependencies,
892 1710 46 22 and
944 1710 173 23 Vice-Admiral
1125 1711 26 21 of
1155 1711 38 22 the
1202 1718 68 20 same,

705 1738 40 22 &c.
756 1738 39 22 &c.
807 1739 41 21 &c.

703 1764 109 22 Whereas
831 1765 30 26 by
883 1772 30 14 an
932 1764 46 22 Act
997 1772 25 14 or
1042 1764 129 22 Ordinance
1192 1764 26 22 of
1235 1764 37 21 the

678 1791 118 22 Governor
804 1791 45 22 and
859 1791 134 28 Legislative
1002 1791 101 27 Council,
1112 1791 80 27 passed
1199 1791 25 21 in
1235 1791 37 21 the

677 1822 91 23 present
777 1826 55 19 year
841 1818 26 22 of
873 1818 39 22 the
919 1819 72 26 Reign
999 1819 39 21 of'
1038 1819 40 21 Her
1087 1819 98 26 Majesty
1193 1818 79 24 Queen

678 1845 107 26 Victoria,
795 1845 106 22 intituled
983 1845 45 21 Act
1044 1848 23 18 to
1085 1844 82 22 amend
1181 1852 30 14 an
1227 1845 45 31 Apt

677 1872 35 21 for
729 1872 74 22 better
820 1872 128 26 regulating
973 1872 81 22 Courts
1075 1872 25 21 of
1123 1872 102 27 Request
1247 1871 24 21 in

678 1899 56 21 New
745 1899 70 21 South
943 1898 17 22 it
974 1898 19 22 is
1003 1902 104 23 amongst
1117 1899 64 21 other
1197 1898 75 27 things

678 1925 101 27 enacted,
789 1925 50 22 that
848 1925 79 22 Courts
938 1925 25 21 of
970 1925 112 28 Requests
1089 1925 57 22 shall
1154 1925 27 21 be
1188 1925 84 21 holden

678 1956 23 18 at
712 1953 55 21 such
776 1952 76 27 places
862 1953 46 21 and
922 1952 65 21 times
1002 1959 24 15 as
1037 1952 38 21 the
1088 1952 101 21 increase
1198 1952 25 21 in
1234 1952 38 21 the

678 1979 129 25 pftpjulation
816 1986 52 18 may
875 1978 96 26 require,
983 1978 45 20 ami
1039 1986 24 13 as
1072 1979 37 19 the
1119 1979 120 20 Governor
1249 1978 26 19 of
1281 1985 2 25 j

678 2004 57 21 New
745 2004 71 21 South
827 2003 83 27 Wales,
921 2003 54 22 with
990 2002 36 23 the
1037 2003 78 22 advice
1127 2004 26 21 of
1164 2003 38 22 the
1214 2003 58 22 Exe-

678 2030 73 22 cutive
762 2030 94 22 Council
865 2030 93 27 thereof,
968 2037 53 20 may
1033 2030 65 21 deem
1109 2030 128 28 expedient.

708 2057 64 27 Now,
790 2057 119 27 therefore,
929 2057 17 25 I,
965 2056 39 23 the
1019 2057 120 22 Governor
1155 2056 117 28 aforesaid,

680 2084 54 21 with
743 2084 38 21 the
798 2084 78 21 advice
891 2084 27 21 of
931 2084 37 21 the
977 2084 48 21 said
1035 2084 125 22 Executive
1171 2084 101 27 Council,

678 2110 29 22 do
721 2110 85 28 hereby
821 2110 124 22 determine
959 2110 47 22 and
1019 2111 100 27 appoint,
1131 2111 49 21 that
1193 2112 81 20 Courts

679 2138 26 21 of
721 2138 58 22 Civil
799 2138 146 22 Jurisdiction
964 2141 24 18 to
1007 2138 28 21 be
1056 2138 72 22 called
1147 2138 81 21 Courts
1251 2138 26 21 of

678 2165 118 26 Requests,
807 2164 57 22 shall
873 2166 29 20 be
913 2164 84 22 holden
1007 2168 23 18 at
1037 2165 97 25 Russell,
1142 2164 24 22 in
1178 2165 36 21 the
1226 2164 47 28 Bay

678 2192 27 21 of
713 2191 96 28 Islands,
820 2195 24 18 at
851 2191 55 22 New
913 2191 108 27 Zealand,
1033 2192 46 21 and
1089 2195 23 18 at
1120 2192 54 21 Port
1180 2191 94 22 Nichol-

678 2226 48 20 son,
737 2219 23 21 in
776 2218 56 22 New
842 2218 108 28 Zealand,
960 2226 29 14 on
1000 2218 38 22 the
1046 2219 48 21 first
1104 2218 114 24 Mondays
1228 2218 45 22 and

678 2246 115 26 following
803 2246 55 27 days
866 2246 25 21 in
901 2246 38 20 the
948 2245 93 22 months
1050 2246 27 20 of
1083 2245 109 27 January,
1200 2246 73 26 April,

678 2273 61 26 July,
752 2272 47 22 and
814 2273 105 26 October,
931 2272 22 22 in
965 2272 56 22 each
1031 2272 47 22 and
1093 2280 68 19 every
1175 2279 56 21 year
1239 2280 35 14 re-

678 2299 130 28 spectively.

734 2327 74 21 Given
818 2326 72 22 under
899 2333 39 20 my
946 2326 71 21 Hand
1025 2326 47 21 and
1079 2326 52 21 Seal
1141 2329 23 18 at
1172 2326 103 22 Govern-

760 2356 64 19 ment
835 2353 87 27 House,
931 2353 99 27 Sydney,
1040 2353 44 21 this
1098 2353 86 21 Fourth
1197 2353 44 26 day
1251 2352 26 22 of

760 2380 110 27 January,
880 2381 25 21 in
916 2380 36 22 the
970 2388 55 18 year
1039 2380 26 22 of
1079 2380 48 21 Our
1143 2380 68 26 Lord,
1224 2380 50 21 One

760 2407 122 23 Thousand
892 2407 61 26 eight
969 2407 107 21 hundred
1091 2406 45 22 and
1152 2407 59 26 forty
1223 2414 50 14 one.

721 2434 31 27 (l.
762 2434 29 27 s.)
837 2434 102 27 (Signed)
1023 2441 90 15 george

1037 2461 126 21 Governor.

787 2488 36 28 By
833 2487 43 23 His
887 2487 160 28 Excellency's
1058 2487 133 23 Command.

1059 2522 21 14 E.
1091 2522 58 14 DEAS
1157 2522 116 14 THOMSON.

839 2550 45 14 GOD
895 2549 54 14 SAVE
960 2549 47 14 THE
1017 2549 74 15 QUEEN
1100 2542 5 21 !

673 2599 7 5 .
712 2581 89 25 Fatal
818 2581 144 25 Accident.
1000 2581 44 24 We
1052 2581 58 24 have
1119 2581 46 23 this
1178 2581 66 24 week
1251 2586 22 18 to

678 2616 82 23 record
778 2624 13 15 a
808 2615 57 24 fatal
880 2616 46 23 and
943 2616 141 30 distressing
1102 2615 111 29 accident,
1231 2614 44 24 and

679 2657 26 15 as
715 2649 127 31 unhappily
854 2649 58 23 such
924 2656 150 16 occurrences
1082 2656 51 23 may
1144 2648 29 24 be
1181 2653 94 26 expect-

679 2682 29 23 ed
724 2683 61 23 from
804 2682 39 24 the
867 2682 123 29 unsettled,
1015 2682 55 28 and,
1098 2683 26 22 in-
1146 2690 70 23 many
1238 2682 38 23 in-

680 2721 99 24 stances,
788 2716 183 24 uncomfortable
984 2716 117 23 condition
1110 2715 26 24 of
1146 2716 39 23 the
1198 2717 76 22 immi-

680 2754 88 26 grants,
792 2754 24 19 to
834 2750 95 23 become
948 2757 106 16 common
1064 2759 6 19 ;
1108 2749 45 24 and
1172 2757 25 16 as
1221 2749 54 31 they

680 2783 87 31 always
783 2783 61 24 form
866 2783 58 31 deep
946 2783 47 23 and
1015 2783 88 31 lasting
1127 2783 103 31 subjects
1253 2783 26 23 of

679 2821 85 26 regret,
778 2820 22 20 to
811 2816 41 24 the
863 2818 86 30 parties
968 2816 159 32 immediately
1140 2816 134 28 concerned,

680 2857 33 15 we
725 2851 74 21 insert
809 2858 14 14 a
836 2850 44 23 few
892 2851 147 30 particulars,
1056 2850 46 24 and
1108 2858 58 23 urge
1180 2854 94 27 parents

680 2887 24 18 to
722 2883 106 23 renewed
847 2891 51 15 care
917 2884 24 22 in
960 2883 31 23 all
1010 2884 61 22 their
1089 2884 113 23 domestic
1221 2891 53 16 con-

681 2923 74 16 cerns.
768 2915 52 24 The
833 2916 96 24 sufferer
941 2914 26 33 (a
978 2917 46 23 fine
1039 2917 46 30 boy
1100 2917 57 31 aged
1173 2922 45 18 two
1230 2916 45 24 and

681 2957 13 14 a
705 2948 52 24 half
764 2957 77 23 years,
853 2950 25 23 in
889 2949 40 24 the
944 2957 58 23 very
1008 2950 53 23 best
1075 2951 25 22 of
1115 2950 80 24 health
1206 2950 45 24 and
1263 2958 13 15 a

681 2981 87 32 delight
779 2987 23 19 to
816 2983 31 23 all
857 2983 52 23 who
922 2991 44 15 saw
979 2982 61 33 him)
1053 2991 47 16 was
1108 2992 28 15 an
1150 2984 123 31 Saturday,

680 3016 59 24 30th
751 3016 51 29 ult.,
816 3017 108 31 amusing
930 3016 96 24 himself
1036 3021 23 19 at
1066 3017 37 24 his
1111 3017 112 24 mother's
1230 3017 45 24 feet

680 3049 77 24 whilst
780 3050 42 24 she
846 3058 46 16 was
914 3051 125 31 preparing
1063 3051 82 23 dinner
1171 3051 36 24 for
1235 3051 40 23 the

678 3083 82 31 family
772 3083 46 24 and
828 3083 99 32 lodgers,
941 3084 47 23 and
1006 3084 76 23 which
1099 3084 175 31 unfortunately

680 3116 41 24 she
732 3117 47 23 had
791 3122 23 19 to
827 3117 142 31 accomplish
980 3119 26 22 in
1016 3118 40 23 the
1069 3126 59 23 open
1141 3119 41 23 air.
1211 3118 62 24 Mrs.

680 3150 40 29 8.,
744 3150 56 24 with
824 3150 39 25 the
885 3155 63 19 most
970 3152 168 31 praiseworthy
1167 3152 59 23 view
1249 3151 30 24 -of

680 3192 118 22 economy,
807 3185 25 23 in
846 3185 65 23 order
923 3188 22 20 to
958 3193 55 15 save
1025 3185 40 23 the
1077 3190 77 24 water,
1164 3186 26 23 in
1199 3185 76 23 which

681 3225 14 15 a
705 3217 38 31 leg
756 3218 25 23 of
796 3218 60 31 pork
875 3218 47 23 had
938 3218 61 24 been
1014 3219 53 31 just
1077 3218 83 30 boiled,
1175 3218 101 32 emptied

682 3250 37 24 the
732 3251 58 23 fluid
799 3252 50 22 into
861 3260 14 14 a
891 3251 85 31 trough
988 3252 59 23 used
1065 3252 37 23 for
1115 3251 98 32 holding
1223 3251 53 24 food

680 3284 37 23 for
729 3293 14 14 a
753 3284 41 31 pig
802 3293 7 21 ;
829 3284 46 24 this
887 3284 47 23 had
943 3289 43 19 not
996 3285 61 24 been
1073 3285 58 24 done
1143 3293 63 16 more
1220 3286 55 23 than

680 3326 14 14 a
710 3317 44 24 few
773 3317 105 30 seconds,
898 3317 66 25 when
981 3318 44 24 her
1049 3319 93 31 darling
1163 3327 43 16 son
1229 3327 46 15 un-

680 3350 95 32 happily
809 3351 70 31 fairly
891 3356 36 19 sat
938 3351 68 24 down
1016 3353 27 22 in
1055 3352 38 23 the
1112 3353 94 31 trough,
1220 3352 54 24 then

680 3389 23 18 to
715 3385 39 23 the
765 3385 69 23 brim.
870 3385 26 23 A
912 3385 101 23 medical
1032 3393 54 15 man
1105 3393 47 16 was
1171 3391 52 18 sent
1240 3386 36 23 for

680 3418 25 22 in
717 3418 69 23 about
797 3426 31 15 an
846 3417 59 24 hour
924 3418 45 23 and
983 3427 14 14 a
1007 3418 54 24 half
1077 3418 59 24 after
1155 3419 40 23 the
1214 3419 60 23 acci-

681 3450 69 30 dent;
786 3451 30 23 he
833 3451 74 23 found
925 3451 39 24 the
983 3453 74 22 entire
1080 3452 91 24 surface
1195 3452 26 24 of
1237 3453 38 22 the

679 3483 62 32 body
760 3492 25 15 or
804 3484 71 24 trunk
898 3485 81 31 nearly
1003 3484 110 33 deprived
1136 3486 26 23 of
1183 3486 90 28 cuticle,

680 3517 55 23 with
746 3517 54 25 here
821 3517 45 25 and
884 3518 64 24 there
967 3519 77 30 larger
1063 3519 139 24 vesicatians
1219 3527 56 15 even

680 3559 62 23 upon
753 3550 39 24 the
803 3552 79 24 limbs.
924 3552 52 23 The
994 3552 50 24 face
1058 3552 25 23 of
1104 3552 39 23 the
1155 3552 64 24 child
1228 3560 47 16 was

680 3585 105 28 anxious,
816 3585 66 31 pulse
910 3585 103 31 scarcely
1037 3585 152 32 perceptible,
1206 3586 69 23 limbs

680 3618 58 28 cold,
752 3618 70 23 thirst
840 3623 91 27 urgent,
943 3623 68 27 great
1022 3619 161 24 restlessness.
1223 3618 51 25 The

680 3651 67 23 usual
758 3651 113 25 remedies
882 3660 60 16 were
953 3653 106 23 resorted
1070 3656 31 26 to,
1113 3653 43 23 but
1168 3653 39 23 the
1219 3660 56 24 poor

680 3684 94 23 sufferer
795 3685 52 24 died
865 3686 26 23 in
913 3686 71 26 about
1005 3688 30 21 12
1059 3686 70 23 hours
1153 3686 61 23 after
1236 3686 38 23 the

680 3718 112 23 accident.
885 3719 75 23 would
973 3719 53 31 only
1038 3719 46 31 beg
1095 3723 24 20 to
1132 3719 44 23 add
1189 3719 51 23 that
1251 3720 24 22 in

680 3750 39 23 the
731 3756 68 19 event
811 3752 26 23 of
852 3752 76 23 scalds
948 3760 27 15 or
986 3752 73 24 burns
1077 3752 71 31 being
1162 3752 111 30 received,

679 3791 64 16 more
755 3784 124 31 especially
898 3785 31 30 by
941 3793 80 23 young
1031 3793 98 24 persons
1148 3783 38 32 (in
1200 3785 74 24 whom

680 3817 39 22 the
732 3817 86 30 danger
829 3818 21 22 is
865 3818 118 23 increased
1002 3818 91 31 exactly
1106 3820 25 22 in
1141 3820 134 30 proportion

681 3853 22 19 to
715 3850 38 22 the
771 3850 73 31 youth
856 3851 26 22 of
898 3851 37 23 the
955 3850 112 32 subject,)
1080 3860 14 15 a
1112 3851 99 24 medical
1222 3860 53 16 man

681 3882 82 23 should
785 3883 29 22 be
839 3882 109 30 instantly
973 3888 52 19 sent
1048 3884 44 29 for,
1117 3892 26 15 so
1167 3885 51 22 that
1238 3886 36 23 the

681 3916 156 22 examination
849 3916 25 22 of
884 3916 38 22 the
932 3916 83 31 'injury
1028 3917 59 23 done
1106 3925 53 23 may
1171 3918 28 23 be
1220 3926 53 16 con-

682 3947 82 24 ducted
784 3948 55 23 with
859 3949 37 22 the
916 3953 101 26 greatest
1037 3950 101 31 possible
1157 3952 116 28 carcT-inc]

1924 2273 29 20 To
1964 2273 35 20 the
2008 2273 78 20 Editor
2096 2273 27 25 of
2134 2273 35 20 the
2206 2273 52 20 New
2268 2273 92 20 Zealand
2364 2293 4 5 ,
2371 2273 86 21 Gazette
2467 2276 43 19 and

2078 2301 128 25 Wellington

1942 2327 42 19 Sir.,
2007 2327 41 16 You
2061 2327 48 16 have
2122 2327 67 20 sought
2202 2328 19 15 to
2239 2329 64 16 resent,
2319 2327 43 16 with
2380 2332 23 11 an
2422 2329 86 21 amusing

1922 2348 67 20 p.irade
2001 2348 21 16 of
2031 2348 61 21 purity
2103 2348 36 16 and
2152 2347 75 21 dignity,
2244 2352 23 12 an
2279 2348 66 16 offence
2359 2348 40 16 that
2413 2353 44 16 your
2470 2355 40 12 own

1922 2369 53 19 fancy
1987 2369 42 20 only
2037 2369 52 16 could
2100 2369 47 16 have
2157 2369 97 16 construed
2267 2370 31 15 out
2309 2369 20 16 of
2340 2373 31 16 my
2381 2369 54 16 letter
2446 2372 18 14 to
2474 2376 36 15 you

1922 2390 20 16 of
1947 2389 36 17 last
1990 2390 57 16 week.

1943 2410 51 16 With
2001 2411 31 15 the
2041 2410 44 16 view
2093 2410 20 16 of
2117 2410 103 21 promoting
2226 2414 34 12 our
2267 2410 38 16 first
2312 2414 80 16 purpose,
2399 2411 20 16 in
2427 2412 31 16 the
2467 2413 44 19 pub-

1921 2431 75 16 lication
2004 2432 20 15 of
2029 2432 30 15 the
2067 2433 68 18 protest
2142 2432 60 15 rather
2209 2432 45 15 than
2262 2432 31 15 out
2300 2432 20 15 of
2324 2433 79 14 extreme
2416 2432 94 18 deference

1922 2453 18 15 to
1947 2456 45 16 your
2003 2452 113 20 requisition,
2129 2452 8 16 I
2149 2452 47 16 shall
2208 2451 80 17 mention
2300 2452 29 16 the
2338 2456 61 12 names
2407 2453 20 15 of
2437 2454 74 17 Messrs.

1922 2473 76 16 Hanson
2010 2473 36 16 and
2058 2473 84 19 Alsdorft',
2153 2473 42 15 who
2209 2473 74 20 support
2294 2477 22 12 us
2328 2473 19 15 in
2361 2473 91 21 declaring
2463 2475 48 17 their

1922 2498 53 12 sense
1989 2494 20 16 of
2022 2494 31 16 the
2068 2493 113 20 irregularity
2193 2494 20 16 of
2224 2494 32 15 the
2270 2493 115 21 proceedings
2396 2496 20 14 at
2429 2495 32 16 the
2474 2496 36 17 last

1921 2514 81 21 meeting
2007 2520 3 13 ;
2023 2514 21 17 of
2053 2514 31 17 Dr.
2092 2515 66 18 Evans,
2171 2514 41 17 who
2223 2518 37 12 was
2277 2514 37 17 also
2328 2515 77 19 present,
2418 2516 35 16 and
2469 2517 41 17 who

1922 2535 15 17 is
1949 2535 80 17 satisfied
2041 2540 21 12 on
2075 2535 75 20 reading
2163 2539 34 12 our
2209 2535 72 20 protest-
2288 2535 20 16 of
2320 2536 31 15 tue
2362 2536 110 21 informality
2483 2542 27 13 we

1922 2556 89 20 complain
2020 2555 81 21 against;
2119 2556 19 16 of
2143 2556 35 16 Mr.
2187 2555 78 19 Hunter,
2273 2556 45 18 who,
2327 2560 23 11 on
2363 2559 76 14 account
2450 2559 20 15 of
2479 2559 31 16 the

1922 2581 43 16 very
1979 2576 110 21 informality
2101 2577 21 16 of
2133 2577 30 16 the
2176 2576 137 21 adjournment,
2328 2576 72 18 refused
2415 2579 18 15 to
2447 2580 63 16 attend

1921 2602 24 12 on
1952 2598 31 16 the
1991 2598 66 16 second
2065 2598 35 19 day
2105 2602 4 14 ;
2124 2598 19 16 of
2195 2608 4 8 ,
2212 2598 32 15 but
2251 2598 76 20 perhaps
2335 2597 8 16 I
2351 2601 41 17 may
2399 2602 52 16 spare
2459 2600 52 17 other

1922 2619 113 18 authorities,
2047 2619 23 20 by
2077 2618 58 20 citing
2145 2622 50 17 your
2206 2623 40 12 own
2261 2618 102 17 consistent
2375 2619 50 21 self!
2436 2620 19 16 in
2469 2625 43 12 con-

1922 2639 76 19 clusion,
2006 2640 40 15 who
2054 2639 88 16 admitted
2149 2640 37 15 this
2194 2639 65 21 charge
2267 2639 19 16 of
2292 2639 111 21 informality
2410 2643 18 13 to
2437 2641 72 18 Messrs.

1922 2660 97 20 Catchpool
2027 2660 36 16 and
2070 2660 76 24 Boyjon.

1963 2680 17 21 I,
1987 2686 50 12 nunc
2044 2682 18 16 et
2069 2680 54 18 nobis
2128 2680 76 18 nomina
2209 2680 82 18 vlrorum
2377 2681 61 20 please
2446 2683 31 16 tell
2487 2687 22 13 us

1921 2702 40 16 who
1968 2703 52 16 unite
2032 2701 42 17 with
2089 2706 36 16 you
2138 2702 21 16 in
2171 2702 107 20 supporting
2288 2706 43 16 your
2343 2702 92 17 doctrine?
2457 2704 9 16 I
2473 2704 37 17 will

1922 2724 75 15 venture
2006 2724 17 15 to
2032 2722 89 17 maintain
2129 2723 45 18 that,
2182 2723 43 15 with
2234 2727 10 11 a
2255 2722 57 17 whole
2323 2723 42 16 host
2376 2724 20 15 of
2407 2724 103 21 adherents,

1921 2744 36 15 and
1965 2748 11 11 a
1983 2745 50 15 shew
2041 2744 19 15 of
2065 2743 96 21 reasoning
2168 2748 45 11 even
2221 2744 27 16 far
2256 2743 79 21 superior
2342 2745 18 15 to
2368 2744 39 16 that
2416 2748 35 16 you
2463 2746 47 16 have

1921 2765 82 20 adopted,
2020 2765 74 20 Captain
2114 2764 60 17 Smith
2189 2765 69 16 cannot
2271 2764 90 17 vindicate
2378 2765 30 16 his
2425 2766 53 17 mode
2493 2767 21 16 of

1921 2787 133 19 management,
2063 2790 47 12 even
2117 2789 23 12 on
2151 2786 37 15 the.
2195 2786 41 19 plea
2248 2785 19 16 of
2279 2785 114 21 expediency,
2404 2787 58 16 much
2474 2787 37 17 less

1921 2811 32 11 can
1962 2806 23 16 ho
1992 2806 88 17 reconcile
2087 2806 16 16 it
2109 2806 44 16 with
2161 2806 31 16 the
2199 2807 56 16 terms
2266 2806 20 16 of
2294 2806 29 16 his
2335 2806 118 17 instructions
2463 2807 50 18 from-

1921 2828 31 15 the
1966 2827 97 21 Company.
2086 2827 19 16 If
2114 2831 35 17 any
2270 2827 46 16 have
2328 2827 100 20 persuaded
2439 2828 39 17 him
2493 2830 18 16 to

1921 2848 71 16 deviate
1999 2849 47 15 from
2053 2848 58 19 these,
2119 2852 26 12 we
2152 2853 31 11 are
2191 2853 50 15 sorry
2247 2848 27 16 for
2280 2848 20 19 it,
2305 2849 33 15 but
2344 2849 50 15 must
2400 2848 55 18 insist
2462 2854 49 16 upon

1921 2874 33 11 our
1961 2868 63 21 rights.

1942 2890 34 16 For
1984 2890 30 16 the
2022 2890 36 16 last
2068 2889 51 20 time,
2131 2889 9 17 I
2154 2889 39 17 will
2204 2890 101 16 endeavour
2316 2890 19 16 to
2348 2889 72 21 explain
2421 2895 2 6 1
2432 2891 30 16 the
2473 2893 39 15 real

1921 2910 59 17 issues
1987 2911 40 16 that
2035 2915 30 12 are
2071 2912 82 15 between
2161 2915 28 14 us,
2201 2911 36 16 and
2249 2911 40 16 how
2302 2911 10 16 I
2328 2911 84 16 conceive
2425 2912 40 16 that
2475 2917 37 16 you

1921 2931 46 16 have
1976 2936 42 12 ever
2029 2931 99 17 weakened
2138 2931 32 16 the
2183 2936 54 12 cause
2252 2931 39 16 that
2306 2936 36 15 you
2354 2932 118 21 gratuitously
2484 2938 28 11 es-

1921 2952 73 21 poused.
2017 2952 38 17 The
2065 2952 174 20 Surveyor-General
2246 2952 75 16 himself
2326 2952 35 17 had
2369 2952 72 21 already
2445 2954 67 16 denied

1921 2974 15 15 it
1943 2975 18 14 to
1968 2973 22 17 be
1997 2978 11 11 a
2015 2975 41 19 part
2063 2973 21 17 of.
2088 2973 29 16 his
2126 2973 45 20 duty
2178 2974 18 15 to
2204 2974 56 16 select
2265 2973 28 16 for
2300 2977 35 16 any
2342 2977 33 12 one
2382 2973 20 16 in
2410 2973 30 17 the
2448 2975 64 20 colony

1921 2994 40 16 who
1973 2994 37 17 had
2025 2995 31 15 not
2068 2994 86 21 specially
2166 2994 56 16 asked
2236 2994 40 16 him
2287 2995 18 15 to
2317 2994 22 15 do
2347 2998 25 12 so.
2395 2994 45 20 You,
2449 3000 23 11 on
2479 2996 32 16 the

1921 3016 87 19 contrary,
2018 3015 116 20 represented
2148 3015 41 16 that
2204 3015 23 16 he
2289 3014 63 17 bound
2362 3016 18 15 to
2394 3015 61 20 select,
2463 3016 16 16 if
2488 3016 23 17 he

1921 3035 91 17 considers
2020 3036 31 16 the
2059 3035 67 21 parties
2134 3036 63 15 absent
2206 3035 122 20 accidentally,
2337 3036 36 15 and
2383 3035 79 18 believes
2469 3037 15 16 it
2493 3039 18 15 to

1921 3057 21 16 be
1949 3056 27 16 for
1983 3056 49 16 their
2039 3056 75 16 interest
2122 3057 18 15 to
2147 3056 23 16 do
2240 3056 49 19 Now,
2298 3057 49 15 what
2359 3060 37 12 was
2409 3061 32 12 our
2455 3058 57 16 situa-

1921 3077 49 17 tion?
1993 3077 33 16 We
2034 3077 35 16 had
2076 3076 83 17 received
2166 3081 24 12 no
2202 3077 81 20 warning
2293 3078 18 15 to
2319 3077 62 16 attend
2391 3077 27 16 for
2425 3082 37 16 any
2470 3082 42 16 pre-

1921 3098 64 16 sumed
2000 3098 105 16 immediate
2117 3097 76 17 interest
2205 3098 19 16 in
2236 3098 31 16 the
2278 3098 39 19 fifty
2323 3098 77 16 sections
2408 3098 102 18 advertised

1920 3119 27 16 for
1952 3118 87 17 selection
2044 3124 4 14 ;
2057 3119 41 18 and,
2106 3118 62 17 unless
2173 3118 47 17 from
2224 3118 109 18 intimation,
2338 3122 27 13 we
2370 3119 52 16 could
2427 3121 33 14 not
2463 3120 47 16 have

1921 3139 111 20 anticipated
2041 3140 49 15 what
2104 3138 101 21 happened.
2227 3139 38 16 The
2277 3139 173 20 Surveyor-General
2463 3140 49 17 him-

1921 3161 36 16 self
1962 3161 91 15 confesses
2061 3161 40 15 that
2108 3159 22 17 he
2137 3164 46 12 even
2195 3160 79 20 actually
2281 3160 30 16 did
2321 3161 38 15 not.
2380 3161 26 15 At
2416 3161 32 16 the
2458 3161 52 21 least,

1921 3182 49 18 then,
1989 3185 26 12 we
2030 3182 49 15 must
2092 3181 47 16 have
2152 3182 47 15 been
2217 3180 100 17 accounted
2330 3185 19 12 as
2384 3182 64 16 absent
2465 3183 47 16 acci-

1921 3202 80 20 dentally
2035 3202 36 16 and
2085 3202 31 20 yet
2129 3206 33 12 our
2176 3201 86 17 interests
2276 3206 47 12 were
2336 3201 120 21 disregarded.
2485 3203 26 17 To

1920 3228 55 16 prove
1983 3223 37 16 this
2028 3223 72 20 neglect
2107 3222 19 16 of
2131 3223 32 15 out
2169 3222 92 18 interests,
2270 3222 75 21 Captain
2352 3223 64 19 Smith,
2424 3223 40 17 who
2474 3224 37 17 had

1919 3244 54 16 made
1980 3249 11 11 a
1997 3244 33 16 400
2037 3243 61 17 choice
2106 3247 20 12 or
2133 3247 19 12 so
2159 3243 30 16 for
2194 3242 80 20 himself,
2283 3243 72 16 refused
2363 3244 17 15 to
2391 3244 93 21 exchange
2495 3245 17 16 it

1920 3265 27 16 for
1955 3269 11 12 a
1972 3265 31 16 420
2011 3264 21 17 of
2039 3264 56 19 mine,
2103 3268 20 11 or
2135 3264 57 16 about
2206 3263 20 17 70
2239 3263 63 18 earlier
2314 3264 19 16 in
2345 3264 99 17 allotment.
2467 3265 18 16 It
2494 3265 17 17 is

1921 3286 19 16 of
1945 3290 23 12 no
1976 3289 33 13 use
2016 3285 28 16 for
2050 3285 45 18 him,
2103 3289 20 11 or
2129 3288 41 17 you,
2179 3288 21 13 or
2208 3289 35 16 any
2250 3284 51 17 other
2307 3284 40 17 who
2357 3285 53 20 have,
2418 3286 44 16 with
2469 3290 41 16 you,

1921 3307 55 16 taken
1983 3306 52 16 those
2042 3305 79 17 sections
2129 3305 40 16 that
2176 3306 57 20 ought
2243 3306 19 15 to
2276 3305 46 17 have
2334 3306 46 16 been
2387 3306 99 16 submitted
2493 3309 19 14 to

1920 3331 33 12 our
1960 3327 69 20 option,
2036 3327 18 15 to
2066 3328 44 14 turn
2122 3326 59 16 round
2195 3326 37 16 and
2246 3326 38 16 talk
2295 3326 134 21 disparagingly
2436 3328 19 15 of
2463 3328 49 15 their

1919 3348 60 16 value.
2001 3347 88 16 Conceive
2098 3351 35 15 any
2140 3351 39 14 one,
2188 3346 27 17 for
2227 3347 88 19 instance,
2329 3348 18 15 at
2359 3347 24 16 all
2396 3347 57 21 likely
2460 3349 18 15 to
2489 3349 22 15 be

1920 3369 81 16 satisfied
2007 3368 20 16 in
2035 3368 36 16 this
2079 3372 45 16 way,
2131 3368 41 16 who
2179 3368 60 16 would
2249 3368 46 16 have
2307 3368 69 16 availed
2385 3368 77 17 himself
2471 3369 20 16 of
2500 3374 12 11 a

1919 3390 49 20 prior
1982 3389 55 20 right,
2052 3389 37 16 and
2107 3388 91 21 preferred
2216 3389 52 16 those
2420 3389 29 16 for
2463 3390 49 16 their

1919 3410 99 21 proximity
2026 3411 18 14 to
2058 3409 31 16 the
2098 3410 53 19 town,
2160 3413 20 12 or
2187 3409 28 16 for
2225 3409 68 21 having
2303 3413 20 12 as
2335 3409 54 16 much
2401 3409 47 17 faith
2460 3411 17 16 to
2489 3411 22 16 be

1920 3431 39 17 able
1967 3432 18 15 to
1992 3429 88 17 cultivate
2088 3430 51 16 them
2161 3430 16 16 if
2189 3430 24 17 he
2227 3430 53 16 could
2291 3431 33 15 not
2336 3434 73 12 remove
2418 3431 51 16 them
2491 3436 20 12 as

1919 3453 24 16 he
1951 3456 34 12 can
1992 3452 31 15 the
2031 3451 112 20 prospective
2150 3451 60 16 better
2216 3451 44 16 land
2267 3451 19 16 in
2294 3452 47 15 store
2349 3451 26 16 for
2382 3451 45 16 him.

1910 3476 19 3 ~~
1941 3474 72 16 Excuse
2021 3476 29 12 me
2064 3472 28 16 for
2107 3472 104 20 reminding
2223 3476 42 16 you,
2279 3472 52 16 when
2345 3475 37 16 you
2392 3472 119 19 compliment

1919 3495 32 15 the
1962 3493 176 24 Surveyor-General
2151 3493 28 16 for
2194 3492 92 21 despatch,
2294 3492 86 20 although
2392 3492 31 16 the
2432 3493 52 19 delay
2493 3493 20 16 of

1920 3519 34 12 one
1962 3514 35 21 day
2003 3513 60 20 might
2069 3514 48 15 have
2129 3513 57 16 saved
2197 3513 24 16 all
2236 3512 36 17 this
2284 3512 120 21 disagreeable
2416 3512 95 21 precipita-

1920 3536 43 18 tion,
1973 3536 45 18 that,
2027 3535 33 15 not
2065 3533 45 21 long
2122 3538 39 16 ago,
2169 3538 36 16 you
2211 3533 46 17 bade
2269 3537 22 13 us
2305 3534 21 15 be
2338 3533 100 16 reconciled
2450 3535 19 14 to
2479 3534 31 16 the

1920 3556 70 17 tedious
1999 3555 61 20 delays
2075 3554 41 16 that
2131 3555 46 16 have
2190 3554 100 21 happened,
2298 3553 132 22 paradoxically
2437 3554 74 16 demon-

1920 3576 77 21 strating
2004 3576 40 16 that
2051 3580 28 11 we
2085 3579 48 12 were
2139 3576 33 16 not
2178 3579 65 13 sooner
2250 3575 85 21 prepared
2342 3575 17 15 to
2366 3576 50 14 enter
2429 3575 38 16 into
2479 3575 31 17 the

1919 3597 92 21 promised
2017 3596 48 17 land.
2088 3596 73 20 Among
2167 3600 57 16 many
2229 3596 50 15 other
2286 3595 70 16 acciden
2360 3596 15 15 ts
2380 3595 36 16 and
2420 3594 92 18 incidents

1920 3618 114 20 consequent
2044 3622 23 11 on
2081 3617 31 16 the
2124 3616 74 18 hurried
2211 3616 52 16 mode
2276 3616 20 16 of
2307 3615 85 21 choosing
2404 3616 18 15 at
2434 3616 30 16 the
2475 3616 36 17 lost

1920 3639 85 20 meeting,
2019 3638 10 17 I
2041 3642 31 13 am
2082 3637 39 16 told
2135 3638 23 20 by
2166 3642 12 11 a
2189 3637 103 19 gentleman
2302 3636 40 17 who
2352 3636 89 19 attended,
2450 3637 39 16 that
2496 3637 15 16 it

1919 3665 37 12 was
1969 3660 24 20 by
1999 3663 50 13 mere
2057 3658 82 16 accident
2150 3658 23 16 he
2186 3658 30 16 did
2222 3658 33 16 not
2265 3657 37 16 lose
2310 3656 29 17 his
2350 3656 52 17 order
2410 3657 20 15 of
2442 3657 70 20 choice,,

1920 3681 89 19 although
2024 3681 73 14 earnest
2109 3679 54 16 about
2175 3679 22 16 it.
2218 3678 35 17 Mr.
2261 3677 60 19 Parks,
2330 3677 31 17 the
2368 3677 91 17 Assistant
2469 3678 43 17 Sur-

1920 3706 59 16 veyor,
1985 3701 37 16 lost
2029 3700 28 16 his
2065 3699 85 21 entirely..
2169 3699 82 17 Another
2258 3697 105 20 individual,
2369 3698 40 16 who
2415 3698 95 21 happened

1920 3724 18 14 to
1946 3722 34 16 call
1987 3722 21 16 in
2015 3723 19 14 at
2047 3721 31 16 the
2086 3720 90 20 choosing,
2185 3719 81 17 received
2273 3723 11 12 a
2291 3719 69 16 section
2366 3719 40 16 that
2413 3718 23 17 he
2444 3719 36 17 had
2488 3724 23 13 no

1921 3743 115 20 expectation
2044 3742 19 16 of
2070 3740 98 21 receiving.

1942 3764 49 16 With
2006 3763 47 16 little
2067 3762 45 16 time
2126 3766 19 12 or
2161 3760 107 17 inclination
2281 3761 17 15 to
2310 3764 66 16 engage
2387 3763 19 12 in
2414 3759 38 17 this
2462 3760 49 21 logo-

1920 3785 70 19 machy,
1999 3784 10 16 I
2025 3783 45 21 hope
2078 3782 38 16 this
2123 3782 55 16 detail
2186 3781 36 16 will
2230 3785 42 12 s>ave
2284 3785 34 16 any
2326 3784 48 12 more
2385 3780 125 22 skirmishing,

1920 3806 48 16 until
1980 3806 31 15 the
2026 3808 52 12 sense
2091 3803 21 17 of
2120 3803 30 16 the
2161 3803 46 15 next
2214 3801 83 20 meeting,
2308 3801 63 19 which,
2379 3801 50 16 from.
2437 3801 75 21 Captain

1921 3826 74 17 Smith's
2010 3829 40 12 now
2062 3823 76 17 distinct
2149 3823 64 19 notice,
2222 3822 37 15 will
2272 3822 21 16 be
2300 3825 11 12 a
2322 3821 71 21 general
2401 3825 40 16 one,
2450 3826 33 12 can
2489 3823 21 16 be

1921 3848 36 16 had
1966 3851 23 12 on
1998 3846 32 16 the
2037 3845 75 19 subject.

2049 3865 9 17 I
2065 3865 48 16 have
2121 3864 30 16 the
2159 3864 69 15 honour
2237 3864 18 15 to
2261 3862 27 19 be,
2298 3862 33 19 Sir,

2133 3884 50 16 Your
2190 3888 42 16 very
2239 3883 84 17 obedient
2329 3883 74 17 humble
2411 3885 77 17 servant,

2350 3904 23 17 A.
2383 3904 28 17 W.
2423 3904 88 19 SHANJD.

1937 3930 69 17 Petoni,
2016 3926 76 18 District
2100 3926 19 16 of
2127 3924 100 18 Britannia,

1922 3949 119 20 Wednesday,
2051 3947 40 17 20th
2100 3947 84 19 Januaiy,
2196 3945 45 16 13-fl.

1306 3864 28 19 To
1345 3863 35 20 the
1389 3861 79 21 Editor
1479 3860 26 25 of
1517 3860 35 20 the
1591 3859 51 20 New
1653 3856 94 21 Zealand
1757 3856 85 20 Gazette
1851 3855 43 20 and

1459 3888 128 24 Wellington

1323 3917 60 18 Sir,
1387 3916 27 20 By
1424 3916 30 15 the
1468 3914 89 17 kindness
1573 3912 21 16 of
1608 3912 31 16 Dr.
1651 3910 75 20 Wilson,
1737 3910 20 16 of
1767 3909 30 17 the
1813 3908 80 18 "Slam's

1388 3938 8 14 I
1406 3940 28 12 am
1444 3936 38 15 able
1491 3937 17 13 to
1517 3934 45 16 send
1572 3937 36 16 you
1614 3938 11 11 a
1630 3931 108 21 description
1745 3931 18 16 or
1769 3935 11 11 a
1784 3930 64 20 simple
1853 3934 40 12 con-

1304 3959 77 16 (--nice
1387 3956 100 21 admirably
1493 3955 77 20 adapted
1575 3956 18 15 to
1602 3954 75 21 prevent
1689 3951 116 21 cdUlel<niii
1808 3963 9 8 o
1813 3956 5 5 '
1828 3952 65 16 fences.

521 41 101 32 THE
644 40 112 32 NEW
773 41 232 33 ZEALAND
1027 41 229 33 GAZETTE
1277 43 103 31 AND
1397 43 332 33 WELLINGTON
1751 45 294 33 SPECTATOR.

1294 127 38 22 the
1350 127 50 23 first
1419 127 54 28 and,
1495 128 173 30 consequently,
1688 133 60 19 most
1760 130 125 30 important

1294 160 110 22 remedies
1423 160 44 22 left
1485 164 23 19 to
1529 161 59 22 such
1606 161 97 23 medical
1724 162 125 24 attendant.

1297 192 223 23 Communicated.

1958 103 61 8 n
2369 106 64 7 m^mmm
2483 102 26 12 .**

1914 128 42 17 Two
1968 130 64 19 straps,
2043 130 100 17 connected
2147 131 22 20 by
2174 135 11 11 a
2190 130 53 17 small
2249 132 47 15 band
2305 131 51 21 lying
2360 136 22 12 on
2389 132 29 16 the
2430 134 50 20 ridge
2495 139 12 11 o

1914 149 31 16 the
1950 150 50 18 back,
2012 154 42 16 pass
2060 154 43 13 over
2111 151 32 16 the
2151 151 83 17 animal's
2246 152 51 19 back,
2308 153 37 15 and
2351 156 30 13 are
2390 154 84 16 attached
2483 158 23 12 on

1914 169 58 17 either
1981 170 38 16 side
2030 172 19 14 to
2055 175 10 11 a
2072 173 49 14 trace
2129 172 59 15 which
2193 175 62 16 passes
2260 172 57 16 round
2323 173 31 15 the
2361 173 99 20 haunches,
2470 175 37 16 and

1914 189 17 16 is
1939 190 80 17 fastened
2028 191 23 20 by
2058 195 11 12 a
2081 191 50 19 knot,
2145 193 41 17 and,
2199 192 73 20 passing
2286 192 80 18 between
2375 194 29 16 the
2413 194 47 21 fore
2467 196 40 19 legs

1914 214 21 16 of
1942 212 31 17 the
1983 212 73 18 animal,
2067 212 16 16 is
2098 213 84 16 attached
2199 214 19 14 at
2230 213 30 16 the
2270 214 54 15 other
2335 214 36 16 end
2386 216 17 14 to
2419 219 12 11 a
2445 215 62 16 halter

1915 233 58 17 round
1983 232 31 16 the
2023 231 83 17 animal's
2117 233 51 15 head.
2191 233 25 16 As
2224 234 43 20 long
2276 238 19 12 as
2307 234 35 16 this
2354 238 42 16 rope
2405 234 16 16 is
2486 236 20 16 in

1914 254 24 17 its
1951 254 50 20 place
2015 252 78 17 between
2109 252 31 17 the
2151 254 46 20 fore
2212 254 46 21 leg*,
2274 254 31 16 the
2316 254 66 17 animal
2394 255 33 16 has
2439 256 68 20 perfect

1914 274 64 20 liberty
1985 274 21 16 of
2011 273 65 19 action,
2089 276 65 18 except
2166 274 19 15 in
2197 273 71 22 leaping
2276 279 4 14 ;
2292 275 34 15 and
2338 274 32 18 Dr.
2379 275 74 20 Wilson,
2465 276 40 17 who

1914 295 33 16 has
1958 295 50 16 lived
2016 298 50 11 some
2075 298 51 16 years
2136 294 20 16 in
2164 294 32 16 the
2204 295 57 16 South
2271 295 20 16 of
2300 295 59 20 Spain,
2372 297 55 15 states
2439 297 23 16 he
2472 297 33 16 has

1914 320 43 12 seen
1970 315 16 16 it
2000 314 19 16 in
2029 318 83 12 common
2121 318 33 12 use
2166 315 56 19 there,
2239 316 30 15 the
2283 315 75 17 farmers
2374 316 75 21 turning
2459 317 48 16 their

1914 336 55 16 cattle
1978 335 36 16 and
2023 335 57 20 goat*
2091 335 40 16 into
2140 335 47 16 their
2201 335 47 16 olive
2260 336 83 16 orchards
2354 336 76 17 without
2441 337 38 16 fear
2488 338 21 16 of

1914 356 66 21 injury.
2002 356 18 16 It
2027 356 16 16 is
2047 355 37 17 also
2095 356 104 20 commonly
2203 356 45 16 used
2258 356 19 16 in
2287 356 108 21 Normandy,
2401 361 67 17 among
2474 358 33 16 the

1914 377 52 21 apple
1983 376 36 17 and
2032 380 43 16 pear
2091 375 91 20 orchards,
2197 377 37 16 and
2249 377 16 16 is
2281 377 55 16 called
2354 377 32 16 the
2401 377 105 21 Normandy

1914 397 85 17 Brechin.
2021 396 74 16 Loudon
2111 396 50 21 gives
2173 401 11 11 a
2198 397 107 20 description
2316 398 34 16 and
2361 398 55 20 figure
2426 399 20 15 of
2458 399 15 16 it
2483 399 23 16 in

1914 418 28 16 his
1961 417 117 21 Cyclopaedia,
2093 417 47 16 from
2151 417 59 16 which
2221 422 11 11 a
2244 422 45 16 copy
2299 419 32 15 has
2344 419 45 15 been
2401 419 57 19 made,
2470 420 37 15 and

1914 439 63 20 placed
1984 438 20 16 in
2013 438 31 16 the
2054 438 88 19 Surveyor
2150 438 89 16 General's
2248 438 54 17 Office
2307 443 4 14 ;
2324 440 74 15 another
2407 443 49 17 copy,
2462 440 44 15 with

1914 463 45 15 your
1969 458 115 21 permission,
2098 462 43 16 may
2154 459 21 15 be
2190 459 102 20 suspended
2305 459 19 16 in
2340 459 31 16 the
2381 460 55 16 Office
2445 461 20 15 of
2476 461 30 15 the

1915 480 44 15 New
1972 479 81 16 Zealand
2063 479 73 16 Gazette
2142 484 3 13 ;
2158 479 36 15 and
2204 478 9 16 I
2225 480 21 15 do
2254 479 50 20 hope,
2312 479 57 20 when,
2376 481 25 20 by
2411 485 20 11 so
2439 481 66 20 simple

1914 504 12 12 a
1938 500 120 17 contrivance,
2071 499 31 16 the
2115 499 91 16 materials
2218 500 28 16 for
2256 500 58 16 which
2326 500 30 15 the
2367 501 38 15 first
2415 501 36 16 flax
2460 502 46 15 bush

1914 521 37 16 will
1961 520 71 21 supply,
2046 520 33 16 the
2087 518 109 23 proprietors
2204 520 21 15 of
2232 520 53 16 cattle
2295 525 32 12 can
2338 523 74 18 prevent
2422 526 19 11 so
2451 522 56 16 much

1914 541 89 19 mischief,
2009 541 16 15 it
2034 540 37 16 will
2082 542 31 14 not
2122 541 21 15 be
2153 541 43 20 long
2205 541 59 15 before
2270 541 14 15 it
2293 541 16 16 is
2316 541 109 21 universally
2430 542 76 21 adopted

1914 561 21 17 in
1946 562 37 15 this
1992 561 57 21 place.
2444 561 16 14 *

2084 582 9 16 I
2105 586 37 15 am,
2151 581 32 20 Sir,
2194 586 45 16 your
2248 581 82 17 obedient
2340 584 80 17 servant,
2430 590 4 8 <

2299 609 96 17 ROBERT
2407 610 95 18 STOKES.

1915 630 115 20 Wellington,
2043 630 42 17 Feb.
2096 631 26 17 10,
2133 631 46 15 IS4I.

1917 676 29 19 To
1957 676 35 19 the
2001 675 78 20 Editor
2089 676 27 24 of
2128 676 33 19 the
2263 676 92 19 Zealand
2367 676 87 21 Gazette
2462 678 43 19 and

2072 703 126 25 Wellington

1936 730 42 18 Sir,
2001 729 9 16 I
2017 729 43 16 take
2067 729 30 16 the
2105 729 64 20 liberty
2176 729 20 16 of
2206 729 92 21 troubling
2305 734 44 16 your
2360 730 71 16 readers
2443 730 43 16 with
2496 735 12 12 a

1915 749 35 17 few
1957 750 63 19 words,
2029 749 59 17 which
2095 754 36 15 you
2139 754 41 16 may
2192 750 76 20 perhaps
2281 751 83 16 consideu
2374 751 69 20 worthy
2451 752 19 15 of
2480 751 28 16 in-

1915 770 74 18 sertion,
1998 775 18 11 as
2025 770 42 19 they
2075 770 56 16 relate
2139 772 18 14 to
2164 775 11 11 a
2186 770 69 20 subject
2266 771 20 16 of
2295 773 49 18 great
2360 771 110 20 importance
2488 774 19 14 to

1915 791 32 16 the
1955 791 112 16 inhabitants
2075 791 20 16 of
2104 791 37 16 this
2149 791 109 16 settlement.

1938 812 9 16 I
1954 812 47 16 refer
2008 812 19 16 to
2034 812 31 15 the
2073 812 78 16 erection
2160 812 20 16 of
2189 815 11 12 a
2206 811 103 21 lighthouse
2314 817 22 11 on
2343 816 33 13 one
2385 812 19 17 of
2413 811 31 17 ftie
2450 813 55 16 heads

1916 832 20 16 of
1945 832 37 16 this
1989 832 85 17 harbour.

1938 853 59 16 There
2004 857 30 11 are
2042 854 35 15 two
2084 852 60 21 points
2152 852 19 16 of
2180 852 46 17 view
2237 853 19 15 in
2269 853 57 16 which
2338 853 31 16 the
2381 854 100 20 advantage
2488 854 22 16 of

1916 873 37 17 this
1962 878 84 11 measure
2054 873 35 16 will
2097 878 71 16 appear.

1938 894 54 18 First,
2001 894 87 21 although
2096 898 33 12 our
2137 894 78 16 harbour
2223 894 51 15 when
2282 898 43 12 once
2331 895 72 18 known,
2414 894 16 17 is
2437 899 19 12 as
2465 899 42 16 easy

1917 915 20 15 of
1946 919 60 11 access
2014 919 20 11 as
2043 918 35 17 any
2084 915 20 15 in
2115 915 30 15 the
2153 914 60 19 world,
2222 916 30 18 yet
2260 920 11 10 a
2278 916 71 19 strange
2361 915 57 16 vessel
2427 916 80 20 arriving

1916 934 19 17 in
1944 935 37 16 this
1989 937 40 19 part
2037 935 20 16 of
2066 936 30 15 the
2104 935 64 16 Straits
2178 939 42 16 may
2228 936 48 15 often
2284 936 21 15 be
2314 937 18 14 at
2339 940 11 11 a
2357 936 35 16 loss
2400 937 18 14 to
2426 936 82 17 discover

1917 956 31 16 the
1957 957 53 15 exact
2016 957 86 15 entrance
2109 961 4 11 :
2126 956 35 16 and
2168 956 66 16 indeed
2242 956 9 16 I
2258 956 46 16 have
2311 956 56 16 heard
2374 956 20 16 of
2403 957 69 16 several
2479 957 29 16 in-

1917 977 71 16 stances
1997 976 60 17 which
2063 976 47 17 have
2119 976 84 16 occurred
2210 976 64 16 within
2281 977 30 16 the
2319 977 35 16 last
2361 981 46 16 year,
2415 977 19 16 in
2446 977 60 17 which,

1917 997 76 16 whalers
2008 998 36 15 and
2059 998 51 16 other
2126 997 67 16 vessels
2211 997 59 16 either
2283 997 91 21 requiring
2392 998 80 19 supplies
2488 1003 21 11 or

1917 1018 84 20 bringing
2008 1018 54 20 goods
2072 1019 26 15 for
2105 1017 44 19 sale,
2157 1018 47 15 have
2211 1018 20 15 in
2239 1018 42 15 vain
2289 1019 99 19 attempted
2395 1020 18 15 to
2425 1019 82 16 discover

1917 1039 31 15 the
1955 1040 92 17 entrance,
2056 1039 35 16 and
2098 1038 47 17 have
2154 1038 61 19 finally
2222 1039 54 16 borne
2284 1043 23 16 up
2315 1039 27 16 for
2349 1043 48 13 some
2403 1040 52 16 other
2461 1042 46 18 port.

1917 1059 23 16 In
1949 1064 34 11 one
1992 1060 82 16 instance
2082 1060 30 15 the
2138 1060 54 15 Anna
2199 1059 75 16 Watson
2300 1060 84 16 returned
2395 1061 18 15 to
2425 1059 31 17 the
2469 1061 39 19 Bay

1917 1080 20 16 of
1945 1080 78 19 Islands,
2032 1080 59 16 which
2098 1082 40 18 port
2146 1080 32 16 she
2185 1080 37 16 had
2228 1080 33 16 left
2267 1080 44 16 with
2317 1085 107 15 passengers
2431 1081 27 16 for
2469 1082 38 15 this

1917 1101 56 20 place,
1980 1101 70 20 having
2056 1101 45 15 been
2109 1102 19 14 at
2135 1105 33 12 one
2176 1101 44 15 time
2229 1101 47 15 close
2284 1102 18 15 to
2310 1101 30 15 the
2350 1101 62 16 heads.

1939 1122 9 15 I
1960 1122 43 16 read
2013 1122 21 15 in
2048 1125 10 12 a
2069 1122 36 15 late
2119 1122 76 15 number
2207 1122 20 15 of
2236 1125 44 16 your
2288 1126 53 16 paper
2348 1122 41 16 that
2398 1123 31 14 119
2438 1123 69 16 vessels

1917 1141 46 17 have
1972 1142 76 16 entered
2056 1142 31 16 the
2093 1142 78 16 harbour
2179 1142 66 20 during
2253 1142 30 16 the
2291 1143 35 15 last
2333 1146 42 16 year
2380 1148 4 14 ;
2396 1143 36 15 and
2444 1143 8 16 I
2460 1143 48 17 have

1907 1161 2 4 '
1918 1167 22 11 no
1948 1163 56 16 doubt
2013 1163 34 16 but
2054 1162 40 17 that
2102 1162 31 17 the
2142 1163 77 16 number
2229 1162 58 21 might
2298 1163 45 16 have
2357 1163 44 16 been
2413 1163 94 18 increased

1917 1183 23 20 by
1947 1188 34 11 one
1989 1183 41 17 half
2039 1183 36 16 had
2086 1183 51 16 there
2149 1184 45 16 been
2206 1187 49 13 some
2268 1183 139 20 distinguishing
2418 1185 53 16 mark
2483 1190 24 11 on

1918 1208 34 12 one
1959 1204 21 16 of
1989 1205 31 15 the
2034 1204 106 16 headlands.
2161 1204 40 16 The
2215 1203 78 21 whaling
2308 1204 50 20 ships
2370 1205 19 16 of
2397 1204 25 16 all
2434 1205 73 17 nations

1917 1224 60 16 would
1984 1225 22 16 be
2015 1225 68 16 certain
2090 1226 19 15 to
2118 1224 44 16 ilock
2171 1226 22 14 to-
2202 1224 37 16 this
2251 1227 45 18 port,
2308 1225 46 16 from
2366 1226 23 15 its
2402 1225 76 21 vicinity
2488 1228 19 14 to

1918 1245 30 16 the
1955 1245 59 16 banks
2022 1245 59 16 where
2088 1246 31 15 the
2127 1245 66 16 whales
2201 1249 30 12 are
2238 1245 61 19 found,
2308 1246 35 15 and
2350 1245 46 17 from
2404 1246 24 16 its
2436 1247 69 20 ability,

1952 1266 69 20 having
2033 1266 68 16 several
2115 1266 81 20 coasting
2208 1266 68 16 vessels
2288 1267 97 16 connected
2396 1266 45 17 with
2453 1267 21 19 it,
2488 1270 19 14 to

1919 1287 63 19 supply
1990 1287 51 16 them
2046 1287 42 16 with
2095 1287 48 16 fresh
2152 1286 107 21 provisions,
2272 1287 75 16 without
2354 1288 31 15 the
2390 1287 52 20 delay
2449 1288 58 16 which

1919 1308 42 19 they
1967 1309 50 14 must
2023 1308 23 15 be
2053 1308 92 19 subjected
2153 1310 17 13 to
2178 1308 20 15 in
2213 1307 68 20 Cloudy
2288 1308 38 19 Bay
2336 1308 36 16 and
2383 1308 51 16 other
2441 1309 66 20 places.

1940 1329 92 19 Secondly,
2040 1329 59 19 owing
2110 1330 19 14 to
2142 1329 29 15 the
2183 1328 98 16 formatioir
2290 1329 19 15 of
2319 1329 30 15 the
2363 1330 53 18 coast,
2429 1330 36 16 and
2476 1330 31 16 the

1919 1349 87 16 direction
2020 1349 21 16 of
2051 1349 30 16 the
2095 1349 101 20 prevailing
2209 1349 64 19 winds,
2289 1353 11 12 a
2306 1349 58 16 vessel
2380 1353 45 12 even
2432 1350 40 17 well
2479 1355 29 11 ac-

1919 1369 87 21 quainted
2016 1369 45 16 with
2069 1370 31 16 the
2107 1370 78 16 harbour
2192 1374 40 16 may
2239 1370 49 15 often
2295 1370 22 16 be
2328 1369 70 21 obliged
2411 1372 18 14 to
2441 1372 67 15 anchor

1918 1390 71 16 outside
1997 1391 27 15 for
2032 1395 12 11 a
2050 1390 50 17 short
2107 1390 50 19 time,
2171 1390 96 20 especially
2278 1390 17 16 if
2302 1390 33 16 she
2347 1390 64 17 should
2423 1391 58 17 arrive
2488 1393 19 15 at

1919 1411 57 20 night,
1985 1411 36 16 and
2029 1410 20 16 in
2056 1415 11 12 a
2074 1412 58 19 heavy
2140 1411 51 16 N.W.
2201 1410 45 21 gale.

1939 1432 30 15 An
1976 1431 82 16 instance
2067 1431 36 16 will
2111 1433 39 15 best
2157 1431 74 21 explain
2239 1435 31 16 my
2281 1431 85 21 meaning
2376 1432 20 16 in
2408 1432 38 17 this
2460 1438 47 11 case.

1919 1452 16 16 A
1941 1452 48 16 little
1996 1457 51 11 more
2055 1452 43 16 than
2106 1457 11 11 a
2123 1453 51 15 week
2181 1456 33 16 ago
2222 1452 8 16 I
2239 1452 69 16 arrived
2316 1452 18 16 in
2347 1453 31 16 the
2389 1454 34 19 bay
2434 1454 73 16 outside

1919 1473 30 16 the
1956 1473 62 18 heads,
2027 1477 24 12 on
2057 1473 55 16 board
2121 1477 10 12 a
2139 1473 52 16 small
2197 1473 80 24 cpasting
2283 1473 57 16 vessel
2345 1473 47 17 from
2399 1474 108 21 Wanganui.

1919 1494 16 16 A
1942 1494 58 21 heavy
2008 1493 54 17 N.W.
2069 1494 40 20 gale
2116 1498 36 12 was
2159 1493 78 20 blowing
2242 1495 18 15 at
2265 1494 30 16 the
2300 1494 48 19 time,
2357 1494 58 16 which
2420 1496 87 15 rendered

1918 1514 15 16 it
1939 1514 106 20 impossible
2052 1515 18 16 to
2078 1515 48 16 work
2133 1518 23 17 up
2162 1515 32 16 the
2202 1514 77 17 harbour
2284 1519 4 15 ;
2300 1519 26 12 we
2332 1515 52 16 could
2389 1515 62 21 easily,
2459 1517 49 15 how-

1907 1531 2 10 '
1919 1539 46 15 ever,
1975 1535 45 16 have
2028 1535 76 16 reached
2119 1535 71 20 Fitzroy
2197 1535 42 20 Bay,
2256 1536 79 15 between
2352 1536 104 16 Pencarrow
2471 1537 36 16 and

1919 1556 67 20 Baring
1994 1556 67 18 Heads,
2070 1560 23 12 on
2100 1556 31 16 the
2138 1558 71 14 eastern
2222 1556 38 16 side
2269 1556 20 16 of
2300 1557 31 15 the
2343 1558 91 18 entrance,
2450 1558 35 16 had
2491 1558 16 16 it

1918 1577 45 16 been
1978 1576 86 21 daylight.
2086 1577 59 16 There
2160 1577 16 16 is
2190 1577 20 15 in
2227 1577 40 16 that
2279 1577 33 20 bay
2326 1577 99 21 anchorage
2437 1578 23 16 in
2476 1579 32 16 ten

1919 1598 78 15 fathoms
2009 1600 60 16 water,
2083 1598 37 15 and
2134 1598 46 20 good
2187 1597 68 16 shelter
2263 1597 46 17 from
2320 1598 91 20 northerly
2423 1599 84 16 weather.

1919 1618 9 16 I
1938 1618 47 16 have
1999 1618 61 16 before
2075 1619 55 15 taken
2145 1618 61 20 refuge
2221 1618 49 16 there
2283 1623 22 11 on
2317 1623 11 11 a
2340 1619 68 16 similar
2420 1620 87 16 occasion.

1919 1638 36 16 But
1962 1643 20 12 as
1991 1638 31 17 the
2030 1638 52 21 night
2089 1638 61 17 closed
2158 1639 25 19 in,
2191 1643 27 12 we
2224 1643 46 12 were
2276 1639 64 16 unable
2343 1640 20 15 to
2368 1644 30 12 see
2403 1640 31 16 the
2439 1640 68 17 wished

1919 1659 26 17 for
1953 1661 46 18 spot,
2011 1659 41 19 and,
2065 1659 64 17 fearful
2136 1660 20 15 of
2164 1660 83 20 running
2251 1660 70 20 against
2328 1664 49 12 some
2385 1661 24 15 or
2413 1661 31 16 the
2455 1662 52 18 reefs,

1919 1684 26 12 we
1952 1680 47 16 hove
2004 1681 30 15 too
2038 1680 36 16 and
2079 1680 65 16 drifted
2150 1680 61 20 nearly
2216 1682 18 14 to
2239 1680 46 21 Cape
2290 1680 90 20 Campbell
2385 1681 18 16 in
2409 1682 31 16 the
2445 1686 62 12 course

1919 1701 20 16 of
1944 1701 31 16 the
1983 1701 59 19 night.
2064 1701 16 16 A
2088 1701 92 20 southerly
2187 1701 39 20 gale
2234 1701 101 16 afterwards
2344 1701 54 17 drove
2409 1706 22 11 us
2444 1703 62 20 nearly

1919 1723 18 15 to
1945 1722 73 16 Hawk's
2027 1722 43 19 Bay,
2081 1722 37 16 and
2126 1727 27 11 we
2158 1722 43 20 only
2208 1722 71 16 arrived
2286 1722 42 16 here
2336 1726 23 12 on
2371 1722 87 22 Saturday
2464 1724 41 19 last,

1919 1747 43 15 very
1977 1743 64 19 nearly
2051 1744 31 14 out
2096 1743 21 15 of
2130 1743 55 17 wood,
2202 1744 60 17 water,
2279 1743 34 15 and
2326 1743 106 19 provisions.
2465 1745 42 15 Had

1919 1764 51 15 there
1980 1764 47 15 been
2038 1767 11 12 a
2055 1763 47 20 light
2109 1767 23 12 on
2145 1768 11 11 a
2167 1764 65 15 known
2245 1764 39 19 spot
2296 1767 43 12 near
2349 1764 30 15 the
2390 1766 86 15 entrance
2490 1765 20 16 of

1921 1784 29 16 the
1957 1785 45 23 port_,
2015 1788 27 11 we
2049 1784 53 16 could
2110 1784 54 20 easily
2169 1785 47 15 have
2221 1784 56 16 found
2282 1788 32 12 our
2321 1784 29 16 old
2356 1785 97 20 anchorage
2461 1786 46 16 from

1920 1804 23 16 its
1950 1804 76 17 relative
2033 1805 78 20 position
2120 1806 18 15 to
2145 1805 30 16 the
2184 1804 51 20 light.

1941 1825 9 16 I
1961 1825 65 16 should
2038 1826 114 16 recommend
2163 1826 106 16 Pencarrow
2279 1825 57 19 Head,
2354 1830 22 12 on
2392 1826 31 17 the
2436 1828 71 15 eastern

1920 1845 37 17 side
1971 1847 19 15 of
2001 1846 30 16 the
2046 1849 90 16 entrance,
2152 1851 19 11 as
2180 1846 31 16 the
2222 1845 76 17 location
2304 1847 27 16 for
2339 1851 11 11 a
2359 1847 109 20 lighthouse,
2477 1848 30 17 the

1920 1867 99 20 anchorage
2027 1866 53 21 being
2088 1872 24 11 on
2119 1867 30 16 the
2161 1871 50 12 same
2224 1866 38 17 side
2274 1867 19 16 of
2303 1867 30 16 the
2345 1868 38 20 bay,
2396 1868 34 16 and
2444 1869 65 16 within

1920 1887 39 16 half
1969 1892 10 11 a
1989 1887 43 17 mile
2040 1888 19 15 of
2068 1889 20 15 it.

1941 1908 9 16 I
1961 1908 46 16 have
2020 1912 23 12 no
2054 1908 56 17 doubt
2121 1910 32 15 but
2164 1908 39 16 that
2213 1908 88 16 sufficient
2312 1909 129 20 subscriptions
2449 1910 58 21 might

1919 1929 22 16 be
1952 1929 60 16 raised
2024 1931 18 14 to
2054 1931 46 14 start
2113 1930 30 15 the
2156 1929 56 19 affair,
2224 1934 20 11 or
2256 1929 39 16 that
2306 1929 65 17 indeed
2382 1934 49 12 some
2439 1931 70 20 private

1919 1949 101 17 individual
2029 1949 57 21 might
2094 1951 22 14 be
2126 1950 56 16 found
2189 1950 69 20 willing
2265 1951 17 14 to
2289 1950 100 17 undertake
2394 1951 31 16 the
2430 1952 79 16 erection

1920 1971 35 15 and
1968 1971 127 16 maintenance
2114 1971 20 15 of
2147 1976 10 10 a
2169 1971 109 19 lighthouse,
2295 1971 65 16 should
2371 1971 31 16 the
2415 1976 95 17 necessary

1921 1991 41 15 tolls
1977 1995 22 11 oil
2015 1991 34 16 t>hi'
2047 2002 4 8 t
2051 1992 49 19 >ping
2114 1992 22 15 be
2150 1992 75 15 secured
2239 1993 18 14 to
2269 1992 44 15 him.
2343 1992 16 15 A
2371 1996 43 15 very
2422 1993 42 15 rude
2473 1993 36 16 anil

1910 2022 2 3 .
1921 2011 113 16 economical
2044 2012 82 19 building
2137 2011 60 16 would
2208 2011 61 16 suffice
2276 2011 27 16 for
2310 2011 31 16 the
2349 2012 43 16 time
2399 2014 78 18 present,
2490 2018 20 12 as

1910 2030 2 4 '
1921 2032 30 15 the
1959 2033 75 15 eastern.
2038 2032 46 16 head
2092 2032 16 16 is
2117 2032 51 16 itself
2178 2032 19 15 of
2206 2033 50 19 great
2264 2032 67 20 height.

1942 2052 68 17 Should
2018 2052 37 16 this
2063 2052 153 17 communication
2224 2053 48 15 draw
2280 2053 30 15 the
2317 2052 61 21 public
2389 2054 88 16 attention
2493 2056 17 15 to

1921 2073 35 16 this
1966 2074 63 20 object,
2038 2073 48 17 mine
2094 2073 39 16 will
2142 2074 20 15 be
2169 2073 86 21 perfectly
2263 2073 84 16 attained.
2369 2074 61 20 Surely
2442 2080 10 11 a
2463 2080 49 12 com-

1921 2094 71 20 munity
2002 2094 61 16 which
2075 2095 34 15 has
2120 2094 62 16 shown
2195 2098 19 12 so
2221 2094 55 16 much
2283 2098 66 16 energy
2356 2095 34 16 and
2402 2095 56 17 union
2473 2096 37 17 will

1921 2116 31 15 not
1965 2115 72 20 neglect
2050 2119 11 11 a
2073 2117 67 14 matter
2150 2115 21 16 of
2180 2119 19 12 so
2209 2116 51 20 great
2270 2115 109 20 importance
2390 2117 19 15 to
2423 2116 31 16 the
2462 2121 50 16 pros-

1920 2135 58 21 perity
1990 2136 19 16 of
2018 2136 31 16 the
2062 2136 110 16 settlement.

2152 2157 11 16 I
2174 2157 75 18 remain,
2262 2156 31 19 Sir,

2197 2177 49 16 Your
2258 2178 82 15 obedient
2352 2179 77 18 servant,

2130 2206 20 16 E.
2162 2205 165 16 JERNINGHAM
2339 2205 149 19 WAKEFIELD.

1942 2225 114 22 Wellington,
2070 2227 26 16 Ist
2108 2226 93 20 February,
2215 2226 47 16 1841.

1313 248 44 23 TO
1378 248 59 24 HIS
1458 248 236 25 EXCELLENCY
1713 250 58 24 SIR
1788 250 78 24 GEO.

1477 281 110 30 GIPPS,
1604 283 44 23 &c.
1663 283 42 24 &c.

1295 313 64 24 May
1379 321 23 16 it
1421 321 98 17 please
1538 323 71 16 your
1628 315 183 30 Excellency,

1362 347 51 30 We,
1434 348 39 22 the
1491 347 162 32 undersigned,
1676 349 91 23 settlers
1784 350 24 22 in
1828 349 57 23 New

1295 379 109 30 Zealand,
1423 380 47 23 and
1486 381 121 31 intending
1625 381 136 31 purchasers
1780 382 24 23 of
1823 386 60 19 town

1294 412 66 24 lands
1372 414 25 22 in
1416 413 39 23 the
1473 414 112 31 township
1605 414 26 23 of
1645 414 126 24 Auckland
1788 416 23 22 in
1828 415 58 23 New-

1296 445 106 30 Zealand,
1421 446 47 31 beg
1484 450 22 19 to
1527 447 42 22 call
1593 447 39 23 the
1654 446 110 25 attention
1788 447 25 24 of
1828 455 58 23 your

1295 478 142 31 Excellency
1456 483 23 19 to
1503 480 86 22 certain
1605 480 139 31 proceeding
1763 481 122 23 connected

1294 511 56 23 with
1372 511 37 24 the
1432 512 115 31 proposed
1564 513 101 30 disposal
1684 514 25 22 of
1722 513 56 24 land
1794 515 24 22 in
1837 514 50 23 that

1296 545 118 31 township,
1428 545 82 31 deeply
1521 545 109 32 affecting
1639 554 41 15 our
1691 547 96 23 interest
1799 555 24 15 as
1835 547 51 23 well

1296 584 25 16 as
1333 577 64 24 those
1409 578 25 24 of
1445 577 37 25 the
1494 578 86 31 public.

1329 610 37 31 By
1378 610 38 24 the
1429 611 159 24 Government
1606 612 177 24 advertisement
1800 612 34 23 for
1847 613 39 23 the

1296 643 47 23 sale
1355 643 25 24 of
1388 648 62 19 town
1460 644 66 24 lands
1538 648 23 20 at
1571 645 134 29 Auckland,
1718 646 18 22 it
1754 653 47 16 was
1812 646 74 23 stated

1296 676 49 23 that
1366 678 106 28 sections,
1492 677 46 24 No.
1554 680 22 26 3,
1590 680 24 26 4,
1628 679 23 27 7,
1665 680 23 26 8,
1701 680 39 27 16,
1756 679 38 29 17,
1812 679 75 23 would

1296 709 28 23 be
1347 710 102 31 exposed
1468 715 21 19 to
1503 710 48 24 sale
1563 711 31 30 by
1606 712 91 22 auction
1707 721 5 19 ;
1726 712 42 22 but
1779 719 32 16 we
1828 711 58 24 have

1297 742 62 24 since
1374 743 100 29 learned,
1493 743 50 24 that
1561 744 89 23 several
1668 744 137 29 allotments,
1824 752 62 16 com-

1295 777 90 30 prising
1398 784 63 16 some
1481 777 26 23 of
1522 776 40 24 the
1580 782 61 19 most
1658 777 104 23 valuable
1780 777 65 23 lands
1863 779 24 22 in

1296 809 38 24 the
1347 810 122 30 township,
1479 810 58 23 have
1549 810 60 23 been
1631 810 107 24 reserved
1756 810 57 24 from
1830 811 57 23 such

1297 842 54 29 sale,
1364 843 45 23 and
1420 843 161 31 appropriated
1598 843 36 23 for
1652 843 39 23 the
1708 844 86 23 benefit
1809 843 26 24 of
1850 844 46 23 the'

1297 875 152 24 Subordinate
1462 876 99 24 Officers
1574 876 26 23 of
1610 876 38 24 the
1662 876 106 24 Colonial
1782 877 105 24 Govern-

1296 913 71 24 ment,
1381 909 44 23 and
1436 909 51 23 that
1498 909 38 23 the
1550 909 99 24 sections
1661 917 38 17 are
1711 915 22 19 to
1740 910 29 23 be
1780 910 53 31 paid
1844 911 42 28 for,

1298 946 40 19 not
1350 942 124 31 according
1491 947 24 18 to
1533 942 39 23 the
1588 944 63 30 price
1668 943 76 23 which
1758 951 55 16 even
1825 951 62 16 some

1298 974 24 23 of
1331 975 37 23 the
1378 976 47 22 less
1433 976 107 23 valuable
1551 976 47 23 lots
1608 976 25 23 in
1644 976 59 24 their
1714 977 94 30 vicinity
1814 976 75 31 might

1298 1009 125 29 command,
1501 1013 24 19 at
1536 1009 39 23 the
1588 1017 96 23 average
1696 1010 62 31 price
1771 1010 24 23 of
1806 1009 51 24 half
1866 1010 25 23 of

1297 1040 39 24 the
1348 1045 59 20 town
1420 1043 100 23 sections
1529 1050 5 20 ;
1555 1042 46 23 and
1612 1043 50 23 that
1674 1050 13 16 a
1698 1043 73 23 credit
1787 1044 19 22 is
1818 1047 23 19 to
1860 1043 28 23 be

1298 1073 92 25 allowed
1412 1075 37 24 for
1472 1076 39 22 the
1533 1080 109 26 payment
1664 1076 27 23 of
1715 1076 39 23 the
1776 1076 112 31 purchase

1297 1115 89 24 money,
1399 1109 60 22 until
1470 1109 39 23 the
1522 1109 47 23 sale
1582 1109 26 23 of
1616 1108 51 24 half
1676 1109 39 23 the
1727 1113 67 20 town.

1331 1141 44 23 We
1392 1142 58 23 need
1469 1146 48 24 not,
1530 1143 25 22 in
1574 1142 135 31 addressing
1726 1150 57 23 your
1801 1142 87 23 Excel-

1297 1174 75 31 lency,
1384 1174 67 24 dwell
1474 1183 63 23 upon
1556 1175 39 23 the
1619 1176 106 30 injustice
1745 1176 25 23 of
1785 1176 57 23 such
1860 1184 29 15 an

1299 1212 167 26 arrangement,
1479 1209 39 22 the
1528 1207 49 24 loss
1590 1212 23 19 to
1632 1209 38 22 the
1688 1209 79 30 public
1782 1217 106 21 revenue,

1298 1240 38 24 the
1347 1249 78 23 wrong
1437 1241 58 23 done
1508 1245 23 19 to
1550 1241 58 23 bona
1621 1242 50 29 fide
1688 1242 143 31 purchasers,
1845 1243 44 23 and

1299 1273 37 24 the
1348 1274 77 31 injury
1434 1278 22 19 to
1465 1275 38 22 the
1517 1274 116 23 character
1641 1275 26 22 of
1675 1275 39 23 the
1725 1275 162 29 Government,

1298 1306 31 31 by
1340 1308 73 22 which
1425 1307 58 23 such
1493 1315 118 16 measures
1630 1308 58 23 have
1699 1309 59 23 been
1775 1309 114 31 proposed
1895 1304 2 7 '

1300 1341 168 36 or^sanetioned
1477 1350 9 5 *
1501 1341 51 29 but,
1573 1349 35 15 we
1625 1349 54 22 may
1693 1346 95 19 venture
1798 1346 23 18 to
1840 1350 48 23 say,

1300 1373 48 24 that
1359 1374 56 23 such
1427 1383 15 14 a
1451 1374 141 31 proceeding
1602 1375 21 22 is
1635 1379 41 18 not
1694 1375 46 23 less
1753 1376 100 30 opposed
1867 1379 22 19 to

1301 1406 36 24 the
1353 1408 150 23 instructions
1522 1407 26 24 of
1565 1407 53 24 Her
1630 1407 103 31 Majesty
1745 1408 34 23 for
1791 1408 38 23 the
1842 1409 47 22 dis-

1299 1440 64 30 posal
1371 1440 24 24 of
1407 1440 40 24 the
1456 1440 83 24 Crown
1550 1440 87 30 Lands,
1647 1441 53 23 than
1708 1441 181 31 unprecedented

1300 1473 24 23 in
1341 1473 38 23 the
1390 1473 91 31 history
1497 1473 26 24 of
1539 1473 39 24 the
1595 1474 169 30 neighbouring
1780 1475 107 24 colonies.

1300 1506 43 23 We
1355 1507 73 29 could,
1443 1511 22 19 at
1475 1508 60 27 first,
1549 1508 101 29 scarcely
1661 1508 88 23 believe
1768 1508 49 23 that
1834 1508 55 23 such

1300 1548 13 14 a
1323 1540 137 31 proceeding
1472 1540 69 24 could
1551 1541 28 23 be
1592 1541 175 30 contemplated,
1780 1542 62 22 since
1855 1549 34 15 we

1300 1581 38 16 are
1357 1574 95 23 assured
1472 1574 50 23 that
1545 1573 64 24 there
1632 1574 19 23 is
1675 1582 30 15 no
1728 1582 43 16 one
1793 1574 95 31 ground,

1301 1606 70 24 either
1383 1607 25 23 of
1416 1607 77 31 policy
1505 1614 25 16 or
1539 1607 93 31 justice,
1646 1615 62 23 upon
1720 1607 73 24 which
1810 1608 20 22 it
1849 1616 41 15 can

1299 1639 29 24 be
1340 1639 120 24 defended.

1333 1673 50 29 We,
1402 1673 113 29 however,
1536 1673 49 31 rely
1604 1673 54 24 with
1676 1674 130 24 confidence
1829 1682 61 23 upon

1300 1705 38 24 the
1350 1706 84 23 known
1451 1706 116 24 character
1588 1707 25 22 of
1628 1715 58 23 your
1703 1707 149 31 Excellency,
1866 1712 23 19 to

1300 1739 47 24 free
1366 1739 37 25 the
1423 1740 159 24 Government
1602 1739 61 24 from
1682 1741 37 23 the
1739 1741 82 28 odium,
1847 1741 44 23 and

1301 1772 113 24 ourselves
1425 1773 60 24 from
1492 1773 39 22 the
1539 1773 107 31 injustice
1658 1774 26 22 of
1693 1774 56 23 such
1757 1781 13 16 a
1776 1781 113 21 measure,

1301 1805 30 29 by
1341 1806 131 31 instituting
1482 1806 133 24 immediate
1626 1807 91 30 inquiry
1726 1807 47 23 into
1785 1807 38 23 the
1835 1807 56 23 sub-

1298 1838 54 31 ject,
1366 1839 44 24 and
1426 1840 32 30 by
1470 1839 143 31 suspending
1631 1840 38 23 the
1690 1840 48 23 sale
1755 1840 60 23 until
1833 1840 57 24 such

1301 1877 169 26 arrangements
1489 1880 58 23 ,may
1566 1872 59 24 have
1641 1873 58 23 been
1717 1873 66 24 made
1802 1881 25 16 as
1846 1873 45 23 will

1301 1912 76 16 secure
1390 1910 23 19 to
1425 1906 39 23 the
1566 1906 39 23 the
1617 1910 65 27 great
1693 1906 85 24 benefit
1791 1907 25 22 of
1832 1915 59 23 open

1301 1939 146 31 competition
1464 1939 56 23 with
1541 1939 84 31 regard
1642 1943 26 19 to-
1686 1936 30 27 all
1733 1939 38 24 the
1789 1939 66 25 lands
1867 1941 24 22 in

1302 1971 53 31 that_
1361 1972 121 23 townsbin-
1489 1987 20 8 .v.
1524 1991 19 8 .

1367 2010 44 25 We
1422 2011 59 24 have
1492 2011 39 24 the
1541 2012 89 23 honour
1642 2016 23 19 to
1678 2012 36 30 be,

1438 2044 65 24 Your
1515 2045 163 31 Excellency's

1478 2079 65 23 Most
1555 2079 107 23 obedient
1674 2079 93 24 humble
1779 2084 112 24 servants,

1301 2110 32 24 D.
1348 2110 133 30 Sinclair,
1604 2112 69 24 John
1686 2112 98 30 Nixon,

1301 2143 82 24 James
1393 2145 28 23 C.
1432 2145 158 29 Crawford,
1604 2145 29 24 T.
1648 2146 36 23 M.
1704 2146 151 24 Partridge
1870 2147 23 22 &

1302 2177 83 24 James
1399 2178 89 30 Watt,
1639 2179 52 28 Co.,

1302 2210 28 24 f.
1343 2211 31 23 a.
1394 2211 196 30 molesworth,
1603 2212 32 24 a.
1649 2212 85 30 hort,
1747 2212 68 29 jun.,

1302 2243 30 24 E.
1346 2244 22 24 J.
1381 2244 174 30 Wakefield,
1604 2245 30 24 E.
1647 2246 130 29 Daniell,

1302 2277 62 24 Hay
1375 2285 55 17 and
1439 2278 151 30 M'Hattie,
1606 2279 33 24 H.
1656 2279 134 29 Moreing,
1802 2280 65 28 J.P.,

1301 2310 31 24 A.
1346 2311 177 30 HORNBROOK,
1604 2312 21 24 J.
1640 2312 30 24 T.
1683 2312 165 30 WICKSTEED,

1302 2343 150 31 RIDGWAYS,
1471 2345 120 30 GUYTON,
1604 2346 109 23 ALFRED
1726 2346 120 30 LuDLAM,

1335 2386 54 16 and
1406 2378 83 30 Earp,
1605 2379 21 24 J.
1641 2387 54 15 and
1708 2380 32 23 G.
1752 2380 92 29 Wade,

1302 2411 109 24 Samuel
1422 2412 118 29 Revans,
1607 2413 32 22 H.
1653 2413 38 23 W.
1706 2413 96 29 Petre,

1301 2444 90 24 Waitt
1404 2453 55 16 and
1467 2446 125 29 Tinline,
1606 2446 31 24 R.
1651 2446 118 29 Barton,

1301 2477 39 25 W.
1350 2479 28 23 B.
1389 2478 111 25 Rhodes
1509 2480 22 22 &
1538 2480 54 28 Co.,
1605 2479 32 24 D.
1652 2479 157 29 Riddiford,

1301 2511 32 24 D.
1348 2512 25 23 S.
1387 2512 88 24 Durie
1489 2513 22 23 &
1525 2513 54 29 Co.,
1605 2513 30 23 E.
1649 2513 36 24 M.
1700 2513 148 24 Chapters.

1301 2545 39 24 W.
1353 2546 32 23 V.
1400 2546 124 28 Breweh,

1334 2579 152 31 Wellington,
1501 2580 58 23 Port
1570 2580 135 28 Nicholson,

1368 2613 59 23 New
1439 2613 115 29 Zealand,.
1564 2613 57 24 Feb.
1638 2616 39 25 10,
1692 2614 74 23 1841.

1304 2676 11 25 To
1315 2676 8 25 the
1387 2677 79 20 Editor
1476 2677 27 25 of
1514 2677 34 20 the
1586 2677 53 20 New
1649 2677 94 20 Zealand
1755 2678 86 20 Gazette
1851 2678 41 20 and

1459 2705 127 24 Wellington

1323 2730 40 17 Mr,
1369 2731 98 21 Editor,
1467 2731 57 17 Since
1531 2736 33 17 my
1570 2736 48 17 yarn
1625 2732 38 16 last
1669 2732 59 20 week,
1736 2736 28 13 we
1770 2732 48 16 have
1823 2731 38 17 had
1868 2736 25 12 an

1302 2751 68 18 arrival
1385 2752 50 17 from
1442 2752 33 18 the
1508 2753 44 16 land
1559 2753 22 16 of
1585 2753 82 21 promise
1702 2753 62 20 (don't
1777 2757 34 17 say
1819 2757 11 12 a
1842 2753 51 16 word

1302 2772 58 18 about
1564 2778 23 13 or
1601 2774 40 17 else
1652 2778 36 13 our
1706 2773 110 22 Emigrants
1834 2774 59 17 won't

1301 2794 53 17 leave
1362 2796 35 19 us).
1421 2795 35 21 My
1463 2795 111 21 dispatches
1581 2796 51 16 state
1645 2795 49 21 that,
1702 2795 91 23 although
1807 2799 29 13 no.
1841 2799 52 14 more

1385 2816 78 17 roasted
1473 2816 45 22 pigs
1550 2816 49 18 have
1606 2816 48 18 been
1666 2816 60 17 found
1733 2818 40 19 out,
1781 2816 33 17 the
1823 2816 69 18 follow-

1302 2835 34 23 ing
1362 2841 40 13 new
1411 2837 77 17 notions
1494 2837 70 17 "'have
1571 2837 48 17 been
1628 2837 80 17 ordered
1716 2838 20 17 to
1743 2837 24 18 be
1775 2837 117 21 discovered,

1302 2858 38 16 and
1347 2858 39 17 will
1392 2858 21 17 be
1420 2858 109 17 discovered
1536 2858 129 23 accordingly.

1324 2880 35 16 Ist.
1383 2880 16 16 A
1406 2879 75 17 certain
1494 2879 72 22 elderly
1573 2879 110 22 gentleman
1691 2880 42 21 (not
1740 2879 33 18 the
1780 2879 32 18 old
1820 2879 72 22 gentle-

1302 2903 51 18 man,
1359 2905 38 16 par
1404 2901 110 21 excellence,
1523 2901 77 17 alluded
1608 2902 19 16 to
1635 2901 21 16 in
1663 2905 33 17 my
1701 2901 45 21 last)
1754 2901 36 18 will
1798 2900 94 21 discover,

1302 2921 42 17 that
1351 2921 17 17 if
1373 2921 24 18 he
1425 2922 104 17 calculates
1558 2926 51 17 upon
1637 2922 64 21 riding
1707 2922 59 21 rovgh
1773 2922 47 18 shod
1848 2926 45 13 over

1302 2941 32 18 the
1347 2942 57 18 Port
1419 2943 117 21 Nickites,
1548 2943 35 18 the
1602 2943 56 18 Port
1672 2938 104 23 nlckites
1791 2942 101 21 aforesaid,

1320 2963 89 18 estimate
1441 2964 44 18 that
1496 2964 26 17 he
1530 2965 53 16 must
1594 2964 69 17 ballast
1670 2964 31 17 his
1714 2964 57 17 horse
1778 2964 48 17 with
1834 2969 12 12 a
1857 2964 36 21 bag

1302 2985 24 20 of
1333 2986 62 16 stones
1402 2985 40 17 tied
1454 2987 20 16 to
1484 2986 30 16 his
1526 2986 42 20 tail,
1580 2987 21 15 to
1614 2986 49 21 keep
1677 2985 40 17 him
1731 2985 49 17 from
1790 2985 58 21 going
1862 2985 31 17 too

1301 3006 54 17 much
1366 3006 68 17 ahead.
1457 3006 40 18 Not
1510 3007 42 17 that
1564 3007 47 20 they
1622 3011 32 12 are
1664 3007 124 21 particularly
1801 3006 62 17 afraid
1874 3006 22 16 of

1302 3031 37 17 any
1346 3027 52 22 thing
1404 3028 59 21 going
1472 3028 63 17 ahead
1545 3028 21 17 in
1573 3027 114 18 Hawkland.

1322 3048 63 21 2ndly.
1407 3049 42 17 The
1456 3049 43 17 said
1506 3049 110 22 gentleman
1623 3049 39 17 will
1668 3049 40 17 also
1716 3048 86 18 discover
1808 3048 43 17 that
1860 3048 33 17 the

1302 3068 56 18 Port
1364 3069 106 19 Nickites
1479 3075 31 13 are
1518 3075 24 12 an
1551 3070 94 17 obstinate
1651 3070 29 17 set
1686 3070 24 19 of
1715 3074 56 17 asses,
1777 3069 72 22 freshly
1856 3068 37 18 im-

1302 3090 67 21 ported
1383 3091 50 17 from
1448 3095 12 13 a
1474 3092 40 16 free
1527 3092 84 20 country
1621 3091 42 17 into
1675 3095 11 13 a
1700 3091 39 16 free
1746 3091 81 21 country
1834 3096 4 15 ;
1850 3089 43 18 that

1302 3111 55 18 these
1364 3112 43 17 said
1414 3112 82 23 donkey*
1505 3112 47 18 have
1560 3113 34 22 got
1607 3116 11 13 a
1629 3113 56 20 nasty
1692 3112 67 17 notion
1766 3111 21 18 of
1792 3110 51 18 their
1850 3115 42 13 own

1302 3133 21 17 of
1332 3133 85 22 Tricking;
1430 3133 44 21 and,
1487 3134 75 21 though
1576 3133 46 22 they
1636 3133 48 17 have
1698 3132 51 23 good
1763 3136 57 14 cause
1832 3133 20 16 to
1867 3132 24 17 be

1302 3153 101 23 devilishly
1524 3155 46 21 they
1578 3154 42 18 who
1628 3155 81 19 attempt
1717 3155 20 16 to
1745 3154 40 17 ride
1792 3153 54 17 them
1853 3152 40 18 will

1302 3179 47 14 soon
1356 3175 41 19 find
1403 3178 35 16 out
1446 3176 45 21 they
1498 3180 33 13 are
1538 3177 35 16 not
1722 3175 39 17 and
1767 3174 93 21 certainly
1867 3173 24 18 do

1301 3197 35 16 not
1350 3197 77 21 require
1559 3198 26 16 At
1598 3201 38 17 any
1644 3197 47 21 rate,
1705 3200 52 13 some
1763 3195 78 23 jockeys
1848 3199 44 17 may

1302 3217 48 18 have
1357 3222 69 13 reason
1433 3219 21 16 to
1461 3218 46 23 sing
1513 3218 48 17 with
1571 3218 66 17 Liston

1345 3239 14 9 *'
1365 3239 39 17 But
1412 3239 58 18 times
1478 3244 32 12 are
1518 3244 55 12 come
1580 3240 21 16 to
1608 3243 11 13 a
1626 3239 65 21 pretty
1697 3241 53 19 pass,

1343 3260 63 18 When
1413 3265 13 13 a
1432 3265 45 13 man
1485 3261 53 17 can*
1545 3265 25 16 go
1576 3260 30 17 for
1613 3261 20 16 to
1722 3258 32 17 his
1761 3263 42 13 own

1302 3280 105 23 Moreover,
1420 3282 17 17 it
1451 3282 40 18 will
1504 3282 25 17 be
1540 3281 113 18 discovered
1665 3280 43 18 that
1719 3280 55 17 these
1785 3279 45 17 Port
1841 3279 52 17 Nick

1301 3302 180 22 Jackamoor-asses,
1495 3303 51 17 from
1561 3302 52 18 their
1627 3301 54 18 habit
1696 3301 21 17 of
1729 3301 80 20 sticking
1822 3300 19 17 to
1858 3305 35 12 one

1302 3324 84 21 another,
1394 3325 66 20 pretty
1471 3324 60 18 much
1540 3322 95 19 resemble
1646 3327 22 13 so
1675 3326 58 17 many
1741 3321 63 22 lumps
1816 3321 23 17 of
1850 3321 41 17 cob-

1303 3343 56 19 bler's
1370 3350 50 17 wax,
1428 3345 39 17 and
1477 3345 50 21 that,
1534 3345 88 17 whoever
1634 3348 45 16 may
1686 3345 32 19 try
1726 3343 20 16 to
1759 3343 63 17 mount
1830 3342 61 20 them,

1302 3365 62 22 might
1367 3366 45 23 just
1420 3371 21 13 as
1449 3367 42 17 well
1498 3366 86 17 bestride
1592 3364 68 23 a.pitch
1668 3364 72 20 barrel;
1748 3363 42 18 that
1796 3362 19 18 is
1821 3364 20 16 to
1849 3367 40 17 say,

1302 3387 55 17 while
1367 3389 25 16 he
1407 3388 20 16 is
1437 3387 137 22 humbugging:
1589 3385 80 19 himself
1675 3385 42 17 that
1725 3385 25 17 he
1763 3385 18 17 is
1785 3383 59 23 going
1851 3385 21 16 at
1881 3389 12 12 a

1301 3408 90 22 slapping
1398 3413 70 17 pace
1468 3408 73 21 ahead;
1552 3408 26 17 lie
1583 3411 46 18 may
1635 3406 41 18 find
1681 3406 82 18 himself
1771 3406 66 21 pretty
1844 3409 47 14 con-

1302 3429 95 22 siderably
1409 3430 58 17 stuck
1481 3429 40 17 fast
1543 3430 79 16 astern.'

1323 3450 83 22 3rdly.
1406 3451 110 22 Emigrants
1527 3450 50 17 from
1586 3449 44 18 Port
1638 3448 51 18 Nick
1696 3448 39 18 will
1740 3447 92 21 discover,
1840 3448 51 20 that,

1301 3470 21 18 in
1331 3476 52 13 some
1395 3473 56 20 parts
1465 3472 22 17 of
1498 3471 33 17 the
1544 3470 96 19 Southern
1653 3469 68 18 Pacific
1729 3469 68 21 Ocean,
1807 3469 92 17 breeches-

1300 3493 76 21 pockets
1384 3498 34 12 are
1429 3497 21 13 bo
1459 3493 88 21 strongly
1553 3491 63 22 made,
1628 3491 42 18 that
1677 3491 34 17 the
1722 3490 66 22 weight
1799 3489 24 21 of
1828 3494 65 16 money

1302 3514 86 17 received
1392 3516 37 20 for
1436 3514 69 17 labour
1515 3516 35 15 has
1560 3517 58 13 never
1625 3512 49 17 been
1679 3512 71 17 known
1757 3513 21 15 to
1784 3515 51 12 wear
1844 3510 49 18 them

1302 3536 45 17 out!
1366 3535 45 17 And
1419 3535 46 21 they
1472 3535 43 17 who
1519 3538 33 14 are
1559 3533 124 23 particularly
1690 3531 90 18 addicted
1787 3532 19 16 to
1815 3531 77 23 signing

1412 3556 40 18 -will
1460 3556 94 20 discover,
1562 3555 51 17 when
1621 3556 32 15 too
1660 3554 45 20 late,
1710 3554 44 17 that
1760 3553 45 20 they
1813 3556 31 13 are
1848 3554 43 19 just

1302 3582 21 13 as
1331 3578 58 21 fastly
1397 3571 13 16 lt
1416 3577 41 17 tied
1467 3578 22 20 by
1500 3576 31 18 the
1605 3580 22 12 as
1634 3575 75 21 though
1720 3574 46 21 they
1773 3573 78 22 spotted
1858 3573 34 17 the

1322 3599 42 17 iron
1369 3598 92 18 bracelet*
1491 3597 21 18 of
1518 3602 11 13 a
1536 3596 77 19 convict
1621 3596 118 17 settlement.
1761 3594 57 17 Their
1825 3598 66 17 wives,

1302 3623 105 18 moreover,
1412 3619 41 18 will
1458 3620 95 20 discover,
1561 3618 43 18 that
1611 3616 75 22 though
1693 3616 45 21 they
1749 3615 46 17 have
1802 3615 47 17 been
1861 3619 30 13 ac-

1302 3641 106 21 customed,
1416 3641 26 17 all
1449 3640 52 18 their
1507 3640 54 20 live*,
1569 3640 21 16 to
1783 3636 40 21 yet,
1836 3636 55 17 when

1302 3663 46 20 they
1354 3662 48 17 have
1413 3662 36 17 left
1456 3661 58 18 Port
1527 3660 64 21 Nick,
1599 3659 46 21 they
1656 3658 37 18 will
1701 3658 49 17 have
1757 3658 20 16 to
1787 3656 57 18 make
1851 3656 42 18 still

1302 3688 51 13 more
1360 3683 57 22 shifts
1423 3683 68 17 /and
1496 3682 34 17 the
1540 3681 51 18 devil
1598 3685 12 12 a
1616 3684 35 18 rag
1658 3679 38 18 will
1703 3679 47 20 they
1755 3677 40 19 find
1802 3678 21 17 to
1835 3677 57 18 make

1302 3705 53 17 them
1363 3704 26 17 of.
1735 3720 19 6 _
1769 3721 7 5 A
1784 3720 9 6 T

1324 3726 73 21 Lastly,
1404 3729 45 17 you,
1456 3724 37 18 Mr.
1502 3723 75 21 Editor,
1587 3723 39 17 will
1634 3721 93 21 discover,
1734 3720 43 17 that
1784 3720 10 17 I
1802 3719 61 23 ought
1870 3720 22 16 to

1301 3747 49 17 have
1362 3748 44 16 sent
1419 3746 56 17 these
1490 3743 153 19 "discoveries'*
1656 3743 21 16 to
1693 3742 34 17 the
1741 3741 78 17 Gazette
1834 3741 59 16 Office

1302 3768 73 20 earlier,
1388 3768 37 16 but
1438 3771 33 17 my
1481 3766 64 21 object
1556 3764 58 24 being
1628 3765 20 16 to
1766 3762 72 20 others,
1851 3761 41 17 this

1301 3790 54 17 must
1366 3789 24 17 be
1397 3792 35 17 my
1439 3791 69 14 excuse
1517 3787 30 17 for
1554 3786 89 22 delaying
1651 3783 39 18 this
1697 3787 59 19 paper
1762 3783 32 17 till
1801 3782 90 21 Fry-dxy.

1634 3811 81 19 JERRY
1726 3809 144 19 TWITCHEM.
