2559 4039
1907 694 221 22 WHOLESALE
2158 694 126 23 PRICES
2318 694 178 25 CURRENT.

1946 3458 39 17 The
1998 3458 49 16 New
2057 3457 100 17 Zealand
2169 3457 92 18 Gazette
2273 3457 43 21 will,
2327 3458 28 17 for
2367 3457 31 17 the
2407 3459 78 19 present,
2497 3457 22 16 b»

1925 3478 98 22 published
2030 3479 73 20 weekly,
2112 3483 55 17 every
2173 3479 90 21 Saturday
2270 3478 92 22 morning.
2384 3479 22 16 So
2411 3483 42 12 soon
2461 3482 19 13 as
2485 3478 13 16 it
2503 3478 16 16 ii

1926 3499 110 22 sufficiently
2042 3501 104 20 supported,
2157 3501 16 16 it
2178 3500 40 16 will
2227 3501 22 16 be
2256 3501 64 16 issued
2326 3499 128 21 semi-weekly.
2475 3499 44 17 Sub-

1924 3521 62 21 joined
1993 3525 31 13 are
2032 3521 30 16 the
2069 3523 57 14 terms
2131 3527 5 10 :
2138 3530 23 4 —

1946 3542 66 17 Price
2019 3546 25 12 op
2051 3546 40 13 the
2097 3542 77 17 Paper.
2175 3550 22 4 —
2197 3542 56 21 Forty
2259 3542 85 21 shillings
2350 3546 33 17 per
2394 3546 73 16 annum,
2477 3545 43 17 pay-

1926 3563 40 17 able
1972 3563 21 16 in
2000 3563 80 17 advance
2086 3569 3 13 ;
2101 3567 21 12 or
2128 3567 36 12 one
2171 3563 76 21 shilling
2253 3563 29 17 for
2289 3563 58 21 single
2355 3564 91 17 numbers.

1946 3586 192 15 Advertisements.
2139 3593 22 3 —
2162 3584 32 16 Six
2204 3584 47 17 lines
2263 3584 37 18 and
2310 3585 65 18 under,
2387 3585 24 16 3s.
2420 3584 27 17 Gd.
2453 3584 28 16 for
2487 3582 30 18 the

1927 3605 39 17 first
1977 3605 96 20 insertion,
2084 3605 37 17 and
2133 3610 34 12 one
2178 3605 77 21 shilling
2260 3606 30 16 for
2296 3606 44 16 each
2347 3606 110 20 subsequent
2463 3605 56 16 inser-

1927 3626 39 17 tion
1970 3631 4 14 ;
1987 3626 48 17 from
2042 3626 30 17 six
2078 3628 18 15 to
2104 3628 32 15 ten
2143 3626 54 20 lines,
2205 3627 36 16 five
2248 3627 85 21 shillings
2345 3628 29 16 for
2385 3627 29 16 the
2426 3626 43 19 first,
2481 3624 36 18 and

1927 3652 34 12 one
1972 3647 77 21 shilling
2059 3648 35 16 and
2106 3647 88 21 sixpence
2204 3648 30 17 for
2244 3649 46 16 each,
2300 3649 112 19 subsequent
2421 3647 86 17 insertion
2514 3650 3 15 ;

1927 3669 57 16 above
1995 3671 31 14 ten
2037 3669 53 20 lines,
2101 3669 38 16 live
2150 3669 125 23 shillingg>for
2286 3669 31 17 ths
2327 3669 40 17 first
2379 3670 29 15 ten
2419 3668 51 19 lines,
2482 3668 35 16 and

1927 3690 98 21 fourpence
2032 3694 31 17 per
2070 3690 38 17 line
2115 3690 28 17 for
2150 3691 31 16 the
2189 3694 64 13 excess
2260 3691 21 17 of
2291 3690 39 17 that
2337 3691 86 18 number;
2434 3689 35 17 and
2475 3690 43 15 two-

1927 3715 58 17 pence
1991 3716 32 16 per
2029 3711 38 17 line
2073 3711 28 17 for
2109 3711 45 17 each
2162 3712 113 20 subsequent
2281 3711 96 18 insertion.

1948 3732 158 17 Advertisements
2113 3732 39 17 will
2157 3734 35 15 not
2197 3737 68 17 appear
2273 3732 22 17 in
2305 3733 32 16 the
2348 3732 79 21 ensuing
2437 3731 81 18 number,

1928 3753 17 17 if
1952 3753 85 17 received
2043 3753 46 17 later
2096 3753 45 17 than
2152 3754 73 20 Friday,
2238 3755 19 15 10
2269 3753 74 21 o'clock,
2355 3758 42 12 a.m.
2418 3751 101 18 Advertiso-

1927 3777 61 14 ments
1996 3775 38 16 will
2040 3776 22 15 be
2070 3775 100 17 continued
2176 3776 37 16 and
2221 3775 77 21 charged
2302 3775 50 16 until
2355 3772 163 19 counter-ordered;

1929 3796 44 17 such
1981 3796 52 17 order
2040 3798 51 15 must
2097 3797 23 15 be
2127 3798 43 16 sent
2176 3798 19 16 to
2202 3797 32 17 the
2239 3796 55 17 Office
2301 3796 52 17 three
2360 3796 44 20 days
2410 3795 60 17 before
2476 3794 44 21 pub-

1928 3817 82 19 lication,
2018 3817 36 17 and
2061 3819 51 16 must
2118 3818 23 17 be
2148 3818 20 17 in
2176 3818 79 20 writing.

1950 3838 31 18 All
1988 3839 67 18 orders,
2067 3840 159 19 advertisements,
2238 3838 37 18 and
2286 3837 162 18 communications
2460 3838 17 15 to
2489 3836 30 16 th«

1930 3860 69 20 Editor,
2007 3865 30 11 are
2044 3861 97 20 requested
2148 3861 19 16 to
2174 3861 22 15 be
2202 3859 99 17 addressed
2307 3861 19 15 to
2333 3860 38 16 this
2378 3859 61 17 Office.

1931 3913 75 16 Piinted
2010 3912 36 17 and
2051 3913 97 20 published
2154 3916 55 17 every
2217 3912 88 20 Saturday
2312 3911 89 21 morning,
2408 3911 24 21 by
2439 3910 80 17 Samvez,

1952 3934 89 16 Eeva\s.
2054 3935 18 15 at
2083 3934 31 16 the
2126 3934 56 16 Office
2194 3934 20 16 of
2226 3933 30 17 the
2269 3933 50 17 New
2326 3932 97 17 Zkaland
2431 3932 88 16 Gazette

1952 3959 41 12 and
2002 3955 136 16 WxiiMKGToy
2146 3955 121 16 Spectator,
2275 3953 153 21 Tarannki-place,-

1952 3979 36 16 ton,
1999 3976 40 17 Poit
2050 3976 103 18 NVhohon,
2166 3976 42 17 New
2218 3976 78 17 Zealand

518 42 100 31 THE
636 43 112 30 NEW
766 42 229 31 ZEALAND
1014 39 226 32 GrAZETTE
1259 38 99 32 AND
1376 37 329 31 WELLINGTON
1729 37 293 31 SPECTATOR.

1979 732 132 13 CORRECTED
2126 732 29 13 UP
2169 732 29 13 TO
2214 732 84 14 FRIDAY
2313 732 109 15 EVENING.

2249 750 16 18 £
2288 756 14 11 S.
2328 752 18 16 d.
2400 751 18 18 £
2439 756 15 12 8.
2481 753 17 16 A.

1908 770 63 22 Ale:
1988 770 29 21 In
2025 770 77 27 bottle,
2117 771 115 27 perdoz..
2251 775 14 19 0
2279 773 27 21 12
2334 775 13 19 6
2365 787 18 6 ..
2402 775 14 19 0
2430 774 27 20 14
2484 775 15 20 0

1988 797 103 27 Taylor's
2247 799 15 21 7
2289 800 13 20 0
2325 801 20 21 .0
2363 814 5 5 .
2375 814 5 6 .
2399 799 14 23 7
2439 801 14 20 0
2481 802 15 20 0

1909 824 98 21 Arrack
2016 832 5 13 :
2037 824 43 22 Per
2088 825 76 25 gallon
2190 828 77 20 ....0
2294 827 13 20 3
2336 828 13 20 6
2367 841 4 5 .
2378 841 6 5 .
2403 829 14 19 0
2443 828 14 20 0
2485 831 15 20 0

1908 850 79 22 Bread
1997 858 4 14 :
2018 850 41 22 Per
2068 851 45 22 21b.
2125 851 50 22 loaf
2253 855 14 19 0
2294 854 14 20 0
2336 854 81 21 9..0
2444 855 13 20 0
2486 855 14 20 0

1908 876 74 22 Beef:
1999 877 75 27 Fresh,
2094 885 91 15 carcase
2199 886 41 20 per

2026 904 23 22 lb
2251 908 14 19 0
2293 908 13 19 0
2334 908 14 20 9
2366 920 17 7 ..
2402 909 14 19 0
2443 909 13 19 0
2485 909 14 19 0

1908 930 95 22 Butter
2010 938 4 14 :
2032 931 64 27 Irish,
2106 939 40 20 per
2153 931 33 23 lb.
2218 947 5 5 .
2230 947 6 5 .
2254 935 15 19 0
2296 934 10 20 1
2337 935 14 19 9
2368 947 5 6 .
2380 948 5 6 .
2404 935 15 21 0
2445 935 14 21 2
2488 935 14 20 0

2031 958 68 22 Fresh
2254 962 14 20 0
2295 961 13 20 3
2336 961 49 21 6..
2404 963 14 19 0
2445 963 14 19 0
2487 963 14 19 0

1908 984 98 23 Brandy
2014 993 4 13 :
2034 985 59 22 First
2099 986 93 27 quality,
2200 993 40 21 per

2057 1011 76 28 gallon
2253 1016 13 19 0
2295 1015 13 19 9
2336 1016 82 20 0..0
2432 1015 26 20 12
2487 1017 14 18 0

1908 1039 87 21 Brown
2015 1039 73 22 Stout
2096 1046 5 14 :
2126 1040 114 21 Trueman

2146 1066 47 22 and
2200 1067 38 21 Co.
2253 1068 14 20 6
2282 1067 25 21 15
2336 1069 14 19 0
2368 1081 17 6 ..
2404 1067 13 21 7
2445 1069 13 19 0
2487 1070 13 18 0

1910 1093 100 21 Cigars:
2021 1092 103 27 Manilla,
2132 1100 41 20 per
2178 1095 61 25 1000,
2254 1095 14 19 3
2282 1095 27 20 10
2337 1096 14 19 0
2368 1108 18 6 ..
2404 1095 15 20 4
2446 1096 13 20 0
2488 1096 13 19 0

2019 1118 96 22 Inferior
2253 1121 14 20 2
2295 1122 13 19 0
2337 1123 13 19 0
2368 1135 17 6 ..
2404 1123 14 19 0
2445 1123 13 19 0
2487 1123 14 19 0

2019 1145 136 29 Havannah,
2162 1154 40 19 per
2208 1147 31 21 lb.
2254 1149 14 19 0
2282 1147 27 21 14
2337 1149 13 20 0
2368 1162 17 6 ..
2404 1149 14 21 0
2445 1149 14 20 0
2487 1149 14 20 0

2019 1172 127 22 Chinsurah
2254 1175 14 19 2
2283 1175 26 20 10
2338 1176 14 20 0
2369 1189 17 6 ..
2404 1177 15 19 0
2446 1176 13 20 0
2487 1177 14 19 0

2019 1199 156 23 Alexandrian
2190 1201 118 21 ....110
2336 1203 14 20 0
2367 1215 18 7 ..
2404 1203 14 20 0
2445 1203 13 19 0
2487 1203 14 20 0

1910 1227 89 21 Coffee
2006 1234 5 14 :
2023 1226 63 27 Java,
2097 1234 41 24 per
2146 1227 23 22 lb
2254 1230 14 19 0
2298 1229 8 19 1
2338 1230 13 20 0
2369 1243 4 5 .
2381 1243 4 5 .
2404 1230 15 20 0
2447 1229 11 21 1
2488 1230 13 20 3

1910 1253 92 22 Cheese
2009 1261 5 13 :
2029 1253 107 23 Cheshire
2254 1257 14 19 0
2296 1256 10 20 1
2337 1256 83 20 3..0
2447 1256 56 21 110

2028 1280 56 22 Pine
2094 1281 75 28 Apple
2192 1283 77 19 ....0
2298 1283 9 19 1
2338 1283 82 21 4..0
2446 1283 14 21 2
2488 1284 15 20 0

2028 1307 75 22 Dutch
2256 1310 13 20 0
2298 1309 9 21 1
2338 1311 14 19 0
2369 1324 18 5 ..
2406 1311 14 19 0
2447 1311 11 19 1
2489 1310 13 20 3

1911 1334 106 22 Candles
2025 1341 4 14 :
2037 1334 94 27 English
2139 1342 57 20 wax,
2202 1342 41 20 per

2054 1361 23 21 lb
2256 1364 14 20 0
2297 1363 12 20 2
2325 1364 27 20 10
2369 1377 18 6 ..
2406 1365 14 19 0
2447 1364 13 20 3
2489 1365 15 20 0

2042 1387 82 23 Mould
2255 1391 14 20 0
2298 1391 9 20 1
2338 1391 82 21 0..0
2448 1391 11 20 1
2489 1391 14 20 4

2043 1415 69 27 Dips.
2254 1418 14 20 0
2296 1419 12 19 0
2324 1418 26 20 10
2369 1431 16 6 ..
2405 1419 14 19 0
2448 1418 10 20 1
2489 1419 14 19 0

1912 1442 92 22 Flour:
2014 1444 34 19 Ist
2052 1441 94 28 quality,
2158 1450 41 19 per
2204 1446 38 18 ton

2036 1469 135 22 of2ooolbs
2239 1471 29 21 30
2295 1472 13 20 0
2336 1472 14 20 0
2369 1471 49 21 ..35
2446 1472 14 20 0
2489 1474 14 19 0

2012 1496 45 21 2nd
2068 1496 56 22 ditto
2242 1499 28 19 26
2298 1499 12 19 0
2338 1499 14 19 0
2370 1512 17 6 ..
2407 1499 14 20 0
2447 1500 14 19 0
2490 1500 13 20 0

1914 1523 46 21 Gin
1969 1530 5 14 :
1994 1522 54 22 Pale
2256 1526 15 20 0
2298 1525 12 20 5
2340 1526 13 19 6
2371 1539 17 5 ..
2407 1526 14 20 0
2448 1526 13 20 9
2491 1527 13 19 0

1995 1550 61 26 Case,
2072 1551 13 20 3
2099 1550 88 26 gallons
2197 1552 44 20 4-5.
2257 1553 53 19 018
2340 1554 13 19 0
2371 1566 17 6 ..
2409 1553 9 19 1
2449 1553 10 20 1
2491 1554 13 19 0

1913 1576 83 22 Hams:
2011 1577 130 28 Yorkshire,
2155 1578 87 27 perlb.
2257 1580 15 19 0
2299 1580 12 20 0
2327 1580 26 20 10
2372 1593 17 6 ..
2407 1580 14 20 0
2450 1580 11 19 1
2491 1580 14 20 0

1913 1604 115 22 Mustard
2037 1611 3 13 :
2056 1603 43 23 Per
2108 1604 72 23 dozen
2260 1606 10 21 1
2300 1606 11 21 8
2341 1608 13 19 0
2372 1620 5 5 •
2384 1620 5 6 •
2409 1606 14 21 0
2450 1606 13 21 0
2492 1608 14 19 0

1913 1631 102 22 Mutton
2023 1639 5 14 :
2049 1631 94 22 Carcase
2153 1639 41 20 per
2202 1632 23 21 lb
2236 1648 5 5 .
2257 1634 14 19 0
2299 1634 12 19 0
2340 1634 13 20 9
2372 1647 4 5 .
2384 1648 4 5 .
2408 1634 14 19 0
2450 1633 10 20 1
2491 1635 14 18 0

1913 1658 123 22 Muskets:
2052 1658 94 22 Walnut
2153 1659 92 22 stocked
2259 1661 13 20 0
2287 1660 26 20 14
2341 1662 14 19 0
2373 1674 17 6 ..
2410 1660 10 21 1
2451 1660 12 21 8
2493 1662 13 19 0

1913 1685 79 22 Milk:
2008 1685 43 22 Per
2056 1686 50 27 pint
2258 1688 14 19 0
2299 1688 13 19 0
2340 1688 15 19 4
2372 1701 17 6 ..
2409 1688 14 19 0
2450 1688 13 19 0
2493 1689 14 18 0

1913 1713 44 21 Oil
1966 1720 4 13 :
1986 1713 104 27 Linseed,
2100 1720 41 20 per
2150 1713 76 27 gallon
2237 1715 35 20 .0
2299 1715 13 19 6
2341 1715 14 19 0
2373 1728 5 5 .
2385 1728 5 5 .
2409 1715 14 20 0
2451 1714 12 21 8
2493 1715 13 20 8

1988 1739 77 27 Black,
2070 1740 23 21 in
2099 1740 174 26 cask,perton2o
2301 1742 12 19 0
2343 1742 12 19 0
2373 1755 17 6 ..
2409 1742 14 20 0
2451 1742 12 19 0
2493 1743 14 18 0

1913 1766 77 22 Pork:
2006 1766 75 28 Fresh,
2100 1774 89 15 carcase
2205 1774 41 20 per

2031 1793 22 22 Ib
2258 1796 14 19 0
2300 1796 12 19 0
2340 1796 13 20 3
2373 1809 4 5 .
2385 1809 5 6 .
2409 1797 13 19 0
2450 1796 13 19 0
2492 1797 14 19 0

1914 1820 64 21 Pork
1986 1827 5 14 :
2007 1820 66 27 Irish,
2083 1827 43 21 per
2133 1820 74 23 barrel
2221 1836 5 5 .
2233 1835 5 6 .
2258 1822 13 20 5
2300 1823 12 19 0
2341 1824 13 19 0
2373 1836 5 5 .
2385 1836 5 6 .
2409 1824 14 19 0
2450 1824 13 19 0
2493 1824 14 19 0

1914 1847 119 22 Potatoes
2041 1854 5 14 :
2066 1847 58 21 rJew
2136 1848 109 27 Zealand,

2091 1881 40 20 per
2141 1878 38 18 ton
2258 1876 13 20 5
2300 1877 13 19 0
2341 1878 14 19 0
2373 1890 5 5 .
2385 1890 5 5 .
2411 1876 12 21 7
2439 1877 25 20 10
2493 1878 14 19 0

1915 1901 94 21 Porter
2019 1909 4 13 :
2053 1900 103 28 Dunbar,
2167 1902 25 21 in.
2200 1902 45 22 bot.

2082 1929 93 27 perdoz
2260 1932 13 19 0
2289 1930 24 21 12
2342 1932 14 19 0
2374 1944 17 5 ..
2410 1932 14 19 0
2439 1931 26 20 14
2494 1932 13 19 0

1916 1955 97 22 Pickles
2025 1963 5 13 :
2061 1956 117 26 Assorted,
2208 1964 40 20 per

2088 1982 11 25 d
2099 1982 47 25 02.,
2171 1987 75 21 quarts
2263 1985 9 19 1
2303 1985 12 19 8
2345 1986 12 19 0
2376 1998 17 5 ..
2414 1985 9 19 1
2442 1985 25 20 16
2496 1986 13 19 0

1915 2007 73 21 Pitch
2002 2015 5 12 :
2040 2008 138 26 Stockholm,
2208 2015 40 21 per

2064 2034 72 21 barrel
2263 2036 53 21 110
2344 2038 49 19 0..
2427 2036 40 21 20
2496 2038 13 19 0

1915 2061 82 21 Plank
2005 2069 4 13 :
2039 2061 53 22 Port
2114 2061 133 27 Nicholson,

2064 2095 40 20 per
2114 2090 41 20 100
2164 2089 46 22 feet
2224 2093 16 16 .*.
2261 2092 14 19 0
2290 2091 25 20 18
2344 2092 13 19 0
2376 2104 16 6 ..
2413 2090 10 21 1
2440 2091 26 20 10
2496 2092 13 19 0

2038 2115 122 27 Hokianga
2261 2118 14 20 ?
2303 2118 12 19 5
2345 2119 48 20 0..
2413 2118 12 21 2
2441 2118 26 20 10
2496 2119 13 19 0

1917 2142 69 22 Pace:
1999 2143 108 21 Common
2118 2151 40 19 per
2164 2147 49 18 cwt.
2226 2158 16 6 ..
2262 2146 14 19 0
2291 2145 26 20 14
2345 2146 14 20 0
2378 2159 16 5 ..
2413 2145 14 20 2
2454 2146 13 20 0
2497 2146 13 19 0

1998 2169 65 22 Good
2261 2172 11 20 1
2302 2172 14 20 4
2345 2174 48 19 0..
2413 2172 53 21 110
2496 2174 13 19 0

1917 2197 53 21 Rum
1979 2205 4 12 :
2002 2197 23 22 P.
2037 2197 24 21 B.
2073 2197 33 25 P.,
2124 2197 55 27 duty
2192 2198 55 26 free,

2024 2231 39 19 per
2073 2224 77 26 gallon
2261 2228 15 19 0
2303 2226 12 20 5
2345 2227 13 20 6
2377 2240 17 5 ..
2413 2228 14 20 0
2442 2226 25 21 13
2496 2228 14 19 0

1917 2252 87 21 Sugar:
2023 2251 118 22 Mauritius
2152 2259 39 21 per
2199 2255 48 19 cwt.
2262 2254 14 20 2
2304 2254 13 20 0
2345 2255 14 19 0
2377 2267 17 6 ..
2413 2254 14 20 2
2442 2254 26 20 10
2497 2255 14 18 0

2025 2278 80 22 Brown
2261 2281 14 20 0
2303 2282 12 19 0
2345 2282 48 20 0..
2414 2281 52 21 115
2496 2282 14 19 0

2026 2306 98 22 Refined
2139 2306 54 28 loaf,
2211 2314 40 21 per

2051 2333 22 22 lb
2263 2336 14 19 0
2305 2336 12 19 0
2347 2336 12 20 8
2378 2349 17 6 ..
2414 2336 13 20 0
2455 2336 14 20 0
2498 2337 12 19 9

2026 2360 98 22 Manilla
2263 2362 54 21 113
2346 2363 14 20 0
2379 2377 4 5 .
2391 2377 4 5 .
2415 2363 10 20 1
2442 2363 27 20 18
2498 2363 14 20 0

1917 2388 59 21 Salt
1985 2395 5 13 :
2007 2388 127 27 Liverpool,
2144 2396 41 19 per
2195 2392 38 18 ton
2242 2405 5 5 .
2263 2391 14 19 6
2305 2390 13 20 0
2347 2391 13 19 0
2379 2403 4 6 .
2391 2404 4 5 .
2415 2390 13 20 8
2456 2391 13 19 0
2498 2391 14 19 0

1917 2415 59 21 Soap
1986 2422 4 14 :
2019 2414 102 22 Hawes's
2145 2415 104 27 London,

2044 2450 40 19 per
2091 2446 40 18 ton
2248 2444 29 20 42
2305 2445 12 19 0
2346 2445 14 19 0
2378 2445 50 20 ..50
2456 2445 14 19 0
2498 2445 14 19 0

1917 2469 105 22 Starch:
2039 2469 74 22 Perlb
2265 2473 14 19 0
2308 2471 8 21 1
2348 2472 82 20 9..0
2457 2471 13 21 2
2500 2472 13 20 0

1918 2497 143 21 Scantling:
2079 2497 43 21 Per
2129 2499 40 21 100
2179 2498 67 22 feet..
2266 2500 14 20 0
2295 2499 25 20 18
2350 2499 13 21 0
2381 2513 17 5 ..
2418 2499 10 21 1
2458 2499 12 19 5
2501 2500 13 19 0

1919 2525 127 21 Shingles:
2063 2524 43 22 Per
2114 2526 53 21 1000
2266 2527 11 19 1
2294 2527 26 20 10
2349 2527 13 19 0
2381 2540 16 6 ..
2417 2527 13 20 2
2458 2527 14 20 0
2500 2527 14 19 0

1917 2551 51 22 Tar
1975 2559 6 13 :
1997 2551 54 21 Coal
2266 2554 53 20 115
2349 2555 50 19 0..
2418 2554 14 20 0
2458 2554 14 20 0
2501 2555 13 19 0

2001 2578 129 22 Stockholm
2268 2581 54 21 110
2351 2581 81 21 0..2
2460 2581 13 21 0
2502 2581 13 21 0

1918 2606 62 22 Tea:
1999 2606 87 27 Hyson,
2098 2614 40 19 per
2149 2607 63 21 chest
2230 2609 50 20 ..8
2308 2609 13 20 0
2350 2609 14 20 0
2381 2608 49 21 ..11
2447 2608 23 21 11
2501 2609 14 19 0

1918 2633 106 22 Tobacco
2032 2641 5 13 :
2052 2633 143 28 Negrohead,
2214 2642 40 20 per

2078 2661 23 21 lb
2267 2664 14 19 0
2310 2662 7 21 1
2351 2663 13 20 0
2382 2676 17 6 ..
2419 2663 14 20 0
2461 2662 11 21 1
2502 2663 13 20 3

1918 2688 165 21 Turpentine:
2099 2688 44 22 Per
2148 2688 100 28 gallon..
2268 2691 14 20 0
2310 2690 12 21 8
2352 2690 13 20 6
2383 2703 17 6 ..
2420 2690 13 19 0
2461 2690 14 20 0
2503 2690 12 21 0

1919 2715 163 22 Whalebone:
2099 2715 43 22 Per
2152 2720 39 17 ton
2254 2718 28 19 90
2309 2718 13 19 0
2351 2717 13 20 0
2383 2717 64 20 ..100
2461 2718 13 19 0
2502 2718 13 19 0

1919 2742 83 22 Wine:
2018 2742 90 28 Sherry,
2119 2750 41 20 per
2167 2743 52 27 pipe
2232 2745 50 20 ..28
2309 2746 13 19 0
2352 2745 14 20 0
2383 2744 51 21 ..40
2461 2745 13 20 0
2503 2745 12 20 0

2030 2769 71 29 Ditto,
2117 2777 42 21 per
2171 2770 82 22 dozen.
2270 2772 10 21 1
2309 2772 14 19 4
2352 2772 14 20 0
2384 2785 16 6 ..
2420 2771 14 21 2
2462 2772 13 20 0
2504 2772 13 19 0

1920 2824 124 22 Poultry:
2059 2824 81 28 Fowls,
2146 2833 42 20 per
2194 2825 49 28 pair
2249 2842 7 5 .
2270 2828 15 19 0
2299 2826 27 21 10
2355 2827 13 19 0
2385 2840 18 5 ..
2422 2826 14 19 0
2463 2827 13 20 0
2505 2827 12 19 0

2058 2852 85 28 Ducks,
2156 2852 56 22 ditto
2233 2867 4 6 .
2245 2868 5 5 .
2270 2853 53 22 015
2353 2854 14 20 0
2385 2867 5 5 .
2397 2868 5 5 .
2422 2854 14 19 0
2463 2854 13 20 0
2504 2854 13 19 0

1907 2896 1 18 I
2060 2879 81 27 Geese,
2152 2879 57 22 ditto
2234 2895 4 5 .
2246 2895 5 5 .
2270 2880 54 22 015
2353 2881 14 20 0
2385 2894 5 5 .
2398 2895 5 5 .
2421 2881 15 20 0
2462 2882 14 19 0
2503 2882 14 19 0

2058 2906 104 28 Turkeys
2270 2915 61 14 none
2341 2907 24 22 in
2376 2906 37 22 the
2423 2906 94 23 market.

2060 2934 105 28 Pigrcons,
2176 2934 79 28 (wild,)

2086 2969 41 21 per
2137 2962 49 28 pair
2272 2963 14 21 0
2314 2963 12 20 3
2356 2963 82 20 0..0
2465 2963 13 20 0
2506 2962 14 21 0

2059 2988 85 28 Ducks,
2155 2989 35 22 do.
2202 2990 51 22 do..
2272 2991 15 20 0
2314 2990 12 20 5
2356 2990 14 20 0
2387 3003 18 6 ..
2424 2990 14 20 0
2464 2991 15 19 0
2505 2990 14 20 0

1923 3017 62 21 Eggs
1993 3024 6 13 :
2014 3017 44 21 Per
2068 3016 73 22 dozen
2273 3018 14 20 0
2315 3018 13 20 6
2357 3018 13 20 0
2388 3031 18 6 ..
2424 3018 14 20 0
2465 3018 14 20 0
2507 3017 13 20 0

1923 3071 77 21 Cows:
2016 3070 71 22 Milch
2258 3072 28 20 20
2314 3072 13 20 0
2355 3072 14 20 0
2387 3072 51 20 ..30
2464 3073 13 19 0
2505 3072 14 19 0

1923 3098 96 22 Mares:
2036 3097 75 22 Brood
2256 3099 29 21 50
2312 3099 14 20 0
2354 3099 15 20 0
2387 3099 50 21 ..90
2465 3099 13 21 0
2505 3099 14 19 0

1922 3125 118 21 Working
2057 3125 121 22 Bullocks
2186 3132 5 14 :
2216 3125 43 22 Per

1948 3152 51 28 pair
2259 3153 28 21 50
2315 3154 12 20 0
2357 3154 13 20 0
2388 3154 51 20 ..60
2466 3155 13 19 0
2508 3148 13 20 0

1923 3179 65 22 Hire
2000 3186 25 15 of
2037 3186 68 14 ditto
2112 3186 5 14 :
2134 3179 44 23 Per
2186 3179 51 28 day,
2246 3186 15 15 a

1948 3210 63 18 team
2021 3206 46 22 and
2073 3206 75 22 driver
2273 3209 13 20 1
2301 3209 27 20 10
2357 3209 14 20 0
2389 3222 17 6 ..
2425 3208 14 20 2
2465 3209 14 20 0

1924 3234 88 22 Sheep:
2028 3233 61 23 Each
2271 3236 15 20 2
2313 3237 13 19 0
2355 3237 14 19 0
2387 3249 18 7 ..
2423 3235 14 21 2
2463 3235 14 21 5

1924 3262 64 22 Boat
1999 3261 73 22 Hire:
2087 3261 45 22 Per
2138 3261 51 28 day,
2194 3261 66 23 with-

2117 3292 41 19 out
2167 3289 74 22 hands
2250 3306 6 5 .
2272 3291 55 20 010
2356 3292 15 19 0
2388 3304 5 7 .
2400 3305 6 6 .
2426 3291 9 20 1
2465 3292 14 19 0

1924 3344 88 22 Wages
2019 3351 6 15 :
2054 3343 141 29 Mechanics,
2221 3352 42 21 per

2079 3371 65 22 week
2274 3373 57 21 214
2359 3374 14 20 0
2390 3386 5 7 .
2402 3387 5 6 .
2427 3373 13 20 3
2467 3373 13 20 6

2063 3398 129 23 Labourers
2275 3401 11 20 1
2303 3401 26 20 10
2357 3401 15 20 0
2390 3414 5 7 .
2402 3415 5 6 .
2425 3400 14 20 2
2466 3400 14 21 2

2106 118 69 21 FOR
2191 119 96 25 SALE,

1904 150 74 48 AN
1993 150 185 23 EXCELLENT
2191 151 148 23 CANTEEN
2345 160 11 23 y
2373 151 119 23 would'be

1983 177 73 22 useful
2064 181 23 18 to
2097 184 45 21 any
2152 184 42 15 one
2207 185 177 20 accompanying
2392 179 38 21 the
2439 179 54 22 Sur-

1904 211 87 19 veyors.
2019 204 98 27 Enquire
2128 207 23 18 at
2160 204 38 21 the
2236 204 95 22 Gazette
2368 205 77 21 Office.

1905 248 70 20 THE
1999 248 91 21 HOPE
2117 249 131 20 COFFEE
2273 250 56 20 and
2354 249 138 20 EATING

2139 275 122 21 HOUSE.

1907 307 32 48 S
1974 307 174 23 MARSHALL
2162 308 54 27 begs
2234 308 63 22 leave
2317 311 23 19 to
2358 308 82 21 inform
2459 308 36 21 his

1947 345 11 9 •
1988 334 84 21 friends
2082 334 46 21 and
2137 334 37 22 the
2185 334 75 28 public
2269 335 24 21 in
2302 335 99 27 general,
2410 334 49 21 that
2465 334 30 21 he

1905 359 40 22 lias
1956 360 86 26 opened
2051 360 37 22 the
2098 360 71 22 above
2179 361 76 27 house,
2264 361 45 22 and
2316 361 69 27 hopes
2393 362 31 27 by
2434 361 63 21 strict

1906 386 111 21 attention
2027 390 21 17 to
2059 393 110 20 economy
2178 387 45 22 and
2232 388 93 27 quality,
2343 388 49 21 that
2407 388 29 21 he
2451 387 46 22 will

1905 413 89 22 receive
2004 420 13 14 a
2026 412 64 23 share
2100 413 26 21 of
2137 413 58 22 their
2205 418 97 23 support.

1933 445 50 22 Hot
1992 445 70 28 joints
2074 446 70 27 ready
2158 446 58 22 from
2230 448 27 20 12
2266 447 34 22 till
2309 449 21 20 2.
2360 447 55 22 Cold
2425 447 73 26 joints

1906 472 83 27 always
1998 472 76 27 ready.

2131 518 138 21 NOTICE.

1907 550 96 49 ANY
2021 558 81 20 person
2119 552 99 22 desirous
2236 553 26 21 of
2278 552 103 28 building
2397 560 29 15 on
2442 553 62 22 land-

1987 577 115 28 adjoining
2111 578 38 22 the
2159 581 66 24 town,
2245 586 41 15 can
2296 586 93 20 procure
2396 579 56 23 land
2461 580 36 22 for

1908 604 37 21 the
1955 611 94 22 purpose
2056 605 48 21 free
2115 605 27 21 of
2149 609 60 24 rent,
2224 605 31 27 by
2270 606 107 27 applying
2385 609 24 19 to
2419 607 78 21 James

1908 630 68 27 Watt,
1989 631 52 27 Esq.

1389 118 82 21 NEW
1486 118 169 21 ZEALAND
1669 117 102 22 FLAX.

1493 150 177 23 PROPOSALS

1290 178 43 23 For
1347 178 83 27 raising
1450 185 12 14 a
1481 177 146 27 subscription
1648 181 22 17 to
1688 176 86 22 reward
1790 177 38 21 the
1841 177 35 21 in-

1314 205 94 26 genuity
1416 204 25 22 of
1451 212 45 20 any
1506 211 79 20 person
1596 204 48 21 who
1656 203 54 22 shall
1721 204 79 21 invent
1810 211 13 13 a
1831 204 45 21 tool

1317 238 24 14 or
1354 231 110 27 machine,
1484 238 25 14 or
1518 231 100 21 discover
1628 237 13 14 a
1651 237 96 20 process,
1763 230 31 26 by
1804 230 72 22 which

1316 258 37 21 the
1363 257 127 27 phormium
1502 261 75 22 tenax,
1585 256 38 22 the
1634 256 134 27 indigenous
1777 256 99 27 produce

1317 284 26 21 of
1354 284 38 21 the
1401 284 88 21 Islands
1497 283 26 21 of
1533 284 56 21 New
1599 278 107 31 Zealand,
1722 290 51 20 may
1786 283 29 21 be
1825 290 52 14 ren-

1316 310 67 22 dered
1392 310 110 22 available
1511 317 24 14 as
1550 316 30 15 an
1597 313 80 24 export
1691 311 35 20 for
1735 310 142 21 commercial

1315 343 113 21 purposes,
1439 339 23 18 at
1471 343 15 14 a
1493 336 61 28 price
1564 336 44 21 and
1617 337 23 20 in
1650 343 13 14 a
1673 337 102 26 quantity
1785 339 22 18 to
1818 340 60 17 meet

1316 364 38 21 the
1364 362 96 22 demand
1468 363 23 21 in
1502 362 37 23 the
1549 363 118 24 European
1680 362 91 22 market.

1291 397 49 48 A
1354 395 146 23 MEETING
1516 403 43 14 was
1575 395 52 23 held
1641 399 24 18 at
1681 396 106 22 Barrett's
1800 397 76 27 Hotel,

1369 430 27 13 on
1408 423 108 26 Monday,
1535 422 36 22 the
1586 422 39 22 4th
1637 423 108 27 January,
1756 424 61 26 1841,
1829 423 47 22 Col.

1292 449 121 22 Wakefield
1420 449 24 21 in
1454 449 38 22 the
1503 449 67 27 chair,
1589 449 23 22 in
1622 456 126 21 pursuance
1762 450 25 21 of
1800 458 29 13 an
1839 450 39 22 ad-

1290 476 142 22 vertisement
1441 475 76 22 issued
1526 477 29 26 by
1565 476 85 21 several
1660 476 128 27 gentlemen
1798 477 80 27 deeply

1290 501 121 28 impressed
1420 502 54 22 with
1491 501 38 23 the
1545 502 166 28 indispensable
1728 504 111 27 necessity
1857 504 24 21 of

1290 529 86 26 finding
1385 536 61 14 some
1455 529 71 27 staple
1537 529 137 28 commodity
1683 537 22 14 as
1716 536 30 16 an
1756 534 79 23 export
1844 530 35 22 for

1291 556 37 21 the
1338 555 88 22 Islands
1435 555 25 21 of
1471 555 57 22 New
1537 556 106 22 Zealand.
1681 557 29 21 At
1720 556 48 22 that
1777 557 102 27 meeting

1291 581 66 23 much
1366 581 101 22 valuable
1476 582 144 22 information
1631 590 46 14 was
1691 584 186 27 communicated,

1292 609 44 21 and
1345 608 96 27 samples
1451 609 25 21 of
1488 609 55 22 New
1553 609 102 22 Zealand
1670 609 47 22 flax
1733 610 24 21 in
1774 610 105 22 different

1291 639 70 27 stages
1373 635 25 21 of
1407 635 142 27 preparation
1559 643 56 15 were
1625 636 122 27 exhibited,
1756 637 45 21 and
1808 644 14 14 a
1829 644 50 20 pro-

1291 661 93 23 visional
1394 662 128 22 committee
1532 670 44 14 was
1587 663 127 32 appointed,
1726 663 123 28 consisting
1857 664 24 21 of

1291 689 37 21 the
1337 688 114 27 following
1465 690 119 26 members,
1602 689 111 23 mstruted
1730 693 22 19 to
1767 691 57 21 raise
1841 691 38 21 the

1291 722 117 19 necessary
1417 715 158 28 subscriptions
1592 720 22 18 to
1631 724 64 20 carry
1708 717 49 22 into
1767 717 66 22 effect
1841 717 38 22 the

1291 742 73 27 object
1373 742 116 27 proposed,
1500 743 45 21 and
1553 743 85 27 having
1647 743 58 22 done
1720 751 31 20 so,
1767 746 23 20 to
1805 747 75 25 report

1291 772 22 18 to
1324 776 13 14 a
1345 769 92 27 general
1446 770 100 26 meeting
1556 769 26 22 of
1592 771 143 21 subscribers.

1317 802 108 15 MEMBERS
1439 802 26 14 OF
1481 803 45 14 THE
1543 804 150 15 PROVISIONAL
1709 805 142 16 COMMITTEE.

1453 822 34 22 Dr
1504 821 82 28 Evans,

1455 849 94 28 Captain
1559 850 97 27 Daniell,

1453 875 21 21 J.
1486 877 24 21 C.
1523 877 118 27 Crawford,
1652 877 62 28 Esq.,

1453 902 21 22 J.
1486 902 68 27 Watt,
1566 903 60 28 Esq.,

1453 929 35 21 W.
1500 929 25 22 B.
1537 930 97 28 Rhodes,
1645 931 61 28 Esq.,

1453 956 28 22 D.
1493 957 68 27 Scott,
1573 957 60 28 Esq.,

1454 983 27 21 G.
1494 983 96 28 Hunter,
1601 985 62 27 Esq.,

1453 1010 31 22 H.
1496 1011 112 28 Moreing,
1618 1012 63 27 Esq.,

1452 1037 27 21 R.
1491 1037 29 23 D.
1533 1038 101 23 Hanson.
1645 1039 54 28 Esq.

1372 1063 34 23 W.
1423 1063 28 23 V.
1465 1065 97 27 Brewer,
1578 1065 60 28 Esq.,
1656 1066 122 27 Secretary.

1373 1091 87 27 George
1474 1091 98 28 Hunter,
1589 1093 59 27 Esq.,
1665 1093 127 22 Treasurer.

1317 1123 47 22 The
1383 1124 132 23 Committee
1530 1125 85 28 having
1630 1129 56 24 met,
1702 1127 83 21 submit
1801 1130 25 18 to
1843 1127 37 21 the

1290 1150 74 28 public
1382 1158 12 14 a
1410 1151 59 22 brief
1481 1152 142 28 explanation
1642 1153 26 21 of
1688 1153 36 21 the
1741 1153 74 27 object
1830 1160 51 20 pro-

1291 1177 73 28 posed,
1378 1178 43 21 and
1433 1178 111 28 earnestly
1554 1179 73 21 solicit
1636 1179 38 21 the
1686 1180 162 21 contributions
1858 1179 23 22 of

1292 1204 28 22 all
1331 1204 80 22 classfls
1422 1208 22 18 to
1461 1213 13 13 a
1488 1207 86 25 project
1583 1213 25 14 so
1625 1206 80 28 deeply
1723 1206 106 28 affecting
1843 1206 38 22 the

1291 1232 124 27 prosperity
1425 1232 25 21 of
1461 1232 44 22 this
1516 1234 146 26 community.
1691 1233 102 21 Satisfied
1804 1241 24 13 as
1839 1233 43 22 this

1292 1258 133 22 Committee
1436 1266 43 20 are,
1493 1260 24 20 in
1535 1267 104 14 common
1656 1260 54 21 with
1725 1260 31 21 all
1769 1260 113 27 impartial

1293 1286 119 26 observers,
1424 1293 24 14 as
1455 1289 23 18 to
1486 1286 38 21 the
1535 1286 107 28 salubrity
1652 1287 27 21 of
1690 1286 37 22 the
1739 1287 89 21 climate
1837 1287 44 22 and

1288 1312 40 21 .the
1345 1315 49 18 vast
1414 1313 144 27 agricultural
1577 1320 24 14 as
1623 1314 51 21 well
1691 1321 22 14 as
1737 1314 95 22 mineral
1847 1321 34 15 re-

1292 1346 88 15 sources
1389 1339 25 21 of
1425 1340 61 21 these
1498 1339 94 27 Islands,
1606 1343 21 19 to
1644 1348 41 19 say
1700 1340 96 27 nothing
1807 1341 26 21 of
1844 1341 38 21 the

1291 1366 98 21 fisheries
1405 1366 46 22 and
1467 1367 64 21 other
1545 1367 110 21 branches
1671 1368 26 20 of
1713 1367 104 28 industry
1834 1367 49 23 that

1292 1400 36 14 are
1337 1393 124 27 beginning
1469 1397 23 17 to
1503 1393 93 28 develop
1606 1394 141 27 themselves,
1758 1395 18 21 it
1785 1398 61 18 must
1854 1395 29 21 be

1292 1419 107 22 admitted
1407 1420 48 22 that
1468 1420 98 22 hitherto
1582 1421 37 21 the
1637 1422 154 27 expectations
1809 1425 74 18 enter-

1291 1446 76 22 tained
1378 1447 25 21 of
1413 1447 38 21 the
1466 1447 128 27 phormium
1611 1451 77 23 tenax,
1698 1455 25 14 as
1733 1455 13 14 a
1756 1448 71 27 staple
1837 1449 46 21 cal-

1292 1473 88 22 culated
1390 1477 22 18 to
1422 1475 55 21 rival
1488 1475 38 21 the
1543 1477 76 19 cotton
1636 1475 26 21 of
1674 1476 106 21 America
1789 1475 47 22 and
1846 1475 37 22 the

1291 1500 57 22 wool
1357 1500 27 22 of
1394 1501 122 27 Australia,
1528 1501 56 22 have
1595 1505 41 18 not
1646 1502 56 22 been
1709 1503 105 21 realized.
1835 1502 48 22 The

1291 1527 79 22 failure
1380 1527 40 23 has
1430 1529 80 27 arisen,
1523 1533 39 18 not
1571 1529 57 21 from
1637 1536 46 21 any
1693 1529 191 33 disappointment

1291 1555 23 20 in
1333 1554 38 22 the
1390 1555 104 28 quantity
1514 1556 25 22 of
1559 1555 38 23 the
1612 1555 53 28 flax,
1686 1556 73 22 which
1775 1556 17 22 is
1813 1557 71 21 found

1291 1581 99 27 growing
1404 1583 174 27 spontaneously
1594 1584 23 20 in
1632 1590 68 21 every
1714 1587 51 24 part
1779 1584 26 21 of
1820 1583 64 23 these

1292 1608 87 22 Islands
1390 1616 29 14 on
1430 1617 67 19 every
1514 1610 134 26 description
1667 1613 26 20 of
1703 1611 48 27 soil,
1770 1618 42 14 nor
1825 1610 58 22 from

1291 1642 45 20 any
1344 1635 79 28 falling
1433 1636 33 22 off
1474 1637 26 21 in
1517 1637 37 22 the
1570 1637 102 28 growing
1688 1637 97 23 demand
1800 1638 36 22 for
1846 1637 37 23 the

1291 1670 45 14 raw
1345 1663 107 26 material,
1464 1664 40 22 but
1512 1665 68 26 solely
1588 1665 58 21 from
1654 1666 39 21 the
1698 1665 157 27 impossibility
1862 1665 24 22 of

1291 1696 45 20 any
1345 1689 80 28 longer
1434 1691 117 28 obtaining
1561 1691 37 21 the
1615 1693 78 21 native
1708 1693 79 21 labour
1804 1700 79 14 neces-

1292 1723 50 20 sary
1352 1720 23 19 to
1385 1717 79 23 rendei
1474 1718 20 21 it
1501 1718 138 22 marketable
1648 1719 30 28 by
1691 1719 36 22 the
1737 1720 48 22 first
1794 1727 90 21 process

1292 1743 26 22 of
1328 1745 110 27 stripping
1447 1745 45 22 and
1502 1745 110 27 cleaning.

1296 1778 6 4 •
1318 1769 48 23 The
1383 1771 133 23 Committee
1533 1772 43 27 beg
1593 1777 22 17 to
1630 1777 79 23 repeat
1726 1773 158 29 emphatically

1293 1797 49 22 that
1352 1799 37 21 the
1399 1799 54 27 only
1469 1799 148 28 impediment
1627 1803 23 17 to
1668 1800 36 22 the
1723 1804 79 24 export
1818 1801 26 21 of
1855 1809 29 14 an

1292 1824 78 23 article
1381 1825 72 22 which
1463 1833 72 20 grows
1547 1825 50 22 wild
1607 1833 60 20 upon
1685 1827 37 21 the
1737 1827 89 27 highest
1834 1828 50 22 hills

1293 1851 44 22 and
1347 1853 23 21 in
1381 1852 37 22 the
1429 1853 92 27 deepest
1530 1860 100 20 swamps,
1648 1853 74 22 which
1731 1855 23 21 in
1766 1855 26 20 its
1803 1858 81 19 nature

1292 1879 18 21 is
1318 1885 12 14 a
1336 1880 122 27 perennial,
1465 1880 241 27 requiringlittlemore
1713 1882 111 21 attention
1832 1882 54 22 than

1293 1907 36 21 the
1339 1907 120 27 periodical
1469 1908 87 26 cutting
1565 1907 64 21 down
1637 1915 4 19 ;
1653 1908 74 21 which
1735 1915 50 20 may
1796 1909 28 22 be
1834 1917 41 14 con

1293 1933 87 22 sidered
1392 1941 23 14 as
1432 1935 125 26 producing
1575 1934 56 21 after
1647 1935 30 20 all
1695 1935 132 23 deductions
1842 1937 44 22 and

1292 1961 67 21 losses
1371 1968 28 14 an
1410 1969 95 20 average
1516 1961 26 22 of
1552 1962 26 25 2£
1589 1965 50 18 tons
1657 1969 41 20 per
1713 1969 51 15 acre
1780 1963 26 22 of
1817 1964 69 21 avail-

1293 1987 49 21 able
1351 1988 62 25 fibre,
1425 1989 80 19 valued
1517 1991 23 17 at
1547 1989 46 19 jClo
1604 1996 39 17 per
1653 1993 40 15 ton
1702 1989 65 20 when
1777 1990 109 26 prepaied

1293 2014 33 20 for
1333 2013 113 28 shipment
1446 2026 26 3 —
1472 2014 19 20 is
1500 2013 37 22 the
1545 2016 60 18 want
1611 2013 26 21 of
1643 2021 62 15 some
1714 2015 52 26 tool,
1773 2016 111 26 machine,

1293 2047 25 15 or
1326 2047 96 20 process,
1434 2041 33 21 for
1477 2041 39 21 the
1526 2041 138 21 economical
1675 2041 156 27 performance
1841 2042 25 21 of
1874 2050 12 14 a

1293 2074 54 19 very
1356 2067 78 28 simple
1444 2067 49 22 task
1504 2067 71 22 which
1583 2067 40 22 has
1630 2067 98 22 hitherto
1735 2069 56 20 been
1801 2076 85 15 sucess-

1293 2094 55 27 fully
1358 2095 165 27 accomplished
1533 2095 30 26 by
1574 2094 37 22 the
1620 2095 56 21 New
1686 2095 101 22 Zealand
1797 2103 89 15 women

1293 2121 30 28 by
1333 2121 37 22 the
1382 2121 36 22 aid
1429 2122 25 21 of
1465 2129 12 14 a
1488 2121 160 22 muscle-shell.

1320 2149 47 21 The
1378 2149 134 21 Committee
1524 2153 82 17 cannot
1615 2149 86 22 believe
1713 2149 48 22 that
1776 2149 111 29 anything

1293 2182 62 15 more
1374 2176 20 22 is
1412 2176 106 27 requisite
1537 2179 21 18 to
1576 2176 80 27 supply
1674 2176 43 21 this
1728 2180 59 18 want
1797 2177 56 22 than
1864 2182 22 17 to

1293 2203 69 22 invite
1380 2203 38 22 the
1439 2203 110 21 attention
1568 2203 26 21 of
1610 2203 120 27 ingenious
1754 2211 94 20 persons
1863 2206 23 21 in

1296 2230 86 28 Europe
1401 2230 45 21 and
1463 2230 24 21 in
1507 2229 61 22 these
1587 2230 99 21 colonies
1704 2235 22 16 to
1744 2232 36 20 the
1792 2232 95 27 subject.

1293 2257 63 32 They
1360 2265 100 19 propose,
1469 2257 116 27 therefore,
1593 2260 22 19 to
1622 2257 73 22 ofi'era
1701 2258 84 22 reward
1791 2259 34 21 for
1832 2260 55 21 such

1294 2291 29 15 an
1340 2284 116 22 invention
1477 2291 25 14 or
1522 2284 126 28 discovery;
1668 2284 84 28 feeling
1772 2286 116 22 confident

1295 2312 47 21 that
1351 2312 38 21 the
1407 2312 116 21 Directors
1535 2312 25 20 of
1571 2311 37 22 the
1628 2311 57 22 New
1705 2312 100 22 Zealand
1821 2314 67 21 Com-

1295 2346 58 20 pany
1372 2338 45 23 and
1436 2338 64 22 other
1516 2338 85 23 friends
1618 2339 23 21 in
1659 2339 107 27 England
1785 2340 46 22 will
1851 2349 37 13 co-

1295 2369 88 24 operate
1394 2365 53 22 with
1456 2366 62 21 them
1528 2366 24 21 in
1563 2366 147 27 augmenting
1721 2366 38 23 the
1776 2367 112 28 subscrip-

1295 2394 52 26 tion,
1360 2392 44 23 and
1414 2392 49 22 that
1472 2392 38 23 the
1522 2393 115 27 Company
1648 2394 46 21 will
1707 2394 125 23 undertake
1850 2395 38 22 the

1295 2420 80 28 special
1395 2420 55 28 duty
1460 2420 22 21 of
1496 2419 93 28 making
1606 2420 82 22 known
1710 2420 38 23 the
1757 2421 89 27 subject
1864 2430 24 14 as

1295 2448 79 26 widely
1384 2455 24 14 as
1418 2447 96 28 possible
1524 2448 24 21 in
1559 2448 95 27 Europe,
1667 2448 45 21 and
1723 2448 26 21 of
1759 2450 130 27 promoting

1295 2475 43 22 and
1356 2474 125 27 rewarding
1500 2474 38 22 the
1563 2476 151 26 experiments
1735 2476 26 21 of
1778 2476 110 22 scientific

1296 2509 58 15 men.

1321 2530 47 20 The
1389 2528 132 22 Committee
1539 2528 58 22 need
1606 2531 40 19 not
1655 2528 65 23 insist
1730 2537 59 20 upon
1801 2530 38 22 the
1851 2531 39 21 ob-

1295 2557 62 21 vious
1376 2556 45 22 fact
1440 2556 48 21 that
1504 2555 39 23 the
1558 2556 140 27 landowner,
1714 2556 38 22 the
1762 2558 126 27 merchant,

1297 2584 35 22 the
1343 2584 123 26 mechanic,
1478 2583 47 21 and
1535 2583 29 21 all
1575 2583 63 22 other
1646 2583 147 28 descriptions
1802 2585 27 21 of
1839 2592 51 20 per-

1297 2618 50 15 sons
1356 2611 23 21 in
1392 2611 37 21 the
1439 2610 134 27 settlement,
1585 2617 38 15 are
1632 2611 124 21 interested
1765 2612 24 21 in
1798 2612 92 27 provid-

1296 2639 39 26 ing
1352 2638 47 22 that
1417 2637 80 28 which,
1518 2637 20 22 if
1559 2637 113 28 obtained,
1694 2638 44 22 will
1756 2639 57 21 rank
1832 2639 58 23 New

1298 2665 98 22 Zealand
1415 2672 82 19 among
1514 2664 63 22 those
1594 2664 97 28 wealthy
1707 2665 98 23 colonies
1816 2666 74 22 which

1298 2693 78 27 supply
1393 2692 37 22 the
1444 2692 90 22 mother
1549 2695 93 24 country
1650 2692 55 22 with
1715 2692 38 22 the
1763 2700 45 15 raw
1818 2698 73 18 mate-

1297 2720 40 22 rial
1349 2721 25 21 of
1385 2719 63 23 those
1457 2718 168 23 manufactures
1635 2727 62 20 upon
1707 2719 72 23 which
1789 2720 29 22 its
1827 2729 64 20 pros-

1298 2747 79 28 perity,
1387 2746 21 22 if
1418 2750 42 18 not
1465 2747 29 21 its
1505 2746 122 27 existence,
1637 2754 51 14 now
1700 2747 106 27 depends.

1327 2774 161 28 Subscriptions
1509 2780 37 16 are
1563 2777 22 18 to
1603 2774 26 22 be
1644 2774 54 27 paid
1707 2775 48 21 into
1765 2774 37 22 the
1813 2775 78 23 Union

1300 2801 69 28 Bank,
1389 2801 24 21 in
1432 2801 38 22 the
1488 2808 68 15 name
1576 2801 26 21 of
1613 2801 37 22 the
1669 2801 122 23 Treasurer
1810 2806 23 18 to
1854 2803 38 22 the

1301 2829 149 22 Association.

1468 2862 150 16 SUBSCRIBERS
1634 2863 83 15 NAMES.

1300 2883 35 22 W.
1345 2882 132 23 Wakefield.
1492 2885 13 19 5
1535 2884 12 20 5
1575 2883 61 21 OW.
1645 2883 29 21 V.
1684 2883 96 23 Brewer.
1795 2886 13 19 2
1838 2886 13 19 2
1879 2887 14 19 0

1302 2911 27 22 G.
1340 2911 21 21 S.
1375 2910 85 23 Evans.
1469 2910 120 21 .550
1601 2910 76 22 David
1686 2911 64 22 Scott
1759 2913 134 21 ..550

1302 2937 29 22 H.
1342 2938 132 27 Moreing..
1492 2938 13 20 5
1534 2938 13 20 5
1576 2939 13 20 0
1603 2937 28 22 H.
1644 2938 32 21 St.
1687 2938 49 21 Hill
1759 2940 49 20 ..5
1837 2940 14 20 5
1879 2942 15 20 0

1302 2966 27 21 D.
1340 2965 95 22 Sinclair
1456 2980 6 4 .
1470 2980 5 4 .
1493 2966 12 20 5
1535 2965 12 20 5
1576 2965 52 21 OR.
1639 2965 30 21 D.
1685 2966 97 22 Hanson
1796 2968 13 20 5
1838 2968 13 20 5
1880 2970 15 19 0

1302 2993 23 21 F.
1345 2993 29 21 A.
1396 2992 84 22 Moles-
1600 3004 29 3 —
1638 2992 131 23 V/ickstead
1776 2994 118 22 .550

1328 3018 69 23 worth
1493 3020 14 21 5
1536 3020 13 20 5
1577 3019 60 22 OW.
1649 3020 34 21 M.
1695 3020 73 23 Smith
1776 3022 119 21 .550

1304 3048 26 21 A.
1342 3046 66 27 Hort,
1421 3047 42 27 jun
1474 3047 116 21 .550
1601 3046 181 29 T.M.Partridge
1796 3049 96 22 550

1302 3073 178 22 W.B.Rhodes
1601 3074 23 22 S.
1636 3074 91 22 Revans
1796 3076 12 20 5
1837 3076 14 21 5
1880 3078 15 20 0

1329 3102 44 21 and
1381 3101 30 22 Co
1494 3102 13 20 5
1537 3101 12 20 5
1577 3102 13 20 0
1602 3101 180 23 J.andG.Wade
1796 3104 13 19 5
1837 3104 14 19 5
1880 3105 15 20 0

1303 3128 77 28 Henry
1383 3128 98 22 Shuttle-
1601 3128 54 28 Hay
1665 3129 46 22 and
1719 3129 64 23 Mac-

1329 3154 79 23 worth'.
1494 3156 13 20 5
1537 3154 11 21 5
1577 3156 13 20 0
1629 3155 71 23 hattie
1796 3158 14 20 5
1839 3158 13 20 5
1881 3160 14 19 0

1302 3183 21 22 J.
1335 3183 23 22 C.
1368 3182 113 23 Crawford
1493 3184 14 19 5
1536 3182 12 21 5
1577 3182 46 22 OJ.
1634 3182 84 23 Dorset
1797 3185 13 20 5
1838 3185 14 20 5
1881 3187 14 19 0

1302 3210 119 28 Ridgways
1436 3210 45 21 and
1603 3210 82 22 Rev.J.
1693 3210 91 24 M'Far-

1330 3238 30 21 Co
1494 3238 13 21 5
1537 3237 12 21 5
1578 3238 13 20 0
1629 3238 53 22 lane
1797 3240 14 20 2
1839 3241 14 19 0
1881 3241 15 20 0

1302 3265 26 21 E.
1338 3264 91 22 Daniell
1458 3279 5 5 .
1471 3279 5 6 .
1495 3265 12 21 5
1537 3265 12 21 5
1578 3264 52 22 OR.
1641 3265 49 22 Tod
1797 3267 13 19 5
1838 3267 14 20 5
1881 3269 14 20 0

1303 3292 180 22 Waters&Smith
1496 3293 14 20 5
1538 3292 13 20 5
1580 3292 52 22 OR.
1639 3293 28 21 R.
1676 3293 90 28 Strang.
1775 3295 122 21 .220

1302 3319 73 22 Willis
1385 3319 44 21 and
1442 3319 39 21 Co.
1494 3320 14 20 5
1537 3319 13 21 5
1579 3321 13 19 0
1604 3319 61 22 John
1677 3320 73 22 Smith
1762 3321 134 23 ..550

1303 3346 73 22 H.W.
1387 3346 89 22 Petre..
1495 3347 13 20 5
1538 3347 12 21 5
1579 3348 14 20 0

1303 3373 32 23 M.
1347 3373 101 28 Murphy
1458 3375 134 20 ..220
1750 3375 62 23 £144
1828 3378 27 20 16
1883 3379 14 20 0

1506 3419 71 20 FOR
1591 3419 98 26 SALE,

1383 3445 58 22 Now
1450 3445 100 28 landing,
1568 3452 28 15 ex

1321 3474 16 20 A
1361 3473 106 22 SMALL
1482 3473 164 24 QUANTITY
1660 3475 28 21 of

1303 3502 50 21 JiX.
1391 3500 47 27 red,
1460 3500 44 21 and
1754 3502 66 23 white
1844 3505 55 22 seed

1302 3528 91 26 wheats,
1404 3527 45 22 and
1458 3526 45 23 flax
1514 3527 59 22 seed.
1602 3527 48 22 The
1661 3529 72 22 above
1742 3537 39 15 are
1794 3531 30 22 all
1837 3539 60 21 new,

1303 3555 44 22 and
1371 3554 45 23 will
1437 3554 147 23 recommend
1603 3554 135 24 themselves
1757 3560 23 19 to
1801 3559 98 27 agricul-

1303 3582 105 23 turalists.

1331 3610 21 21 A
1363 3610 42 21 few
1413 3608 86 23 barrels
1510 3608 27 22 of
1547 3608 45 23 fine
1603 3609 123 23 American
1743 3611 73 28 (U.S.)
1833 3612 65 23 flour.

1330 3637 63 27 Also,
1405 3643 27 15 an
1444 3639 136 19 assortment
1589 3636 27 22 of
1627 3637 108 28 clothing,
1745 3639 124 28 consisting
1877 3641 26 21 of

1303 3666 110 26 bavragon
1423 3666 68 24 coats,
1502 3663 90 22 various
1604 3664 57 22 sizes
1669 3672 5 19 ;
1696 3669 105 24 cantoon,
1819 3667 79 27 check,

1303 3692 131 27 gambroon,
1450 3690 111 23 moleskin
1577 3690 45 23 and
1636 3691 54 22 cord
1705 3695 108 25 trowsers,
1832 3694 68 23 black

1303 3719 105 27 flushing,
1418 3718 125 27 velveteen,
1559 3718 66 27 fancy
1635 3718 44 22 and
1691 3721 87 26 spotted
1789 3720 56 29 shag
1854 3722 47 22 and

1304 3746 86 28 figured
1399 3745 148 22 swans-down
1559 3746 132 27 waistcoats,
1699 3746 50 22 best
1758 3747 45 23 and
1812 3752 90 24 regatta

1305 3774 71 26 shirts,
1389 3775 59 19 stout
1458 3772 44 22 and
1512 3775 64 19 extra
1586 3772 56 22 ditto
1657 3773 72 28 shoes,
1749 3774 44 23 and
1803 3783 82 21 pumps
1893 3784 5 20 ;

1305 3803 20 25 8,
1336 3803 19 24 9,
1368 3800 45 22 and
1422 3802 129 31 10-quarter
1555 3799 116 28 blankets;
1689 3801 81 23 double
1777 3803 45 22 and
1828 3803 74 28 single

1307 3828 92 22 London
1408 3828 62 27 proof
1480 3827 93 28 fowling
1582 3827 80 28 pieces,
1675 3827 74 29 flasks,
1758 3829 64 28 belts,
1831 3831 68 28 flints,

1305 3857 40 21 &c.
1357 3857 40 21 &c.

1333 3883 52 21 Two
1395 3882 70 22 Town
1477 3882 72 22 Acres
1561 3885 21 19 to
1592 3881 32 23 let
1633 3882 22 22 in
1667 3882 50 23 lots.

1580 3909 62 23 John
1660 3911 87 26 Hales,

1330 3953 3 10 ,
1439 3937 190 28 Cabinet-maker,
1642 3937 86 25 Joiner,
1740 3939 49 24 &c,

1290 3963 3 26 I
1331 3968 2 21 !
1522 3964 197 27 Ingcstric-strcct,
1733 3966 40 25 (To
1786 3967 46 22 Aro
1843 3968 58 23 flat.)

674 124 233 22 AUSTRALIAN
921 122 158 26 TAVERN,
1093 124 22 19 &
1129 122 133 21 COFFEE

905 150 127 22 ROOMS.

838 184 57 15 LATE
910 183 88 16 SYDNEY
1008 183 90 15 STORES.

675 212 112 48 GH.
804 211 128 22 COGLAN
945 211 55 26 begs
1009 213 23 18 to
1041 209 83 22 inform
1133 208 35 22 his
1178 207 84 23 friends

732 249 10 10 •
774 238 45 22 and
838 238 37 21 the
893 237 81 28 public,
990 236 49 22 that
1056 235 29 22 he
1100 235 40 21 has
1156 235 107 22 removed

674 265 56 22 from
741 265 38 21 the
789 268 48 19 east
846 264 44 22 end
900 264 26 21 of
936 264 38 21 the
983 261 84 28 Beach,
1082 261 86 27 Petoni,
1185 264 23 18 to
1225 262 37 21 the

674 295 54 18 west
737 291 50 27 end,
799 299 55 14 near
862 291 39 22 the
910 291 45 21 late
965 289 147 22 Commercial
1126 288 51 26 Inn,
1189 288 74 22 where

674 318 28 22 he
710 318 71 28 hopes
796 321 24 18 to
834 318 57 21 have
905 318 31 27 by
952 316 147 25 unremitting
1114 315 118 26 attention,
1250 322 13 14 a

674 345 64 22 share
748 346 27 20 of
785 345 74 27 public
869 348 130 23 patronage.

743 371 66 22 Good
818 370 193 23 accommodation
1024 369 36 21 for
1072 367 122 22 travellers.

701 398 87 22 N.B.—
788 397 121 22 Barnard's
931 397 96 25 Passage
1051 395 58 21 Boat
1130 393 76 22 leaves
1225 394 38 22 the

675 426 70 21 above
753 425 78 26 house,
842 425 35 20 for
885 423 147 27 Wellington,
1049 428 67 20 every
1125 421 107 26 morning
1241 424 23 18 at

674 452 53 22 nine
738 452 93 21 o'clock.

770 506 92 20 HATS
873 505 5 20 !
895 504 93 21 HATS
998 503 4 21 !
1011 503 5 21 !
1032 502 93 22 HATS
1132 502 6 20 !
1147 501 5 21 !
1161 501 5 22 !

675 540 35 48 J
755 538 110 27 ALLEN,
881 537 85 27 having
982 537 47 26 just
1047 535 104 22 received
1169 542 13 14 a
1201 534 62 28 large

714 578 11 9 •
766 567 135 20 assortment
917 564 26 21 of
953 563 81 27 youths
1054 562 44 21 and
1114 561 149 27 gentleman's

674 592 66 22 black
763 593 83 21 beaver
868 591 57 24 hats,
950 590 54 26 begs
1023 593 23 18 to
1063 588 82 21 inform
1162 588 34 21 bis
1222 595 41 15 nu-

674 626 89 15 merous
781 618 84 22 friends
883 612 46 27 and
947 616 38 22 the
1004 615 82 28 public,
1105 614 50 22 that
1172 614 30 22 he
1222 623 41 14 can

674 645 80 28 supply
767 645 61 21 them
837 644 53 23 with
907 651 45 21 any
966 643 68 26 shape
1051 649 26 14 or
1092 641 92 27 quality,
1204 649 60 14 com-

674 673 106 26 mencing
789 675 24 18 at
822 672 38 21 the
868 671 45 21 low
922 672 60 32 price
992 670 25 21 of
1028 671 30 20 7s.
1067 668 35 22 6d.
1114 668 62 21 each.
1209 668 54 23 Also

674 699 37 22 the
730 697 205 23 undermentioned
952 696 70 28 goods
1042 699 23 18 at
1084 694 122 28 unusually
1221 696 42 21 low

673 727 72 26 prices
754 734 5 14 :
761 737 27 4 —

701 753 109 27 Drapery,
811 764 30 3 —
841 752 90 26 Shawls,
961 750 101 25 muslins,
1088 748 66 22 chain
1174 750 89 25 pattern

675 780 93 27 dresses,
787 779 126 27 ginghams,
933 778 91 26 Saxony
1042 775 68 27 cloth,
1127 775 77 21 chintz
1220 776 44 21 and

674 806 85 31 striped
776 807 110 21 furniture
901 804 79 28 prints,
997 802 45 23 and
1058 802 88 27 calicos,
1161 802 24 21 in
1202 807 63 21 great

674 837 86 23 variety
768 841 5 19 ;
788 833 111 25 blankets,
911 834 170 23 counterpanes,
1093 830 40 21 &c.

701 859 180 27 Haberdashery,
882 870 28 3 —
914 857 108 22 Artificial
1031 857 93 25 flowers,
1135 862 70 20 gause
1219 856 44 23 and

675 887 56 21 satin
750 887 100 26 ribbons,
870 888 47 24 net,
933 884 57 26 lace,
1013 882 148 27 lace-collars,
1178 882 84 28 gloves,

674 920 83 21 purses,
768 913 81 26 braids,
860 912 84 22 bronze
959 910 68 23 busks
1044 910 35 22 for
1095 913 66 23 stays,
1178 909 85 23 infants

674 940 95 22 worsted
783 941 72 25 boots,
870 938 111 28 prepared
999 936 132 23 whalebone
1148 936 45 21 and
1208 944 55 15 cane

673 967 35 21 for
715 967 72 22 ladies
795 967 104 26 bonnets,
910 965 45 22 and
962 965 92 25 dresses,
1063 966 70 24 tapes,
1141 962 68 23 white
1219 964 45 22 and

674 994 106 22 coloured
797 992 85 28 thread,
901 992 84 26 sewing
1001 990 45 22 and
1064 989 97 27 darning
1178 993 84 25 cotton,

673 1021 99 26 needles,
784 1027 78 19 ounce,
874 1020 69 25 sheet,
955 1018 46 22 and
1009 1017 61 22 dress
1084 1016 58 28 pins,
1152 1016 110 28 thimbles,

672 1047 147 28 pincussions,
837 1046 71 22 hooks
925 1046 45 21 and
985 1052 58 20 eyes,
1062 1043 48 28 gilt,
1129 1043 133 29 gambroon,

673 1074 68 27 pearl,
750 1073 64 27 horn,
827 1073 44 21 and
881 1073 64 21 other
949 1073 99 21 buttons.

701 1101 88 21 Ladies'
800 1101 46 21 and
856 1100 119 21 children's
985 1101 79 19 tuscan
1075 1097 45 22 and
1130 1097 69 27 fancy
1208 1097 55 23 bon-

672 1131 57 23 nets,
745 1127 120 22 children's
876 1127 93 21 dresses.

700 1154 112 27 Clothing,
814 1165 28 4 —
845 1153 78 23 Gents'
934 1152 112 28 superfine
1056 1151 61 22 dress
1137 1150 45 22 and
1201 1151 62 22 frock

673 1185 67 23 coats,
762 1181 137 26 Petersham,
915 1180 62 27 pilot,
997 1179 111 25 Prussian,
1127 1177 77 28 rustic,
1220 1179 44 21 and

673 1208 105 27 shooting
788 1211 61 19 coats
856 1216 6 19 ;
878 1207 81 22 double
975 1206 76 22 milled
1070 1204 124 27 cassimere,
1207 1212 58 15 mar-

673 1235 62 27 cella,
747 1235 106 26 valentia,
864 1234 103 27 quilting,
979 1233 44 21 and
1038 1233 68 25 fancy
1123 1232 126 21 waistcoats
1258 1240 5 19 ;

672 1262 43 22 silk
725 1262 46 22 and
781 1265 75 19 cotton
863 1260 183 26 handkerchiefs!;
1053 1259 66 21 white
1128 1259 45 21 and
1178 1263 87 23 regatta

673 1289 65 22 shirts
745 1297 5 17 ;
762 1289 77 21 braces
847 1297 5 18 ;
865 1287 158 23 India-rubber
1030 1286 46 21 and
1084 1285 86 22 leather
1180 1289 71 25 straps
1258 1294 5 19 ;

672 1316 118 27 buckskin,
799 1317 125 24 cassimere,
932 1314 131 27 gambroon,
1070 1312 98 28 digonal,
1184 1314 79 26 tweed,

673 1343 57 26 drill,
755 1342 117 27 moleskin,
898 1341 59 27 cord,
989 1340 104 27 flushing,
1122 1339 67 27 duck,
1220 1341 45 21 and

674 1377 94 15 canvass
777 1373 108 19 trowsers.

701 1396 89 22 Ladies'
794 1397 66 21 boots
867 1395 45 23 and
921 1395 71 26 shoes,
1001 1394 149 27 gentlemen's
1155 1393 110 28 Welling-

672 1427 47 22 ton,
732 1423 116 27 Clarence,
857 1423 45 21 and
909 1422 97 22 Blucher
1015 1421 71 26 boots,
1095 1420 98 27 walking
1200 1420 65 24 shoes

672 1451 45 21 and
727 1450 62 22 dress
799 1458 88 19 pumps.

700 1477 52 26 Tea,
771 1484 72 19 sugar,
862 1477 76 24 cotfee,
955 1475 77 28 spices,
1050 1477 109 24 currants,
1176 1475 87 28 raisins,

672 1504 87 22 bottled
769 1503 45 23 and
823 1504 63 22 dried
897 1503 70 26 fruits,
983 1501 75 27 bread,
1076 1501 82 27 butter,
1176 1501 87 28 cheese,

672 1531 64 26 flour,
747 1531 52 26 rice,
812 1531 102 26 oatmeal,
927 1537 58 19 peas,
997 1529 90 27 pickles,
1099 1535 84 20 sauces,
1202 1529 63 22 vine-

672 1565 45 20 gar,
726 1565 50 14 wax
786 1558 45 21 and
840 1561 58 19 store
908 1556 98 27 candles,
1014 1555 106 22 Windsor
1129 1555 45 22 and
1184 1556 81 26 yellow

672 1592 61 20 soap,
752 1584 82 27 starch,
855 1585 58 25 blue,
932 1584 70 27 pipes,
1021 1586 39 19 cut
1074 1583 45 21 and
1136 1583 129 26 negrohead

672 1612 101 25 tobacco,
783 1611 67 22 black
860 1611 45 21 and
917 1611 77 21 brown
1004 1617 88 20 rappee,
1103 1610 103 27 tonquin,
1218 1618 47 14 ma~

672 1639 78 25 couba,
762 1638 46 22 and
818 1637 137 23 Hamilton's
964 1637 103 26 mixture,
1079 1637 101 27 imperial
1187 1637 77 23 brown

672 1666 45 21 and
727 1665 65 22 other
805 1665 77 26 snuffls,
899 1664 112 22 llavanah
1022 1664 44 22 and
1077 1663 96 23 Manilla
1185 1664 77 27 cigars.

699 1692 113 27 Sundries,
814 1703 28 4 —
844 1691 56 22 Hair
910 1691 99 26 brushes,
1020 1691 83 27 combs,
1113 1691 98 26 scissors,
1220 1699 43 19 pen

672 1720 45 22 and
726 1719 82 28 pocket
816 1719 87 26 knives,
912 1726 82 19 razors,
1004 1718 92 27 looking
1106 1717 90 28 glasses,
1206 1719 63 21 snuff

671 1747 76 26 boxes,
759 1746 89 27 writing
858 1753 75 20 paper,
944 1752 62 20 pens,
1015 1745 40 21 ink
1061 1745 44 21 and
1113 1745 86 27 sealing
1208 1753 54 19 wax,

670 1773 80 21 lucifer
767 1774 106 25 matches,
896 1773 79 26 Kpsom
994 1772 59 27 salts,
1075 1773 121 26 magnesia,
1215 1772 50 22 flint

672 1801 45 21 and
725 1800 131 27 percussion
865 1807 65 19 guns,
941 1799 65 26 bolts,
1018 1799 85 26 hinges,
1119 1799 69 27 locks,
1200 1799 63 27 bells,

670 1827 40 21 fire
741 1827 96 25 shovels,
863 1827 72 26 rake,
960 1826 61 27 hoes,
1048 1825 118 26 mattocks,
1181 1826 53 22 -and
1252 1834 13 14 a

672 1854 85 26 variety
782 1854 24 21 of
833 1853 63 22 other
921 1853 89 22 articles
1034 1856 23 18 to
1082 1860 121 14 numerous
1229 1857 36 18 too

670 1881 110 21 mention.

752 1945 94 21 JOHN
869 1945 125 24 LODGE,
1016 1944 165 25 BUILDER,

672 1979 108 48 BEGS
795 1982 23 18 to
827 1979 81 22 inform
922 1979 38 21 the
969 1978 138 23 inhabitants
1119 1979 25 21 of
1156 1978 110 28 WeUing.-

735 2010 46 22 ton,
794 2006 47 20 that
851 2006 84 25 having
945 2006 57 21 been
1013 2012 68 20 many
1092 2011 64 21 years
1165 2001 101 31 engaged

671 2040 23 14 as
705 2034 101 20 foreman
818 2032 21 21 in
857 2032 35 21 the
909 2032 98 22 erection
1025 2032 25 21 of
1065 2031 118 27 buildings,
1203 2032 27 21 he
1247 2032 18 21 ie

672 2067 49 14 now
731 2059 109 27 prepared
851 2064 21 16 to
883 2058 67 23 make
960 2059 64 27 plans
1038 2059 46 21 and
1101 2059 114 22 estimates
1232 2059 35 21 for

671 2095 45 19 any
726 2086 135 27 description
877 2087 25 20 of
917 2086 118 26 buildings,
1054 2086 44 21 and
1116 2088 93 19 execute
1229 2086 36 21 the

671 2121 60 14 same
743 2121 29 13 on
783 2114 131 21 reasonable
926 2116 74 24 terms,
1013 2112 51 22 with
1074 2112 58 28 good
1141 2112 126 23 workman-

671 2142 56 26 ship.

698 2168 57 21 N.B.
757 2180 28 3 —
789 2168 17 21 A
825 2167 93 22 wooden
936 2167 70 22 house
1023 2169 21 20 to
1062 2167 28 22 be
1110 2167 106 27 disposed
1235 2168 29 26 o^,

671 2196 53 21 20ft.
736 2195 31 27 by
778 2195 52 21 14ft.

697 2222 126 22 Thorndon
834 2222 73 26 Quay,
919 2221 52 22 Jan.
983 2222 33 26 21,
1029 2222 62 21 ISM.

673 2278 49 47 A
751 2276 133 27 HEWITT,
896 2277 162 25 Fishmonger,
1071 2276 110 22 Lambton
1192 2277 72 27 Quay,

728 2315 9 9 •
755 2303 148 28 Wellington,
911 2308 89 17 returns
1009 2303 33 21 his
1053 2303 87 22 sincere
1150 2303 84 23 thanks
1244 2309 22 16 to

673 2331 37 21 the
728 2330 140 22 inhabitants
888 2333 22 19 ot
935 2330 43 22 this
998 2330 85 27 Colony
1100 2331 36 21 for
1156 2331 36 21 the
1212 2338 55 20 very

670 2358 80 22 liberal
769 2361 94 24 support
877 2357 29 22 he
922 2357 40 22 has
978 2357 99 22 hitherti
1092 2358 110 27 received,
1222 2359 45 21 and

672 2385 54 27 begs
736 2389 23 17 to
768 2385 83 22 inform
864 2385 58 21 them
936 2385 47 21 that
999 2384 26 22 he
1036 2385 40 21 has
1085 2385 66 21 made
1162 2392 105 21 arrange-

672 2415 73 19 ments
761 2413 36 21 for
816 2420 13 14 a
844 2415 104 19 consult
966 2412 80 27 supply
1065 2412 26 21 of
1111 2411 38 23 the
1169 2413 99 22 choicest

672 2439 104 23 varieties
787 2439 24 22 of
823 2439 49 26 fish,
891 2439 73 21 wliich
981 2441 28 19 he
1027 2439 138 28 confidently
1181 2447 86 15 recom-

672 2467 80 21 mends
762 2470 23 18 to
795 2467 37 21 the
842 2466 77 27 public
929 2474 23 14 as
959 2466 69 27 being
1036 2467 26 21 of
1073 2467 37 21 the
1119 2467 49 21 best
1174 2467 92 28 quality.

700 2494 85 22 Orders
794 2493 34 22 for
838 2494 105 27 snipping
951 2494 112 27 received,
1079 2494 45 22 and
1133 2495 135 27 punctually

675 2521 108 22 attended
793 2524 29 18 to.

830 2555 100 15 OYSTURS
946 2555 72 15 FRESH
1034 2556 77 14 DAILY.

701 2584 64 27 Also,
777 2591 14 14 a
801 2584 79 27 supply
891 2584 26 21 of
933 2583 127 27 vegetables
1078 2583 60 23 fresh
1154 2584 58 22 from
1231 2585 37 22 the

673 2611 85 27 garden
770 2611 67 26 daily.

807 2668 155 20 WESX2.IT
976 2668 165 22 MARKET.

676 2703 93 48 MR.
785 2702 21 22 J.
821 2702 146 22 TELFORD
981 2702 42 22 has
1037 2703 111 27 arranged
1156 2707 24 19 to
1189 2703 59 24 have
1258 2712 14 14 a

768 2737 95 15 weekly
886 2737 96 14 market
1009 2737 29 15 on
1062 2730 140 23 MONDAY
1227 2732 45 22 and

675 2757 171 23 SATURDAY
862 2757 170 27 EVENINGS,
1047 2761 25 18 at
1079 2758 36 21 his
1123 2758 148 29 Warehouse,

675 2785 59 21 from
743 2786 15 20 4
768 2788 23 18 to
802 2785 13 22 7
826 2784 93 27 o'clock,
932 2784 69 28 being
1015 2784 109 22 intended
1141 2784 83 29 chiefi^
1239 2787 35 22 for

676 2811 38 23 the
735 2811 196 23 accommodation
952 2812 26 20 of
996 2811 143 23 Workmen's
1158 2813 114 23 Families.

675 2839 49 22 The
742 2839 118 27 following
878 2838 90 22 articles
986 2839 45 21 will
1048 2839 29 22 be
1096 2840 50 22 sold
1164 2841 23 22 in
1207 2841 67 23 small

676 2867 129 28 quantities,
816 2870 23 18 at
849 2865 132 23 reasonable
991 2866 72 27 prices
1070 2874 5 14 :
1077 2879 30 5 —

704 2900 82 28 Flour,'
792 2908 74 20 sugar,
877 2904 44 24 tea,
934 2900 77 28 coffee,
1028 2901 81 28 butter,
1120 2901 88 29 cheese,
1220 2911 54 15 can-

677 2928 54 28 dles,
743 2936 62 20 soap,
821 2929 42 20 &c.
875 2928 40 21 &c.

705 2963 54 22 Port
767 2962 133 27 Nicholson,
912 2963 60 21 June
985 2963 32 28 15,
1029 2965 60 20 1840.

825 3018 171 21 GENERAL
1012 3020 120 21 STORE.

679 3052 92 48 MR.
787 3052 146 22 TELFORD
947 3052 85 27 having
1045 3053 103 28 recently
1159 3055 66 23 made
1236 3064 39 15 ex-

771 3079 87 22 tensive
875 3078 129 30 purchases,
1023 3081 54 26 begs
1087 3084 22 19 to
1120 3088 121 17 announce
1252 3086 23 20 to

677 3106 35 22 his
722 3107 87 21 friends
818 3106 50 22 that
877 3108 28 20 lie
915 3106 40 22 has
967 3114 29 15 on
1008 3107 52 28 sale,

705 3133 190 23 HARDWARE
910 3133 26 22 of
947 3133 38 23 the
995 3134 49 22 first
1052 3135 93 28 quality,
1157 3137 119 29 including

679 3168 13 14 a
701 3164 63 24 great
771 3161 88 27 variety
870 3161 26 21 of
906 3160 66 22 nails.

705 3188 106 23 FLOUR
821 3189 27 21 of
858 3188 49 22 first
917 3188 45 22 and
973 3189 83 22 second
1067 3190 93 27 quality.

706 3215 218 23 GROCERIES.—
924 3215 54 28 Tea,
994 3223 85 20 sugars,
1097 3218 77 27 coffee,
1190 3219 84 28 butter,

678 3250 61 21 soap,
752 3243 99 27 candles,
862 3243 53 27 rice,
932 3250 66 21 curry
1014 3239 97 33 powder,
1128 3245 87 27 pickles
1231 3249 46 21 and

679 3277 85 20 sauces,
775 3271 112 26 spiceries,
900 3271 40 21 &c.

706 3295 103 24 WINES
823 3297 68 23 AND
902 3297 158 22 SPlßlTS.—
1061 3298 93 23 Besides
1163 3300 38 23 the
1210 3302 66 23 usual

679 3324 81 29 supply
770 3325 27 22 of
808 3325 69 22 wines
886 3324 46 22 and
942 3325 81 27 spirits,
1037 3325 64 22 there
1110 3326 19 22 is
1138 3334 15 14 a
1162 3328 114 23 consider-

679 3351 50 22 able
735 3352 105 27 quantity
844 3352 27 22 cf
879 3353 89 20 Scotch
976 3351 114 24 Whiskey
1099 3361 6 19 ;
1117 3354 45 22 and
1169 3363 13 14 a
1188 3355 88 24 limited

679 3379 105 27 quantity
794 3380 26 21 of
831 3380 118 21 Colonial
959 3379 124 23 Whiskey.

707 3406 99 23 BOOTS
820 3406 68 23 AND
903 3406 141 22 SHOES.—
1044 3407 73 23 There
1126 3408 43 23 has
1175 3409 59 23 been
1241 3419 36 14 re-

679 3433 79 22 ceived
776 3441 15 14 a
809 3434 104 26 quantity
936 3434 26 21 of
983 3433 139 29 Wellington
1145 3436 66 23 boots
1231 3439 46 22 and

679 3460 116 23 Warren's
802 3460 114 28 blacking.

707 3495 173 23 BLANKETS.
882 3508 32 5 —
914 3496 71 22 Fresh
1001 3496 93 23 arrivals
1110 3497 58 23 have
1178 3507 65 15 come
1254 3503 22 20 to

678 3521 62 23 hand
749 3523 25 21 in
785 3524 38 21 8-4
833 3522 46 23 and
888 3524 58 26 11-4,
965 3523 26 23 of
1004 3524 90 22 various
1110 3525 103 28 qualities
1232 3528 44 23 and

678 3549 81 28 prices.

707 3584 304 23 HABERDASHERY.—
1011 3585 73 23 There
1099 3586 19 23 is
1133 3594 14 14 a
1157 3588 70 23 select
1236 3586 49 26 but*

677 3610 90 23 limited
793 3612 103 27 quantity
921 3619 29 15 on
975 3612 70 28 hand,
1069 3613 118 29 including
1205 3619 70 26 tapes,

679 3638 99 27 threads,
788 3638 68 23 black
867 3639 45 22 and
928 3639 106 23 coloured
1049 3648 88 15 sewing
1232 3645 40 22 and

679 3666 65 26 twist,
767 3662 98 31 darning
884 3669 84 24 cotton,
986 3667 100 28 needles,
1105 3669 83 28 combs,
1210 3671 67 24 India

679 3692 43 22 silk
730 3693 46 21 and
783 3696 77 19 cotton
867 3693 182 28 handkerchiefs,
1057 3694 86 29 braces,
1153 3697 40 23 &c.

706 3727 191 22 DRAPERY.—
898 3727 77 22 White
995 3731 77 20 cotton
1095 3729 102 30 shirting,
1217 3736 62 20 stout

679 3754 144 22 unbleached
837 3758 83 24 cotton,
935 3755 60 22 40in.
1011 3756 64 28 wide,
1093 3761 78 19 cotton
1185 3758 84 24 checks

680 3780 56 23 dark
745 3782 80 26 prints,
837 3782 41 22 &c.
889 3782 41 22 &c.
1270 3778 6 11 '

708 3814 54 22 OIL
784 3815 69 23 AND
879 3815 144 24 LAMPS.—
1024 3817 54 23 This
1096 3819 68 22 latter
1182 3820 41 23 has
1243 3829 34 15 re-

681 3841 78 23 ceived
768 3850 30 15 an
808 3842 101 24 increase
919 3843 28 23 of
956 3843 38 23 the
1004 3845 49 22 best
1068 3847 86 27 quality
1172 3848 50 23 that
1238 3848 40 24 has

680 3871 39 24 yet
728 3869 60 23 been
798 3870 84 23 offered
891 3870 24 22 in
926 3870 38 23 the
976 3871 94 30 Colony.

708 3903 72 24 There
791 3905 40 22 has
842 3905 47 23 also
900 3913 64 16 come
975 3909 22 19 to
1018 3906 60 24 hand
1096 3916 13 14 a
1125 3909 65 23 small
1206 3910 33 22 lot.
1256 3911 26 22 of

681 3934 64 19 straw
765 3932 59 24 hats,
851 3934 47 22 sou'
925 3937 96 25 westers,
1045 3935 81 23 Scotch
1147 3945 59 18 caps,
1229 3946 49 15 um-

682 3958 88 28 brellas,
783 3960 39 22 &c.

180 129 99 22 RICE!
299 128 98 23 RICE!
420 127 95 23 RICE!

56 165 90 50 FOR
154 164 86 27 SALE,
247 169 24 17 at
278 164 37 22 the
321 165 75 21 Stores
404 162 25 21 of
435 162 38 21 the
480 158 164 29 Undersigned,

115 200 14 14 a
140 192 59 26 large
210 191 103 28 quantity
323 191 26 21 of
360 190 47 21 first
417 188 45 22 and
469 186 83 23 second
559 186 87 28 quality

54 219 47 22 rice
107 227 6 18 ;
129 219 46 21 also
185 226 14 14 a
208 218 62 27 large
280 216 79 29 supply
367 216 25 21 of
399 223 49 14 new
456 218 106 23 potatoes,
574 212 72 22 York-

55 245 59 22 shire
129 245 69 26 hams,
218 244 94 27 English
327 242 46 22 and
389 242 76 22 Dutch
482 241 85 25 cheese,
587 239 58 21 Irish

54 272 83 26 butter,
148 272 44 21 fine
202 271 49 21 loaf
263 270 45 22 and
318 268 95 23 crushed
425 275 82 20 sugars,
524 266 66 22 black
601 266 45 20 and

54 305 69 20 green
135 301 51 24 teas,
199 296 108 24 muscatel
316 296 86 26 raisins,
412 298 107 22 currants,
527 292 118 28 raspberry

54 325 47 21 and
120 324 63 22 other
200 325 112 25 vinegars,
336 322 45 22 and
401 320 111 28 groceries
530 319 26 22 of
576 325 70 20 every

56 351 143 27 description.

82 386 21 20 A
115 386 41 20 few
169 385 53 27 kegs
238 383 47 22 real
301 382 119 23 Loch-fine
435 381 110 27 herrings.
575 378 69 23 Fresh

54 412 58 28 pork
123 411 65 27 daily.

82 445 59 21 First
150 444 85 28 quality
244 444 52 26 rice,
307 444 44 21 255.
363 450 40 20 per
411 442 54 22 hhd.
484 440 82 27 weight
574 449 4 18 ;
600 439 46 22 2nd

55 472 63 26 ditto,
131 472 42 20 12s.
183 470 36 22 6d.
230 478 40 20 per
280 470 54 22 ditto
342 478 5 18 ;
366 473 108 32 potatoes,
490 469 31 20 Bs.
531 475 40 19 per
580 466 64 22 ditto.

55 498 39 22 All
105 498 64 21 other
177 497 70 27 goods
257 497 88 28 equally
357 500 78 23 cheap.

326 532 138 20 Archibald
475 529 136 20 Anderson.

83 564 146 28 Wellington,
241 564 53 22 Feb.
306 565 32 25 10,
350 564 61 21 1841.

211 619 44 21 TO
271 619 70 20 THE
355 618 136 21 PUBLIC.

56 652 161 49 MESSRS.
253 651 160 27 WALLACE,
453 649 111 27 WHITE,
601 648 45 22 and

148 679 154 22 WALLACE
329 678 58 21 have
395 678 46 27 just
449 676 90 26 landed,
560 683 29 15 ex
606 675 38 22 the

206 713 29 14 an
252 705 114 22 extensive
381 706 133 20 assortment
533 702 26 22 of
577 710 65 19 guns,

54 741 91 14 DOUBLE
163 741 46 13 AND
227 739 81 14 SINGLE
325 738 140 19 BARRELLED,
481 734 56 23 potS,
555 729 87 26 kettles,

54 766 130 21 saucepans,
200 759 41 22 flat
249 759 68 26 irons,
327 758 46 21 and
388 757 64 22 other
461 755 72 23 useful
548 755 95 26 articles,

54 786 74 22 which
137 786 51 27 they
196 793 37 14 are
244 785 80 27 selling
329 788 24 18 at
360 783 146 28 exceedingly
514 783 42 21 low
564 782 78 28 prices,

54 817 25 18 at
88 813 58 22 their
156 814 69 25 Store,
238 819 27 14 on
277 812 38 21 the
324 811 78 22 beach.

135 867 109 22 BAKER
256 868 54 26 begs
325 870 22 18 to
362 866 89 27 apprize
461 865 34 22 his
505 865 84 21 friends
600 864 44 21 and

54 888 68 27 JLX.
153 895 38 21 the
200 894 138 22 inhabitants
349 893 26 22 of
387 894 53 23 Port
449 891 131 27 Nicholson,
597 891 49 21 that

54 921 29 22 he
89 922 41 21 has
137 921 146 22 commenced
287 920 101 22 business
395 927 23 14 as
425 927 13 13 a
442 918 201 25 Wine-merchant,

54 952 25 17 at
95 948 34 21 his
150 948 150 25 Store-house,
321 955 28 13 on
369 947 38 21 the
422 945 82 26 Beach,
519 945 73 21 below
610 945 35 21 his

54 974 193 27 dwelling-house,
263 974 72 21 where
350 973 30 22 he
390 974 18 21 is
419 972 95 22 enabled
524 976 23 17 to
557 972 54 21 offer
621 974 23 18 to

54 1002 39 21 the
103 1002 75 27 public
193 1001 38 22 the
246 1000 203 23 xmdermentioned
465 999 94 26 articles,
576 998 69 27 being

55 1028 30 22 all
105 1028 26 21 of
151 1028 35 22 the
206 1028 50 21 best
275 1028 85 26 quality
380 1026 45 22 and
446 1026 79 21 lowest
548 1025 96 27 possible

54 1055 81 27 prices.

223 1089 30 14 EX

82 1115 67 27 Pomj
149 1123 5 8 r
157 1115 16 21 's
183 1115 82 22 Medoc
275 1114 75 27 claret,
360 1114 25 22 in
397 1121 67 20 cases,
477 1115 9 19 1
499 1113 48 22 doz.
559 1112 62 22 each.

163 1142 64 22 Ditto
364 1141 56 21 ditto
474 1141 13 20 2
524 1140 63 21 ditto.

82 1169 62 28 Very
153 1169 100 26 superior
260 1171 52 25 port
321 1168 64 25 wine,
397 1167 56 22 ditto
475 1169 13 19 3
525 1166 62 22 ditto.

163 1195 63 22 Ditto
362 1195 65 26 ditto,
437 1195 25 21 in
472 1197 89 24 quarter
571 1193 71 22 casks.

81 1223 83 27 Sherry
164 1234 26 4 —
190 1223 84 27 brown,
294 1221 60 28 gold,
373 1221 57 28 pale,
451 1221 37 22 old
510 1221 84 26 brown,
619 1220 25 22 in

53 1253 92 26 quarter
154 1250 70 21 casks.

81 1276 99 28 Brandy,
190 1277 24 21 in
225 1283 62 15 cases
297 1276 27 21 of
333 1277 10 20 1
356 1275 49 22 doz.
416 1275 64 22 each.

165 1304 63 21 Ditto
336 1304 14 19 3
390 1302 61 26 ditto,

83 1330 68 27 Rum,
166 1331 22 21 in
204 1330 65 22 hhds.
286 1330 25 21 of
321 1331 27 20 43
357 1329 95 27 gallons.

164 1357 64 22 Ditto
324 1357 28 21 47
388 1356 63 21 ditto.

82 1384 52 25 Gin,
146 1383 50 22 half
207 1391 69 17 cases,
289 1385 10 20 1
312 1383 71 22 dozen
394 1383 61 22 each.

81 1410 102 27 Taylor's
192 1414 66 23 stout,
270 1411 24 21 in
305 1410 70 22 wood.

100 1438 63 21 Ditto
190 1437 51 28 pale
252 1437 41 27 ale,
307 1437 62 21 ditto.

100 1464 62 22 Ditto
191 1468 66 23 stout,
268 1464 24 21 in
300 1463 76 27 bottle,
389 1463 64 22 casks
460 1463 24 22 of
491 1465 12 20 3
512 1463 49 21 doz.
570 1463 63 21 each.

82 1491 176 22 Hebblewhite's
267 1494 66 24 stout,
345 1490 57 22 ditto
511 1489 62 23 ditto.

126 1518 64 22 Ditto
267 1517 42 27 ale,
343 1517 56 22 ditto
510 1517 63 22 ditto.

53 1558 145 28 Wellington,
211 1558 102 27 January
322 1559 33 25 28,
367 1559 61 21 1841.

54 1613 157 50 SELLING
232 1613 64 26 OFF,
313 1616 23 18 at
354 1613 39 22 the
412 1616 60 19 tents
491 1613 26 21 of
533 1613 110 21 FRANK

108 1640 126 27 LOSACK,
243 1647 60 17 .near
315 1640 37 21 the
369 1640 59 21 head
445 1640 27 21 cf
484 1640 37 21 the
537 1639 50 28 bay,
606 1640 36 21 the

51 1667 116 27 following
177 1667 86 22 various
273 1670 112 25 property,
398 1670 22 18 at
430 1668 73 27 prices
519 1667 124 27 unusually

52 1695 52 21 low.

80 1728 106 26 Ploughs,
193 1728 105 26 scarifier,
308 1727 163 28 harrow-tines,
482 1730 89 24 potatoe
581 1728 62 22 forks

52 1755 45 21 and
115 1755 59 26 hoes,
188 1755 67 27 sheep
265 1755 45 21 and
324 1755 65 21 cattle
404 1755 63 27 bells,
479 1755 91 21 Canada
580 1762 61 20 axes,

52 1782 68 21 cattle
134 1782 100 27 probang
251 1782 80 20 timber
343 1781 56 27 dogs
416 1782 45 22 and
478 1782 84 26 chains,
573 1782 69 22 barn-

53 1809 55 21 door
117 1809 77 25 cloths,
213 1808 87 27 sickles,
312 1809 142 26 corn-sieves,
470 1816 111 14 measures
597 1809 45 21 and

51 1835 97 27 shovels,
159 1837 126 25 surveyor's
300 1835 72 27 chain,
385 1843 59 14 cross
454 1839 38 18 cut
507 1843 43 14 saw
559 1844 5 18 ;
565 1849 28 3 —
594 1843 48 14 ma-

51 1863 92 26 hogany
154 1862 61 22 chest
226 1863 25 21 of
258 1862 101 27 drawers,
371 1863 48 26 pier
432 1863 65 26 glass,
510 1863 52 21 card
573 1863 68 27 table,

51 1889 93 22 butler's
151 1893 54 23 tray,
214 1889 49 22 iron
271 1889 68 26 chest,
347 1889 79 22 hearth
434 1896 58 21 rugs,
500 1889 47 22 dish
557 1897 84 20 covers,

49 1924 70 20 paper
126 1917 34 21 for
167 1924 82 18 rooms,
261 1917 85 21 curtain
355 1924 85 19 screws,
453 1917 113 26 crockery,
573 1917 67 27 glass,

50 1943 46 22 and
107 1943 74 28 plated
190 1943 70 28 goods
268 1952 5 18 ;
275 1956 28 3 —
304 1943 69 22 ladies
383 1943 96 27 apparel,
491 1951 41 20 cap
542 1944 98 27 ribbons,

50 1971 93 21 scented
158 1978 70 20 soaps,
239 1970 128 28 perfumery
378 1971 26 21 of
417 1971 38 21 the
465 1971 66 21 finest
547 1971 93 28 quality,

50 1997 50 21 hair
118 1997 62 22 tooth
196 1998 46 20 and
257 1997 46 21 nail
321 1997 92 22 brushes
421 2006 5 17 ;
428 2010 28 3 —
458 1998 121 25 stationary
596 1999 46 21 and

50 2024 94 27 playing
159 2024 69 25 cards,
240 2024 72 21 men's
327 2023 96 28 apparel,
435 2023 71 22 check
522 2024 45 22 and
578 2024 64 22 other

51 2051 75 27 shirts,
138 2058 14 14 a
167 2050 86 27 variety
268 2051 26 20 of
307 2051 135 26 carpenter's
453 2051 62 26 tools,
527 2058 14 14 a
557 2058 83 21 cramp,

51 2085 66 20 camp
134 2084 64 20 oven,
217 2078 69 26 tripot
300 2077 44 22 and
361 2085 74 19 crane,
451 2085 14 14 a
480 2081 79 24 patent
574 2086 66 19 oven,

50 2105 67 26 bolts,
127 2104 68 27 locks,
209 2103 86 28 hinges,
305 2104 94 27 leather,
410 2105 13 21 2
437 2105 96 27 Spanish
548 2106 93 27 guitars,

50 2139 114 20 marquee,
184 2133 12 19 2
216 2135 66 22 tents,
299 2139 13 13 a
329 2131 114 23 M'lntosh
461 2131 39 22 life
518 2139 122 20 preserver,

50 2159 104 26 splendid
169 2159 66 21 brace
251 2158 203 22 double-barrelled
469 2159 76 27 pistols
555 2161 23 19 in
594 2167 47 13 ma-

50 2185 93 28 hogany
165 2193 49 14 case
221 2193 5 18 ;
228 2197 28 4 —
256 2185 120 26 bees-wax,
394 2193 59 20 soap,
473 2185 79 27 starch,
570 2187 72 26 prime

50 2213 140 26 negro-head
205 2213 100 26 tobacco,
317 2213 135 21 Robinson's
468 2213 108 27 prepared
592 2214 50 21 bar-

49 2239 38 28 ley
98 2240 45 22 and
153 2243 80 24 groats,
242 2239 67 22 black
315 2247 90 20 pepper,
420 2240 90 27 allspice
518 2248 4 19 ;
525 2251 27 4 —
554 2240 87 27 spades,

51 2267 45 21 and
106 2267 88 21 shoveh
209 2269 32 19 3s.
254 2266 62 25 each,
328 2267 112 27 grubbing
449 2267 54 21 hoes
512 2267 29 22 8d
554 2275 39 19 per
602 2267 39 27 lb.,

49 2300 51 16 new
111 2293 86 28 wedges
212 2294 29 22 8d
255 2301 41 20 per
311 2294 36 26 lb.,
364 2295 48 21 foot
427 2298 55 18 rests
493 2296 23 20 Is
533 2295 29 21 6d
578 2295 63 26 each,

49 2321 66 26 nails,
124 2321 45 21 fine
176 2321 68 26 clasp,
256 2328 56 19 rose,
320 2321 84 28 paling,
413 2321 86 28 shingle
507 2321 134 28 andbatten,

50 2347 84 23 the4d.
146 2348 35 22 6d.
193 2348 44 22 and
254 2348 35 22 Bd.
303 2352 24 18 at
343 2349 49 21 lOd.
403 2356 40 24 per
452 2349 37 26 lb.,
505 2349 38 22 the
560 2349 48 22 lOd.
620 2353 23 17 at

50 2375 38 22 9d.
103 2382 40 19 per
152 2375 39 27 lb.,
201 2375 38 21 the
249 2375 50 22 20d.
314 2375 45 22 and
369 2375 61 28 spike
442 2379 23 18 at
474 2375 34 22 Bd.
520 2383 39 20 per
567 2376 31 22 lb.
608 2384 6 19 ;
616 2387 28 5 —

50 2402 97 21 window
164 2403 57 26 glass
232 2403 22 20 in
265 2410 90 19 squares
376 2404 26 20 10
418 2403 31 26 by
467 2404 33 25 12,
520 2403 35 22 9d.
578 2403 63 27 each,

51 2429 139 27 gunpowder
198 2430 45 21 255.
254 2436 40 21 per
305 2429 72 22 barrel
387 2430 26 21 of
426 2431 25 20 25
462 2430 50 27 lbs.,
524 2430 45 22 and
578 2430 65 22 other

51 2456 90 22 articles
160 2460 37 17 too
220 2463 121 15 numerous
359 2460 22 18 to
404 2457 108 26 mention,
532 2464 70 21 many
621 2458 27 21 of

51 2483 73 22 which
135 2491 37 14 are
183 2486 40 19 not
233 2487 22 18 to
271 2483 28 22 be
315 2483 105 23 obtained
436 2484 119 23 elsewhere
571 2485 24 22 in
605 2484 38 23 the

52 2510 94 28 Colony.

96 2566 148 21 THOMAS
258 2567 76 20 AND
347 2568 145 21 SAMUEL
507 2569 92 20 COOK

53 2601 93 49 BEG
156 2604 21 18 to
187 2601 82 22 inform
279 2601 38 23 the
326 2601 83 29 public,
420 2602 48 22 that
484 2602 84 28 having
583 2610 62 15 com-

129 2628 76 27 pleted
223 2629 57 22 their
303 2629 115 22 extensive
436 2630 210 22 weather-boarded

53 2656 71 26 Store,
135 2655 53 28 they
198 2656 57 21 have
272 2663 68 21 every
355 2657 153 22 convenience
524 2658 35 21 for
576 2665 69 14 ware-

51 2682 98 28 housing
157 2683 76 27 goods,
245 2686 23 19 at
277 2690 14 14 a
300 2691 53 20 very
363 2683 115 23 moderate
488 2684 89 27 charge.

80 2716 113 22 Lambton
203 2717 72 28 Quay,
286 2717 146 28 Wellington,
447 2718 52 22 Jan.
510 2721 34 25 29,
555 2721 61 20 1841.

277 2773 148 22 TIMBER.

56 2799 184 49 SEASONED
249 2800 90 28 boards,
350 2803 10 19 1
371 2801 40 28 in.,
423 2803 11 24 f
444 2801 40 28 in.,
493 2802 44 22 and
550 2803 8 24 J
570 2803 31 21 in.

136 2826 107 23 Weather
253 2827 88 23 boards.

137 2855 118 26 Scantling
264 2855 26 21 of
301 2855 30 21 all
341 2855 63 22 sizes.

136 2881 99 28 Norway
245 2881 69 23 deals.

138 2908 101 22 Battens.

135 2936 29 20 50
173 2937 59 26 pairs
242 2936 89 22 French
341 2937 111 28 windows,
463 2940 44 19 two
517 2938 63 23 sizes.

138 2962 126 23 Pannelled
273 2963 74 22 doors.

233 2996 27 22 T.
275 2996 34 22 M.
325 2997 183 23 PARTRIDGE
518 2999 45 22 and
573 3000 47 22 CO.

54 3031 198 27 Manners-street,
262 3031 147 29 Wellington,

105 3060 35 19 Ist
149 3058 130 28 December,
293 3060 59 21 1840.

184 3114 194 22 BARRETT'S
393 3116 124 21 HOTEL.

56 3147 52 49 R
134 3147 145 23 BARRETT
293 3148 55 28 begs
360 3152 23 19 to
394 3149 84 23 inform
487 3150 38 22 the
535 3151 114 22 Colonists

113 3185 9 10 •
155 3174 26 22 of
193 3175 53 21 Port
254 3175 133 29 Nicholson,
396 3176 49 22 that
453 3177 38 21 the
499 3178 70 21 above
578 3179 71 21 Hotel

55 3201 19 22 is
82 3208 51 14 now
144 3208 63 21 open,
220 3202 45 22 and
275 3205 68 20 trusts
355 3203 32 28 by
402 3203 111 29 affording
529 3212 69 21 every
612 3213 37 14 ac-

56 3228 167 22 commodation
233 3232 24 19 to
267 3229 34 22 his
311 3233 82 24 guests,
404 3234 23 19 to
437 3231 67 22 merit
516 3239 13 14 a
545 3232 105 23 continu-

56 3262 56 15 ance
124 3255 25 22 of
160 3255 38 23 the
211 3259 123 25 patronage
350 3257 92 28 already
458 3259 114 22 bestowed
587 3267 62 20 upon

55 3281 56 23 him.

82 3316 87 28 Wines,
185 3317 83 28 spirits,
282 3318 43 28 ale,
343 3319 45 22 and
403 3323 83 25 porter,
503 3321 26 21 of
545 3321 37 23 the
624 3325 27 19 'st

56 3344 95 28 quality.

83 3378 39 21 An
133 3378 104 28 ordinary
247 3379 61 27 daily
318 3383 24 18 at
350 3382 43 20 two
407 3380 94 24 o'clock.
531 3382 55 22 Cold
604 3383 47 22 ol-

54 3405 83 22 lations
148 3406 82 27 always
240 3406 78 27 ready.
348 3407 66 22 Good
421 3408 63 22 beds.

78 3460 195 21 BARRETT'S
287 3462 117 22 HOTEL
419 3464 75 21 AND
508 3466 120 26 STORE,

266 3495 177 24 TARANAKI.

58 3535 177 50 RICHARD
251 3536 145 24 BARRETT
412 3539 55 26 begs
481 3543 23 18 to
518 3540 81 23 inform
611 3542 39 22 the

137 3563 140 23 inhabitants
290 3564 27 22 of
332 3565 53 21 Port
400 3565 131 29 Nicholson,
550 3569 45 22 and
611 3569 38 23 the

55 3590 119 28 adjoining
183 3591 151 28 Settlements,
347 3591 47 22 that
404 3593 28 20 he
446 3593 89 24 intends
553 3596 98 28 opening

56 3625 29 14 on
98 3617 37 22 the
146 3619 34 20 Ist
190 3618 24 22 of
227 3618 82 22 March
319 3622 61 23 next,
396 3620 38 21 the
444 3621 71 22 above
525 3622 70 23 Hotel
606 3624 45 22 and

56 3644 100 22 General
167 3645 70 27 Store,
249 3645 53 22 with
313 3653 14 14 a
336 3646 160 23 well-selected
512 3649 46 22 and
573 3650 77 23 choice

55 3671 67 22 stock
140 3671 27 22 of
182 3673 76 27 wines,
281 3673 80 27 spirits,
382 3674 36 21 ale
441 3674 46 23 and
505 3680 81 24 porter,
606 3678 45 22 and

55 3699 93 28 general
159 3702 134 19 assortment
301 3700 26 21 of
333 3700 69 28 goods
412 3701 95 23 suitable
514 3702 34 23 for
555 3704 94 28 settlers,

55 3730 24 17 at
89 3733 55 20 very
153 3726 115 22 moderate
277 3727 79 27 .prices
363 3735 6 19 ;
387 3728 47 21 and
448 3732 69 19 trusts
531 3730 30 27 by
578 3734 73 19 atten-

56 3753 49 22 tion
124 3756 22 19 to
167 3753 37 22 the
223 3754 153 23 convenience
397 3755 44 22 and
460 3756 95 23 comfort
571 3758 26 21 of
616 3759 35 22 his

56 3782 77 25 guests
143 3783 23 18 to
176 3780 66 23 merit
252 3789 14 14 a
275 3780 65 23 share
352 3782 25 21 of
387 3782 59 22 their
454 3783 81 23 favors.

84 3813 59 23 N.B.
144 3825 29 4 —
175 3814 65 22 Good
263 3815 54 22 beds
341 3815 45 23 and
405 3818 193 23 accommodation
616 3819 37 24 for

57 3841 123 28 travellers,
192 3841 45 23 and
246 3843 86 28 private
342 3847 137 24 apartment
480 3847 14 24 3
491 3845 35 22 for
534 3846 103 23 families.

59 3897 90 49 FOR
167 3897 86 26 SALE,
275 3905 12 14 a
307 3898 62 22 small
388 3900 105 26 quantity
510 3901 26 21 of
553 3902 100 24 superior

133 3923 78 23 SEED
226 3924 126 23 WHEAT.
381 3926 75 28 Apply
474 3930 22 19 to
514 3927 45 23 Mr.
574 3929 78 22 James

59 3951 69 27 Watt,
138 3951 146 28 Wellington.
