3290 4320
1117 1607 197 17 BIRTH.

972 1655 111 18 Williams.
1085 1654 50 18 —At
1143 1654 84 17 Rotoruu
1236 1659 24 12 on
1269 1653 32 17 the
1313 1653 42 17 19tli
1363 1653 44 17 iiist.

994 1679 33 17 the
1046 1678 44 17 wife
1111 1678 19 16 of
1151 1677 28 17 W.
1201 1677 23 17 A.
1245 1675 99 22 Williams,
1361 1677 20 16 of
1397 1682 10 11 a

994 1701 101 23 daughter.

972 1761 57 25 THE
1048 1761 58 25 HOT
1125 1761 96 25 LAKES
1240 1761 172 25 CHRONICLE

972 1798 440 13 AND

1075 1828 108 20 Tourists'
1201 1828 100 24 Journal.

1095 1896 51 13 fact
1155 1890 10 18 I
1177 1890 49 20 will

1020 1941 170 19 WEDNESDAY,
1204 1941 57 17 MAY
1271 1941 28 19 22,
1312 1942 51 15 1895.

997 1985 54 17 Some
1060 1985 20 15 of
1089 1983 31 18 the
1129 1988 65 17 young
1207 1982 58 17 ladies
1282 1982 43 17 who
1342 1980 69 25 graced

973 2008 32 17 the
1011 2007 86 18 Pukeroa
1103 2006 80 18 Reserve
1189 2012 25 11 on
1220 2005 94 22 Saturday
1319 2006 38 16 lust
1365 2005 45 16 with

973 2031 139 22 theirpresenee
1117 2035 46 11 were
1167 2028 98 23 decidedly
1272 2030 30 15 'on
1309 2028 31 17 the
1347 2028 62 17 bawl.'

997 2059 79 21 Captain
1084 2056 69 19 Edwin
1157 2056 54 18 wires
1220 2056 67 22 to-day
1296 2062 21 11 us
1324 2056 73 17 follows
1406 2056 3 24 :

973 2082 52 18 West
1033 2084 20 15 to
1062 2080 56 18 south
1127 2080 38 17 and
1181 2080 108 16 south-east
1305 2087 12 14 s
1319 2088 11 8 a
1331 2079 23 20 '"-''
1365 2079 45 17 with

973 2106 51 21 glass
1032 2105 59 22 rising
1100 2103 38 17 and
1147 2103 55 17 much
1211 2103 63 17 colder
1282 2103 90 16 weather.

997 2137 17 17 A
1018 2136 68 18 service
1091 2135 21 18 of
1117 2141 53 16 song,
1199 2133 62 19 Uncle
1261 2133 63 19 Tom's
1332 2132 79 22 Cabin/'

974 2160 19 17 in
1002 2159 32 17 aid
1045 2159 20 17 of
1081 2159 32 17 the
1131 2158 57 17 funds
1202 2158 20 16 of
1231 2157 31 17 the
1278 2157 131 22 Presbyterian

974 2183 81 19 Church,
1063 2182 53 17 takes
1125 2181 53 23 place
1184 2181 19 16 in
1211 2181 31 17 the
1249 2180 63 18 school
1318 2180 95 22 to-night.

997 2215 39 17 The
1045 2213 99 24 following
1152 2213 14 17 is
1176 2213 31 17 the
1224 2213 80 16 number
1321 2212 19 17 of
1356 2211 57 17 baths

975 2238 57 17 taken
1037 2239 21 15 at
1064 2237 32 17 the
1104 2235 121 19 Sanatorium
1234 2235 71 23 daring
1310 2235 33 18 the
1347 2234 65 18 month

975 2261 20 18 of
1004 2261 63 23 April:
1070 2260 109 17 —Pavilion
1188 2260 59 19 2,10J,
1257 2258 47 19 Blue
1315 2258 50 17 Path
1374 2258 40 21 598.

999 2293 38 17 The
1047 2292 68 18 School
1124 2291 92 18 Comittee
1225 2290 38 18 will
1270 2292 49 16 meet
1325 2296 23 11 on
1358 2290 42 17 Mon-

976 2317 37 22 day
1021 2316 82 22 evening
1111 2316 20 15 at,
1138 2315 41 17 7.150
1187 2314 20 17 in
1223 2314 32 17 the
1273 2314 141 17 school-house.

976 2340 39 17 The
1023 2339 138 22 improvement
1167 2340 20 14 to
1193 2337 32 18 the
1232 2337 116 22 approaches
1358 2338 20 15 to
1384 2336 31 17 the

977 2363 63 18 school
1046 2362 38 18 and
1089 2362 54 17 other
1150 2361 78 17 matters
1231 2357 39 21 will
1272 2360 24 18 be
1300 2359 116 19 considered.

1000 2392 39 17 The
1047 2390 49 18 local
1105 2391 43 21 post
1164 2389 52 17 office
1233 2388 39 18 will
1280 2389 23 17 be
1321 2388 62 17 closed
1392 2394 24 10 on

978 2415 69 21 Friday
1053 2415 47 16 next
1105 2413 21 17 i;i
1134 2418 126 16 consequence
1267 2413 20 15 of
1295 2411 32 18 the
1335 2412 81 18 Queen's

979 2438 98 22 Birthday.
1104 2436 30 17 All
1143 2436 53 17 mails
1208 2435 74 22 usually
1291 2435 73 21 closing
1373 2440 24 12 on
1406 2439 11 12 a

980 2461 69 22 Friday
1065 2460 40 17 will
1120 2460 24 17 be
1151 2459 53 17 made
1219 2465 26 16 up
1258 2465 24 10 on
1289 2458 32 17 the
1331 2458 86 22 previous

980 2485 80 22 evening
1068 2486 21 14 at
1098 2484 9 17 7
1117 2484 21 16 30
1150 2482 77 18 o'clock.

973 2510 1 25 I
1003 2512 106 23 According
1120 2514 18 15 to
1147 2512 32 16 the
1188 2510 72 18 Herald
1269 2510 32 18 the
1310 2510 37 17 last
1360 2510 57 17 batch

973 2530 1 31 I
981 2537 19 17 of
1007 2535 126 24 unemployed
1141 2535 61 17 which
1211 2533 35 19 left
1255 2533 100 17 Auckland
1361 2539 42 11 num-

981 2560 56 17 bered
1046 2561 28 15 CO.
1100 2560 26 16 As
1135 2558 45 22 only
1187 2558 23 17 47
1220 2557 73 17 arrived
1301 2557 44 17 here
1357 2562 10 11 a
1377 2562 31 11 cor-

981 2583 114 23 respondent,
1112 2582 16 16 is
1148 2581 80 17 anxious
1248 2582 20 15 to
1287 2580 58 17 know
1367 2579 53 17 what

982 2607 75 17 became
1066 2606 20 17 of
1095 2607 32 15 tiie
1135 2604 83 18 balance.

1006 2635 31 17 Mr
1058 2635 22 16 R.
1105 2634 21 17 D.
1148 2633 82 22 Dansoy,
1247 2633 120 22 postmaster,
1385 2630 34 18 has

983 2659 57 22 again
1053 2656 87 19 resumed
1153 2656 29 17 his
1199 2655 68 18 official
1283 2655 67 17 duties.
1383 2654 37 17 His

984 2682 53 17 short
1044 2681 69 22 respite
1122 2681 49 16 from
1180 2679 32 17 tho
1221 2678 75 18 worries
1305 2679 20 16 of
1334 2678 28 17 his
1370 2677 37 18 mul-

984 2705 85 17 tifarious
1079 2703 61 18 duties
1148 2703 34 17 has
1190 2702 46 17 been
1246 2702 21 17 of
1274 2702 57 17 much
1347 2701 61 17 advan-

985 2730 44 21 tage
1038 2729 20 16 to
1070 2727 46 17 him.

1008 2757 39 16 The
1056 2755 84 18 meanest
1148 2759 42 12 men
1196 2759 25 11 on
1230 2752 64 17 record
1300 2752 48 17 from
1355 2758 11 10 a
1372 2752 40 17 foot-

986 2780 75 17 baller's
1067 2779 55 22 po.nt
1130 2777 20 17 of
1157 2776 47 18 view
1213 2776 40 22 just,
1261 2781 44 12 now
1321 2781 31 11 are
1369 2775 52 17 three

986 2801 114 19 individual!
1109 2801 41 17 who
1158 2799 64 18 forced
1230 2799 49 17 their
1287 2804 44 17 way
1338 2798 42 17 into
1388 2797 33 18 the

987 2827 80 16 Reserve
1075 2830 26 12 on
1109 2823 95 21 Saturday
1213 2822 36 17 and
1258 2822 75 17 refused
1349 2822 21 17 to
1386 2826 38 17 pay

987 2850 32 17 the
1028 2848 54 18 small
1094 2853 40 12 sum
1142 2846 57 17 asked
1208 2846 29 17 for
1245 2845 108 17 admission.

1012 2876 31 19 Mr
1060 2876 21 17 E.
1093 2876 18 16 R.
1120 2874 58 17 Webb
1195 2872 90 18 returned
1304 2873 20 16 to
1341 2872 84 17 Rotorua

989 2907 24 10 on
1023 2900 68 21 Friday
1103 2898 38 17 last
1157 2898 49 16 from
1221 2895 85 21 Galatea,
1324 2895 62 17 where
1402 2895 23 16 he

990 2923 37 17 had
1035 2923 70 21 charge
1113 2921 20 17 of
1142 2921 32 16 the
1190 2918 132 23 unemployed,
1340 2917 85 24 pending

990 2947 31 16 (lie
1031 2945 68 19 arrival
1108 2945 19 16 of
1136 2943 31 18 Mr
1175 2943 25 18 H.
1209 2943 26 16 M.
1250 2942 77 20 Wilson,
1343 2942 41 16 who
1393 2942 34 16 has

990 2975 43 12 now
1042 2968 87 18 assumed
1143 2967 57 16 entire
1218 2965 78 20 control,
1314 2964 79 18 assisted
1402 2964 25 22 by

992 2992 62 19 MrE.
1065 2992 50 17 Beat.

1016 3025 54 16 Some
1083 3020 134 24 e'ril-disposed
1234 3020 113 17 individuals
1365 3019 63 17 forced

993 3053 48 16 open
1049 3048 33 15 the
1092 3046 49 18 iriass
1150 3050 40 12 case
1200 3043 110 22 containing
1323 3043 32 17 the
1372 3043 32 17 list
1409 3043 19 16 of

993 3071 93 17 members
1095 3070 26 16 i:c
1129 3070 20 15 to
1157 3067 32 18 the
1198 3067 59 17 Lawn.
1265 3066 69 17 Tennis
1343 3066 55 18 Club,
1409 3066 19 17 in

994 3095 32 16 the
1033 3092 121 18 Sanatorium
1163 3090 83 23 grounds
1255 3095 25 12 on
1296 3088 33 19 the
1345 3089 57 22 night
1411 3089 19 18 of

995 3117 95 21 Saturday
1107 3116 41 16 .last.
1188 3113 84 17 Wanton
1288 3112 114 18 wickedness
1411 3112 20 16 of

996 3141 37 16 this
1042 3141 39 16 sort
1089 3139 70 17 cannot
1163 3137 23 17 be
1195 3138 32 16 too
1235 3135 68 23 deeply
1308 3135 122 18 condemned.

1019 3166 115 20 Journalists
1145 3164 37 17 and
1195 3163 81 17 football
1290 3163 79 17 referees
1383 3168 49 12 seem

997 3193 19 16 to
1025 3191 23 17 be
1057 3190 32 17 the
1096 3189 43 17 best
1147 3187 95 23 maligned
1251 3192 43 11 men
1306 3192 25 11 on
1345 3187 32 16 the
1392 3187 40 16 iacc

998 3215 19 17 of
1025 3214 33 18 the
1066 3213 60 17 earth.
1150 3211 39 17 The
1198 3210 45 22 only
1251 3210 99 16 difference
1362 3209 15 16 is
1390 3210 42 16 that

998 3239 32 16 the
1038 3237 58 17 latter
1104 3234 105 18 sometimes
1218 3239 49 11 seem
1281 3234 20 16 to
1316 3232 76 17 deserve
1405 3232 26 20 it;

998 3262 32 16 the
1047 3260 75 19 former,
1140 3263 61 14 never,
1220 3262 20 11 or
1258 3257 21 16 at
1294 3256 54 20 least,
1365 3255 69 22 hardly

999 3283 54 18 ever'.

1023 3307 55 21 Steps
1087 3310 31 12 are
1134 3304 58 21 being
1206 3302 57 18 taken
1276 3302 19 17 in
1309 3302 32 16 the
1357 3307 42 17 way
1415 3302 20 17 of

1000 3330 61 21 filling
1070 3335 26 15 up
1104 3326 105 19 Tutanekai
1223 3326 62 17 Street
1301 3324 85 18 between
1402 3325 33 16 the

1001 3352 117 19 Courthouse
1138 3350 38 17 and
1195 3350 33 16 the
1250 3348 86 22 Railway
1354 3348 79 16 Station.

1000 3377 45 17 This
1055 3381 38 11 was
1107 3380 12 11 a
1132 3379 45 16 very
1191 3377 97 17 necessary
1301 3371 53 16 work
1367 3371 37 16 and
1421 3371 14 16 is

1002 3398 70 19 viewed
1080 3397 46 18 with
1144 3396 55 18 much
1213 3394 116 18 satisfaction
1341 3394 26 22 by
1383 3394 52 17 those

1001 3423 72 21 having
1080 3421 85 17 business
1173 3419 20 17 in
1202 3418 41 18 that
1252 3417 97 17 direction.

1025 3451 31 16 Mr
1065 3450 22 17 E.
1098 3449 28 16 W.
1136 3448 109 18 Christmas,
1253 3451 22 13 an
1283 3446 109 17 Australian
1398 3448 30 15 art-

1002 3474 26 17 ist
1034 3474 18 16 is
1061 3472 77 23 staying
1146 3473 20 15 at
1174 3469 145 23 theLangham,
1329 3469 37 17 and
1375 3470 15 16 is
1396 3475 41 11 now

1003 3495 88 24 engaged
1098 3501 24 12 on
1131 3500 11 12 a
1150 3494 55 17 .series
1214 3493 20 16 of
1242 3492 96 22 paintings
1355 3493 20 16 of
1391 3493 48 16 local

1004 3525 75 16 scenery
1087 3519 29 16 for
1124 3518 30 17 the
1162 3517 111 17 Melbourne
1279 3517 33 15 Art
1320 3515 117 17 Exhibition.

1004 3544 30 17 He
1042 3544 16 15 is
1066 3540 98 24 delighted
1173 3540 45 16 with
1228 3539 32 17 the
1268 3538 73 18 artistic
1350 3539 80 22 capabili-

1004 3566 35 18 ties
1047 3566 21 17 of
1076 3565 37 17 this
1122 3563 112 18 maivellous
1242 3562 80 18 district.

1028 3594 30 18 Sir
1078 3592 76 18 Patrick
1174 3591 91 22 Buckley,
1287 3591 34 18 the
1338 3592 101 20 Attorney-

1005 3617 86 20 General,
1101 3616 36 17 left
1145 3616 13 16 A
1163 3614 83 18 uckland
1253 3615 29 17 for
1291 3611 117 25 Wellington
1417 3619 24 12 on

1005 3640 85 22 Monday
1098 3639 43 17 last.
1166 3639 30 16 He
1205 3638 87 22 repeated
1301 3638 20 17 to
1330 3644 11 10 a
1355 3638 42 16 Star
1413 3643 19 10 re-

1006 3665 64 21 porter
1086 3663 29 16 Ms
1128 3666 98 13 assurance
1243 3661 43 17 that
1302 3661 23 17 he
1342 3660 38 18 had
1395 3660 47 16 been

1006 3687 56 17 much
1070 3683 103 21 benefitted
1181 3685 25 21 by
1216 3684 31 16 the
1256 3684 56 16 baths
1319 3685 50 15 here.
1414 3683 28 17 Sir

1007 3709 92 18 Patrick's
1178 3709 20 15 at
1207 3706 32 19 the
1247 3712 42 11 new
1297 3707 47 17 bath
1358 3707 57 16 house
1428 3705 15 17 is

1007 3738 42 12 now
1058 3733 19 16 in
1087 3731 54 18 much
1150 3731 82 21 request.

1030 3760 39 17 The
1078 3758 82 22 Graphic
1169 3758 19 17 of
1197 3758 37 16 last
1242 3757 51 17 week
1307 3756 111 22 reproduces
1433 3761 11 12 a

1008 3782 122 24 photograph
1141 3781 54 17 ;aken
1204 3780 43 17 here
1256 3786 25 11 on
1289 3779 33 19 the
1331 3780 87 21 morning
1425 3778 19 17 of

1009 3806 32 18 the
1049 3806 87 21 departui
1140 3810 9 10 e
1158 3804 20 17 of
1192 3804 97 21 Inspector
1303 3803 92 17 Emerson
1408 3801 37 17 and

1009 3829 32 17 the
1049 3833 54 18 posse
1112 3828 20 17 of
1144 3827 60 22 police
1218 3826 59 17 under
1294 3826 29 17 his
1340 3824 104 18 command.

1009 3852 39 17 The
1057 3857 61 17 group
1126 3851 15 16 is
1150 3849 57 18 taken
1223 3855 20 10 as
1258 3849 45 22 they
1321 3855 47 10 were
1381 3848 65 17 drawn

1010 3881 26 16 up
1044 3874 20 17 in
1072 3874 52 16 front
1133 3873 19 17 of
1160 3873 32 17 Mr
1201 3872 106 18 Falloona's
1315 3872 52 17 hotel
1376 3871 37 17 and
1427 3871 19 17 in

1011 3897 85 17 addition
1105 3897 19 15 to
1134 3896 32 16 the
1178 3895 60 23 police
1251 3895 112 22 contingent
1376 3893 71 18 several

1011 3919 123 19 well-known
1143 3918 90 18 residents
1247 3924 35 11 can
1294 3918 25 17 be
1332 3916 114 23 recognised.

1035 3947 38 18 The
1082 3947 74 16 nearest
1165 3945 94 22 approach
1272 3951 28 10 wo
1317 3950 31 11 are
1362 3944 58 21 likely
1429 3945 19 15 to

1011 3971 49 17 have
1068 3971 20 16 to
1097 3975 11 11 a
1118 3970 50 16 town
1176 3968 58 19 clock,
1253 3968 29 16 for
1299 3973 51 12 some
1366 3967 45 17 time
1428 3968 21 15 at

1012 3994 54 19 least,
1073 3993 35 17 has
1117 3991 72 17 arrived
1198 3991 19 17 in
1227 3991 32 16 the
1268 3991 58 22 shape
1340 3990 21 17 of
1369 3996 11 10 a
1388 3989 48 17 hand-

1013 4022 50 12 some
1072 4015 114 22 time-piece,
1202 4013 61 18 which
1279 4019 43 11 now
1339 4013 62 17 marks
1417 4013 33 16 the

994 4042 13 84 !
1013 4039 78 22 fleeting
1098 4038 57 17 lours
1164 4038 49 16 from
1221 4037 33 16 the
1262 4036 53 17 walls
1332 4037 20 16 of
1369 4036 32 16 the
1409 4041 41 11 new

1014 4063 124 16 court-room.
1160 4061 19 16 It
1187 4060 15 17 is
1211 4060 48 17 from
1268 4059 32 17 the
1309 4059 141 17 establishment

1014 4086 21 16 of
1042 4085 70 17 Messrs
1120 4083 53 17 Read
1181 4084 53 16 Bros,
1246 4083 20 16 of
1275 4081 105 20 Auckland,
1390 4081 60 17 which

1014 4109 16 16 is
1038 4114 11 11 a
1058 4107 92 18 sufficient
1159 4107 101 23 guarantee
1270 4106 19 17 of
1297 4105 25 18 its
1338 4104 101 22 chronolog-

1014 4131 37 18 ical
1059 4135 96 17 accuracy.

1445 127 39 17 The
1492 127 44 22 only
1545 128 85 23 casualty
1639 128 72 22 arising
1727 128 49 17 from
1793 128 55 18 Satur-

1422 149 52 23 day's
1484 150 62 17 match
1555 151 83 17 resulted
1651 153 21 15 to
1682 151 64 17 Asher.
1758 156 35 11 one
1802 151 19 16 of
1827 152 31 16 the

1420 173 142 21 three-quarter
1569 174 58 17 backs
1635 175 21 16 of
1663 175 34 16 the
1712 174 79 21 visiting
1802 175 55 16 team.

1421 196 31 16 He
1461 201 37 11 was
1508 197 82 22 severely
1607 197 75 17 thrown
1698 198 20 16 in
1727 203 11 11 a
1746 196 45 18 rush
1799 196 27 22 by
1834 198 25 16 Te

1421 219 83 17 Wireniu
1509 219 37 17 and
1553 220 38 16 had
1593 220 30 17 his
1627 220 118 18 collar-bone
1748 219 109 18 dislocated.

1421 242 37 20 He,
1467 241 92 21 however,
1567 243 75 22 gamely
1651 243 96 18 remained
1751 243 20 16 in
1776 243 33 16 the
1814 243 43 17 field

1422 265 28 16 till
1459 265 46 22 play
1513 266 70 20 ceased,
1593 266 39 17 and
1640 273 25 10 on
1674 267 29 16 his
1709 268 66 15 return
1780 267 20 16 to
1807 266 51 17 Lake

1422 288 65 17 House
1494 288 39 17 had
1548 295 58 16 every
1621 290 94 17 attention
1733 288 44 23 paid
1793 290 20 16 to
1829 288 29 18 his

1421 311 71 23 injury.

1445 343 31 17 Mr
1546 343 63 22 Kelly,
1627 344 87 19 M.H.R.,
1732 342 89 19 returned
1838 344 20 16 to

1422 367 83 16 I'otnrua
1514 367 36 16 last
1564 367 63 21 night.
1658 367 22 17 In
1698 367 123 21 anticipation
1839 367 20 15 of

1422 390 31 17 tlir;
1462 389 83 23 meeting
1553 391 21 16 of
1583 390 115 17 Parliament
1707 390 23 17 he
1736 389 38 17 will
1779 389 79 22 proceed

1422 419 23 10 on
1454 419 11 10 a
1473 414 45 15 tour
1526 413 20 16 of
1554 413 32 17 the
1595 413 73 17 district
1677 413 52 22 early
1738 414 47 15 next
1799 412 58 17 week.

1421 436 30 17 He
1465 436 38 16 will
1520 436 43 16 visit
1580 436 78 22 Opotiki
1672 436 37 17 and
1719 436 37 16 will
1771 442 24 15 go
1809 436 47 16 from

1421 459 53 17 there
1482 461 20 15 to
1511 459 32 17 the
1552 459 86 20 Thames,
1647 459 70 22 taking
1726 459 20 16 in
1760 459 32 16 the
1806 461 51 14 coast

1421 483 117 16 settlements
1546 478 37 21 and
1592 482 128 21 ascertaining
1728 482 33 17 the
1769 483 61 15 wants
1839 483 19 15 of

1421 506 32 17 the
1462 505 106 17 electorate.
1593 505 20 17 It
1621 505 16 17 is
1645 507 35 15 not
1696 506 31 16 Mr
1742 502 72 25 Kelly's
1828 506 20 16 in-

1421 529 72 17 tention
1502 530 20 16 to
1531 528 45 18 hold
1585 528 68 18 formal
1661 529 95 21 meetings
1763 525 4 25 ;
1781 525 24 19 he
1818 528 38 16 will

1421 552 73 17 consult
1503 552 32 17 the
1543 551 49 18 local
1601 551 112 18 authorities
1721 551 37 17 and
1772 551 32 17 the
1819 551 28 16 set-

1421 575 44 17 tlers
1474 575 96 22 generally
1579 581 20 10 as
1609 576 19 15 to
1637 574 50 17 their
1692 574 142 23 requirements.

1444 603 31 16 Mr
1483 602 114 17 Wainhouse
1605 602 34 17 has
1646 608 44 11 now
1699 601 76 18 entered
1787 607 24 11 on
1825 601 32 17 the

1420 625 61 17 duties
1490 626 20 16 of
1519 625 141 17 stationmaster
1667 625 44 17 here
1719 624 41 18 vice
1769 625 31 16 Mr
1811 624 34 17 Wil-

1421 649 53 16 liams
1494 649 63 17 whose
1577 648 53 23 early
1650 648 102 23 departure
1767 653 39 11 was
1822 654 23 10 an-

1420 671 85 17 nounced
1513 672 37 17 last
1559 671 57 18 week.
1642 671 50 18 That
1701 671 109 22 gentleman
1819 670 38 17 will

1420 696 39 17 not,
1469 694 92 19 however,
1570 694 53 18 leave
1631 695 45 17 here
1688 695 30 16 for
1734 700 11 11 a
1761 694 37 17 few
1811 694 46 21 days

1420 723 20 11 as
1449 718 42 16 heis
1498 717 103 18 unxiouito
1607 718 56 17 make
1665 717 76 18 hiiriself
1744 716 113 23 acquainted

1420 741 45 17 with
1475 747 51 11 some
1534 741 20 17 of
1563 741 32 17 the
1604 741 75 17 natural
1693 740 83 18 features
1788 741 21 15 of
1824 739 33 17 the

1419 763 79 20 district,
1508 771 11 10 a
1528 764 85 22 pleasure
1621 762 61 19 which
1692 763 23 18 he
1724 764 34 17 has
1774 763 83 18 hitherto

1419 786 47 18 l>een
1475 787 45 23 only
1528 787 42 17 able
1578 789 21 15 to
1613 788 58 21 enjoy
1684 787 26 23 by
1726 786 129 23 anticipation.

1443 820 39 17 The
1490 817 112 20 foundation
1612 821 29 17 for
1649 821 33 16 the
1690 826 43 11 now
1748 820 75 22 portion
1837 820 21 16 of

1419 844 32 17 the
1460 843 52 18 Lake
1520 844 65 17 HoUse
1600 844 56 17 Hotel
1673 849 32 12 are
1721 849 43 11 now
1781 843 25 18 in,
1825 843 32 17 the

1419 867 57 17 cellar
1484 868 30 15 for
1521 867 32 17 flic
1567 867 34 16 bar
1616 867 54 18 su..k,
1688 866 38 17 and
1742 866 32 17 the
1791 871 55 18 super-

1419 892 94 15 structure
1521 890 60 21 rising
1588 890 45 18 fast.
1659 890 31 17 Mr
1698 889 64 19 Jones,
1773 889 31 17 the
1811 896 34 10 con-

1419 915 76 16 tractor.
1517 919 43 16 may
1581 913 23 17 be
1620 912 147 24 complimented
1783 918 24 12 on
1825 913 31 17 the

1419 936 117 23 expeditious
1545 942 78 11 manner
1632 937 19 16 in
1661 936 62 17 which
1733 936 22 17 ho
1769 936 14 16 is
1798 936 47 21 push-

1419 960 34 22 ing
1461 960 32 16 the
1505 960 52 17 work
1574 960 88 16 forward.
1694 960 40 17 The
1751 959 63 17 orders
1828 959 29 17 for

1419 983 32 17 the
1459 983 69 17 timber
1540 982 87 23 required
1640 989 24 10 on
1677 983 33 16 the
1724 984 85 15 contract
1826 988 30 10 are

1418 1006 58 22 being
1495 1005 114 18 distributed
1628 1007 90 21 amongst
1734 1006 32 17 the
1782 1005 74 18 various

1419 1030 49 17 mills
1478 1030 18 16 in
1505 1029 33 18 the
1546 1029 80 18 district.

1441 1058 39 17 The
1489 1058 45 17 time
1542 1058 16 17 is
1567 1058 38 17 fast
1613 1057 131 23 approaching
1755 1057 54 17 when
1825 1057 31 17 the

1418 1081 103 18 Yorkshire
1530 1082 56 21 Grey,
1597 1080 99 18 otherwise
1705 1081 32 16 the
1746 1080 31 17 old
1788 1080 68 17 Palace

1419 1105 64 18 Hotel,
1493 1104 39 18 will
1540 1110 46 12 once
1595 1110 51 12 more
1654 1110 49 17 open
1712 1104 24 16 its
1750 1104 47 16 hosr>
1798 1103 4 24 :

1418 1128 71 22 portals
1498 1129 20 15 to
1527 1127 32 17 the
1568 1133 62 16 weary
1639 1128 99 21 wayfarer.
1812 1132 50 17 Keys

1418 1151 33 17 the
1459 1152 112 18 contractor,
1581 1153 77 20 expects
1668 1154 19 13 te
1696 1150 30 23 ';,,.
1734 1162 11 10 it
1746 1155 56 17 i,lcto
1811 1154 51 17 hand

1418 1174 33 17 the
1458 1174 58 17 house
1525 1180 44 11 over
1577 1176 21 15 to
1606 1174 33 17 the
1651 1174 19 23 'jj
1672 1186 5 11 (
1679 1174 3 24 .
1682 1186 5 10 (
1689 1174 3 24 ,
1693 1183 26 14 lls(
1722 1174 4 24 .
1727 1186 6 9 t
1733 1174 3 24 ,
1738 1174 4 24 i
1757 1179 31 16 Mr
1800 1177 62 18 John'-

1418 1204 40 12 son.
1468 1197 42 17 well
1519 1197 64 17 withii'
1584 1213 9 8 ;i
1594 1202 95 19 *contract
1698 1203 51 16 time.
1774 1202 39 16 The
1821 1207 41 11 new

1418 1220 84 23 portions
1511 1221 170 28 ofbuilding
1694 1226 61 17 which
1772 1224 91 23 comprise

1418 1244 71 17 additio
1499 1258 22 11 u;l
1523 1252 6 16 ]
1538 1251 68 22 dining
1614 1256 59 14 room,
1683 1249 40 21 bar,
1736 1248 77 18 kitchen
1827 1247 36 17 and

1454 1282 10 10 o
1473 1282 21 10 or
1502 1275 53 17 three
1569 1273 100 18 bedrooms
1686 1278 31 11 are
1733 1277 44 12 now
1792 1270 72 22 having

1427 1299 32 18 the
1467 1298 90 21 finishing
1565 1297 57 17 touch
1632 1295 95 18 bestowed
1740 1300 51 17 upon
1804 1294 59 17 them.

1451 1327 25 17 At
1484 1325 62 19 stated
1553 1325 91 18 intervals
1658 1330 28 11 we
1700 1324 45 17 hear
1759 1322 43 17 that
1817 1322 16 17 it
1849 1321 15 17 is

1427 1351 32 16 the
1467 1349 95 18 intention
1570 1350 19 15 of
1599 1348 32 17 the
1640 1347 85 22 Railway
1739 1346 126 22 Department

1428 1376 19 15 to
1456 1379 35 11 run
1503 1379 12 11 a
1531 1372 51 22 daily
1597 1372 50 16 train
1664 1371 85 16 between
1765 1368 99 18 Auckland

1428 1397 36 17 and
1474 1397 90 17 liotorua.
1588 1394 40 18 The
1645 1393 88 23 growing
1748 1391 61 18 traffic
1825 1397 29 11 cer-

1428 1420 59 22 tainly
1496 1418 90 19 demands
1595 1418 45 17 such
1649 1423 24 10 an
1683 1416 138 21 arrangement,
1831 1414 34 17 but

1428 1444 48 17 from
1485 1442 93 23 enquiries
1586 1441 55 17 made
1650 1446 28 10 we
1687 1438 82 23 scarcely
1781 1438 55 17 think
1851 1438 15 16 it

1428 1466 89 23 probable
1526 1466 43 16 that
1574 1471 11 10 a
1591 1464 16 17 is
1613 1464 74 21 change
1696 1461 140 23 contemplated
1845 1462 20 16 at

1429 1491 80 21 present.
1534 1487 76 23 Upsides
1618 1487 16 17 it
1643 1486 63 17 would
1719 1486 22 17 be
1755 1484 111 19 introduced

1429 1513 100 21 gradually
1538 1518 20 11 as
1566 1511 33 17 the
1613 1510 60 23 goods
1686 1508 61 19 traffic
1761 1506 105 19 demanded

1430 1537 20 16 it.

1454 1564 15 17 A
1478 1564 58 21 cheap
1545 1562 99 17 excursion
1653 1562 49 16 from
1713 1557 100 20 Auckland
1829 1557 36 17 and

1429 1586 131 18 intermediate
1576 1585 80 17 stations
1672 1585 15 16 is
1710 1581 111 19 announced
1837 1581 30 16 for

1429 1609 70 23 Friday
1507 1610 52 16 next.
1584 1607 39 18 The
1632 1608 40 17 fare
1682 1607 48 17 from
1745 1604 97 19 Auckland
1851 1604 16 17 is

1432 1635 36 19 15s,
1490 1633 47 17 from
1555 1631 87 23 Huntley
1658 1630 38 17 and
1717 1629 80 17 stations
1811 1627 56 18 south

1430 1656 73 18 thereof
1513 1657 36 15 10s.
1574 1655 40 17 The
1620 1654 52 18 train
1680 1653 16 17 is
1705 1652 58 18 timed
1773 1656 19 13 to
1807 1651 60 17 arrive

1430 1680 43 17 here
1482 1681 20 15 at
1512 1679 40 18 7.15
1560 1684 54 17 p.m.,
1623 1677 40 17 and
1671 1681 110 18 passengers
1791 1674 37 17 will
1837 1679 20 12 re-

1431 1705 44 15 turn
1483 1703 25 22 by
1517 1703 32 16 the
1558 1707 76 17 express
1643 1706 25 12 on
1677 1698 84 23 Monday
1773 1697 94 21 morning.

1431 1727 58 16 There
1499 1731 37 11 was
1544 1731 51 11 some
1608 1724 40 17 talk
1663 1724 21 16 of
1696 1722 84 21 running
1793 1726 11 11 a
1821 1720 37 18 chil-

1431 1750 62 17 dren's
1501 1748 98 18 excursion
1608 1748 50 16 train
1667 1747 49 17 from
1731 1745 99 17 Hamilton
1844 1750 24 10 on

1432 1774 31 16 the
1472 1777 50 12 sanle
1531 1772 36 22 day
1576 1771 35 17 but
1627 1771 15 16 it
1659 1771 15 16 is
1691 1768 93 23 regarded
1800 1774 20 10 as
1837 1768 31 16 too

1431 1797 38 17 late
1478 1796 18 16 in
1505 1795 32 17 the
1546 1800 65 12 season
1620 1795 30 16 for
1659 1792 46 19 such
1713 1797 25 12 an
1747 1791 74 21 outing.

1455 1824 94 21 Amongst
1561 1822 33 17 the
1610 1820 97 19 extensive
1723 1819 146 21 improvements

1432 1847 57 21 being
1498 1846 53 17 made
1559 1845 26 23 by
1596 1845 38 16 Mrs
1644 1843 82 18 Graham
1735 1845 19 14 at
1769 1842 32 16 the
1818 1840 50 18 Lake

1432 1872 65 16 House
1505 1870 15 17 is
1529 1869 32 17 the
1569 1867 137 22 re-modelling
1722 1866 20 16 of
1757 1865 33 17 the
1806 1863 62 17 baths.

1432 1894 61 18 When
1501 1893 32 17 the
1541 1891 111 18 alterations
1660 1895 43 12 now
1712 1889 19 17 in
1744 1892 86 18 progress
1839 1892 31 11 are

1432 1915 106 24 completed
1546 1917 39 15 two
1593 1915 53 20 large
1660 1913 55 17 baths
1731 1912 38 16 will
1787 1910 22 17 be
1825 1915 33 17 pro-

1433 1941 60 18 vided.
1503 1945 35 12 one
1547 1939 30 16 for
1593 1938 58 17 ladies
1668 1936 37 17 and
1722 1935 32 17 the
1771 1933 55 18 other
1842 1933 29 17 for

1433 1964 113 21 gentlemen,
1556 1961 73 18 besides
1638 1960 29 17 six
1677 1959 73 23 private
1755 1957 46 17 bath
1809 1962 61 12 rooms

1433 1988 30 17 for
1471 1985 76 24 general
1553 1990 38 12 use.
1600 1984 40 18 The
1646 1982 82 23 analysis
1734 1981 20 18 of
1758 1980 33 18 the
1796 1979 75 23 springs

1433 2011 20 17 in
1461 2010 32 18 the
1502 2008 51 19 Lake
1570 2006 65 19 House
1652 2006 84 23 grounds
1752 2004 62 17 shows
1829 2004 43 15 that

1433 2034 33 17 the
1475 2035 58 15 water
1540 2032 16 17 is
1565 2031 32 17 the
1606 2036 51 11 same
1665 2030 20 17 in
1699 2033 56 18 every
1771 2028 73 21 respect
1851 2032 21 11 its

1434 2058 43 17 that
1484 2057 21 16 of
1514 2056 32 16 the
1556 2054 76 17 Priest's
1641 2053 49 17 Bath
1701 2052 44 16 with
1755 2051 33 17 the
1804 2055 56 17 excep-

1434 2080 41 18 tion
1483 2080 43 16 that
1534 2079 14 16 it
1558 2078 15 17 is
1582 2084 11 9 a
1602 2077 49 16 little
1660 2082 50 11 more
1717 2073 68 23 highly
1791 2073 81 22 charged

1434 2103 47 17 with
1493 2103 47 16 iron.

1458 2133 52 16 Most
1517 2130 68 23 people
1600 2134 32 12 arc
1647 2133 89 12 unaware
1750 2126 21 17 of
1785 2125 32 17 the
1834 2125 39 16 fact

1435 2156 43 17 that
1486 2161 11 10 a
1506 2153 71 18 branch
1587 2153 20 16 of
1614 2152 33 17 the
1656 2151 63 18 Labor
1727 2150 75 17 Bureau
1816 2148 57 17 exists

1435 2180 50 18 here,
1496 2179 34 16 but
1538 2177 38 16 this
1588 2176 104 23 ignorance
1708 2179 39 11 was
1762 2173 34 16 not
1813 2171 48 17 mani-

1436 2201 61 19 fested
1505 2201 25 22 by
1538 2199 135 18 half-a-dozen
1682 2202 66 18 young
1764 2195 73 18 fellows
1849 2200 25 11 on

1437 2224 84 22 Monday
1530 2223 89 21 morning
1635 2221 43 17 who
1688 2220 70 22 sought
1766 2220 33 16 out
1809 2219 64 16 Const.

1437 2249 84 21 Murray,
1531 2247 33 16 the
1572 2246 48 17 local
1628 2246 65 21 agent,
1710 2241 110 24 requesting
1835 2241 39 17 him

1437 2274 20 15 to
1466 2272 35 22 put
1509 2270 52 17 them
1570 2275 25 11 on
1603 2268 32 18 the
1643 2267 48 18 road
1698 2267 61 17 works
1768 2267 20 15 at
1797 2264 78 18 Galatea

1438 2296 15 16 if
1461 2295 21 17 at
1489 2294 26 17 nil
1524 2293 87 22 possible.
1637 2291 19 17 It
1665 2296 38 11 was
1717 2287 100 25 explained
1834 2287 41 18 that

1439 2319 23 16 lie
1471 2317 37 17 had
1517 2322 24 11 no
1550 2321 63 17 power
1622 2314 61 18 in,the
1692 2313 69 18 matter
1774 2311 38 17 and
1821 2310 55 17 could

1439 2341 45 22 only
1492 2340 70 17 submit
1571 2339 49 17 their
1628 2343 65 12 names
1700 2338 19 15 to
1724 2335 151 21 head-quarters.

1440 2366 25 16 As
1479 2364 31 17 the
1527 2368 41 12 case
1576 2367 38 12 was
1631 2360 76 23 unique,
1714 2360 92 18 however,
1816 2364 11 10 a
1834 2357 42 17 wire

1440 2394 37 10 was
1486 2385 114 24 despatched
1609 2386 20 16 to
1637 2384 117 21 Wellington
1768 2382 29 17 for
1806 2380 69 20 advice,

1440 2411 37 17 and
1486 2411 32 17 the
1527 2409 58 17 result
1594 2409 15 16 is
1618 2407 43 18 that
1670 2407 33 17 the
1712 2411 43 12 men
1762 2404 38 17 will
1807 2404 23 17 be
1836 2406 41 15 sent

1440 2440 30 11 on.
1496 2434 51 21 They
1557 2438 47 11 were
1612 2430 91 24 provided
1712 2429 46 17 witli
1767 2428 53 18 three
1832 2427 45 22 days

1440 2457 72 18 rations
1520 2456 39 17 and
1567 2455 34 17 left
1614 2455 30 17 for
1658 2453 79 18 Galatea
1752 2458 24 10 on
1792 2450 86 23 Tuesday

1442 2480 93 21 morning.

1465 2508 38 16 The
1512 2506 57 18 death
1586 2506 15 16 is
1616 2503 111 19 announced
1744 2503 20 16 of
1781 2503 30 16 Mr
1827 2501 51 18 John

1442 2531 71 20 Grubl),
1531 2529 89 18 assistant
1637 2529 96 21 inspector
1748 2526 20 17 of
1785 2525 32 17 the
1834 2525 45 17 Post

1442 2554 58 18 Office
1524 2553 126 21 Department
1677 2550 121 21 Wellington,
1818 2548 61 17 which

1443 2578 44 17 took
1496 2577 53 23 place
1557 2576 19 17 in
1590 2574 99 18 Auckland
1703 2579 24 11 on
1741 2571 78 23 Sunday
1836 2571 43 17 last.

1444 2601 30 17 Mr
1482 2599 66 19 Grubb
1556 2599 39 17 had
1608 2598 48 17 been
1670 2597 78 22 staying
1762 2597 21 16 at
1797 2596 84 16 Itotorna

1444 2625 29 16 for
1480 2624 33 17 the
1520 2622 72 19 benefit
1600 2623 20 16 of
1628 2621 30 17 his
1666 2620 65 17 health
1741 2619 37 17 and
1791 2618 46 22 only
1851 2624 19 11 re-

1444 2647 68 17 turned
1520 2648 20 15 to
1550 2644 99 19 Auckland
1658 2644 36 17 last
1703 2642 76 22 Friday.
1805 2642 30 16 lie
1844 2642 37 16 had

1444 2671 47 17 been
1500 2669 76 23 staying
1581 2670 21 16 at
1606 2668 41 17 Mrs
1653 2667 99 19 Normans,
1760 2665 53 17 Bella
1821 2664 58 20 Vista,

1444 2693 94 18 Waterloo
1548 2691 105 20 Quadrant,
1663 2689 37 18 and
1717 2689 30 17 his
1763 2689 56 17 death
1836 2688 45 17 took

1445 2717 52 23 place
1505 2715 94 22 suddenly
1607 2714 56 17 while
1677 2713 85 21 walking
1775 2717 25 16 up
1814 2712 54 16 Wake-

1446 2740 43 17 field
1498 2740 67 17 Street.
1591 2738 29 17 Dr
1627 2736 80 19 Ginders
1717 2741 38 11 was
1760 2734 122 23 telegraphed

1446 2765 20 16 to
1475 2769 24 11 on
1515 2761 85 22 Monday
1614 2768 21 10 as
1652 2761 31 16 Mr
1700 2759 66 17 Grubb
1782 2758 37 17 had
1835 2757 47 18 been

1446 2787 59 17 under
1513 2785 80 17 medical
1602 2784 64 17 advice
1675 2782 55 17 while
1743 2782 49 19 here,
1803 2781 37 17 and
1854 2781 28 17 his

1446 2810 56 17 death
1511 2809 16 17 is
1535 2808 105 17 attributed
1649 2809 20 15 to
1678 2803 55 20 heart
1741 2805 76 17 disease.

1470 2841 38 17 The
1517 2839 102 22 Tauranga
1627 2837 118 19 Footballers
1754 2835 73 18 arrived
1839 2835 45 18 here

1447 2870 25 12 on
1480 2863 70 22 Friday
1559 2862 81 22 evening
1648 2862 50 16 after
1706 2867 11 10 a
1730 2860 86 22 pleasant
1830 2859 43 22 jour-

1447 2894 37 16 ncy
1493 2893 26 17 up
1527 2886 39 18 and
1573 2891 48 12 were
1638 2882 154 20 accommodated
1808 2884 20 15 at
1844 2882 40 18 Mrs

1449 2910 98 19 Graham's
1555 2908 52 18 Lake
1616 2908 66 18 House
1690 2905 65 19 Hotel.
1781 2905 30 17 On
1818 2905 55 17 Satur-

1449 2935 37 21 day
1494 2933 81 21 evening
1583 2933 50 16 after
1641 2931 32 17 the
1688 2929 64 19 match
1765 2929 33 17 the
1811 2928 73 18 visitors

1449 2963 49 12 were
1505 2955 118 19 entertained
1635 2956 20 15 at
1667 2954 68 17 dinner
1747 2953 26 22 by
1788 2952 33 17 the
1837 2952 48 17 local

1450 2982 49 16 team
1508 2987 11 10 a
1528 2985 45 16 very
1582 2978 93 17 excellent
1687 2977 64 22 repast
1766 2975 58 22 being
1841 2981 33 16 pro-

1449 3004 56 17 vided
1514 3003 29 17 for
1551 3002 52 17 them
1611 3002 27 21 by
1647 3001 40 17 Mrs
1696 2999 89 19 Graham,
1794 3000 21 16 to
1825 2998 61 17 which

1451 3027 35 17 full
1502 3026 67 23 justice
1647 3024 54 17 done.
1740 3022 39 17 The
1803 3020 72 24 speechi-

1452 3051 54 21 fying
1514 3048 62 18 which
1585 3048 45 17 took
1637 3047 54 23 place
1701 3044 112 19 afterwards
1821 3050 38 12 was
1868 3044 19 17 of

1452 3079 23 11 an
1484 3071 89 19 informal
1581 3073 73 16 nature,
1668 3069 76 18 mutual
1757 3068 130 22 compliments

1453 3097 57 21 being
1517 3094 137 22 interchanged
1663 3094 18 16 in
1691 3092 68 22 regard
1767 3093 20 16 to
1795 3092 32 16 the
1836 3091 52 22 day's

1454 3121 57 21 sport.
1536 3119 30 17 On
1575 3117 78 22 Sunday
1661 3115 90 23 morning
1767 3115 32 18 the
1815 3114 74 17 visitors

1454 3143 44 17 took
1515 3142 49 17 their
1577 3141 100 21 departure
1690 3138 117 18 homewards
1821 3137 69 17 amidst

1454 3173 11 10 a
1481 3166 52 17 salvo
1549 3164 20 18 of
1585 3164 64 18 cheers
1662 3164 50 16 from
1728 3162 53 17 those
1794 3161 42 17 who
1852 3160 38 17 had

1454 3187 105 19 assembled
1567 3189 19 16 to
1596 3194 29 10 sec
1634 3187 52 17 iheiu
1695 3185 31 17 off.

1477 3220 33 17 Mr
1518 3220 22 16 A.
1550 3219 26 17 H.
1585 3218 88 18 Waddell
1681 3217 55 18 sends
1745 3215 112 24 particulars
1872 3215 19 17 of

1456 3244 31 16 the
1496 3243 59 17 result
1563 3242 20 17 of
1591 3241 29 17 his
1629 3240 122 23 prospecting
1760 3240 19 16 in
1794 3239 33 17 the
1842 3238 37 18 Urc-

1456 3273 49 10 wera
1513 3266 86 21 country.
1618 3265 30 16 He
1657 3265 58 16 states
1723 3263 44 18 that
1775 3262 32 17 the
1815 3262 77 22 locality

1457 3291 19 16 of
1486 3290 27 17 his
1522 3289 97 21 discovery
1627 3288 16 17 is
1660 3287 59 17 about
1738 3288 20 15 10
1775 3285 52 17 miles
1844 3285 48 17 from

1446 3309 1 24 ;
1458 3312 116 17 Whakutuno
1588 3312 19 16 in
1623 3310 49 23 good
1689 3309 101 18 sandstone
1807 3309 84 21 country.

1458 3335 92 21 shedding
1559 3336 66 20 quartz
1635 3333 84 23 crystals.
1745 3333 30 16 On
1783 3331 33 17 the
1827 3331 39 18 side
1875 3331 19 18 of

1446 3355 1 26 i
1459 3366 10 9 a
1486 3364 44 17 spur
1545 3359 22 16 lie
1581 3363 52 12 came
1647 3363 24 10 on
1687 3361 11 12 li
1708 3356 42 17 well
1766 3355 73 16 defined
1856 3355 39 16 reef

1447 3374 2 32 |
1458 3382 69 21 closely
1536 3381 115 21 resembling
1667 3380 52 16 what
1735 3379 23 17 he
1767 3383 39 13 saw
1822 3383 24 11 on
1863 3378 31 16 the
1905 3374 2 32 '

1447 3401 2 28 !
1460 3405 94 17 Silverton
1562 3405 80 20 outcrop
1647 3404 20 16 at
1677 3403 66 16 Waihi.
1769 3401 25 17 As
1800 3401 32 17 the
1837 3401 59 16 result
1905 3401 2 28 |

1447 3422 2 24 '
1460 3429 19 17 of
1487 3429 29 16 his
1529 3425 157 19 communication
1701 3425 45 17 with
1763 3424 32 17 the
1811 3423 86 18 Minister
1906 3422 2 24 <

1460 3452 20 17 of
1488 3451 67 18 Mines,
1565 3450 31 17 Mr
1604 3448 87 19 Waddell
1699 3449 34 16 has
1741 3448 47 17 been
1804 3446 93 17 informed
1907 3443 1 26 |

1460 3475 26 21 by
1494 3474 92 21 telegram
1599 3473 43 17 that
1655 3472 31 17 Mr
1701 3470 82 19 Gordon,
1799 3470 99 21 Inspector

1461 3498 20 17 of
1489 3497 68 20 Mines,
1567 3496 39 17 will
1614 3496 44 16 visit
1667 3495 84 17 Itotorna
1759 3495 18 15 in
1787 3500 12 10 a
1807 3493 35 17 few
1851 3493 47 22 days
1907 3493 1 24 i

1461 3521 38 16 and
1507 3524 116 18 accompany
1630 3519 40 16 him
1687 3519 20 16 to
1721 3517 33 17 tin-,
1768 3516 80 23 ground.
1882 3517 14 15 A

1462 3543 91 23 telegram
1562 3543 34 16 has
1604 3542 40 17 also
1653 3542 47 16 been
1708 3540 84 17 received
1806 3540 48 16 from
1865 3540 33 16 the
1907 3538 1 28 j

1463 3566 82 17 Premier
1553 3566 74 21 stating
1634 3565 41 17 that
1686 3564 14 17 if
1710 3564 31 16 the
1750 3563 38 17 reef
1799 3563 15 17 is
1829 3561 70 23 proved
1907 3561 1 26 1

1463 3591 19 15 to
1491 3590 22 16 be
1522 3589 105 17 auriferous
1635 3587 93 19 sufficient
1740 3585 104 24 protection
1861 3585 38 17 will
1907 3585 1 24 i

1463 3613 24 17 be
1498 3612 62 23 given.

1487 3645 32 16 Mr
1527 3644 72 22 Joseph
1614 3644 69 17 Munro
1699 3642 39 18 had
1755 3648 10 10 a
1781 3641 64 17 rather
1861 3642 29 16 dis-

1465 3667 97 23 agreeable
1566 3668 109 22 experience
1681 3672 24 11 on
1713 3665 77 21 Sunday
1795 3665 37 16 last
1839 3664 62 17 which

1465 3690 54 17 made
1527 3690 30 17 bis
1567 3690 72 17 friends
1653 3690 80 17 anxious
1749 3689 30 16 for
1794 3688 29 17 his
1840 3688 60 21 safety

1466 3715 29 16 for
1504 3720 11 10 a
1567 3714 64 16 hours.
1657 3712 30 17 He
1696 3717 38 12 was
1743 3717 35 11 one
1787 3712 20 16 of
1821 3717 11 10 a
1846 3712 55 20 party

1466 3737 42 17 who
1517 3737 54 16 made
1580 3742 24 11 an
1613 3736 99 17 excursion
1720 3735 40 16 into
1773 3734 32 16 the
1821 3734 47 16 bush
1882 3734 19 16 in

1466 3760 33 17 the
1506 3759 145 22 neighborhood
1660 3759 19 17 of
1687 3758 26 17 Te
1727 3758 28 16 Pu
1769 3757 38 16 and
1820 3756 82 17 towards

1467 3783 32 16 the
1508 3783 106 18 afternoon,
1623 3782 58 22 along
1690 3781 46 16 with
1741 3787 11 10 a
1759 3785 65 17 young
1831 3780 69 18 native,

1468 3807 34 20 got
1514 3805 98 22 separated
1629 3805 48 17 from
1694 3804 30 16 his
1740 3803 76 17 friends.
1847 3803 56 17 Shots

1470 3834 45 11 were
1524 3828 47 17 fired
1579 3828 35 17 but
1622 3829 39 16 met
1670 3827 46 17 with
1724 3832 24 11 no
1763 3831 88 17 response
1865 3825 36 18 and

1469 3852 32 17 the
1508 3852 39 17 rest
1555 3852 21 16 of
1584 3851 32 17 the
1625 3852 56 21 party
1689 3848 89 19 returned
1786 3849 55 17 home
1856 3849 36 22 hop-

1468 3875 35 22 ing
1511 3875 42 16 that
1561 3874 46 22 they
1617 3874 62 17 would
1687 3872 40 18 find
1735 3872 32 17 Mr
1774 3872 70 17 Munro
1853 3872 52 17 there

1469 3898 64 16 before
1546 3897 58 17 them.
1630 3898 17 16 A
1661 3896 65 17 search
1742 3896 56 21 party
1814 3900 39 11 was
1868 3895 24 16 im-

1470 3920 86 22 provised
1564 3926 25 11 on
1598 3920 85 21 Monday
1692 3918 88 22 morning
1794 3918 34 17 but
1840 3918 65 17 before

1471 3944 44 21 they
1524 3943 37 17 bad
1571 3942 103 23 proceeded
1682 3943 30 16 far
1719 3942 47 21 they
1774 3942 39 16 met
1825 3941 33 17 the
1872 3940 22 18 ob-

1471 3966 39 23 ject
1524 3966 19 17 of
1556 3966 50 17 their
1620 3966 78 21 anxiety
1712 3964 108 17 homeward
1835 3963 70 17 bound.

1472 3990 31 16 Mr
1511 3989 69 17 Munro
1593 3989 39 17 and
1645 3989 28 17 his
1687 3987 112 22 companion
1813 3987 65 21 passed
1896 3993 11 10 a

1472 4011 97 18 miserable
1578 4012 57 22 night
1651 4017 20 11 as
1684 4011 16 16 it
1715 4010 65 17 rained
1797 4016 19 11 .so
1832 4009 75 22 heavily

1472 4036 43 16 that
1523 4036 16 15 it
1546 4040 39 11 was
1593 4034 108 23 impossible
1710 4034 20 16 to
1736 4033 54 17 make
1798 4032 110 18 themselves

1473 4058 129 20 comfortable,
1613 4058 35 16 but
1656 4058 21 16 at
1685 4057 71 17 sunrise
1764 4057 19 16 in
1797 4056 32 17 the
1840 4061 54 11 morn-

1472 4081 34 22 ing
1513 4081 47 22 they
1568 4086 48 12 were
1625 4080 42 17 able
1675 4081 21 16 to
1705 4079 59 18 define
1773 4080 64 21 pretty
1843 4084 55 11 accur-

1473 4104 51 21 ately
1538 4104 33 17 the
1585 4103 92 18 direction
1693 4103 45 22 they
1753 4101 67 18 should
1831 4101 43 18 take
1888 4102 20 16 to

1474 4127 55 17 reach
1538 4126 117 18 civilisation.

1905 130 23 17 In
1936 130 47 18 view
1992 130 21 16 of
2021 128 32 18 the
2062 131 38 16 fact
2108 130 44 17 that
2159 128 60 17 traffic
2231 128 86 18 between

1880 153 44 17 liere
1932 153 38 17 and
1979 153 55 16 Gulat
2037 158 21 11 ea
2065 153 16 17 is
2088 153 106 21 increasing
2201 158 45 16 very
2252 153 54 22 rapid-

1880 175 21 22 ly
1908 175 17 18 it
1931 177 17 16 is
1964 177 50 16 most
2028 181 96 17 necessary
2140 175 43 16 that
2199 181 50 12 Borne
2265 177 51 21 steps

1881 199 68 17 should
1956 199 24 16 bo
1987 198 59 17 taken
2052 201 20 15 to
2077 199 67 17 induce
2148 198 34 17 the
2189 198 128 17 Government

1881 223 8 15 t
1894 229 6 9 j
1905 222 53 21 place
1964 228 11 10 a
1981 221 67 22 bridge
2051 228 44 11 over
2098 222 32 17 the
2135 221 180 20 Mangakokomuku

1880 245 65 17 Creek.
1970 244 40 17 The
2018 245 84 22 crossing
2110 245 52 16 there
2178 244 17 16 is
2210 250 11 11 a
2235 244 80 18 difficult

1881 273 34 11 one
1924 268 57 21 being
1990 269 52 20 steep
2049 274 25 11 on
2082 268 47 17 both
2138 266 54 18 sides.
2216 268 40 16 The
2263 268 54 17 creek

1879 290 16 17 is
1904 290 39 18 also
1952 290 56 18 liable
2016 292 21 15 to
2045 297 11 11 a
2066 296 46 17 very
2120 290 38 17 fast
2166 290 36 16 rise
2218 290 50 18 from
2284 291 33 17 the

1881 313 39 17 fact
1927 315 44 16 that
1978 313 91 18 it.carries
2074 315 29 17 oft'
2108 314 26 16 all
2142 313 33 17 the
2180 314 73 17 surface
2259 315 58 16 water

1881 336 48 17 from
1937 337 33 17 the
1979 336 83 17 volcanic
2070 335 88 19 ashtields
2174 336 20 16 of
2209 337 33 16 the
2258 337 47 17 Tara-

1880 364 49 12 wera
1938 360 57 22 slope.
2028 359 84 23 Wagons
2128 359 37 17 and
2174 359 54 17 othor
2236 360 81 17 vehicles

1880 381 47 18 have
1936 382 122 23 experienced
2067 383 55 17 much
2133 382 92 22 difficulty
2242 383 20 17 of
2279 383 38 17 late

1880 404 20 18 in
1909 406 85 21 crossing
2011 405 38 17 arid
2060 406 61 17 minor
2137 405 95 17 accidents
2248 411 32 12 are
2298 406 20 16 of

1880 428 87 22 frequent
1976 434 117 12 occurrence.

1905 461 16 16 A
1929 461 55 17 small
1993 462 56 21 party
2065 462 21 16 of
2101 461 126 22 unemployed
2244 461 74 17 arrived

1881 483 47 18 from
1938 483 99 19 Auckland
2044 490 26 11 on
2079 484 98 22 Thursday
2185 485 36 16 last
2229 485 29 16 for
2265 485 52 16 work

1880 508 21 15 at
1908 507 25 16 Te
1941 508 80 16 Tamata
2030 513 23 10 on
2063 508 32 16 the
2110 508 195 22 Tauranga-Maunga-

1880 535 49 11 rewa
1941 531 52 19 road,
2009 530 38 17 and
2061 536 45 11 near
2122 531 33 17 the
2171 530 80 18 sections
2265 531 52 17 there

1881 553 60 17 which
1950 553 33 18 the
1997 554 129 17 Government
2141 553 84 22 recently
2242 556 33 15 cut
2292 560 25 16 up

1880 575 29 18 for
1926 577 115 18 settlement.
2074 577 39 16 The
2128 579 56 20 party
2194 577 37 16 will
2242 577 22 16 he
2277 584 26 10 em-

1880 598 68 23 ployed
1957 600 18 17 in
1985 600 33 17 the
2026 600 128 17 construction
2163 600 20 16 of
2191 606 11 10 a
2209 600 54 17 block
2272 601 44 16 road

1879 621 19 17 in
1907 622 83 18 towards
2002 623 109 17 Puwhenua
2125 629 20 11 so
2159 628 21 11 as
2196 627 20 13 to
2229 621 60 19 afford
2306 631 11 9 a

1880 650 63 12 means
1952 647 21 15 of
1985 652 62 11 access
2063 648 20 14 to
2100 647 31 15 the
2148 645 61 23 newly
2226 647 91 24 surveyed

1880 668 86 17 section*.
1994 670 17 16 It
2021 675 37 10 was
2072 671 19 14 at
2109 670 39 15 first
2166 669 93 23 supposed
2275 670 40 17 that

1880 691 46 22 they
1933 692 64 17 would
2006 692 22 16 'in
2037 692 99 23 employer!
2144 692 20 16 in
2173 692 32 17 the
2220 696 87 13 construc-

1880 715 39 15 tion
1928 715 20 16 of
1957 722 11 9 a
1977 716 46 16 road
2039 716 50 16 from
2105 715 136 22 Matmgarewu
2257 718 20 14 to
2293 716 25 17 Te

1880 737 52 17 Puke
1941 738 37 17 and
1987 739 45 17 thus
2046 744 47 17 ojh'U
2107 744 26 16 up
2148 744 11 11 n
2173 739 75 16 .shorter
2264 741 54 15 route

1880 760 28 17 for
2085 760 52 19 stock
2147 762 48 16 from
2212 762 32 17 the
2260 762 58 17 latter

1879 783 53 22 place
1941 786 20 15 to
1969 784 137 23 Ngongotaha.
2117 785 35 16 hut
2159 785 16 16 it
2184 790 43 17 may
2244 784 23 18 be
2283 791 23 11 ex-

1879 807 76 21 plained
1963 808 43 17 that
2015 808 38 17 tliis
2061 807 46 18 road
2123 807 34 17 has
2173 810 33 15 Hot,
2222 810 33 19 yet
2271 809 47 16 been

1879 829 38 17 laid
1926 831 31 17 off.
1984 831 19 17 It
2016 833 56 15 must,
2091 831 91 19 however,
2201 837 45 12 soon
2263 832 55 17 claim

1879 853 33 17 the
1921 854 95 17 attention
2025 855 20 16 of
2053 855 32 16 the
2097 854 118 18 authorities.

1926 918 54 16 THE
1990 918 123 19 UREWERA
2131 918 140 19 TROUBLE.

1922 975 44 16 The
1974 975 85 17 SIMtVEV
2075 980 131 16 INTF'J.VKItEI)
2216 983 61 14 WITH.

1902 1002 29 17 On
1947 1003 78 23 Sunday
2100 1007 101 18 Constable
2218 1008 104 24 Cavanagh

1880 1025 43 17 rode
1940 1027 40 16 into
2004 1031 83 16 ~,>torua
2111 1030 79 22 bearing
2211 1031 111 23 despatches

1880 1049 46 17 from
1943 1054 99 22 Inspector
2051 1054 89 16 Emerson
2154 1054 104 24 regarding
2270 1061 39 12 com-

1880 1077 105 17 plications
1994 1077 60 17 which
2065 1077 47 17 have
2120 1077 60 17 arisen
2197 1078 85 18 betwetm
2292 1079 31 17 Mr

1885 1099 80 23 Phillips
1974 1099 37 18 and
2023 1100 32 17 the
2065 1106 67 16 survey
2145 1102 56 21 party
2218 1101 60 18 under
2294 1103 29 16 his

1885 1123 79 18 Control,
1974 1123 38 16 and
2021 1122 33 18 the
2061 1123 81 19 natives,
2152 1129 45 11 near
2211 1125 25 16 Te
2244 1125 77 20 Wliaiti,

1885 1146 19 16 in
1913 1146 32 17 the
1954 1146 90 17 Urewera
2051 1148 87 21 country.
2164 1147 19 17 It
2192 1152 80 17 appears
2280 1148 44 17 that

1886 1169 31 17 the
1923 1169 73 17 threats
2001 1170 20 16 of
2027 1169 33 17 the
2066 1170 72 16 natives
2145 1171 21 16 to
2172 1170 25 17 tie
2203 1176 32 17 up.
2242 1176 21 12 or
2269 1171 55 18 other

1886 1192 43 17 wise
1942 1195 34 20 put
1994 1193 40 17 into
2054 1193 131 20 confinement,
2206 1194 34 18 the
2260 1196 64 16 na'.ive

1886 1215 57 23 guide
1956 1216 21 16 of
1987 1216 31 17 Mr
2035 1216 85 22 Phillips'
2138 1218 56 20 party
2207 1217 117 18 culminated

1886 1245 24 10 on
1914 1238 12 18 If
1930 1238 54 23 riday
1990 1239 37 17 last
2032 1238 19 18 in
2057 1239 88 22 personal
2151 1240 129 18 interference.
2294 1242 29 16 On

1886 1262 41 16 that
1937 1261 37 23 day
1983 1263 33 17 the
2024 1263 64 16 native
2105 1268 71 11 women
2192 1264 80 22 stopped
2289 1270 35 12 one
2335 1260 1 29 j

1880 1285 3 25 I
1886 1285 21 17 of
1913 1285 32 17 the
1952 1285 67 22 guides
2024 1286 21 16 of
2050 1285 31 17 Mr
2090 1285 85 23 Phillips,
2180 1287 37 16 and
2221 1287 103 23 prevented

1880 1304 1 27 j
1887 1308 39 17 him
1935 1309 49 16 from
1993 1308 60 23 fjoing
2061 1315 25 10 on
2103 1309 45 16 with
2166 1309 28 17 his
2211 1310 57 19 work,
2286 1311 38 16 and
2335 1304 1 27 ,

1887 1331 39 17 also
1935 1332 46 17 took
1990 1337 54 17 away
2053 1332 32 17 the
2094 1332 64 18 horses
2167 1333 20 16 of
2202 1333 33 17 Mr
2251 1334 71 20 Foster,

1887 1355 80 17 another
1975 1355 20 17 of
2004 1355 32 17 the
2044 1360 105 18 surveyors,
2159 1356 85 22 refusing
2252 1358 21 16 to
2281 1358 44 21 give
2335 1351 2 28 I

1887 1378 52 17 them
1956 1384 26 16 up
1999 1378 54 17 when
2070 1378 111 18 demanded.
2227 1381 99 22 Inspector
2335 1377 2 26 i

1887 1401 91 17 Emerson
1987 1401 84 18 received
2077 1402 122 17 information
2204 1404 21 16 of
2234 1403 33 17 the
2275 1407 36 13 mut-

1888 1428 29 13 ter
1925 1430 23 11 on
1959 1424 94 23 Saturday
2062 1425 49 17 from
2119 1425 26 17 Te
2156 1426 76 18 Wliaiti.
2243 1427 37 17 and
2289 1427 24 17 im-

1888 1447 101 23 mediately
1994 1448 150 17 communicated
2151 1449 46 17 with
2204 1449 32 17 the
2244 1450 83 17 Premier

1888 1471 38 17 The
1936 1471 99 22 Inspector
2044 1471 33 17 has
2088 1471 47 23 only
2148 1471 54 23 eight
2219 1478 43 13 men
2280 1473 46 18 with

1889 1494 45 19 him,
1944 1494 37 17 and
1990 1494 64 23 owing
2063 1496 19 15 to
2091 1495 32 16 the
2139 1501 103 17 arrogance
2258 1497 21 16 of
2295 1497 32 16 the

1889 1518 72 16 natives
1970 1518 34 16 has
2016 1517 46 17 been
2079 1518 76 22 obliged
2172 1520 20 16 to
2209 1521 47 15 treat
2274 1520 53 17 them

1889 1540 46 18 with
1944 1541 86 17 firmness
2039 1541 49 16 since
2098 1541 27 17 his
2134 1541 74 19 arrival.

1913 1564 30 17 Mr
1950 1564 85 22 Phillips'
2044 1570 54 16 camp
2105 1565 15 16 is
2126 1564 59 18 about
2193 1564 19 22 17
2219 1566 53 17 miles
2279 1566 49 17 from

1889 1587 86 19 Galatea,
1985 1587 37 17 and
2034 1588 99 21 Inspector
2148 1588 91 18 Emerson
2256 1590 15 16 is
2288 1591 30 15 sta-

1889 1609 64 18 tioned
1962 1612 21 15 at
1991 1611 156 22 Orongohukore,
2164 1612 59 17 about
2234 1612 94 23 half-way

1889 1633 85 18 between
1984 1634 32 17 the
2025 1635 38 16 two
2071 1634 68 22 places.
2165 1635 59 17 There
2234 1641 37 11 was
2276 1635 52 23 daily

1889 1657 115 17 intercourse
2013 1657 85 18 between
2107 1658 32 17 the
2147 1659 38 16 two
2202 1665 70 16 camps,
2291 1659 38 17 and

1891 1680 105 23 foreseeing
2004 1680 42 17 that
2054 1686 25 12 an
2088 1686 111 18 emergency
2210 1682 63 22 might
2281 1682 48 17 arise

1891 1703 101 22 rendering
2009 1704 68 21 speedy
2101 1705 159 18 communication
2283 1706 45 16 with

1880 1724 1 26 !
1892 1727 98 17 Auckland
1999 1727 98 19 desirable,
2108 1734 11 10 a
2135 1727 52 23 rslay
2203 1729 20 16 of
2239 1729 89 17 orclerlids

1892 1755 37 12 whs
1936 1750 113 17 established
2054 1750 84 17 between
2142 1751 78 18 Galatea
2226 1752 38 17 and
2269 1754 60 15 Koto-
2340 1750 2 21 i

1880 1773 1 26 ;
1891 1773 40 17 riia.
1957 1773 44 18 Tliia
2011 1773 109 22 precaution
2129 1780 58 11 seems
2196 1776 20 16 to
2226 1775 48 17 have
2282 1775 47 18 been
2340 1773 2 26 j

1880 1796 1 20 i
1891 1802 10 10 a
1912 1797 43 16 wise
1964 1802 42 12 one.
2032 1797 19 17 It
2060 1797 38 17 will
2107 1797 22 17 be
2139 1797 89 19 observed
2246 1799 43 16 that
2298 1799 32 17 the
2340 1796 2 20 i

1880 1819 1 23 ;
1891 1819 73 18 natives
1972 1820 48 17 have
2031 1819 83 23 adopted
2122 1820 49 17 their
2187 1821 31 17 old
2235 1821 67 18 tactics
2310 1823 21 16 of
2340 1819 2 23 I

1880 1842 2 23 1
1892 1842 72 23 setting
1972 1842 32 18 the
2014 1849 72 11 women
2094 1849 25 12 on
2128 1845 20 15 to
2156 1845 95 17 interfere.

1881 1866 1 26 |
1915 1866 78 18 Colonel
2002 1866 80 18 lloberts
2091 1866 73 18 arrived
2173 1868 48 18 from
2230 1867 101 23 Tauranga

1880 1884 36 32 jon
1927 1889 84 23 Monday
2027 1892 21 14 to
2064 1889 57 18 await
2136 1890 123 19 instructions
2282 1892 48 16 from

1881 1908 1 30 I
1893 1913 141 18 Auckland,the
2049 1917 89 18 presence
2154 1914 20 17 of
2192 1920 10 11 a
2219 1915 112 23 magistrate

1893 1935 57 22 being
1959 1941 98 17 necessary
2068 1936 15 17 if
2091 1938 68 15 arrests
2166 1936 67 19 should
2239 1938 24 17 be
2270 1938 60 17 made,
2341 1935 1 23 i

1894 1959 44 17 List
1948 1959 56 22 niglit
2013 1966 10 10 a
2033 1959 121 18 detachment
2162 1960 21 17 of
2191 1961 22 16 .'SO
2222 1967 43 12 men
2271 1962 20 16 of
2300 1962 31 16 the
2341 1959 1 25 j

1894 1982 115 17 Permanent.
2017 1981 97 24 Artillery,
2123 1983 60 17 under
2196 1984 62 18 Lieut.
2268 1985 64 17 Hume
2341 1981 1 31 j

1893 2005 74 17 arrived
1988 2006 19 17 in
2025 2006 84 17 Rotorua
2126 2006 49 17 from
2192 2007 99 18 Auckland
2308 2014 23 11 en
2341 2005 1 20 '

1893 2030 55 16 route
1964 2030 21 16 to
2001 2028 33 18 the
2050 2035 54 11 scene
2120 2030 21 16 of
2156 2030 32 17 the
2205 2030 126 19 disturbance.

1894 2051 46 17 Thci
1942 2058 8 11 r
1958 2052 69 17 arrival
2036 2054 21 15 at.
2065 2053 32 16 the
2106 2053 70 17 station
2185 2059 38 13 was
2232 2054 99 17 witnessed
2341 2051 1 26 j

1894 2074 25 22 by
1928 2082 11 9 a
1948 2075 53 23 large
2017 2075 81 18 number
2106 2076 20 16 of
2142 2076 91 18 residents
2242 2084 57 15 many
2313 2078 20 16 of

1895 2098 62 17 whom
1967 2098 37 17 had
2021 2098 112 17 shouldered
2146 2105 11 10 a
2173 2099 75 18 musket
2265 2100 19 17 iu
2302 2100 31 17 the

1894 2120 77 23 bygone
1990 2121 47 22 days
2058 2122 19 16 of
2098 2122 61 16 Maori
2176 2124 86 16 warfare.
2295 2123 39 17 The

1895 2144 130 22 artillerymen
2034 2150 48 11 were
2089 2145 87 17 billettcd
2185 2147 19 15 at
2211 2146 33 17 the
2249 2146 86 17 Kotorua

1896 2167 65 20 Hotel,
1971 2167 52 18 Lake
2032 2167 64 18 House
2105 2167 38 18 and
2152 2168 50 17 Lake
2210 2168 54 18 View
2273 2169 62 17 where

1896 2197 9 10 I'
1909 2191 49 22 viple
1967 2192 142 21 arrangements
2117 2192 38 16 had
2171 2192 47 17 been
2235 2193 54 16 made
2307 2193 29 16 for

1896 2213 51 18 their
1955 2214 102 23 reception.
2083 2214 85 18 Another
2184 2214 122 19 detachment
2315 2216 21 17 of

1898 2238 21 16 20
1929 2243 42 11 men
1980 2244 31 10 are
2020 2237 90 22 expected
2119 2239 20 15 to
2147 2238 61 18 arrive
2216 2241 119 15 to-morrow.

1897 2260 39 17 The
1945 2261 61 17 whole
2014 2261 21 16 of
2042 2261 33 17 the
2083 2261 130 22 preparations
2222 2262 30 17 for
2265 2263 32 16 the
2306 2268 20 11 re-

1886 2279 1 29 !
1898 2284 75 22 coption
1982 2285 20 16 of
2011 2284 32 17 the
2053 2290 40 11 men
2103 2284 37 17 and
2150 2284 49 17 their
2210 2286 97 22 transport
2315 2287 21 15 to

1886 2307 1 24 I
1898 2307 80 17 Galatea
1986 2312 49 12 were
2044 2307 54 17 made
2106 2307 25 22 by
2140 2308 64 18 Const.
2211 2308 126 23 Murray,and

1899 2330 41 18 that
1950 2331 63 17 officer
2021 2336 43 17 may
2073 2331 23 16 be
2105 2331 145 22 congratulated
2263 2338 25 11 on
2303 2332 33 17 the

1899 2359 78 12 manner
1985 2354 20 17 in
2014 2353 61 18 which
2084 2353 23 18 he
2120 2354 107 22 performed
2240 2355 28 17 his
2282 2355 54 23 duty.

1899 2376 49 18 Rain
1957 2379 28 15 set
1994 2378 19 16 ii.
2021 2377 73 22 shortly
2103 2378 50 16 after
2161 2378 31 16 the
2202 2378 67 17 arrival
2281 2380 19 15 of
2305 2379 33 16 the

1880 2400 1 22 ;
1899 2402 63 20 party,
1972 2400 34 17 hut
2016 2406 20 10 as
2045 2400 62 18 Lieut.
2121 2400 80 18 Hume's
2214 2402 124 17 instructions

1880 2423 1 24 !
1901 2429 47 11 were
1957 2425 21 15 to
1987 2423 53 17 effect
2049 2430 11 10 a
2073 2423 86 23 junction
2176 2424 46 18 with
2239 2425 100 22 Inspector

1880 2446 1 24 ■
1900 2446 92 18 Emerson
2001 2453 20 10 as
2030 2446 83 23 speedily
2122 2453 19 10 as
2150 2447 87 23 possible,
2248 2454 90 16 arrange-

1888 2470 2 23 I
1901 2472 61 15 ments
1971 2476 49 11 were
2028 2470 54 17 made
2091 2471 30 16 for
2129 2476 25 11 an
2169 2471 51 22 early
2236 2473 48 15 start
2300 2472 38 16 this

1889 2493 2 26 I
1901 2493 95 23 morning,
2006 2494 37 16 and
2052 2494 20 16 at
2081 2494 58 16 about
2148 2494 11 16 8
2174 2494 72 18 o'clock
2260 2495 32 17 the
2306 2494 22 18 de-

1889 2514 1 26 j
1901 2517 97 17 tachment
2008 2518 28 15 set
2044 2518 35 15 out
2086 2517 19 16 in
2114 2522 127 17 conveyances
2249 2518 91 22 provided

1889 2540 2 23 ;
1901 2540 26 18 bv
1936 2540 70 17 Messrs
2020 2540 112 20 Robertson,
2150 2540 37 17 and
2203 2541 86 22 Mcllroy
2302 2541 38 17 and

1889 2563 2 18 I
1902 2563 138 17 Marches«eau.
2065 2563 40 17 The
2113 2563 55 17 roads
2176 2564 49 17 after
2234 2564 32 17 the
2278 2570 62 11 severe

1890 2586 2 28 i
1903 2587 40 16 rain
1952 2587 21 17 of
1980 2587 37 16 last
2025 2586 57 22 night
2090 2587 38 16 will
2137 2587 23 16 be
2169 2587 60 23 heavy
2237 2588 35 16 but
2285 2588 57 17 Lieut

1890 2609 2 24 I
1903 2609 63 18 Hume
1975 2611 76 21 expects
2060 2611 21 16 to
2088 2609 55 18 reach
2161 2610 78 18 Galatea
2253 2611 89 22 to-night

1891 2631 1 24 I
1903 2634 63 16 where
1974 2633 23 17 lie
2006 2633 38 17 will
2059 2639 55 16 camp
2127 2633 18 16 in
2162 2633 32 17 the
2211 2634 129 20 schoolhouse,

1891 2656 2 24 i
1903 2656 37 17 and
1950 2656 88 18 continue
2047 2656 28 16 his
2084 2656 80 23 journey
2172 2656 18 17 in
2201 2657 32 18 the
2246 2658 94 22 morning.

1904 2680 39 17 Col.
1954 2680 81 16 Roberts
2044 2679 40 17 also
2096 2679 35 17 left
2145 2679 38 17 this
2199 2681 89 22 morning
2305 2681 37 17 and

1905 2703 38 17 will
1949 2702 93 23 probably
2051 2701 40 24 join
2101 2703 98 21 Inspector
2211 2703 92 18 Emerson
2312 2705 30 16 to-

1891 2721 2 28 I
1904 2726 62 23 night.
1993 2726 29 17 Xo
2032 2726 73 17 further
2113 2726 121 19 information
2247 2728 34 16 has
2295 2728 47 16 been

1892 2748 2 21 |
1905 2749 84 18 received
1998 2755 20 11 as
2027 2750 20 16 to
2061 2749 33 17 the
2107 2750 48 16 state
2171 2750 19 16 of
2204 2750 64 18 affairs
2281 2750 21 18 at
2317 2751 25 17 Te

1893 2772 2 30 j
1907 2773 75 17 Wliaiti.

1893 2795 2 23 I
1929 2795 40 18 Our
1978 2795 117 22 Wellington
2101 2796 146 22 correspondent
2253 2797 54 17 wires
2313 2799 20 15 to-

1893 2818 3 24 '
1906 2819 37 22 day
1952 2819 43 17 thi.t
2003 2818 32 17 the
2045 2819 50 16 Hon.
2103 2819 63 16 James
2176 2820 72 17 Carroll
2255 2820 38 17 will
2299 2826 33 16 pro-

1907 2842 44 18 ceed
1959 2844 112 15 to-morrow
2080 2844 20 14 to
2108 2842 84 20 Galatea,
2199 2844 31 16 via
2238 2843 77 22 Napier,
2324 2843 18 17 in

1907 2866 111 17 connection
2035 2865 45 17 with
2098 2865 32 17 the
2146 2865 88 18 Urewera
2251 2867 91 21 difficulty

1907 2889 38 17 and
1954 2889 38 16 will
2001 2888 103 17 determine
2112 2888 52 18 what
2180 2889 60 23 police
2253 2890 52 17 'shall
2322 2890 20 17 be

1907 2912 95 17 stationed
2010 2911 20 17 in
2039 2912 32 16 the
2087 2912 82 22 locality.
2203 2913 31 17 He
2251 2913 38 16 will
2305 2913 37 17 also

1907 2936 69 21 inspect
1989 2935 32 17 the
2029 2940 88 17 progress
2125 2936 20 16 of
2154 2935 31 17 the
2194 2936 52 18 work
2261 2942 42 11 now
2312 2936 20 17 be-

1908 2959 33 21 in<;
1950 2957 72 19 earned
2030 2964 24 11 on
2063 2958 19 17 in
2091 2958 33 17 the
2132 2958 79 18 district.

2101 2981 149 23 Wednesday.—
2262 2983 80 17 Another

1909 3004 122 19 detachment
2039 3005 20 17 of
2068 3006 22 15 120
2100 3004 85 23 artillery
2192 3005 37 18 left
2244 3007 30 16 for
2282 3006 48 16 Auck-

1909 3029 45 17 land
1966 3028 106 22 yesterday.
2096 3027 53 23 They
2164 3028 38 18 will
2220 3029 40 21 join
2276 3029 33 17 the
2326 3030 16 16 ,'3O

1910 3058 42 11 men
1962 3053 42 15 sent
2013 3051 48 18 from
2072 3051 97 17 Auckland
2178 3053 20 16 to
2208 3052 92 19 Rotorua,
2310 3052 32 17 and

1910 3075 33 17 the
1957 3074 61 17 whole
2038 3075 57 21 party
2115 3074 40 17 will
2173 3074 24 18 be
2218 3075 94 18 stationed
2329 3077 13 15 at

1912 3098 85 18 Galatea.

2488 129 141 19 FOOTBALL.

2420 184 113 17 Taueaxga
2550 189 19 13 v.
2588 184 105 18 Rotouua.

2361 216 40 17 Tlie
2409 214 79 18 football
2497 221 65 11 season
2571 222 40 15 iua}
2612 214 3 23 r
2623 216 24 15 be
2656 216 40 16 said
2701 217 20 14 to
2727 215 49 18 have

2337 239 47 17 been
2393 238 126 23 inaugurated
2528 245 23 11 on
2564 238 96 18 Saturday
2668 238 37 17 last
2714 244 20 11 so
2748 239 28 16 far

2338 268 20 11 as
2375 262 85 16 Rotorua
2472 262 16 16 is
2501 261 103 18 concerned
2620 262 26 21 by
2663 261 33 17 the
2712 261 64 17 match

2338 285 77 21 against
2430 284 32 17 the
2475 285 101 21 Tauraupi
2589 289 50 12 team
2652 284 63 17 which
2730 285 45 16 took

2338 308 54 22 place
2400 313 24 11 on
2433 307 33 18 the
2474 308 87 17 Pukeroa
2569 308 87 17 Reserve.
2681 308 39 16 The
2726 313 37 11 wea-

2338 332 43 16 ther
2389 336 38 10 was
2436 331 106 17 blusterous
2554 331 38 17 and
2605 330 107 23 piercingly
2726 331 48 19 cold,

2338 353 47 18 with
2394 353 41 17 half
2443 360 11 11 a
2469 355 42 20 gale
2526 355 20 16 of
2560 354 50 17 wind
2626 353 86 23 blowing
2728 354 48 17 from

2338 377 33 16 the
2380 377 155 16 west-sou'-west
2542 377 36 17 but
2586 378 19 16 in
2615 377 48 21 spite
2672 377 21 16 of
2700 376 25 17 all
2735 377 42 16 that

2339 407 11 9 a
2358 400 71 21 goodly
2437 400 117 23 assemblage
2562 400 21 17 of
2596 400 80 17 football
2691 400 75 16 enthusi-

2339 423 112 17 asts—male
2470 423 39 17 and
2524 423 68 17 female
2617 423 102 22 Kuropcan
2739 423 37 16 and

2339 446 156 17 native—turned
2503 448 33 15 out
2545 448 20 15 to
2580 446 76 17 witness
2670 446 32 17 the
2717 447 58 21 sport,

2339 469 38 16 und
2385 470 16 16 it
2409 469 63 17 would
2479 469 24 16 be
2511 469 81 17 difficult
2599 470 21 16 to
2634 475 33 16 say
2681 469 62 16 which
2757 470 20 15 of

2339 492 53 18 these
2405 492 79 17 nee.tions
2498 492 20 17 of
2531 492 99 22 humanity
2648 494 75 20 present
2739 498 38 10 was

2339 515 32 17 the
2386 517 49 15 most
2448 515 121 23 pronounced
2582 516 17 16 iu
2618 515 49 17 Ihpir
2683 517 58 15 terms
2757 516 20 16 of

2338 539 92 22 approval
2438 545 22 10 or
2467 538 121 22 disapproval
2596 545 21 10 as
2626 539 32 16 the
2667 545 56 15 game
2731 544 33 16 pro-

2339 561 74 17 ceeded.
2446 562 99 21 Tauranga
2566 567 43 11 won
2629 562 33 16 the
2682 564 39 14 toss
2737 561 38 17 and

2339 585 71 17 elected
2419 586 20 16 to
2447 584 69 18 defend
2524 585 32 17 tin
2565 585 91 17 northern
2665 585 51 22 goal,
2734 585 43 16 thus

2339 608 67 22 giving
2413 608 31 17 the
2453 608 55 17 home
2517 609 49 16 team
2582 608 33 17 the
2628 607 70 18 benefit-
2711 607 20 18 of
2745 607 33 18 the

2340 631 55 18 wind,
2406 632 29 15 for
2444 631 32 16 the
2485 631 41 16 first
2535 631 52 22 spell.
2613 631 40 16 The
2665 632 39 15 two
2717 633 60 14 teams

2339 654 51 17 lined
2398 656 60 15 outas
2465 654 223 18 follows:—TattjiaXGA
2694 654 3 18 :
2724 654 42 16 Full-

2339 677 54 17 back.
2403 677 65 18 Laird;
2482 677 164 22 Thive-quarters.
2656 677 18 17 S.
2683 677 93 21 Darragh.

2340 700 65 19 Asher,
2415 700 37 17 and
2462 700 75 20 Xorris;
2552 699 122 18 Half-backs.
2688 700 25 17 11.
2728 700 36 16 Tan-

2339 729 39 12 ner.
2389 724 105 19 Patterson,
2504 724 38 16 and
2550 724 21 17 C.
2582 724 57 16 H.iua
2646 723 4 21 ;
2672 723 104 18 Forwards.
2788 723 2 21 |

2340 748 22 15 A.
2373 746 62 18 Haua.
2445 746 103 23 (Captain),
2564 746 23 18 K.
2602 747 75 17 Beeves.
2695 746 81 18 Burden.
2788 746 2 23 ;

2340 769 121 22 Bainliridge,
2472 769 88 18 Mathias.
2571 770 61 17 ltolfe.
2644 769 87 17 Bramble
2740 769 38 17 and

2340 793 107 21 Castaigne.
2461 793 96 16 ItoTORI'A
2566 793 3 27 :
2596 793 108 27 Full-back.
2715 793 15 16 II
2740 793 36 18 ikii;
2788 793 2 27 |

2339 816 162 22 Three-«juarters.
2512 816 28 17 W.
2557 816 82 21 Dansey,
2656 816 68 22 Aporn.
2740 816 37 16 and
2788 813 2 25 I

2339 839 26 17 Te
2386 839 92 19 Wiremu;
2502 839 121 18 Ilalf-backs.
2646 839 85 17 Webber.
2754 839 36 17 0.1

2341 863 75 21 Dansey
2436 862 36 17 and
2490 862 71 17 Martin
2570 862 4 22 ;
2593 863 105 16 Forwards.
2718 862 58 20 Wcra,
2788 862 2 22 !

2340 885 109 22 Rangitalii,
2460 886 42 17 Too.
2513 886 23 17 1).
2546 880 79 23 i)alton.
2635 885 77 19 Wilson,
2724 885 44 21 Xga

2340 912 59 17 routa,
2409 909 26 16 Te
2444 908 68 18 Potonc
2521 908 38 17 and
2568 908 108 18 Arawliata.

2364 932 31 16 Mr
2403 931 23 17 E.
2436 931 61 22 Inglis
2502 931 54 17 asted
2561 938 21 10 as
2588 932 70 16 referi'e
2665 931 36 17 and
2709 931 69 17 Messrs

2343 957 21 17 C.
2374 955 67 21 BaVer,
2451 957 37 17 and
2496 957 23 16 G.
2612 962 20 11 as
2648 956 37 17 line
2699 955 81 22 umpires

2343 981 30 16 for
2382 979 32 18 the
2427 980 101 22 respective
2541 981 67 16 teams.
2638 979 48 21 Play
2703 979 30 16 for
2749 978 32 17 the

2343 1003 40 17 first
2397 1003 40 16 half
2451 1009 38 10 was
2503 1005 33 14 not
2552 1002 137 18 characterised
2704 1002 25 21 by
2743 1007 38 16 any

2344 1032 45 16 very
2397 1026 117 22 exceptional
2528 1026 90 17 incident.
2649 1025 132 21 Immediately

2344 1050 49 16 after
2401 1049 33 17 the
2442 1049 73 17 whistle
2524 1049 84 17 sounded
2618 1049 29 17 for
2656 1049 32 16 the
2695 1051 46 14 start
2749 1048 33 17 the

2344 1072 38 17 ball
2390 1078 39 11 was
2437 1072 71 17 carried
2517 1073 40 16 into
2566 1073 32 16 the
2606 1073 103 20 Tauranga
2717 1072 22 16 '2~i
2752 1072 30 15 for

2344 1096 32 16 the
2385 1096 40 16 first
2439 1097 31 15 ten
2484 1095 86 19 minutes,
2585 1095 38 17 and
2632 1094 75 23 shortly
2723 1094 49 17 after-

2345 1119 61 16 wards
2414 1119 25 17 Te
2448 1119 82 17 Wiremu
2538 1119 38 17 had
2585 1126 11 9 a
2604 1117 103 19 successful
2714 1117 43 17 shot
2762 1120 18 14 at

2345 1142 44 22 goal
2404 1142 48 17 from
2465 1141 32 18 the
2510 1141 49 18 field.
2586 1143 30 16 An
2632 1148 26 16 up
2672 1140 38 18 and
2727 1140 55 17 down

2345 1171 56 17 game
2409 1165 45 16 then
2463 1165 79 23 ensued,,
2548 1166 44 21 play
2604 1165 58 21 being
2675 1170 46 16 very
2734 1169 48 17 open

2345 1188 37 17 and
2392 1188 32 17 the
2432 1188 38 16 ball
2484 1188 101 21 travelling
2599 1189 48 16 from
2662 1187 36 17 end
2714 1190 19 14 to
2745 1187 37 17 end

2345 1212 21 16 of
2373 1211 33 17 the
2414 1211 44 17 field
2466 1211 34 17 but
2509 1211 74 22 usually
2591 1211 98 21 reverting
2700 1210 47 17 back
2763 1211 20 16 to

2345 1235 33 17 the
2390 1235 101 21 Tauranga
2504 1235 28 17 25.
2561 1233 90 19 Towards
2665 1234 32 17 the
2710 1233 37 17 call
2763 1233 20 16 of

2345 1258 97 17 half-time
2460 1258 31 16 the
2508 1258 100 21 Taurunga
2625 1263 42 11 men
2684 1257 63 20 began
2763 1258 20 15 to

2346 1281 39 22 pull
2395 1280 110 18 themselves
2514 1281 88 20 together
2609 1287 12 10 a
2629 1280 29 17 bit
2666 1280 37 16 and
2712 1279 71 17 carried

2346 1304 32 18 the
2387 1304 39 16 ball
2434 1304 70 16 several
2516 1304 55 17 times
2585 1304 41 16 into
2641 1303 32 17 the
2682 1303 55 17 home
2754 1303 28 17 'Si.

2347 1333 50 12 more
2406 1328 46 16 than
2462 1333 34 11 one
2505 1327 119 24 catastrophe
2634 1326 57 21 being
2707 1326 76 17 averted

2346 1351 25 22 by
2389 1350 32 17 the
2434 1350 57 17 backs
2505 1350 88 23 amongst
2603 1348 62 19 whom
2674 1348 30 18 W.
2714 1349 36 17 and
2760 1350 23 16 <i.

2347 1371 76 25 Dansey
2432 1373 75 17 showed
2516 1373 133 22 prominently.
2672 1373 55 17 After
2732 1373 53 16 these

2347 1397 108 17 excursions
2472 1397 40 16 into
2528 1396 33 17 the
2576 1397 56 17 home
2646 1396 89 22 territory
2752 1395 33 17 the

2347 1421 38 16 ball
2395 1426 38 11 was
2442 1420 88 17 returned
2538 1421 20 16 to
2567 1420 32 17 the
2606 1419 87 17 enemies'
2700 1420 85 21 quarters

2347 1443 62 18 where
2430 1443 14 17 it
2465 1442 95 18 remained
2578 1443 32 17 till
2629 1442 97 18 half-time
2747 1447 38 11 was

2348 1467 66 17 called.
2438 1467 39 16 The
2487 1466 46 17 local
2542 1468 50 15 team
2602 1466 37 16 had
2648 1465 99 22 decidedly
2753 1465 33 17 the

2348 1491 41 16 best
2399 1490 19 16 of
2427 1489 31 17 the
2470 1494 56 16 game
2542 1489 70 21 during
2624 1489 36 17 .the
2667 1488 2 22 .
2674 1489 41 16 first
2732 1488 52 22 spell,

2348 1514 101 21 Tauranga
2469 1509 57 25 being
2545 1510 64 19 forced
2625 1518 25 11 on
2667 1511 71 18 several
2754 1517 21 11 oc-

2349 1536 79 18 casions.

2427 1564 89 19 ltotorua,
2529 1565 6 15 t
2543 1569 5 14 ;
2562 1564 106 20 Tauranga,
2679 1562 32 18 nil.

2373 1592 60 16 When
2442 1591 44 22 play
2496 1597 37 11 was
2542 1590 85 18 resumed
2642 1590 32 17 the
2687 1589 100 21 Tuuranga

2350 1617 22 15 25
2386 1621 37 11 was
2438 1616 20 15 at
2472 1614 39 16 first
2527 1613 114 17 encroached
2658 1619 51 16 upou
2726 1613 33 20 ln)t
2777 1619 10 10 a

2350 1639 73 21 change
2432 1638 20 16 of
2461 1642 58 12 venue
2529 1643 45 10 soon
2583 1637 44 16 took
2637 1636 52 23 place
2703 1636 38 17 and
2756 1635 31 18 the

2350 1662 66 22 sphere
2425 1667 38 10 was
2472 1660 70 17 carried
2551 1660 56 17 down
2620 1661 21 15 to
2655 1660 32 16 the

2350 1684 37 18 end
2395 1684 37 17 and
2447 1691 11 10 a
2471 1683 50 22 good
2534 1684 44 16 shot
2592 1683 21 17 at
2626 1682 43 21 goal
2687 1686 37 13 Was
2742 1682 44 22 only

2350 1707 94 23 narrowly
2454 1706 73 18 missed.
2552 1707 68 17 Centre
2629 1706 37 16 and
2679 1706 51 21 wing
2744 1705 18 23 pi
2770 1711 18 17 ty
2808 1705 1 25 '

2351 1732 46 16 then
2418 1730 80 18 resulted
2519 1729 33 18 the
2568 1729 49 18 local
2638 1735 43 11 men
2702 1728 87 22 showing
2808 1728 1 22 '

2351 1754 128 21 ■prominently
2515 1754 32 16 the
2557 1754 89 21 frequent
2650 1758 71 11 scrums
2728 1752 60 17 which

2351 1777 88 18 occurred
2449 1776 46 18 both
2509 1776 43 18 here
2567 1772 37 21 ami
2618 1775 49 18 later
2680 1781 30 11 on.
2742 1775 47 22 I'lay
2808 1772 1 25 !

2352 1807 38 11 was
2399 1799 100 24 gradually
2508 1799 88 23 creeping
2605 1799 58 21 along
2669 1798 81 17 towards
2757 1798 32 17 the
2808 1797 1 26 '

2352 1824 80 18 visitors'
2481 1822 54 18 when
2550 1823 32 17 the
2599 1822 95 17 full-back
2710 1822 79 17 relieved
2808 1822 1 20 '

2352 1848 25 21 by
2387 1854 9 10 a
2406 1848 47 21 long
2461 1846 42 17 kick
2512 1846 55 17 down
2576 1846 33 17 the
2616 1845 43 17 line.
2679 1846 16 16 A
2704 1844 85 23 splendid
2808 1844 1 25 1

2352 1871 52 22 piece
2413 1870 19 17 of
2441 1869 76 23 passing
2526 1869 46 17 then
2581 1868 45 18 took
2636 1868 58 23 place,
2712 1868 31 16 the
2751 1868 38 16 ball

2353 1895 58 20 being
2420 1893 56 17 taken
2484 1893 51 21 right
2550 1897 63 12 across
2627 1892 33 16 the
2673 1891 43 17 field
2741 1891 37 17 Tau-

2352 1922 61 16 ranga
2422 1916 78 22 gaining
2509 1915 74 22 ground
2592 1915 25 17 all
2627 1915 32 17 the
2666 1914 62 17 while.
2752 1915 38 16 The

2353 1941 75 16 visitors
2437 1939 37 17 still
2484 1939 45 22 kept
2538 1945 25 16 up
2581 1938 32 17 the
2627 1938 107 21 advantage
2747 1938 44 16 thus

2354 1963 68 22 gained
2430 1962 26 23 by
2463 1969 50 10 some
2522 1968 51 11 more
2579 1961 69 22 capital
2655 1961 45 22 play
2706 1961 28 17 till
2742 1961 36 16 Rus-

2354 1987 36 17 den
2399 1986 64 18 scored
2472 1992 11 10 a
2497 1987 35 21 try,
2548 1985 61 17 which
2627 1990 37 11 was
2681 1983 111 18 afterwards

2354 2009 101 18 converted
2462 2009 26 22 by
2499 2009 18 16 S.
2531 2008 95 22 Darragh.
2659 2008 101 22 Tauranga
2775 2013 15 14 u,

2355 2034 82 17 Rotorua
2455 2034 17 15 -1.
2505 2032 55 17 After
2576 2032 33 16 the
2629 2030 81 18 kick-off
2729 2030 63 18 rather

2354 2056 51 18 loose
2413 2056 45 22 play
2471 2054 119 18 eventuated,
2606 2054 33 17 the
2648 2054 85 16 Rotorua
2749 2059 43 11 men

2354 2079 75 22 finding
2448 2079 32 16 the
2505 2077 137 21 disadvantage
2669 2077 20 16 of
2715 2076 77 21 kicking

2354 2102 77 22 against
2446 2102 33 16 the
2491 2100 51 17 wind
2558 2099 73 23 plainly
2644 2098 147 18 demonstrated.

2355 2124 86 18 Another
2449 2124 46 21 spell
2506 2124 20 17 of
2539 2122 38 18 line
2590 2122 46 23 play
2650 2122 20 16 in
2684 2122 33 16 the
2731 2122 62 16 centre

2355 2149 47 16 then
2411 2147 44 17 took
2465 2147 52 22 place
2526 2147 32 16 the
2567 2146 73 16 leather
2646 2143 78 23 steadily
2731 2144 49 17 work-

2356 2171 34 22 ing
2399 2170 82 18 towards
2490 2169 32 18 the
2530 2169 56 18 home
2596 2169 49 21 goal.
2672 2168 80 17 Matters
2761 2168 22 15 be-

2357 2201 37 16 gan
2404 2196 20 15 to
2437 2193 45 18 look
2495 2193 47 22 ugly
2555 2192 38 17 and
2607 2192 61 22 uglier
2684 2191 38 17 still
2740 2190 53 17 when

2357 2218 32 17 the
2397 2217 56 17 home
2466 2216 95 18 full-back
2576 2215 70 17 mulled
2658 2215 31 16 the
2705 2214 37 17 ball
2757 2214 37 16 and

2358 2242 22 16 A.
2390 2241 57 17 Haua
2455 2239 65 18 scored
2530 2246 12 10 a
2556 2241 31 20 try
2602 2238 61 17 which
2681 2243 38 11 was
2735 2237 60 22 safely

2357 2263 101 18 converted
2466 2263 25 22 by
2506 2263 21 17 F.
2543 2262 72 17 Xorris.
2648 2262 101 21 Tauranga
2768 2261 25 17 10.

2358 2288 84 17 Rotorua
2451 2288 17 15 -1.
2493 2286 56 17 Wera
2562 2285 68 17 kicked
2643 2284 27 17 off
2683 2284 37 16 and
2734 2289 61 12 scrum

2359 2312 43 21 play
2413 2307 96 26 followed;
2524 2309 37 17 and
2571 2314 25 12 on
2609 2308 34 17 the
2657 2307 79 17 visitors'
2752 2307 42 21 goal

2359 2335 57 20 being
2424 2332 93 20 attacked,
2527 2332 58 17 Laird
2596 2330 87 20 relieved,
2698 2330 35 17 but
2747 2330 50 17 their

2359 2357 81 23 position
2461 2362 37 11 was
2515 2355 82 23 agained
2613 2353 94 18 menaced.
2741 2353 55 17 Some

2359 2381 51 16 loose
2418 2380 44 22 play
2471 2380 45 16 then
2529 2378 46 18 took
2588 2378 53 22 place
2656 2378 48 16 from
2721 2376 39 17 side
2776 2377 20 16 to

2359 2404 40 17 side
2407 2404 20 16 of
2439 2403 32 17 the
2485 2402 43 18 field
2543 2402 30 17 till
2587 2402 22 16 G.
2622 2400 79 22 Dansey
2716 2399 80 18 collared

2348 2423 1 21 I
2360 2428 32 16 the
2408 2427 73 17 leather
2496 2425 38 18 and
2550 2425 47 17 with
2613 2430 12 11 a
2644 2423 101 18 dexterous
2761 2429 34 10 run

2348 2443 2 28 i
2360 2450 65 18 scored
2434 2457 10 9 a
2453 2451 30 20 try
2493 2448 66 19 which,
2570 2448 92 18 however,
2677 2453 24 10 on
2717 2448 80 15 account

2348 2474 33 21 |of
2389 2474 33 16 the
2429 2472 49 18 wir.d
2484 2478 37 11 was
2526 2473 35 16 not
2566 2470 106 18 converted.
2697 2470 100 22 Tauranga

2348 2490 2 30 |
2363 2498 26 18 10,
2400 2497 84 17 Rotorua
2493 2496 16 16 7.
2522 2495 60 17 Loose
2590 2494 46 23 play
2644 2493 57 23 again
2710 2492 87 18 followed

2349 2516 2 23 I
2361 2521 33 16 the
2402 2518 81 19 kick-off
2491 2519 28 16 till
2531 2517 88 22 Darragh
2636 2519 34 19 got
2683 2522 53 15 away
2752 2516 45 17 with

2349 2536 2 28 I
2362 2544 32 17 the
2401 2543 39 16 .ball
2449 2543 35 16 but
2493 2547 38 12 was
2540 2541 81 22 cleverly
2627 2538 79 24 stopped
2710 2539 26 22 by
2745 2539 52 17 Mar-

2350 2559 2 29 I
2362 2568 34 16 tin.
2415 2566 47 22 Play
2470 2566 46 16 then
2523 2564 69 22 surged
2601 2563 47 17 back
2657 2564 40 16 into
2705 2563 33 16 the
2743 2562 56 17 home

2350 2585 2 25 i
2392 2590 36 16 but
2437 2589 75 17 showed
2521 2594 25 11 no
2554 2587 69 23 special
2634 2587 71 17 feature
2714 2585 28 17 till
2749 2585 36 17 Dar-

2350 2604 2 31 '
2363 2613 48 22 ragli
2427 2612 54 17 made
2495 2618 11 11 8,
2519 2611 43 18 shot,
2578 2613 21 14 at
2615 2610 43 22 goal
2675 2610 34 15 but.
2724 2608 74 17 missed.

2362 2636 55 22 Play,
2422 2636 92 19 however,
2521 2634 38 17 still
2565 2632 77 19 centred
2648 2633 43 17 here
2700 2631 38 18 and
2743 2631 57 17 Haua

2363 2659 77 23 essayed
2456 2665 11 10 a
2484 2657 44 24 goal
2544 2658 49 16 from
2610 2663 11 10 a
2638 2655 52 18 mark
2710 2655 36 17 but
2761 2655 38 17 also

2363 2682 74 21 missed,
2450 2682 36 17 but
2500 2681 79 17 another
2592 2680 20 17 of
2625 2680 33 17 the
2672 2680 50 16 team
2735 2678 54 17 subse-

2364 2705 78 25 quently
2451 2704 64 19 scored
2523 2711 12 10 a
2543 2705 37 21 try,
2596 2702 61 18 which
2672 2702 84 21 brought
2768 2701 33 17 the

2364 2729 80 18 visitors'
2461 2733 51 12 score
2528 2733 26 16 up
2609 2727 27 17 13.
2666 2724 84 18 Another
2770 2726 31 21 try

2364 2751 73 24 shortly
2446 2751 110 18 afterwards
2569 2748 112 19 eventuated
2697 2749 47 15 from
2759 2748 31 22 pal-

2364 2776 56 23 pable
2429 2775 64 18 offside
2502 2775 44 21 play
2555 2773 62 18 which
2626 2773 32 16 the
2667 2772 68 17 referee
2745 2771 56 17 failed

2365 2802 20 15 to
2401 2798 45 19 take
2458 2797 63 18 notice
2538 2797 20 18 of
2572 2796 37 17 and
2622 2803 12 10 a
2650 2794 43 24 goal
2710 2794 92 22 resulting

2365 2824 50 17 from
2422 2822 38 17 this
2471 2822 32 17 the
2518 2826 55 17 game
2588 2819 53 18 stood
2656 2819 100 21 Tinnanga
2775 2818 26 19 IS,

2366 2847 84 17 Rotorua
2460 2846 15 16 7.
2501 2844 52 17 More
2562 2844 51 16 loose
2620 2843 44 22 play
2673 2841 18 17 in
2701 2841 32 17 the
2740 2842 62 15 centre

2366 2868 97 20 followed;
2482 2867 34 18 the
2526 2867 41 17 ball
2583 2872 39 11 was
2639 2865 73 17 thrown
2729 2864 18 17 in
2766 2864 37 17 and

2367 2892 67 18 should
2454 2891 47 17 have
2517 2890 46 17 been
2586 2888 57 17 called
2665 2888 48 17 back
2728 2886 26 23 by
2771 2887 32 17 the

2366 2916 76 20 referee,
2464 2914 36 17 but
2516 2914 33 16 the.
2564 2912 75 18 whistle
2655 2912 34 16 not
2710 2910 94 23 sounding

2368 2938 80 18 another
2460 2939 32 21 try
2507 2942 38 12 was
2562 2935 89 18 awarded
2668 2936 19 15 to
2703 2934 101 22 Tauranga

2369 2962 60 17 which
2438 2967 38 11 was
2484 2962 35 15 not
2526 2958 108 19 converted.
2660 2958 47 21 Play
2715 2962 42 11 now
2770 2956 22 17 be-

2369 2992 51 11 came
2430 2985 37 16 fast
2471 2984 38 17 and
2514 2983 73 18 furious
2593 2982 33 17 the
2632 2981 64 22 sphere
2703 2979 101 21 travelling

2369 3010 48 16 from
2426 3007 36 17 end
2471 3009 20 15 to
2500 3006 36 18 end
2550 3006 46 16 with
2612 3006 53 20 great
2679 3003 87 22 rapidity-
2775 3003 29 17 Mil

2345 3025 2 24 1
2369 3032 69 17 amidst
2451 3031 32 17 the
2496 3030 58 16 brunt
2571 3029 20 17 of
2606 3027 60 18 battle
2683 3027 32 16 the
2732 3025 72 18 wliistle

2345 3049 2 25 1
2369 3054 84 18 sounded
2462 3053 37 17 and
2507 3053 33 17 the
2549 3058 55 16 game
2613 3049 102 20 concluded

2449 3086 106 21 Tauranga.
2565 3082 33 25 21;
2612 3083 90 19 Rotorua,
2711 3082 16 16 7.

2395 3113 55 20 Some
2470 3112 147 20 dissatisfaction
2634 3117 38 11 was
2688 3109 69 24 openly
2773 3115 22 11 ex-

2371 3138 77 24 pressed
2455 3139 20 15 at
2484 3137 32 17 the
2530 3136 113 18 finissness,
2653 3140 23 11 on
2694 3138 50 13 more
2761 3133 45 16 than

2372 3169 36 10 one
2416 3161 90 17 occasion,
2516 3161 20 16 of
2544 3159 32 18 the
2585 3159 75 17 referee,
2670 3158 35 15 but
2719 3156 30 17 the
2756 3156 40 22 posi-

2373 3187 40 16 tion
2422 3185 19 17 of
2450 3184 44 17 such
2503 3190 11 10 a
2523 3183 122 21 functionary
2660 3181 16 17 is
2689 3186 11 10 a
2713 3179 84 21 disagree-

2373 3210 42 16 able
2423 3213 35 12 one
2467 3210 19 14 at
2499 3207 25 17 all
2540 3206 54 17 times
2609 3205 29 17 fur
2655 3205 15 16 it
2686 3203 15 17 is
2717 3208 24 12 aa
2757 3204 52 15 utter

2373 3231 132 23 impossibility
2514 3231 19 15 to
2542 3229 68 21 satisfy
2623 3227 47 18 both
2686 3225 52 18 sides.
2765 3226 44 18 .The

2373 3255 48 18 local
2430 3260 42 11 men
2481 3253 48 17 have
2536 3259 26 10 no
2571 3257 55 12 cause
2635 3252 19 15 to
2663 3250 22 16 be
2694 3248 89 18 ashamed
2789 3250 20 15 of

2374 3279 49 17 their
2431 3278 62 16 defeat
2502 3276 29 17 for
2540 3281 51 12 some
2600 3275 20 17 of
2628 3274 48 17 their
2684 3273 42 17 best
2735 3271 74 23 players

2375 3307 47 12 were
2434 3300 72 18 absent.

2377 3364 77 21 VISIT
2475 3363 33 19 OF
2528 3360 107 21 BISHOP
2659 3358 143 20 WILLIAMS.

2404 3417 43 19 The
2455 3415 78 24 Bishop
2543 3414 21 18 of
2582 3412 91 25 Waiapu
2691 3409 78 20 arrived
2790 3410 20 18 in

2378 3443 41 19 this
2428 3442 80 25 portion
2518 3440 21 19 of
2548 3440 33 18 his
2590 3438 78 19 diocese
2677 3443 26 13 oil
2710 3435 101 25 Saturday

2379 3471 39 17 last
2428 3467 39 20 and
2482 3465 101 27 preached
2599 3465 21 18 in
2637 3464 34 18 the
2692 3461 80 20 Churcli
2790 3462 22 18 of

2379 3493 96 26 England
2491 3497 31 14 on'
2535 3490 90 24 Sunday,
2651 3488 94 24 morning
2772 3487 41 19 and

2379 3521 94 19 eveninff.
2502 3518 32 19 fie
2545 3518 42 19 also
2597 3514 109 21 addressed
2723 3513 34 19 tho
2776 3520 36 12 na*.

2380 3547 40 19 tive
2433 3545 107 20 adherents
2550 3544 21 18 of
2586 3542 34 19 the
2639 3539 81 21 Church
2738 3540 22 18 in
2778 3539 35 19 the

2381 3574 106 17 afternoon
2503 3570 39 19 and
2560 3568 61 23 again
2640 3573 26 12 on
2684 3565 90 22 Monday
2793 3568 21 16 at

2381 3599 34 18 the
2430 3598 64 18 Tama
2503 3598 19 17 to
2532 3595 75 19 kanua.
2636 3592 34 19 He
2680 3598 41 12 v.-as
2729 3591 85 19 assisted

2381 3624 28 25 by
2418 3624 34 18 the
2461 3622 50 19 Rev.
2521 3621 24 18 F.
2557 3620 28 19 11.
2595 3619 87 25 Spencer
2696 3619 23 16 at
2733 3617 28 19 ail
2780 3617 35 19 the

2383 3650 84 19 services
2501 3648 31 19 On
2548 3645 89 24 Monday
2653 3643 88 24 evening
2756 3650 12 12 a
2786 3650 18 12 re-

2382 3676 80 24 ception
2485 3679 41 13 was
2542 3671 48 21 held
2609 3673 21 17 at
2647 3670 37 19 the
2703 3675 113 19 parsonage

2383 3701 66 20 which
2459 3706 40 13 was
2508 3697 79 26 largely
2597 3695 95 21 attended
2710 3695 26 24 by
2755 3702 46 12 mem-

2384 3728 46 18 bers
2440 3727 21 19 of
2470 3726 35 19 the
2524 3723 102 26 Anglican
2639 3721 60 25 body.
2737 3721 34 19 Mr
2789 3721 27 18 IT.

2385 3754 33 19 W.
2438 3751 126 25 Neighbour,
2580 3750 100 22 secretary
2703 3747 40 19 and
2762 3749 44 17 trea-

2385 3786 63 16 surer,
2458 3777 49 19 read
2515 3782 24 13 an
2548 3775 84 19 address
2646 3774 21 19 of
2682 3773 100 23 wolcome,
2803 3773 15 18 it

2385 3805 62 24 being
2456 3804 35 19 the
2500 3801 95 25 Bishop's
2605 3800 42 19 first
2658 3799 47 19 visit
2716 3802 20 16 to
2756 3799 51 18 Roto-

2386 3838 36 12 run
2433 3830 53 19 since
2496 3828 31 19 his
2538 3826 126 25 assumption
2674 3826 21 19 of
2705 3826 34 18 the
2758 3826 55 17 office

2386 3857 110 19 Reference
2507 3860 40 13 was
2562 3852 59 19 made
2638 3855 21 16 to
2673 3852 35 18 the
2726 3850 95 25 Bishop's

2387 3883 67 18 father
2471 3880 39 20 and
2529 3878 56 20 uncle
2601 3885 22 12 as
2638 3878 94 24 pioneers
2748 3877 21 18 of
2786 3877 35 18 the

2388 3907 80 21 Church
2478 3907 21 18 in
2508 3906 51 18 New
2569 3903 97 23 Zealand,
2679 3903 40 19 and
2726 3903 36 18 the
2769 3902 52 24 hope

2389 3941 41 13 was
2440 3931 106 27 expressed
2556 3931 46 18 that
2618 3930 32 19 his
2665 3929 73 24 family
2757 3928 66 19 would

2388 3960 96 19 continue
2506 3960 20 16 to
2551 3956 26 19 bo
2598 3955 130 26 represented
2750 3954 20 19 in
2789 3954 35 18 the

2389 3986 69 24 clergy
2467 3984 21 19 of
2497 3984 35 18 the
2542 3982 84 24 Colony.
2654 3982 20 18 It
2685 3987 41 12 was
2741 3979 84 26 pointed

2391 4013 35 18 out
2435 4012 44 17 that
2489 4016 22 12 as
2525 4008 35 19 tho
2576 4011 55 16 town
2651 4006 66 20 would
2732 4012 49 13 soon
2800 4005 26 19 be

2391 4037 85 19 without
2487 4042 11 11 a
2513 4034 91 19 resident
2621 4033 117 24 clergyman
2759 4033 20 17 of
2792 4031 35 19 tho

2393 4062 79 20 Church
2482 4061 21 19 of
2512 4059 97 27 England
2618 4060 16 18 it
2644 4058 67 20 would
2721 4058 25 18 be
2764 4057 54 19 desir-

2393 4088 46 20 able
2454 4090 20 16 to
2491 4087 41 19 find
2550 4092 54 12 some
2622 4091 37 12 ono
2679 4083 66 20 suited
2763 4086 21 16 to
2803 4084 25 18 its

2394 4113 88 27 peculiar
2490 4112 62 20 needs
2560 4111 40 19 and
2610 4112 21 18 in
2644 4111 50 19 view
2712 4110 20 19 of
2748 4109 34 19 the
2801 4109 21 19 in
2825 4109 3 31 l

2798 126 95 25 creasing'
2902 127 123 25 importance
3036 127 21 17 of
3067 127 35 17 the
3111 130 34 15 tow
3152 134 19 11 n.
3192 128 10 17 '1
3218 126 2 26 .

2799 151 77 25 Bisliop
2889 153 21 18 in
2920 153 32 19 his
2961 152 58 25 reply
3030 152 90 19 thanked
3128 152 35 19 the
3173 159 44 12 men

2799 177 46 20 her.-,
2855 179 22 18 of
2886 178 35 19 ihe
2931 178 81 20 Church
3027 180 31 17 for
3079 178 52 19 their
3149 179 51 18 udJr
3215 188 9 7 %

2798 204 21 17 of
2830 204 93 19 welcome
2941 205 41 18 and
2997 204 68 19 (stated
3084 208 5 14 t
3093 204 36 19 hat
3147 204 26 19 he
3194 212 39 11 wa~

2798 229 52 19 alive
2860 233 21 15 to
2895 231 35 18 the
2946 230 116 19 necessities
3078 230 22 18 of
3114 230 34 19 the
3170 230 50 25 plon

2798 256 20 17 It
2827 256 70 19 would
2904 256 27 19 be
2943 256 34 19 his
2995 258 81 17 earnest
3094 256 102 19 endeavor
3213 256 4 19 '

2798 282 85 24 appoint
2891 289 55 12 some
2957 288 39 13 one
3006 282 66 18 suited
3081 284 20 15 to
3110 282 53 19 their
3171 289 41 11 wni:
3226 294 5 2 -

2798 308 41 17 and
2858 307 19 19 in
2896 308 34 19 tho
2952 308 110 19 meantime
3081 314 138 18 arrangement

2799 333 65 18 would
2877 334 24 17 he
2910 334 60 18 inude
2978 334 32 19 for
3018 334 35 17 the
3063 334 94 24 carrying
3166 341 26 11 on
3211 333 4 25 <
3227 333 2 25 :

2798 359 35 18 the
2841 360 92 18 services.
2961 360 25 19 In
3004 367 11 11 a
3031 359 83 25 general
3129 366 36 12 con
3168 367 57 11 versa

2799 384 42 20 tion
2862 385 64 19 which
2943 385 76 20 ensued
3037 390 35 14 trie
3096 385 96 25 majority
3213 384 2 26 ■

2799 411 57 19 those
2866 415 82 21 present
2957 411 80 20 seemed
3048 414 20 16 to
3079 411 27 18 he
3114 411 23 19 of
3150 412 74 24 opinio:

2799 437 44 18 timt
2854 437 20 19 in
2884 437 50 19 view
2943 438 23 18 of
2975 438 35 18 the
3020 440 58 21 great
3088 439 69 17 extent
3167 438 20 18 of
3197 437 34 19 tli*-

2798 462 78 20 district
2886 463 16 19 it
2919 463 66 19 would
3003 464 25 18 he
3044 463 103 24 judieions
3161 466 21 16 to
3199 470 23 18 ap-

2799 489 57 24 point
2865 496 13 12 a.
2886 491 68 17 native
2963 490 117 24 clergyman
3099 492 20 15 to
3137 489 26 19 do
3182 489 50 25 duty

2799 518 94 22 amongst
2902 516 35 18 the
2947 515 94 19 Maoriee.
3054 521 22 12 so
3084 515 46 18 that
3140 515 35 19 tiie
3185 522 39 12 resi-

2799 540 48 19 dent
2869 541 118 25 clergyman
3012 540 67 20 would
3108 541 23 18 be
3151 541 46 19 able
3214 545 19 15 t.j

2799 566 72 19 devote
2879 567 31 19 his
2920 568 50 18 time
2977 570 22 16 to
3011 567 35 19 the
3057 566 107 26 European
3172 573 48 19 popi-

2799 592 70 19 lation.
2912 593 75 25 liishop
3009 593 104 19 Williams
3136 593 37 19 left
3193 593 40 19 this

2799 618 95 25 morning
2903 619 32 19 for
2945 619 114 19 Auckland.

2870 672 53 18 THE
2935 673 119 17 GALATEA
3074 672 84 18 ROADS.

2822 719 39 16 The
2869 719 46 17 road
2924 719 61 17 works
2994 719 19 17 in
3026 719 32 17 the
3072 719 79 17 Galatea
3163 719 35 17 dist
3202 719 19 17 ii-
3229 721 7 14 ',

2800 747 30 11 are
2844 743 126 22 .progressing
2989 742 141 22 satisfactorily.
3162 743 74 16 Fifteen

2800 760 94 23 collifiiets
2902 766 48 17 have
2958 765 77 22 already
3043 765 47 17 been
3098 765 28 17 let
3133 766 21 16 to
3162 765 32 17 the
3200 771 20 10 ;tr

2800 788 98 23 employed
2905 795 26 11 on
2940 789 33 17 the
2981 788 128 23 co-operative
3115 788 92 23 principle
3212 791 23 14 oh

2800 811 32 17 the
2842 812 139 17 Whiriiiiiki-Te
2990 812 70 17 Whaiti
3070 811 51 17 road.
3147 811 59 18 These
3215 813 5 14 1

2800 837 94 15 contracts
2902 835 71 17 extend
2981 841 45 11 over
3033 842 11 9 a
3053 835 84 17 distance
3146 835 20 16 of
3181 834 43 23 cigL

2801 858 52 17 miles
2862 858 38 17 and
2907 865 21 10 as
2937 858 33 17 the
2977 858 67 22 laying
3052 860 33 15 out
3100 858 20 17 of
3133 858 53 17 these
3199 863 26 11 v.-..

2800 880 25 18 all
2834 882 137 23 accomplished
2980 882 19 16 in
3017 882 35 16 less
3069 881 47 17 than
3129 887 11 11 a
3153 880 51 18 wPek
3222 880 3 25 <

2800 905 66 21 speaks
2874 904 41 18 well
2933 906 30 16 for
2975 905 33 17 the
3022 904 76 22 celerity
3113 903 46 18 with
3175 904 42 16 whit

2800 927 32 17 the
2947 928 48 17 have
3005 927 49 17 done
3067 927 49 17 their
3130 927 59 18 work,

2802 951 44 17 mile
2854 950 20 18 ht
2883 952 33 17 the
2924 952 25 16 'J'e
2959 951 68 17 Whaiti
3037 950 37 17 end
3082 950 34 17 has
3124 950 47 17 been
3180 950 25 17 let
3218 953 6 13 1
3234 950 3 19 >

2802 974 33 17 the
2843 974 78 19 natives,
2931 977 19 15 at
2960 974 32 17 the
3001 973 119 19 solicitation,
3126 973 15 17 it
3149 974 14 16 is
3170 973 56 17 undei

2803 997 60 19 stood,
2878 999 20 15 of
2912 998 33 17 the
2962 997 51 17 Hon.
3028 997 65 17 James
3107 996 78 21 Carroll,
3203 996 35 21 an!

2803 1021 80 17 another
2891 1021 44 17 mile
2943 1021 38 16 will
2994 1019 73 23 shortly
3081 1020 23 16 be
3119 1020 37 17 laid
3170 1019 27 18 olf
3211 1021 13 15 f<
3232 1026 7 9 r

2803 1044 52 17 them
2863 1051 21 10 as
2897 1050 45 11 soon
2956 1050 20 10 as
2989 1044 33 16 the
3034 1048 90 17 surveyor
3136 1043 19 17 in
3173 1043 66 21 clmi>'n

2804 1066 33 17 has
2846 1067 71 17 started
2926 1068 33 16 the
2971 1067 54 17 other
3040 1072 54 16 gang
3107 1066 21 16 of
3141 1072 74 16 co-ope:
3220 1073 8 9 a
3232 1076 5 3 -

2803 1090 48 17 tives
2859 1096 24 11 on
2893 1091 32 17 the
2934 1090 81 17 Knatoki
3029 1089 52 17 road.
3112 1089 39 17 The
3168 1089 69 19 native,

2804 1119 48 12 seem
2870 1115 20 16 to
2906 1114 22 16 b«
2946 1113 74 21 greatly
3036 1112 97 21 delighted
3151 1112 40 17 that
3209 1112 18 22 ti.
3236 1112 1 22 ;

2804 1137 61 17 works
2874 1143 31 11 are
2914 1140 21 14 to
2952 1138 23 15 l>e
2986 1136 74 23 pushed
3072 1136 89 23 through.
3187 1136 33 17 Tin
3234 1143 5 9 r

2804 1160 105 22 objections
2917 1166 32 11 are
2957 1159 86 18 confined
3051 1161 21 15 to
3081 1159 31 17 the
3121 1159 39 21 trig
3173 1164 64 16 survey

2804 1183 59 21 going
2872 1189 25 11 on
2904 1183 38 17 and
2951 1183 24 17 do
2983 1185 34 15 not
3026 1183 20 16 in
3053 1188 38 16 any
3101 1188 41 16 way
3158 1183 49 16 refer
3221 1183 4 21 i

2804 1206 33 17 the
2846 1207 135 21 road-making
2988 1211 43 12 now
3044 1206 20 16 in
3077 1211 93 16 progress.
3203 1205 19 16 Ti

2805 1229 128 22 probabilities
2942 1235 31 11 are
2982 1230 40 16 that
3032 1229 33 17 the
3074 1225 44 21 road
3126 1228 38 16 will
3171 1228 23 16 be
3200 1225 4 26 i
3210 1234 17 10 at
3234 1225 3 26 -

2805 1252 39 17 ried
2860 1258 25 12 on
2902 1253 48 17 from
2964 1253 25 16 Te
3005 1251 71 17 Whaiti
3090 1254 20 14 to
3121 1251 101 17 Ituataliun

2806 1276 19 17 It
2833 1277 15 16 is
2856 1276 34 17 the
2897 1276 93 17 intention
3001 1276 19 16 of
3030 1275 33 17 the
3071 1275 133 17 Government.,

2805 1305 32 11 are
2844 1299 100 19 inforineil,
2955 1301 20 14 to
2982 1302 20 13 at
3015 1304 46 11 once
3074 1301 49 14 erect
3136 1304 11 10 a
3161 1300 48 14 store
3223 1301 16 12 in

2806 1328 51 11 serve
2866 1328 20 11 as
2901 1329 11 10 a
2924 1323 58 21 depot
2995 1321 37 17 and
3046 1321 45 17 thus
3104 1320 88 23 preclude
3206 1326 21 11 an

2806 1345 105 23 possibility
2920 1347 20 15 of
2948 1345 144 17 inconvenience
3105 1343 61 18 which
3180 1343 59 23 might

2806 1369 47 17 arise
2868 1369 49 17 from
2932 1369 55 21 delay
3000 1368 20 16 in
3033 1367 32 17 the
3080 1367 68 17 arrival
3163 1367 20 16 of
3199 1373 30 16 pre-

2806 1392 70 17 visions
2884 1392 61 17 which
2961 1390 63 23 might
3035 1390 44 17 take
3093 1390 52 23 place
3159 1390 80 21 throngh

2808 1415 31 17 the
2848 1414 116 23 inclemency
2973 1415 19 16 of
3001 1414 31 17 the
3043 1414 81 16 weather
3133 1413 70 22 during
3211 1413 28 17 the

2808 1439 67 16 winter
2895 1439 82 16 months.
3010 1437 39 17 The
3070 1436 126 23 unemployed
3211 1442 28 11 are

2808 1461 87 23 working
2903 1461 56 23 fairly
2969 1460 41 17 well
3020 1460 67 22 taking
3095 1460 40 17 into
3149 1459 80 18 consider-

2807 1484 53 17 ation
2869 1485 31 17 the
2908 1486 41 15 fact
2957 1484 41 17 that
3008 1491 11 9 a
3032 1484 52 21 large
3098 1483 109 22 proportion
3224 1484 15 15 of

2808 1508 52 17 them
2867 1508 49 17 have
2924 1513 58 13 never
2989 1507 47 17 been
3046 1506 118 18 accustomed
3173 1508 20 15 to
3201 1506 38 16 that

2808 1529 47 19 class
2865 1531 19 17 of
2893 1529 58 19 work.
2977 1531 53 16 Some
3040 1530 21 17 of
3076 1529 57 18 them,
3151 1529 88 18 however,

2808 1560 31 11 are
2848 1554 94 22 practised
2951 1554 60 17 bauds
3020 1553 37 17 and
3066 1559 31 11 are
3111 1552 42 18 able
3166 1555 21 14 to
3201 1558 38 11 cam

2810 1578 36 17 fair
2855 1583 68 15 wages.

2892 1628 52 17 THIS
2957 1628 80 17 R.F.C.
3050 1628 107 17 CONCERT.

2834 1674 69 22 Seeing
2910 1675 44 17 that
2963 1673 31 18 tlic
3003 1679 87 17 presence
3099 1674 20 16 of
3124 1674 105 22 profession:
3236 1673 3 23 !

2810 1698 107 23 companies
2926 1704 35 11 can
2970 1697 45 22 only
3023 1697 23 17 be
3052 1696 68 18 looked
3126 1698 29 16 for
3161 1697 19 17 in
3187 1697 45 17 liotn

2810 1727 35 11 run
2853 1722 21 17 at
2882 1720 115 23 lengthened
3010 1720 90 18 intervals
3103 1719 60 17 —like
3176 1720 64 22 angel-'

2811 1745 59 18 visits,
2880 1745 19 17 in
2908 1746 45 16 fact,
2964 1745 35 16 few
3013 1742 38 18 and
3065 1743 30 17 far
3107 1743 92 18 between-

2810 1768 130 22 performance
2952 1767 56 22 given
3022 1767 19 16 in
3055 1766 32 17 the
3101 1766 86 17 l'ukeroa
3203 1766 37 17 Hull

2810 1790 57 23 last'
2867 1790 108 23 Wednesday
2983 1790 57 22 night
3048 1790 19 16 in
3076 1789 29 17 aid
3116 1790 19 17 of
3146 1789 32 17 the
3193 1790 41 16 fund
3239 1789 1 24 ;

2811 1814 21 17 of
2840 1814 32 18 the
2881 1814 47 18 local
2938 1813 87 20 Football
3035 1813 49 17 Club
3097 1818 51 12 came
3163 1818 49 17 upon
3224 1818 16 11 in

2811 1844 21 11 as
2841 1844 10 11 a
2865 1839 57 16 sweet
2938 1836 126 19 benediction.
3098 1836 89 17 Amateur
3204 1841 24 17 per-

2811 1861 112 20 formances,
2933 1860 97 22 generally
3039 1859 97 23 speaking,
3152 1865 32 11 are
3196 1860 36 21 pica

2812 1889 52 12 sures
2872 1884 45 22 only
2926 1886 21 15 to
2955 1883 23 18 be
2986 1883 58 17 taken
3053 1882 59 23 sadly,
3123 1888 19 12 so
3151 1882 15 18 it
3173 1882 16 17 is
3203 1882 37 17 with

2812 1907 95 22 profound
2917 1907 117 17 satisfaction
3044 1907 41 15 that
3095 1912 27 10 we
3136 1912 34 10 can
3184 1905 56 18 rccor,!

2813 1936 11 11 a
2832 1931 82 22 striking
2928 1929 99 23 exception
3044 1931 20 16 to
3080 1929 33 18 the
3128 1928 41 19 rule
3182 1929 18 16 in
3215 1928 25 17 the

2813 1959 41 12 ease
2865 1955 30 16 .of
2915 1954 33 17 the
2968 1952 115 18 footballers'
3098 1952 142 17 entertainment

2813 1976 39 18 The
2865 1983 120 16 programme
2998 1982 39 11 was
3051 1975 100 17 attractive
3163 1975 19 17 in
3195 1980 45 17 every

2814 2001 72 17 feature
2895 2001 38 17 and
2942 1999 82 18 adhered
3032 2001 20 15 to
3061 1999 19 16 in
3095 2004 56 17 every
3163 1997 77 19 essentia!

2813 2023 104 23 particular
2924 2023 126 23 throughout.
3074 2022 40 17 The
3122 2022 59 17 entire
3195 2021 38 18 satis-

2814 2047 71 17 faction
2894 2047 46 16 with
2951 2046 60 17 which
3019 2046 33 17 the
3061 2045 88 17 audience
3159 2044 73 23 reganlr
3238 2044 2 23 '.

2814 2070 32 16 the
2855 2070 75 17 various
2938 2069 89 17 numbers
3036 2068 15 17 is
3060 2068 84 17 vouched
3152 2068 30 17 for
3188 2068 23 21 by
3217 2068 21 16 tli>

2814 2092 40 16 fact
2862 2093 42 15 that
2913 2096 57 17 every
2978 2093 45 14 item
3033 2094 38 13 wa's
3080 2090 107 22 applauded
3192 2091 19 15 to
3217 2090 23 16 tin'

2814 2114 46 17 echo
2869 2114 38 17 and
2916 2114 121 22 persistently
3046 2112 84 18 encored.
3158 2113 22 17 In
3189 2112 41 17 such
3235 2120 5 9 a

2815 2143 42 11 case
2865 2137 16 17 it
2889 2137 63 18 would
2961 2138 23 16 be
2992 2136 94 18 invidious
3091 2137 20 16 to
3116 2136 124 23 particularise,

2815 2161 35 16 but
2858 2160 54 18 there
2920 2166 35 12 can
2963 2160 23 17 be
2994 2166 25 11 no
3028 2159 59 17 doubt
3097 2159 41 17 that
3149 2159 32 17 the
3189 2160 45 16 ett'or!

2816 2184 20 17 of
2844 2184 40 16 Mrs
2893 2184 52 18 Keir.
2955 2183 37 18 and
3001 2183 32 18 the
3048 2183 67 17 Misses
3127 2183 75 22 Dansey
3214 2188 18 11 .m
3239 2182 1 23 l

2817 2206 90 20 Griffiths,
2917 2207 37 18 call
2963 2207 29 16 for
3000 2206 80 23 especial
3093 2206 89 17 mention.
3212 2206 28 16 'IV

2817 2230 87 23 dialogue
2912 2230 26 23 by
2947 2230 32 17 the
2988 2230 96 21 quartette
3098 2229 20 17 of
3133 2229 51 22 boys,
3199 2229 24 16 Mi-

2817 2255 38 15 ters
2869 2254 96 19 Stubbins,
2982 2253 117 22 Herdegeen,
3116 2252 85 17 Mitchell
3213 2251 27 18 and

2817 2277 73 17 Mai-tin
2905 2282 39 12 was
2961 2278 50 15 most
3026 2276 104 22 creditably
3147 2275 55 23 given
3215 2275 25 23 a:i:

2817 2300 77 17 evinced
2902 2299 128 18 considerable
3041 2298 91 18 dramatic
3142 2298 75 18 instinct

2818 2323 32 17 the
2859 2325 42 20 part
2910 2324 21 16 of
2942 2323 33 17 the
2988 2323 119 22 youngsters.
3140 2322 39 17 The
3196 2328 42 10 conn

2818 2346 80 18 element
2907 2352 38 12 was
2954 2345 103 23 consigned
3065 2347 21 16 to
3098 2345 69 17 Messrs
3182 2345 58 22 M::y«~.

2818 2369 91 23 Fordyce,
2919 2370 65 17 Cotter
2992 2369 38 17 and
3039 2369 64 21 Hoyes
3112 2368 37 17 and
3158 2368 31 17 the
3201 2374 39 11 inn:-

2818 2399 34 11 ner
2860 2393 19 17 in
2896 2393 61 18 which
2971 2393 46 22 they
3032 2392 97 22 acquitted
3145 2391 95 18 themselves

2818 2422 39 12 was
2865 2416 142 18 commendable
3017 2415 19 17 in
3050 2416 33 16 the
3095 2417 89 15 extreme.
3215 2414 24 16 TL<

2818 2440 91 22 youthful
2929 2440 86 21 Danscys
3037 2439 39 16 also
3095 2438 96 22 displayed
3208 2438 32 24 :iiu;

2819 2462 121 22 indubitably
2949 2462 42 17 that
2998 2462 20 17 in
3027 2462 33 17 the
3067 2463 70 16 matter
3145 2462 20 17 of
3177 2462 59 16 humor

2819 2486 46 23 they
2881 2491 49 12 were
2946 2485 91 17 veritable
3141 2485 20 16 of
3177 2484 31 18 the
3222 2483 18 17 oil

2904 2509 50 17 their
2962 2509 51 21 ditty
3042 2508 29 18 On
3080 2508 32 17 the
3199 2508 41 16 ben.;

2821 2534 48 16 most
2886 2532 105 23 applicable
3008 2533 19 16 to
3048 2531 33 17 the
3102 2531 91 18 occasion.
3224 2530 16 16 M,

2821 2556 88 17 Landells
2923 2555 86 23 presided
3022 2557 20 14 at
3058 2554 33 17 the
3107 2555 56 21 piano
3180 2553 60 23 playiuf

2821 2578 32 18 the
2866 2580 101 16 overtures
2981 2578 38 17 and
3033 2578 171 23 accompaniments
3211 2576 29 17 with

2822 2603 56 16 much
2888 2603 72 21 fidelity
2969 2602 37 16 and
3015 2601 97 22 precision.
3138 2602 26 16 At
3172 2601 32 16 thp
3212 2605 28 12 coi.-

2822 2625 71 18 elusion
2902 2627 21 16 of
2931 2626 32 16 the
2972 2626 75 16 concert
3055 2630 11 11 a
3074 2624 59 17 dance
3147 2623 45 18 took
3205 2623 22 23 pla-

2822 2648 61 17 which
2893 2655 38 11 was
2940 2649 44 21 kept
2993 2654 26 16 up
3028 2648 29 17 till
3071 2653 24 11 an
3110 2646 51 24 early
3175 2647 45 17 hour
3233 2646 3 24 .

2823 2672 32 17 the
2865 2672 94 22 morning.

2825 2720 415 45 CABLEGRAMS

2848 2812 91 18 London,
2949 2811 46 22 May
3005 2812 33 16 21.-
3038 2811 38 16 —It
3086 2811 33 17 litis
3127 2811 48 17 been
3184 2809 49 18 decid

2824 2835 43 18 that
2875 2836 33 17 the
2916 2835 60 17 eldest
2984 2841 33 10 soil
3027 2834 20 17 of
3055 2840 11 11 a
3074 2834 47 17 Peer
3130 2840 23 11 on
3162 2834 34 17 the
3204 2833 29 17 deaf

2824 2859 20 16 of
2853 2859 29 16 lii.s
2891 2859 63 16 father
2961 2858 16 17 is
2984 2857 97 22 ineligible
3089 2858 20 16 to
3118 2857 45 17 hold
3172 2863 10 11 a
3193 2860 36 14 sett

2825 2882 33 17 the
2866 2882 65 17 House
2941 2881 23 19 ,of
2981 2881 107 17 Commons.
3120 2881 45 17 This
3181 2885 52 18 goven

2825 2905 93 17 Viscount
2926 2904 99 18 Wulmer's
3034 2909 47 12 case.

2850 2928 69 22 Owing
2935 2929 20 16 to
2971 2928 33 16 the
3024 2926 59 18 vessel
3104 2926 70 23 calling
3193 2928 19 15 at
3226 2925 7 17 ti

2826 2951 88 18 Canaries
2928 2951 33 17 the
2975 2950 63 18 Board
3051 2950 20 16 of
3087 2949 120 23 Agriculture
3222 2954 11 10 v.\

2825 2976 35 16 not
2870 2975 67 22 permit
2946 2974 31 16 the
2987 2973 134 22 Morayshire's
3136 2973 56 22 sheep
3205 2975 19 15 to
3232 2973 1 24 1

2826 2997 74 18 landed.

2850 3022 62 21 Egim,
2921 3019 98 19 convicted
3034 3020 20 17 of
3065 3019 97 22 dynamite
3175 3021 58 20 outing

2827 3045 19 16 in
2856 3044 76 18 Ireland
2940 3044 34 16 has
2982 3043 48 17 been
3038 3042 87 18 released.

2851 3067 59 17 Much
2919 3068 20 16 of
2947 3067 32 17 the
2987 3067 64 16 frozen
3060 3067 56 19 meat,
3125 3066 26 22 by
3159 3067 32 16 the
3198 3067 35 16 Bain

2829 3091 49 17 shire
2886 3096 39 11 was
2932 3089 39 18 bad
2979 3095 24 11 on
3011 3089 75 20 arrival,
3091 3088 60 23 being
3158 3088 75 23 spotted.

2852 3114 60 17 There
2919 3114 16 16 is
2944 3113 47 17 keen
2999 3112 122 22 competition
3134 3114 19 15 at
3168 3112 31 17 the
3217 3117 16 11 \vn

2829 3137 48 17 sales
2885 3137 38 17 and
2931 3136 60 23 prices
2999 3135 72 17 remain
3079 3136 47 16 fiim.

2850 3160 149 18 •Washington.
3024 3159 47 21 May
3092 3159 93 17 21.—Tim
3205 3157 28 19 Km

2830 3183 63 18 Board
2901 3183 34 17 has
2944 3182 76 17 decided
3029 3188 24 11 on
3062 3182 32 16 the
3103 3182 117 22 compulsory
3232 3182 1 22 :

2824 3204 1 28 j
2831 3206 88 18 tircincnt
2928 3211 18 12 oi
2956 3204 85 18 Admiral
3050 3204 57 18 Mead
3115 3205 20 17 of
3147 3205 33 17 the
3195 3204 38 18 Unit

2831 3230 62 17 States
2901 3234 57 17 navy,
2968 3229 43 17 who
3024 3228 84 22 publicly
3123 3228 86 17 declared
3222 3227 11 17 tli

2831 3253 24 17 he
2863 3252 96 23 regretted
2970 3252 57 20 bring
3041 3251 103 22 compelled
3159 3253 19 16 to
3195 3256 38 12 rem.

2831 3276 81 17 inactive
2926 3275 76 23 against
3014 3274 33 17 the
3061 3274 71 17 British
3149 3274 69 22 during
3231 3274 2 24 t

2831 3299 73 17 hitter's
2912 3298 63 17 action
2984 3299 21 15 at
3017 3296 83 19 Corinto,
3116 3298 20 16 in
3151 3298 82 19 Isicarap

2832 3322 39 17 The
2890 3321 82 17 decision
2987 3321 17 15 is
3019 3319 92 18 endorsed
3127 3321 26 21 by
3169 3319 64 19 PresMi

2832 3343 108 19 Cleveland.

2855 3368 125 18 Yokohama,
3003 3366 47 23 May
3076 3367 28 16 21.
3151 3366 40 18 The
3211 3366 22 17 Gr<

2832 3390 75 18 Powers
2915 3390 48 18 have
2971 3389 100 23 requested
3079 3389 32 17 the
3124 3390 91 22 Japanese
3228 3389 3 23 <

2832 3415 99 15 veminent
2939 3415 20 15 to
2968 3413 63 22 notify
3039 3413 32 16 the
3080 3413 104 17 additional
3196 3412 37 18 iiuir

2832 3437 42 22 nity
2883 3436 86 23 required
2977 3436 27 22 by
3011 3437 14 16 it
3036 3437 29 16 for
3074 3436 31 17 the
3114 3436 71 18 cession
3201 3437 19 16 of
3232 3436 1 23 :

2832 3459 98 23 Liaotiuig
2939 3459 108 18 Peninsula.

2839 3509 205 32 AUSTRALIAN
3060 3508 182 33 TELEGRAMS

2859 3587 83 22 Sydney,
2948 3587 46 21 May
3004 3587 52 16 21.
3057 3587 113 18 Permission
3178 3587 16 18 is
3202 3594 16 10 so

2837 3611 30 17 for
2875 3611 32 16 the
2917 3610 95 17 Canadian
3019 3610 44 17 mail
3072 3611 81 16 steamer
3164 3612 19 15 to
3201 3617 17 10 ea

2837 3633 99 18 Auckland
2945 3634 19 16 to
2973 3632 45 18 land
3026 3633 32 17 Mr
3065 3633 64 17 Ward.
3147 3634 44 16 This
3200 3640 18 11 m

2837 3657 33 17 the
2879 3657 111 17 forerunner
2997 3657 21 16 to
3026 3656 77 21 regular
3111 3657 51 17 calls.

2932 3711 235 32 TELEGRAPHIC.

2864 3768 105 20 Auckland,
3199 3770 44 16 siear.

2924 3791 62 17 struck
2997 3793 19 15 at
3025 3792 31 16 the
3065 3793 88 16 entrance
3162 3794 20 15 to
3199 3792 31 17 the
3238 3791 6 16 1

2842 3814 49 17 nuiki
2900 3815 50 16 river
2957 3814 37 17 last
3002 3814 57 22 night
3067 3814 38 17 and
3110 3815 16 16 is
3131 3815 18 16 in
3156 3815 71 23 :idang<
3235 3820 5 3 ~

2842 3838 89 22 positioii.
2955 3838 40 16 The
3003 3843 110 17 passengers
3126 3838 69 17 landed
3212 3843 33 12 sai>-

2866 3860 82 18 Thomas
2957 3861 85 17 Seaman.
3049 3860 90 23 formerly
3145 3862 20 16 of
3177 3862 61 21 Takaji

2844 3883 43 17 died
2895 3883 157 23 ycsterday.aged
3061 3885 27 15 70.

2868 3907 39 16 The
2914 3913 50 11 cases
2969 3913 10 10 a
2982 3907 63 22 gainst
3053 3906 106 18 tradesmen
3166 3907 31 18 for
3200 3907 36 21 keep-

2846 3935 48 18 open
2903 3936 24 11 on
2937 3930 94 21 Saturday
3039 3935 48 12 wore
3096 3930 111 22 adjourned.

2870 3953 39 17 The
2915 3953 118 17 Rev.Fathcr
3040 3953 84 22 Downey
3131 3953 43 17 died
3180 3954 35 16 last
3221 3953 24 17 nit

2841 3975 1 25 i
2870 3976 40 17 The
2917 3976 48 17 hush
2975 3975 91 23 formerly
3073 3975 72 18 known
3155 3983 21 10 as
3185 3977 33 17 the
3230 3975 14 18 Ji

2848 3999 51 17 ukau
2907 3999 76 17 Timber
2991 3999 50 17 Co.'s
3050 3999 33 16 has
3091 3998 49 18 lioon
3148 4000 41 16 sold
3199 4001 19 16 to
3230 3998 14 18 51

2849 4022 42 16 ders
2899 4022 39 17 and
2946 4021 81 22 Bradley
3037 4022 29 16 for
3076 4022 74 19 £.'),()()().
3183 4022 38 18 The
3237 4021 3 22 1

2850 4045 86 17 contains
2943 4045 97 19 4.1100,000
3048 4044 38 17 feet
3095 4045 20 17 of
3123 4045 75 17 timber.

2873 4067 65 18 .Tames
2952 4067 100 18 Whitclaw
3069 4068 20 16 of
3097 4068 76 21 .K-mio,
3191 4069 33 16 has
3238 4067 7 16 V

2841 4090 121 19 'committed
2979 4091 29 16 for
3025 4090 68 23 tailing
3108 4093 20 15 to
3149 4092 48 22 keep
3221 4097 23 17 pi'i

2851 4114 59 18 hooks
2920 4114 20 17 of
2948 4114 85 17 account.
3047 4118 9 18 |

1319 59 59 24 THE
1406 62 57 21 HOT
1489 62 91 21 LAKES
1609 61 170 27 OHRONtCLE,
1807 65 188 22 WEDNESDAY,
2025 65 61 21 MAY
2116 69 29 21 22,
2162 66 49 18 1895

82 137 229 46 Visitors'
334 138 103 45 List

83 215 107 23 Hient's
202 216 134 28 Uathg-ate
351 215 96 23 House.

47 246 32 16 T)r
85 245 62 21 Bany
151 245 25 17 T.
184 245 81 20 llassell,
275 245 51 18 West
333 244 97 18 Maitland

44 270 46 15 jfclra
95 268 81 22 Hyams,
184 268 90 17 Dimedin

45 292 38 17 jUr
172 291 79 22 Sydney

84 315 88 19 aadSlra
177 314 110 18 Matthews,
296 313 99 18 Avondale

81 342 24 17 C.
111 341 23 16 S.
141 339 73 18 Moore,
221 338 79 22 Sydney

79 368 76 23 Uriijb.
163 367 64 21 Otago

79 391 41 18 and
127 392 42 15 Mrs
174 389 73 23 LyauS.
254 385 85 19 Tlaivltes
347 386 41 21 Hay

78 414 89 18 Maurice
170 411 53 20 Joel,
230 409 91 19 Dar.efiin

82 436 41 18 *md
176 433 116 23 liittlejobn,
304 432 77 22 Sydney

83 459 88 20 Stiwte,
180 455 101 21 Aucldand

78 483 123 18 WainVonsc.
211 480 70 18 Nelson

81 501 98 23 WJlinms.
190 501 100 21 Auckland

77 529 36 18 Kit
114 530 47 20 chic,
171 526 117 24 Wellington

78 552 82 20 tilifton,
169 551 116 21 Wellington

47 576 101 23 Inspector
155 574 66 19 Woi>d,
233 571 118 23 Wellington

177 613 71 25 Lake
258 613 99 23 House.

47 649 31 17 Mr
84 647 40 18 and
128 647 44 18 Mrs
179 647 21 18 S.
209 646 64 19 Kolm,
282 645 116 22 Wellington

77 672 26 16 Sj.
110 672 73 19 J)orne,
188 669 85 18 .London

77 694 119 22 J.jßrafllcy.
207 692 78 18 London

77 718 26 16 35.
109 717 70 19 Xaker,
190 715 80 19 London

77 741 31 16 W.
114 741 32 19 JF.,
155 741 24 16 It.
186 741 24 16 C.
218 739 39 17 and
264 738 24 17 G.
298 737 60 19 Allen,
369 736 112 18 Annandale

77 765 25 16 A.
110 764 27 17 H.
144 764 62 18 Piatt,
216 762 77 23 Sydney

79 788 22 16 A.
108 786 40 18 and
157 787 24 17 N.
188 786 70 18 Grant,
267 783 99 19 Auckland

78 807 59 21 it.A.
143 809 93 18 £>awson,
245 807 89 18 Dunedin

76 834 27 17 G.
110 833 68 20 Bruce,
188 831 100 19 Auckland

78 857 25 16 G.
110 856 23 17 J?.
141 856 85 20 Mellars,
236 855 58 22 junr.,
303 854 88 17 Waikato

78 880 22 17 F.
108 880 72 22 Hoyes,
195 878 98 18 Auckland

46 905 44 16 iter.
99 903 52 17 Jolin
159 903 22 17 B.
191 903 113 17 Brunesson,
317 900 81 17 London

45 926 96 19 Professor
148 925 23 18 F.
180 926 25 17 D.
214 926 75 19 Brown,
298 923 100 18 Auckland

37 951 107 22 Tauraaga
152 948 88 19 Football
247 948 57 18 Team
379 947 100 20 Tauranga

158 990 54 23 The
223 988 139 30 Langham.

46 1025 38 16 Mrs
91 1023 19 17 J.
120 1023 23 17 A.
152 1022 78 19 Wilson,
240 1021 75 21 Sydney

78 1046 95 19 Kodbard,
183 1044 89 21 England

45 1071 30 16 Mr
82 1069 38 18 and
128 1069 41 17 Mrs
176 1068 76 18 Swales,
263 1065 104 19 Auckland.

77 1093 54 19 Jack,
141 1093 47 17 New
197 1090 60 18 South
265 1089 63 18 Wales

77 1116 134 18 MacPherson,
221 1113 100 18 Auckland

77 1140 67 21 Keyes,
155 1136 98 19 Auckland

74 1163 72 20 -Smith,
157 1159 99 21 Auckland

73 1187 77 19 Garter,
160 1183 99 20 Auckland

77 1209 80 23 Speedy,
171 1209 52 16 Hutt

78 1230 102 22 E.'Evans,
190 1230 116 22 Wellington

78 1257 24 17 E.
111 1256 29 17 W.
149 1255 105 18 Christinas
263 1252 60 18 South
332 1250 96 19 Australia

81 1280 27 17 H.
117 1280 26 16 H.
153 1278 85 22 Phillips,
248 1275 90 23 England

157 1317 114 23 Rotorua
285 1315 86 23 Hotel.

44 1349 78 18 Colonel
129 1348 87 19 Roberts,
226 1345 100 23 Tauranga

43 1373 93 22 Sergeant
144 1371 65 17 Webb,
219 1369 38 18 and
263 1370 10 16 9
282 1374 43 11 men
334 1368 24 17 JJ.
369 1368 20 17 Z.
399 1368 23 17 A.

45 1397 28 16 Mr
82 1395 28 18 W.
120 1395 63 21 Kelly,
193 1392 49 19 M.H
290 1390 100 19 Auckland

78 1420 22 16 A.
110 1418 106 18 H.Wilson,
235 1413 4 23 '
247 1415 73 20 Times,'
343 1413 134 19 Christcliurch

77 1441 85 22 Phillips,
171 1437 137 21 Christcliurch

77 1465 76 19 Mehan,
162 1462 107 23 Wanganui

75 1484 59 24 ftove,
144 1484 120 23 Queensland

73 1512 21 17 J.
103 1510 110 22 Cavauagh,
223 1507 141 22 Nganiawaliia

76 1535 113 18 Dickenson,
200 1531 111 22 Cambridge

75 1557 82 20 Walker,
167 1554 100 20 Auckland

75 1579 102 20 llobinson,
191 1579 80 17 Galatea

76 1604 72 19 Butler,
158 1601 99 19 Auckland

75 1627 59 21 Biere,
144 1625 100 19 Auckland

97 1685 65 44 H.
214 1682 200 49 KOHN,

41 1744 251 24 MANUFACTURING
311 1742 162 24 JEWELLER,

151 1780 90 26 dueen
265 1780 93 27 Street,

198 1820 121 18 Auckland.

39 1879 43 15 AND
105 1872 27 24 B.
148 1869 170 26 PETERSON

151 1911 77 20 HIGH
246 1901 108 35 SIREf*
377 1910 9 7 '
388 1897 33 16 co
424 1904 13 14 ''

319 1929 55 26 tiST,

188 1976 32 14 jl<
221 1978 137 18 :.vlstchurCh.

65 2016 29 15 rj«.

86 2055 13 7 x
101 2048 27 14 ae
136 2041 77 24 largest
227 2038 40 20 and
284 2039 52 17 most
351 2036 63 19 select
433 2032 55 21 stock

57 2069 23 19 uf
89 2067 104 27 jewellery
203 2065 55 25 k*»pt.

217 2328 56 20 ASK
288 2327 55 19 FOR

65 2376 418 55 HANCOCKS

190 2451 184 23 CELEBRATED

245 2505 86 32 xxxx

179 2561 212 52 ALES,

201 2631 58 14 MADE
267 2629 55 15 I'UOM.
331 2628 42 15 TUB

69 2676 118 35 FINEST
211 2673 88 34 MALT
322 2673 63 32 AND
403 2669 85 33 HOPS

111 2772 53 15 FREE
176 2771 55 14 FROM
243 2770 39 14 ALL
296 2765 127 18 AXTIS.'tItCS
436 2766 26 13 OR

179 2807 139 15 DELETERIOUS
336 2806 64 13 ACIDS.

73 2870 141 34 CAPTAIN
235 2869 83 33 COOK
336 2866 152 34 BREWERY

182 2926 193 21 NEWMARKET.

167 2987 249 47 NOTICE.

85 3069 196 36 FRANKTON
305 3066 207 35 JUNCTION

247 3111 114 33 HOTEL.

82 3170 205 50 PASSENGERS
301 3171 30 23 by
345 3169 55 20 train
414 3172 20 15 to
450 3166 52 20 Auck-

273 3196 56 19 land.

130 3220 6 11 V.

82 3249 73 20 Trains
177 3249 44 23 stop
240 3248 76 22 twenty
336 3245 89 19 minutes
444 3245 20 17 at
483 3241 35 21 the

129 3273 107 20 Frankton
244 3270 98 21 Junction
351 3271 32 19 for
393 3270 79 18 dinner.

85 3325 14 9 r
111 3324 44 19 The
177 3320 138 26 undersigned
342 3320 39 19 has
411 3317 109 20 first-class

85 3348 67 22 Meals
164 3348 62 25 ready
236 3347 41 19 and
286 3346 72 19 served
367 3351 26 13 on
409 3344 75 19 arrival
500 3343 21 18 of

85 3376 30 20 all
125 3375 70 19 trains,
201 3382 6 11 r

89 3422 219 47 William
320 3417 200 55 Geatch,

98 3502 7 4 '
144 3499 322 28 PROPRIETOR-

92 3570 146 24 Hancock's
247 3567 98 24 XXXX
354 3566 63 23 Ales
425 3565 99 28 always

223 3602 34 15 on
268 3593 126 29 Draught.

96 3695 155 47 J3AINTER,
269 3692 119 21 PAPERS
389 3690 107 23 ANGER,
513 3690 11 17 &

217 3746 66 22 SIGN
285 3744 126 24 WRITER,

264 3798 109 20 Rotorua.

238 3854 29 31 F.
287 3848 160 35 PEATSQN,

207 3918 11 9 =
230 3912 167 25 FRUITERER,

109 3951 13 4 ~
132 3953 56 20 Next
195 3950 102 22 (Saddler's
307 3949 57 25 shop,
376 3944 131 23 Ohinemutu,

105 3991 45 21 Has
160 3991 71 23 always
244 3996 10 12 a
263 3987 53 26 good
338 3984 76 26 supply
431 3981 21 20 of
472 3979 52 21 Fresl

159 4029 7 12 k
177 4015 64 23 Fruit,
250 4014 51 19 both
311 4013 51 19 local
372 4010 39 19 and
421 4015 24 13 im-

231 4040 72 25 ported
312 4045 26 13 on
348 4036 70 29 band.,

294 4066 57 19 Also

106 4097 20 20 -A
134 4090 146 26 well-aßSorted
289 4090 57 20 stock
354 4089 22 20 of
382 4086 96 23 Biscuits,
486 4085 38 19 Con

143 4120 114 23 fectionery
268 4116 40 20 and
317 4117 91 18 Summer
418 4111 83 24 Drinks,
508 4111 4 32 j
516 4111 4 32 >

184 4146 30 20 illll
221 4148 22 16 Bt
251 4148 118 15 ItODEBATI*
379 4145 84 16 ?RICEB.
478 4140 8 23 \

1155 126 59 19 THE

980 154 74 37 'HOT
1068 158 102 32 LAKES
1188 158 186 34 CHRONICLE
1392 160 6 11 '

1054 263 150 17 PUBLISHED
1221 264 88 18 EVERY

1019 301 163 19 'EDNESDAY
1221 302 178 22 AFTERNOON.

1013 411 86 19 TERMS
1112 412 33 17 OF
1159 413 185 21 ADVERTISING:

963 445 66 17 Casual
1039 446 166 21 Advertisements,
1216 449 19 16 2s
1244 448 23 17 Oil
1279 455 34 17 per
1327 450 44 18 inch
1385 451 16 17 if

985 468 44 22 paid
1038 471 20 14 at
1069 469 33 17 the
1115 469 46 17 time
1174 471 20 16 of
1207 470 101 24 ordering;
1330 475 20 16 :5s
1367 480 33 16 per

985 491 43 17 inch
1037 492 15 16 if
1060 492 80 17 booked.

962 518 57 17 Short
1028 518 160 19 Advertisements
1202 522 20 16 of
1235 521 35 19 hot
1284 529 52 11 more
1352 524 47 17 than

985 541 52 17 three
1058 541 47 18 lines
1125 543 60 18 under
1209 545 33 17 the
1266 546 93 23 headings
1380 548 20 16 of

1136 566 37 17 For
1254 574 21 11 or
1304 569 27 17 To

985 587 38 17 will
1032 588 22 16 be
1063 588 82 18 inserted
1150 592 21 15 at
1179 591 32 16 the
1220 594 40 14 rate
1265 593 21 15 of
1293 592 18 17 Is
1318 593 46 17 each
1370 594 30 16 for

984 610 41 17 first
1039 611 52 18 three
1108 613 105 19 insertions,
1231 615 37 17 and
1284 614 116 25 subsequent

984 634 100 18 insertions
1092 637 21 16 at
1121 635 41 18 half
1174 637 56 22 price,
1246 638 15 16 if
1273 638 46 22 paid
1333 639 29 17 for
1378 641 21 16 at

984 657 32 17 the
1025 658 45 17 time
1079 659 20 16 of
1108 659 94 23 ordering.

960 688 95 24 Standing
1061 689 161 19 Advertisements
1228 692 28 16 for
1262 692 52 17 three
1321 694 77 17 months

983 717 22 12 or
1018 712 68 23 longer
1100 714 47 17 with
1160 715 53 22 right
1226 715 20 17 of
1259 715 101 19 alteration
1379 719 19 15 at

983 736 63 17 stated
1054 736 80 23 periods,
1145 743 33 11 can
1192 738 22 17 be
1229 739 93 22 arranged
1336 740 30 17 for
1378 742 20 15 at

983 764 12 11 a
1003 759 65 18 liberal
1077 762 46 15 rate.

1080 821 197 23 SUBSCRIPTION:

960 853 39 18 Ten
1007 854 91 24 Shillings
1107 862 33 16 per
1148 862 70 12 annum
1233 858 82 23 payable
1329 860 19 17 in
1363 860 23 17 ad-

1007 883 64 12 vance.
1096 878 73 18 Twelve
1175 880 88 23 shillings
1269 881 79 19 booked.

979 910 64 23 Agent
1051 911 30 17 for
1089 911 47 17 New
1151 912 148 24 Township—R.
1309 915 66 18 Wake.

961 968 209 26 STATIONERY
1184 972 212 27 STATIONERY

970 1035 62 20 JUST
1044 1038 116 18 ARRIVED
1170 1041 32 16 AT
1210 1040 53 19 THE
1272 1042 96 18 CHRONI-

1096 1065 49 18 CLE
1159 1067 99 19 OFFICE.

959 1129 99 44 17HRST
1070 1130 188 21 CONSIGNMENT
1269 1135 20 17 of
1298 1135 97 19 Couimer-
1404 1126 1 47 |

1024 1154 35 17 cial
1077 1155 38 16 and
1132 1155 79 19 General
1228 1157 109 25 Stationery
1353 1166 44 11 now
1404 1154 1 31 j

1049 1178 72 22 opened
1131 1184 31 17 up,
1172 1180 104 24 consisting
1284 1182 20 17 of

960 1204 83 23 Boxes
1051 1205 67 23 Note
1126 1206 82 30 Paper
1216 1208 21 22 &
1246 1208 147 31 Envelopes

959 1234 132 31 Drawing,
1103 1236 130 29 Exercise,
1243 1239 84 24 Memo
1345 1242 50 22 and

1011 1262 120 23 Account
1142 1263 94 29 Books,

959 1293 119 28 Ledgers,
1103 1294 130 30 Journals,
1261 1296 58 27 Dav
1330 1319 5 4 .
1348 1304 9 4 ~
1390 1310 11 11 j

1012 1321 67 24 Cash
1089 1321 94 28 Books,
1267 1310 3 39 .
1284 1319 44 22 j-V
1353 1310 51 22 and

959 1355 98 25 Official
1066 1357 130 23 Envolon'
1280 1370 14 20 d
1313 1370 61 20 Wra
1378 1376 14 6 «

1010 1389 64 23 ping
1084 1383 96 30 Papers*
1244 1375 51 17 dna
1317 1375 60 18 Wra
1378 1376 16 23 P

1082 1424 12 16 ®
1099 1425 23 37 T
1123 1429 94 30 siting
1223 1430 66 23 Inks
1293 1430 36 24 all
1338 1431 67 23 sizes

959 1451 118 23 SloUmtr
1098 1460 20 23 p
1120 1465 69 24 aper>
1209 1460 126 24 Business
1354 1462 51 22 and

1029 1498 10 12 *
1046 1486 94 30 isiting
1150 1486 85 26 Cards,

969 1523 77 26 x*ens,
1058 1520 111 23 Pencils.
1185 1519 91 28 Slateß,
1289 1518 74 29 Gum,

1049 1551 53 27 &c,
1159 1549 51 28 &c.,
1268 1550 42 22 &c.

659 124 50 17 FOR
722 124 70 17 SALE.

510 169 205 19 OECOND-CLASS
737 171 73 15 Return
834 169 65 17 Ticket
923 170 19 16 to

564 193 104 18 Auckland.
690 193 63 22 Apply
759 193 21 16 at
788 193 32 17 tlie
826 192 117 18 Ciiroxicle

641 264 161 19 NOTICE.

524 315 10 14 1
551 312 36 17 NY
592 311 102 19 PERSON
701 311 60 18 found
769 309 116 23 trespassing
893 310 48 17 with

527 329 16 23 V
573 336 39 22 dog
620 341 22 11 or
650 341 41 16 gun
699 341 25 10 on
735 339 38 17 any
785 333 76 23 portion
874 332 20 18 of
908 333 33 17 the

506 359 46 17 N.Z.
572 359 80 17 Thames
668 357 68 23 Valley
757 356 54 18 Land
828 357 113 21 Company's

505 381 66 18 Estate
579 382 39 17 will
626 382 24 16 bo
658 380 118 24 prosecuted.

640 404 77 17 MARK
728 402 142 20 HARRISON,

818 425 99 20 Manager.

584 482 21 23 S.
637 480 221 25 HOWARD.

619 544 93 20 COMET
726 543 94 20 STORE.

508 600 94 47 NEW
622 600 89 20 STOCK
732 600 22 19 of
779 599 94 25 Drapery
897 599 41 19 and

581 627 98 24 Clothing
688 633 44 12 now
741 625 89 26 opening
845 625 21 18 in
878 631 61 18 every

504 654 132 26 department,
648 656 21 16 at
679 652 70 20 lowest
763 651 55 25 price
833 651 33 19 for
882 651 55 19 cash.

576 688 115 19 Tailoring
706 692 13 13 a
733 686 128 19 Speciality!

530 720 68 19 Grand
608 725 63 18 range
681 719 22 17 of
708 718 42 19 this
756 717 89 19 season's
853 717 82 19 tweeds.

504 746 44 25 Any
557 745 69 19 article
637 746 35 17 not
683 745 22 18 in
721 743 63 24 stock,
802 743 99 26 procured
917 745 21 17 at

504 771 106 20 Auckland
618 771 71 25 prices.

638 828 161 25 ROTORXJA,

689 881 59 20 THE

504 910 428 87 Langham.

525 1006 47 22 (One
579 1006 88 17 minute's
676 1005 50 17 walk
735 1006 48 16 from
792 1005 31 17 the
829 1006 84 16 Govern->

652 1030 54 15 mcnt
714 1028 75 23 Baths.)

619 1075 61 23 T0-
686 1076 107 22 RMS
802 1082 6 15 :

528 1110 44 23 35s
581 1117 44 23 per
644 1110 88 28 week;
752 1110 28 22 6s
796 1115 46 23 per
850 1108 58 30 day.

527 1145 60 22 Two
598 1141 89 27 weeks
697 1151 28 16 or
735 1144 99 28 longer,
853 1143 55 23 30s.

536 1195 27 31 C.
595 1194 136 31 HAWKER
759 1191 141 39 WILSON,

625 1234 188 20 PROPRIETOR.

631 1287 64 23 FOR
713 1287 89 24 SALE.

504 1340 128 33 rpOTARA
637 1339 96 21 HOUSE
739 1339 114 21 BLOCKS.
859 1340 75 19 Stiftin.

507 1361 24 22 X
565 1373 39 19 firs,
617 1366 40 19 and
667 1366 137 19 Government
816 1366 40 19 size
868 1366 66 22 Posts,

504 1393 17 19 in
532 1399 40 18 any
582 1392 102 25 quantity,
696 1392 102 19 delivered
808 1394 20 17 to
839 1399 39 17 any
888 1395 46 22 part

504 1420 18 17 of
531 1419 33 18 the
574 1418 84 20 district.
661 1418 95 26 —Apply
770 1421 22 16 at
801 1418 35 19 the
847 1418 87 19 Auction

504 1445 56 20 Mart,

683 1470 20 19 J.
721 1470 28 19 n.
762 1470 120 19 TAYLOR.

504 1495 2 24 .
899 1495 44 24 4V

526 1524 174 23 WYNYARD
713 1524 22 23 &
743 1520 153 27 PURCHAS
904 1519 18 30 |,

561 1560 130 19 Barristers
698 1565 42 13 and
752 1559 107 19 Solicitor
902 1555 15 11 *'

504 1590 77 25 Temple
587 1590 119 23 Chambers,

504 1646 77 44 WE
593 1648 52 19 have
655 1655 46 12 mor
709 1651 6 17 I
750 1648 21 4 ~
821 1662 5 9 ,
884 1661 22 10 ir
932 1663 6 8 i

589 1681 53 17 gage
652 1671 89 22 of*
751 1667 20 15 t0
790 1669 10 12 ®
802 1662 26 19 nd
840 1668 26 30 T
875 1687 9 11 T
884 1661 55 18 Mort

504 1699 42 20 liold
557 1704 78 21 proper'
703 1689 100 21 freehold
819 1688 40 19 and
875 1687 61 19 Lease-

645 1724 20 12 lY
675 1719 21 17 at
708 1719 81 17 current
799 1719 61 14 rates.

585 1735 50 22 aT
927 1750 17 4 -

825 1797 122 45 Bros

658 1877 146 23 BREWERS,

592 1910 110 21 ALBERT
717 1909 151 24 BREWERY,

536 1953 219 23 QUEEN-STREET,
769 1950 160 21 AUCKLAND

538 2017 65 17 WINE
617 2015 49 17 AND
679 2015 79 16 SPIRIT
772 2012 155 20 MERCHANTS,

559 2043 123 17 BOTTLERS
694 2042 51 16 AND
761 2039 145 21 IMPORTERS,

602 2072 27 19 13,
642 2074 134 14 uoKEN-sTuutr

609 2122 51 12 rnl/K
672 2121 59 12 MKIJAX
742 2121 35 11 AND
789 2120 70 11 AWAIIDB

519 2156 24 15 At
550 2154 28 17 the
592 2154 90 16 following
699 2150 112 18 Exhibitions
826 2150 27 15 for
863 2154 31 11 out
903 2149 38 16 well-

612 2176 62 15 known
688 2173 44 16 Bulk
741 2172 34 16 and
784 2171 68 16 Bottled

632 2200 47 17 ALE
692 2199 50 16 AND
753 2197 86 17 STOUT:

519 2232 69 21 Sydney
596 2229 126 18 International
731 2227 108 19 Exhibition,
849 2227 48 17 1879.

520 2254 99 16 Melbourne
629 2250 127 17 International
762 2249 109 18 Exhibition,
880 2248 70 15 1880-81

520 2276 42 15 New
569 2272 73 18 Zealand
651 2270 205 19 Indust-rialExhibition,
862 2269 78 21 Welling-

563 2299 36 15 ton,
610 2295 47 16 1883.
884 2310 5 6 t

520 2318 44 16 New
582 2315 76 18 Zealand
672 2315 33 15 and
720 2315 54 15 South
786 2313 41 17 Seas
843 2312 109 16 Exhibition.

564 2337 87 18 Dunedin.
663 2337 78 15 188!1-9Q.

522 2361 21 16 In
552 2360 75 16 addition
636 2361 17 14 to
664 2358 53 15 above
726 2357 42 16 have
786 2356 42 15 been
842 2355 79 16 awarded
935 2356 18 14 at

564 2380 104 17 Tasinanian
700 2378 109 19 Exhibition,
836 2376 117 20 Launcoston,

566 2403 79 15 1891-92.

608 2426 58 18 FIVE
677 2425 70 18 FIRST
764 2424 104 17 AWARDS

725 2457 32 11 FOR

524 2481 66 17 BULK
602 2479 110 18 BOTTLED
726 2478 59 17 ALES
802 2477 51 16 AND
871 2476 78 16 STOUT

720 2514 48 19 Also,

612 2542 251 36 CHAMPIONSHIP

553 2594 65 23 Gold
630 2592 87 23 Medal
727 2591 28 24 of
766 2589 166 24 Australasia

633 2627 72 12 AGAINST
716 2626 98 12 ALLCOMERS
825 2625 30 11 FOE

527 2651 89 24 BULK
630 2650 69 23 AND
720 2648 145 24 BOTTLED
880 2646 65 25 ALE

621 2715 73 20 HaviDg
702 2720 10 10 a
719 2714 15 16 L
739 2719 38 15 ir?e
785 2713 51 16 Stock
844 2713 18 15 of

640 2745 49 16 ALE
701 2744 51 16 AND
764 2743 83 20 STOUT,

531 2778 68 16 Bottled
605 2777 18 16 in
631 2778 52 19 quart
692 2776 34 16 and
741 2775 38 21 pint
792 2774 67 17 battie*.
876 2773 83 21 «p9cially

531 2799 66 16 brewed
604 2799 28 15 for
639 2799 29 15 the
677 2802 73 11 summer
759 2796 54 17 trade,
824 2795 55 16 which
887 2800 28 10 are
922 2800 39 10 now

531 2820 104 21 thoroughly
642 2818 85 18 matured,
739 2823 33 10 can
785 2817 43 15 with
842 2822 51 14 every
906 2817 45 15 confi-

531 2843 50 15 dence
593 2840 107 17 recommend
715 2845 46 10 same
777 2841 17 13 to
808 2843 118 10 connoisseur*
940 2843 19 10 as

531 2863 61 16 second
599 2865 18 14 to
625 2867 45 11 none
679 2862 17 15 in
706 2861 29 16 the
743 2860 72 20 Colony.

558 2911 20 19 N
579 2916 37 13 ote
619 2906 67 27 .—Mr
704 2907 107 26 Wynyard
838 2907 16 18 is
876 2912 45 13 now
945 2906 21 19 in

533 2937 91 19 Rotorua
642 2935 41 19 and
698 2941 47 18 may
769 2933 24 19 be
817 2932 105 20 consulted
948 2935 18 16 at

534 2963 55 19 Lake
600 2962 64 20 View.

703 3022 101 19 NOTICE.

552 3073 12 15 A
593 3071 95 19 SELECT
700 3069 88 17 DANCE
801 3067 39 18 will
852 3068 24 17 ho
889 3067 44 18 held
948 3073 18 11 oi

538 3086 44 30 J\_
605 3094 70 22 Friday
684 3093 82 21 evening
774 3093 46 16 next
828 3092 20 16 in
861 3092 33 16 the
908 3090 47 18 Puke-

538 3125 32 12 roa
578 3118 53 18 Hall.

607 3147 120 16 Admission,
741 3143 65 20 Gents,
816 3142 26 17 2s.

689 3166 69 18 Ladies
769 3166 52 16 Free.

597 3197 64 16 Dance
670 3196 20 16 to
706 3198 105 13 commence
822 3194 20 15 at
851 3193 9 15 8
869 3198 46 16 p.m.

632 3217 142 19 Refreshments
785 3215 95 23 provided.

776 3248 23 16 A.
812 3246 94 20 BRADY,

853 3270 50 17 Hon.
913 3269 40 18 Sec.

583 3419 85 19 District
675 3417 60 19 Land
744 3417 41 19 and
795 3417 78 23 Survey
883 3415 67 19 Office.

703 3442 114 24 Auckland,
830 3441 50 25 May
892 3442 16 22 7,
921 3441 59 19 1895.

548 3475 42 46 IT
600 3475 18 18 is
627 3474 76 25 hereby
713 3473 84 20 notified
806 3473 45 19 that
863 3472 35 18 the
916 3471 64 19 Lease

601 3502 32 18 for
656 3501 35 19 the
712 3502 52 17 term
785 3497 94 27 specified
901 3497 21 19 of
946 3497 34 19 the

548 3526 180 20 undermentioned
745 3525 88 19 Reserve
853 3523 41 20 will
909 3523 25 19 be
951 3523 20 19 of-

548 3553 56 19 fered
614 3555 21 17 at
645 3552 73 19 Public
727 3551 88 19 Auction
829 3553 21 16 at
868 3549 35 19 the
923 3548 58 20 Land

549 3579 66 21 Office,
630 3579 116 24 Tauranga,
757 3583 26 12 on
793 3574 187 24 WEDNESDAY,

550 3605 34 19 the
594 3605 36 18 sth
640 3604 39 24 day
689 3604 21 19 of
720 3603 56 19 June
786 3609 64 19 prox.,
861 3604 21 16 at
894 3603 21 17 11
934 3607 47 13 a.m.

576 3634 120 19 MAKETU
706 3633 49 19 S.D.
766 3633 118 24 (Tauranga
893 3631 88 24 County)

603 3660 91 18 —Block
708 3660 30 23 11,
756 3659 79 19 Section
854 3660 39 17 22a
901 3665 5 16 ;
928 3663 54 17 area,

605 3687 122 23 26a1r20p.
755 3685 67 22 Upset
828 3684 77 18 annual
910 3682 72 24 rental,

605 3713 35 19 £5.
670 3711 85 25 Subject
773 3714 20 16 to
812 3710 55 20 £350
886 3710 32 18 for

605 3738 49 20 mill.

579 3792 60 18 Term
651 3789 21 20 of
687 3789 70 23 Lease,
775 3789 22 17 14
816 3794 65 18 years,
900 3787 86 19 without

554 3817 55 25 right
620 3817 20 18 of
655 3814 93 20 renewal.
785 3814 33 19 No
835 3812 151 26 compensation

555 3844 31 18 for
602 3843 160 24 Improvements
778 3840 75 24 during
872 3839 64 18 either
952 3838 36 19 the

555 3874 95 18 currency
660 3874 22 13 or
692 3869 21 17 at
722 3867 35 18 the
767 3865 130 20 termination
913 3865 21 18 of
953 3864 35 19 the

557 3895 59 18 lease.
651 3894 55 19 Rent
721 3892 88 26 payable
825 3890 123 25 half-yearly
967 3890 22 18 in

557 3920 95 19 advance.

618 3944 137 20 GERHARD
768 3942 142 24 MUELLER,

649 3971 155 18 Commissioner
811 3969 71 19 Crown
889 3968 74 20 Lands.

616 4047 64 17 Office.
681 4047 87 21 —Apply
776 4045 29 17 W.
815 4045 87 17 Seddok.

562 4087 148 44 WANTED
731 4087 33 17 AT
787 4085 74 19 ONCE.
903 4086 16 16 A
940 4084 53 18 Good

647 4109 58 21 Cook,
716 4111 51 16 must
771 4109 24 17 he
801 4109 41 17 able
849 4109 20 17 to
874 4108 105 22 bake.—Ap-

559 4135 34 23 ply
601 4134 78 19 Steele
687 4134 115 17 Brothers.

2039 3153 33 17 EE
2084 3153 35 17 ON
2133 3153 89 17 GUAM)

2043 3175 110 18 AGAINST
2169 3177 52 16 THE

1915 3200 124 18 VILE.AND
2049 3198 139 19 INJURIOUS
2198 3200 153 17 IMITATIONS

2118 3222 34 18 OF

2021 3245 135 19 CLEMENTS
2168 3245 78 18 TONIC

1963 3269 65 18 SOLD
2041 3269 35 17 BY
2090 3268 76 17 MANY
2180 3267 124 20 DEALERS.

1952 3292 136 19 CLEMENTS
2114 3292 77 17 TONIC
2216 3293 23 16 IS
2265 3293 52 16 THE

2031 3315 67 19 BEST,
2112 3314 128 18 ORIGINAL

1996 3339 53 17 AND
2062 3337 71 18 ONLY
2149 3338 125 18 GENUINE.

1942 3386 59 17 Don't
2009 3385 23 17 In;
2041 3382 87 19 deceived
2137 3389 20 12 or
2162 3384 67 18 misled
2233 3385 42 17 into
2281 3385 75 22 buying

1917 3415 39 16 itny
1966 3409 59 18 other,
2035 3414 21 11 or
2063 3413 48 16 your
2119 3407 59 22 pains,
2189 3408 45 17 time
2243 3408 38 17 and
2288 3413 67 16 money

1919 3439 31 11 ure
1959 3433 45 21 only
2012 3431 74 17 thrown
2095 3436 60 16 away.

2025 3476 136 19 CLEMENTS
2174 3477 77 18 TONIC

1936 3500 156 19 POSITIVELY
2105 3499 82 18 CURES
2200 3501 50 17 ALL
2262 3500 78 18 CASES

2043 3523 107 17 ARISING
2162 3523 72 18 FROM

1950 3546 119 19 AN/EMIA,
2083 3546 80 17 LIVER
2176 3546 152 18 COMPLAINT

2015 3569 55 17 AND
2087 3569 177 19 INDIGESTION.

1919 3618 35 16 Mr
1974 3617 18 16 J.
2011 3616 25 17 H.
2054 3615 60 18 Firth,
2180 3615 178 23 Coiirtcnay-placc,

1924 3640 121 21 Wellington,
2056 3638 47 17 New
2112 3638 88 19 Zealand,
2212 3639 41 16 who
2264 3639 62 16 writes
2336 3643 24 12 oil

1923 3663 47 22 July
1980 3662 49 18 16th,
2041 3662 43 16 1894
2092 3661 4 24 :
2123 3662 7 16 T
2140 3661 35 17 feel
2183 3661 87 22 pleasure
2276 3662 19 16 in
2305 3661 44 17 send-

1923 3687 34 22 ing
1966 3691 38 17 you
2020 3685 32 17 the
2067 3684 98 22 following
2178 3686 102 16 statement
2293 3685 20 16 of
2329 3684 31 17 the

1924 3709 51 23 good
1983 3709 11 17 I
1999 3708 76 17 derived
2081 3708 49 17 from
2137 3708 154 22 usingClemeiiis
2297 3707 63 17 Tonic.

1925 3733 38 16 For
1971 3733 35 16 five
2016 3731 75 17 months
2101 3731 8 16 I
2124 3730 48 17 have
2189 3730 80 18 sutfeicd
2286 3737 11 10 a
2313 3732 47 15 most

1925 3755 77 18 terrible
2010 3755 44 21 pain
2062 3755 19 15 in
2091 3754 32 16 the
2137 3753 54 21 head,
2207 3754 38 17 and
2259 3753 55 17 could
2328 3753 22 17 ob-

1926 3779 40 17 tain
1979 3784 25 11 no
2017 3777 59 20 relief,
2093 3777 92 21 although
2201 3777 10 17 I
2228 3777 45 17 took
2290 3777 37 16 lots
2344 3777 16 16 of

1926 3801 97 18 medicine.
2048 3800 40 17 The
2103 3800 75 17 doctors
2194 3800 41 17 told
2253 3806 30 11 me
2299 3800 10 16 I
2326 3799 34 17 had

1926 3824 115 18 rheumatics
2049 3823 20 17 in
2078 3822 32 18 the
2125 3822 54 18 head.
2211 3823 106 22 Obtaining
2330 3824 30 15 not

1927 3848 32 17 the
1968 3847 88 22 slightest
2064 3845 71 19 benefit
2143 3846 48 16 from
2199 3846 140 22 prescriptions,
2355 3845 5 17 I

1926 3871 39 17 lost
1973 3870 49 18 faith
2030 3870 20 17 in
2059 3869 93 17 medicine
2158 3869 20 17 of
2192 3875 37 15 any
2242 3869 52 18 kind,
2309 3868 51 19 until,

1928 3895 50 16 most
1985 3892 85 23 happily,
2079 3899 12 10 a
2099 3891 67 20 friend,
2176 3892 32 17 Mr
2220 3892 17 17 L
2286 3891 4 24 ,
2306 3891 54 22 urged

1928 3923 30 11 me
1966 3918 21 16 to
1996 3916 42 21 give
2047 3922 11 10 a
2066 3915 44 17 trial
2119 3917 19 15 to
2150 3915 94 17 Clements
2258 3915 64 16 Tonic.
2357 3915 3 22 I

1928 3946 40 11 was
1980 3939 95 17 reluctant,
2090 3939 20 16 to
2124 3937 24 18 do
2163 3944 26 14 so,
2206 3939 36 16 but
2259 3937 101 22 ultimately

1929 3963 75 22 bought
2013 3969 11 10 a
2032 3962 66 17 bottle,
2108 3961 39 16 and
2154 3967 38 11 was
2202 3967 20 11 so
2230 3960 77 23 pleased
2321 3960 39 17 with

1929 3986 33 17 the
1971 3986 59 17 residt
2038 3985 42 17 that
2089 3984 9 17 I
2108 3982 102 20 continued
2217 3985 20 16 to
2246 3989 33 11 use
2288 3984 15 16 it
2310 3989 40 16 regu-

1929 4009 55 22 larly,
1994 4008 38 16 and
2041 4008 49 16 after
2097 4007 57 22 using
2162 4007 28 17 six
2198 4007 71 17 bottles
2280 4007 10 16 I
2304 4012 30 11 am
2349 4005 11 17 in

1930 4038 46 16 very
1985 4031 49 23 good
2039 4030 71 17 health.
2125 4030 9 16 I
2141 4030 70 22 always
2220 4030 47 22 keep
2274 4029 86 18 dementi

1930 4055 64 20 Tonic,
2016 4053 38 18 and
2074 4054 10 15 I
2104 4052 40 17 find
2163 4053 16 16 it
2199 4059 12 11 a
2232 4052 51 23 good
2304 4052 56 21 familj

1931 4076 119 23 remedy.—l
2058 4082 38 14 am,
2105 4082 56 15 yours
2170 4076 128 23 respectfully,
2309 4075 19 17 <T.
2344 4075 16 16 H

1932 4101 61 17 Firth.
2014 4101 23 16 45
2058 4098 166 23 Courtney-place,

1931 4124 48 17 New
1988 4122 88 19 Zealand.

1951 4214 46 38 X
2022 4212 113 39 Ales
2161 4224 28 26 a
