3290 4320
105 101 83 28 DOWN
201 105 32 21 IN
247 102 161 21 PATAGONIA.

44 154 18 31 fH
72 162 53 20 Most
134 159 70 27 people
216 157 45 19 tako
280 157 53 18 their
346 155 124 26 impressions

44 177 25 34 lle
76 186 110 25 Patagonia
204 185 52 17 from
269 183 53 18 their
340 181 66 19 school
427 187 33 18 geo-

44 208 84 31 graphy.
149 211 69 25 people
237 210 16 18 it
262 209 49 19 with
325 208 49 24 long
386 213 46 13 men
451 205 19 18 in

44 240 55 21 •short
111 238 78 22 clothes,
205 236 65 18 invest
280 235 14 18 it
303 234 49 20 with
360 240 11 12 a
379 233 91 23 vigorous

44 266 41 21 -and
94 265 90 24 rigorous
202 262 79 19 climate
291 267 22 13 or
323 258 110 21 collections
451 256 19 18 of

44 289 86 27 Skmples
144 287 84 24 thereof,
247 287 63 20 throw
329 286 20 19 in
362 285 59 18 Terra
440 281 30 19 del

44 307 70 34 ifuego
124 321 21 13 as
155 321 12 12 a
180 314 92 19 dreadful
283 307 96 34 example,,
389 308 39 19 and
437 309 33 23 top

44 342 18 21 it
72 343 27 19 off
107 341 48 20 with
170 340 54 26 Cape
238 340 64 19 Horn.
330 336 81 23 Having
421 334 49 18 done

44 359 28 31 'ijll
82 368 40 19 this
131 367 48 25 they
189 366 25 19 do
224 368 35 17 not
268 371 43 13 care
320 366 20 15 to
350 362 58 18 know
418 365 52 13 more

44 395 63 21 about
116 393 40 19 this
176 394 57 24 great
249 392 44 18 loan
303 388 52 20 land.
382 385 46 20 And
438 387 32 22 yet

44 421 17 20 it
79 420 17 19 is
113 418 80 26 rapidly
206 417 104 23 becoming
328 421 11 12 a
352 411 118 21 formidable

44 444 52 21 'rival
104 448 21 16 to
144 444 125 20 Australasia
282 442 21 18 in
320 440 34 18 the
364 437 50 20 wool
432 437 37 19 and

44 463 80 30 aiiutton
143 470 56 19 trade
226 469 38 18 :ud
273 468 22 22 is,
306 466 21 18 of
343 470 75 16 course,
429 465 20 17 to
459 469 10 12 a

44 493 60 29 Huge.
120 498 69 18 extent
202 504 29 17 pr
255 493 46 19 'ssed
321 491 27 24 by
361 489 108 20 Scotsmen,

44 515 116 34 fratagoma
168 522 90 24 isbigger
267 519 48 18 than
324 517 50 18 New
382 515 86 19 Zealand

44 550 42 19 -and
96 548 95 25 certainly
201 545 85 21 contains
296 543 31 19 far
343 548 54 13 more
407 541 52 19 utihs-

45 575 47 23 ajjlo
103 575 46 19 land
158 575 47 18 than
219 572 39 18 this
272 569 75 24 colony,
358 567 40 20 and
407 567 16 18 it
433 567 16 18 is
459 573 11 12 a

44 602 43 19 fact
97 603 34 17 not
141 598 99 27 generally
249 595 83 20 realised
340 595 44 18 that
394 594 15 17 it
418 593 17 18 is
444 599 26 12 no

45 623 72 24 Nearer
126 627 34 19 the
167 623 61 21 South
242 621 47 20 Pole
300 621 48 18 than
358 618 112 20 Southland

45 653 24 24 is,
82 653 57 19 while
150 653 10 17 it
177 651 34 17 has
221 655 11 12 a
242 647 63 25 grand
314 646 64 19 break
387 644 50 19 wind
449 644 21 18 in

45 679 36 19 the
98 681 55 23 great
166 670 4 34 1
178 674 95 21 Cordillera
287 679 26 12 on
335 672 25 18 its
385 670 85 19 weather

45 705 30 21 aid
98 693 10 10 C
122 703 62 25 Apart
191 702 53 17 from
252 699 53 19 their
314 699 17 18 is
339 696 52 20 little
400 703 55 12 moun-

46 731 79 19 tainous
143 729 87 22 country.
258 724 41 20 The
317 724 80 19 Buenos
406 722 31 25 Ay
439 728 31 13 res

45 754 104 23 Standard,
162 754 20 18 in
196 759 25 12 an
239 750 68 20 articlo
317 757 26 12 on
358 748 112 20 settlement

44 778 33 30 i(in
94 782 33 17 the
144 785 68 13 course
226 778 21 17 of
258 776 66 19 which
337 776 16 18 it
371 775 16 19 is
405 773 65 20 stated

44 803 43 26 that
99 805 46 20 land
161 811 39 13 was
210 804 61 24 being
281 802 42 20 sold
334 803 20 17 at
364 801 106 24 eight-pence

44 836 37 23 •per
91 832 57 24 acre),
159 837 45 18 says
212 837 5 11 :
234 826 3 33 1
248 829 19 19 It
275 829 17 18 is
299 827 56 26 quite
364 834 11 12 a
385 826 85 20 mistake

44 862 22 17 to
75 863 84 20 suppose
169 856 43 19 that
230 855 33 19 the
280 853 58 20 lands
352 853 20 19 in
387 853 34 19 the
439 853 31 18 far

44 881 64 24 'South
125 889 33 13 are
176 884 34 18 not-
225 880 98 24 infinitely
341 879 90 25 superior
439 879 31 18 for

44 910 107 25 .European
173 908 77 20 settlers
267 906 50 19 than
334 905 58 19 those
409 905 49 18 Para-

44 943 82 19 guayan
136 935 56 19 lands
200 933 61 20 which
271 938 58 13 arcso
336 931 66 19 belled
409 931 61 18 about

44 962 41 20 and
95 961 86 20 extolled
189 961 20 18 in
219 965 58 18 every
285 958 108 24 European
408 962 49 13 news-

44 979 69 36 paper.
141 987 38 19 We
197 986 50 18 have
265 985 41 24 just
320 989 54 13 room
388 985 20 16 to
425 982 45 25 give

44 1018 38 16 [-our
101 1013 78 19 ruaders
198 1012 33 18 the
252 1009 101 25 following
368 1009 55 18 short
437 1015 22 12 cx-

44 1043 50 17 .•tract
110 1041 48 17 from
169 1045 11 12 a
204 1036 133 20 Scotchman's
352 1035 58 19 letter
421 1034 37 26 pub-

44 1066 66 20 lished
133 1066 18 17 in
167 1072 12 11 a
202 1063 80 20 London
296 1068 62 20 paper
376 1061 69 25 giving
459 1067 9 11 a

44 1084 71 33 jwkotch
146 1091 20 18 of
191 1091 33 18 the
259 1094 105 13 numerous
400 1086 69 19 Scotch

44 1109 99 35 jSjstaiicia*
168 1116 38 19 and
230 1116 59 24 sheep
312 1114 60 18 farms
395 1112 74 19 started

66 1138 49 26 iiiiiu
126 1143 33 18 the
169 1142 84 19 last-'lew
270 1146 56 18 years
336 1139 19 18 in
367 1138 32 19 the
412 1138 4 26 I
428 1140 28 16 ata-

44 1170 77 26 fgonian
131 1175 71 18 camps,
219 1167 61 18 about
289 1165 64 18 which
364 1171 47 12 even
422 1164 46 18 here

44 1201 24 13 fm
74 1196 79 19 Buenos
172 1195 63 23 Ayres
253 1199 20 11 so
288 1190 50 19 little
355 1190 16 19 is
390 1190 77 18 known.

45 1218 33 24 An
96 1221 56 18 Oban
176 1220 73 18 farmer
266 1217 65 19 writes
348 1223 21 12 as
391 1216 77 19 follows

44 1248 62 21 about
116 1245 110 25 Patagonia
236 1245 4 25 :

44 1269 11 24 -'
72 1274 12 19 I
102 1275 39 17 met
157 1272 38 19 and
214 1269 106 21 conversed
346 1269 47 19 with
420 1275 47 18 very

45 1306 61 18 many
131 1297 138 27 Highlanders,
305 1295 72 26 mostly
415 1295 50 19 from

44 1326 110 20 Inveeness
162 1324 40 19 and
211 1323 57 19 Ross.
296 1322 54 25 They
369 1321 98 26 appeared

44 1354 24 19 .to
78 1352 25 19 bo
111 1352 65 24 happy
183 1350 39 19 and
232 1349 60 24 doing
299 1347 47 24 well,
359 1348 38 18 and
408 1349 11 17 I
436 1354 30 12 am

45 1378 48 26 glad
115 1380 20 17 to
154 1378 23 18 be
195 1376 43 19 able
253 1380 19 14 to
289 1374 123 20 recommend
433 1373 34 19 the

45 1405 56 26 right
111 1406 40 18 sort
166 1406 19 16 to
203 1409 23 18 go
245 1404 20 16 to
284 1408 11 12 a
313 1401 86 25 country
418 1406 49 19 very

47 1432 42 19 like
99 1430 50 20 their
160 1436 40 12 own
211 1429 19 18 in
239 1428 83 22 climate,
341 1426 64 20 where
419 1426 47 25 they

45 1465 40 14 can
94 1458 61 19 count
162 1462 50 19 upon
223 1462 24 11 an
256 1453 153 26 independence.

44 1488 13 16 S
73 1484 42 19 Tho
133 1481 109 25 Patagonia
258 1486 55 18 camp
327 1485 22 12 or
365 1479 48 19 land
431 1479 36 19 has

44 1510 45 23 Jain
98 1508 77 20 unused
183 1508 30 18 for
223 1506 95 20 centuries
327 1505 51 19 shall
392 1512 30 12 wo
432 1511 34 19 say

45 1542 14 15 a
82 1534 99 21 thousand
202 1538 55 21 years
266 1531 9 20 ?
301 1531 20 19 It
343 1531 82 19 extends
447 1533 20 17 to

47 1562 130 23 192,000,000
200 1565 58 17 acres,
277 1557 40 20 and
329 1557 65 19 would
416 1557 51 19 have

46 1587 103 23 remained
158 1584 107 21 unutilised
273 1584 31 19 for
318 1583 82 20 another
411 1585 55 21 1,000

44 1610 25 26 §>r
78 1615 57 22 2,000
144 1618 57 20 years
210 1611 40 19 had
258 1610 46 20 land
313 1610 31 18 for
355 1610 34 19 the
398 1609 70 26 people

47 1640 52 22 boon
117 1646 22 12 or
155 1636 103 22 continued
271 1639 20 16 to
307 1636 25 19 be
350 1636 33 19 the
395 1635 74 20 landed

45 1668 77 23 pysteni
131 1665 43 19 that
189 1663 106 27 prevailed.
322 1662 41 19 The
381 1662 47 19 land
437 1662 31 19 for

44 1688 1 30 :
45 1692 37 24 jthe
99 1691 70 27 peoplo
179 1691 20 19 of
211 1688 112 26 PeiagDnia
336 1695 39 13 was
392 1688 21 19 in
430 1688 39 19 full

45 1716 68 29 pwiiig
122 1719 31 18 for
163 1718 53 18 these
228 1718 54 21 1,000
292 1721 62 19 years,
365 1715 39 18 and
414 1715 16 18 it
438 1721 20 12 re-

44 1745 69 24 sulted
123 1745 19 18 in
154 1744 31 19 tho
195 1742 47 20 land
251 1742 107 24 belonging
372 1743 20 17 to
402 1747 55 19 every-

44 1762 64 35 body.
134 1770 42 19 The
193 1775 56 19 camp
258 1768 33 24 lay
303 1770 66 18 waste,
388 1767 82 25 feeding

44 1803 31 20 ■lip
94 1796 59 20 herds
162 1796 20 19 of
196 1801 103 19 guanacos.
315 1794 100 23 ostriches,
430 1796 29 16 rat-

44 1822 80 26 babbits
142 1822 40 19 like
191 1827 82 14 curooru
287 1820 38 19 and
335 1827 25 12 an
376 1820 38 19 odd
424 1819 46 20 wild

44 1856 50 20 jman
112 1855 22 13 or
147 1851 37 17 two
208 1850 18 17 to
246 1848 100 24 represent
367 1846 103 19 mankind.

44 1874 47 23 i'The
104 1874 110 26 Argentine
229 1873 132 20 Government
374 1872 96 19 conceded

44 1900 35 27 |for
97 1908 13 13 a
127 1903 51 17 term
191 1900 20 19 of
229 1905 56 20 years
303 1899 57 25 largo
378 1900 59 18 tracts
451 1900 19 16 to

141 1926 39 20 and
202 1925 84 26 English
306 1925 84 19 settlors.
425 1925 45 18 This

44 1954 52 24 ■only
113 1952 106 26 happened
228 1959 12 12 a
253 1952 38 18 few
300 1958 58 18 years
372 1957 39 19 ago
421 1952 4 26 ;
439 1952 31 23 yet

44 1972 85 37 [already
138 1979 55 19 thore
203 1978 16 19 is
237 1977 116 26 prosperity.
390 1977 57 19 Since
461 1976 9 18 I

44 1998 44 35 jvras
98 2007 35 18 out
141 2006 38 18 five
186 2012 21 12 or
213 2005 31 18 six
259 2010 58 19 years
326 2009 43 19 ago,
386 2003 84 19 millions

44 2031 25 21 iof
78 2038 54 14 acres
141 2031 50 19 have
201 2031 50 19 been
261 2029 61 20 taken
331 2036 27 19 up
376 2036 25 12 on
416 2029 54 19 these

44 2063 25 18 ?,so
91 2064 60 18 many
181 2063 57 19 years
265 2056 111 19 concession
402 2057 68 21 terms;

44 2085 137 19 iGrCvornme-nt
190 2083 62 23 ought
262 2085 20 15 to
291 2084 59 21 grant
369 2081 33 18 tho
412 2080 57 19 lands

44 2106 2 26 :
50 2111 22 19 Sit
82 2116 45 12 once
136 2109 20 18 in
165 2108 32 19 fee
205 2107 70 25 simple
282 2108 19 18 to
311 2106 127 24 individuals,
449 2112 21 13 or

44 2130 43 29 IjSell
96 2142 25 12 on
129 2135 36 19 low
179 2136 66 17 terms.

83 2161 41 19 The
141 2160 70 20 Scotch
228 2158 109 26 shepherds
355 2158 43 20 who
421 2158 49 19 have

44 2180 59 30 Ijtlone
118 2187 41 19 well
176 2187 19 18 in
212 2186 33 19 the
259 2185 116 23 Falklands,
393 2185 77 23 serving

44 2214 80 25 |others,
139 2213 40 19 first
204 2211 78 20 scented
306 2211 112 25 Patagonia
432 2206 38 23 and

44 2239 85 24 {crossed
138 2245 48 18 over,
195 2238 80 24 notably
282 2244 37 12 one
326 2236 144 20 Groenshields.

44 2260 4 33 |
52 2266 21 21 A
80 2265 71 20 certain
159 2264 83 19 number
259 2264 20 19 of
296 2263 110 26 capitalists
421 2263 49 19 have

44 2290 1 29 .
51 2292 71 27 joined
131 2292 24 22 in,
162 2291 36 19 but
207 2290 33 19 tho
247 2290 109 25 shepherds
367 2290 103 19 wlioknew

45 2313 65 28 .{stock
119 2318 37 19 and
164 2317 50 19 their
223 2316 54 19 trade
291 2316 50 19 have
350 2315 52 20 done
419 2315 51 24 best;

44 2341 1 27 i
47 2341 59 27 .'their
115 2343 78 25 scarcity
202 2343 20 19 of
231 2342 68 26 capital
309 2342 36 19 has
355 2342 50 19 been
415 2341 55 19 mado

44 2367 1 29 ■
50 2377 30 19 lip
90 2370 31 19 for
129 2370 26 24 by
167 2369 93 19 technical
277 2368 125 25 knowledge.
430 2367 40 19 The

44 2390 51 30 Ipole
104 2396 81 25 produce
195 2396 19 18 of
223 2395 54 19 these
295 2400 66 20 camps
377 2401 22 12 or
409 2396 51 17 estan-

44 2417 50 31 fcias
104 2422 35 19 has
148 2422 82 18 hitherto
245 2421 51 19 been
311 2420 54 23 wool,
383 2420 38 20 but
432 2420 38 18 this

45 2455 86 16 ysoason,
153 2448 30 19 for
202 2447 32 20 the
256 2448 42 18 first
320 2447 52 24 time,
398 2446 72 19 Messrs

45 2474 86 21 .'Woods
152 2474 37 19 and
209 2473 96 20 Waldron
327 2476 44 16 sent
405 2473 65 19 frozen

44 2499 90 25 Mynutton
142 2500 55 19 homo
205 2499 49 20 from
265 2499 66 19 Punta
340 2499 98 25 Delgada.

47 2525 4 25 |
82 2526 12 20 I
109 2526 69 19 visited
194 2526 31 19 Mr
247 2526 100 20 Cameron,
365 2526 21 18 of
403 2525 67 19 Picket

44 2551 1 26 1
53 2552 104 21 Harbour.
177 2552 36 19 and
230 2552 32 18 the
278 2554 56 23 groat
358 2551 112 23 estaneioro,

44 2574 46 26 IMr
98 2579 74 19 Bram..
198 2578 31 18 Mr
238 2578 37 19 Bra
278 2585 27 12 tin
313 2578 16 18 is
340 2579 20 17 at
378 2577 33 19 the
422 2577 48 19 head

55 2607 22 18 of
95 2605 35 19 the
226 2604 108 19 concession
352 2604 20 18 of
392 2605 78 22 100,000

44 2626 107 30 fjiectaros.
179 2631 52 23 Now,
243 2637 9 12 a
264 2630 75 19 hectare
348 2630 17 18 is
375 2629 62 20 about
450 2631 20 21 2.]

44 2653 74 27 ijaciTS,
133 2664 28 12 av.
167 2653 1 27 !
190 2656 29 19 -.he
237 2657 85 19 mention
339 2655 20 19 of
375 2656 44 23 this,
440 2655 30 19 tho

44 2687 5 15 ■
53 2684 63 20 latest
125 2683 70 24 taking
203 2689 25 18 up
249 2683 36 19 will
302 2683 44 23 give
364 2682 34 18 tho
416 2681 54 20 homo

44 2706 5 30 §
55 2710 72 21 reader
146 2716 51 12 some
213 2709 42 19 idea
271 2709 21 18 of
301 2708 33 19 the
348 2709 52 18 force
410 2709 20 18 of
439 2707 31 20 the

44 2734 3 25 $
56 2737 59 19 boom
125 2735 56 19 when
190 2735 24 18 ho
223 2734 64 20 thinks
297 2741 45 12 over
358 2735 34 18 the
411 2734 50 19 stock-

44 2760 4 28 it
57 2763 36 23 ing
104 2761 37 19 and
152 2761 106 27 exploiting
267 2761 20 18 of
296 2762 82 23 2(50,000
388 2767 59 12 acres.

44 2784 3 28 f,
130 2789 56 23 spent
196 2794 11 12 a
213 2787 56 24 night
275 2786 47 20 with
329 2787 33 19 the
369 2787 101 19 Camerons

100 2814 67 19 Picket
194 2813 83 20 Harbor.
323 2813 32 18 Mr
370 2813 39 19 and
430 2813 40 19 Mrs

44 2835 4 27 I
54 2841 100 19 Cameron
162 2840 36 18 and
206 2839 48 19 both
263 2840 49 18 front
320 2839 106 23 Lockaber,
435 2839 35 19 and

44 2862 64 25 1,-wore
128 2867 19 18 to
166 2872 21 12 us
207 2865 103 25 Highland
326 2866 53 19 hosts
397 2865 73 19 indeed.

45 2894 73 18 'Their
125 2899 65 12 warm,
200 2891 36 19 red
244 2892 39 17 and
291 2891 44 19 buif
344 2891 126 20 commodious

44 2913 6 24 1
54 2919 76 22 houses
139 2918 35 19 lies
184 2917 70 26 snugly
272 2917 20 18 in
309 2918 32 19 the
359 2924 66 13 corner
433 2918 21 19 of
463 2925 7 12 a

53 2945 69 24 lovely
131 2944 45 25 bay.

82 2970 113 26 Paragonia
205 2970 15 19 is
233 2977 42 13 now
285 2970 70 20 Iraoivn
374 2976 20 13 as
412 2969 58 20 South

44 2994 5 29 |
56 2997 115 25 Argentina
187 2997 37 18 and
243 2997 15 18 is
275 3000 45 22 part
338 2998 20 17 of
376 2996 32 20 the
421 2999 49 23 great

52 3023 88 26 ;repul'!ii

498 100 254 21 EXTRAORDINARY
767 101 142 19 FATALITY

609 127 33 18 IN
652 127 19 18 A
682 127 122 18 FAMILY.

516 181 41 19 The
567 179 119 20 Standard's
702 179 158 26 Johannesburg
879 187 31 12 cor-

490 207 122 25 respondent
624 206 58 19 sends
703 212 10 11 a
733 205 80 25 ghastly
833 213 88 17 message

489 239 123 18 concerning
629 239 11 12 a
663 232 61 18 series
745 232 21 18 of
784 232 97 19 fatalities
900 234 21 17 at

492 260 103 20 Warrent'.
603 265 19 17 u,
639 258 92 24 whereby
750 264 12 13 a
779 258 89 19 resident
881 259 40 19 lost

490 286 29 19 his
531 294 12 11 w
550 286 43 19 hole
604 284 69 24 family
688 284 20 19 in
729 284 36 19 the
780 289 59 19 space
858 285 21 18 of
897 291 24 12 an

491 313 55 19 hour.
575 311 64 19 Three
654 310 89 21 children
759 310 39 19 left
813 312 33 17 the
861 311 60 19 house

491 340 21 19 £o
522 345 24 18 go
557 340 21 17 to
593 336 53 20 their
661 336 75 23 father,
753 343 11 12 a
779 336 79 25 farmer,
879 338 42 19 who

489 371 40 13 was
545 364 20 19 in
580 370 12 12 a
602 363 44 19 field
666 369 48 12 near
734 362 34 19 the
786 362 67 20 house.
880 364 41 19 The

489 392 56 18 three
556 392 37 22 put
603 389 50 19 their
671 388 63 20 hands
755 389 43 19 into
818 396 10 12 a
847 390 74 19 crevice

490 417 21 20 iif
522 417 33 19 the
566 415 59 20 rocks
637 418 19 16 to
666 414 69 20 obtain
746 415 60 19 birds'
818 422 53 18 eggs.
895 416 25 19 In

490 444 40 18 this
541 443 77 18 crevice
628 448 39 12 was
675 448 12 12 a
698 441 71 24 deadly
780 441 69 24 snake,
858 442 62 19 which

489 470 30 19 bit
529 469 25 19 all
565 468 35 20 the
613 467 62 19 three.
705 467 47 19 Two
769 468 21 18 of
809 468 53 19 tliein
883 468 36 20 had

489 495 45 20 died
546 494 69 20 before
625 493 35 20 the
672 493 54 19 third
737 493 59 20 could
813 498 33 21 get
865 494 56 20 home

489 524 21 17 to
521 522 34 18 tell
566 521 36 19 the
611 520 80 19 mother
706 519 55 20 what
776 520 38 19 had
832 521 76 25 happen-

489 549 30 19 ed.
548 547 41 19 The
609 546 78 20 mother
706 546 77 19 frantic
802 547 48 19 with
870 548 51 24 gfne

489 575 49 19 tried
552 576 20 17 to
583 573 35 19 lift
628 573 33 19 the
671 572 56 20 third
738 573 51 19 child
803 580 24 12 on
839 580 11 12 a
863 573 58 21 horse

489 604 20 16 to
519 601 69 25 gallop
601 599 32 19 for
644 599 52 24 he!]).
725 599 39 19 Sho
779 599 79 24 pushed
878 600 39 19 him

488 629 33 17 too
531 625 42 24 far;
588 626 24 18 he
632 625 34 19 fell
682 631 48 13 over
752 625 33 19 the
800 625 58 20 other
872 627 47 22 side,

489 653 114 24 fracturing
611 652 29 19 his
649 651 103 24 skull,and
763 651 45 19 died
816 652 104 25 instantly.

489 680 40 18 The
539 679 79 19 mother
633 677 113 20 re-entered
765 677 33 19 the
809 677 61 21 housf
881 679 39 19 and

488 706 62 19 found
561 705 35 19 tho
606 703 69 20 fourth
689 703 52 20 child
755 703 37 20 had
804 704 62 20 fallen
879 714 11 10 n

488 733 35 18 the
539 731 48 20 bath
608 731 39 18 and
672 730 49 19 been
740 730 100 20 drowned.
879 730 3 21 '
887 730 2 21 ;
898 732 23 18 he

489 758 63 20 whole
560 757 70 23 family
640 756 44 20 died
698 756 70 20 within
783 763 37 13 one
830 757 57 20 hour:

491 827 15 18 A
517 825 95 20 QUACK
621 824 130 20 DOCTOR'S
762 824 149 20 EXPOSURE.

515 885 42 19 One
567 885 21 18 of
598 884 33 19 the
640 886 52 17 most
702 884 110 19 successful
830 885 21 18 of
869 884 38 19 Aus-

488 911 95 19 tralasian
595 910 87 25 spielers,
703 917 47 18 says
769 910 34 19 tho
821 910 96 25 Bulletin,

488 938 67 24 began
569 936 31 20 his
614 942 78 13 carreer
715 943 22 12 as
860 937 31 19 for
908 943 11 13 a

488 963 66 25 quack
577 962 68 19 doctor
668 969 56 12 more
746 969 23 12 or
790 962 39 20 less
847 963 22 19 of
886 962 33 20 the

649 988 64 20 order,
726 989 40 19 and
776 990 20 18 to
806 989 31 19 his
847 989 62 19 adroit-

488 1016 34 18 tho
703 1020 77 14 success
799 1015 21 19 of
838 1015 31 19 his
886 1015 33 25 pal

490 1048 38 12 was
538 1041 78 24 greatly
626 1041 44 20 due..
709 1040 21 18 It
744 1047 41 13 was
795 1041 33 19 the
839 1041 50 24 duty
898 1041 21 19 of

488 1068 34 18 the
531 1067 69 19 future
607 1067 68 18 turfite
683 1068 20 17 to
711 1067 77 19 receive
794 1067 34 19 the
835 1067 82 25 patient,

488 1093 40 19 and
542 1093 91 18 intimate
651 1092 45 19 that
714 1092 76 20 Doctor
809 1092 26 20 So
844 1092 75 20 anil-So

487 1126 40 12 was
539 1121 35 17 not
583 1119 19 17 in
614 1118 37 19 but
660 1118 46 19 that
722 1118 26 19 ho
766 1119 66 18 -would
851 1121 68 17 return

487 1145 84 25 shortly.
599 1144 55 19 Then
665 1144 26 19 ho
700 1145 68 18 would
774 1145 84 25 aitfully
866 1145 53 19 draw

486 1171 52 19 from
548 1171 34 18 the
592 1177 49 19 poor
651 1170 54 20 devil
714 1177 13 12 a
741 1173 108 17 statement
859 1171 20 19 of
888 1171 31 18 his

485 1197 59 19 aches
555 1197 40 18 and
604 1196 122 26 pains—tho
852 1203 53 13 mean-

485 1223 60 20 while
553 1223 97 25 listening
658 1229 77 12 unseen
746 1225 19 16 to
775 1223 34 19 the
816 1223 101 25 dialogue.

486 1249 67 20 When
561 1249 26 18 he
593 1249 42 18 had
642 1249 125 19 ascertained
774 1249 26 19 all
807 1249 26 19 he
840 1249 79 19 wanted

485 1277 21 18 to
515 1275 64 23 know,
592 1275 34 19 the
640 1275 73 23 doctor,
727 1276 90 24 wearing
833 1276 32 18 his
883 1275 36 18 hat

485 1301 67 20 would
561 1301 104 24 hurriedly
680 1302 56 17 enter
753 1301 33 18 the
806 1307 54 13 room
879 1301 39 18 and

485 1328 76 23 shortly
572 1326 118 20 afterwards
701 1327 120 25 completely
830 1328 39 18 win
884 1327 34 18 tho

485 1354 95 25 patient's
591 1352 112 20 confidence
717 1353 28 24 by
755 1360 9 12 a
785 1352 134 26 surprisingly

485 1381 91 18 accurate
586 1379 108 24 diagnosis.
724 1379 47 18 And
780 1386 21 13 so
820 1380 34 18 tho
872 1385 33 19 pre-

485 1406 54 19 cious
548 1406 45 23 pair
601 1405 58 19 made
669 1405 54 19 their
732 1405 46 19 rise.

522 1477 181 19 UNEXPECTED
720 1477 149 19 REPARTEE.

512 1537 15 17 A
540 1534 88 20 Russian
636 1534 47 23 lady
692 1534 39 19 had
742 1534 50 19 been
800 1533 75 20 invited
895 1535 21 17 to

485 1561 46 19 dino
549 1561 47 19 with
616 1561 30 19 M.
663 1561 24 19 de
705 1560 120 24 Talleyrand
845 1563 20 16 at
886 1559 32 20 Iho

485 1587 49 20 time
560 1587 56 19 when
647 1587 24 19 he
696 1593 40 13 was
764 1586 103 20 Minisiter
896 1585 21 19 of

485 1614 86 25 Foreign
579 1613 85 24 Affairs,
671 1613 38 19 but
714 1620 39 12 was
762 1612 155 25 unfortunately

485 1640 92 20 detained
597 1647 24 12 an
637 1640 51 19 hour
706 1639 80 27 beyond
806 1639 35 20 her
862 1640 54 19 time.

485 1667 42 21 The
536 1666 98 21 famished
643 1668 70 24 guests
722 1673 50 13 were
782 1666 20 20 in
817 1667 33 18 the
861 1665 56 21 sulks

486 1695 39 19 and
535 1694 49 25 kept
593 1692 82 26 looking
686 1695 20 17 at
717 1693 54 19 their
781 1693 92 19 watches.

513 1721 66 19 When
592 1720 33 19 she
632 1719 81 21 arrived
722 1721 22 17 at
755 1719 38 20 last
804 1726 37 12 one
849 1719 21 19 of
884 1719 33 19 the

487 1754 96 18 company
591 1746 41 20 said
640 1746 21 18 in
670 1745 67 21 Greek
745 1749 20 16 to
773 1746 30 19 his
810 1745 107 27 neighbor:

606 1780 10 12 a
627 1779 76 13 woman
714 1773 17 18 is
751 1772 79 20 neither
852 1778 67 19 young

487 1808 37 12 nor
528 1799 100 20 beautiful
635 1799 35 19 she
677 1799 64 23 ought
749 1802 20 16 to
776 1798 141 27 bepunctual.'

514 1826 131 25 Whereupon
656 1825 35 20 the
701 1825 47 24 lady
765 1825 72 20 turned
858 1825 59 25 sharp

488 1853 65 21 round
559 1853 38 19 and
606 1852 74 26 replied
690 1851 19 19 in
718 1851 35 20 the
762 1858 53 13 same
821 1852 97 25 langugo:

515 1879 79 21 ''When
606 1886 8 12 a
625 1885 76 13 woman
713 1878 36 19 has
755 1878 35 20 the
799 1878 120 19 misfortune

489 1909 21 17 to
521 1907 46 19 dine
588 1905 45 20 with
652 1904 121 20 barbarians
792 1905 34 20 she
845 1905 73 25 always

490 1940 65 13 comes
564 1937 47 15 soon

575 2000 81 19 WELL
665 1999 40 19 HE
715 1999 52 20 DID
778 1999 56 19 TRY.

516 2053 41 19 The
566 2053 57 19 other
633 2053 99 19 forenoon
743 2053 21 18 in
782 2052 137 24 Bermnodsey

489 2086 11 12 n
510 2085 68 19 young
588 2085 44 13 man
644 2079 47 19 with
708 2086 12 12 a
738 2078 80 20 forlorn
839 2078 82 24 looking

489 2108 137 17 countenance
646 2105 39 19 and
704 2112 11 11 a
744 2104 41 20 suit
804 2104 21 19 of
845 2104 75 19 clothes

490 2131 63 20 which
562 2131 78 20 seemed
648 2133 21 16 to
680 2131 50 19 have
750 2137 39 13 run
809 2130 113 24 altogether

490 2158 37 19 and
548 2157 139 20 consolidated
710 2159 20 16 to
754 2164 46 12 save
819 2162 103 20 expenses,

490 2184 98 20 mounted
598 2191 10 12 a
619 2184 38 19 salt
668 2184 65 19 barrel
745 2184 38 19 and
802 2182 77 20 started
895 2182 28 19 off

490 2211 47 20 with
547 2220 32 10 :

517 2238 36 24 My
560 2238 47 19 dear
616 2237 83 23 friends,
706 2243 63 16 pause
776 2236 32 19 for
817 2243 11 12 a
836 2237 88 18 moment

490 2264 39 19 and
539 2264 49 20 hear
597 2270 33 18 my
639 2264 109 19 narrative.
778 2262 50 19 lain
845 2269 11 12 a
875 2269 48 16 poor

490 2290 39 20 but
547 2290 72 20 honest
637 2296 68 19 young
726 2297 52 12 man.
806 2288 37 26 My
861 2291 62 16 motto

491 2318 16 18 is
520 2316 122 20 'Excelsior.'
672 2316 37 26 My
719 2318 82 22 parents
812 2322 32 13 aie
864 2314 56 25 dead,

491 2344 38 19 and
539 2344 11 19 I
562 2350 30 13 am
602 2350 11 12 a
623 2343 47 20 lone
680 2342 85 25 orphan.

517 2370 32 19 He
559 2370 49 19 adds
618 2368 139 25 considerably
767 2371 21 17 to
799 2368 33 20 the
855 2368 67 23 above,

491 2397 39 18 and
540 2396 21 19 in
571 2403 12 12 a
593 2396 37 19 few
640 2396 90 19 minutes
741 2396 25 19 lie
779 2395 37 19 had
827 2401 12 13 a
858 2394 66 20 crowd

491 2423 21 19 of
522 2423 46 25 fifty
579 2422 71 26 people
660 2422 78 19 around
759 2422 47 19 him.
833 2421 55 19 Then
900 2421 24 19 he

491 2450 156 19 announced:—

518 2476 37 23 My
565 2476 48 19 dear
623 2475 84 24 friends,
718 2475 11 19 I
741 2475 24 19 do
782 2476 36 18 not
836 2474 36 19 ask
892 2474 32 19 for

491 2502 85 26 charity.
606 2502 34 19 All
658 2502 11 19 I
679 2503 55 18 want
745 2502 15 19 is
771 2509 10 12 a
792 2502 38 18 fair
839 2500 52 20 show
903 2502 20 17 to

491 2529 56 20 make
559 2536 31 19 my
610 2535 42 18 way
667 2529 20 18 in
707 2528 43 19 life.
778 2528 12 19 I
810 2527 49 20 shall
879 2533 45 13 now

492 2556 34 18 ask
538 2562 38 18 you
587 2558 21 16 to
617 2556 45 23 chip
672 2554 20 20 in
710 2561 11 12 a
740 2561 69 19 penny
828 2561 11 11 a
860 2554 61 24 piece,

491 2582 38 19 and
540 2582 10 19 I
565 2582 42 19 will
618 2581 115 20 endeavour
747 2584 20 16 to
776 2581 24 19 do
809 2579 114 25 something

491 2615 59 13 never
564 2610 36 23 yet
619 2608 51 19 done
689 2614 25 12 on
733 2607 35 19 tho
787 2608 45 18 face
851 2607 21 19 of
890 2606 35 19 the

492 2634 65 26 globe,
565 2635 11 19 I
586 2634 41 21 will
635 2640 33 19 try
676 2636 22 17 to
714 2636 48 17 turn
782 2641 11 12 a
809 2632 113 27 quadruple

493 2662 118 19 somersault
623 2667 19 13 m
654 2661 34 19 the
698 2661 37 19 air.

519 2688 41 19 The
570 2688 63 19 crowd
645 2687 79 20 seemed
740 2688 21 18 to
772 2686 41 20 like
819 2686 35 20 the
873 2685 51 24 idea,

491 2714 39 20 and
541 2714 35 20 the
586 2714 56 20 small
652 2714 77 25 change
740 2713 73 20 rattled
824 2713 22 19 in
867 2712 53 19 until

493 2740 34 20 the
546 2748 58 19 gross
625 2742 82 18 amount
724 2747 40 13 was
783 2740 63 19 about
864 2739 58 19 three

492 2768 99 19 shillings.
619 2768 57 19 Then
686 2767 34 19 the
740 2773 67 19 young
823 2773 47 13 man
889 2767 36 23 got

492 2794 56 20 down
558 2794 28 20 off
597 2794 34 20 the
640 2794 75 23 barrel,
727 2793 41 25 spit
776 2800 25 12 on
813 2793 29 19 his
854 2791 69 24 hands,

493 2821 71 24 picked
577 2822 35 18 out
625 2821 28 18 his
663 2821 86 24 ground,
761 2819 37 19 and
819 2818 74 20 turned
912 2824 12 12 a

493 2849 66 24 pretty
574 2847 40 19 fair
638 2847 128 19 somersault.
794 2846 32 19 He
849 2844 74 20 turned

492 2874 84 19 another
587 2874 38 19 and
635 2880 9 12 a
657 2873 71 24 .other,
739 2873 47 19 then
806 2871 119 21 remounted

492 2901 35 19 the
536 2900 67 20 barrel
614 2901 39 18 and
664 2899 41 20 snid
715 2909 31 9 :

519 2927 58 19 Kind
588 2927 84 23 triends,
684 2926 11 19 I
706 2927 50 18 have
764 2925 50 20 tried
826 2927 28 22 to,
865 2925 38 19 but
912 2923 12 19 I

494 2954 54 19 can't
568 2953 25 19 do
609 2953 22 19 it.
660 2953 104 25 Assuring
792 2959 39 18 you
854 2951 22 19 of
893 2957 32 18 my

492 2980 98 20 heartfelt
600 2979 75 20 thanks
692 2979 32 19 for
748 2985 51 20 your
816 2978 104 23 kindness,

493 3007 9 19 I
515 3007 75 19 remain
602 3012 59 19 yours
672 3006 61 25 truly.
761 3005 47 19 And
815 3007 37 17 not-
861 3012 11 12 a
880 3010 44 13 man

494 3033 77 20 uttered
582 3040 10 12 a
599 3032 54 20 word
661 3032 22 20 of
693 3031 117 25 complaint.

998 103 56 20 THE
1065 103 103 20 LATEST
1183 104 135 19 SWINDLE.

973 156 65 19 There
1062 164 33 12 are
1119 157 65 23 thirty
1207 156 38 19 odd
1258 155 85 21 millions
1354 156 21 19 of

946 182 72 24 people
1041 183 20 18 in
1086 182 101 25 England,
1220 182 108 26 according
1355 185 21 17 to

945 207 90 26 Carlyle,'
1042 213 52 15 most
1106 209 21 19 of
1138 209 52 19 them
1206 208 101 20 arefools.
1335 209 42 19 'Tis

944 240 60 20 many
1022 241 58 19 years
1101 235 54 19 since
1176 235 35 19 tbo
1231 235 85 19 Chelsea
1331 242 46 18 sago

946 267 30 16 pa-
984 261 32 19 sed
1033 261 30 19 his
1088 261 102 25 sweeping
1209 261 37 18 and
1263 261 102 25 uncompli-

944 286 93 26 mVntaty
1047 287 83 24 dictum,
1151 288 42 22 but,
1214 287 34 18 the
1265 288 72 24 spread
1356 287 21 19 of

944 314 109 19 education
1077 314 188 24 notwithstanding,
1294 314 18 18 it
1336 314 38 19 still

944 346 63 13 seems
1027 342 20 17 to
1065 340 45 19 hold
1131 340 56 25 good.
1224 339 77 19 Messrs
1325 340 51 23 Edd,

944 366 16 19 A
966 373 40 12 n.es
1030 366 91 19 Webber
1145 366 38 19 and
1200 366 61 18 Louis
1284 365 90 20 For]man

943 392 104 25 evidently
1062 393 97 24 accepted
1178 392 35 18 tho
1232 391 80 25 Carlyle
1332 392 33 19 doc-

944 418 54 20 trine
1009 427 21 10 us
1041 420 60 23 being
1161 420 21 17 to
1284 418 90 24 Anyway

943 445 47 25 tliry
1001 446 56 19 acted
1070 452 52 18 upon
1133 445 22 23 it,
1166 444 40 19 and
1223 443 37 19 but
1270 443 35 18 for
1312 449 12 12 a
1334 450 31 12 cer-

944 472 42 18 tain
997 472 157 24 lucompletness
1168 471 20 18 in
1209 469 52 19 their
1281 475 82 19 arrange-

943 500 67 17 ments
1036 498 49 19 thev
1109 497 64 25 might
1200 496 50 19 have
1280 495 94 19 returned

944 524 81 19 whence
1036 524 48 24 they
1094 530 54 13 came
1150 522 124 23 —America,
1284 524 20 16 to
1315 521 60 19 wit—

945 550 48 19 with
1001 557 11 12 a
1020 557 52 18 snug
1080 550 52 18 little
1139 549 82 19 fortune
1229 548 75 25 apioce.
1315 547 60 19 Their

943 576 63 19 modus
1016 576 94 25 operandi
1117 583 38 11 was
1165 573 122 25 beautifully
1297 573 76 25 simple.

943 603 54 22 Tl-py
1007 603 63 19 called
1080 601 120 20 themselves
1211 600 32 18 the

945 630 96 25 Oxy/.ona
1058 627 129 27 Syndicate,-'
1206 627 38 19 and
1261 625 112 19 advertised

944 651 13 28 i•
960 651 2 28 >
978 656 33 19 the
1022 655 82 24 leading
1115 654 85 19 London
1216 653 37 18 and
1265 651 109 26 provincial

945 689 71 18 papers
1033 682 46 19 that
1100 681 45 24 they
1166 685 52 13 were
1238 679 96 24 prepared
1354 680 20 16 to

943 708 45 25 give
1068 707 33 19 for
1214 707 20 16 to
1253 707 34 16 too
1306 707 69 17 extent

943 735 22 18 of
977 735 29 19 £4
1016 737 21 15 to
1048 733 48 20 each
1105 739 76 19 person
1191 731 43 19 who
1245 730 58 20 could
1314 731 29 19 till
1355 731 18 17 in

956 761 77 22 nrectiy
1052 760 34 19 the
1097 758 61 20 blank
1167 764 69 19 spaces
1256 757 19 18 in
1297 764 11 12 a
1327 763 36 13 sen-

945 780 25 27 •V
981 780 4 27 ,
1000 780 2 27 ■
1022 787 40 19 like
1081 786 41 19 this
1233 783 79 22 P#*.«
1323 783 50 19 M»

944 822 9 12 l
1000 822 8 12 :
1022 813 59 21 T**n
1093 812 37 19 I*e
1267 810 42 19 'iho
1327 809 46 25 only

943 841 61 24 thing
1014 839 35 19 the
1058 839 71 25 brainy
1141 836 72 26 people
1232 835 80 26 solving
1333 836 40 18 this

943 867 57 19 brain
1009 866 80 19 twister
1100 865 40 19 had
1150 865 22 17 to
1180 865 24 16 <io
1214 863 20 18 in
1242 862 59 19 order
1312 865 21 16 to
1341 865 32 22 get

943 893 35 19 the
993 892 76 20 reward
1089 889 74 21 offered
1185 895 40 13 was
1244 890 21 17 to
1284 888 89 20 forward

943 919 44 20 half
997 926 10 12 a
1023 919 74 24 guinea
1115 919 21 17 to
1155 915 35 19 the
1207 914 105 26 syndicate
1354 916 19 17 to

942 953 60 13 cover
1013 945 34 19 the
1058 946 43 18 cost
1109 943 20 19 of
1140 949 11 13 a
1161 942 28 18 tin
1202 942 21 17 of
1239 947 93 19 oxyzone,
1352 942 21 17 to

945 973 24 19 be
980 971 113 21 forwarded
1104 969 48 19 with
1163 968 33 19 the
1208 967 53 25 prize

943 999 33 19 On
987 999 33 19 the
1030 998 45 18 face
1084 996 21 20 of
1110 996 15 18 it
1131 994 35 20 the
1172 994 156 19 advertisement
1334 993 37 19 had

1066 1025 81 17 written
1167 1020 61 24 large,
1238 1020 37 19 but
1285 1023 21 16 to
1317 1019 56 20 make

942 1053 17 19 it.
968 1058 52 12 seem
1030 1049 87 27 genuine
1127 1047 34 20 the
1175 1046 84 19 authors
1270 1048 38 23 put
1317 1046 55 19 forth

941 1079 36 19 the
988 1075 129 25 exceedingly
1127 1073 106 25 ingenious
1242 1072 130 26 explanation

942 1105 46 19 that
997 1103 49 25 they
1056 1102 38 19 had
1105 1100 31 20 hit
1146 1106 54 18 upon
1211 1099 40 19 this
1260 1098 81 21 method
1352 1098 21 19 of

941 1130 126 24 advertising
1218 1125 40 20 and
1268 1131 52 13 were
1329 1132 33 19 pre-

941 1157 64 26 pared
1015 1160 21 15 to
1047 1154 63 27 spend
1118 1154 92 23 £20,000
1220 1159 54 19 upon
1284 1151 34 20 Lhe
1326 1152 46 25 plan

941 1183 82 21 instead
1033 1182 21 20 of
1065 1182 20 19 in
1096 1180 126 24 advertising
1233 1179 24 24 by
1276 1177 36 20 tho
1330 1178 31 18 old-

941 1208 128 22 fashionable
1079 1206 99 21 methods,
1208 1204 39 20 i'he
1265 1204 43 19 bait
1324 1204 47 19 took

941 1236 122 26 splendidly.
1097 1233 44 20 The
1158 1232 103 25 syndicate
1281 1237 39 13 was
1335 1231 24 19 de-

941 1263 60 25 luged
1013 1262 48 19 with
1072 1259 101 21 solutions
1183 1261 20 16 to
1213 1258 53 18 their
1277 1257 94 25 problem,

941 1290 38 19 and
990 1289 35 19 tho
1035 1290 46 22 post
1089 1286 55 19 office
1150 1284 92 26 supplied
1254 1284 53 19 their
1316 1284 55 18 mails

941 1316 20 19 in
973 1314 75 28 special
1058 1314 54 24 bags.
1141 1312 54 19 Nino
1215 1317 22 13 or
1254 1314 36 15 ten
1306 1310 65 20 clerks

941 1349 52 13 were
1003 1342 51 24 kept
1068 1340 50 23 busy
1136 1337 87 26 opening
1242 1337 71 19 letters
1332 1337 38 18 and

940 1369 92 25 replying
1042 1369 21 17 to
1073 1365 49 20 each
1133 1364 64 19 solver
1208 1363 46 19 that
1264 1363 29 19 his
1304 1370 22 12 or
1336 1363 35 19 her

941 1395 90 20 solution
1042 1400 40 13 was
1092 1394 84 21 correct,
1186 1390 40 19 and
1237 1390 44 18 that
1292 1389 35 19 tho
1341 1390 30 18 SA

941 1420 94 21 together
1045 1419 47 19 with
1104 1425 11 12 a
1125 1420 30 16 tin
1166 1417 21 19 of
1205 1422 91 19 oxyzone
1305 1416 64 19 would

940 1439 81 29 be~\ent
1030 1453 24 12 on
1065 1445 76 25 receipt
1151 1443 20 20 of
1192 1444 34 18 10s
1235 1443 32 19 Gd.
1302 1442 54 20 Thou-

940 1475 62 19 sands
1023 1471 115 21 forwarded
1160 1469 44 20 half
1227 1469 88 26 guineas,
1332 1469 37 19 and

941 1508 51 12 were
1002 1500 44 19 told
1056 1498 46 19 that
1117 1498 34 18 the
1304 1495 65 20 would

940 1530 37 16 not
987 1528 24 18 be
1027 1528 45 17 sent
1089 1524 31 20 for
1140 1524 60 18 about;
1219 1524 77 23 twenty
1315 1522 56 26 days,

940 1553 92 26 supplies
1040 1556 36 15 not
1085 1551 73 24 having
1165 1556 54 12 come
1226 1550 21 18 to
1258 1548 52 20 hand
1321 1549 50 19 fiom

940 1580 100 19 America.
1054 1578 43 19 The
1107 1577 77 20 scheme
1195 1582 34 13 ran
1240 1575 33 19 for
1282 1582 12 13 a
1301 1575 71 26 couple

941 1607 22 19 of
974 1606 87 23 months,
1078 1604 39 20 and
1127 1610 25 13 on
1169 1603 36 19 the
1225 1602 95 25 proceeds
1339 1602 33 18 the

940 1632 97 21 Yankees
1047 1631 51 20 lived
1113 1630 21 20 in
1155 1629 52 26 style
1225 1630 21 18 at
1266 1629 35 19 the
1317 1629 55 19 lirst;

940 1662 85 17 Avenue
1042 1657 70 24 Hotel,
1128 1657 99 20 Holborn.
1261 1655 57 20 Then
1340 1656 33 18 the

940 1690 64 28 police
1011 1688 56 20 woke
1077 1693 27 19 up
1113 1687 21 18 to
1140 1684 35 20 tho
1183 1683 41 20 fact
1234 1683 45 19 that
1287 1690 11 12 a
1304 1690 58 20 gorge-

941 1724 37 14 ous
1105 1718 40 13 was
1162 1711 60 24 being
1237 1710 81 20 worked
1337 1714 36 16 out

941 1744 66 20 under
1018 1741 52 20 their
1080 1745 47 19 very
1136 1744 63 14 noses.
1227 1736 41 20 The
1284 1738 77 19 authori-

941 1771 40 20 ties
993 1771 22 18 at
1026 1775 48 12 once
1085 1768 84 23 stepped
1178 1764 27 23 in,
1213 1764 89 19 arrested
1310 1764 47 20 Web-

941 1798 36 19 ber
988 1796 39 19 and
1038 1794 45 21 Perl
1086 1799 46 14 man
1146 1791 39 19 and
1205 1790 48 19 took
1270 1791 72 25 charge
1352 1791 21 19 of

942 1824 54 19 their
1006 1823 76 19 letters.
1112 1818 42 21 The
1165 1818 44 19 first
1229 1819 47 22 post
1295 1824 26 13 on
1340 1817 34 19 the

945 1850 53 20 fatal
1008 1849 38 25 day
1057 1845 100 28 produced
1165 1845 38 19 316
1214 1844 96 24 missives,
1323 1846 51 17 most

943 1877 21 19 of
974 1876 54 19 them
1047 1872 116 25 containing
1179 1870 63 26 postal
1263 1870 70 20 orders
1351 1877 23 13 or

943 1904 85 24 cheques
1039 1901 33 19 for
1082 1899 44 20 lialf
1136 1905 11 13 a
1157 1897 79 26 guinea.
1252 1897 26 19 So
1287 1898 21 18 to
1318 1899 44 18 iiow-

943 1930 66 19 street
1018 1928 35 19 the
1063 1927 99 20 schemers
1174 1931 51 13 were
1238 1923 80 20 hauled.
1341 1924 22 18 In-

944 1958 79 24 spector
1034 1952 107 23 Marshall,
1152 1951 21 19 in
1192 1950 71 25 giving
1273 1950 101 24 evidence,

944 1983 53 18 drew
1007 1982 32 19 Sir
1050 1980 55 19 John
1124 1976 91 26 Bridges'
1232 1977 104 19 attention
1354 1978 20 18 to

944 2009 35 18 the
995 2008 40 19 fact
1054 2006 46 19 that
1118 2003 79 26 though
1215 2003 34 19 the
1268 2003 95 20 advertise-

945 2036 55 19 ment
1010 2033 37 20 had
1060 2033 48 19 been
1125 2036 90 19 running
1234 2032 41 16 two
1294 2030 81 20 months

945 2068 25 13 no
981 2060 77 25 change
1065 2059 38 19 had
1114 2059 50 18 been
1172 2057 56 19 made
1239 2056 20 19 in
1271 2057 34 18 the
1315 2056 48 25 prob-

945 2088 36 18 lem
993 2088 31 18 Let
1033 2086 34 18 for
1077 2084 96 23 solution,
1183 2090 11 12 a
1205 2082 95 25 damning
1319 2083 56 24 point

945 2114 79 25 against,
1035 2111 90 21 Webber
1136 2110 38 19 and
1182 2109 31 19 his
1223 2109 92 20 confrere.
1334 2108 42 20 The

945 2140 107 25 Inspector
1063 2138 43 19 also
1116 2137 40 19 said
1167 2135 46 19 that
1229 2135 24 19 ho
1272 2135 63 19 found
1355 2135 21 19 in

945 2173 38 13 one
999 2165 61 20 letter
1077 2171 11 13 a
1107 2163 74 26 cheque
1200 2161 30 19 for
1253 2162 30 20 £-1
1298 2163 35 18 15s
1345 2161 31 24 Cd,

946 2193 69 19 drawn
1027 2199 25 12 on
1062 2191 36 19 the
1189 2188 109 26 Exchange
1308 2187 53 21 Bank-

946 2220 34 25 ing
1127 2216 21 19 in
1159 2215 71 20 favour
1246 2215 21 19 of
1328 2215 36 19 Sen-

946 2246 51 19 sible
1090 2243 40 20 and
1141 2241 80 21 crossed
1289 2241 88 19 Swindle

947 2272 39 20 and
1152 2269 32 19 Sir
1195 2268 55 19 John
1269 2267 106 21 remanded

947 2299 93 19 Perlman
1047 2297 37 20 and
1135 2295 34 27 pal
1176 2295 32 19 for
1225 2302 11 12 a
1254 2295 63 24 week,
1337 2294 39 20 and

948 2325 64 19 would
1038 2326 36 18 not
1091 2326 69 23 accept
1183 2321 46 25 bail,
1249 2328 49 13 even
1318 2321 32 20 for
1366 2328 11 12 a

948 2352 56 24 large
1014 2358 49 13 sum.

987 2410 52 19 HOW
1056 2410 35 19 TO
1108 2410 103 19 SOFTEN
1228 2410 102 19 BONES.

975 2465 21 19 It
1006 2465 16 19 is
1034 2463 43 20 well
1088 2462 72 20 known
1171 2461 45 19 that
1236 2461 35 19 tho
1291 2460 46 20 imin
1347 2460 31 19 edi

949 2494 32 18 ;ite
992 2491 61 20 effect
1063 2490 22 18 oil
1095 2489 61 19 bones
1168 2494 43 19 may
1223 2488 23 19 bo
1260 2486 117 21 considered

949 2517 105 21 increased
1065 2517 25 24 by
1101 2515 93 25 allowing
1201 2516 54 18 them
1266 2516 21 17 to
1295 2513 83 26 putrefy

949 2545 92 26 previous
1050 2545 21 17 to
1084 2543 58 24 being
1152 2541 82 26 applied
1244 2543 19 16 to
1274 2540 35 19 tho
1324 2540 54 19 land.

949 2572 41 19 The
1001 2569 139 26 putrefaction
1152 2568 16 19 is
1187 2567 83 20 eifected
1291 2567 25 24 by
1335 2569 33 23 put-

949 2599 46 24 ting
1004 2597 44 19 half
1055 2595 48 21 such
1115 2596 62 18 bones
1187 2594 43 19 into
1241 2600 11 13 a
1270 2594 51 24 heap
1340 2594 38 18 and

949 2624 121 24 moistening
1081 2622 55 19 them
1152 2620 47 20 with
1221 2620 35 19 hot
1275 2627 22 12 or
1316 2618 63 27 liquid

949 2656 90 18 manure,
1049 2649 40 19 and
1100 2649 49 19 then
1166 2649 94 23 covering
1277 2646 55 19 them
1352 2653 26 18 up

949 2677 48 21 with
1008 2676 65 20 earth.
1102 2675 24 19 In
1138 2681 11 12 a
1159 2674 37 19 few
1211 2674 49 24 days
1276 2672 34 20 the
1328 2673 51 25 heap

950 2705 90 19 becomes
1051 2709 59 12 warm
1121 2700 64 24 owing
1196 2701 22 18 to
1226 2700 36 19 the
1279 2699 47 19 linat
1334 2706 34 18 pro-

949 2730 64 20 duced
1024 2729 29 26 by
1068 2729 36 19 the
1114 2726 96 21 chemical
1229 2726 87 24 changes
1335 2733 32 19 pro-

950 2755 82 26 ceeding
1043 2755 71 19 within
1125 2757 26 16 its
1171 2760 59 18 mass,
1250 2753 40 19 and
1308 2752 20 19 in
1345 2752 34 19 the

949 2789 71 15 course
1028 2782 21 19 of
1061 2788 54 13 some
1123 2780 66 20 weeks
1206 2781 37 18 the
1260 2780 61 18 bones
1339 2778 40 20 will

950 2811 23 19 be
983 2809 65 20 found
1058 2810 21 18 to
1088 2809 48 18 have
1145 2808 38 18 lost
1194 2806 52 20 their
1257 2806 92 19 firmness
1359 2804 20 20 of

949 2838 82 18 texture
1055 2835 38 19 and
1118 2835 90 19 becomes
1232 2839 21 12 so
1275 2832 42 19 soft
1336 2831 43 19 that

950 2863 57 19 when
1018 2861 82 27 applied
1110 2863 21 17 to
1141 2860 34 19 the
1185 2859 46 20 land
1243 2859 47 25 they
1298 2858 81 26 quickly

949 2888 61 21 break
1021 2895 27 18 up
1064 2888 39 19 and
1123 2886 76 26 mingle
1217 2886 48 19 with
1284 2885 34 20 the
1337 2885 42 18 soil.

949 2915 72 23 Ashes,
1032 2914 17 19 if
1059 2914 104 23 available,
1178 2920 33 12 are
1229 2912 41 20 also
1290 2911 51 25 good
1359 2913 20 17 to

950 2942 40 20 mix
999 2940 48 22 with
1058 2941 33 19 the
1107 2940 56 21 eaith
1180 2940 49 19 used
1249 2945 20 12 11.1
1287 2938 92 25 covering

950 2969 35 19 the
997 2968 60 20 bones
1070 2975 33 17 up.

949 3033 91 19 WHAT
1048 3033 25 19 IS
1084 3030 160 21 STANDARD
1253 3028 122 21 BUTTER?

976 3086 53 19 That
1039 3084 118 26 containing
1168 3086 25 17 80
1203 3090 36 18 per
1250 3084 47 18 cent
1312 3082 70 20 butter

950 3114 37 18 fat.
1017 3111 55 26 Only
1083 3118 24 12 ail
1119 3113 70 23 expert
1203 3109 60 26 using
1281 3116 10 12 a
1307 3115 75 19 spongo

951 3140 41 18 will
1009 3141 34 23 get
1058 3138 35 19 the
1109 3138 98 19 moisture
1224 3136 64 19 below
1309 3136 24 18 10
1347 3141 35 18 per

950 3167 52 19 cent.
1032 3166 33 18 An
1077 3165 87 24 attempt
1181 3165 22 17 to
1215 3162 55 20 work
1286 3162 15 19 it
1320 3162 63 19 below

951 3193 46 18 that
1006 3198 37 18 per
1053 3194 45 16 cent
1114 3190 40 20 will
1175 3189 63 20 result
1258 3189 21 19 in
1297 3188 85 26 spoiling

952 3220 33 18 the
997 3218 64 26 grain.
1089 3218 29 19 As
1130 3224 10 11 a
1150 3216 44 19 rule
1204 3216 71 19 butter
1293 3215 90 19 contains

952 3246 52 19 from
1017 3246 24 17 12
1054 3246 20 17 to
1083 3246 25 17 20
1118 3250 36 19 per
1164 3244 47 19 cent
1221 3242 100 19 moisture.
1337 3242 35 19 Tor-

952 3272 50 25 haps
1013 3278 24 12 an
1047 3276 85 19 average
1142 3269 64 20 would
1218 3269 23 19 be
1253 3269 24 19 15
1289 3270 94 23 percent;

951 3299 35 19 the
997 3298 59 19 other
1066 3299 11 18 5
1088 3304 35 18 per
1134 3299 45 17 cent
1196 3296 15 18 is
1222 3295 77 24 foreign
1310 3295 73 18 matter

950 3324 74 24 —salt,
1037 3324 73 23 casein,
1119 3321 127 24 buttermilk,
1253 3323 38 17 etc.
1319 3321 64 19 Those

952 3351 83 24 foreign
1046 3350 98 20 elements
1158 3355 58 13 cause
1231 3347 100 26 rancidity
1345 3347 37 19 and

955 3379 33 19 die
1004 3378 70 19 butter
1093 3379 20 16 to
1131 3383 25 18 go
1171 3377 21 17 to
1208 3375 41 19 the
1262 3374 45 19 bad.
1343 3373 40 19 The

952 3411 56 13 more
1018 3404 21 19 of
1049 3403 40 19 this
1100 3403 78 25 foreign
1197 3401 87 19 element
1300 3400 83 20 remains

950 3432 21 19 in
985 3431 70 19 butter
1062 3429 34 19 the
1107 3429 78 20 shorter
1203 3427 35 19 the
1257 3426 88 26 journey
1363 3427 20 18 to

952 3458 35 18 the
997 3456 46 20 bad.

1409 111 99 20 DEATH
1515 111 112 19 BEFORE
1637 111 168 20 DISHONOUR.

1462 165 19 17 A
1490 163 104 19 Tkagetjy
1604 169 26 13 or
1645 169 44 14 TIIK
1697 165 64 19 WAE.

1423 215 41 20 The
1473 215 105 26 following
1590 222 14 12 is
1624 217 73 23 quoted
1718 217 25 24 by
1763 216 63 19 Black

1396 241 39 20 ar,d
1452 241 71 21 White
1539 241 52 19 from
1602 248 11 12 a
1632 243 25 17 let
1662 244 30 17 tor
1708 243 22 19 of
1748 243 36 18 Mr
1802 242 24 19 F.

1395 268 88 24 Villiers,
1496 267 74 25 special
1584 268 157 25 correspondent
1751 270 22 17 at
1792 267 34 20 the

1395 297 45 17 seat
1449 295 22 19 of
1480 300 38 13 war
1527 294 31 18 for
1567 293 85 19 London
1664 301 71 18 papers
1742 293 4 26 :

1421 320 98 24 Walking
1530 319 47 20 with
1590 320 33 19 Mr
1642 321 97 23 Creelam,
1760 320 21 19 of
1794 320 32 19 the

1395 350 51 20 Notv
1456 346 57 20 York
1529 346 82 22 Herald,
1630 346 56 24 early
1704 353 38 12 one
1761 353 52 12 morn-

1395 377 33 24 ing
1439 382 24 12 on
1473 373 34 19 the
1521 372 32 19 old
1575 372 54 19 walls
1645 372 23 19 of
1688 372 90 21 Ivinchu.
1798 379 28 12 we

1395 409 54 13 came
1460 405 65 15 across
1543 405 12 11 :i
1573 405 47 18 very
1636 405 106 17 gruesome
1764 398 60 25 sight.

1395 429 24 19 In
1435 436 11 12 a
1463 426 73 26 garden
1547 426 44 24 just
1602 425 62 19 below
1674 425 34 18 the
1727 424 97 19 southern

1395 455 50 21 wiill,
1464 452 105 26 adjoining
1578 457 11 12 a
1599 451 62 19 house
1671 450 102 26 evidently
1793 450 22 19 be-

1394 481 48 23 long
1449 478 130 24 toingpeoiile
1584 477 21 18 of
1610 476 136 20 considerable
1751 483 73 16 means,

1395 507 34 19 the
1440 505 49 20 dcad
1496 504 68 19 bodies
1575 504 21 18 of
1600 509 59 13 seven
1667 509 74 12 women
1749 502 38 18 and
1797 508 28 12 wo

1394 533 91 20 children
1493 531 55 25 lying
1556 537 25 12 on
1588 536 55 12 some
1649 531 52 16 mats
1710 529 24 24 by
1742 528 35 19 the
1785 534 39 13 saw

1394 560 42 19 side
1445 558 23 19 of
1477 565 11 12 a
1499 557 43 19 well
1553 556 20 19 in
1589 562 11 11 a
1619 561 70 13 corner
1699 554 21 19 of
1731 554 34 19 the
1781 560 33 18 gar-

1394 586 45 19 den.
1467 582 88 21 Around
1565 582 34 18 the
1610 582 45 18 well
1670 587 50 13 were
1739 580 47 19 four
1803 586 21 12 or

1394 612 38 19 live
1456 610 115 21 Chinamen,
1592 610 39 16 two
1651 608 22 18 of
1690 607 64 19 whom
1774 612 51 13 were

1393 636 101 26 dragging
1504 636 27 19 its
1540 633 72 26 depths
1630 634 50 18 with
1690 640 11 12 a
1713 631 49 26 long
1773 632 50 24 pole.

1394 666 18 17 A
1423 663 38 25 girl
1472 662 38 19 and
1522 669 11 11 a
1543 660 53 19 little
1610 660 39 25 boy
1661 659 36 19 bad
1708 659 44 25 just
1770 664 54 13 come

1395 697 24 12 on
1431 690 35 18 the
1475 695 64 15 scene,
1548 686 36 20 and
1595 693 52 12 were
1657 686 96 23 standing
1763 691 11 12 a
1786 685 37 18 few

1393 716 61 25 yards
1464 716 35 22 off,
1510 714 34 20 the
1553 713 35 25 girl
1600 712 87 25 sobbing
1695 711 89 24 bitterly.

1421 740 108 25 Presently
1544 746 30 12 we
1596 738 59 20 could
1677 744 31 12 see
1727 737 34 19 the
1781 743 43 13 men

1394 769 98 24 dragging
1500 767 37 20 had
1550 764 113 20 discovered
1674 764 86 19 another
1768 763 56 25 body,

1393 795 40 19 and
1441 801 48 13 soon
1500 794 16 18 it
1524 799 39 13 was
1572 791 89 25 brought
1671 793 20 16 to
1703 791 33 18 the
1744 789 80 20 surface

1393 822 40 19 and
1443 821 40 19 laid
1494 819 46 20 with
1552 820 32 17 the
1594 818 73 19 others.
1696 816 57 20 Once
1771 822 57 18 more,

1393 848 34 19 the
1436 848 43 25 pole
1487 845 75 26 probed
1570 845 32 17 tlio
1610 843 122 26 depths,and
1741 842 83 19 another

1394 874 56 25 body,
1475 873 47 19 that
1546 871 21 19 of
1590 878 12 12 a
1624 876 68 19 young
1715 869 45 25 girl,
1785 875 39 12 was

1393 900 84 25 brought
1490 895 4 30 '
1506 895 4 30 1
1530 898 33 19 the
1581 897 85 19 surface.
1703 896 16 17 A
1723 912 11 8 ri
1736 895 33 19 ain
1790 895 34 18 the

1393 927 71 25 depths
1490 932 50 12 were
1563 923 88 25 drugged
1676 922 37 19 and
1738 921 85 20 auother

1393 952 104 20 miserable
1507 958 40 12 was
1556 949 91 24 brought
1657 955 27 19 up
1695 948 39 20 and
1755 947 68 26 gently

1393 979 69 26 placed
1473 977 67 21 beside
1551 977 35 18 the
1596 975 76 19 others.
1702 976 14 17 j\
1722 982 9 11 s
1741 974 34 19 the
1786 980 36 13 sun

1395 1005 61 19 broke
1466 1003 88 26 through
1565 1003 34 19 the
1610 1001 101 26 lingering
1727 1001 57 18 mists
1802 1000 22 19 of

1393 1032 34 19 the
1446 1031 92 23 morning
1557 1029 34 19 the
1614 1029 52 25 light
1689 1027 34 21 foil
1744 1033 26 12 on
1789 1026 34 19 the

1393 1058 82 25 deathly
1483 1057 89 19 features
1583 1054 20 20 of
1614 1055 34 19 the
1658 1055 39 18 last;
1707 1060 60 13 come.
1782 1052 42 19 The

1392 1091 67 18 young
1469 1083 37 26 girl
1516 1082 47 20 with
1574 1082 34 19 Iho
1617 1081 54 19 little
1692 1080 38 25 boy
1749 1081 20 17 at
1788 1079 35 18 her

1393 1111 48 23 side,
1453 1109 98 25 suddenly
1563 1108 64 19 threw
1639 1115 27 17 np
1677 1106 35 19 her
1722 1113 52 12 arms
1784 1106 39 19 and

1392 1144 50 18 gave
1452 1144 11 12 n
1471 1134 131 24 loud-shriek,
1622 1134 38 19 and
1679 1132 107 25 snatching
1797 1138 26 18 up

1393 1165 34 17 her
1438 1163 53 19 little
1501 1161 82 20 brother
1592 1167 36 13 ran
1639 1160 69 24 wildly
1727 1159 43 18 into
1789 1158 34 19 the

1392 1190 69 20 house.
1488 1188 65 20 These
1568 1194 49 18 poor
1640 1192 84 16 women,
1743 1184 80 25 fearing

1392 1216 64 24 rough
1468 1221 61 19 usage
1537 1215 52 18 from
1608 1214 34 18 the
1653 1217 102 21 Japanese
1772 1217 39 13 com-

1392 1243 71 19 mitted
1487 1241 81 23 suicide,
1590 1239 116 27 preferring
1722 1237 60 20 death
1802 1239 21 16 to

1391 1269 114 20 dishonour.
1538 1293 24 3 __

1854 105 42 19 AN
1907 102 89 21 IDEAL
2008 103 68 19 WAR
2090 102 160 21 CORRESPON-

2022 129 83 18 DENT.

1873 182 71 19 What
1955 187 14 12 ji
1974 185 11 14 e
1997 186 41 13 has
2052 187 26 12 to
2093 187 42 13 put
2146 187 26 14 up
2183 187 66 14 -with.

1872 234 33 18 Mr
1917 232 111 20 Archibald
2037 232 83 25 Forbes,
2140 232 21 20 in
2181 232 94 20 Cassell's

1846 267 42 12 now
1899 259 59 19 serial
1971 259 91 22 work,''
2062 259 74 19 Battles
2143 259 21 19 of
2172 259 33 19 the
2212 259 52 19 Nine-

1846 285 69 21 teenth
2049 285 101 20 describes
2170 285 34 19 the
2223 285 52 19 ideal

1847 319 37 12 war
1894 311 246 24 correspondent:—'The
2155 311 85 25 person,'
2251 311 24 19 he

1845 345 51 18 says,
1908 337 78 19 'should
1995 338 23 18 be
2026 337 99 25 endowed,
2137 344 72 18 among
2217 338 58 18 other

1846 364 74 25 things,
1931 363 48 19 with
1988 364 35 19 the
2033 366 69 17 'sweet
2108 364 78 25 angelic
2196 365 79 24 temper

1845 391 22 18 of
1876 397 13 12 a
1899 396 81 16 woman,
1988 390 24 18 be
2023 397 21 11 as
2051 390 74 20 affable
2135 398 21 11 as
2165 390 17 19 if
2192 389 24 20 he
2225 396 50 13 were

1844 423 10 11 a
1865 416 106 19 candidate
1982 416 120 25 canvassing
2111 424 12 12 a
2136 416 139 25 constituency

1845 443 31 19 for
1887 442 52 19 their
1948 443 64 22 votes,
2023 442 46 24 and,
2078 446 21 15 at
2108 443 36 18 the
2154 448 54 14 same
2218 443 56 23 time,

1845 469 23 18 he
1878 468 35 25 big
1922 468 40 19 and
1972 468 49 25 ugly
2029 469 77 24 enough
2115 470 21 16 to
2145 469 83 24 impress
2239 468 36 19 the

1844 494 113 20 conviction
1967 494 45 19 that
2022 493 17 19 it
2049 494 65 19 would
2124 495 24 18 be
2160 493 67 27 highly
2238 500 25 13 un-

1846 521 45 19 wise
1901 523 21 17 to
1933 520 45 19 take
1988 526 40 18 any
2045 520 89 19 liberties
2153 520 48 19 with
2219 519 54 20 him.'

1844 547 32 19 110
1888 546 71 20 should
1967 546 59 19 know
2034 552 39 18 any
2080 546 85 19 number
2174 546 22 18 of
2203 546 59 25 langu-

1844 580 52 18 ages,
1909 573 39 19 and
1958 572 72 20 should
2051 572 24 19 be
2096 572 44 19 able
2160 573 21 18 to
2200 572 45 19 Tide
2263 579 11 11 a

1845 600 89 19 hundred
1946 599 56 19 miles
2012 605 12 12 a
2034 598 44 25 day,
2087 598 38 19 and
2145 605 24 17 go
2188 597 87 19 without

1845 627 46 18 food
1902 633 22 12 or
1936 626 54 24 sleep
2000 625 33 19 for
2044 631 11 12 a
2066 624 59 24 week,
2137 624 38 19 and
2195 623 24 19 bo
2230 623 45 19 able

1844 654 22 17 at
1875 652 35 19 the
1920 652 38 19 end
1967 651 21 20 of
2003 653 18 17 it
2030 652 21 17 to
2063 650 57 19 write
2138 650 66 19 round
2219 649 54 19 hand

1844 679 31 18 for
1885 685 11 12 a
1907 679 77 24 foreign
2004 676 104 26 telegraph
2126 676 55 20 clerk
2199 678 22 17 at
2239 675 36 19 the

1844 707 43 17 rate
1896 705 22 19 of
1925 711 12 12 a
1943 704 81 20 cohimn
2031 710 26 13 an
2066 704 49 18 hour
2125 703 32 19 for
2164 702 29 19 six
2200 701 74 20 hours.'

1844 731 113 25 According
1966 733 22 16 to
1998 730 35 19 the
2052 736 52 13 same
2117 728 111 26 authority,
2240 728 35 19 the

1844 760 121 23 percentage
1980 756 22 19 of
2021 756 108 19 casualties
2144 761 72 19 among
2235 761 40 12 war

1844 783 168 25 correspondents
2023 783 16 18 is
2050 784 81 24 greater
2142 782 48 19 than
2200 787 75 19 auiong

1844 810 33 19 the
1901 810 68 19 actual
1986 809 89 25 fighting
2098 807 56 27 men:
2158 808 58 18 —'ln
2240 807 35 19 the

1844 836 84 20 Servian
1939 836 106 25 campaign
2055 835 22 19 of
2087 836 58 23 IS7G,
2156 834 57 19 there
2224 840 51 13 were

1844 863 71 18 twelve
1942 861 173 26 correspondents
2145 861 22 19 of
2195 861 80 19 various

1844 888 137 19 nationalities
1991 888 44 19 who
2052 891 50 22 kept
2118 887 35 20 the
2172 887 45 19 field
2235 886 39 19 and

1844 917 53 18 went
1908 915 63 19 under
1980 915 43 23 fire,
2044 914 39 19 and
2103 914 21 19 of
2143 913 57 19 these
2219 913 56 19 three

1844 948 50 13 were
1909 941 61 19 killed
1987 942 39 18 and
2045 941 48 19 four
2113 939 103 24 wounded,
2235 939 40 19 and

1844 972 35 16 out
1890 967 21 20 of
1921 968 63 19 about
2000 969 77 22 twenty
2096 966 20 20 in
2136 966 33 20 the
2186 965 89 24 SoudaD,

1843 994 107 25 according
1974 996 21 17 to
2018 994 33 18 Mr
2071 993 94 19 Frederic
2185 992 90 23 Villiers,

1844 1022 34 18 'six
1892 1027 49 13 were
1951 1020 69 24 killed,
2028 1026 38 12 ouo
2075 1019 46 19 died
2129 1019 52 19 from
2192 1019 84 22 disease,

1843 1049 101 17 two-were
1956 1046 83 26 slightly
2049 1045 102 24 wounded,
2162 1045 38 19 and
2209 1045 67 19 others

1843 1073 37 19 had
1899 1080 80 13 narrow
2004 1079 82 18 escapes
2104 1071 51 19 from
2176 1071 100 24 shooting,

1843 1100 110 24 drowning,
1964 1099 40 19 and
2015 1099 62 25 dying
2085 1098 21 20 of

1202 45 57 20 THE
1272 45 61 20 HOT
1348 46 93 21 LAKES
1457 44 167 24 CHRONICLE
1639 48 182 20 'WEDNESDAY
1841 48 39 19 22n
1900 47 18 24 (3,
1927 45 63 22 MAT
2002 47 57 24 1895,

36 3085 4 23 '
58 3085 2 23 '
82 3088 44 20 The
159 3085 133 21 Chiistehurch
319 3087 45 19 Star
384 3087 36 19 has
442 3087 33 19 the

20 3109 200 32 gßjollowing:—lt
242 3113 14 18 is
274 3113 94 25 probable;
386 3113 41 19 that
450 3120 25 12 an

21 3135 33 23 ■
57 3140 139 23 fliiii-.Cliiuese
218 3139 151 20 demonstration
390 3139 40 21 will
451 3139 25 19 be

25 3167 81 22 S'jield
115 3167 21 18 iD.
152 3165 136 20 Chrielchureh
306 3165 79 26 shortly.
412 3166 20 18 It
441 3166 35 18 has

23 3189 29 25 111
57 3194 51 20 been
129 3192 119 20 ascertained
270 3191 43 19 that
329 3198 51 13 some
394 3191 83 21 Chinese

21 3214 91 27 Shave
127 3219 50 19 been
194 3218 143 25 endeavouring
350 3221 19 15 to
383 3218 94 20 establish

20 3241 33 23 ml
58 3245 62 22 retail
128 3244 111 20 businesses
253 3244 52 23 hero,
315 3244 38 19 and
361 3244 15 18 it
385 3244 16 19 is
410 3244 67 20 feared

58 3271 47 20 that
124 3270 70 18 should
207 3270 45 24 they
270 3270 23 19 do
303 3276 21 12 so
340 3269 45 27 they
395 3271 39 19 will
443 3270 23 20 ob-

20 3295 33 29 lig
60 3297 43 19 tain
118 3302 11 13 a
146 3296 45 18 hold
207 3296 46 18 such
270 3302 21 13 as
305 3296 47 25 they
364 3296 50 20 have
429 3297 39 20 clso-

33 3324 28 55 f'
61 3323 68 20 where
138 3322 21 19 in
168 3321 33 19 the
209 3322 72 25 colony,
299 3322 39 19 and
347 3322 42 19 that
404 3324 73 18 serious

60 3349 71 25 injury
150 3347 40 20 will
198 3347 24 20 be
231 3347 49 20 done
297 3350 20 17 to
331 3349 33 19 tlio
374 3349 103 25 European

25 3381 24 22 g$
58 3374 136 26 shopkeepers
203 3374 38 19 and
247 3376 20 17 to
273 3374 88 20 business
372 3375 104 25 uuiorally.

21 3422 28 22 •tih
83 3424 35 19 An
127 3422 57 19 effort
197 3423 21 18 to
235 3422 99 20 introduce
351 3422 30 19 TV
402 3430 76 13 masons

23 3447 111 27 Mftmong
141 3448 33 19 the
185 3448 80 20 Chinese
274 3448 20 20 in
309 3448 76 26 Sydney
396 3452 34 16 lias
440 3452 39 17 met

20 3488 29 280 1-
56 3476 52 20 -with
126 3474 61 20 check
204 3474 26 25 by
246 3474 34 19 the
298 3475 106 20 committal
425 3476 21 19 of
468 3483 9 12 a

20 3495 29 35 |||
58 3502 58 20 cruel
125 3501 85 19 murder.
237 3501 40 19 The
284 3503 109 17 movement
401 3508 40 13 was
449 3508 20 13 re-

20 3521 29 28 iH
59 3527 71 22 ceived
144 3527 50 18 from
202 3526 34 19 the
249 3528 63 18 outept
330 3527 46 19 with
392 3527 87 26 hostility

49 3553 3 28 '•
58 3553 37 28 f|y.
105 3560 12 13 a
136 3553 70 19 ccrtrin
225 3560 24 11 w
351 3553 32 28 I}.;■
397 3553 84 24 fMijoso

58 3580 108 23 j-esidonts.
192 3578 41 19 The
242 3579 54 19 other
306 3579 58 26 night
379 3588 12 11 a.
408 3582 73 19 etu-ious

60 3605 83 27 quarrel
154 3610 55 13 arose
219 3611 43 12 over
271 3605 33 19 the
313 3607 70 18 matter
392 3605 89 20 between

60 3638 58 17 pome
127 3631 22 19 of
159 3630 33 18 the
201 3630 73 19 leaders
284 3632 19 18 of
312 3631 33 19 the
355 3633 37 18 two
401 3632 78 25 parties,

60 3658 78 24 during
147 3655 64 21 which
220 3662 12 13 a
244 3662 43 13 man
298 3658 70 18 named
378 3658 42 26 Hip
428 3659 51 18 Nam

60 3692 43 13 •was
113 3682 85 20 stabbed
207 3682 21 18 in
236 3682 32 19 the
278 3683 55 25 groin
348 3683 26 25 by
392 3690 12 13 a
416 3684 65 22 fellow

59 3711 142 23 countryman.
249 3708 56 19 After
327 3709 98 26 lingering
451 3711 31 18 for

59 3743 58 16 j3omo
128 3734 81 20 months
218 3734 28 18 till
257 3733 41 26 Hip
307 3735 52 20 Nam
368 3735 50 20 died.
441 3736 41 20 The

44 3760 3 29 i
59 3763 67 26 police
150 3761 51 18 have
227 3760 85 19 arrested
333 3761 29 20 his
385 3763 97 25 supposed.

44 3780 3 32 |
58 3786 106 24 iissnilaht.

86 3830 45 19 The
141 3828 102 20 chairman
254 3827 20 19 of
284 3827 32 20 the
332 3826 61 22 South
402 3829 69 20 Canter-

59 3857 56 25 bury
133 3852 116 23 Charitable
260 3852 38 19 Aid
312 3854 64 21 Board
390 3856 41 19 said
450 3856 32 19 the

60 3883 60 21 other
127 3881 42 25 flay
178 3880 43 19 that
232 3880 33 18 the
270 3880 70 24 people
349 3881 20 18 of
377 3881 48 21 Now
435 3882 36 19 Zea-

59 3909 51 21 land.
127 3912 54 15 wore
190 3906 64 25 losing
263 3905 52 18 their
329 3906 55 24 spirit
394 3908 19 18 of
430 3908 42 19 inde-

59 3936 110 27 pendence.
197 3932 7 19 J
207 3929 2 34 l
212 3932 25 19 'or
244 3929 92 24 tliGjiiost
345 3932 73 25 trilling
427 3934 57 26 thing

60 3969 48 13 men
130 3958 74 21 rushed
227 3960 19 17 to
265 3958 34 18 the
312 3957 114 22 Cbaritablo
444 3960 37 19 Aid

59 3986 76 23 Board.
163 3985 56 20 liven
228 3984 33 19 the
271 3983 72 20 Labour
361 3984 76 19 market
445 3992 39 14 was

59 4014 82 26 getting
164 4018 21 12 as
202 4011 46 19 bad.
282 4010 49 19 Men
345 4016 54 12 came
416 4012 19 17 to
454 4012 31 19 his

59 4041 58 19 office
136 4037 38 20 and
185 4037 42 19 said
237 4037 21 19 in
271 4036 36 20 the
315 4038 52 18 most
385 4036 101 25 impudent

59 4071 88 18 jnannor
164 4063 43 19 that
215 4063 26 19 he
250 4064 53 18 must
317 4064 35 24 got
361 4062 54 19 thom
432 4063 54 19 work

59 4099 24 14 or
93 4090 47 21 feed
148 4089 60 20 them.
235 4089 63 19 There
309 4095 40 14 was
359 4095 25 13 no
399 4088 87 27 disgraco

58 4116 96 25 attached
164 4118 19 18 to
192 4116 15 19 it
216 4122 48 15 now.

519 3093 117 26 Enterprise
642 3093 17 19 is
666 3093 77 25 seizing
751 3099 54 19 upon
814 3092 35 19 tlie
856 3098 55 13 manu-

495 3121 98 18 facturers
602 3121 21 18 of
631 3120 82 19 Ivussia.
743 3119 81 20 Several
834 3118 22 19 of
870 3118 55 19 thom

495 3147 50 19 have
556 3146 81 19 decided
652 3148 20 17 to
691 3145 93 26 organise
804 3144 121 21 exhibitions

496 3173 20 19 of
534 3172 75 26 sample
629 3172 21 19 of
671 3172 89 19 Prussian
777 3170 150 20 nianufactures

496 3199 64 19 which
570 3199 40 19 will
620 3199 25 18 he
661 3198 125 20 transferred
803 3197 53 19 from
873 3198 54 17 town

495 3229 20 15 to
525 3227 52 17 town
588 3226 19 18 in
618 3225 75 23 Persia,
708 3224 144 25 Afghanistan,
873 3222 43 19 33ok-

496 3252 54 23 hara,
562 3252 39 18 and
611 3251 34 19 the
655 3250 96 20 Khanate
765 3250 21 19 of
795 3250 75 23 Khiva,
877 3248 50 21 with

496 3278 33 18 the
539 3277 67 26 object
617 3278 20 18 of
646 3277 116 25 promoting
772 3276 87 19 Russian
869 3275 56 19 trade

497 3304 19 19 in
526 3304 58 19 tlioso
598 3303 104 19 countries.

522 3335 64 19 There
600 3341 34 12 are
652 3340 45 13 now
716 3333 21 20 in
757 3333 95 25 England
870 3332 56 19 three

497 3361 47 25 lady
555 3360 172 19 churchwardens.
755 3359 33 25 l!y
796 3366 25 12 an
829 3359 38 19 odd
875 3358 40 19 coin-

498 3387 78 19 cidence
586 3387 47 24 they
643 3393 35 12 are
688 3386 27 19 all
725 3386 93 24 dowager
832 3385 63 19 ladies
904 3386 21 17 oi

498 3413 59 19 titles.
585 3412 43 19 The
645 3412 103 25 Dowager
765 3411 56 25 Lady
841 3410 85 25 Ilindlip

497 3440 94 21 officiates
606 3439 20 18 in
641 3446 12 11 ;l
673 3438 74 19 church
765 3438 21 18 in
804 3437 109 19 Worcester-

496 3466 59 23 shire,
565 3465 35 21 tjio
619 3465 102 24 Povager
739 3464 57 24 Lady
813 3463 114 19 Heathcote

497 3493 20 18 at
532 3492 33 19 the
583 3492 74 19 cliurc.il
681 3491 21 18 of
720 3490 67 19 North
805 3489 80 25 Ealing,
905 3489 22 18 in

497 3518 129 25 Hampshire,
640 3516 40 19 and
699 3516 35 19 the
752 3516 100 24 Dowager
873 3514 54 25 Lady

497 3544 143 25 Londonderry
648 3546 20 17 at
678 3542 145 25 Machynlleth,
832 3542 21 18 in
860 3541 66 20 North

501 3570 71 19 Wales.

524 3603 18 21 A
549 3603 121 19 millionaire
689 3602 37 19 has
750 3600 125 20 constructed
892 3599 34 20 the

499 3631 50 17 most
558 3629 111 21 wonderful
682 3628 59 19 hatlis
751 3627 20 19 in
782 3627 33 19 (ho
835 3626 60 20 world
904 3628 21 17 at

499 3655 39 19 San
552 3655 107 19 Francisco.
689 3655 42 18 The
745 3655 57 25 great
812 3653 51 20 cliffs
878 3653 36 18 hav-

500 3681 34 25 ing
550 3682 50 18 been
618 3681 102 21 tunneled,
742 3681 34 18 the
795 3681 61 18 water
875 3678 52 19 (lows

499 3707 51 20 from
560 3708 33 19 the
604 3707 73 20 Pacili::
689 3706 89 25 through
788 3712 12 13 a
817 3705 110 19 succession

499 3735 21 17 of
529 3734 80 19 tunnels
619 3734 41 18 into
670 3740 12 12 a.
691 3732 103 22 reservoir,
812 3732 65 19 where
886 3731 16 18 it
911 3731 16 18 is

499 3760 92 24 vanned,
616 3760 40 19 and
675 3760 70 18 thence
764 3759 41 19 into
824 3763 104 15 enormous

500 3786 64 20 tanks.
595 3787 70 23 2(),00u
678 3785 72 25 people
760 3791 36 12 can
811 3784 32 23 sit,
863 3783 62 23 stand,

500 3819 21 12 or
531 3812 121 25 promenade
659 3812 63 18 about
729 3811 55 19 these
792 3810 64 23 tanks,
864 3808 63 20 which

501 3845 32 12 are
543 3838 99 25 arranged
652 3838 31 19 for
696 3843 61 19 every
767 3835 86 27 possible
870 3836 29 18 set
908 3835 20 19 of

501 3864 86 19 bathers.
616 3864 42 19 The
668 3863 55 25 place
742 3863 17 18 is
776 3861 59 20 made
851 3861 66 19 beauti-

503 3890 27 19 ful
554 3890 46 20 with
619 3890 63 19 urusic
696 3889 40 19 and
755 3887 83 26 tropical
855 3887 72 26 plants,

503 3916 56 25 whjj,e
583 3916 50 20 seals
652 3923 38 12 sun
713 3914 118 21 themselves
854 3920 25 12 oil
895 3913 33 19 the

503 3943 60 19 rocks.

505 4015 13 25 1
529 4015 24 25 A
558 4015 25 24 A
593 4014 131 20 VISITING
741 4012 97 24 CARDS,
856 4010 71 26 (ladies

612 4047 21 13 or
649 4041 141 26 gentlcmcn'3)
812 4047 18 18 pi
837 4038 19 19 in
860 4038 32 19 ted
908 4037 20 20 in

505 4065 40 20 best
556 4067 51 25 style
617 4067 32 20 for
660 4068 22 19 4s
692 4067 32 24 (scl,
743 4069 20 17 at
779 4066 35 19 the
833 4065 55 20 office
907 4064 21 19 oi:

505 4092 27 19 his
544 4100 65 18 paper.
638 4094 49 18 Pest
696 4093 58 25 ivory
765 4092 82 21 surface

495 4112 4 39 [
510 4119 24 18 nd
551 4119 94 27 printing
655 4120 58 26 equal
724 4122 20 17 to
756 4118 130 27 copperplate

976 3513 42 20 Tlio
1030 3512 96 25 majority
1134 3511 21 19 of
1167 3511 33 19 the
1211 3511 83 25 English
1306 3510 65 20 tennis-

951 3540 79 26 players
1042 3545 35 13 are
1087 3538 41 19 said
1139 3539 21 17 to
1178 3537 71 19 favour
1261 3544 10 12 a
1282 3538 97 25 proposed

951 3573 42 13 new
1012 3565 51 23 rule,
1084 3564 81 25 making
1192 3570 57 19 (-.very
1272 3564 41 19 ball
1337 3563 45 19 that

951 3592 83 21 touches
1045 3594 34 16 tue
1090 3592 35 23 top
1133 3591 19 18 of
1166 3589 33 19 the
1209 3592 35 17 net
1255 3591 72 24 during
1335 3589 46 26 play

952 3627 10 12 (i
1056 3618 49 19 thus
1115 3616 109 25 rendering
1243 3617 17 19 it
1278 3623 105 19 necessary

952 3648 20 18 to
983 3652 38 20 pay
1032 3645 34 19 the
1077 3643 63 21 whole
1149 3643 57 25 point
1216 3650 45 12 over
1272 3643 65 25 again.

980 3679 17 18 A
1009 3677 46 25 gold
1067 3675 62 20 medal
1142 3674 102 26 weighing
1253 3681 26 12 no
1289 3675 38 20 lens
1338 3675 45 19 than

953 3707 39 18 two
1016 3702 82 26 pounds
1117 3708 39 12 was
1180 3701 105 25 presented
1305 3702 27 24 by.
1349 3701 33 20 the

955 3731 106 20 American
1079 3730 49 22 linn,
1139 3728 85 25 Morgan
1236 3728 37 18 anil
1296 3728 87 24 Wrigbfc,

953 3760 21 17 to
983 3758 27 19 IT.
1021 3756 23 20 C.
1054 3755 68 25 Tyler,
1133 3753 76 26 cyclisr,
1229 3753 44 20 wlro
1289 3754 43 19 hold
1350 3754 33 19 the

953 3782 92 27 unpaced
1072 3780 46 21 mile
1136 3780 69 19 record
1226 3780 63 25 (2uiiu
1305 3781 10 19 7
1327 3780 56 19 2-uth

954 3811 60 24 t-ecs.)
1028 3811 21 17 at
1059 3808 35 19 the
1109 3806 37 21 end
1167 3806 20 19 of
1206 3808 35 17 the
1261 3813 54 19 year.
1343 3806 40 19 The

953 3841 28 16 act
986 3836 32 20 ual
1026 3835 59 19 value
1092 3834 21 19 of
1124 3832 3 26 1
1134 3834 22 18 he
1164 3832 46 26 gold
1218 3839 39 13 was
1268 3839 46 13 over
1320 3833 63 24 £IOO,

953 3863 38 20 and
1004 3862 34 19 tho
1049 3860 146 25 workmanship
1205 3862 42 16 cost
1259 3859 49 19 .£'2o.
1336 3859 47 19 This

953 3890 16 19 is
979 3887 140 25 undoubtedly
1133 3886 34 19 the
1186 3888 51 17 most
1256 3885 127 26 magnificent

953 3915 64 20 medal
1028 3921 25 13 ou
1065 3913 76 20 record.

972 3988 44 15 I'uio
1033 3986 51 16 Blond
1096 3986 13 13 is
1124 3986 26 17 llie
1160 3986 53 15 secret
1227 3985 17 14 of
1253 3984 62 16 lioaltli.
1317 3984 66 17 —DrE

952 4006 83 17 Oioriloii'ti
1044 4005 75 16 I'JiOOB
1129 4004 3 19 I
1136 4005 52 15 'ILLS
1196 4005 64 15 clonics
1267 4005 26 14 tin;
1301 4005 59 18 system
1366 4004 17 15 of

952 4027 20 16 all
981 4027 64 19 impure
1052 4025 54 18 lilood,
1113 4029 38 11 euro
1157 4024 105 19 Indigestion,
1269 4024 113 19 Constitution

951 4047 49 16 Liver
1016 4044 107 21 Complaints,
1139 4043 49 16 Pains
1206 4045 15 14 in
1239 4043 41 16 back
1298 4041 31 18 ami
1340 4043 42 16 sides

955 4062 101 21 lldloußuosß,
1068 4064 37 15 Sink
1119 4063 100 18 Iloadnclies;
1234 4066 64 12 remove
1306 4062 76 19 jinnplcua

952 4086 81 18 Scrofula,
1040 4085 68 17 Scurvy,
1115 4084 31 15 etc.
1226 4083 39 17 liox,
1273 4083 16 14 (in
1294 4083 33 14 two
1334 4085 47 13 liu.vcs

991 4106 37 19 post
1035 4105 39 16 free.
1096 4104 16 15 J.
1127 4102 23 16 W.
1159 4102 87 16 Ul.avion
1258 4102 30 16 Im.x
1296 4102 84 16 :*UiDuiir

951 4126 41 15 'ffiu,

1868 1173 54 20 Lovo
1932 1173 16 19 is
1958 1172 35 19 tie
2003 1171 85 20 measles
2097 1171 21 19 of
2128 1171 34 19 tlie
2171 1170 64 20 heart.

1868 1217 33 17 An
1919 1217 69 24 oir.ph'
2006 1214 53 19 head
2077 1213 69 20 makes
2170 1213 36 20 tho
2224 1215 54 18 most

1842 1242 62 19 noise.

1869 1272 118 25 Physician:
2108 1272 168 25 yourprofession

1843 1304 24 16 „ii
1876 1302 10 18 ?
1895 1299 4 25 '
1915 1301 83 19 Patient
2020 1299 138 25 (pompously)
2169 1299 3 25 :
2198 1299 51 19 "I'm
2266 1306 10 12 a

1885 1326 94 21 ii<.u.au.''
2102 1325 63 26 you'll
2185 1325 50 19 have
2256 1328 22 16 to

1843 1351 26 27 ti)
1886 1353 115 24 somethiug
2012 1351 51 27 else;
2082 1353 16 18 it
2125 1351 80 20 doesn't
2220 1358 58 19 agree

1843 1381 47 20 with
1899 1387 46 18 you.

1416 1304 60 19 Lives
1486 1304 20 18 of
1525 1306 57 21 great
1600 1308 46 12 men
1662 1299 78 21 iviniu'l
1759 1305 24 13 us

1392 1330 49 20 little
1452 1329 90 26 episodes
1552 1329 21 18 in
1579 1334 36 13 our
1623 1334 51 12 own.

1416 1363 129 26 Necessityis
1552 1362 33 21 tho
1593 1362 79 19 mother
1679 1361 25 21 of
1712 1360 77 21 invcnli

1392 1392 36 19 but
1438 1398 58 17 many
1506 1390 114 19 inventions
1631 1396 33 11 ar<;
1675 1393 95 19 orphans.

1677 3657 349 28 THURHNGH

1406 3691 81 42 Smith
1517 3691 48 39 and
1584 3690 114 52 Carriage
1720 3692 105 46 Works,
1856 3691 82 41 Coach
1965 3692 49 40 and
2044 3691 110 52 Waggon
2190 3691 103 51 Factory

1610 3767 215 21 ESTABLISHED
1840 3768 82 20 OVER
1940 3769 25 19 10
1981 3768 106 21 YEARS.

1423 3816 37 15 The
1468 3815 117 20 undersigned
1593 3820 30 10 aro
1630 3814 141 18 manufacturers
1778 3816 19 16 of
1805 3816 23 15 all
1837 3816 63 17 classes
1907 3816 19 16 of
1934 3816 82 16 Vehicles
2025 3816 13 17 &
2047 3817 122 20 Agricultural
2175 3817 113 21 Implements

1425 3837 36 15 Our
1468 3836 112 16 well-known
1588 3836 101 20 reputation
1696 3842 20 10 as
1722 3836 87 17 Practical
1825 3837 102 17 jVlcclianica
1943 3837 33 16 and
1991 3838 60 16 W.P's
2062 3839 20 16 27
2098 3843 50 16 years
2159 3839 101 20 experience
2278 3840 11 15 ii

1402 3859 30 16 tho
1440 3857 119 17 Australasian
1567 3857 86 19 Colonies,
1662 3857 64 21 justify
1734 3863 20 11 us
1762 3859 18 15 in
1797 3859 84 20 claiming-
1893 3859 39 16 that
1947 3863 26 11 wo
1990 3864 31 11 can
2035 3859 68 16 furnish
2119 3865 10 10 a
2145 3861 56 15 better
2216 3860 44 16 class
2278 3863 14 13 oi

1402 3880 80 18 vehicles,
1491 3878 94 16 consistent
1593 3878 42 16 with
1644 3878 62 16 honest
1715 3880 46 15 work
1770 3880 18 16 at
1797 3885 10 10 a
1816 3880 75 19 cheaper
1901 3882 38 14 rate
1947 3880 42 15 than
1999 3885 35 15 any
2042 3881 18 15 of
2068 3885 32 11 our
2108 3882 115 20 competitors.

1423 3901 36 15 Tho
1467 3900 61 15 Public
1537 3900 34 15 will
1583 3899 36 16 find
1628 3899 14 16 it
1653 3900 17 15 to
1685 3899 44 16 their
1745 3901 101 20 advantage
1861 3903 18 13 to
1896 3901 151 16 ENCOURAGE
2066 3901 80 17 LOCAL
2165 3903 128 17 INDUSTRY,

1401 3923 57 15 vhei'o
1470 3922 41 19 they
1522 3926 32 10 can
1562 3921 44 15 havo
1613 3920 28 16 tho
1648 3920 79 20 pleasure
1734 3922 19 15 cf
1761 3922 60 21 seeing
1835 3922 93 16 linn-class
1945 3922 79 16 material
2037 3923 35 15 and
2087 3923 129 21 workmanship
2231 3926 33 19 put
2279 3925 10 15 ii

1401 3943 80 17 Vehicle.-;
1488 3942 50 16 made
1546 3943 18 14 to
1571 3941 47 16 their
1624 3941 63 16 valued
1695 3942 65 17 orders.

1423 3964 45 19 N,B.
1470 3963 101 16 —Vehicles
1579 3963 18 16 of
1603 3962 24 16 all
1635 3962 117 21 descriptions
1762 3964 86 21 repaired,
1857 3964 79 22 painted,
1951 3965 95 16 renovated
2055 3966 33 15 and
2099 3966 49 16 made
2164 3967 17 15 to
2196 3966 41 17 look
2253 3972 40 15 tqun

1402 3987 17 15 to
1429 3990 44 13 new.

1403 4032 203 28 WILLIAM
1831 4033 253 28 Goachbuilder

1404 4067 16 4 ~
1469 4068 10 29 :
1761 4070 136 27 TAMES
1917 4071 133 32 HAUA,
2071 4072 215 29 Blacksmith

1654 4102 66 18 DEVO
1768 4102 2 20 ■
1795 4103 12 17 ■:
1820 4102 74 20 IIOAD,
1907 4103 150 17 TAURANGA.

1341 4208 64 15 if
1406 4207 1 20 1

1049 4222 285 37 :ici;oc.oc..(is
1378 4222 92 39 Tor

2343 143 61 47 m

2514 122 37 38 M.
2573 123 128 39 SIMON.

2489 177 59 24 (Late
2558 181 22 17 of
2588 180 138 27 Melbourne,)

2515 212 97 29 Practical
2623 216 71 27 Taiior.

2489 263 122 29 Clothes
2634 267 90 27 made

2505 297 31 26 to
2558 298 84 26 order
2667 308 39 18 on

2539 329 140 29 shortest

2550 364 111 26 notice.

2488 439 90 18 Pnecs
2596 440 69 18 ti'oni
2679 442 38 17 i'
2725 439 8 20 3

2509 461 48 18 lOs
2567 466 134 18 upwards.

2500 496 55 24 Stylo
2565 498 41 19 and
2614 498 34 19 Fit
2658 501 35 17 not
2705 501 20 17 to

2486 522 25 19 bo
2524 524 94 24 equalled
2631 525 20 18 in
2665 527 59 18 town.

2486 565 96 20 Address
2638 567 56 19 Next
2705 569 20 17 tc

2486 591 93 25 Larkins,
2593 592 131 20 Ohinemutu.

2296 662 151 38 Roturua
2468 665 158 37 Sawmill
2639 665 85 47 Coy.

2294 737 138 47 WHITE
2441 738 60 19 AND
2510 739 57 19 RED
2581 741 70 18 PINE
2661 741 21 19 of
2692 741 34 19 the

2371 764 59 19 iincst
2439 764 80 26 quality
2528 765 40 19 and
2578 766 98 25 carefully
2686 769 40 17 cut.

2485 805 48 14 ALSO

2295 833 92 24 i7B;ilai,
2414 834 123 18 J'ltlsatca
2565 835 52 17 ami
2642 835 85 17 Tana

2294 856 127 19 JSliiasjjK;*.
2434 856 117 19 R'aJiims.
2565 857 95 18 HSloclts
2674 858 52 17 and

2296 877 79 21 Posts,

2319 925 19 18 A
2347 925 52 25 good
2412 925 40 20 and
2467 926 91 19 assorted
2567 926 74 26 supply
2651 926 76 26 always

2293 957 26 12 on
2327 950 56 20 hand
2393 953 21 17 at
2423 951 35 19 the
2465 951 82 20 Timber
2556 952 64 19 Yard.
2732 946 1 28 |

2425 977 172 20 EOTOEUA.
2732 977 1 20 !

2294 1025 195 26 N-B.—Special
2508 1031 58 16 care
2594 1026 81 21 taken
2699 1026 29 21 in

2400 1052 47 20 the
2473 1053 145 25 seasoning.

2325 1104 84 39 Prices
2429 1105 25 38 at
2490 1104 104 41 Current
2609 1104 87 41 Rates.

2296 1172 27 26 W.
2338 1173 122 32 HEMAW,
2629 1174 97 30 Manager.

2371 1251 147 21 INSURE
2545 1252 108 20 WITH

2296 1282 47 14 THE
2359 1281 75 17 SOUTII
2446 1281 95 16 BRITISH
2552 1282 53 15 FIRE
2616 1281 14 16 &
2644 1282 77 16 MARIN

2374 1310 42 16 Coy.
2427 1309 28 16 OF
2466 1310 54 14 NEW
2530 1310 114 16 ZEALAND.

2296 1347 75 17 Capital
2634 1347 97 20 ,£1,900,000

2355 1379 92 16 Unlimited
2455 1379 65 20 libality
2525 1380 17 14 of
2548 1380 122 15 Shareholders.

2296 1403 54 20 Being
2357 1409 9 9 a
2374 1403 73 16 Colonial
2453 1403 98 15 Institution
2557 1404 61 14 Profits
2623 1408 28 10 are
2658 1403 74 16 invested

2480 1423 65 19 locally.

2298 1457 49 15 Head
2360 1457 54 19 Office,
2642 1458 9 14 A
2658 1456 73 16 nckland

2296 1491 49 16 Local
2361 1491 59 20 Agent
2587 1491 47 16 J.W.
2641 1490 66 20 Wrigle
2717 1496 12 14 y

2787 94 27 26 J.
2832 95 51 26 W.
2904 97 217 34 WRIGLEY,

2821 149 197 23 ROHIT
3050 154 19 20 E
3100 154 17 21 0
3149 154 24 25 T,

2885 200 139 22 EOTOE.UA.

2770 227 69 24 Agent
2854 227 32 19 for
2898 228 34 19 the
2952 229 64 18 South
3036 229 79 20 British
3123 231 48 21 Fire

2744 254 17 18 &
2771 252 80 21 Marine
2860 254 115 19 Insurance
2985 255 110 25 Company.

2811 298 211 33 Established
3043 312 24 23 i?
3067 312 36 23 76.

2744 375 59 16 Under
2825 377 28 16 tho
2879 381 21 15 >3

2744 396 33 16 His
2790 396 61 18 Excel-

2745 417 87 18 Governor
2862 420 38 15 *w;

3078 379 97 22 Patronage

3076 400 49 22 lency
3145 402 28 15 the

3076 422 18 16 of
3105 422 23 18 N.
3141 422 18 18 Z.

2809 455 94 37 John
2934 457 37 38 J.
3001 458 105 48 Keys,

2747 503 124 30 Ruilder
2900 506 59 26 and
2985 506 177 29 Contractor

2820 557 231 27 rotortt
3062 557 43 27 A.

2744 624 107 21 Estimates
2871 626 57 24 given
2942 628 33 19 for
2985 629 113 26 Buildings,
3109 630 51 20 alter-

2762 651 77 20 tationa
2848 652 38 19 and
2897 654 76 24 repairs
2982 655 21 19 in
3013 656 26 19 all
3049 656 97 20 br&nches

2900 679 22 18 of
2931 680 35 19 the
2973 682 63 20 trade.

2771 709 101 26 Painting,
2882 709 163 29 Paperhauging,
3059 714 40 20 and
3115 715 46 20 Glaz-

2744 736 40 25 ing,
2796 736 102 19 Venetian
2909 737 17 19 &
2937 737 56 20 other
3005 739 69 21 Blinds
3084 742 20 18 to
3116 742 57 20 order

2757 769 23 12 or
2795 762 114 26 re-painted
2925 763 40 20 and
2973 766 98 25 re-taped.

2757 794 58 20 Good
2825 793 66 20 stocks
2906 794 21 20 of
2940 795 88 21 Funeral
3041 796 119 27 Requisites.

2789 849 139 19 FUNERAL
2949 850 170 22 FUKNISHER.

2754 882 16 11 ■i*
2776 882 272 12 .'-•v:-.I---'-.■•.■■•'VrvvVvl..-;
3055 882 2 12 •
3088 883 14 11 i>.-

2840 934 38 26 H.
2910 934 180 28 MARTIN.

2746 981 127 28 Saddler
2882 985 20 23 &
2918 981 133 28 Harness
3066 983 106 29 Maker.

2789 1026 94 21 (Nextito
2893 1026 93 18 Larkin's
2999 1026 51 19 Boot
3064 1027 64 22 Shop.)

2867 1061 186 21 OHINEMUTU.

2769 1103 89 24 Saddles,
2869 1102 87 25 Bridles,
2965 1101 85 25 Collars,
3058 1104 32 18 &o.
3099 1103 49 26 kept
3154 1103 21 20 iu

2746 1129 69 21 Stock.

2807 1166 35 19 All
2853 1165 134 25 descriptions
2997 1165 21 20 of
3029 1165 83 21 harness

2879 1193 58 19 made
2947 1195 21 17 to
2980 1193 64 19 order.

2799 1235 84 25 Repairs
2893 1235 52 20 done
2961 1235 49 19 with
3020 1235 103 26 despatch.

2747 1271 56 26 Style
2813 1273 37 19 and
2867 1272 158 25 Workmanship
3040 1272 131 25 guaranteed.

2749 1342 190 39 JECKLIN
2956 1342 26 30 &
3003 1342 176 39 COTTER

2817 1406 113 20 FAMILY
2958 1405 158 26 BUTCHERS,

2831 1449 73 19 Arawa
2918 1447 74 25 Street,
3007 1447 98 25 Rotorua,

2778 1490 61 21 Ha<e
2848 1492 22 18 to
2881 1490 66 21 thank
2961 1491 36 20 the
3006 1491 70 24 public
3091 1491 23 19 of
3121 1490 51 20 Roto-

2752 1524 38 13 rua
2799 1517 34 20 for
2840 1519 46 24 past
2897 1518 69 20 favors
2981 1518 39 19 and
3039 1517 39 26 beg
3093 1520 22 16 to
3132 1518 52 19 otate

2754 1544 49 27 they
2814 1543 41 21 will
2865 1544 96 20 continue
2970 1546 22 18 to
2999 1544 59 20 merit
3067 1545 84 25 Bupport
3158 1543 26 27 by

2756 1570 108 27 pronding
2883 1570 36 20 the
2938 1571 46 20 best
3003 1570 78 27 quality
3095 1570 24 20 of
3133 1575 51 18 meat;

2819 1606 31 28 At
2876 1607 109 28 lowest
3010 1609 108 34 prices.

2754 1693 70 48 FT
2871 1694 88 21 ROY
2987 1694 163 22 hotel.

2871 1724 95 24 Wakefield
2977 1725 31 28 St.,
3019 1724 93 25 Auckland.

2808 1774 138 34 Newman
2963 1774 4 35 '
2994 1777 122 32 Meider

2963 2082 102 39 WW

2963 2116 72 43 ,/r

2852 2239 51 16 taken
2913 2239 27 15 the
2955 2238 51 15 above
3016 2236 109 17 well-known
3135 2233 53 17 Hotel

2756 2261 33 16 will
2799 2261 21 15 be
2831 2260 38 20 glad
2879 2260 18 15 to
2907 2263 26 10 see
2944 2258 33 15 and
2986 2257 77 15 welcome
3073 2256 22 15 all
3116 2254 24 16 his
3161 2254 27 15 old

2935 2277 68 16 friends.

2844 2313 53 19 ONLY
2908 2313 38 18 THE
2954 2312 52 17 BEaT
3015 2310 80 19 BRANDS

2816 2350 17 16 of
2840 2350 55 16 Wines
2901 2348 32 17 and
2941 2348 61 20 Spirits
3010 2347 40 20 kopt
3058 2345 16 17 in
3082 2345 50 17 Stock

2801 2386 113 19 SPARKLING
2923 2385 54 18 XXXX
2985 2384 38 18 ALE
3031 2388 20 13 on
3066 2382 78 22 draught.

2757 2421 55 20 Every
2819 2420 108 17 convenience
2938 2418 87 17 combined
3034 2416 41 16 with
3082 2416 62 19 civility
3154 2414 33 17 and

2777 2441 71 16 comfort
2855 2441 26 15 for
2888 2439 70 19 country
2971 2437 64 17 visitors
3041 2437 33 15 and
3081 2435 86 17 Boarders.

2759 2500 55 20 1/F
2831 2498 17 21 0
2865 2498 20 19 K
2901 2497 17 20 0
2933 2497 12 19 I
2960 2497 18 19 A
3041 2492 146 25 \7IEW

2914 2548 124 22 PRIVATE

2763 2596 228 36 BOARDING
3030 2592 150 35 HOUSE

2761 2712 131 19 Opposite
2911 2712 50 17 the
2980 2708 65 21 Sosu
3053 2710 51 16 amd
3114 2705 70 21 ©ele

2980 2736 95 20 OFFICE

2761 2769 48 20 And
2822 2776 50 13 near
2891 2770 34 18 the
2949 2768 122 20 Celebrated
3091 2764 99 21 PRIEbT

2815 2802 115 20 RACHEL
2939 2802 41 19 and
2986 2801 57 19 other
3050 2798 97 23 BATHS,

2909 2832 151 21 ROTORUA.'

2786 2887 119 35 MRS
2931 2883 216 42 YOUNG,

2999 2931 143 26 Proprietress.
3168 2931 4 26 .

2880 2959 70 20 Terms
2965 2958 111 20 Moderate.

2822 3004 30 40 H.
2878 3002 40 41 W.
2944 2997 190 47 NEIGHBOUR,

2762 3070 117 38 Tailor
2932 3065 244 40 Habit-Makei
3176 3069 6 16 1
3182 3093 10 17 ,

2778 3132 51 27 (For
2838 3133 26 19 25
2876 3137 57 20 years
2944 3130 21 20 in
2975 3129 34 21 the
3027 3129 60 20 Wesi?
3099 3128 45 21 End
3159 3126 22 21 of

2933 3155 105 27 London.)

2833 3192 298 31 ROTORUA.
3181 3208 6 5 <

2865 3236 46 20 Has
2921 3236 75 27 always
3006 3241 26 14 on
3041 3234 55 20 hand

2787 3283 63 19 Kcst
2869 3279 234 25 EiiglisU.-Seotch
3121 3277 53 20 and

2852 3305 131 21 Colonial.,
2992 3302 119 34 X^ccds.

2787 3336 70 22 Style
2870 3335 54 17 and
2937 3323 239 41 Fi^^krautced.

2883 3352 115 31 .laelt'eif
3020 3362 52 18 and
3098 3360 97 22 Hiding

2948 3390 17 13 a
2973 3384 138 23 speciality

2766 3421 32 18 All
2804 3421 46 18 suits
2857 3420 54 19 rnftdu
2918 3418 20 20 to'
2945 3420 53 17 order
3004 3420 20 17 at
3029 3418 62 19 Auckl
3096 3416 35 19 and
3142 3415 59 25 prices

2817 3506 163 36 Rotopua
2994 3502 159 43 Library.
3175 3502 3 43 •

2770 3577 113 48 OPEN
2898 3577 54 20 from
2963 3578 25 18 10
3001 3584 44 13 a.m.
3055 3578 21 18 to
3086 3577 12 19 5
3105 3582 46 20 p.m.
3162 3573 40 21 and

2829 3606 12 18 G
2850 3605 26 19 30
2884 3606 21 17 to
2914 3604 26 19 10
2947 3610 47 19 p.m.
3006 3603 94 25 Sundays
3108 3602 32 20 till
3147 3603 55 25 9p.m

2771 3635 193 23 Subscription:
2973 3635 52 18 2©s
3039 3639 49 18 per

2795 3667 88 20 Visitors
2904 3672 43 19 may
2966 3672 86 20 procure
3066 3664 69 21 Books
3149 3663 56 21 from

2770 3694 34 19 tho
2819 3693 88 25 Library
2925 3699 25 13 on
2967 3691 93 28 making..
3067 3699 12 13 a

2770 3721 36 19 not
2820 3719 40 20 less
2879 3719 50 20 than
2946 3721 29 21 sb,

2769 3753 80 19 coupon
2857 3745 34 20 for
2901 3752 62 19 every
2973 3745 56 20 Four
3038 3745 71 20 hooks.

2795 3778 41 20 Tho
2855 3777 89 26 Library
2961 3777 18 20 is
3002 3783 53 21 open
3077 3776 72 25 during
3167 3775 34 20 tbe

2770 3804 81 26 vening.

2770 3883 241 43 STEELE
3046 3883 149 40 Bros.

3033 3949 8 3 -
3102 3940 10 19 1
3112 3940 21 19 -)
3141 3935 3 24 :
3191 3935 1 24 .
3202 3935 15 5 '''

2806 3968 163 38 IVlararoa
2997 3963 221 47 Sawmflkij

2810 4015 78 19 ESIEE
2911 4017 23 16 to
2945 4015 68 19 thank
3031 4014 36 18 the
3085 4011 71 23 puhli.c.
3173 4008 35 19 feP

2831 4038 47 20 past
2888 4036 76 19 favors,
2977 4035 40 19 and
3025 4035 38 22 beg
3071 4033 130 19 to'announce

2769 4059 47 18 that
2838 4058 77 21 having
2927 4063 12 13 a
2955 4058 55 20 large
3035 4056 58 18 stock
3104 4054 22 18 of
3147 4054 44 16 well-

2769 4079 97 19 seasoned
2888 4079 108 18 first-class
3019 4078 74 18 timber
3111 4079 24 14 on
3149 4075 52 15 nana

2769 4102 50 20 they
2840 4105 35 13 are
2894 4100 99 22 prepared
3006 4100 23 18 to
3041 4097 52 20 fulfil
3102 4095 66 19 orders
3179 4094 22 16 at

2768 4122 86 18 reduced
2865 4122 66 18 rates.

2334 1941 30 30 J.
2388 1940 37 30 H.
2449 1941 250 38 BUCHANAN,

2340 1988 116 21 STOXE
2473 1989 215 21 MERCHANT.

2397 2023 170 16 ESTABLISHED
2577 2025 47 15 1892.

2300 2072 104 21 Statuary,
2425 2072 143 18 Monumental
2591 2072 38 18 aed
2648 2072 87 18 General

2473 2093 77 19 Mason.

2327 2115 118 19 MAEBLE
2462 2115 62 19 AjND
2544 2115 164 20 FREESTONE

2300 2147 156 20 CHIMNETC
2468 2148 87 23 PIEBS,
2570 2147 100 24 MiSES,
2682 2148 39 19 Etc

2341 2182 129 32 VICTORIA
2491 2182 108 32 STREET
2627 2183 73 36 EAST,

2393 2227 249 31 AUCKLAND.

2327 2292 66 25 Dosig
2434 2292 40 19 and
2494 2292 67 19 Prices
2577 2291 114 20 forwarded
2711 2298 25 13 no

2301 2319 124 24 application
2436 2321 21 17 to
2467 2325 39 19 any
2515 2321 47 23 part
2569 2319 22 19 of
2597 2318 35 20 the
2639 2318 52 20 Prof
2693 2318 19 20 Id
2716 2324 20 14 ee

2302 2345 83 25 Colony.

2351 2394 40 43 A,
2421 2394 32 41 &
2478 2394 208 48 G.BROOK,

2306 2449 87 24 Boot
2403 2449 68 23 and
2485 2448 90 24 Shoe
2590 2448 147 25 Makers.

2382 2485 79 20 Fenton
2472 2484 72 24 Street,
2559 2485 98 20 Rotorua.

2304 2512 47 19 And
2373 2514 21 17 at
2420 2510 84 21 Parnell
2531 2511 40 19 and
2598 2511 139 22 Newmarket.

2331 2564 67 26 Largo
2407 2564 41 19 and
2457 2564 69 19 varied
2542 2564 59 19 Stock
2611 2564 21 19 of
2646 2564 93 24 English,

2305 2591 88 25 Foreign
2403 2590 40 19 and
2453 2590 92 19 Colonial
2554 2590 62 20 Boots
2627 2591 40 18 and
2677 2590 63 20 Shoes

2371 2620 20 16 to
2401 2617 72 19 choose
2482 2618 53 18 from
2545 2619 21 17 at
2575 2617 35 18 the
2623 2619 53 17 most

2308 2652 235 32 aasesißM
2606 2651 127 31 PIMSS

2371 2693 94 19 Football
2475 2693 58 19 boots
2544 2699 11 13 a
2561 2692 113 26 speciality.

2308 2725 34 20 All
2361 2725 67 19 orders
2447 2724 41 19 and
2504 2724 78 26 repairs
2592 2724 150 26 expeditiously

2475 2751 102 19 executed.

2371 2795 49 20 AN
2430 2794 45 21 OS.
2502 2794 76 20 lIAII
2585 2794 74 21 MONT
2665 2795 49 20 UN
2721 2794 19 24 S,

2474 2820 148 21 ORGANS.

2491 2858 67 12 ALSO

2308 2884 76 25 Harps,
2402 2882 86 23 Violins,
2500 2881 141 25 Violoncellos;

2333 2909 77 26 Bonjos
2429 2908 41 20 and
2477 2908 81 20 smaller
2568 2909 132 19 instruments
2709 2910 33 18 too

2333 2941 110 14 numerous
2453 2936 21 17 to
2488 2935 147 25 particularise.

2336 2971 164 46 JJoFFMAN
2525 2982 55 21 AND
2605 2970 27 50 3
2637 2982 55 22 0NS
2695 2997 5 6 *

2309 3029 101 27 QUEEJ*J
2427 3027 122 28 STREET,
2566 3027 143 24 AUGKMcN
2717 3027 23 20 13-

2309 3059 42 19 The
2361 3058 77 26 largest
2447 3058 107 26 importers
2568 3058 22 19 of
2604 3058 27 19 all
2645 3058 61 19 kinds
2721 3058 21 19 of

2335 3085 82 20 musical
2422 3085 132 19 instruments
2561 3084 21 19 in
2588 3084 51 20 New
2646 3084 98 20 Zealand.

2309 3117 35 20 All
2351 3117 59 19 kinds
2420 3117 21 19 of
2451 3116 87 20 musical
2543 3117 133 19 instruments

2337 3144 39 19 and
2392 3143 99 26 repaired.

2380 3197 38 30 H.
2436 3197 36 30 C.
2493 3195 193 34 WRIGHT,

2387 3236 74 19 SURG
2470 3235 55 20 EON
2535 3235 130 20 DENTIST.

2363 3290 116 24 (Successor
2490 3290 22 17 to
2521 3291 28 16 A.
2560 3289 24 19 L.
2594 3288 103 26 Wright),

2340 3342 88 20 Notifies
2439 3342 46 19 that
2495 3341 24 20 he
2538 3342 18 18 is
2575 3341 120 25 continuing
2713 3341 34 20 tlie

2314 3370 90 19 business
2416 3368 22 19 of
2448 3375 10 12 a
2469 3368 86 19 Dentist
2565 3370 21 17 at
2596 3368 34 20 the
2641 3368 105 19 Premises.

2314 3396 55 19 SIIO
2371 3394 171 26 RTLAND-ST.,
2558 3395 85 19 assisted
2664 3395 26 25 by
2709 3394 38 20 Me

2315 3422 32 20 W.
2358 3422 27 19 H.
2395 3421 52 20 Win
2451 3427 51 14 out.
2521 3421 43 19 The
2574 3421 109 25 high-class
2694 3420 53 20 work

2314 3448 21 20 of
2347 3448 34 19 the
2391 3448 41 19 late
2443 3448 35 19 Mr
2488 3448 25 19 A.
2524 3448 24 19 L.
2559 3448 86 25 Wright
2665 3447 40 20 will
2724 3447 24 20 be

2314 3474 86 20 adhered
2411 3476 28 22 to,
2448 3474 38 19 and
2497 3481 40 17 any
2547 3474 40 19 left
2597 3474 116 19 unfinished
2723 3474 24 24 by

2315 3501 33 20 hat
2358 3500 115 26 gentleman
2486 3500 39 19 will
2544 3500 24 19 be
2586 3500 114 26 completed
2715 3500 25 26 by

2406 3526 35 21 the
2450 3533 43 13 new
2504 3529 149 23 management.

2505 3575 38 49 C
2554 3575 151 21 OELETT
2716 3559 32 43 ''

2425 3629 211 20 AECHITECT.

2401 3655 103 27 Building
2511 3657 101 24 Surveyor
2622 3657 33 19 &c.

2316 3690 66 24 Agent
2391 3689 31 19 for
2432 3688 34 19 thu
2475 3687 100 20 National
2585 3686 46 21 Fire
2643 3686 40 20 and
2692 3685 42 21 Mar-

2316 3717 31 18 ino
2358 3716 110 18 Insurance
2474 3714 35 19 Co.

2342 3771 49 49 G
2392 3770 35 20 EO
2449 3770 81 47 M°
2545 3768 40 49 <0
2604 3768 91 22 ILI,:v

2318 3832 115 21 Plumber
2448 3834 16 17 &
2490 3829 101 22 General
2611 3828 137 22 Mechanic.

2421 3863 114 20 Tutanokai
2574 3862 71 19 Street.

2387 3900 30 24 R
2432 3899 28 24 O
2474 3898 27 24 T
2513 3898 27 24 O
2554 3897 31 24 R
2598 3895 28 26 U
2639 3897 42 26 A.

2380 3969 37 44 J.
2454 3966 232 46 LARKIN,

2337 4040 404 33 BOOTMHKSR.
