3245 4177
2827 76 19 19 A
2856 76 125 22 CURIOUS
2992 77 136 21 INCIDENT.

2793 133 32 18 An
2835 133 95 24 elephant
2939 134 74 19 named
3023 134 52 25 Jess,
3090 136 112 27 belonging

2767 159 20 17 to
2798 165 11 12 a
2815 159 116 24 menagerie
2941 160 66 20 which
3015 168 40 12 was
3074 163 89 20 recentlv
3180 169 22 16 at

2767 183 41 20 San
2816 184 113 24 Francisco,
2941 186 17 18 is
2967 186 46 20 well
3033 187 72 21 known
3113 182 44 28 ..as"'
3164 197 37 14 one

2768 211 21 18 of
2815 210 35 19 the
2872 218 62 18 many
2959 211 64 20 docile
3048 214 105 26 elephants
3180 218 21 19 in

2767 236 100 19 America.
2895 237 41 20 She
2945 238 17 19 is
2971 245 50 18 very
3029 239 63 26 large,
3106 242 41 18 and
3165 243 37 19 has

2768 262 76 25 always
2854 263 50 18 been
2913 270 22 12 as
2941 264 69 24 gentle
3021 265 40 19 and
3070 269 133 24 manageable

2768 295 22 12 as
2800 288 34 19 the
2844 292 58 21 great
2916 290 77 19 Jumbo
3002 290 88 26 himself,
3106 294 35 19 the
3150 295 51 26 .king

2768 314 22 19 of
2800 314 110 26 elephants,
2922 316 45 19 who
2978 323 41 12 was
3029 323 61 14 never
3099 325 21 13 so
3133 320 70 27 happy

2769 347 22 12 as
2800 340 59 19 when
2878 342 94 25 carrying
2989 342 91 21 children
3097 351 55 19 upon
3170 347 32 19 his

2768 366 59 19 back.
2855 367 49 18 This
2909 368 63 25 being
2978 368 37 19 her
3021 368 124 27 disposition,
3151 373 52 19 Jess*

2769 392 84 26 keepers
2862 399 52 13 wero
2934 394 80 25 greatly
3031 396 116 21 astonished
3165 406 37 13 one

2769 424 95 20 morning
2873 422 21 15 to
2904 426 33 13 see
2947 420 37 19 her
2993 420 66 20 break
3081 422 37 19 her
3127 424 75 25 chains,

2770 444 49 20 rush
2836 445 70 25 madly
2924 446 69 24 about,
3010 449 59 23 upset
3088 455 59 19 cages
3165 452 40 19 and

2771 470 120 26 everything
2907 472 45 19 that
2970 479 56 12 came
3044 473 22 19 in
3090 474 37 19 her
3153 483 50 19 way,

2771 503 69 19 escape
2850 497 42 19 into
2902 498 35 19 the
2946 500 78 22 streets,
3037 500 40 18 and
3087 504 118 24 apparently

2771 529 78 19 engage
2867 524 21 18 in
2903 530 12 13 a
2933 525 48 19 mad
2996 526 82 24 pursuit
3095 528 23 17 of
3135 530 70 24 people

2771 549 62 19 there.
2861 549 88 26 Though
2958 551 47 19 Jess
3013 552 102 25 appeared
3123 556 21 17 to
3154 554 50 21 have

2770 574 82 20 become
2870 576 100 25 suddenly
2987 584 63 19 crazy,
3068 578 36 19 her
3121 580 84 26 keepers

2770 601 91 25 pursued
2867 601 37 19 her
2917 609 22 13 as
2949 602 46 20 best
3011 604 48 24 they
3078 605 63 24 could,
3167 609 39 19 and

2772 627 102 24 presently
2883 628 64 19 found
2954 629 46 19 that
3009 629 36 19 she
3054 631 64 24 really
3127 635 79 19 wanted

2772 657 21 15 to
2801 660 33 12 see
2844 653 61 20 them.
2934 655 57 24 They
2998 655 49 19 then
3052 658 106 23 preceived
3163 659 44 20 that

2772 679 35 19 she
2821 686 40 12 was
2871 682 35 17 not
2923 681 35 19 the
2977 681 69 20 victim
3065 683 21 19 of
3103 690 50 19 rage
3171 685 36 21 but

2772 707 69 17 terror.
2877 706 44 19 Her
2954 707 54 19 chief
3036 709 112 26 attendant,
3173 718 22 19 ap-

2773 731 111 27 proaching
2892 739 49 19 very
2951 740 56 18 near,
3017 740 40 14 saw
3076 742 54 13 some
3149 739 57 19 small

2773 758 60 25 thing
2841 758 115 26 projecting
2975 759 54 20 from
3047 761 34 19 the
3099 765 108 24 extremity

2774 784 20 18 of
2803 784 37 19 her
2848 785 69 19 trunk.
2945 785 34 20 He
2987 786 66 19 seized
3062 787 17 19 it
3088 789 40 18 and
3137 790 69 24 pulled

2774 810 16 18 it
2799 812 41 22 out,
2850 811 40 18 and
2900 811 48 20 then
2958 818 49 18 very
3021 813 83 26 quickly
3113 815 64 20 threw
3193 818 15 18 it

2774 842 62 19 away.
2864 837 21 18 It
2910 844 41 13 was
2975 845 13 12 a
3012 838 40 20 live
3079 837 42 25 rat!
3158 842 48 20 This

2774 862 75 19 animal
2856 862 41 20 had
2907 864 101 19 somehow
3018 868 55 23 crept
3095 867 43 19 into
3156 868 46 20 Joss

2774 889 66 23 trunk,
2861 890 41 18 and
2924 890 34 19 the
2979 890 95 26 elepnant
3091 893 42 19 had
3152 894 51 21 been

2773 914 75 19 unable
2857 918 21 16 to
2885 918 35 22 get
2927 916 16 19 it
2951 919 42 18 out.
3022 918 28 19 As
3066 925 49 13 soon
3130 926 21 12 as
3170 921 35 20 sho

2774 947 40 12 was
2824 941 86 20 relieved
2920 942 21 19 of
2951 944 35 19 the
2995 945 33 18 rat
3036 944 37 19 sho
3079 945 58 20 made
3147 952 59 20 every

2774 966 45 25 sign
2828 968 22 17 of
2859 968 103 24 gratitude
2977 972 21 17 to
3013 970 36 19 her
3068 970 78 27 keeper,
3167 974 39 19 and

2772 993 108 25 permitted
2889 994 76 20 horself
2972 998 21 17 to
3004 996 25 19 be
3039 996 33 21 led
3080 997 51 20 back
3141 1002 20 16 to
3170 999 37 20 her

2773 1019 56 25 place
2839 1020 21 18 in
2869 1020 35 19 tho
2913 1023 123 23 menagerie.

2798 1074 155 21 RETURNED
2963 1077 81 20 WITH
3058 1078 115 21 THANKS.

2771 1128 43 20 The
2824 1129 92 21 shadows
2925 1131 124 26 lengthened
3059 1133 21 19 in
3095 1134 34 20 tho
3143 1142 59 20 room,

2797 1155 43 19 The
2849 1156 106 27 flickering
2964 1159 90 25 firelight
3063 1163 45 17 sent

2772 1180 45 20 Soft
2823 1188 47 19 rays
2878 1189 65 14 across
2953 1185 35 19 tho
2997 1186 73 25 purple
3078 1187 67 24 gloom

2771 1207 54 20 That
2833 1209 67 19 rested
2909 1217 26 12 on
2945 1216 12 14 a
2963 1211 45 19 face
3015 1211 22 19 in
3046 1212 73 25 bloom,

2797 1234 48 20 And
2852 1241 46 19 eyes
2908 1237 21 18 of
2937 1240 61 16 sweet
3009 1241 86 17 content.

2771 1265 48 19 Low
2827 1268 21 17 at
2857 1267 37 19 her
2903 1267 47 26 feet,
2962 1268 48 20 with
3019 1272 79 17 earnest
3107 1271 35 25 air,

2798 1291 33 20 He
2839 1296 31 16 sat
2880 1294 40 19 and
2930 1295 92 19 watched
3029 1296 35 19 tho
3073 1296 54 26 light

2771 1317 53 20 That
2833 1319 100 25 glistened
2939 1321 21 19 in
2970 1321 37 19 her
3015 1322 72 25 yellow
3096 1323 46 20 hair

2771 1343 47 20 And
2828 1345 80 26 sparled
2918 1347 49 20 'mid
2975 1347 34 20 the
3019 1348 69 26 jewels
3096 1356 45 14 rare

2798 1371 61 26 Upon
2869 1372 37 20 her
2915 1373 71 21 bosom
3000 1375 68 20 white.

2774 1405 144 27 'Sweetheart,'
2936 1408 26 20 he
2976 1409 111 28 trembling
3103 1411 49 26 said,
3167 1411 37 24 and

2825 1439 52 20 gray

2861 1461 74 25 sought
2946 1462 35 20 the
2991 1462 47 21 blue
3050 1463 70 26 above,

2774 1484 52 22 'You
2845 1487 59 20 know
2913 1488 56 21 what
2987 1488 12 21 X
3016 1496 32 14 am
3062 1491 62 26 going
3133 1493 22 19 to
3164 1498 40 21 say,

2772 1511 37 25 Oh,
2821 1512 35 21 toll
2865 1520 38 18 me,
2915 1514 144 28 darlingtell
3068 1523 38 20 me,
3114 1524 57 21 pray,

2798 1538 32 21 Do
2840 1545 40 21 you
2885 1543 70 19 return
2965 1549 35 20 my
3009 1542 45 22 love

2772 1573 45 21 Her
2826 1575 68 20 flower
2902 1576 44 21 face
2956 1578 91 27 dropped
3055 1580 89 28 prettily,

2798 1601 60 21 With
2868 1604 70 19 tonder
2947 1604 84 22 blushes
3038 1601 36 31 lit;

2774 1627 62 25 'Yea,
2847 1628 12 20 I
2868 1632 71 17 return
2952 1638 53 19 your
3099 1634 44 21 said
3162 1635 39 21 ehCi

2965 1660 148 21 stammered

2773 1707 12 20 I
2794 1707 52 21 have
2855 1716 27 13 no
2890 1716 35 13 use
2934 1710 33 21 for
2976 1712 17 19 it

2844 1778 102 25 SCENES
2957 1780 33 23 IN
3000 1785 19 19 A
3028 1785 99 23 COURT.

2800 1838 28 20 At
2838 1840 35 20 the
2882 1843 132 21 termination
3024 1846 21 19 of
3055 1847 34 20 tho
3099 1848 47 21 trial
3155 1851 21 19 of
3194 1857 11 15 a

2776 1872 77 13 woman
2871 1869 74 19 named
2967 1870 40 20 Ida
3030 1872 110 23 Liberman
3167 1879 38 19 and

2775 1893 76 19 several
2870 1895 101 21 members
2989 1898 22 18 of
3029 1905 12 12 a
3059 1906 56 19 gang
3138 1903 22 19 of
3176 1905 20 18 in-

2775 1918 110 21 cendiaries
2902 1923 21 17 at
2941 1923 35 19 the
2995 1924 91 21 Sessions
3105 1928 62 21 Court
3185 1933 20 17 at

2776 1945 49 19 New
2840 1945 55 21 York
2910 1948 57 20 there
2985 1957 40 13 was
3042 1958 26 13 an
3082 1953 89 22 incident
3186 1957 19 20 of

2775 1975 55 21 quite
2838 1978 11 13 a
2863 1975 122 21 sensational
3005 1980 77 19 nature.
3110 1982 30 19 As
3157 1990 47 14 soon

2775 2004 20 13 as
2804 1998 35 20 the
2858 2001 76 20 verdict
2945 1998 32 33 ;of
3113 2015 39 14 was
3171 2017 22 12 an-

2775 2026 95 22 nounced,
2890 2027 37 18 Ida
2947 2029 112 20 liibernaau
3087 2033 66 20 seized
3172 2036 32 19 her

2775 2051 105 24 six-years'
2891 2052 32 20 old
2932 2060 42 18 son,
2986 2055 43 20 who
3040 2062 39 14 was
3089 2058 72 26 sitting
3179 2062 25 19 bv

2776 2076 2 38 ,
2779 2076 7 19 h
2788 2083 12 29 !
2801 2083 7 12 r
2809 2084 24 28 -l
2834 2083 10 12 IC
2844 2077 9 35 i
2854 2084 9 13 e
2857 2105 7 8 L
2865 2084 26 30 '..!
2892 2079 25 19 nd
2927 2080 82 20 Bhoutiu
3012 2090 13 17 S
3098 2091 54 15 must
3169 2091 35 17 not

2774 2109 57 14 jiuO>*
2846 2115 33 8 Lrua
2883 2116 8 8 11
2901 2105 30 20 his
2951 2108 79 20 mother
3050 2110 16 20 is
3087 2119 20 11 m
3125 2114 65 23 prison
3193 2115 11 9 ::

2774 2131 84 23 gripped
2871 2131 38 20 bim
2919 2133 26 25 by
2955 2134 35 20 the
2997 2135 57 25 neck,
3063 2138 38 19 and
3110 2142 94 21 squeezed

2774 2158 16 17 it
2800 2156 47 19 with
2859 2157 48 20 both
2920 2159 63 21 hands
2995 2163 52 19 until
3062 2164 35 20 the
3108 2165 39 25 boy
3166 2175 38 13 was

2776 2183 56 19 black
2844 2190 19 13 in
2875 2185 35 19 the
2920 2187 44 19 face
2983 2189 40 19 and
3042 2190 73 21 almost
3131 2200 61 15 uncon-

2775 2215 71 14 scious.
2875 2213 19 18 A
2901 2214 86 20 number
2997 2215 22 19 of
3028 2222 46 15 men
3094 2220 73 20 rushed
3185 2224 19 17 to

2775 2237 33 18 the
2820 2237 36 25 boy
2866 2238 59 25 said;
2943 2241 37 19 but
2990 2242 35 20 the
3035 2244 78 20 mother
3133 2246 71 22 kicked

2774 2269 38 12 ana
2834 2263 29 20 hit
2886 2267 22 17 at
2934 2267 54 20 them
3021 2272 52 18 most
3107 2275 97 24 savagely,

2776 2291 85 25 finally,
2870 2291 35 20 the
2919 2295 40 18 two
2971 2300 52 15 were
3032 2300 113 23 separated,
3166 2302 38 19 and

2774 2317 33 18 the
2815 2317 33 19 lad
2856 2324 39 13 was
2904 2319 61 21 taken
2974 2327 61 20 away.
3065 2324 41 20 The
3113 2328 91 19 woman's

2775 2344 83 24 mother,
2887 2345 44 20 who
2950 2354 40 12 was
3009 2349 73 27 sitting
3105 2352 21 19 in
3142 2357 57 17 court

2774 2371 100 18 screamed
2885 2373 39 19 and
2934 2373 85 26 fainted,
3028 2378 39 18 and
3079 2378 35 20 her
3125 2380 79 21 brother

2775 2402 35 13 ran
2820 2396 60 27 along
2889 2398 33 20 the
2933 2401 96 25 corridor,
3047 2404 39 19 and
3106 2412 40 13 was
3162 2407 43 20 iust

2773 2424 107 26 springing
2889 2431 50 14 over
2960 2427 34 20 the
3014 2429 116 22 balustrade
3150 2436 54 18 when

2774 2455 24 12 an
2819 2450 73 25 officer,
2920 2453 44 19 who
2992 2454 37 20 had
3044 2457 94 21 followed
3159 2460 44 24 him,

2774 2477 64 18 seized
2852 2477 39 20 him
2910 2479 26 25 by
2956 2481 35 19 the
3008 2482 32 25 leg
3059 2484 47 25 only
3122 2484 43 21 iust
3183 2488 19 19 in

2774 2504 47 18 time
2831 2505 20 18 to
2862 2511 45 14 save
2918 2506 40 20 him
2969 2507 52 20 from
3041 2509 71 27 falling
3121 2507 31 25 'to
3171 2514 32 20 the

2775 2533 107 20 paueuient
2891 2532 46 20 50ft
2946 2534 68 19 beloiv.

1215 18 57 23 THE
1285 19 61 22 HOT
1361 22 92 19 LAKES
1470 18 169 23 CttROJSiCLE
1655 18 183 23 WEDNESDAY
1857 22 59 23 22nd,
1926 22 65 19 MAY
2004 22 58 23 lt-95,

2762 4039 69 22 l'liutgd
2843 4042 33 16 and
2888 4043 91 21 published
2997 4043 27 16 for
3035 4044 28 16 (lie
3083 4046 95 20 proprietor

2782 4065 18 13 lit
2825 4062 26 16 his
2865 4064 95 19 registered
2964 4065 80 21 printing
3048 4066 48 17 office
3109 4067 78 23 Kotorun

2782 4083 22 22 by
2812 4083 58 17 Pkucy
2881 4084 57 18 James
2948 4086 100 21 Haslkond,
3060 4088 19 16 of
3086 4088 83 24 Kotorua,

2804 4111 153 22 WEDNESDAY
2972 4112 53 20 MAY
3033 4115 26 23 2i,
3077 4116 47 27 1895}

82 83 116 22 Franklin's
209 84 72 22 notion
291 85 22 21 of
332 85 70 27 saying
412 85 67 20 Grace
527 84 85 26 Cutting
621 84 28 19 off
658 85 62 18 water
729 84 75 26 supply
812 84 22 20 in
853 84 82 20 Paruell

51 110 95 21 When
165 117 12 14 a
190 110 55 21 child
264 111 25 21 he
301 111 65 21 found
382 110 36 21 the
433 111 49 25 long
500 110 37 20 has
546 110 53 20 been
607 110 65 19 found
690 112 21 17 to
727 110 89 20 increase
834 110 35 20 the
887 116 36 13 con-

50 143 70 19 gracta
139 137 49 20 used
198 138 27 26 by
231 138 33 20 bis
280 138 67 20 father
357 137 68 20 before
442 138 40 19 and
499 136 102 26 sumption
608 136 4 28 y
623 142 63 19 queer
692 136 70 19 result*

51 163 53 20 after
204 171 49 19 very
266 165 85 19 tedious.
379 164 42 19 One
437 164 45 25 day,
525 170 108 20 Auckland
650 171 63 25 hopes
731 172 21 18 to
775 171 53 20 have
854 170 79 20 electric

50 190 55 20 after
115 191 35 20 the
169 191 89 20 winter's
268 190 98 23 provision
382 190 39 21 had
432 190 50 20 been
499 198 108 20 tramways
623 203 54 15 soon,
702 197 17 19 if
746 199 81 19 present
854 196 81 22 proiect

155 218 9 9 t
194 217 11 14 v
269 216 9 15 f
292 219 7 12 t
302 216 6 10 l
315 223 21 7 <-
345 216 4 26 >
430 216 52 20 Bn-
499 223 77 19 carried
585 224 41 18 out.

51 242 70 26 jamiLi,
149 251 15 12 n
177 252 36 11 w-
367 259 11 9 n
451 251 5 3 '
524 252 65 19 There
607 253 17 18 is
643 259 37 13 one
698 254 59 19 other
774 253 61 24 thing
851 252 80 20 besides

52 269 35 20 the
96 270 64 19 whole
174 269 47 20 cask
237 275 50 14 once
297 269 33 19 for
340 269 32 24 all,
383 271 16 18 it
416 270 64 20 would
499 279 33 19 the
607 279 46 19 that
671 279 16 19 is
706 286 21 13 m
728 280 6 18 j
736 280 67 24 ghtier
827 279 50 19 than
896 279 35 19 the

52 296 23 19 be
85 302 11 12 a
106 297 58 24 great
174 301 71 19 saving
288 302 52 15 ~me.
499 305 70 24 sword,
580 305 40 19 and
629 305 46 19 that
684 305 17 20 is
708 306 35 19 the
752 306 111 19 corkscrew

73 331 21 19 A
118 330 39 20 bad
186 329 194 36 shot.Sergeant:
411 329 4 36 '
426 331 54 24 Why
560 339 139 26 gentlemanly
722 346 49 13 man
797 339 74 19 named
899 339 34 19 Mc

110 385 9 5 .
140 362 44 28 vfi
237 358 36 19 the
295 358 74 24 target,
383 359 35 17 Jo
440 358 14 18 3
464 363 9 13 r
499 365 80 20 Donald
588 372 42 13 was
640 366 108 19 sentenced
757 368 21 17 to
801 365 48 25 gaol
858 365 33 20 for
908 366 23 19 12

50 382 81 20 Private
141 382 97 26 Maloney
249 382 4 36 :
285 383 72 24 Shure,
369 390 50 17 sorr,
430 383 23 19 Oi
463 390 17 12 m
498 398 46 13 mon
545 392 33 19 ths
587 392 32 19 for
628 398 103 20 vagrancy
744 393 22 18 at
783 392 88 24 Fitzroy.
899 391 34 20 He

67 416 27 28 IfJj
106 426 12 12 :.
119 415 20 13 ftr
158 416 40 12 awn
200 432 5 3 .
201 416 10 12 v
227 410 51 19 froro
302 412 21 16 it-
367 410 113 25 Sergeant:
498 425 9 12 B
508 418 56 19 tated
573 418 45 19 that
627 418 26 19 he
668 425 40 12 was
728 419 24 18 70
771 424 59 18 years
847 417 22 20 of
885 423 44 19 age,

69 437 17 17 \\
94 437 35 21 til,
141 441 39 14 von
195 438 67 18 uiubtn
273 440 6 14 t,
295 437 34 23 get
339 442 40 19 any
396 442 77 13 nearer,
499 444 38 19 and
547 444 41 19 had
604 444 52 19 been
665 444 85 19 cheated
768 444 28 25 by
811 444 35 19 the
863 443 66 20 banks

36 461 96 24 >l'rivatp
141 461 96 28 .Mulattey
268 462 41 19 'Oi
320 462 59 20 don't
389 464 55 18 want
453 464 28 21 to,

49 504 8 17 ;
61 495 33 15 urr
97 488 4 33 -
115 492 7 6 *
142 488 39 28 Oj"'
202 489 31 19 onl
235 496 14 19 y
273 491 54 17 want
350 489 35 19 tho
418 489 63 25 targit
524 496 76 25 Nearly
602 498 42 20 J2O
659 503 55 12 cases
734 496 58 20 down
809 495 82 25 already
899 495 33 20 for

50 514 89 25 brought
147 522 12 12 a
171 517 28 17 oit
208 521 70 13 nearer
288 517 22 17 to
320 521 31 13 me
361 514 5 20 !
498 522 97 25 Supreme
604 522 63 20 Court
677 523 21 19 in
707 522 60 20 June.

47 622 96 40 Hot
169 622 177 40 L<kes!
630 623 97 39 Rot
752 622 167 41 Lakes!

256 707 49 29 a-
318 707 56 29 IR,
450 707 60 28 s:
524 707 50 28 .A.
670 707 61 29 's

140 743 98 38 Lake
278 745 122 36 House
426 745 253 44 .Hydropathic
706 745 131 39 Hotel,

318 795 258 21 ESTABLI!fiHBa>
591 796 74 20 1881.

44 829 85 25 Under
131 830 50 36 jhe
194 836 132 27 patronage
339 831 25 24 of
376 832 39 23 Sir
438 832 41 24 W.
498 832 101 31 Jervois,
619 831 58 24 Earl
696 832 49 23 and
766 831 120 24 Countess
906 829 26 24 of

93 863 140 32 Hopetoun,
247 864 40 24 the
301 865 64 23 Hon.
380 865 107 24 Premier
498 865 47 24 and
559 865 124 23 Members
696 865 25 23 of
734 864 153 24 Parliament.

77 916 54 24 The
145 916 75 24 Hotel
234 916 20 24 is
264 916 104 24 situated
383 923 29 17 on
426 926 28 14 an
469 917 112 24 elevated
594 916 104 31 position
712 924 31 16 on
756 916 41 24 the
810 917 84 24 shores
908 917 26 24 of

45 949 68 24 Lake
127 949 115 29 Rotorua,
256 950 144 23 convenient
412 956 25 18 to
454 950 31 23 all
498 950 40 23 the
556 950 77 32 sights
646 950 23 22 in
682 949 41 24 the
732 949 101 25 district.

45 987 154 33 Sulphur
211 988 68 27 and
298 987 148 28 Mineral
458 988 107 27 Baths
579 989 22 22 in
615 989 41 23 the
675 989 116 24 Grounds
810 989 25 24 of
849 990 84 25 Hotel-

78 1057 39 25 To
140 1063 65 19 meet
228 1058 42 25 the
293 1058 112 34 dullnegs
423 1060 25 23 of
460 1060 71 23 times
543 1068 14 15 a
570 1059 88 32 charge
672 1060 25 23 of
710 1059 41 29 2
767 1069 11 15 2
784 1069 11 15 s
808 1069 45 23 per
864 1061 70 23 week

45 1091 47 24 will
104 1091 31 25 be
148 1092 73 24 made
233 1092 37 24 for
287 1101 14 15 a
314 1092 147 32 lengthened
474 1098 60 26 stay,
571 1093 85 23 Under
668 1102 14 14 a
695 1093 69 24 week
778 1095 35 22 Bs.
827 1102 42 23 per
882 1095 53 31 day.

496 1138 10 12 O

46 1156 76 28 N.B
125 1176 6 6 .
132 1157 87 24 Mrs
232 1157 108 25 Graham
353 1157 46 25 v/ill
412 1158 51 24 also
477 1157 110 25 continue
600 1163 25 19 to
634 1158 108 31 superise
755 1158 41 24 the

141 1190 139 44 Geyser
297 1191 122 37 House
445 1192 251 43 Hydropathic
715 1191 123 42 Hotel,

379 1237 239 32 WAIRAKKI,

46 1275 77 25 which
135 1276 43 24 has
190 1277 101 24 become
303 1286 14 15 a
325 1277 102 32 popular
437 1277 22 24 &
470 1277 119 24 favourite
600 1281 77 19 resort
687 1283 115 27 amongst
810 1277 125 26 travellers

397 1311 48 24 and
475 1310 109 25 invalids.

112 1347 24 26 A
156 1347 124 26 reduction
299 1348 20 25 is
340 1349 72 24 made
432 1354 24 19 to
477 1348 92 33 weekly
588 1357 26 16 or
626 1349 110 33 monthly
745 1349 123 26 boarders.

47 1385 81 27 Guide
141 1387 80 25 Books
231 1387 47 25 and
292 1387 154 26 information
456 1387 75 33 gratis
543 1396 26 16 at
577 1387 71 26 Cook
659 1389 22 24 &
692 1389 63 25 Sons
767 1388 63 34 (sole
839 1389 95 34 agents)

279 1420 81 26 offices
379 1421 148 33 throughont
544 1421 42 25 the
599 1422 101 32 Colony.

46 1506 249 67 WAIRAKEI
323 1507 191 66 GEYSER
559 1507 160 66 HOUSE
757 1507 176 76 HOTEL,

243 1595 36 21 Six
288 1595 59 21 miles
356 1597 53 19 from
419 1595 57 22 Lake
486 1596 70 27 Taupo
567 1596 101 27 (Eotorua
678 1595 60 29 Bide).

171 1635 219 35 SUPERIOR
423 1635 388 36 ACCOMMODATION

239 1684 54 21 ALL
303 1685 58 21 THE
371 1684 144 23 COMFORTS
526 1686 35 20 OF
571 1686 18 20 A
599 1686 81 20 HOME
691 1686 56 21 FOE

198 1726 215 32 TOURISTS
450 1726 89 31 AND
574 1726 207 32 INVALIDS.

412 1774 124 20 ?i.T-g;cg3'3.

46 1811 71 29 Hot
129 1811 203 33 Swimming
345 1811 109 28 Baths
588 1812 72 27 Hot
672 1812 141 29 Douche
825 1813 108 29 Baths

345 1844 118 28 Grand
481 1844 151 28 Climate.

147 1884 299 28 Flevationl36o
466 1884 67 27 feet
547 1884 109 28 above
667 1892 60 20 sea
737 1885 97 32 level,

47 1963 255 27 COMPETENT
319 1963 160 27 GUIDES
491 1972 155 24 accompany
658 1964 107 26 tourists
775 1966 26 23 to
810 1965 45 25 the
867 1966 53 24 vari-

146 2006 45 16 ous
204 1998 84 31 places
301 1997 26 25 of
339 1997 116 31 interest,
470 1997 85 25 which
564 1997 75 26 baffle
652 1999 44 24 the
710 2001 66 22 most
787 1999 78 25 facile
874 2008 57 24 pen,

145 2031 49 24 and
207 2039 47 16 can
266 2030 60 32 only
339 2031 32 24 be
382 2031 109 24 realized
503 2031 77 24 when
597 2040 61 16 seen

180 2077 86 27 MRS
281 2077 36 26 R.
338 2077 194 32 GRAHAM,
553 2077 244 34 Proprietress.

617 2138 8 4 _

47 2165 192 25 GEYSER
253 2164 194 25 VALLEY
458 2166 93 20 contains
558 2166 35 20 the
601 2166 107 27 following
717 2167 124 27 unequaller?
849 2168 85 19 Natura

126 2192 92 26 witiuljrrs
228 2191 4 27 :
234 2191 148 24 iuhuutahi,
404 2199 22 12 or
446 2192 65 20 Great
530 2193 131 25 Champagne
682 2194 120 24 Cauldron;
817 2194 34 19 the
870 2194 64 20 Groat

127 2218 104 21 Wairaki'-i
240 2219 78 25 Geyser
326 2226 5 16 ;
340 2218 34 20 the
385 2218 88 26 Donkey
482 2220 80 24 Engine
571 2218 4 28 ;
587 2220 34 19 the
632 2220 85 20 Fairies'
726 2220 52 20 Bath
789 2229 5 15 ;
803 2220 36 20 the
849 2220 72 26 Lightn-

127 2245 15 19 i-,
152 2253 11 17 y
179 2245 57 27 I'oni;
249 2245 34 18 the
293 2245 49 19 Case
357 2246 24 18 de
394 2245 84 25 Geyser,
493 2252 21 13 or
526 2245 102 27 Dragon's
640 2248 70 18 mouth
721 2245 4 27 ;
736 2247 35 20 the
780 2247 59 20 black
849 2248 85 24 Geyser;

127 2272 33 19 Iho
170 2272 50 19 Mud
232 2272 78 23 Gey*er
319 2279 5 16 ;
341 2271 34 20 the
387 2270 51 21 Blue
449 2272 54 19 Lako
514 2270 4 29 ;
527 2272 35 19 the
582 2272 33 20 Oil
627 2272 53 20 Bath
689 2270 4 29 ;
712 2274 36 19 the
769 2274 80 25 Eagle's
869 2274 66 24 Net;

129 2300 33 17 the
175 2298 24 19 J_>
207 2305 6 10 v
218 2296 31 20 ii'.-r
262 2298 69 19 l'unch
344 2298 54 19 Bowl
409 2296 4 29 ;
425 2298 34 20 the
471 2298 71 20 i'rince
557 2298 21 19 of
588 2298 77 21 Wales'
676 2300 99 19 Feathers
783 2309 5 15 ;
796 2302 34 18 the
846 2300 88 25 Mirror;

138 2325 22 18 l.e
170 2324 41 19 Tvvi
235 2324 77 26 Geyser
323 2324 4 27 ;
338 2324 35 19 the
384 2325 60 18 Coral
456 2326 77 24 Geyser
543 2333 5 16 ;
560 2324 34 21 Ihe
604 2325 68 20 Green
688 2326 62 24 Pool;
769 2326 132 25 Terekarehe,
913 2335 22 12 or

131 2353 21 16 It-
163 2352 11 17 ii
187 2353 29 15 lie
233 2357 45 17 fer;
289 2350 35 19 the
334 2352 13 17 8
360 2357 42 12 earn
414 2351 103 20 Hammer.
547 2351 84 21 Guide's
642 2353 32 20 fee
685 2355 22 18 to
718 2354 79 24 Geyer
816 2353 79 25 Yalley,
905 2356 28 22 ss;

152 2385 7 11 h
186 2385 30 11 ici
230 2377 52 19 from
293 2376 34 20 the
337 2377 62 24 hotel,
409 2385 37 12 one
456 2378 52 19 mile.

49 2430 95 24 THE
164 2429 350 33 AREATEATEA,
532 2438 23 13 or
566 2431 80 20 Ladder
656 2432 84 26 Eapids.
769 2432 43 21 The
830 2433 104 20 Grandest

130 2461 77 24 Itopids
218 2461 20 18 in
249 2460 34 19 the
294 2460 101 20 Southern
407 2462 136 25 Hemisphere
550 2470 5 16 ;
565 2462 74 26 falling
649 2463 21 20 in
690 2463 31 20 six
738 2463 87 21 distinct
842 2465 91 19 cascades

130 2489 90 23 amongst
239 2487 59 20 weird
311 2488 39 19 and
361 2489 75 24 rugged
453 2495 88 19 scenery.
570 2489 97 20 Distance
677 2490 52 20 from
741 2490 35 20 the
796 2491 63 25 hotel,
878 2491 56 20 three

131 2514 61 19 luika.
221 2514 75 19 fcaddie
305 2514 69 20 fcortes
388 2517 23 16 to
421 2514 47 20 visit
479 2515 33 20 the
520 2510 83 31 Eapids,
614 2516 23 20 7s
648 2517 25 19 6d
684 2517 55 21 each.

221 2562 3 29 |
237 2562 11 20 1
267 2562 19 29 |..
313 2569 8 11 r
331 2562 29 19 th-
380 2563 73 19 Devil's
465 2563 96 25 Trumpet
571 2563 16 20 is
604 2564 42 20 said
667 2568 21 17 to
710 2566 50 19 emit
779 2573 12 12 a
812 2573 93 18 pressure
915 2566 20 19 of

132 2589 98 19 I'Tijc-ol
319 2592 21 16 tt-
352 2590 14 18 il
374 2597 7 11 t
392 2589 53 24 ii-cb,
460 2590 52 19 from
522 2596 26 13 au
564 2594 96 22 aptrture
670 2592 21 19 of
711 2592 65 20 about
795 2594 25 18 12
837 2593 68 20 inches
914 2594 19 19 in

129 2615 102 20 *'ir.
261 2616 95 19 i.)iiauu'
369 2618 25 16 Ji'
405 2623 16 11 in
434 2616 53 20 hotel
495 2617 57 19 three
562 2620 39 17 and
614 2625 11 12 a
636 2617 41 20 half
688 2618 69 25 miles;
778 2620 71 19 saddle
866 2619 69 20 horses

127 2645 21 16 to
160 2646 46 15 r.rii
218 2642 34 20 the
262 2644 69 21 above,
343 2643 56 18 2obd
409 2643 55 19 each.

460 2674 52 16 ALSO

53 2702 96 29 THE
169 2702 132 26 HUKA
320 2702 169 34 FALLS,
507 2704 34 21 the
559 2705 104 21 Grandest
674 2707 56 19 Falls
740 2714 21 13 in
781 2707 34 20 the
836 2707 99 21 Southern

129 2735 140 24 Hemisphere.
297 2735 41 19 The
350 2735 55 19 Falls
416 2742 44 20 may
476 2737 22 19 be
508 2736 73 20 visited
588 2743 26 13 on
623 2737 35 20 the
668 2745 54 13 same
729 2738 115 25 expedition
859 2746 20 13 as
902 2740 34 20 the

131 2760 75 21 Devil's
217 2763 100 24 trumpet.
345 2761 98 21 Distance
453 2762 52 20 from
517 2763 53 20 hotel
580 2763 59 21 three
648 2764 39 20 and
698 2772 11 12 a
720 2764 44 21 half
774 2765 62 20 miles.
863 2766 73 21 Saddle

131 2788 57 20 horse
197 2794 21 14 or
229 2787 67 26 buggy
312 2789 22 18 2s
345 2788 25 20 9d
381 2789 54 19 each.

410 2961 29 72 I

80 3018 30 37 I

630 3055 34 34 4

226 3361 87 35 3QB

246 3559 27 21 ld
282 3556 71 24 Special

252 3599 28 25 G

624 3615 73 26 AND
720 3611 161 34 MELLOW

404 3658 58 23 THE
477 3644 154 39 FINEST
652 3650 163 40 WHISKY

378 3688 207 37 SCOTLAND
618 3693 230 38 PRODUCES

673 3814 34 28 *3

395 3820 158 47 Propr/efo/

359 3878 28 57 l
390 3886 14 27 e
423 3867 282 69 DISTILLERS
736 3876 56 62 O

359 3945 48 39 a'
452 3945 170 37 a/mm#,
641 3949 144 33 scorum

75 4027 270 45 WHOLISKLE
353 4048 61 30 rfir

349 4083 418 50 L.D.NATHAN
792 4092 40 41 &
857 4093 76 43 Co

978 913 55 23 Under
1044 915 27 22 th*
1082 915 126 28 distinguished
1216 917 92 28 Patronage
1318 919 18 21 of
1344 919 27 21 his
1381 919 102 26 Excellency
1494 919 28 21 the
1532 919 82 22 Governor
1622 919 28 22 the
1661 919 38 21 Earl
1709 919 18 22 of
1733 919 73 23 Onslow.

1022 1014 137 66 HOT
1190 1014 302 68 SPRINGS
1535 1016 254 74 HOTEL,

1141 1113 524 48 TEKROHK.

999 1206 55 24 The
1077 1207 58 25 best
1155 1208 127 31 Situated,
1301 1210 47 24 the
1369 1212 67 23 most
1459 1211 187 29 Comfortable,
1672 1211 46 24 the
1745 1211 58 24 best

1181 1244 141 31 appointed
1335 1244 81 24 Hotel
1428 1252 28 16 m
1466 1246 34 23 Te
1513 1245 95 25 Aroha.

988 1281 110 34 Adjoins
1127 1282 75 33 (with
1225 1285 108 25 Private
1355 1286 141 32 Entrance)
1517 1287 45 24 the
1588 1287 123 25 Thermal
1738 1286 105 33 Springs

955 1313 121 33 Domain,
1090 1316 95 26 Tennis
1197 1318 82 25 Court
1289 1319 28 24 in
1330 1320 119 25 Domain.

1139 1382 156 26 Teb.ms6s
1306 1392 47 24 per
1442 1386 46 23 30s
1507 1393 45 24 per
1570 1386 73 25 week

1172 1450 53 39 W.
1248 1480 8 10 .
1279 1450 156 41 KNOCK
1467 1453 208 48 Proprietor.

979 1529 42 21 The
1031 1531 65 21 Batlis
1106 1533 40 20 and
1161 1533 96 27 drinking
1275 1536 73 19 waters
1366 1542 33 13 aro
1418 1536 108 26 especially
1545 1536 113 21 efficacious
1678 1536 21 21 in
1718 1537 68 26 Gouty
1804 1534 39 23 and

952 1556 123 22 Rheumatic
1084 1559 110 26 affections,
1204 1560 76 25 Cronic,
1293 1562 120 26 Dyspepsia,
1429 1563 107 20 Disorders
1555 1563 21 20 oi
1594 1564 35 19 the
1649 1563 90 27 Urinery
1757 1564 85 26 Organs,

952 1583 116 21 Cutaneous
1078 1585 99 26 Diseases,
1198 1587 81 26 Splenic
1297 1588 40 20 and
1347 1588 87 27 Hepalic
1444 1589 113 24 Disorders,
1576 1590 95 21 Diseases
1691 1590 39 21 due
1740 1592 21 19 ot
1769 1590 74 21 Excess

952 1609 87 28 Acidity,
1051 1611 118 28 Neuralgia,
1186 1613 92 21 Sciatica.

1058 1663 73 22 Public
1141 1666 49 20 Hall
1209 1667 41 19 and
1269 1667 81 27 Sample
1369 1668 65 21 Room
1443 1668 109 21 connected
1564 1670 49 20 with
1623 1670 35 21 the
1669 1670 69 20 Hotel.

955 2623 458 79 CENTRAL
1496 2625 346 87 HOTEL,

1106 2711 57 28 HIGH
1183 2711 33 26 ST.
1237 2709 38 27 and
1295 2709 109 28 VICTORIA
1415 2711 33 26 ST,
1465 2710 64 32 EAST,
1554 2711 127 26 AUCKLAND.

1006 2773 45 21 Tho
1069 2772 64 20 abovo
1154 2769 109 22 Favourite
1279 2769 41 20 and
1343 2770 141 19 Commodious
1503 2770 64 19 Hotel
1585 2770 77 20 affords
1680 2770 164 22 EXCELLENT

955 2796 242 25 ACCOMMODATION
1230 2796 32 19 for
1289 2796 140 24 TOURISTS,
1465 2796 182 21 TRAVELLERS
1675 2798 16 19 &
1719 2798 125 21 VISITORS

955 2827 46 21 who
1010 2827 41 20 will
1061 2825 77 20 receive
1148 2829 59 19 every
1216 2822 92 20 Comfort
1322 2822 41 19 and
1378 2822 111 20 Attention.

1392 2856 10 12 o

996 2878 81 28 Sample
1088 2878 74 20 Rooms
1171 2876 33 19 for
1213 2875 185 20 COMMERCIAL
1408 2875 182 21 TRAVELLERS
1600 2876 102 21 available
1712 2879 21 18 at
1742 2878 28 20 all
1779 2878 64 21 times.

1394 2909 10 12 o

1008 2932 92 26 Charges
1108 2930 111 21 Moderate.
1244 2927 117 22 SPECIAL
1367 2928 88 21 RATES
1462 2928 33 20 TO
1505 2927 177 22 PERMANENT
1689 2930 154 22 BOARDERS.

1008 2984 106 21 Excellent
1123 2983 87 20 Cuisine.
1239 2981 96 27 Spacious
1348 2980 41 21 and
1408 2980 180 22 Well-Ventilated
1606 2982 117 21 Bedrooms,
1759 2984 85 21 Billiard

955 3012 66 21 Room
1030 3012 51 21 with
1090 3014 39 17 two
1138 3009 104 20 first'class
1251 3008 72 19 tables.
1352 3008 43 19 Hot
1409 3009 16 18 &
1435 3008 51 19 Cold
1499 3008 80 26 Plunge
1589 3009 17 19 &
1615 3009 83 20 Shower
1707 3010 71 21 Baths.

1122 3042 79 23 Wines,
1212 3040 74 27 Spirits
1295 3040 41 19 and
1345 3040 48 19 Ales
1402 3040 21 20 of
1432 3040 36 19 the
1479 3041 43 19 best
1531 3040 80 20 Brands
1618 3041 54 26 only,

1106 3100 41 41 S.
1178 3099 39 41 C.
1247 3100 222 47 CAULTOIM,
1499 3099 208 50 Proprietor.

958 3225 515 48 SPECIAL
1532 3224 306 49 SALE

1002 3356 192 44 Cutlery,
1233 3354 258 41 Hardware,
1529 3354 264 44 Brasswass,

1093 3424 148 35 House
1260 3422 280 46 Furnishing*
1556 3424 143 36 Goods

1235 3480 54 33 (in
1301 3481 98 32 great
1412 3481 146 32 variety)

954 3546 157 35 Nickle
1138 3546 87 35 and
1251 3546 96 35 E.P.
1376 3546 164 45 Spoons
1576 3546 88 35 and
1698 3546 140 35 Forks

1256 3607 95 38 E.P,
1380 3607 155 35 Cruets

1094 3666 87 36 Tea
1206 3666 115 42 Pots,
1347 3666 156 35 Butter
1532 3665 158 36 Dishes

954 3735 104 35 Jam
1076 3735 165 46 Spoons
1496 3735 159 37 Butter
1672 3735 165 35 Knives

1211 3788 149 44 Sugar
1409 3788 149 45 Tongs

1136 3845 79 33 etc.
1358 3845 78 36 etc.
1581 3845 79 33 etc.

1044 3925 272 39 SPLENDID
1366 3925 387 39 ASSORTMENT.

956 4015 81 52 CT.
1082 4020 81 47 a
1328 4020 508 61 DICKEY,

1164 4077 93 43 234,
1293 4077 147 46 Queen
1477 4081 152 41 Street,

1081 69 640 60 WAIWERA
1833 70 777 61 SANATORIUM.

1799 146 123 35 AND

1385 198 166 75 HOT
1649 200 351 73 SPRINGS
2082 198 277 75 HOTEL

951 299 89 33 Only
1067 299 43 26 30
1140 299 99 28 miles
1273 299 112 29 North
1416 301 36 27 of
1478 302 192 32 Auckland,
1702 301 88 27 with
1818 301 95 33 daily
1945 301 294 27 communication
2269 302 87 27 with
2385 301 112 28 Coach
2528 308 40 20 or
2588 300 162 27 steamer

1282 341 55 21 See
1351 343 167 21 advertised
1529 343 83 21 Time
1628 343 79 21 table
1719 343 31 20 of
1758 348 44 15 s.s.
1818 343 78 20 Rose
1906 343 100 26 Casey
2017 342 58 20 and
2092 342 129 21 Butler's
2230 343 33 20 R.
2276 343 39 21 M.
2333 343 106 21 Coach.

950 376 106 65 fHE
1080 376 118 24 ABOVE
1214 376 298 26 ESTABLISHMENT
1524 379 138 25 STANDS
1677 378 231 24 UNRIVALLED
1922 388 27 14 as
1967 388 14 14 a
1992 378 93 24 Health
2094 386 28 16 or
2134 378 110 31 pleasure
2258 379 97 28 Resort,
2369 379 47 23 and
2430 379 43 23 has
2485 377 90 33 special
2597 378 153 30 advantages

1038 410 38 23 for
1089 410 76 24 either
1188 409 113 25 Tourists
1316 419 27 16 or
1357 411 116 29 Invalids,

1188 507 249 34 BEAUTIFUL
1456 511 143 32 SCENE
1630 512 25 31 Y
1691 511 304 38 SEA-BATHING,
2020 511 199 38 BOATING,
2242 510 186 39 FISHING,
2449 511 57 32 &c-

1386 551 161 32 CUSINE
1575 553 88 30 AND
1693 551 300 34 ATTENDANCE
2008 551 158 32 OFTHE
2191 551 119 32 BEST.

951 591 94 23 Famed
1056 591 37 24 for
1105 591 31 24 its
1150 591 114 25 Curative
1277 593 94 23 natural
1384 593 103 25 medical
1501 594 53 24 Hot
1566 595 102 32 Spring.:
1681 595 51 24 ard
1746 595 80 24 Baths.
1863 595 36 23 As
1912 595 41 23 the
1967 594 103 33 Springs
2082 594 48 24 and
2144 595 74 23 Baths
2230 603 42 15 are
2282 595 40 23 the
2336 600 113 26 property
2462 595 25 24 of
2500 595 40 24 the
2554 593 85 28 Hotel,

983 633 43 15 are
1035 624 111 32 supplied
1156 625 56 24 with
1223 625 104 29 Towels,
1341 627 48 23 and
1401 635 43 16 can
1452 628 58 23 take
1520 636 30 15 an
1562 628 129 24 unlimited
1704 628 103 24 number
1819 628 26 23 of
1857 628 74 23 Baths
1944 633 25 18 at
1981 636 46 23 any
2040 628 60 23 time
2113 628 25 23 of
2148 628 40 23 the
2201 628 47 31 day
2263 628 78 26 FREE
2353 628 63 23 from
2430 637 46 22 any
2484 628 89 32 charge
2585 627 132 24 whatever.

1186 667 226 41 TARIFF
1430 670 121 38 PER
1567 670 143 43 DAY.
1731 671 55 38 8s
1800 670 71 45 6d;
1906 670 124 38 PER
2044 670 194 45 WEEK,
2260 670 30 38 2
2343 670 66 38 10.

1152 722 233 33 COTTAGES
1404 724 58 31 TO
1506 724 83 31 LET
1617 724 52 32 BY
1692 724 93 32 THE
1809 723 138 38 WEEK,
1970 724 171 37 MONTH,
2162 724 57 31 OR
2238 724 91 31 THE
2367 724 183 32 SEASON-

950 762 51 24 For
1019 771 47 24 any
1078 762 157 26 information
1248 765 114 31 required
1375 765 81 32 please
1469 765 72 32 apply
1554 771 25 19 to
1592 766 128 33 Manager.

1509 807 60 45 A.
1596 808 53 38 A.
1679 808 202 46 SMITH,
2004 808 279 46 Proprietor.

1864 1147 889 73 COACHINGLINE

2052 1355 523 50 BETWEEN

1982 1542 272 51 Rotorua
2290 1540 118 53 and
2441 1540 202 67 Taupo

2081 1700 186 26 FFICIAL
2293 1700 284 27 TESTIMONY.

2237 1760 151 39 BLOOD
2411 1760 244 39 RESTORER

1961 1809 72 16 honours
2040 1811 19 14 at
2066 1809 28 16 tlie
2102 1809 74 16 Colonial
2183 1809 93 17 Industrial
2282 1811 99 16 Exhibition
2391 1811 38 15 held
2437 1811 17 15 in
2464 1811 109 19 Wellington,
2582 1811 34 15 and
2629 1810 18 16 in
2662 1810 28 15 the
2703 1809 52 16 officii,

1902 1833 57 18 report
1965 1830 90 16 submitted
2063 1830 16 14 to
2086 1829 28 15 the
2122 1829 114 16 Government
2245 1830 28 16 the
2281 1830 87 20 following
2375 1831 83 15 reference
2465 1835 34 11 was
2505 1831 49 15 made
2561 1831 17 15 to
2585 1830 36 15 it.
2634 1839 10 3 -

1960 1851 21 16 A.
1992 1850 23 15 H.
2023 1849 86 18 Kitchens,
2114 1849 96 18 Auckland,
2217 1850 48 15 sends
2270 1855 11 10 a
2287 1850 53 18 small,
2349 1851 32 15 but
2389 1851 76 15 valuable
2473 1849 69 19 oxhibit,
2551 1850 91 20 consisting
2656 1850 18 15 of
2688 1854 10 10 a
2705 1854 40 15 vege-

1863 1872 44 15 table
1914 1870 94 20 compound
2015 1870 44 14 from
2065 1868 42 16 New
2115 1868 72 16 Zealand
2194 1869 53 19 herbs,
2253 1870 28 14 for
2286 1870 27 14 the
2321 1875 38 10 cure
2368 1870 17 15 of
2399 1870 108 19 Indigestion,
2522 1870 121 18 Rheumatism,
2658 1870 99 15 Rheumatic

1863 1891 46 16 Gout
1920 1891 33 14 and
1960 1889 97 19 Impurities
2064 1888 17 15 of
2087 1888 27 15 the
2123 1889 58 15 Blood.
2203 1889 34 14 The
2242 1890 58 15 maker
2307 1889 33 16 and
2348 1889 82 16 exhibitor
2444 1889 56 16 claims
2514 1889 28 16 for
2559 1889 32 15 this
2602 1889 81 16 medicine
2695 1889 62 16 several

1863 1911 91 19 important
1961 1909 83 20 qualities,
2052 1908 33 15 and
2093 1908 29 15 has
2129 1908 60 19 gained
2196 1908 27 14 the
2234 1908 37 16 first
2279 1909 47 15 order
2333 1910 18 14 of
2362 1909 49 15 merit
2418 1910 44 14 from
2469 1910 29 15 the
2509 1909 66 20 judges.
2603 1910 35 14 The
2653 1908 104 21 preparation

1862 1931 13 14 is
1882 1932 32 14 not
1921 1931 18 15 to
1947 1930 19 15 be
1973 1927 105 17 confounded
2086 1927 39 16 with
2133 1927 78 20 ordinary
2218 1929 55 18 quack
2281 1929 95 18 medicines,
2384 1929 86 15 inasmuch
2476 1934 18 10 as
2501 1929 13 15 it
2528 1929 14 16 is
2556 1929 28 15 the
2591 1929 71 19 product
2676 1929 17 14 of
2707 1933 49 15 many

1862 1955 48 14 years
1918 1950 18 14 of
1946 1948 51 19 study
2005 1948 34 16 and
2046 1947 117 19 investigation
2168 1948 22 19 by
2197 1952 22 10 an
2225 1948 75 16 eminent
2306 1948 86 19 physician
2399 1948 18 16 of
2422 1948 28 16 the
2458 1950 52 18 Army
2517 1948 72 16 Medical
2601 1948 47 18 Staff,
2655 1948 42 16 with
2704 1948 52 15 whom

1863 1970 28 15 the
1899 1969 83 16 exhibitor
1989 1967 59 16 served
2055 1967 61 19 during
2123 1967 28 15 the
2163 1967 43 15 New
2212 1967 72 16 Zealand
2295 1973 36 10 war
2343 1973 18 10 as
2375 1968 79 16 assistant
2464 1968 89 20 Dispenter
2560 1969 18 14 to
2595 1968 29 15 tl-e
2637 1968 42 15 New
2686 1967 71 16 Zealand

1862 1989 65 16 Forces.
1949 1988 27 16 Mr
1983 1987 84 15 Hiteliens
2073 1986 75 20 explains
2155 1987 39 15 that
2201 1987 28 15 the
2236 1992 47 10 cures
2290 1988 18 14 of
2314 1988 123 18 Rheumatism,
2445 1988 31 18 etc,
2484 1988 69 15 etfected
2560 1988 22 20 by
2596 1987 26 15 his
2632 1987 87 19 medicine,
2730 1992 27 10 are

1863 2009 31 15 due
1900 2009 71 18 entirely
1977 2009 19 14 to
2003 2008 21 14 its
2032 2006 92 15 wonderful
2131 2006 49 15 effect
2187 2011 44 14 upon
2239 2007 28 15 the
2274 2008 49 14 blood
2336 2008 22 19 by
2372 2008 22 15 its
2401 2008 89 19 cleansing,
2498 2007 93 20 purifying,
2603 2008 33 15 and
2645 2007 112 20 invigorating

1863 2032 61 16 power-
1946 2028 18 15 It
1975 2028 13 14 is
1994 2027 48 15 made
2049 2026 44 15 from
2100 2025 42 16 New
2149 2026 72 15 Zealand
2232 2027 48 14 herbs
2286 2028 33 14 and

2103 2073 222 25 NOTABLE
2360 2074 162 25 CURES.

1863 2107 93 20 Mention
1965 2107 17 19 is
1992 2106 59 20 made
2061 2105 21 20 of
2091 2105 35 19 the
2135 2106 106 25 following
2248 2112 22 13 as
2281 2113 12 12 a
2302 2107 40 19 few
2349 2107 22 19 of
2378 2107 35 19 the
2422 2106 108 20 multitude
2540 2106 21 20 of
2571 2112 56 13 cures
2637 2105 91 20 effected:

1882 2142 72 15 Sciatica
1974 2141 46 20 Gapt
2044 2140 92 19 Farquliar,
2145 2145 13 10 s.
2168 2145 12 10 s.
2207 2140 90 16 Clansman
2321 2148 48 15 atant
2377 2147 106 20 Dysentery,
2493 2147 63 15 caused
2568 2147 23 19 by
2600 2147 79 19 working
2688 2146 17 16 in
2723 2147 33 15 bad

1863 2162 90 16 Auckland
1958 2162 56 15 whose
2020 2166 36 10 case
2062 2165 34 11 was
2102 2160 95 16 considered
2203 2161 17 14 to
2226 2160 20 15 be
2251 2161 51 19 hope-
2321 2169 26 16 air
2368 2169 22 16 nd
2413 2171 17 14 et
2437 2159 56 26 mi^e
2501 2171 19 13 at
2526 2168 28 16 the
2559 2168 120 17 Thames-D.
2695 2168 34 16 Elk
2731 2159 4 26 :
2737 2173 17 12 n.

1882 2201 116 16 Rheumatism
2004 2201 17 15 of
2026 2201 28 14 the
2058 2199 106 19 Feet-Oapt
2183 2200 58 16 James
2244 2201 58 15 Avon-
2342 2190 176 17 Rheumatism-Mr
2526 2190 59 16 James
2594 2189 54 21 Pook,
2657 2190 97 15 Auckland,

1863 2221 42 19 dale,
1913 2221 92 16 Auckland
2018 2221 18 16 17
2043 2225 49 15 years
2098 2220 85 19 standing.
2343 2213 98 15 Cancerous
2468 2211 53 17 Llcer
2540 2216 19 11 in
2577 2211 97 16 Face-Mr
2689 2211 29 17 W.
2736 2211 18 17 C.

1882 2241 101 15 Rheumatic
1991 2241 53 18 Gout,
2052 2245 17 10 so
2076 2240 34 15 bad
2117 2239 37 16 that
2161 2235 29 20 tlie
2196 2240 66 19 pationt
2270 2241 33 15 had
2321 2235 80 19 Walker,
2411 2235 99 14 Auckland,

1863 2262 36 14 obe
1907 2261 50 15 lifted
1965 2260 17 15 in
1990 2260 34 15 and
2031 2262 31 13 out
2069 2260 18 14 of
2093 2259 81 16 bedMr
2181 2260 27 15 W.
2225 2260 77 20 Hunter,
2342 2256 106 16 Rheumatic
2467 2255 97 16 GoutMr
2583 2255 84 15 Edwards
2679 2255 75 20 Waters,

1863 2281 75 15 Ormond
1945 2281 74 19 Poverty
2030 2281 43 18 Bay.
2321 2277 128 20 Confectioner,
2465 2276 95 19 Auckland;
2570 2276 29 16 Mr
2604 2276 100 16 Alexander
2712 2276 42 16 Bar-

1884 2302 106 14 Rtieumatie
1999 2299 107 17 FeverMr
2121 2300 71 20 Brown,
2208 2300 94 17 Britannia
2321 2302 39 15 rett,
2371 2299 60 18 Queen
2448 2298 61 19 Street,
2525 2298 92 16 Auckland
2627 2297 4 23 ;
2646 2297 29 16 Mr
2693 2297 21 16 E.
2731 2298 23 16 I).

1863 2322 77 21 Height,
1956 2321 73 17 Nelson.
2321 2321 92 19 Ha'stead,
2423 2320 105 20 Veterinary
2537 2320 84 20 Surgeon,
2634 2319 99 16 Auckland.

1884 2343 106 16 Rheumatic
2006 2343 55 20 Gout,
2077 2343 76 22 Dropsy,
2174 2344 59 20 Ague,
2250 2344 52 17 Liver
2331 2342 122 17 Rheumatism
2462 2342 17 15 in
2485 2342 29 15 the
2521 2340 57 17 Knees
2585 2342 34 15 and
2624 2340 48 17 Feet,
2680 2340 76 21 brought

1863 2365 106 20 Complaint,
1979 2365 34 15 and
2022 2364 82 16 Stomach
2121 2365 68 21 Cough,
2206 2367 45 15 most
2260 2367 37 15 dis-
2321 2370 21 10 on
2350 2364 25 21 by
2383 2364 81 20 working
2472 2364 17 14 in
2498 2365 54 14 water
2554 2362 50 16 Mr
2617 2362 85 16 Maithew
2718 2362 36 16 Box

1863 2387 127 21 tressiugMi
2008 2386 80 21 Waugh,
2105 2387 84 21 Bombay,
2211 2387 89 20 Waikato;
2320 2386 83 16 Thames.

1863 2409 53 20 given
1924 2414 29 15 up,
1964 2413 21 10 no
1994 2408 45 21 hope
2047 2408 41 15 held
2096 2411 37 18 out,
2143 2409 133 16 recommended
2284 2411 17 14 to
2342 2407 129 18 Rheumatism,
2483 2407 74 20 causing
2567 2406 67 16 intense
2642 2406 49 21 pain,
2699 2405 55 17 which

1863 2435 22 15 go
1893 2430 51 16 home
1952 2430 35 16 and
1998 2430 35 16 die.
2320 2429 95 21 prevented
2424 2429 29 15 the
2461 2429 67 20 patient
2536 2429 44 15 from
2589 2428 52 20 being
2648 2427 106 17 overturned

1885 2452 131 16 Inflammation
2032 2453 17 16 of
2063 2451 30 17 the
2110 2452 54 16 Liver
2182 2452 34 16 and
2232 2452 70 17 Gastric
2320 2452 18 15 in
2347 2450 85 17 bed-Mr
2439 2449 60 16 David
2507 2449 63 21 Barry,
2578 2449 82 16 Newton.

1863 2474 50 16 Juice
1919 2474 18 16 of
1945 2474 30 15 the
1987 2475 82 16 Stomach
2070 2472 51 18 Mr
2135 2474 77 15 Hiomas
2229 2474 70 21 Macky,
2342 2472 74 17 Chronic
2424 2471 153 21 DysenteryMr
2584 2472 22 16 A.
2616 2470 82 21 Bettany,
2707 2470 45 16 Pon-

1863 2496 98 20 Meruhant,
1969 2496 101 17 Auckland.
2319 2495 55 20 souby
2382 2493 55 19 Road,
2454 2493 97 16 Auckland.

1884 2517 62 21 Lupus
1952 2519 18 14 of
1976 2519 29 14 the
2011 2517 98 18 FaceMr
2114 2517 83 20 Dickson,
2206 2517 94 16 Auckland
2342 2516 76 16 Chronic
2432 2514 124 16 Rheumatism
2575 2514 17 15 in
2612 2514 30 15 the
2650 2514 55 21 spine,
2717 2514 35 20 hip,

1884 2540 106 15 Rheumatic
1999 2539 101 17 GoutMr
2119 2538 101 21 Blackman,
2236 2539 64 17 'Even-
2320 2538 49 19 knee,
2377 2537 60 21 joints,
2451 2536 35 16 calf
2493 2536 19 15 of
2521 2536 30 15 the
2564 2536 35 20 leg,
2620 2535 33 16 and
2674 2536 78 16 toesl'.

1863 2561 29 20 ing
1903 2561 45 15 Star'
1959 2561 53 20 office,
2025 2560 101 18 Auckland.
2319 2559 82 21 Morgan.
2410 2558 63 16 Mount
2481 2557 49 16 Eden
2539 2557 55 19 Road,
2604 2557 97 16 Auckland.

1884 2583 124 15 Rheumatism
2017 2583 18 15 of
2052 2584 20 15 '215
2092 2582 55 21 years*
2165 2582 135 20 standingMr
2319 2580 107 16 Rheumatic
2434 2580 52 19 Gout,
2497 2579 59 15 which
2564 2578 80 16 confined
2651 2578 30 16 tlie
2687 2579 67 20 patient

1863 2603 79 17 William
1950 2603 86 22 HoEvoy,
2045 2605 39 16 Pitt.
2091 2604 80 21 Terrace,
2178 2604 99 16 Auckland.
2319 2604 18 14 to
2345 2602 28 16 his
2381 2601 32 17 bed
2420 2601 28 16 for
2460 2601 56 16 weeks
2517 2600 50 16 Mr
2574 2600 49 16 T.J.
2641 2600 111 21 Bainbriuge,

1884 2625 80 20 Sciatica,
1975 2626 34 15 and
2017 2625 144 21 JjumhagoMr
2169 2625 23 17 N.
2199 2625 99 21 McMillan,
2319 2623 98 20 Ponsonby,
2427 2622 96 17 Auckland.

1863 2646 68 17 Vulcan
1939 2647 55 20 Lane,
2004 2648 93 15 Auckland

2347 2645 75 16 General
2439 2644 80 20 Debility
2531 2643 34 15 and
2585 2643 117 20 Indigestion,
2719 2643 34 16 and

1884 2669 154 19 LumbagoMrs
2050 2670 52 19 Mary
2109 2669 60 20 Knox,
2179 2669 73 20 Eokeby
2265 2669 33 20 St.,
2319 2667 83 20 inability
2410 2667 17 14 to
2436 2666 42 20 keep
2484 2665 88 20 anything
2585 2670 22 11 on
2616 2665 30 16 the
2654 2665 98 16 stomach

1903 2690 16 7 -I_l
1922 2681 20 16 _..
1946 2691 8 6 J
2090 2681 8 9 J
2165 2681 4 16 '
2241 2681 7 8 J
2293 2681 5 8 '
2319 2688 28 9 M.
2500 2686 60 11 VtrV.or
2567 2686 41 11 Pooa

1863 2690 99 18 Auckland.

1884 2712 135 17 SciaticaMrs
2027 2712 19 17 J.
2055 2712 90 21 Renwick,
2161 2712 58 16 Drake
2235 2709 63 22 Street,

1863 2734 99 17 Auokland.

1884 2756 122 16 Rheumatism
2014 2756 18 16 of
2041 2757 20 15 20
2070 2756 56 20 years'
2143 2756 82 19 standing
2242 2754 56 17 which

2319 2688 28 16 Mr
2356 2688 64 16 Gerald
2429 2687 61 20 Grace,
2499 2686 61 21 Kyber
2566 2686 48 21 Pass,
2621 2686 98 17 Auckland.

2352 2708 125 17 SciaticaMr
2492 2708 48 16 John
2555 2707 51 21 Ross,
2623 2708 52 16 Duke
2690 2709 61 17 Street,

2317 2731 101 16 Auokland.

2340 2752 96 20 Discharge
2441 2752 19 16 of
2467 2751 56 17 Blood
2531 2752 44 15 from
2582 2751 29 17 the
2618 2751 135 22 BowelsCapt

1863 2778 77 20 brought
1948 2783 21 11 on
1976 2778 75 16 Asthma
2060 2778 33 15 and
2100 2777 121 21 DropsyMr
2228 2776 70 16 Samuel
2317 2775 20 16 T.
2347 2774 92 20 Aldridge.

1863 2799 54 18 Field,
1929 2799 47 16 Lorn
1984 2799 58 16 SUeet
2048 2799 97 16 Auokland.
2339 2796 53 16 Great
2400 2795 78 20 Debility
2486 2795 33 16 and
2526 2794 86 21 Bleeding
2620 2796 19 15 at
2647 2795 30 16 the
2684 2794 68 17 Nose-

1884 2820 174 17 RheumatismMr
2063 2820 98 21 H.Lewis,
2171 2820 61 19 Queen
2241 2820 57 16 Street
2317 2817 28 16 Mr
2353 2817 75 16 Theinas
2435 2816 82 20 Pellican,
2533 2816 100 21 Ponsonby.

1863 2842 98 17 Auckland.
2338 2838 96 20 Neuralgia
2443 2838 34 15 and
2486 2837 81 18 Nervous
2574 2838 140 22 Debi'ityMrs
2726 2838 25 17 H.

1884 2864 75 17 Sciatica
1968 2864 34 16 and
2010 2863 144 22 LumbagoMr
2163 2863 50 17 Cha.
2223 2865 73 21 Honey-
2317 2860 64 20 Waito,
2390 2859 98 17 Auckland.

1863 2886 67 21 combo,
1938 2886 100 17 Auckland.

2337 2882 52 16 After
2397 2881 59 16 effects
2472 2882 18 15 of
2496 2881 105 16 Rheumatic
2620 2881 60 20 Fever,
2697 2881 54 17 which

1891 2908 105 17 Rheumatic
2014 2907 98 17 GoutMr
2128 2907 60 21 Elliot,
2206 2908 89 20 McGuire,
2316 2903 32 16 left
2357 2903 29 16 tje
2394 2903 68 20 patient
2470 2903 129 21 helplessMr
2608 2903 49 16 John
2664 2903 26 16 H.
2698 2903 53 16 Jones

1863 2929 107 21 Contractor,
1980 2930 100 16 Auckland.
2316 2925 100 15 Auckland.

1884 2951 74 17 Chronic
1979 2950 172 18 RheumatismMr
2170 2951 69 16 Ronald
2257 2950 38 17 Mc-
2337 2946 71 21 Kidney
2417 2945 72 18 Disease
2498 2947 34 15 and
2538 2946 93 21 Lumbago
2643 2947 18 16 of
2669 2947 21 16 20
2695 2947 54 21 years'

1862 2972 74 21 Donald,
1945 2973 90 16 Rolleston
2042 2974 67 20 >,S'"eet,
2122 2973 79 16 Thames.
2315 2968 136 20 standingMr
2461 2968 81 17 W'lliam
2549 2968 57 21 Trice,
2617 2968 68 21 Poplar
2699 2968 52 16 Faim

1883 2994 115 21 Indigestion,
2012 2994 74 17 General
2101 2994 84 21 Debility,
2201 2994 34 16 and
2250 2994 45 16 Con-
2314 2995 42 11 near
2364 2990 81 16 Howick.

1862 3029 65 19 Tlieso
1936 3035 58 13 cures
2003 3035 34 13 are
2044 3028 28 20 all
2081 3028 87 19 attested
2176 3028 28 24 by
2213 3026 139 24 testimonials,
2361 3025 66 21 which
2436 3026 36 19 tlio
2486 3026 151 20 manufacturer
2646 3025 44 26 lias,

2098 3055 103 19 hundreds
2211 3053 21 19 of
2242 3053 72 23 others,
2324 3053 21 18 in
2351 3052 32 19 his
2392 3053 120 24 possession.

1949 3109 42 16 Sold
2001 3109 23 21 by
2036 3108 23 16 all
2064 3106 106 23 respectable
2181 3105 85 17 Chemists
2273 3106 34 16 and
2318 3110 18 11 ->r,
2338 3111 8 10 j
2352 3110 39 16 rjpj
2412 3110 22 15 rs,
2445 3104 33 17 end
2493 3102 24 24 by
2529 3105 29 17 the
2567 3105 103 22 proprietor,

1967 3135 29 20 H.
2006 3135 25 19 A.
2042 3134 27 20 n.
2082 3132 151 23 HITCHENS,
2245 3133 24 17 50
2291 3131 126 20 Siiobtlakd
2426 3132 85 23 Street,
2522 3131 121 20 Auckland.

1889 3204 42 27 w.
1950 3192 188 36 Blornneld
2154 3191 36 36 &>
2203 3190 65 47 Go,,

1858 3247 209 20 TOTALISATOR
2086 3246 205 26 PROPRIETORS.

1884 3281 42 17 Are
1933 3279 100 25 prepared
2041 3282 21 16 to
2075 3277 216 25 makearraugements

1858 3311 25 13 on
1903 3305 121 20 favourable
2043 3307 62 17 terms
2128 3304 33 20 for
2175 3304 36 20 the
2221 3311 37 14 use
2269 3306 22 19 of

1858 3331 54 20 their
1921 3333 109 19 machines.

1858 3389 47 40 W.
1942 3388 187 37 Blomfield
2164 3388 36 37 &
2235 3389 55 41 Co,

1928 3434 105 36 QUEEN
2094 3435 129 35 STREET,

1988 3468 171 25 AUCKLAND.

1857 3527 105 42 (Phot
2084 3513 35 28 uh
2141 3515 16 27 u
2160 3529 132 40 nigleG)

1856 3590 17 19 is
1897 3590 34 19 the
1954 3588 48 26 only
2024 3595 63 19 paper
2100 3589 109 25 published
2222 3590 22 19 in
2258 3590 34 21 tlio

1857 3616 93 19 llotorua
1971 3615 90 23 District,
2076 3616 41 18 and
2134 3616 18 19 is
2166 3616 101 20 tlioroforo
2281 3624 11 13 a

1910 3641 94 24 splendid
2014 3640 124 25 advertising
2148 3642 94 21 medium.

2350 3193 77 19 DVTCSE,
2448 3193 149 15 PERSONALLY
2615 3193 29 16 OH
2656 3193 30 15 T?Y
2697 3193 37 15 LET-

2489 3213 51 19 TER,
2551 3213 65 15 FREE.

2332 3252 37 15 DR.
2386 3252 56 15 NEIL
2453 3252 29 15 has
2498 3253 75 19 pleasure
2587 3252 17 15 in
2620 3252 90 20 informing
2723 3252 23 15 his

2308 3272 1 20 I
2312 3273 72 19 patrons
2392 3273 33 15 and
2432 3273 29 15 tho
2468 3273 56 19 public
2531 3273 37 14 that
2578 3273 20 14 he
2606 3272 29 15 has
2645 3273 67 14 secured
2719 3273 27 15 the

2312 3292 69 15 services
2387 3292 19 15 of
2416 3297 9 10 a
2430 3293 94 18 competent
2530 3297 80 14 manager
2619 3292 27 15 for
2657 3292 25 15 his
2692 3293 44 14 Auck-

2312 3311 40 16 land
2369 3312 80 18 business*
2467 3312 54 15 whose
2538 3311 70 16 medical
2625 3311 73 19 training
2715 3312 31 15 and

2310 3331 72 19 hospital
2397 3332 95 18 experience
2503 3331 68 15 onables
2588 3331 34 15 him
2639 3332 17 14 to
2667 3331 37 20 givo
2719 3332 27 14 the

2310 3351 36 14 best
2353 3351 58 16 advice
2418 3351 27 14 for
2452 3351 27 15 the
2490 3351 89 15 treatment
2586 3351 18 14 of
2611 3350 77 17 diseease.

2331 3379 66 15 BALM
2415 3378 28 16 OP
2460 3378 91 16 GILEAD.
2553 3378 55 15 The
2623 3379 73 19 greatest
2706 3379 40 15 Cold

2310 3403 49 10 curer
2376 3398 18 15 of
2404 3398 27 15 the
2442 3398 40 19 ago;
2501 3398 29 14 hus
2544 3399 49 14 cured
2610 3398 45 15 colds
2672 3399 18 14 of
2703 3399 42 14 from

2310 3422 49 11 seveu
2368 3419 17 14 to
2393 3419 28 14 ten
2431 3423 48 14 years
2490 3417 82 19 standing.
2595 3417 53 20 Price,
2659 3418 18 15 2s
2687 3418 20 15 fid
2717 3422 29 15 per

2309 3438 59 16 bottlo.

2330 3472 66 16 LUNG
2409 3471 152 17 BALSAMWiII
2571 3477 39 10 cure
2627 3471 118 20 Consumption

2312 3492 17 15 in
2336 3492 22 15 its
2366 3491 45 20 early
2418 3497 18 10 or
2447 3492 60 15 middle
2517 3493 60 18 stages.
2599 3492 46 15 Miss
2655 3492 89 19 Russell,

2310 3511 77 16 Woollen
2404 3511 51 19 Mills,
2473 3511 98 19 Oneliuuga,
2589 3511 63 19 speaks:
2712 3515 33 10 was

2310 3535 51 15 gsven
2369 3535 23 14 up
2399 3531 21 19 by
2427 3532 32 14 two
2473 3531 65 15 doctors
2551 3530 56 16 deforc
2621 3531 9 14 I
2641 3530 103 16 commenced

2310 3551 60 18 taking
2382 3554 43 16 your
2439 3551 49 18 Lung
2507 3550 72 17 Balsam,
2597 3550 33 15 and
2654 3550 9 14 1
2681 3550 64 15 declaie

2311 3569 72 16 without
2394 3574 31 15 any
2437 3570 119 19 exaggeration
2567 3570 37 14 that
2621 3569 13 14 it
2651 3569 49 15 saved
2717 3574 27 14 my

2310 3590 35 15 life.
2368 3589 38 20 Any
2425 3590 69 15 sufferer
2504 3589 59 15 should
2574 3588 119 16 cmnnunicate
2705 3589 39 15 with

2376 3610 49 16 Price
2432 3610 18 15 2s
2457 3610 20 14 (id
2482 3614 30 15 per
2518 3609 58 19 bottle;
2594 3608 31 16 five
2636 3608 27 16 for
2673 3608 32 16 10s.

2331 3647 103 17 CASCARA
2450 3646 151 16 BITTERSThe
2611 3646 39 20 only
2661 3647 34 15 rral
2707 3652 38 11 cure

2312 3668 25 15 for
2355 3667 103 19 costiveness,
2476 3666 108 19 Indigestion,
2601 3666 91 15 Hcadacho
2712 3668 32 14 and

2311 3687 101 18 Flatulence,
2423 3687 68 18 making
2505 3691 10 9 a
2531 3685 87 16 misorablo
2636 3685 29 16 life
2683 3686 61 20 happy:

2311 3707 37 15 well
2359 3706 59 16 named
2429 3706 21 19 by
2461 3706 46 15 those
2518 3705 36 15 who
2564 3705 42 15 have
2618 3705 40 16 used
2670 3706 13 15 it

2312 3726 109 16 SuFFEiiEit's
2543 3725 46 16 Price
2596 3725 18 15 2s
2622 3725 20 15 (id
2649 3730 30 14 per
2685 3725 59 17 bottlo-

2331 3764 66 15 Ladies
2425 3762 129 16 Complexions
2582 3761 89 16 beautified
2698 3762 47 16 made

2312 3783 52 17 clean,
2371 3782 70 19 pimples
2451 3781 32 15 and
2493 3781 74 15 blotches
2577 3781 77 15 removed
2665 3782 22 19 by
2698 3782 47 19 using

2312 3807 30 10 our
2353 3801 69 16 LIVER
2432 3801 74 18 TONIC,
2517 3800 54 15 which
2582 3800 14 16 is
2606 3801 35 14 also
2657 3801 29 16 tho
2703 3805 42 12 most,

2311 3821 89 16 successful
2408 3826 39 10 cure
2455 3821 25 14 for
2598 3821 32 14 and
2641 3821 23 15 all
2675 3821 70 15 diseases

2311 3841 18 16 of
2335 3841 29 15 the
2371 3841 46 15 liver.
2438 3840 48 15 Prico
2491 3840 17 14 2s
2514 3840 21 15 (id
2540 3845 30 14 per
2576 3840 56 16 bottle;
2639 3841 32 14 fivo
2679 3840 26 15 for
2712 3841 32 15 10s.

2331 3860 63 16 HUSH
2412 3859 57 16 MOSS
2486 3859 49 15 AND
2556 3859 46 16 COD
2619 3859 71 16 LIVER
2707 3861 37 15 OIL

2312 3880 116 16 EMULSIUN
2430 3879 54 15 The
2491 3879 37 15 best
2534 3879 32 15 and
2572 3879 81 19 Cheapest
2659 3880 84 15 Emulsion

2310 3901 18 14 iu
2335 3900 29 15 tho
2373 3899 70 17 market;
2452 3904 10 9 a
2475 3898 60 20 special
2549 3902 38 11 euro
2601 3899 27 14 for
2635 3900 70 19 wasting
2712 3900 32 15 and

2312 3919 80 19 debility.
2413 3918 47 16 Price
2467 3918 17 14 2s
2495 3922 30 15 per
2536 3918 58 15 bottle.

2334 3954 33 16 DR
2376 3953 80 19 NEIL'S,
2475 3952 155 20 Wellcsley-street
2644 3953 42 15 East
2714 3953 30 19 (tw

2310 3974 51 15 doors
2372 3974 51 15 above
2432 3973 51 15 llilno
2491 3971 32 15 and
2528 3971 85 20 Choyce's,
2619 3972 13 14 is
2639 3972 30 16 the
2674 3973 70 19 cheapes

2309 3993 52 15 house
2367 3994 18 15 to
2390 3993 33 19 buy
2427 3993 63 14 Patent
2494 3991 33 15 and
2532 3991 118 19 Homeopathic
2654 3992 90 15 Medicines

2309 4013 55 15 Toilet
2383 4011 93 20 Requisites
2497 4010 33 16 and
2550 4010 91 20 Diugglsts
2662 4011 78 16 Sundiles

2308 4033 56 14 Herbs
2370 4031 33 16 and
2410 4031 62 15 Herbal
2481 4029 123 18 Preparations.

2445 4058 85 17 ADVICE
2545 4058 59 16 FREE

2328 4089 92 16 Manaoek:
2436 4087 18 17 P.
2469 4087 24 18 M.
2501 4087 98 19 MACIiAX
2607 4087 71 20 (traiusil
2688 4088 53 19 AJbcr-

1868 3698 412 13 oooooooooooooooooooouoooooooooooooooooo

1883 3715 11 30 |
1909 3719 39 18 Job
1957 3719 94 21 Printing
2059 3719 23 19 of
2088 3723 62 19 every
2255 3718 12 25 f

1883 3742 62 24 gtion
1964 3741 99 18 executed
2080 3742 51 17 with
2154 3744 95 17 neatness

1882 3763 59 24 gand
1957 3762 98 21 despatch
2072 3763 22 17 at
2108 3763 37 18 the
2160 3764 55 18 office
2230 3760 37 22 of

1883 3789 11 19 g
1900 3784 43 18 this
1952 3789 68 16 paper.

1868 3813 381 14 000000000000000000000000000000000000
2272 3817 10 10 o

1881 3876 46 38 M
1933 3876 16 13 K
1978 3874 60 37 W.
2070 3874 40 37 J.
2137 3876 36 37 N
2181 3874 74 18 APIER
2256 3874 4 40 '

1909 3916 151 19 BARRISTER
2073 3917 17 18 &
2098 3918 141 18 SOLICITOR.

1858 3939 153 22 (Commissioner
2020 3939 21 16 of
2050 3939 31 16 the
2097 3939 90 24 Supreme
2202 3940 59 18 Court
2272 3940 20 17 of

2050 3961 55 24 Fiji-)

1858 3985 87 18 Solicitor
1957 3986 21 16 to
1987 3984 31 18 the
2027 3984 24 18 N.
2062 3985 20 18 Z.
2093 3987 127 16 Government
2234 3986 58 18 under

1966 4008 96 18 Advances
2071 4010 20 16 to
2099 4008 76 19 Settlers

1858 4031 98 19 Victoria
1964 4032 89 21 Ahc.vdh,
2062 4032 115 21 Queen-st.,
2185 4033 105 17 Aucldand.

1881 4057 48 17 Mou
1947 4055 2 28 .
1961 4057 18 17 to
1987 4060 16 23 jj
2009 4055 30 16 :nd
2048 4060 25 12 on
2084 4055 84 18 freohold
2180 4055 80 24 security
2272 4059 18 15 ut

1858 4085 31 12 ow
1898 4081 49 18 rates
1959 4080 94 24 oliniores.
2079 4078 79 26 tMoney
2164 4079 84 18 invested
2256 4079 18 20 fo

1872 4103 56 20 lients
1936 4105 37 18 free
1987 4114 11 12 0
2004 4107 7 18 f
2020 4101 21 19 fll
2044 4107 35 13 are.
2089 4109 11 16 S

2798 2600 69 21 When
2876 2610 72 20 angry,
2959 2608 61 18 count
3028 2609 35 18 ten
3083 2610 68 20 beforo
3165 2619 39 14 von

2772 2628 74 30 speak;
2857 2629 17 19 if
2883 2636 48 19 very
2940 2638 72 20 angry,
3018 2640 12 13 a
3039 2634 99 22 hundred.

2797 2666 20 19 A
2830 2667 78 28 clumsy
2917 2671 42 19 foot
2968 2678 47 20 may
3030 2675 58 20 tread
3098 2676 34 20 the
3149 2678 55 21 richt

2771 2693 55 20 road.

2811 2732 11 19 I
2841 2734 59 20 could
2916 2742 49 19 gaze
2984 2739 23 18 at
3021 2739 34 20 the
3083 2748 59 14 moon
3169 2744 32 21 for

2773 2759 59 19 hours
2850 2760 150 29 MrSampson,'
3011 2766 43 20 said
3061 2767 35 20 she
3105 2768 98 23 inavoice

2772 2788 36 15 tun
2820 2788 21 17 ot
2851 2791 108 19 sweetness
2969 2791 39 19 and
3024 2796 119 19 Dneumenia

2771 2817 60 14 never
2839 2814 40 19 tire
2890 2815 21 19 of

2860 2840 23 20 he
2898 2844 117 23 responded,
3135 2850 45 20 that
3189 2851 12 20 I

2772 2871 50 13 were
2830 2867 35 20 tue
2876 2874 43 14 man
2930 2870 20 19 in

2883 2895 34 20 she
2927 2898 93 19 assented
3030 2900 67 26 softly.

2869 2921 50 25 why,
2930 2923 52 20 Miss
2994 2925 58 20 Clara
3095 2928 24 20 he
3135 2930 60 21 asked

2770 2948 78 23 getting
2859 2949 60 25 ready
2930 2952 21 16 to
2963 2950 47 20 take
3022 2951 35 21 her
3066 2954 60 21 hand.

3097 2982 34 21 she
3151 2985 43 20 said

2770 2998 57 26 shyly
2837 3000 74 26 veiling
2919 3001 36 21 her
2964 3010 46 18 eyes
3025 3007 48 19 with
3083 3008 52 21 their
3152 3011 47 20 lona

2770 3025 69 24 lashes,
2863 3029 45 23 'yon
2925 3031 68 19 would
3012 3032 25 20 be
3057 3033 47 22 four
3123 3036 76 21 million

2769 3054 54 17 miles
2833 3059 61 19 away.

2829 3094 57 21 know
2897 3096 45 21 I've
2949 3101 36 22 got
2995 3106 11 13 a
3026 3101 45 20 vein
3090 3102 22 20 of
3128 3108 71 20 poetry

2768 3127 20 12 in
2799 3127 30 13 me
2839 3128 32 18 sir,
2883 3124 153 29 confidentially
3054 3132 91 18 asserted
3164 3133 35 19 the

2768 3153 68 19 yonng
2847 3155 45 13 man
2903 3152 21 18 to
2935 3151 35 19 the
2983 3153 71 26 editor,
3144 3158 26 19 all
3187 3160 12 19 I

2769 3178 52 15 want
2832 3175 15 19 is
2858 3182 11 12 a
2877 3176 75 21 chanco
2966 3181 21 17 to
3007 3181 58 26 bring
3083 3182 22 20 it.
3135 3184 64 21 What

2769 3202 63 19 would
2844 3208 40 18 you
2895 3207 89 23 suggest,
2995 3207 27 19 sir

2808 3228 11 19 I
2839 3228 59 20 think
2917 3238 41 17 you
2983 3233 36 19 had
3037 3234 67 21 better
3130 3245 32 13 see
3186 3245 12 14 a

2767 3255 70 20 doctor
2851 3257 38 18 and
2900 3257 50 21 have
2961 3259 14 19 it

2792 3297 51 20 She:
2928 3299 87 26 Charlie,
3030 3309 56 14 come
3105 3306 37 18 out
3158 3306 40 20 and

2767 3330 30 12 see
2808 3324 34 19 the
2854 3325 102 21 milkmaid
3013 3328 34 20 Ho
3056 3324 4 29 :
3180 3332 17 21 is

2766 3349 92 21 thatat
2868 3351 34 20 the
2912 3359 62 19 pump

2791 3387 68 26 Judge
2868 3387 4 34 :
2948 3397 41 18 you
3008 3391 59 22 know
3081 3394 64 21 where
3155 3403 40 18 you

2766 3414 38 19 will
2814 3421 24 18 go
2849 3417 27 22 to,
2886 3415 54 20 little
2951 3417 45 25 boy,
3009 3419 15 19 if
3031 3426 40 18 you
3090 3428 62 13 swear
3173 3425 21 18 to

2766 3440 52 20 what
2828 3441 16 20 is
2855 3445 35 16 not
2901 3445 46 17 true

2790 3468 43 24 Boy
2856 3468 32 26 (of
2898 3470 77 19 radical
2987 3472 124 27 tendencies)

2764 3500 35 13 nor
2806 3501 40 19 you

2790 3535 122 27 Magistrate
2925 3537 32 25 (to
2968 3537 96 26 plaintiff,
3076 3541 47 19 with
3139 3541 56 28 lump

2764 3569 25 12 on
2800 3562 30 19 his
2842 3563 60 25 bead)
2915 3562 4 27 :
2980 3571 52 18 your
3043 3565 45 20 wife
3107 3567 64 21 threw
3182 3577 11 12 a

2764 3588 89 21 sad-iron
2858 3591 23 18 at
2885 3596 46 18 you,
2936 3590 44 24 why
2985 3590 66 21 didn't
3057 3598 40 19 you

2790 3616 104 29 Plaintiff:
2954 3617 33 19 did
3001 3624 52 19 your
3070 3619 68 26 honor,
3156 3623 39 19 and

2765 3642 60 20 that's
2836 3642 35 21 'ow
2881 3643 12 20 I
2903 3650 55 13 came
2969 3645 21 18 to
3001 3647 33 22 get

2790 3680 18 19 A
2815 3681 99 26 jewellery
2926 3683 92 26 robbery,
3031 3684 72 20 almost
3119 3685 75 27 unique

2765 3706 19 19 in
2799 3706 109 27 character,
2926 3715 40 14 was
2984 3710 106 20 commited
3105 3711 21 20 in
3145 3713 49 20 Bull

2764 3734 68 23 street,
2861 3734 145 26 Birmingham,
3032 3743 25 13 on
3084 3737 34 20 the
3145 3739 50 21 18th

2767 3760 105 24 February.
2900 3761 42 20 The
2952 3762 78 20 thieves
3038 3764 47 19 took
3095 3770 55 20 away
3156 3773 38 13 one

2764 3786 21 19 of
2799 3786 35 19 the
2848 3786 90 21 shutters
2954 3795 26 12 on
2999 3788 107 27 Saturday,
3128 3795 35 17 cut
3182 3800 12 12 a

2766 3813 77 23 portion
2853 3816 42 22 out,
2910 3815 94 25 replaced
3020 3815 35 20 the
3074 3817 62 25 piece,
3152 3819 41 19 and

2764 3838 106 21 blackened
2897 3840 34 20 the
2963 3842 66 24 edges.
3057 3842 55 21 Then
3144 3845 49 26 they

2765 3865 86 23 brought
2869 3866 34 21 the
2923 3868 81 19 shutter
3020 3868 57 24 back,
3103 3870 41 20 and
3171 3874 21 17 at

2764 3891 63 26 night,
2843 3892 56 20 when
2915 3893 16 20 it
2951 3901 39 12 was
3006 3897 37 22 put
3061 3901 34 19 up,
3114 3897 79 27 quietly

2763 3918 76 25 slipped
2868 3919 34 20 the
2919 3920 56 25 piece
2994 3923 41 21 out,
3058 3924 95 19 removed
3179 3932 12 12 a

2763 3950 71 19 square
2857 3945 22 19 of
2894 3946 60 25 glass,
2974 3947 38 19 and
3029 3947 116 22 abstracted
3164 3952 25 18 50

2762 3970 61 25 rings.
