2520 4010
652 142 11 18 5
675 140 76 20 barrels
768 141 55 22 nuts,
835 138 98 26 Ridgway
943 138 42 20 and
1002 137 35 21 Co]
1037 148 28 5 —
1065 138 12 19 3
1087 137 61 21 hhds.
1159 137 71 26 claret,

652 168 63 19 Hine.
720 176 21 5 —
746 167 11 19 l
769 172 45 14 case
832 166 92 25 drapery,
946 165 32 21 W.
989 165 83 24 Hay.—
1075 165 25 19 ls
1118 170 56 14 cases
1192 162 38 26 air,

652 195 27 19 32
690 195 48 24 bags
748 199 68 18 sugar,
828 194 25 19 10
870 193 60 20 hhds.
948 191 86 26 brandy,
1045 192 25 19 25
1086 191 59 20 casks
1155 191 40 23 ale,
1206 192 25 18 25

654 221 72 20 tierces
737 220 51 23 beef,
800 220 26 20 70
837 221 62 19 boxes
917 219 95 22 candles,-
1018 219 27 19 12
1062 224 56 14 cases
1136 218 59 23 wine,
1206 218 26 20 50

654 252 77 16 trusses
747 248 47 24 hay,
805 248 27 18 45
849 249 49 17 tons
915 247 62 22 coals,
990 245 39 21 150
1046 245 69 25 sheep,
1128 245 26 21 10.
1169 244 63 21 bo«
1239 244 6 28 3

654 278 39 17 tea,
703 275 13 19 5
727 274 100 27 packages
837 274 73 24 cigars,
920 273 129 20 Tomkira.—
1051 272 25 20 2o
1087 271 77 21 barrels
1171 272 62 25 pork;

654 302 26 20 60
691 301 49 26 bags
751 301 59 24 bran,
819 301 23 20 J.
851 301 33 19 M.
897 301 43 25 Tay
941 301 39 19 lor.
1014 315 3 3 .
1053 316 5 2 .
1129 298 115 24 ...'"'

799 359 137 18 outwards
955 358 142 15 coastwise.

682 386 28 21 Ik
720 392 46 15 the
1044 389 45 15 for
1098 389 46 14 the
1155 389 78 16 coast.

656 424 27 5 —
687 414 70 23 Wade,
773 414 74 25 Agent.
849 424 27 4 —
878 414 11 20 1
904 413 46 20 bale
962 412 103 24 blankets,
1081 411 12 20 1
1103 410 43 21 box
1153 410 81 26 -prints,

657 440 27 24 l§
691 443 48 18 tons
749 441 60 25 flour,
823 440 24 24 If
857 443 48 17 tons
915 439 61 27 pork,
987 440 26 19 20
1022 439 111 25 iron.pots,
1148 438 28 20 30
1185 438 50 26 kegs

656 468 65 26 paint,
733 469 12 18 5
756 471 47 16 cwt.
816 468 46 23 salt,
877 469 7 18 1
896 467 41 20 box
943 466 66 26 slops.

685 494 27 21 In
718 500 47 15 the
795 494 83 21 Vakgu
966 499 44 14 kor
1018 492 104 21 Nelson.
1123 502 27 4 —
1150 492 84 25 Agents,

656 522 111 25 Ridgways
776 522 42 19 and
825 522 15 21 C
840 522 46 21 0.
887 521 39 20 —300
936 520 51 25 bags
996 520 62 23 flour,
1068 520 12 19 5
1091 518 77 21 barrels
1175 519 60 25 pork.

657 549 25 20 95
692 549 53 26 pigs,
758 549 25 19 10
793 551 65 23 goats,
869 549 26 19 25
906 553 54 17 oars,
974 547 23 20 14
1009 546 59 21 casks
1078 549 79 23 porter,
1169 546 9 19 1
1187 546 49 20 hhd.

657 576 86 26 brandy.
771 576 122 24 Passengers
895 585 25 5 —
922 574 127 21 M'Farlane.
1060 573 41 20 and
1120 573 121 20 Anderson.-

686 603 27 19 In
721 607 47 15 the
900 607 46 14 for
957 601 109 20 Poverty
1073 600 61 19 Bay.
1134 610 28 5 —
1162 601 75 24 Agent.

660 629 99 21 Wade.—
760 630 13 19 6
787 630 69 26 pieces
871 629 65 27 print,
954 630 13 19 2
978 629 68 26 pieces
1063 627 71 26 calico,
1152 628 25 19 10
1194 627 45 26 pair

657 656 103 24 blankets,
772 657 11 19 1
793 656 41 27 keg
843 656 95 20 tobacco.

686 683 28 20 In
723 689 48 14 thb
887 689 47 14 kor
943 683 149 20 Wangaxui.
1093 691 27 5 —
1120 680 93 21 Johnson
1222 680 18 27 8f

658 711 78 22 Moore,
746 711 113 25 Agents.—
861 711 12 19 l
884 710 32 20 tin
931 710 83 24 biscuit,
1027 710 26 19 10
1068 708 50 26 bags
1128 714 68 20 sugar,
1214 709 25 19 10

658 737 48 26 bags
716 737 61 23 flour,
788 738 12 19 6
811 738 49 25 bags
869 738 47 22 salt,
930 738 27 19 20
967 737 50 25 bags
1028 737 48 20 rice,
1089 736 10 19 I
1110 736 46 19 bale
1171 736 68 26 prints

658 769 40 15 and
710 770 56 20 rugs,
778 765 11 19 1
800 765 31 19 tin
844 767 68 24 putty,
926 765 10 19 1
948 764 48 20 cask
1010 762 81 22 bottled
1100 762 59 24 wine,
1170 764 12 19 2
1199 763 41 20 tins

659 791 85 24 biscuit,
755 792 11 19 1
777 792 49 20 cask
837 798 52 18 rum,
901 793 12 18 2
923 791 51 26 bags
983 797 68 19 sugar,
1065 791 12 19 4
1089 790 60 20 hhds.
1160 790 56 24 beer,
1228 791 12 18 2

659 825 56 14 cases
726 819 60 24 wine,
799 820 10 19 1
821 825 45 14 case
877 818 142 27 champaigne,
1031 819 11 19 1
1053 817 80 23 basket,
1152 818 10 20 1
1174 818 65 22 chest,

661 847 11 19 1
683 846 51 20 hhd.
743 846 57 24 beer,
811 847 11 19 1
830 852 58 20 camp
898 852 61 18 oven,
969 845 14 20 3
990 845 57 20 bales
1056 844 104 25 blankets,
1172 845 10 19 1
1193 845 48 20 cask

659 873 93 25 tobacco,
764 875 12 19 2
786 880 63 19 paper
858 873 88 26 parcels.

701 932 95 21 Latest
809 932 82 21 Dates
908 931 30 20 of
953 932 101 28 Papers
1068 930 131 23 received.

652 1210 95 65 New
779 1210 222 65 Zealand
1033 1210 223 65 Gazette

705 1277 67 22 AND
786 1275 214 23 WELLINGTON
1020 1275 185 23 SPECTATOR.

767 1331 129 23 Saturday,
912 1329 125 22 February
1051 1329 19 26 4,
1083 1329 58 23 1843.

699 1382 24 23 It
743 1390 94 23 appears
858 1381 29 31 by
905 1388 29 16 au
952 1385 87 19 extract
1056 1388 32 16 we
1106 1381 56 23 have
1181 1381 65 24 made

667 1416 57 23 from
744 1416 37 22 the
800 1414 84 28 Tablet,
898 1414 48 23 that
967 1414 37 23 the
1024 1414 117 31 Company
1189 1415 58 23 have

668 1456 65 23 agree
743 1449 3 21 I
759 1447 158 30 conditionally
955 1452 22 18 to
989 1456 13 14 a
1014 1448 138 30 proposition
1164 1448 26 23 of
1200 1448 45 24 Mr.

670 1482 89 30 George
771 1481 97 28 Rennie,
878 1480 87 32 junior,
978 1481 33 22 for
1030 1489 14 14 a
1055 1488 47 15 new
1122 1480 85 32 Colony
1220 1489 26 16 on

669 1515 37 23 the
725 1519 88 18 eastern
832 1519 61 18 coast
911 1513 25 23 of
957 1513 38 23 the
1015 1513 86 24 Middle
1124 1513 80 24 Island
1227 1515 24 23 of

669 1548 56 23 New
748 1547 106 28 Zealand,
879 1546 26 24 of
929 1546 38 23 the
990 1551 77 19 extent
1089 1546 26 23 of
1142 1549 105 27 100,600

669 1588 70 20 acres,
752 1585 39 18 out
803 1580 25 23 of
842 1579 38 23 the
898 1579 110 31 purchase
1027 1587 81 23 money
1127 1581 25 22 of
1167 1580 80 29 which,

668 1615 130 26 £100,000
810 1614 19 21 is
842 1618 22 17 to
876 1612 27 23 be
924 1612 92 23 devoted
1035 1617 22 18 to
1070 1612 38 23 the
1128 1614 80 23 transit
1226 1615 25 22 of

669 1646 78 24 labour
760 1646 56 23 from
830 1646 36 22 the
887 1645 201 31 Mother-country
1101 1650 22 18 to
1144 1646 38 23 the
1200 1654 48 16 new

670 1680 95 29 Colony.
811 1679 69 22 What
901 1679 37 22 the
957 1679 124 23 conditions
1101 1680 103 23 annexed
1225 1684 23 19 to

670 1713 43 23 this
726 1713 90 23 scheme
828 1720 51 22 may
891 1712 26 22 be
937 1719 32 15 we
981 1720 38 14 are
1031 1712 25 22 of
1071 1719 79 16 course
1162 1718 23 17 at
1197 1720 50 24 pre-

670 1751 50 17 sent
731 1746 111 29 ignorant,
855 1745 41 22 but
913 1752 33 15 we
966 1744 64 23 think
1043 1744 16 23 if
1077 1745 37 22 the
1126 1745 88 31 Agents
1228 1746 24 23 of

670 1778 36 23 the
720 1779 115 30 Company
847 1778 56 22 have
922 1777 65 24 made
1006 1783 85 18 correct
1107 1785 141 24 representa-

670 1813 58 21 tions
749 1812 25 22 of
790 1811 36 23 the
844 1811 150 31 comparative
1014 1816 93 18 amount
1126 1812 24 23 of
1171 1811 78 24 labour

670 1844 43 24 and
726 1844 81 31 capital
822 1849 22 18 at
863 1849 92 26 present
974 1844 100 30 existing
1091 1845 24 22 in
1133 1844 60 24 their
1209 1853 40 15 va-

670 1879 61 22 rious
750 1877 146 28 settlements,
908 1877 45 23 and
973 1877 38 23 the
1031 1877 72 31 heavy
1122 1878 54 23 calls
1198 1878 51 31 they

670 1911 56 23 have
745 1912 22 21 in
786 1910 29 23 all
835 1910 130 31 likelyhood
983 1915 23 18 to
1027 1915 59 18 meet
1110 1919 58 23 upon
1193 1912 57 22 their

670 1944 67 23 funds
749 1948 23 19 to
792 1951 63 23 carry
866 1948 40 18 out
924 1943 58 23 their
1002 1943 92 31 implied
1112 1945 97 30 promise
1228 1945 25 23 of

670 1978 129 29 employing
823 1977 38 22 the
888 1976 90 31 surplus
1007 1981 92 19 amount
1121 1977 25 24 of
1171 1978 79 22 labour

672 2009 70 23 which
755 2010 58 22 from
825 2010 52 22 time
891 2014 21 18 to
932 2010 53 22 time
1003 2009 20 23 is
1042 2009 85 23 thrown
1141 2018 59 22 upon

672 2041 95 29 market,
779 2040 53 32 they
845 2041 44 23 will
901 2049 37 16 see
951 2040 37 24 the
996 2042 115 30 propriety
1123 2042 25 23 of
1157 2042 94 31 making

671 2082 62 16 some
742 2082 61 15 more
815 2079 85 18 correct
912 2073 144 25 calculations
1069 2074 25 23 of
1109 2073 36 25 the
1158 2080 93 18 amount

671 2108 25 23 of
711 2115 80 21 money
802 2107 102 30 required
917 2107 34 23 for
964 2115 12 14 a
989 2107 103 24 reserved
1101 2107 55 24 fund
1167 2108 34 23 for
1213 2107 38 24 the

672 2141 130 29 contingent
814 2147 111 23 expenses
937 2140 25 23 of
971 2140 57 23 their
1041 2148 48 15 new
1102 2141 148 29 settlements,

671 2174 42 23 and
727 2181 32 15 we
780 2173 73 22 would
873 2173 142 23 recommend
1037 2173 37 23 the
1092 2173 117 24 Directors
1228 2178 23 19 to

672 2207 52 23 read
743 2207 54 22 with
818 2207 109 22 attention
945 2214 40 15 our
1007 2207 188 30 contemporary's
1214 2214 37 16 re-

672 2239 76 24 marks
760 2247 61 23 upon
833 2239 48 22 that
898 2239 94 31 subject,
1004 2240 24 22 in
1047 2239 59 24 their
1124 2240 93 23 number
1228 2241 26 23 of

672 2272 127 31 yesterday.
834 2272 52 23 The
899 2273 140 30 proposition
1056 2273 21 22 is
1096 2273 34 23 for
1148 2273 39 24 the
1205 2274 46 23 sale

673 2306 24 23 of
714 2308 107 26 100,600
839 2312 71 22 acres,
923 2313 40 23 say
974 2310 24 19 at
1016 2306 70 31 thirty
1098 2306 103 32 shillings
1212 2314 39 24 per

672 2347 59 21 acre,
743 2338 46 31 (for
802 2339 37 22 the
858 2338 54 24 sake
932 2339 25 22 of
972 2338 140 32 argument,)
1123 2339 72 24 which
1207 2340 44 23 will

672 2373 50 29 give
738 2373 24 22 in
782 2371 71 24 round
871 2371 107 24 numbers
996 2373 138 28 £151,000.
1171 2373 47 24 Out
1230 2373 25 24 of

672 2406 46 22 this
737 2404 62 24 there
820 2406 17 21 is
856 2409 23 18 to
896 2404 29 24 be
945 2406 130 28 £100,000
1094 2406 115 31 expended
1228 2407 23 23 in

673 2439 154 29 transmitting
846 2437 80 24 labour
946 2442 23 19 to
988 2438 38 23 the
1047 2439 94 30 Colony,
1162 2439 91 32 leaving

672 2473 114 26 £50,000
797 2471 35 23 for
843 2471 59 23 what
910 2479 6 15 :
918 2483 34 5 —

708 2507 44 21 Ist.
772 2503 46 25 For
829 2505 123 30 surveying
966 2506 105 27 100,600
1079 2512 63 17 acres
1154 2505 25 24 of
1193 2503 60 29 b'ish

672 2538 53 23 land
737 2537 43 24 and
792 2537 85 31 setting
889 2543 38 18 out
939 2538 37 23 the
988 2545 70 16 same.

706 2570 55 24 2nd.
781 2570 28 24 In
821 2569 96 32 making
927 2571 74 28 roads,
1014 2570 98 32 bridges,
1126 2572 42 23 &c.

707 2604 50 24 3rd.
785 2603 45 24 For
852 2604 75 30 profit,
952 2604 162 24 contributions
1136 2611 22 17 to
1178 2604 75 33 public

673 2637 114 30 buildings
799 2636 55 24 such
866 2644 25 16 as
903 2637 117 28 churches,
1035 2637 97 31 chapels,
1145 2639 52 28 &c,
1210 2640 43 23 and

672 2670 68 31 lastly
750 2670 131 30 contingent
891 2670 54 23 fund
952 2670 33 24 for
992 2670 170 25 miscellaneous
1169 2680 84 23 expeu-

673 2711 37 16 ces
721 2709 39 19 not
767 2703 103 23 included
878 2704 22 22 in
908 2703 37 23 the
953 2703 119 32 foregoing
1079 2705 73 24 items.
1187 2706 26 23 If
1222 2714 32 15 we

674 2744 38 16 are
724 2742 22 18 to
764 2736 70 32 judge
846 2736 26 23 of
882 2736 38 24 the
931 2738 131 30 proportion
1074 2738 26 23 of
1115 2738 81 31 capital
1207 2739 49 24 that

675 2778 50 22 may
737 2770 28 24 be
783 2769 108 32 expected
907 2773 24 20 to
950 2778 136 24 accompany
1098 2771 48 24 that
1164 2778 92 19 amount

674 2803 25 23 of
708 2803 86 27 labour,
807 2802 30 32 by
850 2802 59 24 what
926 2802 41 24 has
978 2803 90 31 already
1082 2804 55 24 been
1155 2804 38 25 the
1204 2814 51 16 case

674 2836 23 23 in
716 2836 38 23 the
776 2836 99 31 existing
894 2836 149 29 settlements,
1064 2844 32 16 we
1116 2837 80 26 should
1215 2847 40 24 say

673 2870 51 23 that
735 2869 38 24 the
784 2869 180 31 preponderance
976 2870 26 23 of
1011 2869 79 24 labour
1102 2878 51 17 over
1166 2873 88 30 capital,

674 2903 20 22 is
715 2907 22 19 at
748 2902 59 24 least
824 2903 23 22 in
866 2903 131 31 proportion
1009 2903 25 23 of
1047 2903 45 24 five
1104 2904 25 24 of
1143 2905 77 24 labour
1234 2912 22 18 to

675 2935 62 24 three
749 2936 25 23 of
789 2935 90 31 capital,
891 2936 44 23 and
948 2936 70 31 likely
1030 2941 21 18 to
1064 2937 90 24 become
1169 2944 87 25 greater

674 2976 31 16 on
716 2968 37 24 the
766 2974 50 26 part
826 2969 27 23 of
868 2969 37 23 the
917 2969 87 28 labour,
1023 2969 63 25 there
1105 2978 50 23 may
1169 2972 25 24 be
1211 2972 45 24 this

675 3002 125 31 advantage
819 3001 117 32 attending
953 3003 140 23 settlements
1105 3004 109 25 hereafter
1234 3011 22 19 to

674 3035 29 23 be
720 3035 94 28 formed,
833 3035 50 23 that
900 3036 38 22 the
958 3036 89 23 settlers
1066 3044 50 23 may
1129 3037 53 24 look
1199 3039 34 23 for
1244 3047 12 15 a

676 3076 61 15 more
756 3068 83 31 speedy
857 3069 129 30 possession
1006 3070 25 23 of
1046 3069 60 24 their
1123 3070 71 30 lands,
1213 3072 43 24 and

675 3101 161 31 consequently
847 3101 47 23 less
913 3102 82 31 capital
1013 3110 52 23 may
1077 3103 77 24 suffice
1170 3105 34 23 for
1220 3105 36 24 in-

676 3134 112 23 dividuals
806 3140 22 17 to
840 3142 129 16 commence
981 3135 61 29 with,
1064 3136 54 23 than
1132 3136 37 24 the
1181 3138 75 25 unfor-

677 3172 77 18 tunate
767 3167 89 23 settlers
868 3168 23 22 in
910 3168 39 23 the
960 3168 62 31 early
1034 3169 148 30 settlements,
1202 3171 54 25 have

675 3200 58 23 been
750 3200 94 24 enabled
864 3205 23 18 to
898 3200 68 32 begin
978 3202 55 23 with
1041 3210 6 15 :
1068 3210 33 16 we
1114 3203 57 24 shall
1183 3211 73 18 return

676 3238 23 19 to
712 3233 45 24 this
769 3233 87 32 subject
866 3234 76 31 again.

710 3289 51 23 The
773 3289 114 32 following
906 3291 20 23 is
945 3298 12 16 a
975 3298 116 25 summary
1103 3292 25 24 of
1141 3293 40 23 the
1196 3294 60 32 ship-

677 3322 57 31 ping
745 3322 44 24 and
802 3326 95 28 tonnage
910 3324 71 23 which
995 3324 41 23 has
1054 3326 90 23 entered
1157 3334 41 16 our
1207 3333 49 26 port

677 3355 83 32 during
778 3356 36 24 the
832 3356 80 24 month
931 3357 25 23 of
970 3357 109 31 January,
1091 3359 24 23 in
1135 3359 39 23 the
1193 3368 63 23 years

680 3390 72 25 1840,
767 3390 72 28 1841,
854 3392 72 27 1842,
938 3390 44 23 and
996 3392 64 23 1843
1070 3399 42 16 :—

713 3559 51 24 Our
776 3559 106 33 shipping
891 3562 46 24 still
949 3570 55 24 goes
1015 3571 29 15 on
1056 3563 94 33 steadily
1161 3571 98 20 increas-

680 3593 47 31 ing.
764 3593 76 32 Every
852 3596 78 22 month
943 3596 83 27 shows.
1030 3604 12 15 a
1061 3603 90 24 greater
1166 3607 45 15 nun:
1220 3600 39 23 her

680 3629 22 20 ol
720 3626 101 29 arriv.als,
835 3627 72 24 which
919 3636 80 23 proves
1011 3629 49 24 how
1080 3638 40 15 our
1133 3631 77 26 harbot
1218 3641 10 16 r
1241 3634 18 22 is

681 3659 119 31 becoming
821 3659 91 31 known,
919 3674 4 4 •
934 3669 28 16 aa
966 3662 12 23 J
1003 3662 36 24 the
1056 3668 89 19 -extent
1171 3665 24 23 of
1204 3676 3 6 •
1220 3673 39 17 our

681 3699 132 17 commerce.
849 3693 63 24 Four
931 3695 24 23 of
1021 3700 4 4 '
1030 3697 43 22 arri
1077 3696 53 29 vals.
1136 3697 123 26 wiere.'frdm

680 3725 117 31 England,
809 3726 107 33 bringing
933 3735 135 24 passengers
1089 3730 44 24 and
1143 3726 116 35 njierplianr

681 3758 50 24 dize
741 3766 7 20 ;
768 3763 43 19 two
829 3759 58 24 from
900 3761 45 23 .the
963 3761 167 33 neighbouring
1148 3765 97 24 colonies
1253 3773 6 21 ;

681 3799 43 16 one
746 3791 59 24 from
826 3791 136 33 Valparaiso
972 3803 7 19 ;
1013 3794 45 24 and
1077 3795 40 24 the
1137 3799 122 30 remaining

681 3825 105 23 nineteen
804 3827 124 24 coastwise;
971 3827 23 25 A
1014 3834 67 25 cargo
1101 3829 26 24 of
1146 3829 59 26 flour
1208 3825 51 40 }has

682 3858 56 23 been
757 3858 110 33 imported
887 3859 72 26 direct
976 3861 58 29 frpra
1054 3862 40 24 the
1111 3858 98 36 market)
1219 3865 40 25 five

681 3891 104 25 hundred
795 3893 44 24 and
851 3892 77 34 eighty
1027 3896 140 30 twenty-five
1178 3886 81 42 hoifses,

680 3933 44 16 one
741 3926 68 30 mule,
830 3926 80 25 twelve
927 3933 74 26 goats,
1020 3928 64 25 three
1099 3929 103 26 hundred
1209 3931 50 24 .and

1261 137 140 30 ninety-nine
1419 137 59 30 pigs,
1490 137 132 30 twenty-six
1641 132 50 33 pVir
1704 135 24 23 of
1743 135 73 28 fowls,
1829 142 14 16 a

1261 169 101 31 quantify
1434 170 79 28 maize,
1536 168 65 32 pork,
1625 169 81 27 bacon,
1729 172 113 26 potatoes,

1261 193 50 37 he,
1333 202 43 23 and
1395 210 15 15 a
1430 202 62 30 large
1515 206 94 19 amount
1627 201 25 23 of
1676 200 165 24 merchandize.

1261 235 128 24 Quantities
1402 234 25 23 of
1441 235 50 29 pigs
1511 242 37 15 are
1567 234 48 23 also
1634 232 127 30 constantly
1775 232 68 30 being

1261 267 75 23 driven
1357 268 47 22 into
1426 271 58 19 tovrn
1505 266 104 24 overland
1630 266 59 24 from
1711 264 131 25 Manawaiu

1262 299 41 24 and
1315 299 63 23 other
1383 299 89 30 -places,
1486 299 43 23 and
1550 299 37 23 the
1605 303 62 19 coast
1689 298 45 24 and
1749 298 95 23 interior

1262 334 19 22 is
1293 332 68 31 being
1378 332 108 31 explored
1495 334 34 21 -in
1547 339 66 23 every
1634 331 110 24 direction
1759 330 30 30 by
1802 337 43 16 our

1261 369 154 25 countrymen^
1438 365 34 23 for
1554 372 97 24 purpose
1673 363 26 25 of
1724 363 120 30 bartering

1261 397 55 24 -with,
1328 397 38 24 the
1378 396 110 25 Maories.
1527 405 5 4 *

1296 452 39 24 On
1347 450 106 32 'Tuesday
1465 452 52 30 last,
1538 452 38 24 the
1594 451 113 24 workmen
1726 450 119 31 employed

1263 486 24 23 in
1307 484 95 31 waking
1420 485 38 23 the
1466 503 4 3 .
1477 484 158 29 Karon-road,
1655 486 33 21 54
1700 485 23 22 in
1742 483 102 29 number,

1265 518 82 30 having
1359 518 87 23 arrived
1464 522 23 19 at
1506 518 48 24 Mr.
1575 517 78 24 Hair's
1672 517 78 27 house,
1771 516 75 23 which

1265 551 70 30 being,
1350 550 38 24 the
1399 551 50 23 first
1466 551 105 31 dwelling
1581 551 22 23 in
1622 550 38 23 the
1677 549 95 28 district,
1790 549 56 23 each

1265 591 51 16 man
1328 590 46 16 was
1395 583 138 24 entertained
1554 584 30 30 by
1595 583 46 24 him
1653 582 55 23 with
1726 590 14 15 a
1750 582 98 31 bumper'

1265 616 26 24 of
1298 616 83 31 punch.
1417 616 43 24 We
1470 616 136 24 understand
1618 616 52 30 they
1681 623 38 15 are
1729 614 115 31 promised

1265 657 14 15 a
1290 649 86 23 similar
1388 653 56 19 treat
1454 650 58 23 from
1524 649 64 23 other
1604 649 97 27 settlers,
1714 647 63 24 when
1793 648 53 30 they

1267 682 110 31 approach
1387 681 59 24 their
1460 683 123 30 respective
1594 681 117 23 localities.

1298 736 45 24 We
1354 736 137 24 understand
1504 746 13 15 a
1527 737 46 24 box
1585 737 23 23 of
1623 737 75 30 specie
1711 744 43 16 was
1766 736 80 31 placed

1268 777 27 16 on
1305 769 77 24 .board
1404 770 38 23 the
1460 769 95 24 Thomas
1573 768 95 32 Sparks,
1681 770 22 22 in
1725 769 82 31 charge
1825 769 24 22 of

1269 802 36 24 the
1327 803 97 30 captain,
1447 803 35 23 for
1505 803 47 24 Mr.
1578 802 118 24 Chetham.
1743 802 36 23 On
1809 801 39 23 the

1268 842 73 17 owner
1353 837 98 29 opening
1461 836 38 23 the
1519 835 54 29 box,
1585 835 27 24 he
1634 835 129 24 discovered
1776 840 23 18 to
1811 834 37 23 his
1860 831 2 26 !

1268 873 64 26 great
1351 870 107 29 surprise,
1475 868 49 24 that
1543 870 30 29 by
1592 876 61 15 some
1671 868 177 23 unaccountable

1268 908 91 24 process
1380 909 29 16 on
1429 902 38 23 the
1486 910 92 22 voyage,
1591 901 36 23 the
1643 901 145 30 money-gold
1805 901 43 23 had

1270 934 56 23 been
1337 934 81 23 turned
1436 935 46 22 into
1503 942 41 16 one
1556 934 25 23 of
1595 934 37 23 the
1650 934 67 23 baser
1736 934 79 23 metals
1816 945 33 5 —

1268 968 56 22 iron.
1362 967 23 23 It
1403 968 20 22 is
1444 967 73 23 stated
1535 967 48 23 that
1602 967 37 23 the
1658 967 95 23 steward
1771 967 41 23 left
1825 972 24 17 at

1270 999 131 32 Plymouth,
1420 1000 44 23 and
1482 1000 38 23 the
1537 999 51 24 first
1611 998 45 25 and
1675 999 82 24 second
1776 1003 73 20 mates

1270 1032 73 24 whilst
1355 1032 38 24 the
1404 1032 71 24 vessel
1487 1040 46 16 was
1554 1031 102 24 detained
1676 1037 24 18 at
1717 1033 38 22 the
1777 1033 71 29 Cape,

1270 1066 39 23 but
1321 1065 99 24 whether
1430 1065 52 31 they
1491 1065 44 24 had
1546 1073 44 22 any
1599 1072 85 24 agency
1692 1065 23 23 in
1726 1064 36 24 the
1775 1070 75 18 trans-

1270 1099 163 30 mogrification
1445 1099 23 23 of
1483 1098 54 31 gold
1547 1098 47 23 into
1609 1099 58 28 iron,
1680 1099 97 22 remains
1788 1103 23 19 to
1823 1098 27 23 be

1270 1132 91 31 proved.

1304 1180 39 24 On
1365 1180 105 31 Tuesday
1490 1181 51 28 last,
1563 1190 13 14 a
1595 1181 40 23 fire
1656 1181 72 23 broke
1747 1186 40 19 out
1802 1182 24 23 in
1839 1190 14 15 a

1273 1214 68 23 house
1354 1213 97 24 situated
1470 1214 23 23 in
1505 1223 13 14 a
1536 1214 112 31 populous
1667 1214 185 31 neighbourhood

1274 1248 20 22 in
1307 1247 37 23 the
1357 1246 66 24 Land
1435 1247 73 23 Office
1521 1247 76 28 Walk,
1606 1247 101 31 Murphy
1717 1248 83 28 Street,
1809 1248 44 23 and

1274 1287 43 16 was
1329 1287 56 16 soon
1404 1280 68 23 burnt
1490 1285 23 19 to
1532 1280 39 23 the
1589 1280 94 31 ground.
1721 1280 49 24 The
1782 1281 71 23 house

1275 1320 43 16 was
1330 1312 68 31 lately
1411 1313 105 31 occupied
1528 1313 30 31 by
1575 1322 13 15 a
1599 1321 52 15 man
1669 1313 81 23 named
1762 1313 91 28 Fisher,

1274 1346 40 23 but
1326 1346 39 23 has
1376 1346 58 23 been
1454 1354 31 15 uu
1488 1346 104 24 tenanted
1608 1346 35 24 for
1661 1354 62 15 some
1735 1347 62 28 time,
1810 1346 44 23 and

1275 1387 26 15 no
1314 1379 41 23 fire
1371 1379 64 23 made
1454 1380 23 22 in
1497 1379 37 23 the
1554 1379 61 32 place
1634 1379 34 23 for
1687 1387 13 15 a
1719 1379 134 31 fortninght.

1275 1412 49 23 The
1346 1419 67 16 cause
1432 1412 24 23 of
1477 1412 38 23 the
1534 1412 41 23 fire
1593 1412 98 23 remains
1712 1420 14 15 a
1743 1417 111 27 mystery.

1275 1445 67 23 From
1356 1445 38 23 the
1406 1445 54 31 high
1472 1445 58 23 wind
1542 1445 97 30 blowing
1651 1450 23 18 at
1691 1445 39 23 the
1742 1446 62 28 time,
1817 1445 38 23 the

1276 1477 165 32 neighbouring
1460 1479 82 22 houses
1564 1485 57 17 were
1644 1479 80 30 placed
1745 1479 23 22 in
1792 1483 64 26 great

1272 1511 117 32 jeopardy,
1403 1511 43 23 and
1459 1512 16 22 it
1496 1511 102 31 required
1618 1511 30 23 all
1660 1510 37 24 the
1709 1513 113 21 exertions
1835 1512 24 22 of

1276 1544 36 23 the
1323 1545 96 22 inmates
1433 1549 21 18 to
1465 1548 94 27 prevent
1574 1544 37 23 the
1622 1544 81 31 sparks
1716 1545 56 22 from
1784 1545 72 31 light-

1276 1578 38 29 ing
1326 1577 57 23 their
1399 1577 69 23 roofs.

1319 1627 161 24 MEETING
1498 1628 43 23 OF
1560 1628 71 23 THE
1651 1628 163 23 COUNCIL.

1373 1673 104 21 FRIDAY,
1493 1673 136 18 FEBRUARY
1641 1668 24 28 4,
1681 1669 72 22 1843.

1309 1700 110 24 Present.
1422 1711 34 4 —
1458 1699 45 23 Mr.
1517 1699 98 30 Hunter,
1625 1699 122 30 chairman,
1757 1700 99 24 Messrs.

1277 1733 73 32 Lyon,
1362 1731 79 29 Wade,
1454 1732 105 29 Jenkins,
1572 1734 71 28 Scott,
1655 1733 45 24 and
1711 1733 111 25 Johnson.

1310 1767 103 23 Minutes
1426 1765 24 23 of
1465 1765 43 23 last
1520 1767 98 30 meeting
1630 1767 129 23 confirmed.

1310 1799 80 24 Letter
1401 1799 57 22 from
1477 1799 118 31 Secretary
1609 1801 23 22 in
1651 1800 140 30 attendance,
1804 1807 54 16 con-

1277 1833 81 31 veying
1369 1832 37 22 his
1427 1831 157 32 Excellency's
1604 1841 87 15 answer
1712 1838 22 19 to
1746 1833 37 24 the
1796 1833 63 23 three

1278 1864 126 27 memorials
1424 1865 120 31 presented
1562 1871 22 18 to
1601 1866 63 30 him;
1701 1868 43 23 Ist.
1768 1875 29 15 on
1821 1872 38 18 tne

1278 1900 87 31 subject
1387 1899 25 21 or
1427 1897 36 24 the
1484 1898 70 24 whale
1573 1900 102 24 fisheries
1694 1899 88 30 duties;
1802 1899 56 24 2nd.

1277 1933 129 31 respecting
1428 1931 37 23 the
1493 1932 135 30 application
1657 1933 25 24 of
1708 1933 38 24 the
1774 1933 85 31 Raupo

1279 1966 80 24 House
1370 1964 47 24 Bill
1426 1972 6 20 ;
1452 1963 50 25 3rd.
1516 1972 29 16 on
1565 1966 36 24 the
1618 1966 88 31 subject
1718 1967 24 23 of
1757 1967 38 23 the
1817 1974 42 23 po-

1278 1999 67 23 sition
1358 1999 25 22 of
1399 1997 36 23 the
1449 1997 156 31 Corporation.

1381 2030 91 23 Hunter
1490 2032 118 29 proposed,
1628 2032 110 22 seconded
1757 2032 32 29 by
1809 2031 49 23 Mr.

1279 2063 98 23 Jenkins
1379 2075 32 4 —

1305 2094 58 21 Tliat
1373 2100 28 15 an
1413 2101 85 14 answer
1514 2094 29 21 be
1558 2094 104 22 returnad
1673 2097 22 18 to
1712 2094 37 22 tlie
1764 2094 65 22 letter
1838 2094 26 21 of

1279 2120 38 22 the'
1326 2120 114 27 Secretary
1450 2121 22 21 in
1484 2121 139 27 attendance,
1634 2121 128 27 requesting
1770 2121 35 22 his
1816 2121 45 21 Ex-

1279 2147 99 27 cellency
1384 2150 22 18 to
1418 2147 101 27 proclaim
1531 2148 37 21 the
1578 2148 115 22 extension
1703 2148 25 22 of
1735 2148 37 22 the
1783 2148 77 27 Raupo

1281 2174 75 21 House
1367 2174 42 21 Bill
1422 2179 20 16 to
1453 2174 36 21 the
1500 2174 71 22 whole
1580 2174 106 28 borough.

1314 2202 46 24 Mr.
1390 2203 65 23 Scott
1481 2203 118 31 proposed,
1621 2202 110 25 seconded
1756 2203 31 32 by
1811 2203 47 24 Mr.

1279 2235 72 24 Wade
1353 2248 32 4 —

1307 2268 32 21 As
1358 2274 29 15 an
1408 2267 148 27 amendment,
1577 2268 47 22 that
1643 2268 38 22 the
1698 2268 115 27 boundary
1833 2268 28 21 do

1280 2301 129 15 commence
1439 2294 57 21 from
1520 2294 37 21 the
1581 2298 86 19 eastern
1700 2295 114 27 boundary
1839 2294 26 22 of

1279 2321 69 21 Town
1357 2321 60 21 Acre
1425 2321 40 21 544
1475 2321 117 27 extending
1608 2325 22 18 to
1641 2322 37 21 the
1691 2321 78 28 beach,
1781 2322 80 21 thence

1279 2347 127 22 southward
1415 2347 67 27 along
1493 2348 36 22 the
1538 2348 70 22 beach
1618 2356 24 14 as
1651 2349 34 21 far
1694 2355 24 14 as
1728 2348 36 22 the
1775 2352 86 18 eastern

1280 2374 115 27 boundary
1411 2374 24 21 of
1452 2381 50 16 acre
1516 2376 48 25 213,
1583 2375 56 22 from
1655 2375 80 22 thence
1754 2375 108 22 eastward

1279 2401 68 27 along
1356 2401 182 22 Manners-street
1548 2409 23 14 as
1581 2402 34 21 far
1629 2409 23 14 as
1662 2402 198 26 Taranaki-street,

1281 2428 79 21 thence
1371 2428 124 22 southward
1509 2428 66 26 along
1588 2428 190 23 Taranaki-street
1795 2436 23 15 as
1829 2429 34 21 far

1280 2462 25 15 as
1330 2455 193 27 Ghuznee-street,
1550 2451 78 26 thence
1654 2456 114 21 westward
1794 2455 69 25 along

1281 2481 187 23 Ghuznee-street
1487 2489 23 14 as
1529 2482 33 21 far
1586 2489 23 15 as
1635 2482 157 28 Willis-street,
1816 2482 47 22 and

1281 2509 78 21 thence
1374 2508 65 27 along
1456 2508 149 23 Willis-street
1622 2509 126 22 northward
1761 2517 25 14 as
1796 2509 33 22 far
1839 2516 23 14 as

1281 2535 160 27 Dixon-street,
1462 2535 79 22 thence
1561 2536 113 21 westward
1693 2535 64 27 along
1776 2536 86 22 Dixon-

1281 2567 67 16 street
1357 2569 24 14 as
1391 2562 34 21 far
1434 2569 23 14 as
1464 2562 239 27 Wellington-terrace,
1710 2563 80 22 thence
1797 2564 66 24 along

1284 2588 226 28 Wellington-terrace
1526 2589 126 22 northward
1668 2594 22 17 to
1707 2589 36 22 the
1755 2590 108 21 termina-

1282 2616 44 21 tion
1339 2616 25 21 of
1374 2615 136 28 Wellington-
1515 2618 90 25 terrace,
1615 2616 130 27 continuing
1755 2616 37 22 the
1802 2623 61 15 same

1282 2642 44 22 line
1343 2642 96 28 through
1459 2647 56 18 town
1535 2651 48 14 acre
1601 2644 42 21 No.
1663 2644 40 21 505
1722 2647 22 18 to
1764 2643 99 27 Sydney-

1281 2672 73 24 street,
1371 2669 80 22 thence
1467 2669 64 22 down
1551 2669 168 29 Sydney-street
1737 2674 22 17 to
1780 2670 83 22 Moles-

1282 2697 152 25 worth-street,
1452 2696 45 22 and
1515 2696 66 28 along
1600 2696 222 23 Molesworth-street
1841 2701 22 17 to

1282 2723 171 28 Pipitea-street,
1467 2723 45 22 and
1528 2723 66 28 along
1611 2724 162 28 Pipitea-street
1789 2727 22 18 to
1825 2723 38 22 the

1282 2754 64 24 point
1355 2749 26 22 of
1391 2755 196 18 commencement.

1317 2778 45 24 For
1374 2778 39 24 the
1425 2779 96 31 original
1540 2780 84 23 motion
1638 2781 24 27 4,
1674 2780 36 23 for
1721 2779 38 25 the
1771 2779 93 24 amend-

1282 2817 63 19 ment
1355 2814 25 21 2.

1317 2845 51 24 The
1380 2846 95 23 Council
1487 2846 53 23 then
1552 2846 123 31 adjourned
1687 2846 48 24 sine
1752 2846 44 25 die.

1412 2901 72 21 THE
1503 2901 76 21 NEW
1597 2902 138 20 TARIFF.

1317 2938 110 32 Through
1441 2939 37 24 the
1489 2939 107 24 kindness
1609 2940 24 23 of
1644 2940 96 24 Messrs.
1752 2940 113 31 Ridgway

1284 2972 43 24 and
1340 2973 52 30 Guy
1395 2978 46 23 ten,
1453 2981 33 15 we
1497 2981 38 16 are
1547 2973 94 24 enabled
1652 2979 22 18 to
1685 2973 38 31 lay
1736 2973 75 23 before
1823 2981 44 15 our

1285 3005 90 24 readers
1396 3006 55 23 such
1469 3008 100 29 portions
1589 3007 26 22 of
1630 3006 38 23 the
1688 3014 49 15 new
1757 3006 65 23 tariff
1841 3014 26 15 as

1285 3046 61 16 more
1367 3040 152 30 immediately
1539 3039 65 23 affect
1625 3039 122 27 ourselves,
1768 3039 44 23 and
1829 3039 38 23 the

1284 3072 65 23 other
1361 3072 86 24 British
1461 3072 114 24 Colonies.
1611 3072 51 23 The
1678 3072 49 23 first
1738 3072 128 30 regulation

1286 3105 71 23 which
1371 3105 77 24 affects
1460 3112 27 16 us
1499 3105 20 23 is
1531 3105 44 23 No.
1588 3107 25 26 4,
1625 3111 25 17 as
1662 3104 86 24 follows
1749 3117 34 5 —

1426 3138 29 23 all
1475 3138 58 23 train
1551 3138 36 28 oil,
1603 3138 102 28 blubber,
1724 3138 143 30 spermaceti,

1286 3171 37 29 oil,
1336 3171 58 23 head
1411 3175 89 25 matter,
1521 3170 73 29 skins,
1606 3171 79 28 bones,
1702 3171 43 23 and
1765 3171 52 30 fins,
1830 3171 38 24 the

1286 3204 97 32 produce
1395 3204 25 23 of
1434 3203 44 24 fish
1490 3212 25 15 or
1528 3210 111 18 creatures
1651 3204 71 31 living
1733 3204 24 23 in
1769 3204 39 24 the
1820 3213 47 21 sea,

1286 3237 45 25 and
1341 3237 27 23 of
1374 3236 97 32 foreign
1482 3237 87 32 taking,
1581 3237 58 25 shall
1651 3238 37 29 be,
1700 3237 43 24 and
1755 3237 39 24 the
1806 3246 62 16 same

1287 3272 20 22 i«
1319 3270 83 31 hereby
1413 3270 127 32 prohibited
1553 3276 21 18 to
1588 3271 30 24 be
1638 3270 112 32 imported
1767 3272 49 23 into
1830 3272 39 23 the

1288 3303 87 25 United
1387 3303 116 32 Kingdom
1515 3304 24 23 in
1550 3304 84 32 fishing
1644 3304 94 29 vessels,
1752 3312 26 16 or
1788 3305 25 23 in
1824 3312 44 23 any

1287 3337 64 24 other
1362 3337 92 29 vessels,
1468 3337 76 24 unless
1560 3337 54 24 such
1633 3338 65 23 other
1712 3338 85 23 vessels
1808 3337 62 24 shall

1287 3371 56 23 have
1361 3370 53 23 been
1431 3370 91 23 cleared
1540 3373 37 21 out
1596 3370 117 31 regularly
1726 3371 59 23 from
1806 3379 63 17 some

1289 3404 84 30 foreign
1395 3408 65 26 port;
1481 3403 43 23 and
1543 3404 19 22 if
1576 3411 44 23 any
1632 3404 56 23 such
1703 3404 55 28 iish,
1772 3412 25 15 or
1815 3413 52 23 pro-

1288 3437 55 23 duce
1356 3436 25 23 of
1395 3436 52 29 fish,
1460 3444 26 15 or
1505 3441 113 19 creatures
1637 3437 73 30 living
1720 3438 23 22 in
1763 3437 38 24 the
1822 3446 46 21 sea,

1288 3470 57 23 shall
1358 3469 27 24 be
1396 3476 25 16 so
1439 3469 109 31 imported
1566 3470 46 23 into
1630 3470 37 24 the
1684 3470 88 24 United
1792 3471 76 32 King-

1287 3504 60 27 dom,
1360 3501 38 24 the
1408 3509 60 16 same
1478 3501 62 25 shall
1550 3502 25 24 be

1321 3535 64 26 27th.
1390 3535 126 31 regulation
1517 3547 27 6 —
1544 3547 8 7 -

1345 3568 63 24 That
1418 3577 29 15 no
1458 3568 71 31 goods
1547 3568 57 24 shall
1621 3570 28 23 be
1662 3570 90 24 entered
1764 3578 26 16 as
1800 3570 70 33 being

1288 3610 57 23 open
1357 3602 57 23 from
1427 3610 45 22 any
1484 3601 86 24 British
1587 3603 141 30 possessions
1740 3604 24 23 in
1775 3603 94 25 Ameri-

1289 3643 33 21 ca,
1334 3634 33 32 (if
1381 3643 43 22 any
1436 3635 84 23 benefit
1530 3636 75 23 attach
1615 3641 23 19 to
1651 3636 56 24 such
1719 3636 151 33 distinction,)

1289 3669 77 24 unless
1378 3668 38 24 the
1428 3673 84 19 master
1531 3669 24 23 of
1570 3668 38 24 the
1628 3669 51 32 ship
1698 3671 124 31 importing
1832 3671 38 24 the

1289 3710 70 20 same,
1371 3700 59 25 shall
1451 3702 57 23 have
1526 3701 111 25 delivered
1656 3708 23 18 to
1701 3703 37 24 the
1757 3704 114 24 Collector

1289 3743 25 16 or
1327 3734 155 32 Comptroller,
1494 3743 14 15 a
1526 3735 120 24 certificate
1666 3736 72 23 under
1757 3737 40 23 the
1810 3737 61 24 hand

1289 3769 34 23 of'
1330 3768 38 24 the
1379 3774 81 25 proper
1472 3768 76 24 officer
1559 3768 26 23 of
1598 3768 39 24 the
1648 3768 64 32 place
1729 3769 75 24 where
1815 3771 55 25 $uch

1289 3801 72 32 goods
1371 3808 59 16 were
1441 3799 69 25 taken
1522 3808 30 16 on
1564 3801 78 30 board,
1654 3802 26 23 of
1695 3801 38 24 the
1744 3802 45 24 due
1799 3803 72 24 clear-

1290 3842 57 18 ance
1359 3834 27 24 of
1399 3834 56 24 such
1467 3834 59 31 ship,
1529 3832 65 26 from'
1598 3834 90 30 thence,
1702 3831 133 37 containing
1843 3844 29 17 an

1291 3872 95 21 account
1404 3867 26 25 of
1449 3867 58 25 such
1525 3867 104 32 goods—
1629 3868 35 25 Be
1682 3869 20 24 it
1717 3869 95 24 enacted
1825 3869 48 26 that

1285 3902 64 27 .from
1361 3901 46 25 and
1416 3901 59 24 after
1486 3901 39 24 the
1536 3900 40 26 sth
1591 3900 43 33 day
1646 3902 26 24 of
1686 3902 62 31 July,
1762 3904 73 29 1843,
1848 3912 25 16 so

1292 3935 68 24 much
1371 3935 26 23 of
1411 3934 38 25 the
1461 3935 49 24 said
1529 3940 37 19 act
1580 3943 26 16 as
1620 3936 24 22 is
1664 3935 79 25 herein
1754 3936 71 25 above
1835 3944 38 17 re-

1872 134 65 29 cited,
1948 134 58 23 shall
2018 134 82 23 extend
2121 139 22 18 to
2154 134 29 24 all
2201 134 73 31 goods
2292 134 92 30 coming
2396 133 55 24 from

1872 174 42 24 any
1938 165 89 24 British
2048 165 125 29 possession
2195 165 92 30 abroad,
2310 170 83 26 except
2416 166 35 23 the

1873 200 121 22 territories
2007 198 88 31 subject
2112 203 21 19 to
2153 200 38 22 the
2208 200 157 23 Government
2377 198 25 24 of
2417 198 35 24 the

1874 232 155 23 Presidencies
2048 233 25 21 of
2088 232 55 23 Fort
2161 231 109 30 William,
2284 231 96 30 Bengal,
2399 231 53 24 Fort

1873 265 66 23 Saint
1951 264 98 30 George,
2062 264 44 24 and
2117 264 101 31 Bombay

1905 297 59 24 29th
1976 296 133 31 regulation.

1930 330 61 23 That
2004 329 37 23 the
2053 330 105 30 importer
2167 338 25 15 or
2203 338 83 24 person
2297 330 106 30 entering
2411 336 42 24 any

1873 362 81 24 timber
1965 370 24 15 or
2001 362 64 24 wood
2076 366 23 18 to
2119 362 26 23 be
2163 363 95 30 cbarged
2277 363 56 24 with
2352 362 56 31 duty
2424 362 29 30 by

1873 399 172 24 measurement,
2055 394 59 24 shall
2125 399 22 19 at
2158 395 36 23 his
2205 403 100 23 expence
2324 400 55 24 sort,
2396 394 52 32 pile,

1874 428 78 28 frame,
1972 435 25 15 or
2016 427 118 23 otherwise
2152 428 63 30 place
2233 428 39 24 the
2290 436 62 16 same
2363 429 25 23 in
2400 428 54 24 such

1874 468 93 16 manner
1979 468 25 15 as
2017 460 38 23 the
2067 459 190 24 Commissioners
2269 461 24 23 of
2309 461 41 24 her
2366 461 89 31 Majes-

1874 494 43 31 ty's
1930 494 107 22 Customs
2049 501 51 22 may
2109 492 62 24 deem
2190 500 126 25 necessary,
2337 498 23 20 to
2376 493 81 24 enable

1875 527 37 22 the
1931 527 87 22 officers
2039 530 21 19 to
2079 532 103 17 measure
2201 525 43 23 and
2263 526 53 23 take
2331 535 13 14 a
2354 527 47 23 line
2412 525 43 24 and

1874 563 87 20 correct
1971 563 94 19 account
2077 558 94 28 thereof,
2189 558 44 23 and
2255 558 49 24 that
2323 560 22 22 in
2358 560 31 23 all
2401 558 54 25 such

1875 600 62 16 cases
1950 591 72 24 where
2035 591 37 23 the
2086 599 59 15 same
2158 592 18 22 is
2187 591 116 23 measured
2313 592 24 22 in
2343 591 68 30 bulk,
2418 592 38 24 the

1875 628 164 21 measurement
2050 624 57 23 shall
2118 624 26 23 be
2156 624 69 23 taken
2234 629 23 18 to
2270 624 39 23 the
2320 624 42 23 full
2380 629 77 20 extent

1874 659 26 22 of
1914 657 38 24 the
1971 657 51 31 pile,
2043 657 45 23 and
2105 657 49 23 that
2171 664 30 16 no
2220 657 121 23 allowance
2360 657 57 23 shall
2427 657 30 23 be

1876 690 63 24 made
1952 691 28 30 by
1991 690 38 23 the
2042 690 88 23 officers
2141 697 27 16 on
2182 695 95 18 account
2288 690 26 23 of
2329 689 38 24 the
2387 690 69 23 inter-

1875 725 67 21 stices
1954 724 85 29 arising
2051 727 40 19 out
2105 722 25 23 of
2145 722 54 23 such
2211 730 91 23 process
2322 722 25 24 of
2363 723 92 30 sorting,

1876 757 78 31 piling,
1966 756 106 30 framing,
2084 763 26 16 or
2125 755 96 31 placing,
2242 755 109 33 provided
2366 755 91 31 always,

1876 790 48 23 that
1942 789 30 23 all
1989 790 97 27 battens,
2106 788 87 29 boards,
2213 789 70 28 deals,
2302 788 45 24 and
2366 788 90 32 planks,

1876 821 135 31 execeeding
2023 824 30 21 21
2067 822 45 23 feet
2123 822 22 23 in
2157 821 77 31 length
2247 830 50 22 may
2305 822 29 23 be
2340 820 118 25 measured

1876 856 29 30 by
1918 855 38 23 the
1968 862 68 23 peace
2054 855 44 23 and
2117 854 36 24 the
2173 860 95 18 account
2286 855 91 23 thereof
2390 854 68 24 taken

1910 922 58 23 30th
1980 920 139 31 Regulation
2121 933 32 4 —

1936 954 61 23 That
2019 954 38 23 the
2077 955 61 27 time,
2161 953 71 31 place,
2255 952 45 24 and
2323 960 92 16 manner
2435 952 26 24 of

1877 987 93 31 landing
1980 988 89 29 foreign
2081 986 43 23 fish
2136 986 111 31 imported
2259 987 47 22 into
2319 986 37 24 the
2374 984 86 25 United

1879 1020 124 31 Kingdom,
2015 1020 45 23 and
2072 1020 25 22 of
2112 1020 115 31 reporting
2238 1019 45 23 and
2301 1019 105 31 entering
2421 1019 39 23 the

1878 1061 71 21 same,
1961 1054 44 23 and
2016 1053 26 23 of
2056 1054 84 30 paying
2158 1052 38 24 the
2211 1052 75 24 duties
2304 1052 44 23 due
2360 1052 100 27 thereon,

1878 1087 59 23 shall
1956 1087 27 23 be
2009 1086 91 31 subject
2123 1090 21 20 to
2171 1085 56 24 such
2254 1085 140 30 regulations
2416 1083 46 23 and

1879 1120 120 23 directions
2025 1127 26 15 as
2081 1119 37 24 the
2146 1119 190 23 Commissioners
2366 1117 25 23 of
2418 1116 42 23 her

1881 1153 119 31 Majesty's
2013 1153 107 23 Customs
2131 1151 66 29 shall,
2218 1151 58 23 from
2288 1151 55 21 time
2359 1155 23 17 to
2401 1150 59 28 time,

1881 1186 65 23 make
1959 1186 128 31 respecting
2099 1184 36 23 the
2148 1191 69 21 same,
2230 1183 44 23 and
2283 1182 48 23 that
2338 1183 30 23 all
2377 1182 84 30 foreign

1879 1219 45 23 fish
1936 1219 97 23 unladen
2045 1219 57 22 from
2115 1225 42 22 any
2170 1216 73 24 vessel
2255 1221 106 25 contrary
2373 1219 23 19 to
2408 1214 54 24 such

1881 1252 137 31 regulations
2031 1250 44 24 and
2087 1251 119 22 directions
2218 1249 58 23 shall
2287 1249 29 23 be
2328 1248 109 23 forfeited.

2079 2795 199 30 (Communicated.
2284 2799 8 23 )

1928 2839 50 24 Our
1983 2838 101 29 readers,
2092 2839 43 23 and
2142 2838 31 24 all
2178 2846 94 23 persons
2281 2839 119 25 interested
2407 2841 24 23 in
2439 2841 38 24 the

1894 2871 126 25 successful
2031 2871 158 24 Colonization
2200 2872 26 23 of
2241 2872 64 24 these
2323 2872 95 30 Islands,
2430 2874 48 24 will

1895 2907 27 22 be
1929 2905 80 23 struck
2017 2904 52 23 with
2076 2912 27 16 an
2114 2910 182 18 announcement
2300 2906 73 23 under
2381 2907 34 23 the
2421 2906 58 25 head

1922 2938 53 23 Fire
1987 2937 79 23 Relief
2075 2937 159 29 Committee,!'
2241 2938 24 22 in
2277 2938 47 23 this
2334 2938 55 31 days
2399 2947 78 23 paper,

1895 2973 22 22 in
1930 2971 72 23 which
2015 2971 17 22 it
2044 2970 45 23 will
2100 2970 27 23 be
2138 2978 55 15 seen
2205 2969 48 25 that
2265 2969 39 25 the
2315 2970 93 26 Natives
2420 2973 58 24 have

1895 3003 141 25 contributed
2048 3003 38 24 £6
2100 3005 50 22 14s.
2165 3002 65 33 S|d.,
2252 3003 98 25 towards
2369 3004 34 25 the
2414 3006 67 24 relief

1895 3039 25 22 of
1929 3038 58 22 their
1998 3036 67 24 white
2077 3036 72 24 fellow
2159 3036 108 31 subjects,
2279 3037 85 32 (under
2373 3037 35 25 the
2417 3047 62 23 sway

1896 3072 24 22 of
1937 3078 40 16 our
1996 3074 61 19 most
2069 3070 111 23 Gracious
2192 3070 83 25 Queen
2295 3070 122 33 Victoria,)
2430 3072 49 24 who

1896 3103 98 25 suffered
2014 3103 29 31 by
2056 3103 38 24 the
2110 3103 46 23 late
2173 3103 92 24 terrible
2276 3105 51 23 fire.
2363 3105 33 24 Be
2411 3106 21 24 it
2443 3114 36 16 re-

1896 3136 128 25 membered
2042 3136 30 32 by
2084 3136 28 24 all
2125 3136 111 30 civilized,
2254 3137 51 24 that
2314 3138 30 29 is,
2363 3138 116 25 Christan-

1896 3171 51 23 ized
1963 3170 144 31 Europeans,
2119 3170 50 24 that
2180 3170 46 24 this
2238 3171 20 23 is
2266 3170 39 25 the
2315 3171 52 25 first
2382 3173 59 29 time,
2455 3180 24 16 as

1896 3204 34 24 far
1942 3212 25 15 as
1979 3211 33 16 we
2022 3204 74 28 know,
2109 3204 24 23 in
2144 3203 38 24 the
2192 3203 87 32 history
2287 3204 25 24 of
2322 3204 39 25 the
2369 3213 60 23 poor,
2441 3210 39 27 yet

1897 3245 67 16 warm
1988 3237 95 23 hearted
2110 3237 58 23 New
2196 3237 147 30 Zealanders,
2373 3239 23 23 of
2422 3239 59 24 their

1897 3271 90 31 coming
1998 3270 97 24 forward
2106 3274 22 19 to
2142 3269 104 24 alleviate
2257 3270 40 23 the
2306 3270 91 25 distress
2407 3272 26 23 of
2442 3273 37 23 the

1898 3305 65 23 white
1976 3312 52 16 man
2041 3304 24 22 in
2076 3303 55 23 such
2141 3311 14 15 a
2166 3310 56 23 way.
2258 3303 25 23 A
2293 3311 84 24 money
2387 3305 94 32 offering

1897 3338 25 23 of
1932 3337 38 24 the
1982 3337 104 31 precious
2098 3336 80 24 metals
2189 3336 93 31 flowing
2293 3337 59 24 from
2364 3338 35 25 the
2411 3346 69 17 warm

1897 3370 92 24 hearted
2008 3369 150 24 benevolence
2176 3369 25 23 of
2220 3370 65 23 those
2303 3370 51 24 who
2375 3372 50 31 only
2443 3373 36 23 the

1897 3404 64 23 other
1973 3404 50 30 day,
2032 3410 57 16 were
2098 3402 130 24 considered
2234 3411 83 23 savage
2324 3406 119 23 cannabals
2450 3406 5 24 !
2463 3406 14 23 !!

1898 3444 33 16 we
1942 3438 89 27 cannot,
2044 3436 84 30 having
2138 3443 30 16 no
2185 3443 68 24 space
2264 3441 24 19 to
2301 3438 98 32 amplify.
2436 3438 44 25 Let

1898 3470 38 23 the
1957 3469 167 32 philanthropic
2146 3469 156 32 philosopher,
2329 3472 75 24 reflect
2430 3472 51 23 how

1898 3503 66 24 much
1982 3502 46 24 this
2040 3510 96 23 conveys
2136 3515 34 4 —
2171 3503 45 23 and
2225 3503 31 24 let
2267 3512 43 16 our
2329 3505 57 31 good
2397 3505 84 24 friends

1898 3537 38 23 the
1947 3535 137 32 Aboriginal
2091 3536 91 32 Society
2192 3537 23 23 in
2227 3537 118 31 England,
2358 3538 38 25 ask
2405 3538 74 25 them-

1898 3570 73 24 selves
1982 3569 100 24 whether
2099 3569 38 24 the
2155 3570 100 31 asperity
2266 3571 25 23 of
2308 3578 63 17 some
2382 3572 23 24 of
2422 3571 58 25 their

1898 3603 111 28 remarks,
2021 3602 74 24 would
2108 3607 40 20 not
2158 3603 113 24 hereafter
2288 3604 75 24 better
2372 3605 25 24 be
2408 3605 73 31 quali-

1900 3636 49 29 fied,
1961 3636 75 23 where
2049 3635 51 32 they
2111 3636 46 24 find
2168 3636 58 24 such
2237 3637 97 31 feelings
2345 3638 136 31 influencing

1899 3669 37 24 the
1948 3669 96 24 Natives
2056 3669 44 24 and
2111 3670 39 23 the
2161 3669 58 24 New
2230 3670 103 24 Zealand
2346 3671 133 32 Company's

1899 3702 98 24 settlers.
2041 3702 136 32 Unvarying
2198 3702 112 24 kindness
2330 3703 43 25 has
2388 3705 91 23 charac-

1899 3735 85 25 terized
2003 3735 59 25 from
2083 3735 38 25 the
2142 3736 59 29 first,
2223 3735 39 24 the
2285 3737 97 24 conduct
2399 3737 26 25 of
2444 3737 37 24 the

1899 3769 67 23 latter
1976 3768 99 25 towards
2086 3769 58 23 their
2155 3768 63 24 sable
2229 3768 149 31 neighbours,
2392 3770 46 25 attd
2448 3777 33 17 wo

1900 3810 38 16 are
1949 3808 52 17 now
2013 3801 118 32 beginning
2142 3806 24 19 to
2177 3810 55 23 reap
2243 3802 43 24 the'
2295 3803 77 24 fruits.

1933 3835 49 24 But
1997 3835 20 23 it
2027 3839 62 21 must
2107 3835 29 25 be
2147 3834 90 25 further
2251 3835 110 25 recorded
2370 3836 23 25 in
2408 3836 73 33 praise

1901 3869 28 24 of
1935 3868 38 25 the
1993 3868 96 25 Natives
2100 3869 26 24 of
2141 3868 150 32 Wellington,
2310 3868 51 26 that
2376 3868 38 26 the
2429 3875 53 24 very

1902 3903 41 32 day
1952 3902 26 23 of
1986 3902 39 24 the
2038 3902 170 31 conflagration,
2219 3909 70 24 many
2298 3902 26 24 of
2332 3902 60 25 them
2402 3902 79 24 vblun-

1902 3935 76 25 teered
1989 3939 24 20 to
2023 3935 70 24 assist
2102 3936 26 23 in
2135 3935 104 31 building
2247 3935 87 27 house*
2341 3936 36 25 for
2384 3935 39 25 the
2430 3935 51 24 del-

112 1088 16 22 S
135 1085 145 25 HIPPING
299 1084 273 24 INTELLIGENCE.

271 1145 141 20 ARRIVED.

80 1180 103 25 February
194 1179 19 25 1,
224 1179 45 25 brig
278 1179 115 24 Margaret,
407 1177 39 20 186
457 1179 55 23 tons,
524 1176 110 24 Tomkins,

53 1207 52 21 from
118 1207 90 26 Sydney.

287 1249 115 21 SAILED.

82 1283 102 26 February
201 1284 22 21 3,
240 1282 61 26 sloop
322 1282 69 24 Royal
414 1281 102 26 William,
533 1280 28 21 43
579 1282 56 19 tonsi

55 1310 81 24 Lovett,
146 1310 30 20 for
188 1311 36 20 the
234 1312 65 18 coast.

279 1359 32 20 IN
327 1358 85 21 PORT.

78 1395 84 25 Barque
169 1393 129 25 Indemnity,
305 1392 41 19 450
363 1395 61 20 tons,
437 1391 87 25 Adams,
536 1392 101 26 refitting.

51 1423 90 24 Agents,
153 1421 68 20 Waitt
229 1421 42 19 and
281 1420 76 25 Tyser.

80 1450 108 20 Schooner
212 1450 57 23 Ann,
294 1449 26 19 11
345 1451 59 21 tons,
428 1447 85 25 Brown,
535 1447 45 21 laid
602 1453 36 21 up.

52 1477 79 26 Agent,
140 1476 69 20 Waitt
219 1477 40 19 and
270 1475 75 26 Tyser.

82 1505 109 19 Schooner
201 1504 80 22 Maori,
294 1505 24 18 15
331 1507 57 16 tons.

82 1531 108 21 Schooner
202 1531 104 20 Governor
322 1531 93 21 Hobson.
425 1531 27 19 40
463 1532 57 24 tons,
530 1530 109 26 Crumner,

54 1559 89 26 Agents,
156 1559 55 20 Hort
222 1559 41 19 and
274 1557 38 21 Co.
343 1558 33 19 On
388 1559 36 18 the
435 1558 48 25 slip,
494 1558 112 26 repairing.

82 1586 234 25 Brigantine^lrie/104
328 1587 55 22 tons,
393 1585 143 21 Cruikshank.
564 1586 75 25 Agent,

57 1614 63 20 Cruik
124 1613 76 20 shank.

45 1645 2 6 '
83 1640 108 21 Schooner
200 1640 117 24 Elizabeth,
329 1639 25 20 70
365 1642 55 21 tons,
439 1639 76 20 Smith.
544 1639 96 26 Captain,

56 1668 79 26 Agent.

83 1696 82 25 Barque
180 1694 127 26 Brougham,
327 1695 47 23 237,
395 1694 126 21 Robertson.
563 1694 77 25 Agent,

56 1721 108 22 Boulcott.
451 1727 10 14 z

85 1750 108 20 Schooner
212 1749 73 24 Ocean,
297 1749 26 20 30
340 1752 55 21 tons,
412 1748 113 26 Ferguson.
554 1748 85 26 Agents,

56 1776 92 21 Wallace
158 1777 42 19 and
210 1776 47 24 Co.,
269 1776 86 26 Agents.

85 1804 81 26 Barque
186 1804 105 23 Glenarm,
308 1804 40 21 297
367 1806 54 23 tons,
439 1802 55 27 Guy.
526 1802 78 26 Agent,
616 1802 23 22 C.

58 1831 33 22 M.
103 1831 79 26 Penny.

46 1873 4 3 ■
86 1859 52 26 Ship
151 1860 89 19 Thomas
251 1858 85 26 Sparks,
345 1859 44 20 498
404 1861 55 21 tons,
471 1857 73 27 Sharp.
576 1858 64 27 Ridg-

58 1892 55 20 ways
123 1887 40 19 and
174 1886 47 24 Co.,
231 1886 86 25 Agents.

87 1913 51 26 Brig
152 1914 116 24 Margaret,
288 1913 38 20 186'
344 1915 61 23 tons,,
414 1913 110 21 Tomkins.
553 1913 87 26 Agents,

58 1940 67 20 ■Waitt
135 1941 39 19 and
184 1941 73 24 Tyser.
305 1948 12 16 t
346 1949 4 3 •
385 1953 3 6 >
402 1947 7 15 i

234 1994 74 42 COSTOM
308 1994 45 42 HOUSE
353 1994 129 42 .

280 2049 145 28 "Export's:',-
445 2072 4 2 .

89 2087 31 20 In
129 2091 46 16 the
193 2085 14 13 '»
364 2080 149 37 *or|Sydney
522 2091 34 14 »*«i
565 2086 77 20 Auck-

61 2120 71 15 land.
136 2124 24 4 —
165 2114 68 19 Willis
244 2113 42 20 and
296 2113 41 25 Co.,
346 2113 116 25 Agents.—
464 2114 11 24 \
485 2115 37 19 ton
532 2119 85 21 copper,
630 2113 10 20 1

60 2141 51 21 Ihd.
122 2147 53 20 rum,
187 2141 12 20 3
211 2147 56 13 cases
277 2140 43 26 gin.
411 2133 10 33 f

295 2201 110 15 IMPOSTS.

91 2228 28 21 In
129 2234 46 15 the
199 2228 122 20 ''Thomas
470 2233 64 14 from
545 2228 99 20 London

61 2258 33 18 via
104 2261 46 15 thb
161 2255 64 20 Cape
235 2261 28 14 of
273 2255 64 20 Good
350 2254 97 22 Hope.—
447 2255 113 26 Ridgways
571 2255 17 24 8f
600 2256 42 23 Co.,

59 2286 114 24 Agents.—
176 2284 12 19 s
199 2282 61 21 hhds.
271 2284 63 23 stout,
347 2283 67 19 Willis
423 2282 42 20 and
476 2281 59 22 Co.—
539 2284 13 18 3
562 2289 30 20 qr.
602 2283 42 20 and

63 2312 13 19 3
86 2314 82 17 octaves
179 2310 60 20 casks
249 2310 80 25 sherry,
339 2310 12 19 5
368 2316 31 19 qr.
411 2310 45 19 and'
461 2308 12 21 s
485 2313 80 18 octaves
583 2310 61 20 casks

62 2338 42 24 do.,
115 2338 26 21 R.
153 2338 75 19 Baker.
231 2348 27 4 —
258 2338 13 19 3
282 2337 59 20 hhds.
352 2336 55 23 beer,
419 2338 103 24 Ferguson
532 2337 18 24 8c
565 2338 77 26 Young.

62 2366 41 19 —3
113 2371 57 14 cases
179 2364 162 24 manufactures,
355 2364 127 25 Greenwood,
494 2365 107 20 Brothers.
602 2376 26 4 —
632 2366 10 19 1

63 2399 54 17 case,
130 2393 32 19 St.
176 2392 54 20 Hill.
231 2402 25 4 —
261 2392 10 19 1
288 2398 46 13 case
343 2392 90 26 apparel.
444 2391 96 21 Ludlam.
543 2402 26 5 —
571 2393 9 19 1
597 2399 46 14 case

64 2420 134 26 agricultural
214 2419 139 25 implements,
371 2420 22 19 /.
411 2420 114 19 Bucfcland.
527 2429 26 5 —
555 2420 13 19 3
585 2421 59 25 pipes

63 2453 60 19 vtine,
138 2447 66 20 Waitt
214 2446 42 20 and
272 2446 69 26 Tyser.
346 2456 25 4 —
372 2447 10 18 1
395 2453 45 14 case
455 2446 41 21 and
507 2448 10 19 1
534 2449 63 21 crate,
611 2448 33 19 W.

67 2475 49 20 Vox.
118 2484 25 5 —
146 2474 10 20 1
168 2479 54 17 case,
240 2474 65 19 Mills.
308 2484 24 4 —
336 2474 10 19 1
358 2480 53 17 case,
428 2474 22 20 J.
460 2474 69 20 Allen.
529 2484 26 5 —
557 2475 13 19 4
588 2474 58 21 bales

63 2501 104 23 blankets,
180 2501 81 20 Virtue.
262 2511 27 4 —
291 2501 25 20 12
325 2500 50 26 kegs
385 2501 13 20 3
409 2507 56 14 cases
474 2502 13 19 2
501 2501 59 21 casks
571 2508 73 14 manu-

62 2530 100 22 factures,
179 2529 29 19 A.
225 2528 99 25 Perry.—
329 2528 12 20 2
358 2528 59 20 casks
435 2529 160 24 manufactures,
613 2530 31 21 H.

63 2557 127 20 Martineau.
191 2566 27 3 —
219 2556 13 19 2
243 2558 77 17 trusses
327 2555 91 25 wollens,
431 2555 39 21 100
480 2555 78 21 barrels
565 2556 80 21 bottled

64 2584 40 23 ale,
111 2583 39 20 100
157 2583 34 21 do.
198 2583 61 25 pork,
267 2583 25 19 34
299 2588 56 14 cases
362 2582 59 24 wine,
430 2583 24 20 10
461 2583 78 21 barrels
545 2583 99 27 whiskey,

66 2613 12 19 2
88 2611 60 20 bhds.
158 2610 87 26 brandy,
258 2610 10 20 1
280 2610 49 20 hhd.
339 2616 54 18 rum,
410 2611 9 19 1
432 2610 34 22 do.
477 2610 86 27 brandy,
580 2611 66 26 Ridg-

65 2644 55 19 ways
130 2637 41 20 and
182 2637 33 20 Co.
217 2648 25 3 —
246 2638 10 19 1
268 2637 47 20 cask
327 2637 85 26 cutlery,
426 2638 9 19 1
453 2644 47 14 case
509 2639 90 26 hosiery,
618 2641 27 19 28

64 2665 64 21 boxes
138 2665 88 24 candles,
239 2665 12 19 2
261 2665 81 25 trunks,
354 2666 12 19 2
378 2665 62 24 bales,
454 2667 12 19 2
477 2666 68 23 casks,
555 2667 13 20 3
578 2673 66 18 cases,

67 2694 25 20 10
99 2694 65 22 hams,
176 2693 34 23 24,
217 2692 40 20 950
265 2692 69 23 slates,
342 2693 25 19 10
372 2692 60 26 pipes
437 2693 79 20 linseed
524 2693 36 26 oil,
571 2695 74 20 Order.

65 2731 26 5 —
93 2721 12 20 1
115 2720 40 20 box
165 2719 76 27 specie,
254 2719 104 21 Chetham.
359 2729 24 5 —
388 2720 10 20 1
412 2719 42 21 box
464 2721 56 25 gold,
530 2721 41 20 Dr.
586 2722 60 20 Rees.
653 2713 2 8 '

64 2758 27 5 —
94 2749 10 19 1
117 2748 59 20 chest
184 2747 95 22 utensils,
291 2747 10 19 1
313 2747 58 20 chest
380 2747 91 26 wearing
484 2749 92 25 apparel,
588 2749 10 20 1
611 2750 34 19 do.

67 2775 62 25 tools,
140 2775 11 19 1
162 2780 47 14 case
218 2774 78 23 lattice,
315 2774 11 20 1
337 2773 96 27 package,
451 2775 98 20 bedstead
559 2777 47 24 &c,
622 2777 24 20 J.

66 2802 42 21 and
113 2803 26 19 A.
151 2802 147 20 Wilkinson.—
300 2801 27 19 so
333 2802 46 19 iron
386 2802 91 24 hurdles,
487 2803 25 20 18
522 2809 57 14 cases
586 2804 59 24 wine,

68 2830 11 20 1
97 2836 47 13 case
160 2829 63 26 plate,
242 2829 12 19 6
265 2834 55 14 cases
336 2829 101 26 sundries,
450 2830 10 19 1
479 2836 46 14 case
541 2831 75 25 prints,
633 2832 13 19 5

47 2860 4 4 '
66 2857 61 20 casks
132 2856 146 22 earthenware,
290 2856 9 20 1
308 2862 45 14 case
363 2856 92 25 harness,
465 2857 25 20 13
497 2864 56 14 cases
561 2858 85 21 kitchen

66 2884 95 24 utensils,
178 2884 12 19 2
208 2889 57 14 cases
280 2883 66 26 lamps
362 2884 47 26 &c,
428 2884 12 20 3
458 2890 55 15 cases
527 2889 88 23 carpets,
633 2887 13 19 3

66 2912 102 26 packages
183 2911 13 20 3
208 2916 57 14 cases
278 2910 61 21 horse
349 2910 76 25 cloths,
441 2912 12 19 9
463 2918 57 14 cases
536 2912 110 25 furniture,

68 2941 13 19 2
92 2945 56 14 cases
158 2938 87 26 sadlery,
258 2938 10 19 1
279 2944 45 14 case
332 2938 61 26 piano
403 2938 62 24 forte,
477 2940 9 19 1
498 2946 46 14 case
555 2941 72 23 books,
635 2942 10 19 1

66 2966 85 28 plough,
172 2966 12 19 2
205 2965 65 20 entire
287 2966 77 24 horses,
387 2967 9 19 1
415 2966 97 28 package,
533 2968 56 20 Hon.
614 2969 32 19 W.

68 2996 93 19 fetre.—
169 2994 12 19 9
197 2999 64 16 cases,
279 2993 12 19 5
306 2993 95 24 bundles,
421 2994 9 19 1
449 2994 56 24 cask,
517 2995 25 20 10
559 2996 57 24 kegs,
634 2997 12 19 5

68 3027 64 17 cases,
148 3021 23 20 J.
181 3020 62 20 Rout.
246 3030 23 4 —
272 3021 26 20 40
316 3021 59 19 casks
386 3021 79 20 bottled
482 3022 55 24 beer,
548 3023 26 20 27
590 3029 57 14 cases

68 3048 101 23 sundries,
177 3048 27 19 30
214 3047 62 20 boxes
284 3048 41 22 do.,
332 3049 13 19 2
352 3048 55 20 bales
418 3048 41 25 do.,
467 3049 13 19 4
487 3055 64 18 ca^es,
559 3051 12 18 2
579 3051 67 25 casks,

67 3077 13 19 3
91 3076 81 20 trunks,
184 3076 12 19 7
207 3081 63 17 cases,
282 3075 29 20 N.
322 3075 70 20 Levin.
395 3086 27 4 —
426 3076 23 19 10
465 3076 60 20 hhds.
538 3077 85 26 brandy,
634 3079 13 19 2

67 3103 63 20 hhds.
140 3103 26 19 12
177 3108 32 20 qr.
219 3102 59 19 casks
287 3102 61 24 wine,
364 3102 52 21 Fell.
418 3113 26 4 —
447 3103 10 19 1
468 3103 47 20 cask
534 3104 112 25 hardware,

69 3131 11 19 1
99 3130 62 22 anvil,
179 3129 124 24 Nevsbyn.—
309 3130 9 18 1
336 3129 48 20 cask
400 3130 63 25 glass,
482 3131 87 20 Bird.—
572 3133 10 19 l
601 3139 47 13 case

68 3157 74 23 books,
153 3157 57 24 Biys.
212 3166 25 4 —
240 3156 12 20 3
263 3161 57 15 cases
329 3157 150 25 merchandize,
493 3159 11 19 1
514 3162 56 17 crate
580 3159 42 28 do.,
635 3161 12 19 8

68 3184 61 21 casks
138 3183 64 24 cider,
212 3183 68 21 Featn.

66 3222 4 4 ■
79 3222 3 3 ■
99 3217 102 19 Shipped
209 3222 29 14 at
245 3222 45 14 the
301 3216 70 21 Cape.
372 3227 27 4 —
402 3217 10 19 1
422 3217 48 20 cask
480 3218 59 25 wine,
550 3220 13 20 2
569 3219 80 22 barrels

56 3258 3 5 .
69 3244 62 23 flour,
143 3244 10 19 1
172 3243 49 20 cask
235 3243 86 26 brandy,
338 3244 26 19 50
381 3244 47 20 iron
442 3245 117 25 bedsteads,
568 3248 13 19 4
598 3248 51 20 rolls

70 3272 59 20 sheet
137 3270 53 25 lead,
203 3271 10 19 1
225 3270 40 20 roll
273 3270 94 27 bagging,
380 3271 10 20 1
401 3271 41 21 box
451 3272 154 28 ironmongery,
623 3276 26 20 19

56 3311 4 4 •
70 3305 74 17 mares,
155 3298 14 20 3
178 3298 60 22 fuals.
251 3298 10 19 1
277 3298 62 25 mule,
350 3299 12 19 2
372 3299 60 20 casks
445 3300 45 26 gin,
501 3301 26 19 12
538 3302 33 20 do.
586 3302 63 22 wine.

56 3339 4 4 .
71 3326 149 24 Passengers—
224 3324 56 21 Hon.
296 3325 29 21 H.
336 3325 60 21 Petre
411 3327 41 19 and
468 3327 56 27 lady.
535 3328 21 21 J.
572 3328 78 22 Hurst-

56 3364 4 5 •
71 3354 65 20 house
153 3352 106 25 andltdy,
275 3352 52 20 Rev.
344 3352 21 21 J.
383 3354 26 19 O.
422 3353 67 27 Reily,
506 3354 22 21 J.
539 3356 70 26 Oates,
627 3357 22 21 J.

73 3380 113 24 Christian,
196 3379 23 20 J.
230 3378 118 21 Wilkinson
358 3381 41 20 and
408 3381 53 26 lady,
479 3382 22 20 J.
512 3382 100 27 Newbyn,
622 3384 27 22 A.

71 3408 129 21 Wilkinson,
211 3406 28 20 D.
249 3406 109 24 Williams;
371 3410 279 26 surgeou-supesintendant.

58 3446 3 3 •
71 3436 13 19 5
94 3434 151 24 intermediate,
256 3434 38 19 and
305 3434 27 19 55
341 3435 22 19 in
372 3435 37 20 the
419 3438 98 24 steerage.

100 3467 27 20 In
143 3472 55 14 -the
434 3473 64 15 from
623 3481 28 5 —

56 3498 5 26 [
75 3495 68 20 Waitt
151 3493 43 21 and
208 3493 70 26 Tyser,
287 3494 127 25 Ayent*.~s
432 3495 76 21 barrels
518 3495 53 24 beef,
585 3498 7 18 1
611 3498 40 26 keg

71 3523 78 22 butter,
168 3522 11 20 1
198 3521 49 20 cask
256 3521 89 23 varnish,
364 3521 11 20 1
385 3521 48 22 cask
450 3522 65 27 pitch,
532 3524 25 20 fi4
574 3524 78 21 barrels

71 3547 61 30 poifc,
143 3550 9 19 1
164 3549 40 20 box
212 3548 104 26 grindery,
327 3548 9 20 1
346 3549 120 26 case.slops,
475 3551 12 19 4
498 3551 58 20 hhds.
565 3551 86 27 brandy,

44 3579 19 14 •'
74 3578 12 19 6
96 3577 60 21 blids.
174 3577 79 25 potter,
261 3575 15 20 3
293 3576 56 20 bales
357 3579 91 20 cottons.
468 3578 9 20 1
488 3577 46 20 bale
548 3578 103 25 blankets,

74 3601 109 23 lO'firkiES
196 3604 75 22 butter,
291 3603 9 19 1
312 3603 77 21 barrels
405 3604 61 25 pork,
480 3604 9 20 1
505 3610 46 15 case
561 3606 61 25 glass,
639 3608 12 19 2

73 3638 56 14 cases
137 3638 70 19 paper.
217 3631 13 19 6
236 3636 59 20 samp
305 3636 70 15 ovens.
383 3631 12 20 3
405 3637 58 14 rases
472 3631 109 27 hardware,
594 3634 10 19 1
612 3634 41 26 keg

73 3658 37 21 ink
129 3658 68 21 l-bu'.e
206 3657 149 27 gunney.bags,
367 3658 12 20 9
390 3658 87 20 bundles
487 3656 84 30 leather,
582 3662 12 19 8
604 3661 48 26 kegs

48 3695 3 3 ■
58 3703 5 13 f
75 3686 59 23 nails,
146 3686 12 19 G
235 3685 87 21 wiadow
331 3685 83 24 frames,
425 3686 11 19 1
451 3686 48 19 cask
508 3686 63 25 glass,
583 3688 9 19 1
604 3689 48 19 cusk

73 3713 105 26 blacking,
187 3712 27 21 40
225 3710 63 23 Boxes
298 3716 39 20 tea,
350 3712 25 19 10
386 3712 73 21 chests'
465 3714 101 26 twnnkey,
580 3715 74 25 Order.,

59 3738 4 4 '
75 3740 12 20 5
104 3735 63 25 cases'
175 3740 63 26 slops,
257 3740 13 20 2
279 3740 74 20 trunks
370 3740 65 26 slops',
445 3741 13 19 5
474 3737 57 24 bale's
546 3742 64 26 slops,
627 3744 27 24 24,

57 3765 5 5 '
75 3766 58 21 cssks
143 3767 60 26 pork,
215 3768 25 20 17
251 3770 53 18 mats
313 3773 68 19 sugar,
393 3768 12 19 6
416 3766 64 21 boxes
498 3771 40 22 tea,
548 3768 28 24 5£
585 3770 68 21 chests

75 3797 43 21 tea,
131 3795 20 19 2.
159 3794 50 25 bags
223 3801 85 20 pepper,
324 3794 26 20 10
366 3800 58 15 cases
438 3795 63 25 wine,-
515 3796 86 21 Samuel
613 3798 41 20 and

59 3843 5 3 .
75 3822 83 24 Joseph.
159 3831 26 5 —
187 3822 13 18 5
212 3822 72 21 tierces
299 3822 63 24 beef,-
369 3822 26 20 10
405 3822 51 26 kegs
472 3822 78 26 butter,
562 3824 24 21 17
604 3824 50 27 bags

49 3864 2 4 ,
63 3862 2 3 •
76 3848 72 24 coffee,
158 3848 13 19 3
178 3848 78 21 barrels
264 3850 59 26 wine,
331 3850 27 20 32
367 3849 52 26 bags
425 3855 69 20 sugar,
505 3851 26 20 18
539 3852 33 19 do.
581 3852 73 26 coffee,'

57 3894 5 4 .
75 3876 14 20 2
106 3875 34 20 do.
150 3881 85 21 pepper,
253 3877 13 19 2
274 3876 64 21 boxes
354 3877 91 25 candles,
456 3877 12 21 1
485 3878 46 20 bale
539 3879 87 25 leather,
640 3879 13 22 2

75 3902 57 21 bales
141 3903 103 23 blankets,
255 3904 11 19 1
282 3904 47 20 bale
338 3910 57 20 rags,
412 3904 9 21 1
434 3904 48 21 cask
496 3904 69 24 boots,
580 3907 31 21 W.
625 3908 27 21 B.

74 3930 84 21 Rhode*
163 3930 42 21 and
214 3930 15 21 C
229 3930 46 21 0.
277 3931 27 20 —30
308 3931 75 21 firkin*
390 3931 79 26 butter,
475 3933 27 20 50
508 3933 79 21 barrel*
591 3935 61 26 pork,

543 55 98 46 Btye
663 54 116 41 Weto
806 52 207 42 Zealanft
1039 51 102 46 <£&?
1143 51 83 39 tttt
1251 46 90 43 anb
1368 48 296 46 gaaaUngtou
1688 45 255 49 grptctator.

662 967 94 20 London
942 972 4 13 /

662 992 83 22 Nelson

662 1018 118 22 Auckland

663 1046 46 25 Bay
719 1045 23 21 of
753 1044 85 22 Islands

663 1072 88 25 Sydney

663 1099 49 20 Van
724 1097 113 22 Dieman's
848 1097 64 22 Land

664 1125 50 21 Port
724 1124 80 28 Phillip

663 1151 108 22 Adelaide

1067 967 130 24 September
1228 967 12 19 5

1067 991 101 24 January
1215 994 24 20 21

1067 1017 126 23 December
1215 1020 27 21 29

1067 1044 97 22 October
1222 1047 19 20 -6

1067 1071 101 27 January
1230 1072 13 23 7

1065 1097 126 22 December
1217 1100 26 20 20

1063 1124 128 22 December
1216 1126 26 21 28

1064 1150 126 23 December
1217 1154 26 19 28

732 3450 99 29 January
850 3453 55 21 1840

849 3480 51 21 1841

849 3507 54 21 1812

849 3534 54 20 1843

962 3429 108 21 Number.

1026 3456 12 20 6

1012 3482 27 21 14

1010 3509 28 20 22

1011 3536 27 20 26

1140 3429 66 22 Tons.

1146 3456 61 26 1,753

1145 3483 63 25 2,322

1144 3510 63 23 2,868

1145 3536 37 24 3,7
1186 3536 25 22 1£

2192 1313 56 16 NEW
2255 1313 67 16 TARII

2331 1312 13 17 F
2356 1313 90 17 DUTIES.

1969 1355 121 17 ARTICLES.

2191 1354 25 17 Of
2229 1359 21 12 or
2261 1355 48 16 from

2212 1375 75 20 Foreign

2202 1397 99 15 Countries.

2334 1355 25 16 Of
2367 1355 36 16 and
2409 1355 45 16 from

2360 1376 65 16 British

2336 1397 119 16 Possession*.
2472 1404 6 3 -

2205 1437 16 18 £
2248 1443 15 11 «.
2291 1438 18 16 d.

2351 1437 16 19 £
2395 1442 13 12 s.
2432 1437 20 17 d.

1884 1459 60 26 Fish,
1956 1459 75 26 cured,
2049 1463 40 17 not
2104 1458 70 22 other-

1911 1487 51 21 wise
1979 1485 143 23 enumerated
2137 1492 35 21 pei

2212 1514 13 20 0
2252 1513 14 20 2
2294 1514 14 20 0

2212 1541 14 19 0
2240 1540 26 22 14
2294 1541 15 19 0

2376 1511 43 23 free

2357 1541 14 20 0
2397 1540 13 21 3
2435 1539 15 21 6

1911 1518 41 17 cwt

1885 1541 77 21 Bacon
1972 1546 38 21 per
2026 1544 40 17 cwt

1885 1567 59 21 Beef
1953 1566 78 26 salted,
2052 1566 50 25 (not
2112 1566 64 25 being

1913 1593 81 22 corned
2004 1593 62 26 beef)
2078 1593 55 21 after
2142 1600 34 14 ac

1913 1621 54 21 1842

1888 1647 72 21 Flams
1970 1647 22 21 r>f
2007 1647 28 21 nil
2048 1646 66 22 kinds
2130 1660 46 6 ....

2214 1621 13 20 0
2256 1620 12 20 8
2296 1621 15 19 0

2216 1648 12 19 0
2243 1647 27 20 14
2297 1647 15 19 0

2358 1621 14 19 0
2399 1620 12 21 2
2437 1619 13 21 6

2359 1647 14 20 0
2400 1647 10 20 3
2437 1647 29 24 6,

1912 1692 92 21 Timber
2013 1699 25 14 or
2050 1692 64 21 wood
2115 1702 26 4 —
2142 1699 28 13 no
2200 1694 3 24 j

1886 1718 68 28 being
1984 1718 68 27 deals,
2088 1719 91 24 battens,

1887 1745 86 27 boards,
2000 1749 80 19 staves,
2111 1744 72 23 hand-

1886 1772 80 27 spikes,
1973 1775 70 23 -'oars,
2063 1771 118 25 lathwood,

1887 1806 25 14 or
1922 1799 62 22 other
1993 1800 82 21 timber
2084 1806 25 15 or
2115 1798 66 25 wood,

1887 1833 68 20 sawa,
1966 1826 58 28 split,
2036 1833 25 14 or
2070 1826 113 22 otherwise
2194 1835 6 9 <

1887 1852 95 27 dressed,
2007 1856 79 24 except
2111 1852 71 27 hewn,

1886 1880 46 21 and
1943 1885 39 16 not
1992 1880 67 26 being
2069 1879 79 22 timber
2159 1887 20 13 oi

1887 1906 64 22 wood
1960 1906 116 22 otherwise
2088 1906 93 28 charged

1886 1932 55 23 with
1956 1932 61 28 duty,
2038 1933 37 22 the
2090 1933 52 22 load
2160 1932 23 22 of

1886 1960 29 21 50
1923 1959 63 22 cubic
1995 1960 46 22 feet

1887 1997 28 4 —
1916 1986 75 27 Deals,
2002 1987 95 26 battens,
2106 1987 71 22 board,

1901 2019 25 15 or
1931 2013 62 22 other
2000 2014 79 21 timber
2083 2021 25 14 or
2113 2012 68 23 wood,

1901 2046 59 13 sawn
1974 2046 24 13 or
2015 2040 59 25 split,
2093 2040 43 20 and
2145 2044 36 15 not

1901 2065 115 21 otherwise
2027 2065 95 26 charged
2134 2064 49 22 with

1902 2091 60 27 duty,
1984 2091 37 22 the
2040 2091 52 22 load
2110 2091 25 22 of
2158 2092 23 20 5t

1902 2119 62 20 cubic
1972 2119 45 20 feet

1888 2145 67 24 Spars
1974 2152 22 15 o'.
2022 2145 68 28 poles,
2114 2145 66 22 undei

1901 2173 28 20 22
1948 2172 43 22 feet
2006 2172 22 22 in
2043 2172 82 27 length,
2141 2179 36 14 am

1901 2199 71 21 under
1991 2200 50 21 four
2062 2199 75 22 inches
2162 2199 21 21 ir.

1902 2225 108 23 diameter
2104 2226 36 22 the
2146 2228 40 20 120

1888 2252 147 28 Wastewood,
2052 2254 42 21 viz.
2114 2253 71 22 billei-

1902 2279 69 27 wood,
2002 2287 26 14 or
2045 2280 139 26 brushwood,

1902 2306 56 23 used
1970 2306 40 22 'for
2029 2306 37 23 the
2081 2314 93 20 purpose

1902 2334 27 21 of
1944 2337 101 23 stowage,
2065 2333 36 23 for
2120 2341 61 14 even

1902 2360 61 25 £100
1972 2360 64 23 value
2171 2356 10 25 '.

2186 2416 14 19 t-

2217 1771 12 21 1
2245 1772 26 20 10
2297 1772 16 20 0

2217 1818 53 17 From
2277 1818 16 17 8c
2299 1818 27 17 aft

2240 1839 39 17 10th
2287 1839 21 16 of

2217 1860 40 17 Oct.
2269 1859 47 18 1843.

2219 1882 52 19 15
2299 1882 15 21 0

2360 1772 15 21 0

2362 1882 14 20 0

2401 1772 9 21 1
2437 1775 5 20 (

2401 1880 12 23 2
2438 1880 4 19 i

2437 1774 15 21 0

2438 1880 16 21 0

2220 2119 9 20 1
2248 2119 25 21 12
2303 2119 13 21 0

2363 2121 15 21 0

2402 2121 12 22 2
2440 2130 2 5 ■

2440 2121 15 22 0

2221 2226 11 21 1
2261 2226 15 21 0
2303 2227 13 19 0

2363 2232 14 21 0

2402 2229 13 20 0

2442 2228 14 21 c

2219 2360 13 20 5
2261 2361 13 20 0
2303 2361 13 20 0

2256 2390 31 17 per
2292 2387 38 16 foot

2220 2409 20 14 or
2276 2407 53 17 cubit

2219 2430 91 17 contents,
2316 2428 14 16 &

2219 2449 71 17 further
2304 2449 28 17 for

2219 2474 55 17 every
2282 2470 48 17 £100

2221 2491 53 16 value

2221 2517 28 21 10
2263 2518 15 20 0
2304 2519 14 19 0

2364 2363 14 21 0

2402 2362 12 21 5

2442 2363 16 20 0

1890 2481 70 23 Wood
1969 2480 90 28 planed,
2073 2488 24 15 or
2113 2480 72 23 other-

1903 2509 50 22 wise
1963 2508 89 22 dressed
2062 2515 25 15 or
2099 2515 87 21 prepar-

1890 2535 29 23 ed
1946 2535 34 22 fur
2005 2542 46 20 use,
2081 2535 43 22 and
2148 2540 38 17 not
2198 2560 5 5 _

1888 2562 141 28 particularly
2036 2562 148 26 enumerated,

1890 2597 41 14 nor
1951 2589 117 22 otherwise
2092 2588 93 28 charged

1890 2616 53 22 with
1953 2616 54 26 duty

2365 2524 14 21 5

2403 2524 14 21 0

2443 2524 16 21 0

2221 2550 54 17 From
2296 2550 36 16 and

2220 2571 46 16 after
2291 2571 41 16 10th

2221 2591 46 20 Oct.,
2283 2592 48 17 1842.

2221 2613 71 21 7sd.per
2296 2613 38 15 foot

2221 2635 20 15 of
2281 2633 53 16 cubic

2221 2655 84 16 contents
2318 2654 16 16 tt

2220 2675 72 17 further
2306 2675 27 16 for

2221 2701 54 16 every
2285 2695 50 19 £100

2215 2717 60 21 .value

2189 2696 4 34 I

2090 2746 27 20 To
2127 2746 23 20 le
2160 2747 43 19 coni

2216 2746 60 22 nued.

242 147 27 21 R.
284 144 149 26 BARNETT,

80 188 10 14 \
129 194 3 4 .
148 179 172 24 Whitesmith
343 177 53 23 and
419 175 112 25 Farrier*

80 217 4 10 '
111 225 6 6 '
238 220 122 16 THORNDON
376 219 62 18 FLAT,

50 249 105 48 BEGS
169 250 23 18 to
207 247 80 22 inform
298 246 36 22 the
345 244 83 23 Public,
438 243 48 21 that
496 242 29 22 he
536 241 49 27 will,
597 248 26 14 on

117 274 103 26 Monda3',
233 271 117 28 February'
355 273 30 24 13,
393 276 127 16 commence
527 268 99 21 business

51 308 24 15 as
85 302 68 21 above
162 300 22 21 in
193 300 30 22 all
233 299 26 22 its
270 298 110 25 branches,
392 296 43 22 and
446 295 74 27 hopes,
532 294 28 27 by
567 297 59 18 strict

50 327 107 22 attention
176 326 43 22 and
239 325 109 23 moderate
367 323 96 26 cliurges,
483 325 23 18 to
531 321 66 21 merit
614 327 13 14 a

51 354 62 21 share
123 353 25 21 of
155 352 57 22 their
219 356 127 24 pitronage.
371 362 5 3 -
434 354 6 4 *
499 372 98 7 ...

78 379 89 28 Having
176 379 44 22 had
231 377 111 23 extensive
355 376 166 26 experience-in
537 375 91 23 shoeing

50 406 23 22 in
93 413 42 15 one
154 406 25 21 of
195 405 37 22 the
249 402 106 30 principal
371 402 98 27 sporting
488 403 99 18 counties
606 400 24 20 of

51 432 111 27 England,
178 431 28 22 he
217 433 65 19 trusts
296 433 22 17 to
330 428 52 28 give
397 426 134 24 satisfaction
545 425 84 22 inihat

50 458 84 22 branch
144 458 25 22 of
175 459 37 20 the
219 456 105 22 business.
525 478 6 5 #
576 451 13 19 *
614 469 5 3 -

79 484 52 22 Iron
137 483 58 23 work
202 483 26 21 of
234 489 64 19 every
305 481 130 27 description
444 480 33 21 for
485 480 141 24 agiicultural

49 511 144 28 implements,
205 515 100 15 common
316 508 42 21 and
368 507 74 27 spring
452 511 63 21 carts,
526 504 39 22 &c.
578 504 47 26 &c,

48 537 65 22 made
124 541 21 16 to
155 536 64 21 order
228 542 27 14 on
267 534 36 22 the
314 537 55 19 most
379 532 110 28 approved
499 530 125 28 principles,

49 563 44 22 and
104 570 27 14 on
141 561 127 23 reasonable
280 565 73 17 terms.

77 589 95 26 Engines
190 588 45 22 and
252 588 96 27 printing
366 592 86 21 presses
474 583 88 24 erected
584 583 43 22 and

49 615 107 28 repaired.

77 644 27 20 R.
118 642 95 25 Barnett,
230 640 82 24 havinpr
325 639 46 20 also
386 639 86 21 worked
489 639 34 19 for
548 643 14 15 a
579 643 51 14 con-

50 668 107 22 sfderable
171 667 76 27 period
265 666 22 21 in
297 666 36 21 the
344 665 110 22 Chatham
468 663 127 27 Dockyard,
611 663 18 20 is

49 694 107 28 perfectly
171 695 133 21 conversant
321 692 52 21 with
390 691 31 22 all
436 690 83 28 species
538 690 25 21 of
579 689 49 27 ship

51 721 111 26 Rtnithing.

219 753 55 14 BELL
291 751 109 19 HANGING,
418 744 40 21 &C.

77 780 118 22 Tbomnon
208 779 55 26 Flat,
275 778 52 22 Port
339 777 124 26 Nicholson,

159 806 111 27 February
278 806 20 25 4,
312 806 57 20 1813.

277 855 51 20 For
342 854 67 20 Sale.
639 852 2 30 j

49 891 51 47 A
116 888 129 23 SECTION
256 895 28 14 on
293 887 37 22 the
340 887 67 21 lower
417 889 48 24 part
475 886 25 21 of
513 885 38 22 the
567 885 64 26 Hutt,

129 916 42 21 No.
182 915 25 22 73
218 922 29 14 on
264 914 36 21 the
315 914 115 25 Surveyor-
435 912 115 22 General's
567 911 63 28 Plan,

49 942 123 29 possessing
181 948 52 20 very
244 940 97 27 superior
351 940 142 25 advantages.
522 955 4 5 .

78 969 44 22 For
132 968 52 22 Plan
194 967 46 23 and
249 972 73 21 terms,
333 965 64 30 apply
407 969 23 18 at
442 964 96 23 Medical
550 965 61 21 Hall.

438 997 49 21 Mr.
505 997 98 22 Sutton.

80 1026 111 26 February
202 1027 21 22 3,
234 1026 59 21 1843.
