2609 4069
1870 142 60 22 •ible;
1937 150 11 11 '.■
1961 136 158 27 Bleß9edria.he
2122 137 6 14 Jthat-.contiiaß6j3»rwWre*ißJ
2128 131 321 28 that-.contiiaß6j3»rwWre*iß

1870 170 20 21 Is
1925 167 62 23 Here
2004 166 31 21 let
2050 170 24 15 us
2089 165 52 24 rest,
2159 162 47 22 and
2220 161 38 27 lay
2267 163 38 19 out
2319 160 116 21 seednelds
2442 166 7 19 ;

1872 196 52 21 here
1932 194 32 23 let
1978 200 27 15 us
2020 192 61 22 learn
2096 192 23 18 to
2134 188 71 22 dwell.
2234 187 68 26 Here,
2318 192 56 17 ovod
2387 185 62 25 Jiere,

1873 222 37 21 the
1921 218 106 26 orchards
2034 215 51 25 that
2094 215 107 27 we-plant
2216 213 54 25 will.
2275 211 62 29 yield
2350 211 101 27 usfruU}

1874 245 38 24 the
1921 253 80 16 acorns
2010 244 43 26 wijl
2061 244 29 21 be
2100 241 64 23 wood
2173 241 45 21 and
2226 240 102 28 pleasant
2336 241 114 23 umbrage,

1874 274 21 22 if
1905 280 31 17 we
1942 274 3 12 ;
1952 272 59 22 wait.
2041 268 57 24 How
2114 266 68 24 much
2197 274 68 20 grows
2278 265 149 27 everywhere,
2436 265 23 19 if

1875 307 32 16 we
1915 298 30 25 dp
1954 298 41 23 but
2005 297 62 22 wait!
2096 292 107 28 Through
2218 293 38 21 the
2265 291 95 28 ivramps
2369 297 32 15 we
2410 291 46 20 will

1877 326 65 27 shape
1948 330 143 22 .cauteways,
2108 321 62 21 force
2185 318 111 29 purifying
2310 318 90 26 drains:
2412 342 6 5 #
2421 322 34 16 we

1878 352 45 22 will
1929 352 61 21 learn
2000 354 23 18 to
2034 347 77 26 thre.od
2126 346 38 22 the
2179 345 67 26 rocky
2256 344 186 22 inaccessibilities
2448 349 7 15 ;

1878 378 134 23 andbeAten
2029 375 80 26 tracks,
2120 378 61 16 worn
2195 371 87 21 smooth
2298 371 30 25 by
2336 377 61 15 mere
2412 371 46 19 tra-

1880 405 82 26 velling
1975 404 27 21 of
2017 403 83 21 human
2115 400 53 25 fret,
2188 397 40 22 will
2244 397 58 22 form
2317 396 141 22 themselves.

1881 431 43 21 Not
1932 438 13 13 a
1955 429 108 26 difficulty
2073 428 41 21 but
2122 433 46 15 can.
2175 424 129 26 transfigure
2312 423 122 22 iuelf-into
2443 427 15 16 a

1881 456 95 28 triumph
1983 463 5 19 ;
2004 458 39 19 not
2053 461 55 15 even
2118 461 14 14 a
2141 450 174 26 deformity.but,
2326 449 21 25 if
2357 455 41 17 our
2408 450 50 23 otfn

1881 483 47 22 soul
1936 483 57 21 have
2002 480 119 27 imprinted
2131 478 70 23 worth
2211 484 28 14 on
2248 479 25 23 it,
2284 476 44 21 will
2338 481 59 21 grow
2406 476 54 20 dear

1882 507 63 25 tbus.
1988 501 474 22 ••'••••••••••

1883 536 20 21 G
1911 535 83 22 unwise
2004 532 148 24 mortals'that
2161 532 87 22 foreVer
2257 528 86 27 change
2349 527 44 22 and
2401 526 61 31 shift,

1884 561 43 23 and
1937 566 52 21 -say,
2006 558 99 27 Yonder,
2122 558 41 22 hot
2177 556 74 24 Here!
2288 554 88 23 Wealth
2390 554 73 21 richer

1884 588 51 22 than
1944 586 55 23 both
2009 586 37 22 the
2062 585 77 22 Indies
2154 584 41 22 lies
2210 581 144 28 everywhere,
2361 581 33 24 for
2404 585 59 21 mnn,

1883 615 22 22 if
1914 613 27 23 he
1952 613 46 23 will
2008 610 88 24 endure.
2125 608 48 25 Not
2188 610 35 22 his
2240 609 52 23 oaks
2309 608 53 28 only
2371 607 44 23 and
2430 612 35 15 ma

1885 641 51 23 fruit
1945 644 65 22 trees,
2020 639 35 21 his
2064 644 53 21 very
2126 638 66 21 heart
2204 641 60 18 roots
2279 635 64 22 itself
2354 634 112 23 wherever

1884 668 28 22 he
1922 666 45 24 will
1977 665 104 27 abide;-—
2082 668 58 18 roots
2150 663 66 27 itself,
2227 663 69 22 draws
2312 660 154 24 nourishment

1886 695 55 21 from
1957 693 39 22 the
2012 692 55 27 deep
2082 691 113 22 fountains
2210 690 26 21 of
2253 686 213 27 UniversaT'Being!

1887 721 100 26 Vagrant
1997 719 53 22 Sain
2059 718 72 22 Slicks
2142 717 49 22 who
2209 723 52 16 rove
2276 723 52 14 over
2345 715 37 22 the
2399 712 70 23 Eartti

1888 744 50 25 dbin
1950 746 6 12 '
1964 746 85 22 strokes
2059 744 26 22 of
2091 744 78 26 trade,'
2178 743 57 22 what
2245 742 79 23 wealth
2333 742 57 21 have
2401 740 68 26 they?

1889 772 141 26 Horseloads,
2039 770 111 29 shiploads
2161 770 27 21 of
2194 769 65 22 white
2265 776 23 14 or
2298 768 78 33 yellow
2387 766 68 22 metal
2462 773 6 14 :

1888 800 28 22 in.
1921 806 52 20 very
1983 798 71 26 sooth,
2065 797 59 22 what
2138 803 37 14 are
2184 797 73 20 these?
2286 794 59 23 Slick
2359 797 56 18 rests
2430 799 41 15 no-

1889 826 80 26 where,
1980 825 29 21 he
2019 826 19 19 is
2048 824 115 21 homeless.
2193 823 35 21 He
2239 829 40 14 can
2293 820 64 23 build
2373 824 61 17 stone
2446 824 25 16 or

1889 852 83 22 marble
1983 851 79 22 houses
2069 857 6 19 ;
2090 850 41 21 but
2147 855 23 15 to
2187 848 102 22 continue
2299 847 24 22 in
2334 847 62 22 them
2403 846 20 21 is
2433 845 39 22 de-

1891 878 51 22 nied
1953 878 55 21 him.
2036 876 48 21 The
2095 875 81 22 wealth
2186 875 25 21 of
2222 882 13 13 a
2242 881 52 14 man
2304 874 18 21 is
2333 873 38 21 the
2380 871 94 22 number

1892 905 25 21 of
1928 904 75 26 things
2013 902 71 21 which
2094 901 28 22 he
2132 902 62 21 loves
2204 900 43 22 and
2263 899 91 26 blesses,
2364 897 72 23 which
2443 897 31 22 lie

1892 932 18 21 is
1918 930 67 23 loved
1994 928 45 23 and
2048 927 87 22 blessed
2144 928 30 26 by
2181 927 6 22 !
2215 926 48 22 The
2277 925 119 22 herdsman
2406 924 24 21 in
2437 923 37 22 his

1893 964 52 21 poor
1955 956 51 28 clay
2015 955 106 26 shealing,
2129 954 74 22 where
2212 953 33 22 his
2256 959 53 20 very
2319 958 47 15 cow
2376 951 44 21 and
2430 949 46 28 dog

1894 992 36 14 are
1940 982 118 23 friends-to
2068 981 54 26 him,
2133 981 45 22 and
2195 984 39 17 not
2251 987 13 13 a
2273 981 99 20 cataract
2380 977 39 22 but
2429 983 48 15 car-

1894 1012 42 21 ries
1946 1008 118 24 memories
2075 1008 33 21 for
2119 1008 52 26 him,
2184 1006 43 23 and
2242 1009 41 18 n6t
2292 1013 13 14 a
2315 1003 115 24 mountain
2439 1007 40 22 top

1894 1038 40 22 but
1943 1036 56 23 nods
2009 1036 37 21 old
2060 1034 139 27 recognition
2206 1042 5 18 ;
2227 1032 35 22 his
2270 1031 46 26 life,
2328 1031 31 22 all
2369 1030 110 22 encircled

1896 1073 23 13 as
1929 1065 23 20 in
1963 1062 88 23 blessed
2066 1060 107 23 mother's
2187 1067 65 18 arms,
2265 1059 17 21 is
2298 1059 18 21 it
2330 1064 79 21 poorer
2423 1055 56 23 than

1898 1090 80 24 Slick's
1987 1088 54 23 with
2050 1088 37 22 the
2097 1093 35 17 ass
2142 1085 63 24 loads
2212 1086 25 22 of
2243 1083 81 30 yellow
2330 1083 67 23 metal
2408 1090 28 15 on
2441 1082 39 23 -his

1898 1118 70 22 back?
1997 1116 111 27 Unhappy
2119 1114 60 23 Slick

2109 1170 171 24 NELSON.

1931 1227 45 24 We
1986 1227 46 23 this
2046 1224 62 25 week
2127 1224 91 31 publish
2235 1224 23 23 in
2277 1222 95 25 another
2394 1225 48 27 part
2461 1220 28 23 of

1901 1269 39 16 our
1952 1267 72 25 paper
2034 1267 13 16 a
2058 1259 66 23 letter
2136 1258 59 23 from
2211 1257 50 23 that
2277 1255 94 24 inflated
2389 1260 95 25 person-

1902 1302 48 23 age,
1965 1294 48 23 Mr.
2034 1292 98 24 Wilson.
2180 1290 29 24 In
2230 1289 65 31 reply
2314 1293 24 19 to
2353 1288 37 23 the
2404 1287 83 29 charge

1903 1325 120 26 contained
2035 1327 23 22 in
2070 1324 38 24 the
2127 1325 51 23 first
2196 1321 135 33 paragraph,
2351 1328 32 16 we
2401 1319 45 31 beg
2464 1323 24 19 to

1904 1368 37 23 say
1964 1364 61 19 most
2043 1357 118 30 distinctly
2181 1356 49 23 that
2250 1361 34 17 ye
2301 1354 56 23 have
2374 1358 67 18 never
2449 1353 40 29 net

1903 1400 51 17 seen
1966 1391 38 24 the
2015 1391 95 24 address
2121 1389 65 24 there
2196 1387 92 25 alluded
2298 1390 23 20 to
2323 1403 10 12 t
2349 1393 41 17 not
2402 1393 42 16 can
2455 1392 33 15 we

1905 1427 29 30 by
1946 1426 98 30 diligent
2055 1423 104 31 enquiry,
2180 1422 62 23 learn
2261 1419 60 24 what
2338 1419 42 24 has
2397 1419 93 23 become

1907 1460 22 23 of
1944 1460 20 22 it
1975 1466 26 15 or
2013 1458 38 23 the
2063 1456 97 24 number
2173 1455 24 24 of
2213 1455 127 30 signatures
2359 1454 19 22 it
2393 1452 43 24 has
2449 1450 41 24 ob^

1910 1491 80 25 tamed.
2028 1490 25 24 If
2061 1491 18 22 it
2086 1489 42 24 has
2135 1488 58 24 been
2200 1483 126 28 forwarded'
2330 1492 22 17 tt)
2362 1483 130 29 Auckland,

1910 1527 15 22 it
1936 1526 42 22 has
1990 1529 41 19 not
2043 1522 81 32 passed
2134 1521 98 31 through
2244 1521 38 23 the
2302 1519 105 30 ordinary
2421 1517 70 24 chan-

1910 1558 43 29 nel,
1976 1557 45 24 and
2044 1558 19 22 is
2087 1562 117 17 moreover
2227 1562 13 15 a
2263 1553 122 24 document
2404 1550 24 24 of
2455 1550 38 24 the

1910 1595 104 20 contents
2028 1589 25 25 of
2067 1588 75 24 which
2155 1588 39 23 the
2213 1586 76 32 public
2310 1586 25 23 of
2350 1584 87 25 Nelson
2456 1591 39 16 are

1912 1626 114 30 ignorant.
2061 1622 24 24 It
2096 1622 21 23 is
2129 1626 50 19 true
2191 1621 56 28 that,
2260 1624 23 19 at
2295 1626 41 17 our
2347 1622 97 27 request,
2458 1615 38 25 the

1912 1658 127 32 proprietor
2052 1655 25 25 of
2092 1655 46 23 this
2149 1662 71 24 paper
2232 1651 157 26 endeavoured
2399 1655 23 19 to
2438 1656 57 29 pro-

1914 1699 52 16 cure
1979 1699 13 15 a
2005 1696 55 25 copy
2073 1688 25 24 of
2114 1688 38 24 the
2164 1692 73 19 secret
2248 1687 128 27 document,
2393 1683 43 25 and
2446 1682 52 24 that

1915 1725 33 24 for
1961 1724 45 24 this
2128 1721 30 24 he
2177 1720 90 32 applied
2285 1725 23 18 to
2329 1718 49 24 Mr.
2400 1716 98 29 Wilson,

1915 1760 21 22 in
1950 1758 75 23 whose
2037 1755 130 31 possession
2180 1756 18 22 it
2210 1762 45 15 was
2266 1763 5 18 ;
2286 1754 49 28 but,
2354 1759 26 16 as
2397 1758 33 16 we
2441 1750 58 23 have

1916 1791 90 31 already
2028 1789 57 28 said,
2109 1789 133 31 permission
2264 1793 21 17 to
2305 1793 57 24 copy
2376 1786 18 22 it
2406 1791 45 16 \vas
2463 1791 37 25 re-

1917 1824 72 29 fused,
2006 1824 46 23 Mr.
2072 1822 83 24 Elliott
2174 1821 67 31 being
2263 1819 83 31 merely
2366 1817 93 25 allowed
2479 1821 22 18 to

1919 1859 51 23 read
1983 1859 19 22 it
2011 1857 56 24 after
2080 1855 48 25 Mr.
2142 1854 88 24 Wilson
2244 1854 44 23 had
2300 1852 109 33 carefully
2425 1848 78 25 folded

1919 1893 16 22 it
1945 1900 26 15 so
1984 1899 25 15 as
2021 1890 37 23 the
2078 1890 129 30 signatures
2223 1886 84 25 affixed
2324 1884 74 31 might
2417 1887 41 20 not
2475 1882 28 23 be

1921 1933 60 16 seen.
2030 1923 51 24 The
2101 1922 71 24 abuse
2191 1921 51 23 with
2262 1919 73 23 which
2354 1918 48 24 Mr.
2415 1916 90 25 Wilson

1922 1960 40 22 has
1974 1956 115 25 honoured
2101 1963 28 16 us
2141 1955 20 23 is
2172 1953 133 33 apparently
2316 1951 99 25 founded
2424 1958 30 16 on
2465 1949 41 24 the

1922 1991 142 31 assumption
2075 1989 51 23 that
2138 1988 38 23 the
2185 1987 126 32 proprietor
2323 1986 32 23 of
2364 1984 37 24 the
2416 1982 92 28 ffdson

1922 2024 126 25 Examiner
2059 2024 20 22 is
2091 2022 38 23 the
2141 2021 82 24 Editor
2235 2021 56 22 also.
2339 2019 31 23 In
2387 2014 47 27 this
2441 2016 31 24 he
2484 2016 21 24 is

1923 2059 69 30 quite-
2004 2050 125 30 mistaken.
2145 2063 5 3 -
2163 2062 6 4 -
2177 2049 119 28 Ahdtere
2307 2050 35 33 (if
2345 2047 167 35 Ht£Woiift^noT

1924 2092 27 23 be
1964 2094 176 28 presumptuous
2152 2091 23 20 to
2188 2087 54 23 offer
2253 2086 78 23 advice
2352 2089 23 19 to
2394 2092 14 15 a
2425 2090 84 27 person

1926 2125 48 23 who
1998 2125 20 22 is
2038 2129 62 25 upon
2119 2121 56 23 such
2194 2118 148 31 exceedingly
2362 2116 58 32 good
2440 2122 71 17 terms

1926 2158 54 23 with
2006 2155 106 31 himself)
2135 2162 33 15 we
2192 2153 73 23 would
2287 2149 145 27 recommend
2460 2148 49 24 Mr.

1928 2191 90 23 Wilson
2034 2193 22 19 to
2068 2187 89 25 meddle
2178 2187 46 23 less
2242 2185 54 24 with
2312 2185 39 24 the
2370 2184 106 23 business
2491 2182 26 23 of

1928 2224 24 23 of
1962 2223 65 24 other
2038 2221 81 33 people
2127 2229 6 20 ;
2147 2221 29 29 by
2190 2228 25 15 so
2225 2219 75 30 doing,
2313 2219 18 23 it
2343 2220 20 21 is
2378 2217 49 31 just
2438 2216 75 31 possi-

1928 2257 36 25 ble
1976 2257 30 23 he
2020 2263 50 23 may
2089 2261 98 24 manage
2206 2258 22 18 to
2247 2252 58 31 keep
2323 2250 95 25 himself
2432 2254 41 19 out
2492 2249 25 22 of

1929 2292 39 23 hot
1981 2294 69 19 water
2058 2297 6 23 ;
2084 2289 28 22 he
2124 2287 47 24 will
2182 2287 47 23 also
2241 2286 57 24 have
2308 2292 63 16 more
2389 2284 83 23 leisure
2491 2287 25 19 to

1931 2324 77 24 attend
2021 2322 74 25 to.the
2107 2322 90 24 vario.us
2209 2319 74 24 duties
2302 2320 34 22 for
2352 2316 73 25 which
2446 2316 30 23 he
2494 2316 21 22 is

1931 2355 165 31 receivingythe
2108 2354 77 32 public
2194 2360 90 23 money.

1967 2391 51 23 The
2029 2388 106 32 Hydrus,
2148 2396 14 15 a
2173 2388 45 22 fine
2228 2386 82 31 lugger
2322 2385 25 23 of
2357 2386 32 22 28
2400 2388 59 23 tons,
2470 2390 49 15 -was

1933 2423 113 26 launched
2055 2422 47 24 tIV
2107 2421 38 24 the
2171 2420 82 24 Haven
2275 2427 28 15 on
2324 2417 113 30 Saturday
2461 2416 53 26 last.

1934 2459 48 23 She
1994 2458 20 22 is
2027 2456 57 24 built
2095 2456 24 22 of
2136 2454 66 24 white
2215 2454 60 31 pine,
2296 2460 28 15 on
2345 2452 37 23 the
2401 2449 75 24 model
2496 2448 26 23 of

1935 2500 11 15 a
1969 2490 60 24 Deal
2053 2485 88 35 luggerj
2157 2487 44 24 and
2209 2488 30 22 •is
2258 2494 42 16 one
2321 2485 26 23 of
2363 2484 37 24 the
2418 2483 105 31 prettiest

1936 2526 65 22 boats
2015 2531 31 15 we
2059 2523 56 23 have
2128 2529 63 16 seen.
2227 2520 43 23 We
2281 2519 87 24 believe
2380 2517 40 24 she
2432 2517 19 24 is
2463 2515 60 24 built

1936 2558 35 23 for
1985 2565 42 16 one
2039 2557 25 23 of
2080 2555 37 24 the
2130 2553 76 33 pilots,
2227 2553 43 24 and
2289 2553 42 23 her
2349 2552 52 23 first
2420 2551 45 30 trip
2477 2548 46 24 will

1938 2593 28 23 be
1978 2591 65 23 down
2055 2589 36 23 the
2103 2593 57 18 west
2169 2593 62 18 coast
2242 2586 25 23 of
2284 2586 45 23 this
2347 2583 82 29 island,
2441 2581 84 28 which,

1939 2624 126 30 singulatly
2089 2621 99 30 enough,
2205 2628 29 15 no
2255 2627 42 16 one
2314 2619 80 23 knows
2415 2616 111 31 anything

1940 2659 80 23 about.

1975 2692 33 22 At
2023 2689 119 28 Motuaka,
2155 2695 28 16 on
2201 2685 121 32 Thursday
2338 2685 51 28 last,
2411 2692 14 15 a
2440 2683 88 23 serious

1941 2725 104 23 accident
2056 2720 119 35 happened
2187 2725 22 19 to
2220 2729 14 15 a
2251 2727 54 16 man
2323 2717 82 25 named
2420 2715 108 29 Gilliard,

1944 2758 74 23 whilst
2040 2755 117 33 employed
2176 2755 25 23 in
2218 2753 94 31 lopping
2332 2760 14 15 a
2362 2751 64 30 large
2441 2749 88 23 branch

1944 2793 56 22 from
2015 2800 12 14 a
2037 2796 46 18 tree
2096 2790 49 22 that
2157 2788 45 24 had
2213 2787 56 23 been
2277 2784 77 25 felled.
2391 2784 71 24 From
2470 2782 60 23 what

1945 2834 32 14 we
1991 2832 43 16 can
2046 2824 72 28 learn,
2130 2823 18 22 it
2159 2828 96 24 appears
2274 2819 49 24 that
2340 2826 28 16 on
2388 2818 38 23 the
2443 2814 89 26 branch

1945 2858 120 30 becoming
2078 2854 146 33 disengaged,
2237 2853 38 24 the
2288 2851 71 25 trunk
2379 2850 70 25 rolled
2470 2856 63 21 over,

1946 2892 44 24 and
2010 2892 94 23 another
2124 2889 63 31 large
2203 2886 85 25 branch
2305 2884 126 25 descended
2451 2889 30 17 <m
2493 2882 38 23 the

1947 2934 55 23 poor
2015 2924 93 24 fellow's
2120 2922 69 28 back,
2200 2920 74 24 which
2286 2920 19 23 it
2315 2918 81 24 broke.
2433 2916 39 24 He
2484 2922 50 17 now

1948 2961 41 22 lies
2002 2960 23 22 in
2037 2967 14 14 a
2061 2964 55 24 very
2128 2955 127 31 dangerous
2266 2957 66 20 state.

1975 2996 50 22 The
2040 2994 107 23 schooner
2164 2993 82 21 Joanw
2265 2997 45 15 was
2330 2987 102 24 wrecked
2449 2994 30 15 on
2500 2985 37 23 the

1948 3028 60 23 22nd
2016 3027 26 23 of
2054 3026 138 28 September,
2208 3025 100 21 between
2327 3022 59 27 Cape
2402 3021 80 26 Otway
2491 3017 44 23 and

1951 3059 133 28 Moonlight
2093 3058 75 26 Head,
2179 3063 29 16 on
2218 3056 41 22 her
2267 3061 87 21 voyage
2360 3053 56 22 from
2423 3052 117 23 Launces-

1951 3096 39 19 ton
2010 3096 24 18 to
2050 3090 107 23 Portland
2173 3089 55 28 Bay.
2267 3086 48 26 The
2331 3084 71 24 vessel
2418 3084 92 22 became
2528 3089 13 16 a

1952 3124 57 23 total
2017 3123 81 27 wreck,
2109 3123 42 22 but
2166 3120 38 23 the
2220 3126 66 20 crew,
2301 3117 53 22 with
2369 3117 38 21 the
2423 3114 119 29 exception

1952 3157 27 22 of
1985 3164 44 15 one
2038 3162 53 16 man
2101 3153 51 23 who
2161 3160 47 15 was
2215 3150 88 24 washed
2308 3146 128 28 overboardj
2444 3145 98 24 reached

1953 3188 39 24 the
2016 3188 66 23 shore
2098 3186 25 22 iri
2142 3185 80 28 safely.
2266 3182 65 22 After
2477 3175 63 33 g*e#

1954 3219 120 28 hardships
2082 3218 35 23 for
2126 3216 87 24 several
2223 3215 61 27 days,
2290 3213 39 23 the
2335 3211 110 24 survivors
2454 3208 88 24 arrived

1955 3256 25 20 at
1989 3261 14 14 a
2020 3252 68 27 sheep
2102 3249 92 26 station,
2211 3247 73 22 where
2300 3244 53 28 they
2369 3249 56 16 were
2444 3240 51 23 well
2510 3247 33 16 re-

1957 3284 85 24 ceived.

1959 3346 75 25 THE
2051 3343 73 26 VAN
2142 3338 166 28 DIEMEN'S
2335 3332 95 29 LAND
2463 3332 84 26 TOR-

1994 3376 73 21 SION
2079 3374 40 23 OF
2129 3373 65 24 THE
2204 3368 129 24 WAIROO
2347 3364 172 25 MASSACRE.

64 196 48 14 u««t
122 189 34 21 the
166 184 51 25 23rd
228 180 130 30 September
365 178 50 25 last,
425 176 10 21 I
447 183 43 14 was
499 175 61 23 chief
566 178 57 19 mate

52 196 63 52 ;S
130 192 88 46 S-5»
235 209 53 22 *«
304 241 10 14 c
313 212 64 42 K
379 238 9 14 Bate8
381 211 12 14 a
390 203 50 48 ter
442 209 97 21 angaroa
541 218 5 11 '

53 253 27 22 ha
78 257 14 30 J?
92 256 7 14 1
105 245 14 42 I
120 251 10 15 S
133 269 57 18 mate
193 255 5 10 >
211 243 124 41 W?lWnson
341 238 142 46 Teamen—
484 255 76 23 James
576 256 50 22 Sin-

66 278 38 42 iS
120 269 76 50 ifiS
200 288 84 26 Butler,
292 274 84 34 Parser
391 283 84 22 Robert
481 283 144 27 Macdonald,

54 304 191 41 ftsoutbgate;
262 309 192 28 cook-Phhillips
461 317 5 20 ;
483 312 144 23 carpenter-

59 328 48 42 tsn
117 328 79 40 Son.
223 341 41 22 We
273 337 96 27 brought
378 343 53 15 over
438 336 58 22 from
506 335 120 30 Waitangi,

56 362 100 34 iSiam
165 368 92 26 Islands,
266 366 38 21 the
313 363 111 27 following
434 370 137 20 passengers,
579 364 49 21 who

57 378 151 50 SSSeVon
224 390 192 28 board-Captain
434 389 62 27 Ellis,
513 390 115 27 (formerly

91 424 115 26 •terofthe
220 422 74 21 Lunar
303 418 50 26 brig
368 416 72 22 which
458 424 45 14 was
517 417 76 21 seized
607 420 23 18 at

59 457 124 22 Wellington
191 450 34 22 for
240 444 143 28 smuggling,)
402 443 45 22 Mr.
459 443 113 27 Anketell,
585 443 43 22 Mr.

61 473 40 30 ;,,
113 490 14 13 nn
133 469 13 13 6
156 478 44 23 Mr.
226 474 98 24 Horton,
354 470 44 22 and
422 478 15 14 a
467 476 54 16 man
548 469 82 23 named

61 511 97 17 Williams
166 504 10 14 •'
186 502 61 23 there
256 506 62 17 were,
325 497 47 22 also
378 504 29 15 on
417 495 70 23 board
497 500 24 18 at
530 496 38 22 the
577 497 53 21 time

61 514 151 50 fmannamed
223 525 129 24 Alexander
367 523 137 26 Mackewen,
515 522 44 22 and
569 523 61 21 three

62 568 49 15 ws
119 560 68 23 whose
196 559 75 18 names
283 552 11 21 I
305 551 29 22 do
344 551 28 21 do
382 553 41 19 not
430 549 74 27 know,
516 549 49 22 who
574 556 57 15 were

63 574 88 37 Sred
160 589 22 17 to
196 580 60 24 work
266 578 66 23 while
350 577 36 21 the
396 576 73 22 vessel
480 583 44 15 was
537 576 64 27 lying
611 580 22 17 at

64 619 119 19 Wanearoa.
210 608 22 22 A
242 606 43 22 few
295 604 55 27 days
359 610 103 21 previous
471 606 23 18 to
504 602 37 22 the
550 603 55 21 23rd
611 602 26 22 of

65 625 121 43 SeSmber,
197 632 93 28 Captain
308 630 51 23 Bell
368 629 46 22 had
427 636 58 20 gone
496 636 29 14 on
535 629 65 22 shore
611 632 22 18 to

64 663 54 25 ESa
126 664 50 24 with
184 662 35 23 the
230 660 100 24 Nauves,
340 657 89 25 leaving
438 655 38 22 the
484 655 70 22 vessel
564 663 25 15 in
597 663 37 19 my

76 700 60 14 we
146 697 20 17 to
176 696 26 18 go
216 691 21 17 to
246 683 174 28 Waitangi.and
430 682 54 22 then
493 686 24 17 to
525 686 78 18 return
612 686 22 18 to

66 700 23 43 t
123 702 21 41 It
160 718 129 22 Wangaroa.
319 711 11 22 I
350 709 69 23 sailed
438 716 29 14 on
484 708 38 22 the
540 709 60 21 22»d
614 712 21 18 to

68 745 104 27 Waitangi,
181 741 71 24 where
263 739 13 21 I
291 740 39 25 got
346 736 37 22 the
398 742 138 21 passengers,
548 735 43 22 and
602 743 34 14 re-

68 756 102 42 JSelto
186 768 127 24 Wangaroa
329 771 30 15 on
377 762 37 22 the
434 763 67 26 23rd;
524 762 68 22 about
611 763 26 21 12

68 801 74 25 a-clock
153 798 41 22 this
203 793 63 27 night
283 792 12 21 I
305 789 70 23 heard
386 797 12 14 a
409 795 61 16 noise
480 796 24 14 in
515 789 38 21 the
562 789 73 26 cabin,

68 813 38 42 2nd
114 824 63 26 found
187 822 46 22 that
243 826 37 20 my
289 817 73 23 hands
372 823 56 16 were
438 815 53 27 tied,
503 816 10 20 1
530 822 56 19 gave
600 815 37 21 the

80 859 47 16 lorm
145 856 20 18 to
186 849 42 22 Mr.
246 844 108 23 Auketell
372 843 44 24 and
436 843 45 21 Mr.
494 842 82 27 Green,
595 841 42 23 and

69 885 44 19 they
121 874 106 28 answered
242 873 50 22 that
308 871 53 27 they
376 877 57 15 were
449 869 47 21 tied
510 868 54 22 also.
593 868 44 22 Mr.

72 912 63 18 fireen
144 909 36 21 got
188 899 90 26 himself
289 898 55 25 free,
355 897 44 21 and
409 901 39 17 cut
456 895 38 22 the
507 902 53 21 rope
572 895 11 21 I
595 902 43 14 was

73 936 38 20 tied
123 932 56 24 with.
207 927 40 22 We
264 925 54 22 then
335 923 56 23 tried
408 926 22 18 to
450 929 79 20 escape
543 921 97 27 through

80 965 23 21 he
116 956 95 31 skylight,
223 953 64 23 when
298 950 92 28 Captain
405 949 57 22 Ellis
477 948 55 22 fired
543 956 14 14 a
566 948 64 34 pistol

73 989 37 21 «nd
119 987 33 22 Mr
169 984 71 21 Green
254 979 40 22 fell
309 976 147 28 dangerously
466 974 117 27 wounded,
590 975 50 27 land

73 1001 23 12 '"
115 1013 33 22 did
153 1001 45 32 'not
212 1010 80 26 expect
306 1005 48 21 him
362 1007 23 18 to
395 1003 44 22 live
452 1003 35 21 for
501 1009 67 25 many
579 1002 61 27 days.

73 1044 35 19 We
117 1046 50 16 were
177 1036 51 23 then
238 1031 103 24 fastened
352 1031 64 21 down
424 1030 25 22 in
466 1029 38 22 the
514 1029 72 26 cabin,
597 1029 44 21 and

74 1066 84 26 euarded
167 1064 28 27 by
205 1062 43 21 Mr.
261 1060 96 25 Horton,
367 1057 77 22 armed
460 1056 53 22 with
523 1063 13 14 a
546 1055 94 22 musket,

75 1093 85 22 nirectlv
170 1081 53 32 after
232 1086 50 27 this,
292 1087 11 20 I
313 1084 71 23 heard
395 1084 36 22 the
443 1083 70 22 vessel
524 1086 38 23 got
572 1081 71 23 under

74 1104 69 42 weik
157 1113 142 27 commanded
318 1113 30 26 by
364 1110 92 29 Captain
473 1110 55 22 Ellis
544 1109 46 22 and
607 1109 36 21 the

74 1149 37 22 2nd
125 1149 54 20 mate
195 1140 132 24 Wilkinson.
357 1138 60 22 Next
430 1144 105 19 morning
545 1135 38 22 the
593 1135 51 27 sky-

73 1175 49 23 lieht
130 1179 40 16 was
183 1167 111 26 removed,
306 1165 45 22 and
362 1165 10 21 I
388 1167 60 19 went
457 1170 58 21 upon
532 1163 56 21 deck
599 1163 44 21 and

75 1201 57 23 asked
150 1196 88 28 Captain
254 1194 57 22 Ellis
325 1192 59 22 what
398 1191 29 22 he
445 1198 44 14 was
505 1197 68 20 going
582 1193 23 18 to
616 1190 28 20 do

75 1229 45 22 with
131 1227 34 21 the
175 1222 61 29 ship?
250 1221 65 22 when
324 1219 31 22 he
363 1217 112 23 answered
485 1217 28 22 he
525 1224 42 14 was
577 1223 69 20 going

76 1261 18 17 to
103 1254 45 22 take
158 1253 43 21 her,
209 1249 43 22 and
261 1252 41 24 put
311 1254 36 14 me
355 1253 28 14 on
392 1245 72 22 shore.
494 1244 37 22 On
542 1243 36 22 the
586 1243 58 27 26th,

76 1290 27 14 we
113 1278 78 25 arrived
200 1280 23 19 at
238 1276 38 21 the
293 1275 15 21 S
318 1274 26 21 E.
360 1271 80 27 island,
456 1271 68 22 about
538 1272 29 20 40
583 1270 63 22 miles

76 1310 49 22 from
142 1306 33 22 the
191 1302 108 24 Chatham
316 1299 95 27 Islands,
428 1298 64 23 when
510 1298 27 21 he
554 1298 93 20 ordered

76 1337 32 21 the
116 1335 49 21 boat
174 1335 21 18 to
204 1330 27 22 be
240 1333 40 23 got
293 1330 46 23 out,
350 1326 45 22 and
409 1325 82 22 landed
508 1324 44 22 Mr.
565 1325 81 25 Green,

78 1363 37 23 Mr.
122 1357 106 26 Anketell,
237 1354 87 29 myself,
336 1353 43 22 and
390 1353 36 21 the
438 1352 62 22 three
509 1351 62 28 boys.
600 1350 48 22 The

77 1389 45 22 boat
134 1393 43 15 was
190 1385 22 22 in
231 1383 80 26 charge
327 1380 26 22 of
365 1379 117 26 Williams,
495 1378 48 22 who
557 1378 40 22 did
611 1381 38 17 not

76 1419 68 19 return
153 1411 49 23 with
211 1410 19 22 it
237 1414 23 18 to
270 1409 38 21 the
318 1407 78 27 vessel*
405 1407 42 20 but
452 1405 65 22 made
527 1405 33 21 his
572 1411 77 20 escape

76 1444 21 21 in
105 1441 36 22 the
157 1439 48 22 S.E.
221 1436 80 26 island,
312 1434 72 23 where
404 1433 12 22 I
435 1432 63 22 think
513 1431 29 23 he
557 1438 51 15 now
623 1431 26 22 is.

80 1468 99 22 Williams
197 1471 42 16 was
258 1470 43 15 one
319 1462 26 21 of
354 1461 44 22 .the
413 1458 137 28 ringleaders
569 1466 24 14 in
612 1458 36 21 the

79 1495 86 25 mutiny,
176 1491 42 23 and
227 1497 44 16 was
280 1496 43 15 one
339 1487 26 23 of
377 1487 37 22 the
429 1487 87 21 officers
531 1492 23 15 in
571 1486 80 25 charge

78 1522 24 22 t>f
108 1521 35 23 the
155 1517 75 27 vessel,
241 1517 58 22 after
312 1515 40 22 she
368 1521 43 15 was
426 1513 75 26 taken,
517 1512 66 25 along
601 1511 50 22 with

81 1547 83 27 Captain
179 1544 59 26 Ellis,
254 1544 45 22 Mr.
310 1542 95 25 Horton,
423 1539 47 23 and
485 1540 37 21 the
536 1538 44 23 2nd
594 1542 58 18 mate

82 1575 121 22 Wilkinson.
233 1571 12 22 I
259 1570 58 22 have
334 1576 30 15 no
381 1568 52 22 idea
447 1567 73 22 where
534 1566 54 27 they
597 1566 56 21 have

81 1609 52 19 gone
143 1605 20 18 to
172 1598 52 24 with
233 1598 37 22 the
281 1597 56 27 ship,
349 1595 46 24 as,l
404 1593 66 24 could
476 1596 45 19 .not
530 1593 79 27 gather
618 1592 36 21 the

81 1621 50 31 feast
140 1626 138 27 intelligence
289 1624 26 21 of
322 1621 57 24 their
389 1622 122 23 intentions
519 1621 64 21 while
594 1621 11 19 I
612 1626 43 15 was

82 1663 26 15 on
116 1654 74 23 board.
216 1652 72 23 There
299 1657 56 15 were
372 1649 68 22 about
448 1649 14 20 5
473 1652 51 17 tons
532 1647 26 21 of
569 1647 64 25 flour,
644 1647 10 20 1

82 1687 38 17 tori
127 1688 68 20 sugar,
205 1680 13 21 5
229 1679 73 22 chests
311 1680 44 23 tea,
367 1677 9 20 1
395 1675 54 24 Cask;
459 1675 98 24 tobacco,
569 1675 14 19 2
593 1673 63 21 casks

82 1709 62 27 ilops,
155 1710 10 19 1
176 1714 47 16 case
233 1706 72 25 shoes,
315 1705 33 23 24.
358 1702 82 23 barrels
446 1701 71 28 .-'pork,
529 1702 12 20 2
555 1703 52 18 tuns
620 1701 36 24 oil,

83 1737 80 21 15cwt.
171 1735 63 24 bone,
250 1733 27 20 15
293 1738 55 18 new.
353 1737 54 19 oars,
417 1730 16 20 4
447 1728 54 22 coils
515 1727 71 22 wlvale
595 1727 63 26 lines,

83 1762 41 23 and
134 1770 13 13 a
155 1762 38 21 few
204 1759 102 22 blankets
317 1756 85 28 (cargo)
410 1764 6 20 ;
426 1755 61 23 .with
492 1756 18 26 .2
524 1755 60 26 large
594 1760 64 20 guns,

85 1792 12 19 6
112 1788 99 26 muskets,
223 1788 10 20 1
250 1784 155 26 blunderbuss,
422 1790 14 15 a
445 1781 102 29 quantity
557 1781 26 21 of
596 1781 64 21 made

84 1824 27 19 up
119 1814 128 25 amunition,
254 1812 47 22 and
310 1813 26 24 2J
346 1810 52 26 kegs
407 1809 92 29 powder
508 1815 30 15 on
548 1807 75 22 board.

110 1843 45 21 The
164 1840 91 22 Hannah
264 1840 20 21 is
292 1839 67 22 about
367 1839 26 20 90
402 1841 50 18 tons
461 1835 104 26 burthen,
574 1835 88 25 brigan-

85 1871 49 25 tine,
145 1869 39 27 rig,
195 1868 44 22 and
249 1874 45 14 was
310 1864 91 29 painted
417 1862 67 23 black
500 1862 53 22 with
569 1868 14 14 a
592 1861 69 21 broad

86 1897 61 22 white
160 1894 72 23 streak
247 1893 45 22 and
308 1896 67 24 ports,
390 1890 45 23 and
448 1890 41 21 has
506 1889 66 22 cedar
590 1889 72 20 decks.

87 1923 87 25 Captain
193 1921 48 23 Bell
257 1923 52 19 sent
323 1927 14 14 a
352 1919 50 21 boat
416 1918 59 21 from
492 1916 131 26 Wangaroa,
640 1915 23 20 in

86 1951 74 22 search
177 1949 24 21 of
212 1948 49 22 her.
290 1946 41 22 We
346 1946 30 21 all
391 1944 53 23 with
459 1943 37 22 the
512 1942 114 27 exception
642 1941 26 21 of

88 1977 110 25 Williams,
214 1975 49 25 w.ho
278 1973 66 22 made
353 1972 35 22 his
404 1978 85 19 escape,
500 1972 58 20 went
572 1972 23 18 to
607 1969 59 20 Wai-

73 2021 3 3 .
88 2005 66 26 tangi,
168 2003 71 21 where
257 2000 94 28 Captain
362 1998 48 23 Bell
424 1998 54 21 then
497 2003 49 19 was,
558 1995 49 22 who
616 1998 50 18 sent

87 2038 34 16 me
132 2031 51 22 here
192 2033 23 21 .to
224 2029 67 25 jlodge
302 2027 42 22 this
356 2025 148 25 information.

116 2058 9 22 I
142 2056 95 23 consider
254 2055 49 21 that
318 2053 94 27 Captain
429 2051 56 23 Ellis
498 2051 19 22 is
534 2050 37 21 the
590 2056 75 21 person

89 2085 47 22 who
152 2082 116 28 instigated
278 2081 30 22 all
323 2080 48 26 the.
376 2082 43 20 rest
435 2082 22 18 to
475 2078 50 21 take
542 2077 46 25 the,
591 2076 75 28 vessel,

85 2111 49 21 'fiWd
143 2109 13 22 I
160 2110 59 21 -have
235 2109 59 21 since
308 2103 69 26 heard
387 2106 49 22 that
448 2105 30 22 he
487 2103 111 29 promised
609 2103 59 22 them

91 2138 58 24 £100
158 2136 54 24 each
221 2139 22 18 to
260 2141 28 20 go
299 2134 51 22 with
360 2133 53 26 him,
425 2132 45 22 and
487 2130 45 23 told
551 2130 60 22 them
621 2130 49 21 that

92 2163 89 28 Captain
200 2162 48 22 Bell
267 2160 107 23 intended
393 2163 23 18 to
433 2158 63 23 land-
504 2158 58 21 them
580 2156 91 22 without

92 2191 78 28 paying
180 2189 58 24 them
256 2188 58 22 their
323 2195 79 19 wages.
438 2185 92 27 Captain
546 2184 55 22 Ellis
611 2184 17 21 is
638 2190 28 14 an

93 2217 114 26 Irishman,
219 2216 42 22 five
273 2217 44 19 leet
330 2215 34 21 six
381 2212 77 23 inches
472 2214 23 21 in
511 2211 84 27 height,
605 2210 67 21 about

92 2247 25 20 27
134 2250 64 22 years
217 2242 43 26 old,
277 2241 71 23 broad
364 2239 139 25 shouldered,
520 2242 80 23 stoops,
616 2236 57 27 light

94 2272 67 26 sandy
170 2270 55 25 hair,
236 2268 80 28 hardly
325 2275 44 20 any
385 2266 111 26 whiskers,
511 2272 28 14 no
555 2264 118 28 particular

94 2299 78 21 marks.
374 2306 3 4 •
489 2301 3 5 '
541 2318 5 5 .
596 2317 5 5 .

120 2326 44 20 Mr.
184 2325 83 20 Horton
284 2329 45 15 was
347 2319 140 30 particularly
504 2322 71 19 active
595 2324 21 15 m
637 2318 37 20 the

95 2352 93 26 mutiny.
217 2350 35 22 He
268 2350 19 22 is
303 2356 28 14 an
348 2347 127 25 American,
492 2346 66 23 about
573 2344 43 22 five
630 2344 45 21 feet

95 2379 51 23 nine
156 2377 75 23 inches
238 2377 26 22 in
275 2376 83 26 neiglit,
369 2376 26 21 29
409 2372 116 29 yearsold,
536 2375 66 22 stout,
613 2371 63 21 holds

95 2405 91 23 himself
192 2411 30 21 up
230 2403 67 28 right,
308 2402 56 27 Tight
376 2401 50 22 hair
436 2400 44 22 and
490 2399 145 27 complexion,
647 2404 30 15 no

66 2447 3 3 •
97 2432 115 28 particular
223 2430 70 23 mark.
419 2434 3 3 '
464 2433 5 5 '
495 2432 7 17 •'
508 2444 3 3 •

123 2459 47 23 The
187 2457 83 23 second
284 2461 60 17 mate
357 2456 121 26 Wilkinson,
497 2454 10 21 I
524 2454 100 21 consider
637 2459 40 14 an-

75 2483 5 5 '
97 2485 63 24 other
173 2484 133 27 ringleader,
324 2484 28 21 he
367 2483 18 23 is
399 2490 28 14 an
444 2480 151 26 Englishman,
612 2479 66 21 about

99 2513 42 23 five
150 2513 45 21 feet
203 2512 34 21 six
246 2511 79 22 inches
334 2511 24 22 in
368 2509 83 28 height,
462 2509 25 20 25
497 2514 63 20 years
571 2506 43 25 old,
626 2512 52 20 very

98 2543 64 24 stout,
174 2538 54 23 dark
237 2539 55 26 hair,
305 2538 59 27 large
374 2537 54 23 dark
440 2534 110 26 whiskers,
561 2533 43 22 and
618 2532 61 22 blind

99 2568 25 23 of
131 2574 27 14 an
169 2573 46 20 eye,
228 2566 21 25 {I
260 2569 83 18 cannot
351 2572 38 19 say
399 2562 91 26 which.)

129 2595 101 21 Williams
247 2593 50 21 who
312 2591 64 23 made
392 2591 34 21 his
442 2596 76 20 eicape
536 2591 21 18 at
577 2588 37 21 the
629 2588 49 20 S.L.

101 2621 82 26 Island,
195 2621 11 21 I
216 2619 103 25 consider
334 2617 93 23 another
442 2615 132 28 ringleader,
586 2615 27 21 he
623 2621 19 14 is
651 2620 29 15 an

101 2649 125 26 American,
237 2654 13 14 a
265 2645 41 23 tall
322 2645 47 22 thin
384 2651 60 19 man,
457 2643 68 21 about
533 2642 43 22 five
593 2642 45 21 feet
656 2641 22 20 11

101 2676 76 23 inches
198 2675 23 21 in
241 2673 85 27 height,
343 2673 26 21 25
384 2678 65 21 years
465 2670 45 26 old,
527 2668 75 23 sallow
621 2674 61 15 com-

102 2703 93 29 plexion,
215 2701 57 28 light
297 2707 51 20 eyes
370 2698 45 22 and
438 2697 56 27 hair,
515 2703 29 15 no
565 2695 117 27 particular

101 2729 80 24 marks.

129 2758 68 20 Janus
207 2755 99 26 Sinclair,
314 2751 123 28 Beaman,is
446 2759 13 14 a
470 2750 141 23 Scotchman,
618 2748 66 22 about

103 2786 26 21 25
145 2790 64 22 years
226 2782 44 26 old,
286 2782 44 21 five
348 2781 43 21 feet
405 2779 44 22 five
466 2777 78 22 inches
558 2776 25 22 in
600 2775 83 27 height,

105 2811 65 26 slight
179 2810 71 26 made,
261 2807 68 23 black
343 2807 48 22 hair
400 2805 45 23 and
455 2804 112 26 whiskers,
579 2810 30 14 no
618 2805 67 25 parti-

106 2838 59 22 cular
174 2837 78 22 marks.

100 2880 3 4 .
132 2866 72 24 Henry
217 2864 75 21 Butler
308 2869 28 15 an
354 2859 151 29 Englishman,
521 2859 25 21 93
564 2863 64 21 years
642 2858 43 24 old,

106 2892 66 22 about
181 2892 42 22 five
233 2891 46 22 feet
291 2895 69 16 seven
372 2887 84 25 inches,
466 2884 63 24 florid
539 2883 146 28 complexion,

106 2918 68 28 •andy
184 2918 48 22 hair
239 2917 30 22 ho
279 2915 120 29 particular
408 2913 83 23 marks.
567 2923 3 4 •

132 2946 81 21 Parker
223 2953 12 14 a
245 2943 142 23 Scotchman,
397 2942 25 21 31
441 2946 63 20 years
513 2939 44 24 old,
569 2939 67 19 about
645 2939 43 28 hye

108 2974 43 21 feet
160 2972 61 28 eight
233 2970 78 23 inches
324 2969 24 23 in
364 2967 83 28 height,
458 2965 93 26 slender,
562 2964 57 27 light
632 2964 55 25 hair,

108 3007 28 15 no
144 2998 119 28 particular
273 2995 82 23 marks.
464 3019 6 5 .
478 3008 2 4 •

134 3028 76 21 Robert
224 3026 29 20 M'
256 3023 85 23 Donald
355 3029 28 15 an
394 3021 127 24 American,
532 3019 26 21 20
574 3024 63 21 years
647 3019 42 20 old.

110 3054 66 24 short,
183 3064 4 4 •
194 3053 69 22 about
281 3051 44 22 five
346 3049 45 23 feet
408 3047 44 23 five
471 3045 77 22 inches
566 3051 23 14 in
608 3044 81 26 height,

110 3080 68 28 «light
191 3079 72 26 made,
274 3077 55 22 dark
346 3082 51 21 eyes
412 3073 45 23 and
472 3072 57 26 hair,
538 3078 29 14 no
580 3071 110 25 whiskers,

111 3116 29 15 no
150 3105 118 29 particular
277 3103 83 22 marks.

136 3135 57 22 John
203 3132 122 25 Southgate,
335 3136 29 16 an
373 3126 153 28 Englishman,
536 3126 28 20 23
574 3131 64 19 years
649 3124 43 26 old,

113 3162 68 23 about
190 3161 14 23 5.
211 3160 47 21 feet
274 3159 14 21 7
303 3156 78 24 inches
396 3155 24 21 in
433 3152 87 27 height,
534 3152 77 21 rather
628 3152 66 24 stout,

112 3188 58 27 light
187 3186 63 27 hair,,
261 3183 149 29 complexion,
428 3179 43 24 and
485 3186 59 21 eyes,
562 3179 63 20 small
640 3179 57 25 light

113 3214 113 26 whiskers,
236 3219 30 18 no
277 3211 83 22 marks.

141 3242 96 24 Phillips,
250 3237 82 28 (Cook)
343 3244 28 15 an
383 3233 153 28 Englishman,
546 3232 28 21 33
580 3237 64 22 years
651 3231 45 25 old,

116 3270 68 21 about
198 3269 14 21 5
229 3267 46 22 feet
290 3266 27 21 10
333 3263 76 24 inches,
424 3268 24 16 in
463 3258 84 28 height,
567 3261 65 22 stout,
645 3258 54 21 dark

117 3296 57 25 hair,
184 3294 45 23 and
244 3292 57 23 dark
318 3292 61 26 large
392 3287 113 26 whiskers,
524 3287 55 21 dark
596 3291 57 21 eyes,
670 3291 29 14 no

118 3331 22 14 m
219 3350 77 24 Becon,
317 3343 140 30 (Carpenter)
480 3348 29 15 an
528 3338 127 26 American,
675 3339 26 20 23

120 3383 64 20 years
194 3375 44 27 old,
249 3374 70 23 about
328 3373 13 21 5
352 3372 45 22 feet
405 3372 15 21 6
427 3368 80 24 inches
517 3374 22 16 xn
549 3367 84 26 height,
646 3367 55 19 dark

120 3404 50 22 bait
179 3402 44 22 and
233 3400 112 26 whiskers,
356 3397 54 23 dark
420 3403 58 22 eyes,
490 3401 30 16 no
530 3393 82 23 marks.

256 3426 101 28 (Signed)
506 3422 26 22 R.
547 3421 128 21 Swainson.

115 3467 5 18 :
285 3480 127 23 November
426 3479 34 25 23,
477 3477 59 22 1843.

154 3513 85 30 [Before
248 3513 72 25 Major
329 3510 120 24 Richmond,
459 3510 71 21 Police
539 3508 137 26 Magistrate.

154 3545 129 25 Alexander
301 3543 114 23 M'Cluwb
423 3541 68 27 being
500 3546 79 20 sworn,
593 3538 99 23 stated—
693 3538 12 22 l

125 3583 37 15 am
175 3581 13 15 a
195 3578 101 17 seaman.
322 3570 48 22 The
379 3569 66 22 latter
455 3567 44 23 end
508 3567 25 21 of
544 3566 136 27 September,
692 3565 9 22 I

126 3599 107 26 returned
242 3599 58 22 from
309 3595 112 27 Waitangi
430 3599 23 18 to
457 3593 133 28 Wangaroa,
599 3592 108 22 Chatham

233 3632 29 15 on
271 3623 71 23 board
348 3623 38 21 the
391 3620 229 29 brigantineJfiannaA.
635 3619 73 22 There

129 3661 60 18 wete
202 3656 131 23 passengers
344 3656 29 15 on
386 3647 73 23 board
477 3646 45 23 Mr.
539 3645 112 26 Anketell,
663 3646 44 21 Mr.

129 3670 87 35 GreenT
228 3679 51 24 'Mr.
300 3676 93 29 Horton,
412 3673 47 24 and
475 3680 14 16 a
504 3679 51 15 man
566 3672 83 22 named
654 3671 55 22 Wil-

129 3709 71 22 liams,
221 3705 45 23 and
285 3701 94 30 Captain
393 3701 64 22 Ellis.
487 3698 91 29 Myself,
595 3698 44 22 and
649 3698 61 21 three

130 3735 55 24 boys
193 3740 57 16 were
259 3731 49 22 also
322 3736 29 15 on
365 3727 77 27 board,
459 3726 99 27 engaged
573 3726 31 26 by
618 3725 91 27 Captain

130 3762 51 22 Bell
198 3764 23 18 to
239 3757 62 24 work
319 3755 72 23 whilst
409 3754 38 22 the
466 3752 71 22 vessel
555 3752 116 22 remained
689 3755 24 18 at

131 3789 135 24 Wangaroa.
301 3783 36 23 On
351 3782 37 22 the
397 3781 65 25 night
470 3787 33 15 we
514 3778 87 23 arrived
611 3781 23 19 at
643 3778 70 21 Wan-

131 3823 53 15 aaro
203 3813 68 22 about
277 3817 68 17 seven
356 3805 86 27 o'clock
452 3806 48 23 that
510 3806 100 26 evening,
620 3805 92 27 Captain

133 3842 62 25 Ellis,
207 3840 43 23 Mr.
264 3839 96 24 Horton,
371 3835 41 23 and
424 3834 79 26 Henry
514 3832 83 27 Butler,
609 3831 51 22 took
670 3839 42 14 one

134 3870 25 21 of
165 3868 39 23 the
214 3866 71 23 whale
300 3865 64 21 boats
379 3861 44 23 and
442 3863 61 19 went
516 3859 87 22 ashore.
639 3858 77 23 About

134 3896 106 25 half-past
249 3891 63 29 eight
320 3889 85 24 o'clock
416 3889 10 21 I
439 3890 59 19 went
507 3889 22 18 to
537 3886 46 22 bed
591 3893 6 14 :
612 3886 37 21 the
663 3886 53 21 boat

132 3922 46 23 had
183 3925 40 19 not
228 3921 54 22 then
290 3916 113 25 returned.
419 3915 12 22 I
439 3921 45 15 was
489 3913 109 22 wakened
603 3913 65 21 about
673 3919 43 14 one

135 3948 85 23 o'clock
229 3948 23 21 in
262 3947 40 21 the
312 3943 109 26 morning,
430 3942 31 27 by
471 3940 77 27 Henry
565 3938 83 26 Butler,
664 3938 53 22 with

135 3983 15 14 a
157 3975 94 24 musket,
262 3971 75 25 which
345 3971 30 22 lie
384 3969 49 23 said
442 3974 45 16 was
502 3967 90 25 loaded,
609 3967 45 20 and
670 3967 48 20 told

136 4009 36 16 me
181 4006 29 19 to-
214 4008 64 17 come
287 4006 30 16 on
334 3997 64 27 deck,
416 3994 61 25 what
491 4001 44 15 was
551 3992 11 23 I
577 3992 63 28 lying
657 3992 61 23 there

861 1156 120 6 ——————
1284 1151 27 13 !»•*

706 1178 44 23 We
768 1177 58 23 have
846 1173 106 25 obtained
972 1172 37 24 the
1028 1168 120 33 subjoined
1168 1168 57 23 from
1244 1173 12 16 a

674 1216 77 19 recent
764 1208 95 25 number
871 1208 25 23 of
911 1207 39 23 the
964 1203 92 33 Official
1068 1202 94 24 Gazette
1173 1210 5 14 :—:
1181 1213 33 5 —

785 1239 100 23 Colonial
897 1236 133 28 Secretary's
1041 1234 79 25 Office,
1127 1231 129 28 Auckland,

934 1263 98 22 October
1040 1264 19 24 2,
1072 1262 60 20 1843.
1173 1276 6 7 ,

703 1297 43 21 For
757 1295 37 21 the
804 1292 145 24 information
960 1290 44 21 and
1014 1288 109 28 guidance
1134 1286 25 23 of
1171 1292 88 22 persons

677 1323 48 23 who
736 1328 50 20 may
796 1321 58 22 have
866 1318 102 23 occasion
986 1320 21 18 to
1026 1314 141 24 addresser
1176 1314 83 25 Majet-

677 1351 42 24 ty's
731 1347 112 28 Principal
859 1348 118 22 Secretary
988 1343 24 22 of
1025 1343 60 21 State
1100 1341 35 21 for
1147 1340 38 21 the
1197 1340 63 21 Colo-

677 1378 55 25 nies,
742 1375 35 23 his
795 1374 136 24 Excellency
949 1370 39 22 the
1004 1368 75 23 officer
1094 1367 167 25 administering

678 1405 37 21 the
727 1403 155 21 Government
892 1398 40 22 has
941 1397 56 22 been
1009 1395 89 29 pleased
1113 1399 22 16 to
1145 1395 71 20 direct
1225 1395 36 19 the

678 1429 136 27 publication
826 1427 25 21 of
864 1427 37 21 the
915 1424 113 26 following
1045 1424 96 20 extracts
1158 1422 57 19 from
1224 1422 37 18 the

678 1457 60 23 book
748 1456 25 22 of
785 1453 137 28 regulations
930 1452 35 21 for
976 1450 36 22 the
1022 1448 110 28 guidance
1143 1448 26 21 of
1179 1448 84 21 Gover-

678 1492 51 14 nors
739 1483 26 22 of
777 1480 82 24 Britith
869 1478 110 26 Colonies,
990 1476 75 23 issued
1077 1476 59 21 from
1153 1475 37 21 the
1201 1475 62 20 Colo-

679 1511 48 23 nial
737 1510 72 22 office.

709 1538 95 22 Persons
821 1532 133 27 forwarding
971 1533 206 21 communications,
1188 1535 23 14 in
1228 1534 37 14 ac-

682 1565 110 24 cordance
803 1561 53 23 with
866 1560 68 22 -these
948 1557 143 28 regulations,
1102 1555 35 22 for
1152 1558 113 18 transmis-

684 1594 49 21 sion
743 1595 21 18 to
774 1589 38 23 the
825 1589 114 25 Secretary
950 1586 23 21 of
988 1585 61 21 State
1063 1583 30 27 by
1105 1582 43 22 this
1166 1582 100 21 Govern-

684 1622 69 23 ment,
764 1624 37 15 are
807 1613 120 30 .requested
946 1617 21 16 to
984 1610 84 23 furnish
1084 1610 56 21 such
1155 1614 78 22 papers
1242 1614 29 15 in.

684 1645 120 28 duplicate.
945 1666 14 7 „
1021 1664 5 8 ,
1152 1662 12 11 j

794 1671 34 26 By
838 1669 34 22 his
884 1666 135 26 Excellency
1028 1671 10 14 s
1048 1664 125 24 command,

861 1700 54 27 (For
924 1699 38 21 the
972 1695 101 24 Colonial
1083 1694 132 27 Secretary,)

1033 1728 111 22 WILUAM
1154 1727 115 22 CoNNELL.

718 1793 19 21 1.
820 1796 12 14 a
849 1787 100 22 member
964 1787 26 20 of
1000 1784 38 23 the
1056 1781 99 24 Colonial
1172 1782 100 21 Govern-

689 1821 69 23 ment,
779 1824 25 14 or
826 1823 13 14 a
855 1814 84 28 private
957 1810 124 24 individual
1099 1808 100 27 residing
1216 1808 23 21 in
1259 1814 14 14 a

690 1846 88 23 colony,
790 1843 40 22 hat
845 1840 102 22 occasion
963 1844 23 17 to
1002 1837 89 23 address*
1106 1843 43 19 any
1159 1841 114 21 represent

691 1873 71 21 tation
772 1875 23 17 to
804 1869 38 22 the
853 1869 117 24 Secretary
982 1865 23 22 of
1018 1866 69 24 State,
1098 1862 28 22 he
1136 1860 137 23 -muafafall

691 1900 66 22 times
765 1896 65 24 make
842 1895 36 21 the
894 1894 74 22 officer
985 1891 167 25 administering
1169 1890 38 20 the
1216 1890 59 19 colo-

692 1926 47 22 nial
751 1924 155 22 Government
917 1920 37 22 the
964 1919 101 22 medium
1073 1917 25 22 of
1110 1916 33 21 his
1153 1921 123 16 commmu-=

692 1953 82 22 cation.
811 1949 127 22 Whenever
952 1946 43 22 this
1012 1951 77 16 course
1105 1944 18 21 is
1138 1946 40 17 net
1192 1942 94 27 strictly,

692 1977 101 25 adhered
814 1981 30 22 to,
861 1975 37 21 the
915 1971 182 30 representation,
1116 1970 26 21 of
1167 1969 110 21 whatever

692 2010 80 19 nature
786 2005 19 21 it
821 2010 51 19 may
882 2002 35 27 be,
927 2003 61 19 must
1003 2000 23 21 in
1043 2005 66 19 every
1120 2003 50 15 case
1188 1997 26 20 be
1230 1998 49 18 seM

693 2033 61 23 back,
762 2036 22 18 to
795 2031 36 21 the
844 2029 116 22 Governor
968 2028 35 21 for
1011 2026 35 22 his
1059 2028 82 24 report.
1254 2028 4 29 j
1269 2025 6 8 '

722 2068 12 20 2
779 2063 56 23 This
844 2061 124 28 regulation
978 2059 19 22 is
1005 2059 31 27 by
1045 2065 29 14 no
1084 2061 79 17 meahs
1173 2052 107 25 intended

691 2096 27 18 to
727 2090 106 28 preclude
845 2089 37 20 the
892 2088 46 21 free
948 2089 71 19 resort
1035 2083 66 23 oTal!
1112 2082 168 36 heir^jSWp

695 2120 99 26 subjects
804 2120 23 18 to
837 2115 37 22 the
881 2114 90 27 highest
980 2111 111 26 authority
1098 2116 24 15 in
1134 2109 37 21 the
1181 2111 56 21 state
1247 2109 35 20 for

697 2146 38 22 the
745 2145 85 22 redress
840 2143 25 20 of
872 2149 45 20 any
926 2139 130 29 grievances
1066 2137 72 23 under
1148 2137 70 20 which
1228 2137 54 23 they

697 2180 53 19 may
761 2171 65 22 deem
837 2167 134 24 themselves
978 2169 22 19 to
1007 2165 104 22 labour—
1113 2163 167 26 provided^they

698 2206 80 20 pursue
789 2197 37 22 the
837 2203 76 15 course
924 2194 25 22 of
957 2191 196 24 communication-
1156 2190 72 20 which
1234 2195 38 21 jus
1274 2200 10 15 r

698 2227 44 22 tice
758 2224 45 23 and
819 2224 94 21 fairness
929 2225 23 18 to
967 2220 30 22 all
1012 2219 80 28 parlies
1108 2216 134 25 concerned,
1259 2221 26 17 as

699 2252 51 23 well
760 2259 23 15 as
793 2249 150 24 convenience
958 2246 45 22 and
1018 2245 120 26 regularity
1147 2250 24 16 m
1179 2245 44 25 .the
1239 2245 46 18 dis-

699 2279 68 29 patch
777 2277 25 23 of
814 2276 75 30 pnblic
899 2275 106 25 business,
1017 2272 79 22 render
1106 2271 18 21 it
1132 2272 118 23 necessary
1262 2271 24 18 to

701 2306 121 28 prescribe.
1042 2313 3 2 •
1196 2327 5 9 ,
1254 2327 7 8 i

729 2340 14 20 3
852 2335 127 21 Governors
994 2331 25 23 of
1038 2330 40 22 her
1095 2329 98 27 Majesty
1204 2336 9 13 s
1228 2329 59 20 colo-

702 2365 51 22 nies
764 2371 36 15 are
811 2363 37 21 the
865 2360 131 23 authorities
1006 2362 22 18 to
1037 2356 71 24 which
1119 2356 40 21 her
1171 2355 96 27 Majesty
1277 2354 22 29 ?]

703 2393 105 26 subjects,
819 2388 98 27 residing
932 2388 23 21 in
972 2386 62 21 those
1052 2383 101 23 Colonies
1167 2382 86 25 should,
1264 2388 24 14 in
1298 2386 2 16 :

703 2419 38 21 the
751 2418 47 22 first
807 2417 108 24 instance,
926 2414 90 22 address
1026 2410 140 23 themselves.
1280 2417 20 20 •

732 2452 21 20 4.
859 2447 126 22 Governors
995 2444 43 22 will
1054 2442 87 23 receive
1151 2440 52 22 with
1218 2443 69 18 atten-

705 2478 47 21 tion
760 2477 28 21 all
797 2468 341 33 representationsproperlyand
1148 2466 142 28 respectfully

706 2502 120 24 addressed
841 2506 22 17 to
878 2501 69 25 them,
964 2499 44 22 and
1023 2497 43 23 will
1084 2496 69 22 either
1168 2495 51 20 take
1235 2495 54 20 such

707 2530 109 23 decisions
826 2536 28 14 on
866 2527 59 22 them
938 2534 24 14 as
976 2533 51 20 may
1037 2530 82 21 appear
1129 2527 22 16 to
1164 2522 61 21 them
1235 2523 58 20 most

704 2560 55 26 just,
776 2565 24 13 or
821 2555 44 22 will
887 2554 56 22 refer
963 2553 60 21 them
1043 2556 21 16 to
1084 2550 38 22 the
1141 2550 115 25 Secretary
1270 2548 25 20 of

708 2586 68 21 State.
1078 2604 7 8 ,
1116 2604 5 5 .
1134 2603 7 4 .

735 2612 22 21 5.
795 2608 84 23 Should
887 2608 37 22 the
931 2608 118 21 Governor
1057 2613 10 13 s
1073 2604 98 22 decision
1182 2605 38 19 not
1228 2607 65 22 prove

708 2638 139 25 satisfactory
864 2638 23 18 to
902 2635 37 21 the
958 2633 81 28 parties
1059 2630 131 26 concerned,
1206 2628 27 22 he
1251 2628 43 21 will

709 2665 87 23 receive
812 2670 44 20 any
865 2665 177 19 remonstrances
1052 2656 71 24 which
1138 2656 55 22 shall
1211 2656 27 21 be
1248 2661 45 15 res-

709 2691 107 27 pectfully
827 2688 119 23 addressed
956 2692 23 17 to
990 2687 52 25 him,
1055 2685 43 22 and
1110 2684 29 26 (if
1145 2683 115 28 requested
1272 2685 21 17 td

711 2720 28 21 do
750 2718 42 26 so,)
803 2717 28 22 he
842 2717 45 21 will
902 2715 102 23 transmit
1019 2713 58 22 them
1096 2717 21 15 to
1129 2711 36 21 the
1181 2711 114 24 Secretary

712 2747 26 21 of
745 2747 68 24 Stare,
824 2743 53 22 with
886 2743 35 21 his
930 2741 90 28 opinion
1031 2740 44 22 and
1083 2741 83 24 report.

739 2776 14 19 6
797 2771 48 22 The
855 2770 95 27 practice
958 2767 70 23 which
1038 2767 40 22 has
1084 2766 24 21 in
1116 2771 60 15 some
1188 2767 110 18 instances

712 2801 57 22 been
785 2797 102 27 adopted,
904 2797 25 21 of
942 2794 128 27 addressing
1087 2790 132 25 Memorial*
1228 2790 70 21 direct

714 2831 23 18 to
748 2826 42 23 this
800 2824 78 27 Office,
890 2824 42 21 and
947 2823 53 26 only
1010 2821 92 26 sending
1117 2823 73 22 copies
1197 2819 30 19 -of
1234 2819 64 19 them

713 2858 24 18 to
748 2854 37 22 the
795 2853 125 24 Governor,
931 2857 28 15 on
971 2849 36 22 the
1018 2856 40 14 eve
1069 2847 25 21 of
1101 2846 38 21 the
1149 2845 117 26 departure
1276 2845 22 18 ot

715 2882 38 21 the
762 2878 72 24 vessel
844 2878 72 22 which
926 2878 18 21 U
953 2880 24 18 to
988 2882 85 20 convey
1084 2873 67 25 them,
1163 2872 43 20 will
1221 2873 39 19 not
1270 2872 35 19 be.

715 2905 131 29 recognised
853 2913 24 14 as
884 2913 12 14 a
903 2911 79 21 proper
988 2909 75 16 course
1071 2901 26 21 of
1104 2903 201 19 communication,,

717 2934 45 23 and
770 2938 60 19 must
840 2932 111 23 therefore
961 2934 39 18 not
1015 2930 27 21 be
1052 2925 111 30 repeated.

751 2969 43 24 We
807 2967 82 25 should
900 2966 63 24 liked
971 2970 22 18 to
1002 2964 57 23 have
1067 2969 54 17 seen
1129 2959 94 26 another
1230 2956 77 27 added,

719 3008 23 18 to
755 3002 63 24 these
838 3000 149 31 regulations.
1024 2995 135 30 Something
1178 2993 24 23 in
1224 2992 45 23 fact
1280 2995 22 17 to

719 3037 39 23 the
768 3035 116 29 following
896 3032 66 24 effect
962 3043 34 5 —
1201 3049 4 3 .

781 3068 63 24 That
855 3074 44 24 any
912 3065 120 24 Governor
1038 3063 84 29 having
1131 3059 138 25 determined
1283 3060 21 19 to

722 3101 77 25 attack
812 3101 37 23 the
861 3101 107 22 interests
988 3105 23 15 or
1033 3096 115 24 character
1156 3104 4 3 •
1171 3092 24 23 of
1211 3097 94 26 persons

722 3143 26 16 or
759 3135 85 30 places,
856 3134 20 22 is
888 3131 105 31 required
1013 3135 23 18 to
1056 3126 91 34 publish
1169 3125 56 23 such
1236 3128 70 20 state-

723 3172 75 21 ments
810 3168 25 23 in
854 3165 39 24 the
913 3162 93 34 Official,
1026 3162 94 24 Gazette
1138 3159 25 24 of
1178 3158 44 25 the.
1228 3157 80 31 colony

725 3209 53 17 over
790 3200 73 24 which
876 3199 29 23 he
916 3198 70 28 rules,
997 3196 35 23 for
1044 3195 63 23 three
1118 3192 100 27 months,
1229 3190 79 24 before

725 3233 137 31 forwarding
873 3232 63 24 them
948 3235 23 19 to
982 3229 38 23 the
1040 3226 103 26 Colonial
1162 3225 82 28 Office,
1256 3221 61 31 witjh.

727 3277 14 15 a
750 3269 55 22 view
818 3272 24 18 to
853 3265 80 24 enable
946 3263 39 24 the
995 3261 64 32 reply
1071 3265 22 19 to
1112 3259 67 24 reach
1192 3256 118 25 the-Colo-

727 3301 46 25 nial
786 3301 75 23 Office
872 3298 54 24 with
938 3296 40 24 the
989 3294 84 25 attack.
1108 3292 56 24 And
1175 3289 137 26 that.unless

728 3335 46 24 this
793 3341 80 17 course
892 3332 20 23 is
923 3322 89 38 strictly
1025 3326 98 26 adhered
1132 3330 33 24 to,
1178 3324 38 24 the
1235 3329 77 25 repre-

729 3373 122 22 sentation,
865 3366 28 24 of
899 3364 113 25 whatever
1023 3366 81 19 nature
1115 3360 19 23 it
1145 3357 100 32 maybe,
1253 3359 60 21 must

730 3404 24 22 in
775 3408 69 24 every
856 3406 52 17 case
927 3399 29 22 be
978 3400 50 20 sent
1049 3393 58 25 back
1120 3398 22 18 to
1160 3391 40 24 the
1219 3389 95 39 accused

731 3441 66 27 party
809 3438 35 20 lor
854 3433 135 30 his^report,
1001 3426 128 35 previously
1141 3430 31 24 to.
1176 3424 69 31 being
1256 3421 60 25 dealt

732 3469 53 24 With
797 3468 31 31 by
840 3467 38 24 the
891 3463 104 26 Colonial

766 3502 88 24 Justice
863 3498 110 26 demands
985 3496 56 24 such
1052 3503 14 16 a
1075 3493 137 34 regulation,
1224 3491 46 25 and
1280 3491 39 22 the

734 3545 52 15 ease
798 3535 27 24 of
832 3534 39 25 the
884 3531 104 26 Colonial
996 3530 75 24 Office
1082 3526 75 26 would
1163 3526 29 24 be
1202 3524 77 24 consu!
1282 3522 36 26 ted

733 3570 22 24 if
767 3571 20 23 it
804 3576 59 16 were
882 3563 176 37 promulgated..
1084 3560 57 26 Had
1157 3560 20 24 it
1195 3557 96 28 exist;?,
1301 3559 21 20 it

736 3602 73 25 would
819 3609 33 16 we
865 3604 93 28 suspect
975 3598 57 24 have
1052 3593 149 32 wonderfully
1212 3591 107 25 curtailed

735 3644 58 24 poor
805 3635 98 32 Captain
915 3631 120 27 Hobson's
1046 3628 109 26 imbecile,
1164 3624 139 30 dispatches.

902 3698 53 23 RE
955 3693 213 27 EMIGRATION.

1964 3421 80 27 [From
2054 3419 37 21 the
2103 3416 131 23 Launceiton
2244 3411 130 24 Advtrtuer,
2392 3407 99 23 October
2497 3405 29 25 39
2529 3406 17 28 J

1997 3454 52 26 The
2060 3448 154 36 promptitude
2225 3445 54 25 with
2298 3443 75 25 which
2392 3442 39 24 Sir
2449 3440 101 32 Eardtoy

1965 3481 146 31 Wilmd'th'as
2124 3479 125 34 responded
2262 3483 23 18 to
2297 3477 39 24 the
2349 3476 43 24 call
2402 3475 26 25 of
2439 3474 111 27 tha'New

1965 3519 101 29 Zealand
2096 3515 110 25 colonist*
2235 3512 34 24 for
2298 3511 99 30 military
2426 3507 125 33 protection

1966 3555 90 23 evinces
2068 3559 15 15 a
2093 3549 104 24 decision
2207 3546 24 24 of
2241 3545 121 24 character'
2366 3544 59 23 from
2437 3540 115 26 which'w*

1967 3593 73 24 augur
2051 3583 60 24 well;
2157 3581 25 24 It
2260 3584 32 18 'on
2305 3578 86 30 Friday
2401 3576 45 25 last
2455 3574 50 26 that
2516 3574 38 23 the

1968 3619 88 24 Sisters
2067 3614 90 26 arrived
2169 3614 25 25 iv
2204 3613 92 24 Hobart
2306 3605 83 37 i>wn,
2401 3609 56 24 with
2477 3614 77 26 repre-

1968 3651 127 26 sentations
2107 3648 54 24 that,
2169 3647 38 24 the
2219 3640 142 35 settlements
2373 3643 29 25 'of
2418 3642 58 26 New
2495 3641 59 24 Zea-

1969 3684 56 25 land
2042 3689 58 18 were
2115 3682 25 23 in
2153 3680 55 25 such
2221 3687 14 16 a
2245 3684 59 19 state
2315 3678 26 24 of
2355 3675 107 33 frightful
2472 3674 85 24 excite-

1970 3722 72 23 ment,
2055 3716 52 24 that,
2116 3715 38 23 the
2168 3720 106 25 presence
2292 3712 26 24 of
2342 3707 132 30 additional'
2481 3711 64 34 *wfp
2547 3713 11 16 ß

1971 3758 58 16 were
2041 3747 177 33 iudfspeusable.
2255 3747 49 24 His
2315 3743 143 30 Excellency
2466 3741 25 23 in
2503 3743 55 28 con-

1973 3790 119 25 sequence,
2107 3781 102 32 engaged
2220 3789 14 15 a
2254 3779 84 28 vessel,'
2343 3780 4 13 !
2349 3776 50 33 .arid
2418 3772 143 46 dn^Sdfio^-

1973 3816 137 31 despatched
2131 3824 13 15 a
2162 3813 105 26 hundred
2284 3811 103 27 soldiers,
2406 3806 79 36 under;
2498 3806 63 23 cottf-

1975 3849 68 25 raand
2055 3850 26 23 of
2096 3849 99 32 Capvain
2213 3846 136 27 Nicholson,
2361 3847 22 19 to
2392 3840 50 24 -the
2442 3842 5 12 !
2451 3840 2 6 '
2460 3847 67 16 scene
2529 3838 6 15 5
2539 3839 26 23 df

1976 3883 146 24 commotion.
2159 3882 75 28 Thus,
2245 3881 24 22 in
2286 3879 38 23 the
2345 3879 80 20 course
2443 3873 30 23 of
2484 3881 14 15 a
2505 3872 58 24 'few

1976 3917 82 30 hours,-
2067 3917 89 23 albwas
2169 3915 57 25 done
2234 3912 77 26 .which
2331 3907 67 26 could
2416 3907 148 40 bejdalio-ra

1977 3950 46 24 this
2036 3950 79 30 colony
2128 3952 24 22 tb
2164 3948 59 30 allay
2229 3945 46 24 -tb!e
2293 3943 62 26 fea*s
2373 3937 194 29 awd'prdWaie

1259 159 64 26 ftflray
1334 154 70 24 abo'tft
1414 154 72 30 sixty*
1489 159 70 17 seven
1569 152 61 23 souls
1639 160 7 20 ;
1719 148 76 30 nearly
1804 147 39 24 the

1261 196 69 17 same*
1342 186 103 29 frum'ber,
1456 193 35 17 we
1496 185 107 28 'believe/'
1609 184 41 29 lsft
1660 182 70 24 about
1740 182 15 22 a'
1765 179 79 25 month

1261 220 66 30 after,
1338 221 26 22 in
1373 220 40 23 the
1423 217 94 31 Sisters,
1529 218 36 23 for
1577 209 94 32 Hobatt'
1679 215 80 24 Tawn.
1770 220 2 6 '
1792 213 52 24 The

1261 258 78 19 return
1352 253 26 23 of
1386 253 39 23 (he
1435 250 139 25 last-named
1581 244 79 29 'vessel*
1731 252 40 27 put
1821 246 25 23 in

1263 286 130 32 possession
1400 284 26 26 of
1434 292 63 16 some
1507 283 133 32 particulars
1647 280 129 32 respecting
1783 279 64 23 these

1264 319 87 32 people,
1363 317 74 24 which
1449 316 124 31 strikingly
1583 315 113 24 illustrate
1708 312 39 24 the
1759 311 54 31 folly
1825 312 25 22 of

1265 345 113 37 throwing
1388 358 31 23 up
1430 350 87 23 certain
1529 347 151 32 employment
1697 351 23 17 at
1733 352 114 16 remuner-

1265 385 155 30 ating:'wSges
1430 384 23 22 in
1465 382 58 24 New
1536 380 98 25 Zealand
1649 380 34 22 for
1696 377 96 24 idleness
1805 376 44 24 and

1267 417 123 23 starvation
1411 417 22 22 in
1452 414 118 24 Australia
1592 413 42 23 and
1656 411 54 24 Van
1732 409 66 24 Diem
1802 410 47 22 en's

1268 449 75 25 Land;
1360 463 4 3 •
1379 448 30 24 In
1429 456 13 16 a
1453 448 67 24 letter
1532 444 122 26 addressed
1665 449 23 18 to
1709 450 14 16 a
1734 441 117 24 merchant

1268 483 25 22 of
1310 483 47 23 this
1378 481 71 31 place,
1467 481 33 29 by
1513 488 14 15 a
1544 478 129 32 gentleman
1694 476 51 22 who
1759 479 59 18 went
1829 479 22 18 to

1270 515 94 24 Hdbart
1373 514 73 24 Town
1462 514 24 23 in
1506 512 38 23 the
1564 509 96 29 Sisters,
1673 516 62 16 some
1750 507 103 23 valuable

1269 548 145 24 information
1426 548 19 22 is
1454 547 77 30 given.
1567 543 25 24 It
1599 549 94 24 appears
1703 542 49 22 that
1759 540 93 30 Triggs,

1270 589 14 16 a
1294 586 123 26 passenger
1428 582 23 21 in
1463 578 39 23 the
1513 577 43 24 Sir
1568 575 62 24 John
1640 573 119 30 Franklin,
1772 572 82 24 unable

1312 619 38 26 get
1369 612 154 32 employment
1543 611 22 22 in
1586 608 99 31 Sydney,
1698 606 50 24 had'
1762 605 39 24 left
1818 606 37 23 his

1262 660 3 4 •
1272 646 52 24 Wife
1335 646 45 24 and
1390 645 80 31 family
1480 644 63 23 there
1556 642 44 24 and
1613 640 95 31 shipped
1720 638 92 24 himself
1821 639 35 23 for

1273 679 154 28 Launceston,
1439 678 74 23 where
1524 676 29 23 he
1562 683 48 15 was
1623 673 91 32 equally
1721 679 135 17 unsuccess-

1269 712 52 29 ful;
1324 718 4 7 1
1337 712 32 23 lie
1388 711 45 24 had
1444 712 63 21 since
1527 707 86 25 walked
1632 712 22 18 to
1674 705 92 25 Hobart
1776 705 80 28 Town,

1274 745 73 23 where
1367 745 29 23 he
1413 751 50 16 now
1481 744 28 27 is,
1522 742 70 30 doing
1607 740 104 30 nothing.
1720 755 3 4 ■
1748 739 35 31 By
1795 739 63 25 tr.ade

1275 778 45 23 this
1339 785 84 23 person
1442 777 20 22 is
1482 783 14 16 a
1514 773 160 31 wheelwright,
1694 772 44 24 and
1760 772 69 29 being
1846 779 13 14 a

1275 811 58 30 godd
1346 810 124 27 workman,
1483 816 46 15 was
1540 806 104 31 liberally
1656 804 124 32 supported
1796 804 62 23 here.

1276 843 51 24 The
1338 851 79 16 names
1421 842 32 24 'of
1470 841 89 23 several
1571 839 76 23 others
1665 846 38 15 are
1722 836 137 28 mentioned,

1277 876 49 23 who
1346 884 38 15 are
1401 874 98 29 heartily
1510 873 50 23 sick
1581 873 25 22 of
1621 872 38 23 the
1675 869 82 24 foolish
1774 869 87 30 change

1278 909 56 31 they
1343 909 57 23 have
1412 907 72 28 made,
1498 906 44 23 and
1554 904 49 24 who
1615 903 81 28 would,
1709 903 20 22 if
1745 902 51 30 they
1808 909 53 23 pos-

1280 941 77 25 sessed
1378 941 38 23 the
1436 947 86 20 means,
1535 937 77 31 gladly
1624 941 77 18 return
1713 940 23 18 to
1750 935 37 23 the

1280 974 53 32 they
1352 975 57 23 have
1429 980 24 16 so
1475 969 166 32 thoughtlessly
1660 968 49 24 left.
1751 968 115 30 Amongst

1282 1009 75 23 others
1368 1008 21 23 is
1407 1011 22 19 a'
1437 1013 54 16 man
1502 1003 82 24 named
1603 1003 84 28 James,
1701 1001 49 23 who
1762 1000 51 28 had,
1827 1007 38 15 ac-

1282 1042 93 30 cording
1394 1044 23 19 to
1435 1039 37 23 his
1493 1043 50 17 own
1564 1041 127 23 statement,
1710 1034 90 23 refused
1811 1034 55 23 £80

1283 1083 79 23 a-year
1374 1073 45 24 and
1430 1073 86 23 rations
1524 1070 35 23 for
1566 1067 94 26 himself
1668 1067 45 24 and
1721 1067 50 24 wife
1783 1072 23 18 to
1814 1066 53 24 take

1284 1108 82 31 charge
1378 1106 24 24 of
1416 1113 15 16 a
1446 1105 64 30 large
1529 1103 64 30 dairy
1604 1100 171 26 establishment
1786 1100 22 23 in
1822 1100 46 22 this

1284 1138 193 34 neighbourhood.
1525 1136 51 24 The
1599 1137 74 22 writer
1697 1135 25 23 of
1743 1134 37 23 the
1802 1133 66 23 letter

1285 1174 89 24 alluded
1395 1178 31 23 to,
1445 1172 72 23 closes
1537 1170 37 23 his
1587 1168 102 25 remarks
1708 1168 30 30 by
1750 1167 120 30 observing

1286 1208 48 23 that
1353 1214 45 23 any
1409 1213 53 17 man
1481 1204 50 23 who
1553 1211 41 15 can
1613 1210 53 16 earn
1685 1201 79 23 twelve
1776 1200 92 31 shilling

1286 1240 90 25 a-week
1387 1238 123 25 in-Nelson
1523 1235 80 25 should
1616 1240 39 19 not
1667 1234 67 24 think
1752 1233 24 24 of
1794 1240 77 23 carry-

1287 1275 39 30 ing
1336 1274 37 23 his
1384 1273 79 24 labour
1474 1276 24 18 to
1510 1271 39 23 the
1560 1269 101 24 markets
1677 1268 26 24 of
1722 1267 55 24 New
1797 1266 74 23 South

1287 1307 79 23 Wales
1377 1314 25 16 or
1413 1306 53 23 Van
1479 1303 120 25 Diemen's
1610 1301 74 25 Land.

1402 1349 92 24 have'on
1507 1347 93 24 several'
1606 1352 115 18 occasions
1733 1343 40 24 felt
1785 1344 18 23 it
1816 1347 22 19 to
1846 1341 28 24 be

1289 1392 41 16 our
1350 1384 63 30 dirty,
1425 1382 29 31 by
1470 1381 39 24 the
1527 1380 138 32 publication
1685 1378 25 23 of
1729 1376 146 24 information

1290 1417 108 32 gathered
1408 1414 110 26 fromthe
1529 1413 134 23 Australian
1674 1418 90 24 papers,
1778 1414 22 18 to
1813 1408 61 24 show

1291 1452 37 22 the
1340 1454 59 20 state
1411 1448 24 25 of
1451 1447 43 24 the'
1508 1444 183 26 labour-market
1703 1445 24 22 in
1739 1443 37 23 the
1795 1441 82 31 neigh-

1291 1484 98 30 bouring
1400 1481 107 28 colonies,
1521 1480 48 23 that
1585 1485 94 26 persons
1700 1474 179 32 contemplating

1293 1526 13 15 a
1316 1516 100 25 removal
1428 1517 23 21 to
1463 1514 63 23 them
1544 1512 74 31 might
1636 1515 41 19 not
1687 1509 28 24 do
1729 1517 25 16 so
1766 1511 22 21 in
1801 1509 78 30 ignor-

1293 1558 55 16 ance
1372 1549 25 24 of
1418 1548 58 23 their
1498 1546 47 23 real
1568 1550 67 19 state.
1671 1543 24 24 It
1717 1543 29 27 is,
1768 1542 112 27 however,

1294 1583 97 24 difficult
1414 1587 21 18 to
1454 1580 110 23 convince
1585 1578 78 31 people
1682 1577 26 22 of
1726 1575 36 24 the
1783 1574 63 24 truth
1859 1575 25 21 of

1294 1617 49 24 that
1355 1615 73 23 which
1439 1614 54 30 they
1505 1620 38 15 are
1556 1610 140 25 determined
1708 1614 23 18 to
1743 1607 122 24 disbelieve
1874 1615 7 21 ;

1295 1651 41 23 but
1357 1649 38 24 the
1415 1647 107 24 evidence
1540 1646 20 22 is
1583 1648 23 20 at
1628 1642 79 31 length
1730 1641 93 24 become
1846 1645 38 19 too

1297 1688 79 25 strong
1387 1687 23 18 to
1421 1680 28 24 be
1466 1680 81 29 longer
1562 1676 105 30 doubted,
1679 1676 45 23 and
1742 1673 142 29 henceforth,

1298 1717 113 23 Whatever
1422 1721 52 23 may
1491 1713 30 23 be
1533 1711 38 24 the
1592 1715 57 19 state
1661 1709 25 23 of
1703 1709 77 31 things
1792 1708 24 23 in
1828 1707 58 24 New

1299 1749 108 27 Zealand,
1420 1748 49 27 few,
1483 1753 33 15 we
1534 1752 113 23 presume,
1660 1742 46 24 will
1727 1742 27 23 be
1773 1741 69 24 found
1861 1746 25 18 to

1299 1784 64 23 leave
1374 1790 26 15 so
1411 1780 57 32 good
1482 1788 14 14 a
1507 1777 110 31 stand-by
1629 1784 24 16 as
1666 1780 105 19 constant
1784 1774 103 31 employ-

1301 1821 63 19 ment
1375 1815 30 31 by
1417 1814 37 23 the
1466 1812 59 25 New
1537 1810 100 25 Zealand
1651 1810 125 31 Company,
1788 1814 23 17 to
1824 1807 64 24 swell

1302 1850 38 24 the
1353 1848 95 24 number
1461 1846 25 23 of
1496 1845 37 24 the
1547 1843 149 32 unemployed
1709 1843 23 23 in
1745 1841 100 32 Sydney.

1502 1880 46 22 this
1560 1882 94 26 country
1667 1876 84 23 affords
1766 1880 21 18 to
1806 1875 37 22 the
1855 1874 35 23 la-

1303 1917 83 23 bourer
1406 1922 68 22 many
1486 1913 138 29 advantages
1643 1909 48 24 that
1711 1917 37 15 are
1767 1913 39 18 not
1825 1913 22 17 to
1863 1908 28 22 be

1305 1949 69 25 found
1395 1949 23 23 in
1439 1955 44 22 any
1495 1946 65 23 other
1578 1944 88 30 colony,
1681 1944 19 22 it
1720 1941 171 29 unfortunately

1306 1983 54 24 does
1372 1980 134 25 notrealize
1518 1979 39 23 the
1568 1977 156 32 expectations
1745 1975 25 24 of
1786 1975 38 23 the
1835 1982 57 22 any-

1307 2013 195 35 thing-but-work
1524 2012 87 31 portion
1635 2010 25 23 of
1680 2010 38 23 the
1741 2008 152 29 Community.

1307 2048 74 30 Here,
1393 2056 27 15 as
1437 2048 24 23 in
1473 2047 32 22 all
1515 2045 66 23 other
1598 2045 84 33 places,
1689 2050 59 19 .men
1759 2042 49 23 who
1821 2040 73 24 would

1303 2080 163 35 permanently,
1477 2075 110 36 Improve
1614 2077 67 23 theirV
1686 2072 5 17 :
1696 2073 115 26 condition
1825 2080 4 10 :

1310 2116 71 28 work,
1393 2115 51 28 and,
1457 2113 18 24 if
1487 2112 58 24 their
1557 2116 81 20 means,
1645 2118 37 15 are
1694 2108 95 28 limited,
1798 2108 98 31 practice

1310 2158 14 15 a
1334 2149 58 23 little
1404 2146 129 26 self-denial
1533 2153 3 6 1
1545 2144 97 24 besides.
1679 2143 63 23 Such
1754 2150 25 15 as
1796 2141 58 24 have
1867 2148 29 15 no

1312 2181 101 26 stomach
1423 2181 38 23 =for
1473 2179 60 29 this,-
1548 2178 44 23 and
1604 2177 49 23 who
1673 2184 29 16 no
1722 2176 79 30 longer
1821 2182 37 15 see
1877 2174 21 22 in

1312 2214 119 26 Australia
1442 2214 38 22 the
1493 2212 32 24 El
1543 2210 94 25 Dorado
1648 2210 24 23 of
1689 2209 59 22 their
1761 2208 92 27 wishes,-
1862 2214 38 15 are

1312 2257 50 16 now
1374 2248 94 30 turning
1480 2246 58 23 their
1550 2252 53 23 eyes
1614 2249 23 17 to
1647 2242 74 24 South
1731 2241 113 27 America,
1856 2239 50 24 and'

1315 2282 47 24 talk
1383 2281 24 23 of
1424 2281 78 30 trying
1522 2278 59 24 their
1600 2277 102 23 fortunes
1715 2280 23 18 at
1755 2274 145 31 Valparaiso.

1315 2315 35 24 Of
1360 2315 37 24 the
1411 2318 57 19 state
1488 2313 28 23 of
1532 2311 77 30 things
1627 2311 22 22 in
1672 2309 45 23 this
1738 2315 47 16 new
1807 2306 53 24 land
1881 2308 20 21 of

1315 2349 99 32 promise
1432 2355 33 15 we
1486 2346 70 23 know
1567 2345 40 23 but
1627 2343 64 27 little,
1705 2341 45 24 and
1770 2341 49 23 that
1830 2341 21 22 is
1863 2339 40 24 de-

1317 2381 87 31 cidedly
1416 2396 4 3 -
1427 2378 172 26 unfavourable.
1635 2375 93 25 Twelve
1750 2383 24 15 or
1797 2374 104 30 eighteen

1317 2415 91 25 months
1420 2423 41 22 ago
1475 2414 85 23 certain
1580 2410 149 31 descriptions
1741 2409 25 23 of
1774 2407 131 24 mechanics

1318 2457 56 16 were
1388 2456 83 19 scarce,
1484 2447 45 23 and
1550 2445 37 23 the
1605 2445 42 22 few
1660 2443 48 23 who
1722 2450 56 15 were
1794 2440 63 24 there
1868 2448 37 15 Te-

1319 2482 76 24 ceived
1414 2481 54 30 high
1489 2487 84 23 wages.
1609 2478 47 23 But
1669 2477 45 22 this
1734 2475 65 23 could
1810 2480 41 17 not
1864 2474 43 22 last

1319 2517 54 29 long
1385 2515 64 23 when
1471 2522 25 15 so
1516 2520 72 22 many
1600 2518 56 16 were
1677 2507 150 33 unemployed
1849 2507 58 23 else-

1320 2550 91 27 where;
1439 2548 43 22 and
1507 2548 34 22 for
1565 2554 13 15 a
1602 2543 153 25 considerable
1780 2542 54 22 time
1858 2546 50 25 past

1319 2583 107 29 hardly.*
1437 2581 73 24 vessel
1524 2581 40 22 has
1573 2578 40 24 left
1625 2577 91 31 Sydney
1729 2576 34 23 for
1772 2574 136 31 Valparaiso

1322 2616 94 24 without
1427 2614 80 31 taking
1520 2620 63 16 some
1595 2612 25 23 of
1629 2612 37 22 the
1675 2609 103 30 working
1790 2608 85 23 classes
1885 2615 23 14 as

1317 2656 148 26 .passengers.
1503 2647 51 23 The
1573 2645 114 29 following
1706 2640 134 33 paragraph,
1854 2641 56 22 from

1317 2673 50 33 'the'
1373 2681 89 31 Sydney
1476 2678 97 25 Herald
1585 2678 23 23 of
1620 2678 100 23 October
1733 2677 38 26 24,
1785 2682 52 22 may
1847 2681 65 16 serve

1324 2725 41 16 our
1378 2715 87 25 readers
1480 2722 24 15 as
1517 2722 12 14 a
1541 2711 103 33 guide.in
1658 2710 130 29 estimating
1807 2703 38 28 the
1858 2715 52 23 pro-

1325 2749 66 24 bable
1403 2753 57 18 state
1474 2748 24 23 of
1509 2747 38 23 the
1559 2743 184 26 labour-market
1754 2743 22 22 in
1789 2741 49 23 that
1847 2741 64 30 pktce

1326 2792 13 15 a
1351 2784 45 23 few.,
1406 2779 181 28 m'onths.hencti,
1599 2778 20 24 if
1623 2776 84 24 -indeed
1721 2777 17 21 it
1750 2776 17 22 is
1776 2780 40 17 not
1824 2773 89 31 already

1326 2816 98 33 glutted.
1547 2830 4 3 •
1590 2835 6 6 ,

1319 2872 17 6 ..
1440 2858 94 20 Frtmcir
1546 2855 44 23 wilt
1609 2854 64 22 leave
1738 2849 132 28 Valparaiso
1885 2850 32 19 via

1328 2885 55 25 Ne.w
1390 2884 106 23 .Zealand
1504 2884 22 23 in
1533 2891 18 14 -a
1560 2883 43 27 day
1614 2889 25 14 or
1650 2884 42 17 two
1698 2887 6 19 ;
1715 2878 40 22 she
1766 2877 44 22 will
1820 2877 58 22 have
1888 2884 27 13 on

1328 2911 70 23 board
1408 2912 68 22 about
1486 2911 74 28 eighty
1571 2908 139 26 immigrants
1722 2906 49 26 \yho
1780 2906 57 19 have
1849 2906 67 19 taken

1328 2944 105 23 passage*
1440 2939 34 21 for
1484 2939 40 21 the

1365 2969 171 35 Employment'
1547 2971 44 28 for.
1600 2968 130 25 mechanics
1749 2970 23 19 at
1782 2961 137 34 Valparauo

1333 3005 65 25 musY
1405 3007 27 23 be
1445 3014 53 22 very
1511 3003 102 30 limited,,
1709 3000 117 23 labourers
1838 2998 18 25 it
1865 2995 53 34 'pre-

1333 3045 63 18 sents
1466 3043 69 19 worst
1557 3035 99 33 possible
1668 3033 53 25 field
1734 3033 34 23 for
1785 3032 134 31 enterprise.

1334 3072 52 27 The.
1397 3073 42 23 low
1456 3073 63 32 price
1532 3071 25 32 of
1574 3069 53 24 food
1639 3067 73 24 would
1724 3066 28 24 be
1764 3065 25 24 of
1806 3073 29 16 no
1847 3072 41 16 use
1901 3068 21 19 to

1417 3114 25 15 as
1462 3106 19 23 it
1500 3103 20 25 ii
1536 3102 76 26 raised
1631 3102 30 30 by
1684 3100 40 29 the.
1736 3098 98 30 .natives'
1842 3098 25 23 of
1886 3096 37 24 the

1336 3145 94 26 country
1442 3144 23 19 at
1475 3147 14 15 a
1501 3142 48 20 rate
1559 3136 26 24 of
1593 3143 75 23 wages
1677 3133 73 24 Which
1760 3131 74 24 would
1844 3131 31 23 be
1886 3131 36 23 in-

1333 3172 112 28 adequate
1456 3172 37 24 for
1512 3171 39 24 the
1562 3172 94 28 support
1668 3167 25 24 of
1711 3174 28 16 an
1761 3164 162 31 Englishman.

1335 3204 58 26 And
1403 3206 53 24 here
1468 3213 34 15 we
1514 3203 74 25 Would
1600 3200 87 26 remind
1699 3200 65 24 those
1775 3199 52 22 who
1839 3204 40 17 are
1890 3197 34 25 af-

1338 3239 76 24 flicted
1425 3239 54 24 with
1491 3239 38 23 the
1541 3235 136 33 Valparaiso
1689 3233 77 24 mania
1781 3232 51 24 that
1843 3232 20 22 it
1873 3230 54 24 does

1339 3277 40 19 not
1392 3272 82 29 follow,
1491 3272 98 23 because
1596 3268 127 33 provisions
1731 3273 37 16 are
1775 3265 72 32 cheap
1857 3264 70 30 there,

1326 3307 1 22 i
1340 3305 39 25 the
1395 3303 122 33 labouring
1535 3305 86 22 classes
1640 3308 39 16 are
1698 3300 35 24 far
1752 3298 107 25 removed
1870 3297 58 25 from

1341 3340 136 24 starvation..
1511 3338 29 24 In
1553 3335 100 28 Ireland,
1665 3334 75 24 where
1753 3332 30 25 all
1800 3331 38 24 the
1850 3338 79 17 neces-

1343 3373 70 24 saries
1425 3373 26 23 of
1458 3373 41 23 life
1508 3379 39 16 are
1559 3370 78 30 cheap,
1651 3367 43 25 and
1707 3367 73 23 where
1792 3365 56 30 they
1858 3364 73 31 might

1343 3406 28 24 be
1383 3414 76 24 grown
1468 3407 26 23 in
1506 3400 51 28 still
1561 3407 89 28 greater
1657 3400 141 27 abundance,
1807 3397 124 25 thousands

1345 3440 106 31 annually
1463 3439 38 24 die
1512 3438 58 24 from
1583 3440 67 19 want.
1687 3433 44 25 We
1748 3432 113 25 therefore
1873 3437 59 19 warn

1345 3473 66 25 those
1421 3471 138 26 individuals
1571 3470 26 24 of
1605 3469 39 24 the
1655 3466 112 32 suffering
1777 3465 55 32 they
1840 3465 48 24 will
1898 3465 35 24 in-

1346 3506 98 32 evitably
1453 3506 71 30 bring
1541 3511 68 25 upon-
1621 3500 137 26 themselves
1775 3499 45 25 and
1838 3498 97 25 families

1347 3541 21 24 if
1377 3541 53 30 they
1439 3540 28 24 do
1482 3542 42 21 riot
1534 3536 73 24 check
1620 3534 57 25 their
1686 3534 81 31 roving
1774 3532 160 33 propensities.

1348 3574 47 24 Let
1412 3573 62 24 them
1493 3580 31 15 no
1540 3571 80 30 longer
1638 3567 60 25 trifle
1715 3574 62 24 away
1795 3566 59 24 their
1872 3571 64 25 spare

1349 3607 70 24 hours
1439 3606 43 24 and
1502 3606 56 29 days
1570 3611 29 16 on
1620 3601 84 32 garden
1723 3600 130 24 enclosures
1871 3598 67 23 about

1350 3640 39 24 the
1400 3644 66 24 tbwn,
1466 3643 4 12 :
1477 3640 43 23 but
1531 3642 39 26 get
1589 3635 112 31 earnestly
1714 3639 23 19 to
1750 3632 61 24 work
1830 3632 59 23 after
1901 3630 37 23 the

1352 3673 101 32 example
1465 3680 28 17 so
1504 3671 69 31 nobly
1586 3674 35 20 set
1639 3668 61 24 them
1712 3667 31 31 by
1754 3673 68 23 many
1837 3665 26 23 of
1882 3663 56 24 their

1352 3707 72 24 fellow
1435 3708 5 14 :
1442 3706 127 24 lahourers.
1590 3712 3 3 •
1606 3702 26 25 If
1648 3701 53 32 they
1714 3699 73 24 would
1806 3705 63 23 reap,
1889 3695 51 31 they

1353 3745 63 19 must
1426 3740 52 24 first
1489 3745 56 17 sow.
1584 3758 3 4 .
1607 3738 4 5 '
1861 3745 3 12 i

1388 3778 42 23 We
1442 3778 61 23 close
1524 3775 68 24 these'
1607 3773 105 25 remarks
1733 3770 54 24 with
1806 3776 29 16 an
1854 3769 89 21 extract

1355 3812 58 23 from
1425 3819 14 15 a
1449 3818 49 16 new
1510 3808 64 24 work
1588 3807 32 31 by
1631 3806 103 24 Thomas
1742 3801 108 31 'Carlyle,'
1863 3798 80 29 which,

1355 3845 91 30 uniting
1461 3844 40 23 the
1519 3839 113 26 heautiful
1652 3838 56 24 with
1727 3833 39 27 the
1786 3840 58 22 true,
1863 3832 80 30 might,

1356 3878 59 23 from
1436 3878 37 25 its,
1489 3874 104 33 singular
1622 3869 161 35 applicability,
1806 3867 61 23 have
1889 3865 55 24 been

1355 3912 92 22 -written
1456 3910 43 23 for;
1505 3909 39 23 the
1554 3907 106 24 occasion
1671 3913 42 15 :rr-
1723 3905 23 31 J;
1759 3904 36 34 '}>

1386 3948 15 14 «
1411 3949 14 22 l
1433 3951 36 20 ain
1479 3945 36 24 f6r
1530 3945 149 29 frermahence
1694 3941 33 22 in-
1736 3934 32 32 '&
1781 3934 166 46 ™ton£*tilxe

1360 3975 88 23 earliest
1456 3974 97 28 possible
1562 3973 115 24 moment,*
1682 3966 46 24 and
1741 3970 23 18 to
1773 3966 37 21 the
1820 3966 127 24 lateSfpos-

772 3753 46 23 We
828 3760 57 24 copy
905 3752 38 24 tlie
959 3750 117 30 following
1094 3746 100 25 sensible
1205 3743 79 29 artfde
1296 3748 30 16 on

740 3787 46 24 this
797 3787 124 30 important
931 3784 90 32 subject
1031 3783 58 24 from
1110 3780 38 24 the
1169 3774 85 28 hetson
1274 3774 52 25 Ex-

741 3819 88 25 aminer
847 3818 26 24 of
890 3818 37 23 the
951 3817 70 25 18th.
1026 3816 26 24 of
1065 3813 182 26 November:—

800 3852 49 23 Not
867 3851 55 31 long
941 3851 62 23 since
1019 3857 33 16 we
1063 3847 66 25 made
1149 3852 63 17 some
1225 3842 103 25 remarks

742 3893 61 24 upon
816 3884 38 24 the
865 3884 172 30 re-emigration
1049 3882 48 25 o£a
1113 3880 65 30 large
1197 3875 94 26 number
1306 3873 24 23 of

744 3919 38 24 the
805 3917 104 30 working
932 3917 86 23 classes
1040 3915 24 23 of
1084 3914 46 24 this
1153 3910 130 25 settlement
1298 3911 31 20 -to

745 3951 93 32 Sydney
845 3950 45 23 and
899 3944 153 29 Lanncestoni
1088 3947 72 31 Upon
1168 3945 48 24 that
1226 3940 104 27 occasion

746 3986 39 23 the
807 3983 111 25 schooner
940 3981 57 25 Sir..
1002 3981 63 24 John
1085 3976 114 27 Franklin
1217 3973 113 32 conveyed

537 86 100 44 Wty
661 81 119 38 mto
807 69 425 50 ZttrtaflTlfc*?****
1256 69 92 38 ana
1372 62 302 47 Wgeißtttgtott
1701 60 249 45 spectator.

649 171 51 22 for?
710 177 25 15 as
744 169 38 22 the
792 156 245 33 sctioonerlms'*unaef
1044 160 80 28 weigh:
1153 159 12 21 I
1178 158 56 21 wetot

652 205 30 14 on
702 196 58 22 deck
778 194 46 23 and
839 191 79 25 found,
924 191 39 22 the
969 186 170 41 ivessdußJier
1157 184 75 27 weigh,

652 220 147 26 commanded
816 220 29 26 by
863 218 97 28 Captain-
978 215 74 23 Ellis..
1063 230 4 4 •
1077 213 48 23 Mr.
1145 211 91 23 Horton-

652 250 46 22 and
706 249 39 22 the
755 247 83 23 second
848 248 60 19 mate
916 243 127 22 Wilkinson
1054 239 110 29 appeared
1176 238 59 21 to-be

653 276 85 22 officers
746 274 73 23 under
827 272 55 23 him.
915 271 49 22 The
978 275 57 16 crew
1049 266 91 25 seemed
1153 265 84 25 mUtag

654 307 23 17 to
688 302 58 28 obey
755 301 69 25 them,
842 298 43 23 and
898 297 12 22 I
926 303 47 16 was
983 294 87 27 obliged
1078 292 95 23 to^rork
1183 290 53 22 also.

655 329 74 22 When
745 335 34 14 we
794 324 87 24 arrived
900 326 24 19 at
938 323 39 21 the
1002 321 130 22 South-east
1153 319 84 26 Island,

655 354 73 24 which
743 354 19 22 is
777 353 70 22 about
860 351 27 22 75
901 349 65 22 miles
981 345 209 27 fromWangaroa,
1207 349 30 15 we

656 389 57 14 were
723 384 51 19 sent
783 386 29 15 on
825 378 64 21 shore
899 377 70 24 there,
982 374 45 22 Mr.-
1037 373 123 25 Swamson,
1174 371 64 21 Chiei

657 412 65 22 mate,
741 406 44 22 Mr.
802 402 114 27 Anketell,
933 400 85 29 myself,
1037 399 45 26 And
1096 399 64 21 three
1176 397 62 25 boys.

658 434 108 22 Williams
783 439 44 14 was
906 429 25 21 in
951 429 81 25 charge
1042 427 27 21 of
1080 425 38 23 the
1127 425 52 21 boat
1188 425 51 20 with

657 464 43 19 two
710 458 81 24 loaded
800 457 108 26 muskets,
918 455 42 22 but
967 451 154 27 immediately
1136 451 38 21 the
1188 451 52 20 boat

658 486 83 23 landed
751 486 28 21 he
788 492 41 15 ran
840 484 48 21 into
898 483 38 21 the
945 480 66 24 bush.
1051 478 11 23 I
1078 478 46 22 had
1141 479 38 19 not
1189 481 50 16 seen

659 514 44 22 Mr.
725 513 75 22 Green
819 511 77 22 before
912 516 33 14 we
960 505 89 27 landed,
1061 507 61 20 since
1145 511 32 14 we
1200 505 40 18 left

659 539 121 27 Waitangi,
798 538 42 21 but
854 537 12 21 I
881 535 72 23 found
967 534 30 22 he
1014 539 44 16 was
1068 532 117 24 wounded,
1196 532 46 19 said

659 570 23 19 to
689 567 27 21 be
725 566 32 25 by
767 564 94 27 Captain
871 562 64 26 Ellis,
946 568 30 14 on
986 560 38 22 the
1035 558 63 27 night
1107 558 26 21 of
1145 558 38 19 the
1195 558 47 24 ship

660 594 66 25 being
749 592 77 21 taken.
861 590 12 22 I
887 588 71 22 heard
965 587 40 22 the
1015 585 65 23 Chief
1092 587 58 19 mate
1160 584 82 21 Swain-

661 627 40 14 son
710 620 149 21 remonstrate
870 615 52 23 with
931 614 93 27 Captain
1033 612 54 22 Ellis
1096 609 66 24 while
1167 610 77 24 taking

662 646 38 22 the
716 646 57 25 ship,
791 645 40 21 but
846 642 94 27 Captain
958 640 55 22 Ellis
1032 639 43 21 and
1091 638 45 22 Mr.
1159 637 84 21 Hortou

663 673 52 26 only
724 671 99 28 laughed
838 673 23 19 at
876 669 55 23 him.
971 667 10 22 I
997 665 38 23 did
1050 667 39 20 not
1103 664 54 21 hear
1173 664 71 20 where

663 699 52 28 they
723 705 56 16 were
788 697 73 28 going,
873 703 25 15 or
908 695 59 22 what
977 693 51 27 they
1039 699 55 15 were
1105 697 69 21 going
1185 693 21 17 to
1216 690 28 19 do

663 726 53 21 with
727 725 38 22 the
776 724 77 25 vessel,
865 730 24 14 as
895 723 18 21 it
922 728 45 15 was
978 720 54 26 kept
1040 726 14 14 a
1063 720 78 20 secret.
1171 716 21 21 A
1205 716 39 21 few

664 752 55 26 days
736 752 75 21 before
828 750 37 23 the
882 747 70 23 vessel
967 745 70 23 sailed
1052 746 56 20 from
1127 744 117 22 Waitangi,

665 779 94 26 Captain
769 777 49 23 Bell
828 779 60 19 went
904 782 28 14 on
948 773 64 21 shore
1027 775 23 18 to
1065 770 62 22 trade
1143 772 50 19 with
1211 770 35 19 the

665 806 93 25 natives,
774 803 91 26 leaving
880 801 37 22 the
932 798 71 26 vessel
1016 799 26 21 -in
1064 797 82 26 charge
1166 796 26 21 of
1211 796 36 19 the

665 832 63 22 chief
738 835 67 18 mate.
845 829 65 22 After
925 827 69 25 being
1004 831 35 15 six
1054 824 53 31 days
1118 827 23 17 at
1150 822 37 22 the
1198 822 48 21 S.E.

666 859 85 24 Island,
772 865 32 14 we
825 853 104 25 returned
947 856 22 18 to
985 851 111 25 Waitangi
1111 850 138 21 in-a-wnale

667 886 58 25 boat,
738 884 73 22 where
822 890 31 13 wo
864 884 46 19 met
920 878 92 28 Captain
1030 877 56 22 Bell.
1124 875 132 22 There-are-

666 919 28 14 no
706 911 74 22 marks
790 914 22 17 to
823 906 133 27 distinguish
974 911 44 19 any
1035 904 24 21 of
1078 904 38 20 the
1132 909 65 18 crew,
1213 907 38 14 ex-

668 942 50 23 cept
727 937 38 22 the
776 935 82 23 second
870 937 58 18 mate
939 930 133 26 Wilkinson,
1091 929 53 23 who,
1155 935 20 14 is
1190 929 62 20 blind

668 965 24 21 of
704 964 38 22 the
752 963 41 22 left
802 969 47 20 eye.

753 993 101 28 (Signed)
948 991 143 21 Alexander
1103 987 123 21 M'Cluke.
1246 995 3 6 •

940 1024 34 11 -♦

671 1050 328 30 CORRESPONDENCE
1039 1048 44 24 OF
1125 1043 129 27 INDIVI-

704 1087 117 26 DUALS
837 1084 94 25 WITH
950 1082 73 24 THE
1045 1078 176 26 COLONIAL

898 1115 135 26 OFFICE.

2435 138 12 16 a
