2609 4069
89 2959 80 29 [From
179 2961 38 21 the
227 2962 83 21 Robart
318 2963 63 20 Town
387 2965 129 26 Advertiser,
526 2966 97 22 October
627 2966 48 28 3L7.J

122 2994 51 23 The
185 2994 58 25 New
253 2996 102 23 Zealand
365 2993 118 36 Company
491 2998 66 24 claim
567 3001 109 26 500,000

88 3034 64 16 acres
165 3027 25 23 of
204 3027 60 30 land,
278 3029 73 23 which
374 3030 52 31 they
439 3031 54 31 pick
515 3036 38 19 out
566 3032 54 24 here
632 3034 44 23 and

87 3059 73 30 there,
174 3069 25 15 as
214 3069 51 23 may
284 3063 47 22 suit
350 3062 60 24 them
413 3076 31 3 —
447 3069 106 26 amongst
571 3066 38 23 the
629 3072 47 18 rest

139 3093 73 32 valley
225 3095 25 23 of
265 3095 38 23 the
318 3096 92 24 Wairau
428 3097 89 25 formed
538 3106 14 15 a
562 3098 113 26 desirable

86 3127 66 32 place
162 3127 36 24 for
209 3128 137 25 settlement.
380 3130 45 27 We,
439 3136 84 19 cannot
537 3131 50 25 find
597 3126 50 37 Ithejt
658 3134 18 24 it

87 3168 47 16 was
146 3168 52 16 ever
211 3161 67 24 ceded
292 3167 22 18 to
327 3162 62 24 them
410 3169 23 18 at
449 3165 65 22 all—
515 3158 111 36 ce,rtainiy
637 3167 39 27 the

85 3200 126 26 occupants
223 3196 25 23 of
265 3195 37 24 the
312 3196 61 28 land,
386 3205 13 14 a
411 3198 111 29 powerful
533 3191 59 38 trijig
602 3200 74 25 under

83 3227 150 32 Itauparaha,
247 3229 105 31 disputed
373 3229 58 24 their
452 3231 50 24 title
503 3244 33 5 —
536 3232 43 24 but
592 3234 84 30 agreed

86 3267 24 17 to
123 3261 58 24 refer
202 3262 18 23 it
237 3268 21 17 to
280 3262 48 24 Mr.
343 3263 80 30 Spain,
437 3264 37 24 the
495 3267 180 29 commissioner,

86 3295 51 23 who
150 3302 45 16 was
208 3299 21 19 to
243 3303 63 16 come
319 3302 22 18 to
353 3296 39 23 the
411 3302 50 26 spot
482 3306 30 15 on
531 3299 37 23 the
582 3300 57 24 19th
652 3301 24 23 of

85 3328 70 24 June.
179 3328 58 23 This
249 3334 131 25 agreement
392 3337 54 22 was,
458 3338 43 16 one
515 3332 73 24 would
600 3333 74 30 think,

79 3361 103 32 -binding
194 3369 29 16 on
234 3361 32 25 all
283 3363 93 30 parties.
413 3363 24 24 It
446 3384 5 3 .
458 3364 21 23 is
498 3365 95 24 insisted
606 3375 29 15 on
648 3375 25 16 as

84 3403 40 14 an.
128 3395 146 31 aggravation
288 3395 25 23 of
327 3395 39 24 the
387 3397 86 23 offence
495 3398 26 22 of
536 3398 139 32 Rauparaha

83 3428 53 24 that
143 3428 33 24 lie
186 3427 39 24 did
237 3433 40 22 not
287 3429 61 24 wait.
372 3430 48 26 But
432 3431 60 26 what
503 3439 38 16 are
553 3431 39 24 the
604 3433 70 26 facts?

85 3461 86 26 Before
183 3460 38 25 the
239 3464 36 21 Ist
294 3462 26 23 of
334 3462 59 25 June
413 3464 38 24 the
473 3473 130 23 surveyors,
615 3473 60 18 went

81 3494 79 30 .down,
173 3495 88 23 erected
273 3504 14 14 a
298 3495 48 30 hut,
360 3502 35 18 set
414 3502 23 19 to
458 3498 65 23 work
543 3499 54 24 with
615 3500 60 24 their

85 3534 169 17 measurement
254 3541 33 4 —
289 3530 23 22 in
325 3537 79 17 course
413 3531 25 23 of
447 3531 75 25 which
533 3532 54 31 they
595 3534 79 31 placed

85 3569 15 15 a
111 3560 96 25 number
219 3561 27 23 of
254 3562 71 31 poles.
351 3563 58 24 This
419 3565 37 24 the
463 3566 89 24 natives
560 3567 114 31 supposed

84 3602 52 17 was-
145 3594 80 32 taking
245 3597 129 35 possession
392 3598 26 23 of
432 3598 38 24 the
491 3599 64 24 land-
564 3598 110 35 (perhaps

79 3628 60 31 .they
152 3628 45 23 had
208 3628 57 28 h,een
277 3629 47 23 told
336 3638 25 21 §o
374 3639 30 21 pn
414 3640 14 21 $
438 3631 86 26 former
534 3634 127 23 occasion—
661 3647 13 12 r

86 3662 35 23 for
134 3662 18 23 it
164 3662 19 23 is
195 3669 53 23 very,
261 3662 91 24 evident
364 3663 50 25 that
432 3665 54 31 they
499 3666 58 24 have
569 3668 24 22 in
604 3675 69 24 many

84 3697 116 28 inasa.n,ce.s
212 3697 57 23 been
274 3697 95 28 .treated
383 3697 47 29 lifce
449 3699 67 29 fools,
529 3701 97 28 because
636 3702 37 31 ig-

81 3727 118 34 .BfflEW*?).
225 3728 21 31 T
246 3728 14 23 h
263 3737 28 23 «y
303 3732 172 29 remonstrated,
483 3733 60 32 .they
554 3725 67 33 were*
634 3740 40 18 not

77 3762 115 27 .attended
279 3762 66 31 They
366 3763 76 32 pulled
461 3765 65 25 down
544 3767 129 32 the.pqles,

83 3796 111 32 t^m^yed,
202 3795 134 32 everything
346 3796 70 29 from.,
423 3797 38 25 the
482 3798 49 31 hut,
543 3801 44 24 and
604 3801 70 25 burnt

83 3831 27 23 it.
148 3830 25 24 It
183 3829 76 32 bejng,
272 3829 87 32 though
372 3830 108 32 dignified
491 3833 55 26 with
557 3834 38 24 the
606 3843 67 19 name

84 3864 27 23 of
125 3871 14 16 a
149 3863 79 30 house,
240 3871 14 16 a
266 3871 61 16 mere
340 3863 94 25 bulrush
447 3866 98 23 erection
555 3876 7 19 ;
576 3868 30 26 all
618 3869 54 30 this,

84 3897 66 24 there
161 3898 20 23 is
193 3905 30 16 no
244 3897 78 30 doubt,
334 3897 54 23 with
410 3897 38 24 the
468 3901 172 26 remembrance,
650 3904 25 24 qf

74 3929 149 33 .IjheTegults
241 3931 26 24 of
282 3930 40 28 the
343 3938 129 25 occupancy
484 3932 26 25 of
526 3932 34 26 Te
580 3934 49 28 Ar,o
648 3937 24 22 in

275 3964 99 32 $*.#,.
375 3964 39 31 fte
432 3964 44 29 l&W
496 3972 50 22 was,
555 3966 118 34 decidedly

744 1959 114 23 Locusts
877 1966 33 16 at
922 1967 51 16 the
992 1960 71 24 Cape
1077 1969 30 15 of
1121 1962 73 23 Good
1212 1963 86 24 Hope-

709 1992 105 23 —From
828 1992 29 23 all
877 1998 63 25 parts
953 1994 24 23 of
987 1993 38 24 the
1037 1994 89 31 colony,
1140 2003 52 16 over
1204 2004 14 15 a
1234 2005 53 22 spac
1289 2001 10 15 e

710 2025 25 23 of
750 2032 64 17 more
835 2025 54 24 than
908 2035 13 15 a
940 2026 103 24 hundred
1056 2028 113 24 thousand
1180 2030 74 29 miles,
1268 2039 31 14 we

708 2058 56 24 hear
776 2058 26 25 of
811 2058 38 23 the
861 2067 140 23 appearance
1015 2062 26 22 of
1050 2061 39 23 the
1100 2062 93 28 locusts,
1203 2063 24 23 in
1237 2072 62 16 some

708 2092 78 31 places
799 2091 129 33 darkening
948 2092 37 24 the
998 2095 34 22 air
1053 2095 64 22 when
1129 2103 28 16 ou
1176 2096 39 23 the
1227 2097 71 31 wing,

708 2133 26 16 or
747 2126 64 23 when
824 2130 23 18 at
867 2126 51 23 feed
937 2128 107 29 covering
1065 2128 36 23 the
1121 2129 87 23 surface
1220 2131 26 22 of
1262 2130 37 24 the

708 2157 99 32 ground,
828 2166 24 15 as
874 2159 54 23 bees
948 2160 63 23 when
1033 2163 122 30 swarming
1175 2170 66 16 cover
1262 2164 37 23 the

708 2192 76 31 single
803 2192 83 23 branch
907 2193 26 23 of
949 2201 13 15 a
974 2199 46 18 tree
1039 2202 24 15 or
1076 2196 78 23 shrub.
1192 2196 61 24 How
1263 2197 36 24 far

708 2227 53 29 they
774 2229 23 19 at
809 2225 37 23 the
861 2227 53 22 time
937 2227 82 23 extend
1040 2229 47 22 into
1099 2229 37 23 the
1154 2230 92 23 interior
1257 2230 40 24 be-

707 2259 61 30 yond
780 2258 39 23 the
830 2259 89 31 colony,
933 2267 32 16 we
982 2260 57 24 have
1053 2267 38 17 not
1108 2262 76 24 heard.
1222 2264 75 24 These

707 2293 87 23 insects
817 2300 37 16 art
879 2298 23 18 at
924 2293 45 24 this
987 2300 102 18 moment
1108 2296 72 32 flying
1198 2298 23 23 in
1242 2305 54 16 con-

707 2324 113 25 siderable
843 2326 107 24 numbers
971 2335 53 16 over
1042 2328 63 32 Cape
1122 2330 80 29 Town,
1214 2330 82 31 where,

708 2367 32 15 we
753 2367 38 17 are
805 2359 53 29 told,
874 2359 52 32 they
935 2360 58 24 have
1006 2366 39 18 not
1055 2361 57 24 been
1126 2371 50 16 seen
1189 2364 34 23 for
1233 2364 63 25 these

707 2392 45 24 last
764 2393 78 30 ninety
854 2401 74 23 years.
964 2394 33 23 At
1011 2395 44 23 this
1069 2396 41 23 end
1124 2397 24 22 of
1158 2397 37 23 the
1208 2398 87 31 colony,

707 2434 41 16 our
760 2434 74 23 crops,
847 2426 83 31 chiefly
941 2427 25 23 of
983 2427 73 24 wheat
1071 2430 45 22 and
1137 2431 64 22 other
1221 2432 74 30 grain,

707 2460 44 23 and
763 2467 79 16 secure
854 2460 35 23 for
901 2460 46 23 this
960 2468 79 16 season
1060 2464 89 29 against
1170 2464 45 23 this
1229 2467 64 22 terri-

707 2492 36 24 ble
756 2493 125 30 destroyer.
917 2493 125 25 Whatever
1063 2503 65 24 crops
1145 2497 24 22 of
1187 2498 72 24 maize
1271 2507 25 16 or

706 2531 105 27 potatoes
829 2526 58 24 have
905 2532 24 18 at
947 2532 92 26 present
1058 2537 69 22 green
1147 2530 83 30 leaves,
1249 2532 46 24 will

707 2560 70 24 suffer
789 2567 25 15 or
832 2560 99 31 perhaps
949 2561 97 31 entirely
1056 2563 86 30 perish.
1178 2564 44 23 We
1238 2565 57 25 have

706 2593 57 24 been
774 2593 114 24 informed
900 2594 49 23 that
966 2595 89 23 several
1074 2603 62 16 acres
1150 2598 25 22 of
1192 2603 103 26 potatoes

707 2634 29 16 on
750 2627 96 30 Captain
862 2627 135 24 Stamford's
1006 2633 80 25 estate,
1095 2630 23 22 of
1127 2630 84 24 Kleine
1224 2631 71 25 River

707 2667 55 16 near
781 2660 110 29 Caledou,
909 2660 57 24 have
986 2661 93 32 already
1090 2662 55 24 been
1166 2664 127 31 destroyed.

707 2693 51 24 The
770 2694 97 23 number
879 2695 25 23 of
918 2694 63 24 these
1001 2700 115 19 creatures
1128 2696 69 25 defies
1209 2698 85 25 human

707 2727 104 32 thought.
849 2727 67 31 They
933 2735 74 22 cover,
1020 2734 23 17 at
1065 2729 44 23 this
1131 2737 106 23 moment,
1256 2732 38 24 the

707 2761 116 23 Southern
835 2761 42 23 cml
891 2761 24 23 of
925 2761 167 24 thiscontineut
1102 2763 56 23 from
1168 2772 39 16 sea
1218 2771 21 17 to
1247 2773 46 23 sea,

706 2794 44 23 and
764 2799 23 18 to
799 2801 14 16 a
830 2794 68 30 depth
921 2795 24 22 of
962 2796 109 29 probably
1084 2803 39 16 not
1143 2797 44 23 less
1209 2799 54 24 than
1281 2808 14 16 a

706 2826 114 24 thousand
831 2827 74 24 miles.
941 2828 54 23 And
1009 2829 85 23 vessels
1107 2836 22 17 at
1141 2839 13 14 a
1164 2833 129 24 considera-

705 2860 36 23 ble
754 2860 102 23 distance
868 2861 57 23 from
936 2860 37 25 the
985 2867 70 23 coast,
1068 2863 47 23 find
1128 2864 60 24 them
1199 2865 96 33 floating

706 2893 24 23 in
748 2893 99 32 myriads
861 2901 27 15 on
910 2894 38 23 the
961 2900 74 18 water.
1072 2895 35 24 As
1127 2896 62 25 these
1209 2899 86 25 insects

706 2934 39 16 are
757 2928 25 22 of
799 2927 156 24 considerable
975 2928 55 29 size,
1053 2930 138 30 cultivation,
1206 2932 28 31 by
1246 2933 47 25 dis-

706 2959 95 30 turbing
819 2960 44 22 and
875 2960 110 32 crushing
1002 2962 58 24 their
1079 2968 61 19 nests
1161 2973 24 15 or
1197 2967 95 30 ovaries,

705 2993 74 24 which
788 3000 42 15 are
843 2994 86 23 formed
949 2995 24 22 in
995 2995 37 24 the
1044 2996 57 24 sand
1114 3005 24 15 or
1159 2999 73 30 earth,
1244 3001 25 23 in
1280 3009 14 15 a

705 3033 67 24 space
784 3026 25 23 of
827 3027 54 23 time
893 3027 100 25 subdues
1004 3029 71 24 them.
1113 3031 46 24 But
1176 3033 82 32 placed
1270 3039 23 18 at

705 3059 38 24 the
755 3060 122 31 extremity
890 3061 25 23 of
932 3061 55 24 such
1006 3070 14 15 a
1031 3064 117 23 continent
1165 3073 25 15 as
1202 3066 89 31 Africa,

704 3092 46 24 this
762 3092 89 33 colony,
865 3101 31 16 we
913 3095 56 29 fear,
983 3095 44 24 will
1048 3097 82 31 always
1148 3098 28 23 be
1193 3101 100 30 exposed

703 3130 23 19 to
738 3126 129 25 occasional
878 3128 65 24 visits
955 3128 58 25 from
1033 3130 64 24 those
1108 3131 54 24 bred
1175 3133 44 24 and
1235 3134 56 24 born

703 3160 24 23 in
738 3160 39 24 the
788 3160 103 25 interior.

717 3218 5 5 x
736 3200 78 26 While
832 3209 63 17 some
914 3203 118 24 workmen
1050 3212 58 17 were
1129 3206 120 32 employed
1267 3210 24 23 in

703 3233 69 33 Bong
780 3234 101 32 Quarry,
889 3243 56 17 near
952 3237 137 30 Stevenson,
1099 3239 120 31 Ayrshire,
1229 3242 60 32 they,

703 3275 29 15 on
745 3267 113 33 breaking
868 3276 30 24 up
910 3278 14 15 a
935 3270 64 31 piece
1012 3271 25 24 of
1048 3271 63 30 rock,
1124 3273 68 24 found
1206 3283 29 16 an
1248 3283 42 17 an-

703 3300 124 30 tediluvian
841 3302 52 25 toad
905 3304 123 24 embedded
1041 3306 24 22 in
1077 3305 38 24 the
1135 3314 69 20 ma,ss.
1251 3309 39 25 On

702 3333 71 34 being
785 3335 102 24 released
908 3336 58 24 from
984 3338 31 23 its
1033 3339 162 31 prison-house
1213 3342 21 23 it
1253 3342 38 32 lay

703 3367 132 25 motionless
846 3368 36 24 for
893 3370 88 24 several
992 3372 107 29 minutes,
1108 3373 40 23 but
1162 3377 128 30 eventually

702 3400 93 25 became
818 3403 122 30 animated,
962 3404 45 24 and
1028 3410 24 19 at
1074 3412 92 25 present
1188 3408 22 25 is
1227 3410 62 30 quite

701 3433 77 32 lively.
815 3434 24 25 It
850 3436 22 23 is
881 3443 56 25 very
948 3437 70 32 large,
1024 3439 48 23 and
1081 3441 123 25 somewhat
1211 3441 78 26 differ-

703 3472 39 19 ent
752 3469 26 23 in
790 3475 142 27 appearance
943 3470 59 25 from
1016 3472 38 23 the
1066 3480 104 19 common
1182 3475 60 25 toad.

729 3505 42 23 We
783 3506 44 22 will
840 3506 56 23 back
912 3508 38 22 the
961 3509 52 23 Due
1024 3510 120 24 d'Aumale
1153 3513 88 26 against
1251 3515 38 24 the

701 3537 60 27 field,
772 3544 25 16 as
806 3537 39 23 the
854 3539 75 23 future
938 3540 104 24 husband
1051 3542 29 23 of
1088 3543 38 22 the
1135 3543 57 23 little
1200 3545 86 29 Queen,

702 3571 139 28 —provided
857 3572 84 29 alwaya
957 3575 49 22 that
1025 3576 68 22 Lord.
1101 3577 119 27 Aberdeen
1236 3588 53 17 con-

703 3604 61 22 tinue
774 3603 77 23 where
860 3604 29 23 he
899 3605 26 23 is.
955 3607 68 28 Spain
1034 3615 53 21 may
1097 3608 28 23 be
1135 3609 73 24 added
1218 3615 23 19 to
1251 3614 37 23 the

701 3636 37 23 list
748 3638 26 23 of
785 3636 75 28 things
871 3638 72 23 which
953 3640 166 24 Conservatism
1128 3642 41 22 has
1178 3646 111 23 unsettled

701 3669 125 28 —perhaps
835 3670 229 30 unintentionally,—
1065 3673 40 22 but
1114 3675 61 27 quite
1183 3684 25 15 as
1223 3678 65 23 effec-

701 3701 70 28 tually
781 3708 25 14 as
814 3701 20 22 if
839 3701 29 22 its
877 3702 101 28 hostility
987 3703 47 23 had
1042 3705 58 22 been
1110 3706 26 22 of
1141 3706 37 23 the
1188 3708 100 26 bitterest

701 3727 62 24 kind.
802 3728 47 22 The
859 3730 69 19 moral
943 3734 91 28 support
1049 3732 26 21 of
1086 3732 104 28 England
1202 3743 44 16 was
1255 3738 31 22 all

702 3755 48 22 that
769 3755 120 27 Espartero
914 3758 111 27 required,
1051 3761 23 19 to
1100 3764 129 21 counteract
1251 3764 37 23 the

701 3782 110 28 intrigues
821 3783 33 22 ,of
865 3782 92 23 France.
991 3785 184 30 Single-handed,
1192 3789 29 23 he
1231 3790 18 22 is
1259 3799 29 15 no

701 3811 76 22 match
785 3808 37 23 for
831 3809 117 26 Monsieur
957 3811 82 28 Gujzqt
1055 3813 45 22 and
1115 3814 37 22 the
1169 3816 56 25 tools
1239 3817 49 24 that

701 3835 28 24 he
738 3844 19 15 is
774 3836 98 28 working
887 3836 53 23 with
961 3838 23 22 in
999 3839 69 28 Spain
1083 3839 64 23 itself
1158 3849 24 15 as
1197 3844 52 22 well
1264 3853 24 15 as

701 3871 59 21 upon
771 3863 38 23 the
825 3864 100 28 frontier,
943 3864 80 23 where'
1036 3866 63 22 there
1115 3867 18 22 is
1148 3876 13 14 a
1176 3869 73 24 haven
1265 3873 26 22 of

700 3891 78 27 refuge
788 3890 148 34 always.open
948 3895 23 18 to
980 3892 39 22 the
1028 3893 96 27 Spanish
1131 3896 148 25 conspirators

700 3918 43 23 and
755 3926 12 14 a
777 3925 58 15 mass
846 3918 27 21 of
879 3918 144 27 disaffection,
1035 3920 68 28 ready
1110 3925 24 18 to.
1141 3923 51 22 take
1202 3925 86 24 advan-

700 3945 88 36 laW?
798 3951 12 21 $
812 3952 55 25 W
875 3946 221 31 UH&vouraMp-twi
1106 3948 26 23 in
1141 3949 36 28 the.
1189 3952 98 26 qonduct

699 3973 28 23 of
735 3977 81 27 exmvf-
832 3992 4 6 ,

2022 3918 36 16 and
2071 3918 100 20 published
2186 3923 56 17 every
2247 3928 3 4 <
2258 3920 113 21 Wednesday
2375 3928 5 3 -
2386 3918 36 17 and
2431 3915 82 19 Ssturdsy

1953 3937 91 21 morning,
2057 3939 23 19 by
2099 3939 86 18 Sakv&i.
2199 3940 91 20 Rx,vaks,
2305 3942 23 16 at
2340 3941 30 16 the
2386 3939 53 18 Office
2454 3937 20 17 of
2483 3935 28 17 tlu

1954 3958 50 17 NOT
2017 3958 99 19 ZeaIAHU
2127 3960 94 19 GAZETTE
2231 3965 43 14 ANJ>
2287 3962 133 17 WemWOTOK
2434 3959 71 22 SWfCCjfc

1952 3982 45 15 Toa.
2008 3979 158 23 Manners-street,
2176 3982 117 22 Wellington
2305 3982 42 18 Port
2356 3979 106 25 Nionoifon,
2473 3979 39 17 «•*

611 58 108 47 JS»
733 58 128 47 $*«*»
886 58 207 41 Ztai&m
1119 60 189 46 &a}ttu
1331 62 91 38 aim
1448 61 296 45 mcUmgtow
1769 61 255 45 *pcctatoi\

718 146 56 23 with
784 144 72 24 them.
893 145 66 31 They
968 153 62 17 -were
1041 146 25 23 in
1076 149 140 29 possession,
1228 148 18 23 it
1258 156 45 16 was

717 179 37 23 for
764 178 65 24 those
841 178 107 31 claiming
961 186 13 16 a
984 179 56 23 title,
1047 183 22 19 to
1086 179 38 25 the
1134 180 54 24 land
1199 185 24 19 to
1234 181 69 24 make

717 211 60 32 goqd
788 211 66 29 their,
860 211 66 23 claim
935 220 6 20 ;
951 228 4 5 ,
962 211 58 26 until
1038 211 55 26 then
1111 213 52 31 they
1174 221 60 16 were
1246 218 57 20 tres-

717 251 101 26 passers.
854 244 51 22 The
910 243 77 30 [house
1009 244 59 24 built
1088 252 29 16 on
1138 246 38 24 the
1191 245 55 25 land
1258 254 45 17 was

718 277 38 24 the
767 280 108 28 property
887 277 25 22 of
927 282 38 18 toe
978 284 87 17 owners
1084 279 26 22 of
1124 278 38 25 the
1180 278 64 25 land.
1280 280 24 24 It

718 317 46 17 was
776 317 14 16 a
801 308 69 30 'civil,
883 314 40 18 not
942 318 15 14 a
976 310 104 23 criminal
1102 312 114 29 question.
1253 313 51 24 The

717 350 129 22 surveyors,
860 343 89 23 instead
969 343 25 23 of
1009 343 93 31 waiting
1122 344 34 23 for
1176 344 38 24 the
1233 345 69 25 Com-

715 376 123 23 missioner
850 379 24 19 to
886 375 124 24 determine
1017 376 60 24 their
1084 376 86 30 claims,
1178 379 125 29 proceeded

716 416 25 16 ac
751 415 57 17 once
821 411 22 20 to
862 409 101 23 exercise
981 414 49 18 acts
1048 409 26 23 of
1089 410 126 32 ownership
1215 423 33 5 —
1249 412 53 27 thus

717 441 80 30 taking
816 441 19 23 it
856 445 39 19 out
914 441 26 24 of
961 442 35 23 his
1014 441 155 31 jurisdiction.
1205 444 24 23 A
1250 445 53 23 civil

715 475 77 23 action
803 474 24 23 in
839 473 38 24 the
889 474 112 31 Supreme
1013 473 73 25 Court
1098 483 45 16 was
1155 476 59 23 their
1216 493 5 10 ;
1226 484 74 17 reme-

715 507 39 31 dy.
791 506 48 23 But
851 506 53 32 they
914 507 117 31 preferred
1042 515 14 16 a
1068 508 103 25 different
1188 517 81 17 course
1281 512 24 22 of

714 540 172 32 proceeding—
886 540 106 24 obtained
1001 549 14 15 a
1022 545 97 20 warrant
1128 541 58 25 from
1195 550 15 15 a
1216 544 86 30 magis-

715 577 58 21 trate
774 585 33 6 —
809 580 42 16 one
863 573 25 23 of
902 573 137 24 themselves
1049 574 116 28 identified
1176 576 56 23 with
1244 576 59 28 their

714 606 116 29 interests,
842 606 46 24 and
899 611 60 19 went
980 607 53 23 with
1051 615 31 15 an
1103 607 76 25 armed
1196 609 60 31 body
1277 614 24 19 to

715 642 96 22 execute
821 639 26 24 it.
884 639 36 24 Of
930 639 44 24 this
986 640 138 31 proceeding
1135 649 32 16 we
1178 641 59 25 have
1248 642 55 32 long

714 673 64 23 since
796 672 70 31 given
884 680 14 16 a
917 672 98 24 detailed
1034 679 103 19 account.
1173 674 129 32 Forty-five

714 705 80 24 armed
805 705 154 31 Englishmen
970 706 126 30 proceeded
1117 712 23 19 to
1152 708 77 23 attack
1241 709 61 31 forty

715 738 79 24 armed
804 737 59 25 New
879 738 146 25 Zealanders.
1061 740 24 24 A
1103 748 49 23 gun
1168 741 57 24 fired
1244 742 18 23 it
1281 743 21 23 is

714 771 50 24 said
775 771 157 31 accidentally,
945 772 30 31 by
987 772 38 23 the
1045 773 100 30 English
1163 774 97 32 Drought
1272 783 30 16 on

715 813 13 15 a
739 804 75 31 volley
827 804 57 24 from
896 804 38 24 the
947 807 96 23 natives.
1081 806 48 24 The
1137 812 64 25 great
1210 808 60 31 body
1277 808 26 24 of

714 837 47 25 the.
765 837 91 24 settlers
868 837 52 30 fled,
931 839 44 23 and
987 840 101 23 attained
1099 848 14 15 a
1122 840 77 30 rising,
1203 842 97 29 ground.

715 871 51 23 The
778 870 77 24 others
867 879 58 16 were
936 874 125 29 retreating
1073 880 27 16 on
1114 873 59 24 them
1187 874 64 24 when
1263 875 39 25 the

715 906 87 22 natives
815 912 63 15 came
889 912 31 24 up
933 906 43 23 and
997 905 53 32 they
1064 907 70 23 threw
1155 907 64 24 down
1241 907 60 24 their

714 946 70 16 arms.
821 938 53 22 Just
889 938 56 24 then
964 938 38 24 the
1013 944 68 26 party
1092 948 29 15 on
1133 940 38 24 the
1182 940 47 27 hill,
1235 941 65 28 fired,

716 971 62 24 when
792 970 38 24 the
842 971 58 24 New
921 971 137 24 Zealanders
1077 973 84 25 rushed
1173 974 45 23 and
1231 974 71 23 killed

714 1013 62 15 more
790 1004 54 23 than
857 1012 13 15 a
881 1005 83 30 moiety
978 1006 25 22 of
1013 1006 59 23 their
1084 1007 128 23 assailants.
1243 1007 58 23 This

714 1045 46 16 was
780 1037 39 23 the
836 1037 52 24 first
905 1042 105 19 account.
1055 1039 26 24 It
1100 1039 41 23 has
1159 1041 63 22 since
1241 1039 59 24 been

714 1070 75 31 partly
808 1070 88 29 denied,
916 1070 43 24 but
978 1071 65 23 when
1064 1079 33 15 we
1121 1076 24 19 at
1165 1081 13 13 a
1199 1072 103 24 distance

714 1103 64 30 cooly
792 1103 104 23 consider
909 1103 46 31 the,
964 1103 58 23 facts
1042 1105 46 22 and
1106 1105 37 26 the
1156 1105 115 29 evidence,
1283 1107 19 22 it

714 1136 66 23 bears
794 1140 36 17 too
842 1136 68 23 rauth
923 1136 38 23 the
973 1143 139 23 appearance
1122 1138 25 23 of
1162 1138 70 23 truth.

748 1168 139 24 Meanwhile
910 1168 38 24 the
973 1169 139 24 Governor's
1136 1171 165 31 proclamation

714 1201 41 24 has
767 1202 58 23 been
837 1201 85 24 abused
940 1202 24 23 in
982 1202 114 32 language
1115 1204 37 25 the
1169 1209 61 19 most
1241 1205 59 23 vitu-

714 1235 109 31 perative,
841 1235 52 28 and,
907 1243 25 15 as
950 1235 19 23 it
987 1236 74 23 would
1080 1244 59 16 seem
1158 1242 22 18 to
1199 1246 36 20 us,
1247 1246 54 22 very

714 1267 106 26 uncalled
831 1267 43 24 for.
911 1268 51 23 The
974 1268 140 26 inhabitants
1126 1270 25 23 of
1159 1271 141 30 Wellington

713 1301 58 24 have
783 1300 58 24 been
853 1301 78 24 anned
933 1314 30 4 —
965 1301 107 30 batteries
1085 1303 57 23 bnilt
1143 1317 32 3 —
1176 1305 44 23 and
1234 1312 67 23 every

713 1341 104 17 measure
839 1335 36 22 for
898 1336 125 30 protection
1046 1337 86 23 carried
1155 1338 46 22 into
1225 1338 74 23 effect.

713 1368 51 23 The
777 1367 140 24 Governor's
935 1369 84 23 maxim
1039 1377 74 16 seems
1126 1375 21 18 to
1169 1371 55 23 have
1245 1371 56 24 been

707 1401 48 30 fiat
767 1399 98 32 justitia
884 1404 54 20 ruat
950 1401 98 25 Coelum.
1086 1403 38 24 He
1142 1403 37 24 did
1190 1404 61 23 what
1272 1404 28 24 he

714 1434 132 23 considered
854 1434 51 31 just
917 1434 45 26 and
974 1435 60 30 legal
1042 1444 6 19 ;
1070 1436 42 24 but
1122 1444 25 16 as
1160 1437 38 24 the
1210 1438 90 24 settlers

712 1467 31 31 by
755 1467 59 24 their
826 1475 49 16 own
888 1468 121 31 ignorance
1022 1469 26 23 of
1061 1469 51 30 law,
1125 1470 43 23 and
1184 1470 116 30 rashness,

712 1500 44 24 had
767 1500 101 31 brought
879 1509 29 15 on
920 1509 14 15 a
945 1502 103 24 collision
1060 1503 52 23 with
1131 1503 37 24 the
1178 1505 90 23 natives
1270 1517 31 4 —

712 1535 24 23 in
749 1534 74 23 which
839 1534 85 32 justice
943 1535 44 23 and
999 1536 43 23 law
1053 1544 58 16 were
1128 1537 54 24 both
1195 1545 29 16 on
1244 1538 57 23 their

712 1568 49 23 side
762 1580 33 4 —
797 1566 44 24 had
854 1568 56 23 been
929 1569 96 23 worsted
1037 1570 22 22 in
1081 1570 36 23 the
1138 1575 102 26 attempt,
1255 1571 45 23 and

712 1601 53 23 thus
773 1601 67 31 given
850 1602 116 23 increased
975 1602 130 25 confidence
1117 1608 21 19 to
1151 1604 37 23 the
1198 1605 86 23 natives
1293 1614 6 19 ;

711 1642 27 15 as
750 1634 30 24 he
794 1641 45 15 was
852 1635 76 23 bound
941 1641 21 17 to
976 1644 40 23 say
1028 1636 51 24 that
1091 1637 51 31 they
1155 1645 56 15 were
1224 1646 77 23 wrong

712 1669 23 22 in
750 1667 59 24 their
821 1672 103 27 attempt,
933 1669 43 23 and
989 1669 66 23 knew
1065 1670 48 23 that
1125 1671 45 22 this
1182 1676 37 18 too
1228 1672 73 30 might

712 1705 94 27 operate
820 1702 89 29 against
926 1702 62 24 them
1001 1703 23 22 in
1088 1712 52 23 eyes
1153 1705 24 23 of
1193 1704 38 24 the
1244 1705 56 23 New

711 1734 149 29 Zealanders,
879 1735 106 31 perhaps,
1004 1736 101 32 exciting
1122 1745 13 15 a
1147 1738 66 30 spirit
1225 1738 25 23 of
1264 1745 37 16 re-

712 1775 71 24 venge
802 1768 44 22 and
868 1768 134 29 retaliation,
1017 1777 25 15 or
1054 1770 18 22 it
1093 1778 49 23 may
1155 1771 27 23 be
1204 1771 96 31 inciting

711 1800 118 25 these'last
839 1805 22 18 to
871 1808 128 17 commence
1009 1804 146 28 aggressions
1166 1804 135 24 themselves

710 1834 28 23 he
751 1838 52 20 sent
816 1834 51 30 fifty
879 1834 95 24 soldiers
987 1836 72 23 under
1074 1837 76 30 Major
1162 1837 138 30 Richmond,

710 1872 23 18 to
746 1867 149 31 Wellington,
909 1868 35 23 for
956 1869 37 22 the
1006 1870 125 30 protection
1142 1870 24 23 of
1176 1870 37 24 the
1225 1879 73 23 popu-

710 1900 80 23 lation.

106 145 57 24 lives
174 145 26 23 of
213 144 38 25 the
261 145 142 27 inhabitants
415 145 25 23 of
454 153 30 16 an
491 143 200 34 jadjaceat'settle-

105 182 71 19 ment.
316 180 21 20 :\
359 179 3 5 '
487 185 23 15 <f
519 183 16 16 ■>'

138 209 45 24 We
195 215 81 21 cannot
287 212 42 23 but
339 211 86 24 lament
543 216 93 26 present
645 220 44 16 un-

103 240 76 44 l}ajjj)y
193 236 110 43 jjp^ijiotf
308 239 43 36 '.iff,
357 243 38 24 the
400 259 6 4 -
413 244 125 32 Eurqjwan
555 245 92 32 sett|sr,s
653 267 3 4 .
666 246 25 24 in

99 269 180 39 -JJTea^ej^pdt
284 269 110 39 fyp'b^en
416 276 101 31 brought
534 285 62 23 upon
614 277 75 26 them-

103 309 75 25 selves
189 310 30 29 by
228 309 84 23 0a.«,0t
320 309 44 24 .the
376 315 59 18 most
454 310 112 29 faithless,
579 310 109 29 ruthless,

104 342 102 24 reckless
217 346 47 19 acts
272 341 30 24 -of
312 343 132 30 oppression
456 350 30 16 on
496 343 40 24 the
547 348 53 26 part
610 343 27 24 of
651 344 38 23 the

103 374 104 32 English,
214 374 49 24 that
274 382 53 17 ever
338 374 117 32 disgraced
476 371 40 28 the
531 376 101 25 national
643 377 47 31 flag

103 407 27 25 of
152 415 44 23 any
216 412 104 26 country.
364 407 97 32 History
480 409 86 24 affords
584 409 42 24 but
646 418 42 15 one

101 440 102 32 parallel,
215 440 44 25 and
272 440 54 24 that,
331 442 23 23 is
363 440 40 24 the
413 449 52 16 ever
477 442 137 24 memorable
627 442 60 24 colo-

101 473 101 23 nization
221 474 32 22 of-
258 473 64 24 Peru
339 474 33 30 'by
385 473 38 25 the
442 474 134 32 Spaniards.
613 475 74 24 When

101 506 25 31 jn
138 506 81 25 earlier
229 506 64 30 day,s,
305 506 67 28 whije
391 506 72 32 Jiving
473 508 34 23 .in
602 508 54 24 land
665 508 26 24 of

101 538 39 24 the
256 547 34 16 we
301 539 123 30 have^ead
435 541 146 28 with^orror
593 539 44 26 anil
647 541 40 24 de-

101 573 107 24 testation
219 573 39 23 the
268 577 110 20 accounts
395 573 26 24 of
432 574 43 23 .the
494 573 111 24 heartless
617 579 70 19 treat-

100 609 64 20 ment
176 606 26 23 of
210 606 36 23 the
255 606 135 29 Peruvians,
400 606 58 28 little
469 606 39 24 did
521 615 32 16 we
565 608 122 31 anticipate

100 638 50 24 that
162 646 33 16 we
206 638 83 24 should
299 638 45 24 live
356 639 126 32 to.deplore
502 644 122 30 outrages,,
628 640 17 31 lf
646 640 41 32 so

99 671 46 24 less
157 671 118 29 inhunuui,
289 672 45 24 and
355 680 62 17 more
439 673 153 30 treacherous,
603 681 84 24 perpe*

99 703 77 24 trated.
185 704 82 31 byjour
279 712 50 17 own
341 711 149 26 countrymen
504 713 61 25 upon
577 706 37 25 die
627 706 60 25 New

98 736 147 26 Zealanders.
290 738 55 29 But,
364 739 61 24 alas!
454 740 74 30 Spain
547 740 20 23 is
588 744 40 20 not
647 740 40 24 the

99 770 54 31 only
164 775 94 26 country
271 771 49 23 thai
331 771 42 23 has
393 772 119 25 sacrificed
531 773 42 23 her
585 773 102 26 national

96 803 89 27 hpnour
206 808 22 19 to
249 804 38 38 th^
294 798 62 30 °kI6I
374 804 70 25 Gold.
475 806 31 29 ,It
526 806 27 28 is,
573 806 113 29 however,

98 844 63 16 some
173 837 140 26 consolation,
334 843 23 18 to
376 839 85 28 reflect,
474 839 51 24 that
546 839 37 24 the
603 844 49 19 acts
664 840 26 23 of

98 869 38 24 the
148 870 57 23 New
218 870 99 24 Zealand
338 871 118 34 Company
469 879 39 17 are
527 877 40 19 not
586 872 65 25 those
664 873 25 23 of

97 902 39 24 the
149 903 88 24 British
249 903 158 25 Government
418 914 5 19 ;
444 906 42 23 but
505 906 19 23 it
542 906 84 32 speaks
645 907 42 23 but

97 936 60 24 little
168 937 25 23 in
202 936 80 24 favour
294 938 25 22 of
334 937 48 24 that
395 939 103 23 minister
510 939 50 23 who
572 940 67 24 could
651 945 35 19 to-

98 966 78 32 lerate,
189 971 67 23 much
277 971 46 23 less
336 979 133 23 encourage,
481 981 15 14 a
518 973 97 29 scheme,
628 973 59 24 from

97 1002 74 24 which
183 1011 29 16 no
232 1004 132 24 reasonable
384 1013 53 15 man
456 1006 67 23 could
541 1011 82 26 expect
642 1014 44 23 any

96 1035 66 24 other
179 1037 72 23 result
272 1037 54 23 than
346 1038 126 29 confusion,
490 1039 132 29 bloodshed,
640 1040 45 23 and

96 1070 102 23 national
210 1069 153 32 degradation.

130 1102 131 31 According
273 1107 23 19 to
308 1103 38 23 the
355 1103 42 23 law
407 1105 25 22 of
442 1105 104 28 nations,,
551 1108 22 20 to
583 1105 38 23 the
630 1113 54 22 pro-

96 1136 83 22 tection
199 1135 24 23 of
242 1135 73 24 which
334 1136 37 23 the
393 1136 56 24 New
469 1137 138 24 Zealanders
628 1146 57 16 were

96 1168 118 30 obviously
226 1168 94 24 entitled
339 1176 28 16 on
380 1169 38 23 the
429 1171 139 30 negotiation
583 1171 25 23 of
627 1171 58 23 their

94 1201 169 31 independence
282 1209 24 16 as
328 1210 13 15 a
360 1207 58 18 state
436 1203 30 31 by
479 1204 39 23 the
530 1204 87 23 British
635 1204 49 24 Go-

94 1239 127 24 vernment,
234 1234 38 24 the
284 1235 104 23 methods
399 1236 98 32 adopted
509 1237 29 31 by
548 1237 37 23 the
596 1237 89 24 British

95 1267 108 27 colonists
216 1272 21 18 to
256 1267 77 24 obtain
346 1268 37 23 the
400 1269 54 24 land
468 1270 25 23 of
507 1270 88 23 natives
608 1279 46 15 was
672 1279 14 16 a

95 1305 130 19 monstrous
244 1301 100 23 fraud—
345 1310 28 15 an
392 1303 151 31 unmitigated
555 1309 45 20 act.
604 1304 25 23 of
643 1312 41 23 op-

94 1334 113 32 pression,
219 1334 39 23 the
269 1336 142 30 assumption
423 1336 25 23 of
458 1336 38 24 the
508 1337 157 24 Government
672 1346 11 15 a

94 1367 105 34 palpable
221 1369 141 30 usurpation,
381 1369 49 23 and.
449 1370 38 22 the
509 1371 135 31 supporting
663 1371 24 24 of

95 1401 58 22 such
175 1401 311 31 unquestionably-obtained
514 1404 115 30 authority
653 1405 31 30 by

95 1433 62 23 force
168 1434 25 22 of
202 1442 61 15 arms
284 1442 28 16 an
326 1435 155 32 unspeakable
496 1437 95 30 cruelty.
629 1437 24 24 It
664 1439 20 23 is

95 1474 29 15 no
137 1474 82 17 excuse
231 1472 22 18 to
273 1468 65 30 plead
358 1468 48 24 that
425 1469 37 24 the
479 1470 110 31 purchase
601 1479 83 24 money

94 1499 85 27 offered
190 1505 23 19 to
226 1501 39 23 the
275 1502 89 22 natives
376 1502 35 24 for
422 1503 59 23 their
492 1503 55 24 land
558 1512 45 15 was
616 1505 66 31 equal

96 1538 23 18 to
131 1542 44 22 any
186 1542 41 15 use
239 1534 54 31 they
305 1542 57 16 were
374 1536 94 31 making
482 1537 26 23 of
516 1538 25 23 it.
578 1538 77 24 While
667 1539 18 23 it

96 1574 46 16 was
164 1567 77 29 theirs,
253 1568 53 31 they
319 1576 58 16 were
395 1569 55 29 free,
466 1569 161 32 independent,
640 1572 44 22 and

95 1599 84 32 happy,
192 1602 106 29 ignorant
305 1601 62 24 alike
374 1603 25 22 of
407 1602 38 24 the
454 1604 104 23 artificial
570 1605 113 31 improve-

94 1638 77 18 ments
183 1642 25 15 as
220 1634 51 24 well
282 1642 34 17 as,
320 1635 37 24 the
369 1637 104 23 artificial
492 1642 71 19 wants
576 1638 25 23 of
610 1638 72 24 civili-

96 1667 83 23 zation.
217 1667 51 24 The
280 1669 42 22 soil
335 1669 25 22 of
376 1669 57 24 New
446 1670 101 24 Zealand
561 1679 45 16 was
620 1676 20 19 to
654 1672 29 23 its

96 1700 139 31 proprietors
254 1702 92 31 enough
364 1703 35 23 for
418 1703 60 24 their
493 1705 156 23 maintenance
650 1718 34 4 —

95 1733 91 31 euough
197 1733 35 24 for
244 1733 59 28 their
322 1735 129 31 happiness.
489 1737 70 24 What
578 1738 56 23 have
651 1747 31 15 we

95 1766 58 24 done
171 1766 35 24 for
225 1766 81 25 them?
352 1768 71 30 First,
445 1771 107 30 deprived
571 1771 61 24 them
653 1772 29 31 by

92 1799 124 31 hypocrisy
238 1801 25 22 of
282 1801 59 23 their
369 1804 144 29 possessions
518 1817 32 3 —
555 1804 45 23 and
629 1805 53 23 then

94 1833 82 30 taught
187 1834 61 23 them
261 1834 38 23 the
312 1835 64 23 value
384 1836 65 24 those
458 1839 142 29 possessions
609 1839 73 30 might

93 1867 92 31 acquire
202 1867 73 24 under
287 1867 38 24 the
337 1869 61 23 hand
409 1869 26 24 of
450 1870 114 32 industry.
600 1871 25 24 It
635 1879 46 16 wa3

87 1905 112 26 'contrary
212 1906 23 18 to
246 1900 86 24 human
353 1907 80 21 nature
445 1909 21 18 to
486 1909 82 26 expect
587 1905 47 23 that
653 1913 28 15 an

93 1933 130 33 intelligent
233 1942 52 15 race
296 1935 26 23 of
338 1935 81 32 beings
430 1936 48 25 like
498 1938 37 23 the
552 1938 57 24 New
622 1939 59 23 Zea-

92 1966 91 24 landers
195 1966 81 25 should
287 1968 41 23 fail
340 1974 23 18 to
376 1976 37 18 see
425 1971 23 23 in
457 1979 13 15 a
477 1979 56 23 very
541 1971 63 24 short
613 1980 68 24 space

92 2000 26 23 of
128 2001 53 26 time
193 2000 39 29 (he
243 2001 103 24 delusion
365 2002 49 25 that
432 2004 44 23 had
495 2004 57 24 been
569 2007 113 29 practised

94 2041 60 23 upon
167 2034 61 24 them
229 2047 32 4 —
263 2036 91 31 equally
365 2038 123 22 unnatural
500 2043 24 18 to
535 2038 88 25 believe
632 2040 50 23 that

92 2075 14 15 a
124 2067 57 29 free,
200 2067 56 31 high
275 2069 106 30 spirited,
400 2070 46 23 and
468 2071 90 24 warlice
577 2080 58 21 race,
653 2081 27 15 on

92 2100 144 31 aiscovering
247 2101 39 23 the
298 2102 73 32 fraud,
385 2103 73 24 would
470 2104 42 24 fail
531 2110 22 18 to
566 2110 76 19 resent
654 2107 25 23 it.

91 2133 73 24 Their
176 2134 62 23 ideas
257 2134 27 24 of
293 2134 85 32 justice
389 2145 39 15 are
447 2138 90 23 natural
549 2138 45 23 and
610 2147 70 16 unso-

91 2167 151 30 phisticated;
269 2168 44 24 and
336 2177 32 15 we
391 2170 27 24 do
443 2171 95 24 without
558 2171 122 25 hesitation

91 2200 75 24 affirm
178 2201 51 26 that
238 2201 38 24 the
287 2203 66 22 mode
366 2203 26 23 of
407 2204 124 30 procedure
548 2205 96 31 adopted
656 2207 23 22 in

91 2234 40 23 the
150 2234 149 26 colonization
318 2236 30 23 of-
361 2236 57 24 New
438 2237 102 25 Zealand
560 2238 41 24 has
614 2239 65 29 been,

90 2267 59 24 from
169 2265 137 34 beginning'
318 2274 23 18 to
364 2271 52 28 end,
439 2279 13 15 a
475 2272 72 23 tissue
566 2272 25 24 of
606 2272 72 30 fraud,

89 2300 111 31 violence,
210 2302 43 23 and
263 2304 110 30 rapacity.
411 2304 57 24 This
481 2305 39 23 the
532 2307 88 23 natives
629 2314 50 16 now

89 2335 70 30 begifi
170 2339 23 20 to
206 2343 44 21 see,
264 2336 44 23 and
320 2337 18 22 it
357 2344 53 24 may
421 2338 28 23 be
471 2338 70 24 relied
559 2347 59 23 upon
632 2340 48 23 that

91 2367 40 24 the
142 2369 44 22 late
195 2368 71 31 affray
279 2370 20 22 is
311 2370 53 31 only
376 2379 13 15 a
400 2371 95 31 prelnde
508 2377 22 18 to
543 2380 14 16 a
575 2374 70 22 series
658 2374 24 23 of

89 2401 144 32 devastating
244 2410 65 22 wars,
323 2404 73 24 which
415 2404 44 24 will
472 2406 45 24 end
529 2406 53 30 only
597 2407 25 23 in
642 2407 37 23 the

91 2439 60 19 utter
174 2436 172 24 extermination
376 2438 25 22 of
428 2438 38 24 the
494 2440 77 22 native
600 2441 77 23 tribes.

90 2468 116 24 Powerful
218 2469 43 23 and
273 2470 94 24 warlike
378 2479 25 16 as
415 2471 38 24 the
466 2472 58 24 New
540 2473 139 24 Zealanders

89 2509 48 21 are,
150 2502 53 31 they
216 2509 81 17 cannot
308 2504 67 22 stand
385 2505 90 30 against
494 2506 39 23 the
545 2507 134 31 disciplined

87 2535 65 26 for.cc
177 2535 73 24 which
274 2544 13 15 a
310 2537 103 24 civilized
442 2546 77 24 power
541 2547 42 16 can
612 2540 68 32 bring

89 2569 90 31 against
191 2568 70 25 them.
298 2570 47 24 But
357 2571 45 23 will
414 2572 38 23 the
472 2572 88 26 British
573 2573 104 25 Govern-

89 2607 64 18 ment
162 2606 44 27 put
214 2603 61 23 forth
287 2604 30 22 its
324 2606 104 29 energies
437 2606 90 31 against
537 2606 45 24 this
590 2608 87 31 people,

90 2640 23 19 to
126 2640 87 27 protect
225 2644 12 15 a
249 2641 35 19 set
294 2638 26 22 of
327 2640 152 22 mercenaries
492 2639 48 25 who
550 2641 73 23 would
636 2641 43 24 sell

89 2668 60 24 their
160 2669 63 24 souls
235 2670 35 23 for
281 2671 53 30 gain
343 2672 9 23 ?
388 2672 26 23 If
432 2673 17 23 it
470 2673 63 29 does,
547 2674 38 23 the
597 2675 46 23 fate
656 2676 25 22 of

89 2702 59 24 New
158 2702 101 24 Zealand
270 2704 21 22 is
303 2704 83 29 sealed,
397 2706 45 23 and
453 2714 13 16 a
479 2707 48 23 blot
536 2707 47 25 will
595 2716 84 23 appear
686 2705 2 30 i

88 2744 62 23 upon
171 2736 38 23 the
228 2737 136 24 escutcheon
384 2739 26 23 of
429 2739 83 24 Great*
518 2741 98 29 Britain,
630 2742 48 24 that
686 2730 2 36 i

87 2769 91 24 neither
189 2770 54 23 time
254 2778 43 16 nor
307 2772 178 24 circumstances
498 2782 42 16 can
552 2782 73 16 erase.
654 2775 26 24 If

87 2803 19 22 it
118 2803 54 23 does
184 2808 47 24 not,
251 2804 57 23 New
327 2805 101 24 Zealand
441 2812 62 19 must
514 2808 28 23 be
555 2809 123 23 evacuated

88 2844 25 15 as
126 2845 13 15 a
157 2836 88 32 colony,
258 2837 36 24 for
305 2838 40 24 the
366 2840 87 23 natives
473 2841 47 23 will
540 2849 69 16 never
620 2842 56 23 sub-

87 2869 44 24 mit
148 2874 22 19 to
188 2869 38 24 the
247 2871 131 30 spoliation,
397 2873 76 24 unless
500 2875 125 31 compelled
648 2875 29 31 by

87 2902 70 24 force.

105 182 70 18 meat.

1947 146 220 28 WHOLESALE
2196 150 130 24 PRICES
2356 143 163 43 CURRENT^

2045 187 134 16 CORRECTED
2194 188 28 14 UP
2238 188 28 14 TO
2281 189 56 15 LA3T
2354 190 77 17 NIQ«T.

2279 214 64 18 HS.
2366 216 18 17 d.
2433 219 18 19 S
2503 228 9 15 i

1947 244 51 20 Ale
2006 250 5 14 :
2026 249 39 21 per
2074 240 49 23 hhd
2292 245 15 20 6
2334 245 14 20 0
2373 246 14 20 0
2405 259 16 7 ..
2439 251 13 19 0
2476 253 11 20 0
2508 258 13 19 0

2122 276 42 20 per
2168 269 101 22 barret..
2288 271 14 20 4
2318 271 26 20 10
2371 273 48 19 0-..
2437 277 13 19 6
2475 279 44 20 On

2083 301 3 9 1
2123 296 90 27 perdoz
2291 297 53 20 011
2374 299 78 23 0..0
2465 304 21 21 13
2508 310 12 12 n

1946 322 99 21 Arrack
2054 329 6 14 :
2075 322 44 21 Per
2127 322 46 27 gal.
2182 322 24 22 in
2215 322 62 22 bond
2292 324 13 19 0
2335 324 10 19 i
2372 325 15 20 6
2404 339 4 6 .
2415 340 5 5 .
2438 329 13 19 0
2474 331 11 19 2
2507 340 12 12 n

1947 348 93 22 Bread:
2056 348 43 22 Per
2107 348 47 23 2lb.
2166 348 49 23 loaf
2293 351 14 20 0
2334 352 14 19 0
2373 351 13 20 5
2405 366 15 6 ..
2438 356 13 18 0
2475 359 11 18 0
2507 363 14 18 6

1947 374 61 23 Beef
2016 383 6 13 :
2037 374 76 28 Fresh,
2133 382 89 15 carcase
2239 382 42 20 per

2064 401 23 22 lb
2288 404 15 19 0
2330 404 13 18 0
2371 405 13 20 8
2403 418 16 7 ..
2437 409 14 19 0
2474 411 12 19 0
2498 413 18 21 n

2054 427 55 26 Salt,
2119 435 41 20 per
2172 428 68 22 tierce
2253 442 7 7 .
2266 442 6 7 .
2291 430 14 20 3
2320 430 26 21 10
2371 432 14 19 0
2402 444 5 7 .
2413 445 5 6 .
2437 435 14 19 6
2474 437 12 19 0
2505 442 11 18 0

1947 454 107 22 Butter:
2072 454 66 28 Irish,
2147 455 79 27 perlb.
2251 457 54 20 ..0
2332 457 15 20 0
2372 458 14 19 9
2403 471 17 7 ..
2436 461 14 19 0
2476 463 8 21 1
2507 467 12 19 5

2068 481 84 22 Fresh.
2293 484 14 19 0
2333 484 15 20 2
2373 484 14 20 0
2405 498 17 7 ..
2439 488 14 20 0
2476 489 11 21 2
2507 494 13 19 g

1948 508 110 22 Brand*:
2074 508 60 22 First
2139 508 93 28 quality,
2239 515 42 21 per

2095 534 78 28 gallon
2181 534 25 23 in
2211 534 66 22 bond
2290 537 15 19 0
2331 536 16 20 4
2372 538 14 19 0
2403 551 17 6 ..
2436 541 14 19 0
2474 541 10 21 7
2505 547 14 19 a

1948 561 86 22 Brown
2053 562 88 21 Stout:
2165 569 39 20 per
2217 560 55 23 hhd.
2287 562 14 20 5
2328 564 16 19 O
2368 564 14 20 0
2399 577 18 7 ..
2435 566 12 21 7
2471 568 11 20 5
2504 574 10 18 y

1948 588 100 21 Cigars:
2060 588 104 27 Manilla,
2171 595 40 20 per
2217 588 62 26 1000,

2095 614 25 22 in
2130 614 60 22 bond
2291 616 14 19 2
2333 616 14 19 0
2371 617 14 20 0
2403 630 16 7 ..
2437 620 48 22 210
2506 626 11 20 0

2057 641 128 22 Chinsurah
2189 648 40 20 per
2236 642 54 21 1000
2297 642 10 20 1
2337 643 14 19 0
2377 644 76 22 0..0
2475 649 11 20 0
2507 653 11 19 0

1948 668 89 22 Coffee
2043 675 5 14 :
2060 668 64 26 Java,
2135 675 41 25 per
2182 668 24 22 lb
2283 670 22 19 '0
2333 670 15 19 0
2373 670 14 19 3
2405 683 4 6 .
2415 684 5 6 .
2437 673 13 20 0
2472 676 12 19 0
2506 679 10 20 7

1948 696 91 21 Cheese
2046 703 4 13 :
2066 694 108 23 Cheshire
2291 696 15 20 0
2334 696 11 19 1
2373 697 13 19 6
2404 710 4 5 .
2415 711 5 5 .
2438 700 12 19 0
2473 702 11 19 0
2505 706 11 19 0

2065 722 56 21 Pine
2131 721 75 28 Apple
2226 736 47 7 ....
2292 724 14 19 0
2335 722 11 20 1
2373 723 14 19 2
2404 737 16 6 ..
2438 727 12 19 0
2473 729 11 19 0
2505 733 11 19 0

2065 748 78 22 Dutch
2292 750 15 20 0
2334 751 14 19 0
2374 750 13 19 8
2404 764 17 6 ..
2438 753 13 20 0
2473 755 43 23 010

1949 776 106 21 Candles
2062 782 5 15 :
2074 774 96 28 English
2178 782 56 20 wax,
2240 780 42 22 per

2091 802 24 21 lb
2236 815 37 7 .
2291 804 14 19 0
2332 802 15 21 2
2372 803 13 20 3
2403 817 17 6 ..
2437 806 13 20 0
2472 807 12 20 3
2505 813 11 19 0

2058 828 78 27 Sperm
2293 830 15 19 0
2337 830 85 20 110..
2439 833 13 20 0
2474 835 42 23 Oo

2056 855 81 22 Mould
2291 857 14 19 0
2333 857 14 20 0
2373 857 14 20 6
2404 870 16 7 ..
2438 860 12 19 0
2474 861 11 20 0
2505 865 11 19 8

2057 882 57 28 Dips
2291 884 14 19 0
2333 884 14 19 0
2372 882 13 19 5
2403 896 17 7 ..
2437 886 13 20 0
2473 888 43 22 Oo

1949 909 93 22 Flour:
2051 910 35 20 Ist
2090 909 94 28 quality,
2194 912 85 24 perton

2069 935 27 22 of
2105 937 56 20 2000
2170 935 34 22 lbs
2274 936 28 21 20
2330 936 14 20 0
2370 938 14 19 0
2403 938 46 21 ..22
2474 942 11 18 0
2505 945 10 19 0

2046 962 46 22 2nd
2101 962 58 22 ditto
2291 964 14 19 0
2334 964 14 19 0
2373 964 14 19 0
2405 977 4 6 .
2415 978 5 5 .
2437 967 13 19 0
2472 968 12 19 0
2505 973 11 17 0

1947 990 64 21 Flax
2018 997 6 13 :
2039 989 28 22 N.
2078 989 27 22 Z.
2114 996 42 20 per
2165 993 37 18 ton
2226 1002 46 7 ....
2278 989 26 21 15
2332 990 15 20 0
2373 991 13 19 0
2404 1004 5 6 .
2416 1004 5 7 .
2437 993 13 20 0
2472 995 13 19 0
2505 998 11 19 0

1973 1016 46 21 Do.
2020 1027 27 5 —
2048 1016 106 21 onboard
2154 1026 28 5 —
2182 1015 118 27 pressedl7
2329 1017 14 19 0
2370 1018 13 19 0
2401 1031 17 6 ..
2434 1020 12 19 0
2470 1021 12 20 0
2503 1025 11 19 0

1948 1043 60 22 Gin:
2030 1042 52 23 Pale
2098 1043 26 20 in
2134 1042 60 22 bond
2291 1044 14 19 0
2331 1043 14 20 3
2372 1044 13 19 6
2403 1058 15 6 ..
2436 1046 12 20 0
2471 1047 12 20 5
2504 1051 11 19 6

1997 1070 63 25 Case,
2067 1070 15 20 4
2088 1069 37 27 gal
2135 1070 37 20 4-5
2180 1069 24 22 in
2213 1068 63 23 bond
2291 1070 10 19 1
2331 1070 14 19 4
2371 1071 47 20 0..
2437 1073 9 19 1
2472 1074 43 22 80

1948 1095 82 22 Hams:
2045 1091 130 32 Yorkshire,
2189 1096 87 27 perlb.
2291 1098 14 19 0
2333 1098 14 19 0
2370 1096 14 21 7
2403 1112 16 6 ..
2436 1101 13 19 0
2472 1101 44 23 010

1947 1122 127 22 Mustard:
2091 1122 43 22 Per
2143 1122 71 22 dozen
2227 1137 45 6 ....
2292 1125 13 19 0
2321 1123 26 20 16
2372 1125 13 20 0
2403 1138 16 6 ..
2436 1128 13 19 0
2462 1126 22 21 18
2505 1131 12 19 0

1947 1149 101 22 Mutton
2057 1157 5 14 :
2083 1149 95 22 Carcase
2187 1156 40 20 per
2236 1149 23 22 lb
2271 1165 5 6 .
2292 1152 13 19 0
2333 1151 13 20 0
2373 1152 12 20 7
2403 1165 4 6 .
2414 1166 4 5 .
2436 1154 12 19 0
2472 1155 11 19 0
2505 1157 13 20 9

1947 1176 124 22 Muskets:
2086 1175 94 23 Walnut
2185 1176 93 22 stocked
2292 1178 13 19 0
2321 1176 25 22 15
2372 1179 13 19 0
2403 1192 15 6 ..
2438 1180 8 20 1
2472 1182 12 19 0
2507 1185 11 17 0

1947 1202 79 23 Milk:
2043 1203 42 22 Per
2091 1202 51 28 pint
2291 1205 14 20 0
2332 1205 14 19 0
2371 1205 14 20 2
2403 1219 15 6 ..
2436 1208 12 19 ()
2472 1208 12 19 0
2504 1211 12 19 3

1947 1230 93 21 Maize:
2056 1237 39 19 per
2105 1230 79 21 bushel
2290 1232 14 19 0
2331 1231 14 20 4
2371 1232 14 19 0
2403 1246 16 5 ..
2436 1235 12 19 0
2472 1234 10 19 5
2505 1237 12 19 0

1947 1256 58 22 Oil:
2022 1256 103 25 Linseed,
2135 1263 41 21 per
2183 1257 76 27 gallon
2269 1272 7 6 .
2291 1259 13 19 0
2331 1258 14 20 6
2371 1259 14 19 6
2403 1272 16 6 ..
2436 1261 12 19 0
2472 1261 11 20 8
2505 1264 13 19 0

2022 1283 105 27 Black,in
2133 1283 59 27 cask,
2194 1291 40 20 per
2239 1285 67 20 tonlß
2333 1286 14 19 0
2373 1286 13 19 0
2403 1287 47 20 ..20
2472 1289 12 18 0
2507 1291 11 18 0

2056 1311 79 26 Sperm
2272 1312 28 20 50
2328 1312 12 19 0
2368 1312 12 19 0
2399 1312 47 22 ..75
2471 1314 10 19 0
2506 1317 10 16 0

1947 1337 64 22 Pork
2020 1345 5 14 :
2040 1337 84 27 Fresh,'
2135 1344 88 15 carcase
2239 1345 40 20 per

2064 1364 22 21 lb
2290 1366 13 19 0
2331 1366 14 19 0
2370 1367 14 19 3
2401 1380 17 5 ..
2434 1369 13 18 0
2472 1369 11 19 0
2507 1370 11 19 5

1947 1390 77 22 Pork:
2042 1390 65 27 Irish,
2117 1398 41 19 per
2167 1391 72 22 barrel
2252 1406 19 5 ..
2290 1392 14 20 3
2319 1392 26 20 10
2372 1394 13 19 0
2403 1407 15 6 ..
2436 1395 12 20 4
2464 1395 21 20 10
2507 1398 12 18 0

1947 1418 130 21 Potatoes:
2098 1417 58 22 New
2169 1418 109 26 Zealand,

2123 1452 41 20 per
2172 1448 38 19 ton
2223 1460 46 6 ....
2289 1446 14 19 4
2331 1447 14 19 0
2371 1448 14 19 O
2401 1460 5 6 .
2413 1460 5 7 .
2435 1449 13 19 6
2472 1449 13 19 0
2507 1452 12 18 0

1947 1472 94 21 Porter
2050 1479 5 14 :
2084 1472 103 26 Dunbar,
2198 1472 24 21 in
2230 1472 46 21 hot.

2113 1499 92 27 perdoz
2290 1502 12 17 0
2319 1500 25 21 12
2370 1502 12 19 0
2400 1515 17 6 ..
2434 1503 12 19 0
2461 1503 22 21 13
2509 1507 10 16 0

2054 1525 87 27 Bryant
2151 1526 43 21 and
2206 1526 68 21 Davis
2290 1529 12 17 0
2319 1528 24 19 12
2369 1529 13 20 0
2401 1542 16 6 ..
2434 1531 13 19 0
2462 1531 21 19 13
2508 1533 11 18 0

1946 1552 98 22 Pickles
2055 1559 6 15 :
2093 1552 117 28 Assoi*ed,
2238 1560 40 20 per

2117 1578 60 27 doz.,
2200 1584 76 23 quarts
2291 1583 12 18 0
2321 1582 23 19 15
2371 1583 13 19 0
2401 1595 17 7 ..
2436 1585 11 18 0
2464 1584 22 20 17
2510 1587 11 17 0

1946 1606 74 21 Pitch
2032 1613 6 14 :
2071 1605 139 29 Stockholm,
2239 1614 40 20 per

2093 1632 75 23 barrel
2291 1636 9 18 1
2330 1637 14 19 0
2370 1638 13 17 0
2401 1649 17 7 ..
2434 1638 14 19 0
2472 1639 13 19 0
2509 1640 12 18 0

1945 1659 82 22 Plank
2035 1667 6 14 :
2068 1660 56 22 Port
2146 1660 132 28 Nicholson,

2093 1694 41 21 per
2144 1689 39 20 100
2192 1688 46 22 feet
2251 1691 51 19 ..0
2330 1691 14 19 6
2370 1691 13 19 0
2401 1703 16 7 ..
2434 1692 15 18 (f
2462 1691 23 20 10
2508 1694 14 18 0

1945 1712 70 23 Rice:
2028 1714 110 22 Common
2147 1722 40 20 per
2192 1718 49 19 cwt.
2253 1730 18 6 ..
2291 1717 53 20 015
2371 1718 47 19 0..
2436 1719 12 19 0
2474 1719 12 19 0
2509 1721 14 18 0

2029 1741 65 22 Good
2289 1745 13 19 0
2318 1744 25 21 17
2371 1745 13 19 0
2401 1757 16 6 ..
2436 1743 11 22 I
2473 1747 12 18 0
2509 1748 14 18 0

1945 1767 54 22 Rum
2008 1775 5 14 :
2031 1768 22 21 P.
2065 1768 26 22 B.
2102 1768 34 26 P.,
2151 1776 40 20 per
2199 1769 76 27 gallon

2065 1795 23 21 in
2104 1796 61 21 bond
2287 1799 13 19 0
2328 1799 14 19 2
2368 1799 78 19 9..0
2471 1799 12 19 5
2509 1802 12 18 0

1945 1821 89 22 Sugar:
2050 1822 120 22 Mauritius
2180 1830 39 20 per
2226 1827 49 17 cwt.
2291 1826 13 20 0
2332 1827 13 18 0
2371 1826 48 19 0..
2451 1830 51 16 none

2053 1849 81 21 Brown
2149 1849 54 22 ditto
2285 1853 13 19 0
2314 1853 25 19 15
2367 1853 13 19 0
2397 1865 16 5 ..
2433 1852 10 19 1
2471 1853 13 19 0
2510 1855 11 18 0

2053 1876 97 22 Refined
2166 1877 52 26 loaf,
2238 1885 38 19 per

2077 1900 25 25 lb'
2165 1916 10 8 •.
2288 1909 13 17 0
2329 1907 13 19 0
2368 1907 49 19 6*..
2435 1907 13 20 0
2474 1909 12 17 0
2511 1908 10 20 (5

2054 1930 97 22 Manilla
2168 1938 40 20 per
2221 1936 47 16 cwt.
2286 1935 12 18 0
2315 1933 25 21 18
2367 1935 13 19 0
2398 1947 17 5 ..
2433 1934 13 20 2
2473 1935 12 17 0
2509 1936 11 18 0

1944 1956 73 22 Salt:
2033 1957 127 28 Liverpool,
2167 1965 43 20 per
2218 1961 39 19 ton
2265 1975 6 5 .
2286 1960 13 20 5
2328 1961 12 19 5
2367 1961 13 19 0
2399 1961 47 19 ..11
2474 1962 12 19 0
2510 1963 11 19 0

1944 1983 59 21 Soap
2012 1991 6 13 :
2044 1983 104 23 Haweff's
2170 1985 104 28 London,

2069 2014 116 24 pertonvf
2271 2015 27 19 30
2327 2015 13 19 0
2367 2015 15 20 0
2398 2015 50 20 ..34
2474 2015 12 19 0
2511 2017 12 17 0

2059 2037 119 28 Liverpool
2270 2041 27 20 22
2325 2042 14 19 0
2366 2042 13 18 0
2396 2041 50 21 ..28
2473 2042 13 19 0
2510 2043 11 19 0

1943 2063 103 23 Starch:
2062 2064 75 22 Perlb
2286 2069 12 19 0
2326 2069 14 19 0
2368 2067 12 21 7
2398 2081 17 6 ..
2434 2069 14 19 0
2476 2069 44 19 19

1942 2090 142 22 Scantling:
2100 2091 44 22 Per
2152 2093 39 21 100
2199 2092 68 22 feet..
2286 2095 13 19 0
2328 2095 13 19 6
2368 2095 13 19 0
2399 2107 18 5 ..
2435 2095 15 19 0
2476 2095 11 19 8
2512 2096 10 18 0

1942 2117 127 23 Shingles:
2085 2118 44 22 Per
2137 2120 59 26 1000,
2206 2119 28 22 N.
2244 2120 25 21 Z.
2285 2121 13 19 0
2326 2122 14 19 6
2367 2122 15 19 0
2399 2134 17 6 ..
2434 2123 14 19 0
2464 2121 23 20 10
2512 2123 10 18 0

2071 2145 71 27 Ditto,
2165 2146 26 21 V.
2204 2147 27 21 D.
2243 2147 26 21 L.
2285 2150 12 17 0
2327 2149 13 19 0
2368 2151 12 17 U
2399 2161 17 5 ..
2435 2149 13 19 0
2463 2149 23 19 12
2510 2151 13 17 0

1941 2171 63 22 Tar.
2020 2172 52 22 Coal
2286 2176 9 17 1
2326 2178 13 16 0
2367 2176 13 18 0
2399 2188 18 5 ..
2437 2176 8 18 1
2475 2181 11 13 0
2512 2180 10 15 0

2024 2199 128 21 Stockholm
2288 2201 9 21 1
2315 2203 25 19 10
2368 2204 14 17 0
2399 2215 18 6 ..
2434 2204 13 18 0
2474 2205 12 16 0
2512 2208 11 13 v

1941 2225 48 22 Tea
1999 2234 4 13 :
2015 2226 78 27 Hyson
2098 2225 58 28 skin,
2161 2234 39 20 per
2210 2227 63 21 chest
2286 2230 14 20 4
2328 2230 13 19 0
2368 2230 13 18 0
2399 2242 16 6 ..
2434 2230 12 19 6
2474 2230 11 18 6
2511 2232 11 16 0

2017 2254 92 25 Congou
2286 2257 13 19 8
2328 2257 13 19 0
2368 2255 79 21 0..16
2473 2257 12 19 0
2510 2258 11 17 0

1941 2279 104 22 Tobacco
2054 2288 6 13 :
2075 2279 141 29 Negrohead,
2233 2288 41 23 per

2099 2307 32 21 lb.
2144 2307 24 22 in
2184 2307 59 23 bond
2286 2311 12 19 0
2327 2311 13 19 0
2366 2310 49 20 9..
2433 2311 12 19 0
2476 2310 7 19 5
2509 2312 12 18 4

1941 2333 164 23 Turpentine:
2120 2334 147 27 Pergallon..
2286 2338 13 19 0
2328 2335 12 22 7
2367 2337 13 20 6
2398 2350 17 6 ..
2434 2339 15 18 O
2473 2337 12 20 9
2510 2340 11 17 0

1942 2359 161 23 Whalebone:
2120 2361 90 23 Perton
2274 2363 40 21 100
2328 2365 14 19 0
2368 2364 14 20 0
2399 2364 61 20 ..120
2474 2364 12 19 0
2510 2366 11 18 0

1942 2386 82 23 Wine:
2040 2387 89 28 Sherry,
2140 2396 39 20 per
2187 2389 51 28 pipe
2248 2404 19 5 ..
2272 2387 32 24 20'
2328 2392 14 19 0
2368 2392 14 19 0
2399 2392 47 19 ..40
2472 2392 13 18 0
2509 2392 12 19 0

2052 2415 69 27 Ditto,
2138 2422 40 20 per
2192 2416 79 22 dozen.
2287 2419 13 20 0
2315 2418 27 20 16
2368 2418 14 20 0
2399 2431 17 5 ..
2434 2418 12 20 2
2474 2420 12 17 0
2511 2420 11 17 0

2050 2442 61 27 Port,
2121 2450 42 20 per
2171 2443 50 28 pipe
2246 2458 5 5 .
2259 2458 5 5 .
2271 2444 26 21 25
2325 2446 14 19 0
2365 2446 14 19 0
2396 2458 5 5 .
2408 2458 5 6 .
2418 2445 27 20 40
2471 2446 12 18 0
2507 2446 12 19 0

2117 2477 42 20 per
2168 2470 47 21 doz.
2246 2486 5 4 .
2260 2486 5 4 .
2286 2472 9 20 1
2326 2473 14 19 0
2366 2472 35 20 0.
2408 2484 5 6 .
2431 2472 13 19 2
2471 2472 12 18 0
2507 2473 13 17 0

2050 2496 151 29 Champagne,
2216 2497 55 22 ditto
2286 2500 14 19 0
2327 2500 13 19 0
2367 2500 13 19 0
2397 2512 18 6 ..
2432 2500 13 19 0
2472 2499 11 19 C
2508 2500 14 18 0

2051 2523 75 22 Claret
2286 2527 13 19 0
2315 2526 27 20 10
2368 2526 15 19 0
2399 2539 16 5 ..
2434 2527 13 18 0
2473 2527 14 18 0
2509 2527 13 18 &

1942 2549 120 22 Poultry:
2078 2551 81 26 Fowls,
2166 2558 39 20 per
2211 2552 49 26 pair
2266 2568 6 5 .
2288 2554 12 19 0
2328 2554 14 19 3
2368 2554 14 19 6
2399 2566 17 5 ..
2434 2554 14 18 0
2472 2552 14 19 5
2509 2554 13 18 0

2076 2577 86 28 Ducks,
2173 2578 54 22 ditto
2248 2581 52 19 ..0
2327 2580 14 20 5
2368 2581 13 19 0
2398 2593 17 6 ..
2433 2580 13 19 0
2472 2580 13 18 8
2509 2581 12 18 0

2077 2605 81 27 Geese,
2169 2605 55 22 each
2247 2608 93 19 ..010
2366 2608 14 19 0
2396 2620 5 5 .
2408 2620 5 5 .
2431 2608 14 19 0
2460 2606 23 19 12
2509 2607 13 19 0

2075 2631 109 28 Turkeys,
2196 2632 55 22 each
2288 2634 8 21 1
2328 2635 14 19 0
2368 2635 13 19 0
2399 2647 5 5 .
2410 2646 6 6 .
2436 2634 8 19 1
2473 2634 12 18 5
2509 2634 13 18 0

2077 2658 103 27 Pigeons,
2191 2659 80 28 (wild,)

2102 2693 42 19 per
2152 2686 48 27 pair
2220 2689 79 20 ....0
2328 2689 12 18 0
2367 2689 79 19 0..0
2472 2689 13 18 0
2508 2688 12 19 0

2075 2712 86 27 Ducks,
2170 2713 35 22 do.
2216 2714 52 21 do..
2287 2716 13 19 0
2328 2716 12 19 5
2368 2716 13 19 0
2398 2728 17 6 ..
2433 2716 13 19 0
2472 2716 13 19 0
2508 2714 13 19 0

1940 2739 73 22 Eggs:
2032 2740 42 21 Per
2083 2739 74 22 dozen
2288 2743 13 20 0
2329 2744 13 19 2
2368 2743 14 19 0
2399 2755 16 6 ..
2434 2742 12 19 0
2472 2742 12 19 3
2509 2742 12 19 0

1940 2766 78 23 Cows:
2032 2766 72 22 Milch
2275 2770 25 19 12
2328 2771 14 18 0
2368 2771 13 18 0
2399 2769 47 20 ..30
2472 2771 12 17 0
2508 2770 12 17 0

1940 2793 97 22 Mares:
2052 2793 76 22 Brood
2272 2797 27 20 20
2327 2798 13 19 0
2366 2798 14 18 0
2398 2794 47 23 ..70
2472 2797 11 18 0
2508 2796 13 19 0

1940 2820 116 22 Working
2073 2821 121 22 Bullocks
2201 2829 5 14 :
2229 2822 45 21 Per

1966 2848 50 26 pair
2273 2851 28 20 30
2328 2852 14 18 0
2367 2851 15 19 0
2399 2850 48 19 ..40
2472 2851 13 18 0
2509 2849 12 19 0

1941 2874 64 22 Hire
2016 2881 25 14 of
2053 2882 66 14 ditto
2128 2883 5 13 :
2150 2876 42 21 Per
2199 2876 51 27 day,
2260 2884 13 13 a

1967 2904 60 19 team
2037 2901 45 22 and
2090 2901 75 23 driver
2289 2904 9 21 1
2328 2905 14 19 0
2368 2904 78 20 0..0
2472 2904 13 19 0
2509 2904 14 18 0

1940 2928 89 22 Sheep:
2044 2928 62 23 Each
2285 2932 13 19 0
2314 2931 25 20 15
2366 2932 14 19 0
2397 2944 18 6 ..
2434 2931 7 20 1
2471 2930 12 20 5
2508 2930 12 19 0

1940 2955 64 22 Boat
2015 2955 73 22 Hire:
2103 2956 44 21 Per
2152 2956 51 31 day,
2208 2957 64 22 with-

2132 2987 39 18 out
2180 2984 72 22 hands
2262 3000 6 6 .
2284 2986 14 19 0
2313 2986 27 20 10
2366 2986 14 19 0
2396 2998 18 6 ..
2434 2985 7 19 1
2471 2985 12 19 0
2507 2984 12 19 0

1940 3008 87 23 Wages
2033 3017 6 14 :
2067 3010 140 28 Mechanics,
2233 3019 41 20 per

2100 3037 45 28 day
2285 3040 14 19 0
2327 3040 13 20 6
2367 3040 14 19 0
2398 3052 17 7 ..
2432 3039 14 20 0
2472 3038 12 21 8
2508 3038 13 19 0

2075 3064 127 23 Labourers
2218 3067 80 20 ....0
2325 3067 13 19 3
2365 3067 80 19 0..0
2471 3066 11 19 5
2507 3065 13 20 0

2176 3092 122 22 DUTIES.

1939 3118 100 22 British
2048 3119 93 21 Spirits
2355 3121 32 21 4s.
2398 3126 38 21 per
2444 3118 75 28 gallon.

1938 3145 106 22 Foreign
2055 3145 57 23 ditto
2355 3147 32 21 sa.
2398 3154 37 20 per
2443 3146 76 27 gallon.

1938 3172 105 22 Tobacco
2052 3173 179 28 manufactured,
2359 3175 28 21 Is.
2397 3180 39 21 per
2443 3173 30 21 lb.

2051 3200 208 22 Unmanufactured
2354 3201 37 21 t)d.
2401 3207 39 21 per
2448 3200 29 22 lb.

1938 3226 75 22 Snuff
2355 3229 31 21 2s.
2396 3234 39 21 per
2442 3227 30 22 lb.

1938 3253 88 22 Cigars
2264 3259 7 16 :
2355 3256 32 20 2s.
2398 3262 39 20 per
2445 3254 29 22 lb.

1938 3279 84 23 Wines
2346 3281 25 21 15
2385 3288 39 20 per
2432 3283 56 21 cent.

1937 3306 56 27 Tea,
2008 3308 84 26 Su&ar,
2109 3308 87 26 Flour,

1955 3333 47 22 and
2010 3334 64 22 other
2083 3335 88 27 Grain,
2182 3336 12 20 5
2204 3341 40 21 per
2253 3339 59 21 cen.t.
2325 3330 5 25 I
2374 3349 8 6 ,
2422 3349 7 14 ,
2437 3342 2 7 >

1937 3360 39 22 All
1984 3361 64 22 other
2057 3361 107 22 Foreign
2169 3361 144 28 productions
2324 3351 13 43 f
2356 3351 28 20 ad
2394 3351 96 21 valorem
2491 3365 4 6 -

1950 3387 44 21 and
1999 3388 167 23 manufactures
2174 3389 25 21 10
2205 3395 41 20 per
2252 3393 59 19 cent.
2318 3383 12 32 J

2138 3415 188 25 EXCHANGE.

1935 3454 69 22 Bank
2013 3454 49 22 bills
2072 3462 28 14 on
2111 3455 96 23 London
2239 3443 82 42 j3O&
2333 3447 27 20 60
2372 3446 55 22 days
2436 3445 61 33 "«¥'
2505 3445 13 21 2

2246 3473 10 24 I
2290 3479 40 20 per
2340 3476 59 20 cent,
2410 3479 107 22 premium*

1936 3494 34 22 On
1979 3494 90 29 Sydney
2238 3506 18 13 ;.
2358 3500 72 22 Ditto.

1935 3520 89 23 Private
2034 3522 49 22 bills
2335 3527 111 23 Nominal.

1954 3574 40 17 The
2005 3575 48 17 New
2064 3575 100 19 Zealand
2175 3578 92 18 Gazette
2273 3581 39 16 and
2323 3581 132 17 Wellingtok
2466 3581 22 15 S?
2490 3582 27 13 kc

1933 3600 66 12 tator
2003 3601 17 12 is
2026 3596 97 21 published
2130 3603 55 17 every
2190 3599 115 22 Wednesday
2316 3601 36 17 and
2363 3602 92 19 Saturday.
2475 3600 40 17 Sub-

1930 3616 65 20 joined
2001 3621 31 13 are
2038 3618 31 16 the
2075 3620 67 16 terms:
2143 3628 23 4 —

1954 3637 65 18 Price
2025 3642 24 13 of
2055 3643 42 14 thb
2104 3640 98 18 Paper.—
2202 3641 55 22 Forty
2262 3642 86 22 shillings
2353 3647 32 17 per
2394 3647 74 15 annum,
2478 3645 36 17 psy-

1933 3660 40 15 aole
1979 3663 21 13 in
2006 3660 81 17 advance
2091 3666 5 15 ;
2107 3666 21 12 or
2135 3662 85 21 sixpence
2227 3663 29 17 for
2262 3663 60 22 single
2333 3665 91 16 numbers.

1954 3680 158 19 Advertisements
2118 3683 40 16 will
2163 3685 33 15 not
2201 3688 67 17 appear
2277 3685 21 17 in
2308 3685 33 17 the
2349 3685 78 21 ensuing
2431 3684 76 17 'number

1933 3700 17 17 if
1957 3701 84 17 received
2046 3702 49 18 later
2100 3703 47 17 than
2159 3705 19 16 10
2185 3704 74 20 o'clock,
2266 3709 50 17 a.m.,
2323 3711 24 12 on
2353 3706 32 17 the
2391 3706 88 19 mornings
2486 3704 26 16 be-

1931 3721 39 18 fore
1984 3722 120 21 publication.
2125 3725 160 18 Advertisements
2298 3727 39 17 will
2346 3728 22 16 be
2378 3726 95 18 continued
2479 3724 32 17 aad

1933 3742 78 21 charged
2022 3744 50 17 until
2079 3747 169 20 counter-ordered;
2259 3748 47 17 such
2312 3748 53 17 order
2370 3749 49 16 must
2425 3749 21 16 be
2453 3748 38 15 sent
2497 3746 16 15 to

1933 3763 31 17 the
1973 3765 57 17 Office
2041 3766 36 16 two
2096 3767 45 20 days
2160 3768 60 17 before
2230 3768 120 21 publication,
2361 3769 37 17 and
2407 3770 48 16 must
2464 3768 21 16 be
2493 3765 18 17 in

1932 3785 79 22 writing.
2036 3786 158 19 Advertisements
2206 3789 84 18 received
2308 3789 53 22 after
2377 3791 22 16 10
2413 3788 64 17 o'clock
2490 3790 21 12 on

1932 3806 85 22 Tuesday
2029 3808 36 16 and
2076 3808 68 22 Friday
2154 3810 94 21 mornings
2259 3810 38 18 will
2307 3812 24 16 be
2340 3810 77 21 charged
2426 3809 50 17 tvrice
2484 3807 27 16 the

1933 3827 55 17 usual
1992 3829 54 16 rates.

1953 3848 31 16 All
1990 3848 67 21 orders,
2067 3849 160 22 advertisements,
2238 3852 38 16 and
2286 3852 160 17 communications
2457 3853 18 13 to
2484 3848 27 17 tb«

1933 3869 71 19 Editor,
2008 3874 33 13 are
2045 3871 99 20 requested
2149 3873 20 15 to
2175 3872 23 16 b«
2203 3872 100 19 addressed
2309 3875 19 14 to
2334 3873 37 16 this
2377 3873 61 22 Office^

1493 145 76 21 Meat
1603 145 149 26 Company.

1552 169 138 33 JCHEESE.

1332 204 92 48 THE
1439 204 90 22 MEAT
1549 204 154 23 COMPANY
1723 209 92 23 expects
1831 205 88 28 shortly

1407 233 22 19 to
1439 231 93 22 receive.-
1535 230 90 28 regular
1630 231 96 28 supplies
1732 232 25 21 of
1766 232 85 22 Cheese
1862 232 55 22 from

1331 256 38 22 the
1380 257 143 28 Cowpasture
1532 258 45 22 and
1586 257 122 23 Terawitte
1712 258 98 22 Dairies.

1604 291 35 21 W.
1655 291 101 26 Flyoer,
1772 291 118 28 Manager.

1359 321 132 27 September
1498 323 35 26 29,
1545 322 61 23 1843.

1503 368 77 22 Meat
1596 369 149 26 Company.

1460 400 335 24 VEGETABLES.

1333 432 174 48 SHIPPING
1522 432 44 22 and
1578 432 110 22 'Families
1703 440 42 15 can
1758 434 30 21 he
1804 434 114 27 regularly

1384 458 102 28 supplied
1496 458 53 22 with
1557 458 30 22 all
1595 459 147 28 descriptions
1750 460 27 22 of
1783 460 134 28 vegetables.

1612 493 37 21 W.
1660 493 100 27 Flyger,
1772 493 118 28 Manager.

1358 524 131 27 September
1498 526 34 24 29,
1544 526 61 20 1843.

1502 572 75 21 Meat
1598 573 149 25 Company.

1333 603 90 50 THE
1444 604 236 28 UNDERSIGNED,
1699 605 84 27 having
1803 606 57 22 been
1879 614 40 21 ap-

1406 631 90 27 pointed
1511 632 110 26 Manager
1630 632 26 21 of
1669 631 38 22 the
1719 632 66 22 Meat
1793 633 123 28 Company,

1331 657 54 27 begs
1396 661 21 18 to
1426 665 119 15 announce
1553 658 50 22 that
1617 665 13 15 a
1640 658 88 28 regular
1735 659 80 28 supply
1823 660 27 21 of
1859 660 58 27 beef,

1331 686 94 26 mutton,
1445 684 46 22 and
1508 684 56 28 pork
1579 692 54 20 may
1653 685 80 27 always
1751 686 29 21 be
1800 686 119 28 depended

1331 718 61 20 upon
1402 714 24 19 at
1435 711 45 22 this
1488 711 175 22 establishment.

1359 738 33 21 As
1415 738 44 21 this
1482 738 115 28 Company
1616 745 107 25 purposes
1730 755 3 4 .
1741 738 80 28 selling
1840 743 23 18 at
1881 740 37 22 the

1330 764 79 22 lowest
1416 764 72 28 prices
1499 767 22 20 at
1535 764 73 23 which
1617 769 19 17 it
1650 765 18 22 is
1677 765 70 22 found
1757 766 38 21 the
1804 769 61 19 meat
1877 774 42 14 can

1331 791 28 22 be
1369 790 108 28 afforded,
1488 791 38 22 the
1535 791 151 27 undersigned
1693 792 19 21 is
1726 792 54 28 only
1789 793 128 21 authorized

1331 821 23 18 to
1364 818 51 26 give
1420 825 56 20 very
1481 818 86 22 limited
1576 818 78 27 credit,
1661 818 46 22 and
1714 818 39 22 has
1759 819 58 22 been
1825 820 94 22 ordered

1331 847 23 19 to
1370 847 49 25 stop
1434 844 31 23 all
1478 847 104 20 accounts
1597 845 74 22 which
1684 852 37 15 are
1736 849 42 18 not
1792 846 52 27 paid
1860 854 58 20 upon

1331 870 103 23 demand.

1359 905 47 21 The
1416 905 101 22 business
1527 905 25 22 of
1559 905 38 22 the
1608 906 113 28 Company
1730 906 19 21 is
1759 907 86 22 carried
1855 915 28 14 on
1893 908 24 21 in

1333 931 57 22 their
1405 939 50 15 new
1469 932 107 27 building,
1588 933 89 21 erected
1693 933 102 22 between
1815 934 103 22 France's

1333 958 68 22 Hotel
1420 959 43 22 and
1483 959 38 22 the
1539 959 58 22 head
1614 960 27 21 of
1655 960 36 21 the
1707 960 56 28 Bay,
1781 960 45 22 and
1841 962 77 26 nearly

1333 985 97 27 opposite
1440 989 24 18 to
1475 986 44 21 Mr.
1531 986 82 27 Lyon'i
1623 987 70 21 Store.

1604 1019 36 22 W.
1655 1020 101 26 Flyoer,
1774 1021 116 27 Manager.

1358 1050 130 22 November
1498 1052 34 25 23,
1545 1052 68 20 1842.,

1503 1096 76 21 Meat
1594 1097 150 27 Company,

1331 1129 73 49 AN
1432 1129 201 23 APPRENTICE
1661 1134 23 14 to
1711 1130 38 22 the
1773 1131 102 23 business
1899 1133 18 21 is

1409 1156 96 22 wanted.
1534 1157 43 21 For
1596 1157 138 27 particulars,
1751 1158 67 27 apply
1836 1166 27 14 on
1881 1159 36 22 the

1330 1183 114 27 premises.

1601 1210 38 22 W.
1655 1211 101 27 Flyoer,
1773 1211 117 28 Manager.

1357 1237 132 26 September
1498 1239 34 24 29,
1545 1238 60 21 1843.

1505 1282 77 21 Meat
1596 1283 148 25 Company.

1330 1317 186 48 WANTED,
1533 1324 12 14 a
1552 1316 71 22 vessel
1634 1317 26 21 of
1674 1317 67 21 about
1750 1319 28 19 30
1789 1321 56 22 tons,
1858 1321 21 19 to
1890 1318 27 21 be

1422 1343 59 26 ■kept
1497 1343 126 28 constantly
1641 1343 115 28 employed
1771 1344 24 22 in
1814 1345 104 27 bringing

1331 1369 54 28 pigs,
1397 1374 22 18 at
1429 1378 13 14 a
1453 1370 60 22 fixed
1523 1370 58 27 price
1592 1378 40 19 per
1642 1371 82 26 pound,
1731 1371 58 22 from
1801 1371 37 22 the
1848 1376 67 22 coast,

1331 1397 33 21 for
1373 1397 44 22 this
1428 1397 177 22 establishment.

1602 1430 37 21 W.
1655 1430 101 28 Flyger,
1771 1432 117 27 Manager.

1357 1462 131 27 September
1497 1463 34 25 29,
1544 1463 60 21 1843.

1539 1524 168 24 POSTAGE.

1357 1580 34 22 To
1406 1581 162 27 Subscribers,
1585 1589 78 15 other
1678 1583 144 21 Newspaper
1843 1583 73 22 Esta-

1331 1615 152 20 blishments,
1495 1616 46 14 and
1557 1609 159 22 Commanders
1734 1618 27 13 of
1777 1609 109 23 Vessels.
1890 1622 27 3 —

1332 1634 27 21 In
1369 1642 41 14 our
1420 1642 68 20 paper
1498 1636 25 20 of
1535 1636 131 26 September
1681 1637 34 25 30,
1727 1644 32 14 we
1770 1636 99 22 inserted
1879 1637 37 22 the

1330 1661 67 22 latest
1405 1662 139 26 regulations
1552 1663 70 21 about
1631 1663 102 26 Postage.
1761 1663 45 22 For
1816 1663 37 23 the
1863 1672 53 14 con-

1331 1689 106 21 venience
1456 1689 25 21 of
1499 1697 40 14 our
1556 1690 130 22 mercantile
1703 1690 91 27 friends,
1811 1698 32 14 we
1859 1691 56 21 have

1332 1716 86 26 printed
1429 1716 60 22 them
1507 1723 59 20 upon
1581 1724 13 14 a
1610 1716 52 22 half
1672 1717 63 21 sheet
1749 1717 26 21 of
1786 1724 75 21 paper,
1872 1718 44 22 and

1330 1742 53 27 they
1390 1750 40 14 can
1440 1750 50 14 now
1502 1743 26 22 be
1538 1743 155 28 conveniently
1700 1744 77 27 posted
1787 1745 23 21 in
1817 1752 29 14 an
1852 1745 63 22 office

1330 1769 34 23 for
1373 1770 92 26 general
1474 1770 123 22 reference.

1359 1804 41 21 We
1411 1808 83 17 cannot
1505 1804 111 21 ourselves
1625 1804 79 27 gather
1713 1805 57 22 from
1783 1805 36 22 the
1829 1806 86 26 regula-

1332 1831 58 22 tions
1401 1831 35 21 the
1445 1836 93 22 postage
1549 1831 132 27 chargeable
1691 1839 60 20 upon
1770 1832 97 22 colonial
1876 1840 40 20 pa-

1327 1865 53 26 pers
1390 1858 77 26 posted
1484 1862 25 17 at
1524 1858 146 26 Wellington^
1675 1859 45 22 <but
1736 1867 32 14 we
1780 1859 63 22 ixave
1855 1860 60 22 been

1330 1884 112 23 informed
1452 1884 50 21 that
1510 1884 37 22 the
1556 1891 50 15 sum
1619 1884 130 28 chargeable
1760 1886 18 21 is
1789 1893 43 15 one
1841 1894 74 20 penny

1326 1919 43 20 .per
1378 1919 75 20 paper.
1482 1912 54 22 This
1545 1912 19 21 is
1573 1919 14 14 a
1597 1911 72 27 heavy
1680 1916 44 22 tax,
1735 1913 47 22 and
1790 1913 82 23 indeed
1882 1921 33 15 we

1331 1943 87 23 suspect
1426 1938 38 21 the
1474 1939 135 26 regulations
1621 1939 43 22 will
1679 1939 28 22 be
1722 1940 69 21 found
1801 1940 114 28 generally

1330 1969 23 18 to
1362 1966 55 21 bear
1427 1966 99 27 severely
1538 1973 59 20 upon
1608 1966 38 21 the
1656 1966 113 23 coLmists.

1339 1997 8 32 \
1358 1997 49 21 One
1416 2004 75 21 penny
1508 1997 53 21 each
1578 1997 45 21 will
1637 2002 92 17 amount
1745 2002 23 18 to
1785 1998 60 27 eight
1861 1999 53 21 shil-

1329 2023 57 28 lings
1396 2024 44 22 and
1451 2024 62 27 eight
1521 2031 68 20 pence
1607 2032 39 19 per
1662 2032 82 15 annum
1755 2032 60 20 upon
1827 2032 39 15 our
1875 2034 39 19 pa-

1329 2058 46 20 per.
1404 2051 53 22 This
1468 2058 49 15 sum
1532 2058 32 14 we
1578 2051 58 21 shall
1653 2052 26 21 be
1694 2052 89 27 obliged
1800 2056 22 18 to
1832 2053 81 26 charge

1329 2078 112 28 quarterly
1451 2078 25 21 in
1492 2078 99 21 advance
1607 2079 34 20 for
1651 2086 77 19 papers
1745 2079 94 21 ordered
1853 2083 22 17 to
1885 2080 28 21 be

1328 2108 50 18 sent
1385 2109 39 17 out
1433 2105 26 21 of
1467 2104 37 22 the
1514 2104 85 27 colony,
1608 2105 29 26 by
1644 2112 91 20 persons
1743 2105 100 23 resident
1851 2106 61 22 here.

1329 2132 63 21 More
1404 2132 52 21 than
1473 2139 43 14 one
1530 2138 53 21 year
1597 2131 63 23 since
1672 2139 31 15 we
1717 2132 134 22 announced
1865 2133 49 22 that

1328 2166 32 14 we
1369 2159 73 21 would
1453 2163 41 17 not
1503 2159 77 27 supply
1592 2166 78 20 papers
1688 2163 21 17 to
1723 2159 83 28 parties
1815 2160 99 27 residing

1328 2190 38 18 out
1383 2186 26 21 of
1420 2186 38 22 the
1474 2185 85 27 colony,
1571 2185 76 22 unless
1663 2186 53 22 such
1732 2186 135 22 subscribers
1877 2194 35 15 ar-

1328 2213 83 26 ranged
1422 2213 34 21 for
1470 2211 39 23 the
1524 2215 106 24 payment
1646 2213 33 21 for
1691 2213 62 22 them
1770 2213 95 28 through
1883 2222 29 14 an

1326 2243 68 24 agent
1404 2240 59 22 here.
1493 2239 59 28 Only
1561 2243 43 17 two
1614 2239 86 28 foreign
1710 2240 136 22 subscribers
1855 2241 57 22 have

1326 2267 108 22 attended
1441 2270 24 18 to
1476 2266 44 22 this
1530 2267 80 26 notice,
1624 2267 44 21 and
1679 2267 37 22 the
1730 2267 74 27 heavy
1815 2274 97 21 expence

1326 2294 26 21 of
1362 2297 92 24 postage
1465 2297 22 19 to
1498 2293 71 22 which
1578 2301 34 14 we
1628 2293 56 23 shall
1693 2295 28 21 be
1731 2295 93 26 subject,
1836 2295 76 22 makes

1326 2322 18 20 it
1353 2321 126 28 absolutely
1489 2328 118 19 necessary
1616 2321 37 21 for
1661 2328 26 14 us
1695 2329 48 14 now
1759 2325 24 18 to
1798 2328 64 21 carry
1872 2330 40 14 our

1324 2347 76 23 notice
1408 2348 47 22 into
1465 2348 72 22 effect.
1557 2347 28 22 In
1596 2347 73 23 future
1679 2348 90 28 English
1776 2349 135 22 subscribers

1326 2375 50 22 who
1393 2375 56 22 have
1466 2378 41 19 not
1521 2373 52 29 paid
1582 2374 59 22 their
1658 2375 158 28 subscriptions
1834 2375 24 22 in
1876 2384 36 14 ac-

1325 2402 110 22 cordance
1462 2401 52 23 with
1538 2408 38 15 our
1595 2402 81 27 notice,
1697 2403 45 21 and
1766 2402 50 22 who
1840 2402 72 23 desire

1324 2432 23 18 to
1376 2429 58 22 have
1459 2436 43 15 our
1526 2430 85 20 Gazette
1636 2432 58 19 must
1723 2429 66 28 apply
1818 2432 23 19 to
1872 2438 40 13 our

1325 2455 97 23 London
1444 2456 84 27 Agent,
1554 2457 45 21 Mr.
1625 2456 94 27 Bowler,
1748 2460 24 18 at
1796 2457 37 21 the
1857 2457 55 22 New

1325 2483 101 22 Zealand
1442 2483 135 28 Company's
1595 2483 78 24 Office,
1688 2483 101 28 London,
1806 2488 21 17 to
1839 2484 72 22 whom

1324 2518 33 13 we
1373 2510 57 21 have
1446 2510 60 21 been
1515 2510 137 27 forwarding
1668 2514 33 18 lor
1716 2518 61 14 some
1793 2511 53 21 time
1863 2514 49 24 past

1324 2537 45 22 and
1378 2540 23 18 to
1410 2537 72 22 whom
1492 2544 32 15 we
1535 2537 56 21 shall
1607 2537 105 22 continue
1723 2542 22 17 to
1755 2537 97 22 forward
1862 2538 50 28 fifty

1324 2565 75 25 copies
1416 2564 25 21 of
1462 2564 40 21 the
1522 2565 93 20 Gazette.
1654 2565 47 21 The
1720 2565 53 27 only
1792 2565 120 22 difference

1324 2591 45 22 will
1378 2591 29 21 be
1417 2591 51 27 this,
1479 2590 49 22 that
1536 2591 126 22 heretofore
1674 2599 30 14 we
1719 2591 59 22 have
1791 2596 50 17 sent
1851 2592 59 22 them

1324 2618 97 27 through
1432 2617 37 22 the
1480 2621 56 24 post,
1547 2618 45 21 and
1607 2625 50 15 now
1670 2626 30 14 we
1718 2622 58 18 must
1786 2618 55 23 send
1850 2618 60 23 them

1323 2645 31 27 by
1361 2645 86 27 private
1458 2645 148 27 opportunity,
1616 2653 24 14 as
1650 2646 17 21 it
1677 2653 50 19 may
1735 2646 62 26 offer,
1806 2646 27 21 of
1839 2646 71 22 which

1324 2672 37 22 the
1372 2672 94 26 Postage
1477 2672 146 26 Regulations
1634 2673 80 27 permit
1722 2680 5 19 ;
1738 2672 54 27 they
1803 2672 43 23 will
1858 2681 53 14 con-

1323 2698 118 28 sequently
1449 2702 42 18 not
1501 2698 27 22 be
1538 2698 106 23 obtained
1654 2707 23 14 so
1686 2699 134 28 frequently.

1352 2732 31 21 As
1392 2739 32 13 we
1434 2730 58 23 shall
1502 2730 55 22 have
1568 2734 21 18 to
1599 2739 44 20 pay
1653 2735 89 24 postage
1753 2739 30 14 on
1794 2732 29 21 all
1833 2739 79 21 papers

1322 2766 33 14 we
1371 2758 56 22 send
1443 2761 24 18 to
1482 2765 26 15 or
1521 2758 87 22 receive
1622 2758 58 22 from
1701 2758 38 22 the
1755 2759 107 27 colonies,
1878 2767 33 14 we

1323 2788 60 19 must
1392 2784 89 22 decline
1491 2785 37 22 the
1539 2788 88 24 greater
1642 2787 50 26 part
1705 2785 26 22 of
1743 2793 42 15 our
1794 2785 117 28 exchange

1322 2819 86 21 papers,
1419 2819 24 14 as
1454 2812 38 21 the
1503 2815 38 19 tax
1550 2812 75 22 would
1634 2812 40 22 fall
1684 2819 53 20 very
1743 2813 167 28 severely-upon

1322 2846 41 15 our
1379 2839 63 21 small
1462 2839 176 21 establishment.
1675 2839 74 22 Those
1769 2839 49 22 who
1839 2848 70 19 cease,

1322 2866 59 22 after
1389 2866 44 22 this
1441 2869 24 18 to
1474 2866 86 22 receive
1571 2874 41 14 our
1616 2873 75 20 paper,
1700 2866 43 22 will
1753 2866 76 27 please
1839 2867 73 23 there-

1322 2893 47 22 fore
1380 2895 22 19 to
1413 2892 138 23 understand
1561 2900 41 15 our
1611 2900 79 15 reason
1700 2901 25 14 as
1735 2901 50 15 now
1794 2894 76 27 given.

1352 2925 40 22 We
1406 2925 57 22 have
1479 2925 57 22 been
1552 2925 24 22 in
1596 2925 38 22 the
1653 2925 62 22 habit
1729 2926 26 21 of
1772 2926 79 28 giving
1871 2934 41 15 our

1321 2959 69 21 paper
1404 2955 21 18 to
1444 2952 39 21 the
1498 2955 93 19 masters
1608 2953 26 21 of
1646 2952 30 23 all
1691 2952 60 28 ships
1765 2953 24 22 in
1804 2953 106 23 harbour.

1322 2979 54 22 This
1385 2979 41 22 has
1434 2979 60 22 been
1504 2987 13 14 a
1526 2979 92 22 heavier
1632 2982 40 19 tax
1688 2980 54 22 than
1757 2987 70 21 many
1837 2981 74 22 would

1321 3013 102 21 suppose,
1434 3006 47 22 and
1490 3006 38 22 the
1538 3010 38 18 tax
1585 3006 41 22 has
1635 3007 58 22 been
1710 3007 39 22 the
1758 3015 61 14 more
1836 3008 41 22 felt
1886 3015 25 15 as

1321 3033 38 22 the
1368 3036 94 19 masters
1480 3033 26 22 of
1516 3033 60 28 ships
1592 3034 59 22 have
1666 3034 74 27 rarely
1748 3034 127 23 forwarded
1883 3043 27 14 us

1320 3067 81 21 papers
1409 3060 23 22 in
1441 3064 86 24 return,
1538 3069 26 14 or
1573 3061 99 22 afforded
1686 3069 26 14 us
1726 3062 146 22 information
1887 3062 27 22 of

1321 3095 45 20 any
1376 3086 144 29 description.
1546 3088 33 22 To
1589 3088 56 22 such
1655 3089 156 22 commanders
1820 3096 25 15 as
1853 3090 57 21 send

1320 3121 27 15 us
1355 3121 86 20 papers,
1453 3122 26 14 or
1488 3114 81 23 render
1583 3123 28 14 us
1627 3116 72 22 useful
1714 3116 151 28 information,
1877 3124 33 15 we

1320 3140 58 23 shall
1387 3142 27 21 be
1424 3141 77 29 happy
1510 3142 44 22 still
1563 3146 22 18 to
1594 3142 53 28 give
1656 3143 38 22 the
1707 3144 88 21 Gazette
1801 3151 5 19 ;
1822 3143 41 22 but
1872 3143 37 23 the

1320 3168 74 27 heavy
1404 3175 96 21 expense
1510 3170 26 21 of
1541 3172 92 25 postage
1637 3172 25 20 to
1667 3170 73 23 which
1750 3179 33 14 we
1792 3170 59 23 shall
1860 3178 50 15 now

1320 3196 30 21 be
1358 3195 105 27 exposed,
1474 3196 78 23 makes
1560 3197 18 22 it
1587 3204 119 21 necessary
1715 3198 35 21 for
1758 3205 28 15 us
1795 3201 23 19 to
1828 3205 82 15 econo-

1319 3222 57 23 mise
1386 3222 30 22 all
1430 3222 39 25 the
1484 3231 77 17 means
1575 3224 23 21 in
1614 3231 41 15 our
1670 3232 80 21 power.
1780 3225 40 22 We
1836 3225 74 22 there-

1319 3250 47 21 fore
1382 3257 118 16 announce
1515 3250 49 23 that
1578 3251 171 23 henceforward
1763 3252 45 22 this
1823 3255 86 19 custom

1319 3276 139 23 terminates.

1319 3331 93 49 THE
1434 3333 82 20 Nelton
1537 3334 118 20 Examiner
1677 3335 43 20 and
1740 3335 54 19 New
1816 3335 94 21 Zealand

1394 3359 111 23 Chronicle
1520 3360 127 30 (published
1656 3365 24 18 at
1688 3361 102 28 Nelson,)
1806 3361 19 22 is
1843 3369 66 20 regu-

1318 3385 57 28 larly
1395 3387 141 23 transmitted
1550 3391 23 18 to
1589 3387 145 28 Wellington,
1754 3388 46 22 and
1814 3396 51 21 may
1879 3389 28 21 be

1318 3412 43 22 had
1372 3415 24 19 at
1404 3413 37 22 the
1452 3414 64 22 office
1527 3414 25 22 of
1563 3414 43 22 this
1616 3422 74 20 paper.

1344 3439 52 23 The
1402 3441 80 21 Nelson
1491 3442 115 20 Examiner
1622 3439 45 24 will
1676 3442 27 22 be
1713 3441 70 23 found
1792 3448 30 15 an
1833 3443 74 21 excel-

1317 3467 48 22 lent
1373 3467 101 23 medium
1483 3468 35 22 for
1528 3468 140 22 advertisers.

1314 3513 4 6 >
1343 3499 84 22 Terms,
1431 3499 35 22 for
1475 3499 39 22 the
1523 3507 74 21 paper,
1607 3503 38 18 ten
1654 3499 100 28 shillings
1768 3507 40 20 per
1817 3503 90 24 quarter

1316 3525 95 30 payable
1418 3527 24 20 in
1453 3526 109 26 advance.

1345 3557 81 23 Orders
1448 3558 36 21 for
1503 3558 37 23 the
1562 3565 69 21 paper
1653 3558 45 24 and
1720 3558 185 23 advertisements

1317 3584 102 24 received
1428 3587 23 19 at
1461 3584 39 22 the
1510 3584 70 23 Office
1591 3585 27 22 of
1630 3584 43 22 this
1683 3592 75 20 paper.

1481 3635 76 20 Meat
1590 3634 150 28 Company.
1757 3648 4 3 •

1550 3668 126 22 BUTTER

1317 3700 160 51 ALWAYS
1491 3707 30 15 on
1531 3699 68 28 hand,
1615 3700 46 21 and
1676 3704 23 18 to
1713 3701 29 21 be
1757 3701 53 27 had,
1821 3701 84 23 whole-

1396 3728 44 22 sale
1460 3727 43 22 and
1523 3727 71 27 retail,
1614 3730 24 19 at
1656 3727 49 22 the'
1717 3728 81 24 lowest
1816 3729 89 22 market

1314 3756 69 28 price,
1399 3762 13 15 a
1429 3755 62 27 large
1510 3753 80 29 supply
1604 3754 27 21 of
1645 3754 38 23 the
1696 3755 131 24 celebrated
1841 3757 64 22 Cow-

1316 3786 89 24 pasture
1413 3781 47 24 and
1468 3781 120 24 Terawitte
1600 3781 72 29 Dairy
1682 3782 86 23 Butter.

1588 3815 36 22 W.
1637 3815 105 28 Flyger,
1758 3817 119 28 Manager.
1897 3833 1 4 ■

1343 3848 97 27 Oe.tober
1449 3848 36 27 27,
1497 3849 62 22 1843.

1507 3894 84 21 Fresh
1606 3895 104 27 Butter,

1315 3928 164 51 ALWAYS
1495 3935 29 14 on
1539 3928 50 23 Sale
1604 3932 25 18 at
1645 3928 38 23 the
1693 3930 63 23 Meat
1769 3931 135 29 Company's

1396 3955 115 29 premises.

1587 3982 36 23 W.
1639 3982 103 31 FfcYOER,
1758 3986 121 28 Manager.
