4260 5920
94 193 43 28 for
151 194 46 28 the
211 193 59 28 first
285 203 72 27 year,
366 193 53 29 and
431 193 122 39 supplies
567 193 80 28 horse

96 233 59 30 feed
172 235 57 33 (the
242 234 78 28 value
334 235 37 27 of
372 234 48 29 the
432 235 82 27 latter
528 241 29 21 to
570 243 77 20 come

76 274 2 39 '
94 282 47 21 out;
153 274 29 29 of
197 275 47 27 the
258 274 60 29 first
332 278 87 35 crop).
459 275 59 28 The
531 276 101 27 cultiva-

94 319 42 23 tor
149 317 28 26 to
191 318 50 35 put
255 315 46 29 the
321 325 66 28 crop
409 316 37 34 in,
471 315 64 29 take
560 316 19 28 it
602 316 45 35 off,

76 354 1 41 '
90 354 77 29 clean
181 355 55 28 and
251 356 54 36 bag
323 355 34 29 all
372 355 80 40 grain
468 356 27 28 fit
518 355 44 29 for
575 367 53 18 mar-

94 395 52 29 ket.
188 395 55 29 For
262 396 56 30 this
338 396 34 29 he
399 397 22 28 is
448 396 116 30 allowed
579 402 51 24 two-

94 435 85 29 thirds
193 437 30 27 of
236 437 46 29 the
296 437 129 37 produce,
447 438 48 28 the
509 448 136 28 company

90 475 131 40 daifning
235 478 150 29 one-third.
427 478 81 29 After
525 478 47 29 the
587 478 59 30 first

90 528 97 18 season
202 520 47 27 the
261 520 148 28 cultivator
423 520 71 29 finds
515 521 64 27 seed
602 522 43 26 for

90 558 6 10 T
98 558 33 26 :is
164 559 88 28 share.
310 559 58 29 The
400 570 146 27 eagerness
579 560 66 28 with

89 598 88 29 which
194 600 54 27 this
261 600 65 28 land
346 600 23 28 is
382 602 102 36 sought
497 600 72 29 after
582 610 62 27 may

90 638 35 29 be
134 638 108 39 judged
264 641 35 34 by
328 641 44 27 the
398 640 56 29 fact
481 641 60 29 that
567 642 76 27 three

117 690 53 18 toes
184 680 47 29 the
242 681 115 28 number
367 682 29 27 of
405 681 181 38 applications
597 691 46 18 are

132 721 72 28 hand
222 722 58 27 that
295 722 76 28 there
385 723 19 26 i-
420 722 63 28 land
510 721 132 29 available

90 760 53 31 for.
183 761 57 30 The
254 762 144 28 cultivator
414 763 45 28 has
483 764 44 26 the
549 762 93 35 option

90 802 27 29 in
134 801 40 30 his
188 810 160 28 agreement
361 813 29 17 or
414 804 156 37 occupying
595 804 44 27 the

92 842 63 29 land
171 844 67 27 until
258 843 76 34 1903,
355 844 76 27 when
460 844 45 27 the
532 847 67 24 term
615 844 29 27 of

91 884 72 27 lease
177 884 121 27 between
320 885 46 25 the
388 883 186 29 Government
588 884 53 27 and

92 924 47 28 the
164 924 98 28 lessees
275 924 117 37 expires.
435 926 36 25 At
485 924 46 27 the
545 924 95 37 expiry

90 964 31 29 of
139 964 55 28 this
216 970 69 21 term
306 965 46 27 the
375 964 185 28 Government
574 964 68 28 have

90 1004 127 28 reserved
232 1009 26 22 to
282 1004 47 27 the
347 1004 146 27 cultivator
508 1004 45 27 the
567 1004 73 33 right

92 1044 28 28 of
139 1043 133 39 selecting
295 1042 46 29 the
367 1043 62 28 land
457 1044 32 28 he
515 1043 125 39 occupies

93 1085 86 28 either
191 1085 88 28 under
291 1096 16 16 a
317 1085 65 38 long
395 1085 70 28 lease
478 1096 30 17 or
519 1085 64 29 with
595 1084 45 29 the

91 1126 76 36 right
181 1127 28 26 of
222 1125 142 39 purchase.
404 1125 104 28 Should
529 1125 34 27 he
578 1127 62 26 thus

93 1166 93 29 decide
200 1166 33 28 he
247 1169 74 26 must
333 1176 54 29 pay
400 1165 46 30 the
459 1175 136 30 company
611 1167 29 27 5s

90 1217 51 25 per
165 1217 61 16 acre
240 1208 26 25 in
281 1208 53 25 five
347 1208 98 25 annual
459 1208 181 29 instalments,

91 1245 90 28 which
194 1245 109 28 entitles
317 1245 56 28 him
388 1249 27 24 to
442 1246 45 27 the
511 1245 86 30 whole
612 1245 30 29 of

90 1286 48 27 the
151 1286 214 38 improvements
381 1286 85 27 which
492 1297 60 26 may
572 1287 68 27 have

90 1327 71 27 been
188 1326 76 28 made
279 1337 34 16 on
330 1327 44 28 the
402 1326 61 28 land
491 1327 87 28 either
606 1326 33 38 by

93 1367 110 28 himself
214 1377 31 17 or
257 1367 47 28 the
317 1376 143 28 company.

130 1407 56 28 Our
200 1406 186 29 Government
409 1407 62 28 look
496 1407 65 28 with
576 1418 63 25 very

95 1452 77 29 great
184 1447 98 28 favour
307 1457 32 18 on
367 1447 47 28 the
428 1447 159 39 enterprise,
611 1456 29 19 as

95 1489 63 34 they
183 1491 100 25 cannot
307 1487 46 28 fail
373 1492 28 23 to
415 1498 44 17 see
473 1488 59 28 that
546 1499 32 16 an
593 1498 31 17 en-

92 1528 106 29 temive
223 1527 52 28 and
301 1534 162 30 permanent
484 1527 154 29 settlement

94 1568 28 31 of
132 1569 45 28 the
187 1568 62 29 laud
258 1567 53 29 will
325 1568 315 39 result—consequently

95 1611 135 36 retaining
243 1619 13 18 a
271 1609 75 34 large
360 1610 115 27 number
499 1611 24 27 oi
547 1620 13 18 a
576 1619 63 27 vjry

94 1649 134 28 desirable
240 1649 70 28 class
324 1649 27 27 of
365 1649 137 36 colonists,
513 1650 60 27 who
588 1649 52 28 will

94 1691 35 28 be
143 1700 116 18 revenue
270 1690 156 37 producers,
440 1691 51 27 and
509 1691 58 26 who
581 1701 61 26 may

97 1730 143 28 otherwise
259 1730 68 27 have
345 1731 100 34 sought
468 1731 72 28 fresh
556 1730 85 29 fields.

102 1771 21 26 It
148 1769 23 29 is
194 1771 46 26 the
259 1769 135 28 intention
408 1770 29 28 of
450 1770 46 27 the
510 1780 132 27 company

97 1814 27 23 to
137 1809 102 28 extend
254 1810 70 27 their
337 1810 163 36 operations,
515 1810 129 37 covering

96 1851 118 34 150,000
228 1860 83 24 acres,
326 1850 94 28 within
447 1862 16 16 a
489 1861 64 27 very
568 1851 76 28 short

95 1891 104 37 period,
214 1890 97 36 which,
327 1891 75 27 when
412 1891 164 38 completed,
592 1891 50 28 will

96 1931 68 26 rank
180 1934 129 33 amongst
331 1930 47 27 the
403 1931 102 36 largest
520 1931 82 28 farms
617 1931 27 27 of

96 1971 45 27 the
155 1969 94 29 world.
288 1969 39 29 To
341 1970 80 28 settle
434 1981 33 17 on
494 1971 52 28 and
570 1971 72 28 work

96 2011 54 28 this
182 2011 76 33 large
291 2018 69 21 tract
391 2011 29 28 of
449 2018 115 31 country
592 2011 50 29 will

94 2051 162 36 reasonably
271 2059 139 29 represent
421 2062 15 17 a
447 2052 158 37 population
616 2052 29 28 of

92 2091 70 28 from
177 2092 83 32 4,000
275 2100 27 19 to
317 2092 81 34 5,000
412 2092 105 37 people,
542 2092 29 28 of
597 2093 45 27 the

92 2140 66 29 very
186 2132 60 28 best
278 2131 79 37 class,
386 2133 61 28 who
473 2143 62 26 may
557 2133 87 38 justly

91 2179 100 28 expect
205 2178 28 22 to
247 2173 81 28 make
341 2183 16 17 a
366 2173 179 29 comfortable
558 2174 87 37 living

88 2212 54 27 and
163 2211 57 28 find
235 2217 160 30 permanent
408 2213 104 28 homes.

92 2310 66 41 The
172 2311 154 41 Minister
338 2311 40 41 of
388 2312 113 42 Public
518 2312 123 42 Works

283 2382 41 27 on
351 2370 100 40 Tour.

115 2457 374 29 HEHIOT-KOXBURGH
511 2459 84 27 RAIL-

242 2504 92 29 WAY
356 2505 136 30 ROUTE.

89 2582 228 29 INSPECTION
339 2583 52 28 BY
416 2584 77 27 THE
513 2571 139 42 MINIS-!

217 2629 140 31 TERIAL
380 2631 135 29 PARTY.

123 2711 58 29 The
195 2711 73 28 Hon.
285 2710 42 28 W.
345 2710 173 37 Hall-Jones,
541 2712 95 29 Minis-
651 2698 1 59 |

88 2756 41 24 ter
143 2752 28 27 of
184 2751 96 27 Public
293 2751 112 31 Work?,
417 2761 53 18 was
484 2758 111 31 prompt
609 2756 28 22 to
650 2751 2 38 \

87 2792 108 30 redeem
206 2792 40 28 his
258 2791 116 38 promise
388 2791 78 29 made
477 2791 101 40 daring
590 2791 45 31 the

87 2832 103 31 session
204 2836 29 24 to
247 2832 63 28 visit
325 2831 152 29 Southland
496 2832 53 28 and
565 2832 69 29 Cen-
649 2831 2 32 !

87 2872 50 31 Iral
153 2873 89 34 Otago
264 2872 103 39 daring
386 2872 47 29 the
455 2883 96 18 recess.
592 2872 44 29 He

87 2914 106 28 arrived
209 2913 35 37 by
257 2914 71 26 train
342 2916 29 25 at
381 2912 98 30 Heriot
492 2925 33 16 on
541 2914 93 29 Safcur-
648 2912 3 43 j

87 2955 54 32 day
154 2954 154 31 afternoon,
321 2954 193 37 accompanied
538 2954 36 37 by
593 2954 42 28 his
648 2947 3 45 j

89 2994 105 40 private
205 2997 137 35 secretary
360 2992 56 37 (Mr
434 2996 30 26 A.
482 2993 29 31 E.
527 2993 85 30 Home-

87 3035 87 36 man),
202 3034 45 28 Mr
272 3033 31 29 E.
318 3034 45 29 »K.
388 3034 99 35 Usher,
503 3034 36 30 M.
555 3034 80 37 Inst.,
648 3023 3 54 |

89 3076 57 28 C.E
160 3098 5 7 ,
180 3074 116 28 District
317 3074 148 38 Engineer,
491 3076 45 27 the
563 3074 72 28 Hon.

88 3116 35 29 D.
146 3114 161 35 Pinkerton,
330 3114 117 32 M.L.0.,
471 3116 97 37 Otago,
593 3116 44 27 Mr
649 3114 2 39 i

86 3156 29 28 J.
131 3155 45 29 W.
191 3155 167 36 Thompson,
381 3155 123 35 M.H.R.,
521 3155 115 35 .Clutha,

87 3196 46 29 Mr
157 3198 33 25 A.
213 3195 145 33 Morrison,
387 3194 123 37 M.H.K.,
538 3182 113 47 Caver-]

88 3237 88 34 sham,
198 3234 46 28 Mr
268 3234 26 28 J.
322 3235 43 27 W.
393 3235 92 36 Kelly,
511 3235 125 33 M.H.R.,
649 3231 3 47 |

92 3274 185 39 [nvercargill,
291 3274 52 28 and
369 3275 45 28 Mr
435 3275 36 29 M.
487 3274 150 37 Gilfedder,

87 3316 127 35 M.H.K.,
228 3314 127 30 Wallace.
396 3316 38 27 As
445 3316 88 28 stated
546 3316 26 29 in
586 3316 51 30 last

87 3367 81 24 issue,
182 3357 48 27 the
243 3356 162 29 Ministerial
430 3362 78 32 party
523 3358 112 28 notified
649 3356 3 38 i

87 3398 47 29 the
167 3396 96 38 Mayor
287 3395 30 30 of
343 3396 149 40 Roxburgh
520 3398 56 35 (Mr
599 3397 36 30 H.
650 3394 2 42 j

86 3438 106 36 Baillie)
205 3438 29 27 of
244 3438 71 28 their
322 3438 130 28 intended
463 3439 97 27 arrival
572 3439 64 28 here
650 3438 2 36 ;

87 3490 33 16 on
137 3478 122 36 Sunday,
278 3477 54 28 and
355 3478 47 28 the
425 3478 73 28 Hon.
515 3480 43 26 Mr
571 3478 64 29 Lar-
649 3477 3 37 i

89 3519 66 28 nach
170 3518 71 35 (who
256 3528 52 18 was
329 3518 149 38 prevented
493 3519 37 37 by
544 3519 91 28 illness
649 3518 2 38 .

90 3570 66 19 from
171 3560 217 36 accompanying'
400 3560 47 27 the
463 3561 101 36 party),
579 3560 56 27 also
650 3556 1 41 j

88 3611 69 21 irave
170 3599 90 28 notice
273 3605 28 22 to
314 3600 48 29 the
375 3600 140 37 president
539 3601 29 26 of
590 3600 46 29 the

90 3640 209 36 Roxburgh-He
303 3640 50 27 riot
379 3640 122 36 Railway
525 3640 113 38 League

90 3680 54 39 (Mr
157 3680 73 29 John
245 3679 111 41 Inglis),
371 3684 27 24 to
424 3680 47 29 the
497 3680 137 31 chairman

86 3723 53 27 and
165 3725 136 29 secretary
333 3722 29 27 of
388 3722 46 27 the
460 3722 97 27 Teviot
583 3722 52 27 and

88 3761 155 30 Alexandra
266 3760 212 40 Fruitgrowers'
494 3761 141 37 Company

89 3803 113 32 (Messrs
215 3802 72 27 John
303 3803 134 27 Bennetts
457 3802 52 27 and
532 3802 104 30 Joseph

86 3843 158 36 Tamblyi:),
268 3843 54 27 and
348 3845 28 25 to
404 3843 104 26 several
534 3842 29 27 of
588 3842 48 28 the

87 3884 110 35 lending
210 3883 133 28 residents
369 3883 28 28 of
411 3883 47 28 the
471 3883 65 29 fact.
577 3883 58 27 The
649 3883 2 36 \

189 3934 55 17 was
265 3927 45 24 too
325 3923 109 28 hurried
450 3927 28 23 to
492 3923 64 35 give
571 3927 9 23 t
595 3934 41 15 me

87 3964 54 29 and
155 3963 47 28 the
216 3963 51 37 day
289 3964 29 27 of
339 3963 98 29 arrival
450 3964 185 37 inopportune
648 3963 3 38 I

86 4005 44 27 for
142 4003 135 38 anything
290 4003 27 27 in
332 4003 45 27 the
391 4009 96 22 nature
499 4003 29 28 of
536 4014 15 17 a
565 4003 70 38 pub-
649 4003 1 38 ;

86 4046 34 28 lie
129 4045 203 36 reception,but
341 4044 45 29 the
396 4044 121 36 Railway
527 4044 108 32 League
648 4044 3 39 j

85 4090 29 26 at
127 4095 66 20 once
205 4085 135 36 arranged
361 4085 60 28 that
434 4095 75 18 some
522 4085 29 28 of
565 4085 70 27 their
647 4084 4 37 '

85 4127 135 29 members
233 4125 97 29 shouid
353 4130 71 25 meet
444 4126 48 29 the
506 4125 130 30 Minister

86 4172 29 24 at
128 4167 106 31 Heriot,
249 4167 65 27 with
328 4167 45 27 the
388 4167 136 28 members
538 4167 30 27 of
589 4167 46 26 the

83 4208 98 34 league
194 4206 52 27 and
261 4206 79 27 other
360 4206 155 35 gentlemen
532 4206 26 27 in
574 4205 60 29 that
648 4205 1 37 i

85 4248 115 30 district.
228 4247 76 28 With
315 4248 59 27 that
384 4248 133 27 intention
534 4248 100 28 Messrs

85 4289 100 29 Dunne
214 4288 146 36 (secretary
385 4287 29 29 of
440 4289 45 27 the
511 4289 120 33 league),
647 4287 3 37 j

88 4329 100 37 Joseph
202 4328 132 37 Tamblyn
350 4328 51 28 and
414 4328 72 28 John
504 4330 130 26 Bennetts
648 4324 1 42 j

87 4370 67 29 rode
167 4374 27 25 to
209 4369 97 29 Heriot
325 4381 34 15 on
385 4368 137 34 Saturday
544 4381 72 17 morn-

88 4410 56 37 ing,
158 4410 52 26 and
224 4410 77 26 there
321 4419 15 17 a
362 4409 75 34 large
460 4416 78 28 party
565 4420 69 17 were
648 4409 2 38 i

88 4449 153 31 assembled
267 4452 29 26 to
325 4454 71 23 meet
421 4449 47 29 the
494 4450 73 28 Hon.
591 4449 46 30 Mr

88 4490 174 30 Hall-Jones.
304 4490 92 27 About,
417 4491 172 36 twenty-five
609 4491 28 27 of
649 4490 3 37 |

90 4532 46 26 the
167 4529 132 39 principal
344 4530 117 33 settlers,
493 4530 144 32 including

88 4571 103 30 Messrs
217 4570 73 28 John
317 4570 67 28 Edie
401 4569 166 37 (Dunrobin)
583 4570 52 27 and
650 4569 2 37 i

87 4612 94 29 James
202 4610 57 28 Sim
286 4610 191 36 (Crookston),
493 4608 143 35 Bf.'sC.C,
650 4605 2 45 {

86 4663 71 17 were
170 4662 35 18 on
219 4651 47 28 the
280 4650 99 28 station
402 4651 77 29 when
504 4650 46 29 the
562 4650 73 29 train
651 4650 1 34 |

85 4692 117 34 arrived,
216 4690 54 28 and
291 4690 45 28 Mr
357 4690 100 28 Dunne
477 4689 161 29 introduced
651 4687 1 39 j

87 4734 49 27 the
150 4732 158 38 deputation
320 4736 28 22 to
358 4730 47 28 the
417 4730 135 30 Minister.
595 4731 42 25 An
651 4730 1 40 i

88 4772 193 40 adjournment
296 4782 54 16 was
370 4771 65 28 then
458 4770 79 28 made
550 4774 29 25 to
592 4770 47 28 the
651 4770 1 42 !

89 4814 98 28 Heriot
203 4813 91 32 Hotel,
308 4812 92 27 where

264 4861 35 19 AN
319 4858 152 22 INTKRVIEW

63 4908 5 25 {
89 4894 64 29 took
169 4894 85 36 place.

129 4935 44 27 Mr
195 4934 57 26 Sim
277 4932 64 27 took
366 4932 46 28 the
435 4931 84 33 chair,
539 4930 53 28 and
616 4931 26 27 in

64 4996 6 6 ,
92 4972 162 37 welcoming
279 4972 47 26 the
360 4971 127 27 Minister
519 4970 54 27 and
600 4970 42 27 his

92 5017 79 35 party
186 5016 28 25 to
228 5012 46 28 the
287 5011 117 28 district,
419 5010 56 27 «aid
492 5010 65 36 they
572 5020 70 18 were

94 5064 63 20 yerv
172 5052 61 37 glad
257 5057 27 22 to
308 5052 66 26 have
397 5053 45 25 the
464 5052 179 36 opportunity

90 5096 30 30 of
132 5094 114 39 putting
259 5091 94 29 before
369 5091 52 28 him
447 5091 104 29 several
574 5097 51 21 mat-

92 5140 55 24 ters
160 5134 30 28 of
203 5132 66 29 vital
284 5132 115 27 interest
425 5134 28 24 to
482 5131 93 27 Heriot
590 5131 52 28 and

90 5177 47 27 the
151 5171 187 36 surrounding
354 5175 126 25 countrv.
522 5171 41 27 He
578 5172 65 28 then

92 5214 85 32 called
191 5224 33 18 on
240 5224 17 17 a
270 5212 115 28 number
404 5211 28 27 of
446 5211 154 40 gentlemen
617 5217 27 21 to

90 5267 50 29 pur
179 5256 78 28 these
304 5252 121 39 subjects
463 5252 95 30 before
596 5254 47 28 the

92 5298 90 28 Mini-

130 5338 46 30 Mr
186 5336 74 29 John
281 5334 131 29 Bennetts
432 5333 58 29 said
514 5334 59 28 that
601 5334 45 28 the

91 5379 111 38 subject
215 5377 30 29 of
263 5376 61 28 first
349 5375 170 37 importance
545 5378 28 23 to
600 5374 46 29 the

92 5419 137 30 residents
243 5426 54 17 was
321 5416 59 26 that
406 5415 30 27 of
460 5416 47 26 the
536 5414 109 29 Heriot-

93 5457 154 37 Roxburgh
261 5455 119 34 railway.
422 5454 40 29 As
488 5454 47 28 the
550 5454 80 29 Minis-

90 5504 43 23 ter
147 5508 54 19 was
215 5506 97 23 awar?,
326 5496 47 26 the
389 5494 136 28 residents
548 5495 30 26 of
599 5496 47 26 the

93 5549 87 29 upper
201 5534 110 33 district
337 5532 146 40 especially
509 5533 54 29 had
579 5534 68 28 been

91 5581 43 28 for
148 5589 82 25 many
244 5586 80 23 years
338 5576 134 34 suffering
495 5585 16 17 a
532 5574 116 29 distinct

90 5618 134 38 hardship
234 5616 44 29 for
288 5619 74 24 want
372 5614 31 29 of
408 5614 135 38 adequate
554 5624 93 18 means

89 5661 31 28 <f
133 5656 242 33 communication,
386 5654 54 30 and
453 5654 77 30 when
542 5654 34 29 he
591 5654 56 38 (Air

98 5699 173 35 Urdl-Jor.es)
305 5706 56 18 saw
394 5697 44 27 for
462 5696 111 27 himself
602 5696 46 28 the

66 5765 5 11 ,
86 5738 185 34 fcaffnificenfe
292 5739 120 35 country
438 5736 38 38 by
502 5734 88 30 which
614 5734 34 30 he

64 5807 8 4 .
88 5790 57 24 skis
158 5777 172 34 surrounded
345 5782 30 25 at
389 5776 99 33 Heriot
502 5776 53 30 and
570 5776 57 29 Dun-

666 191 3 34 j
682 191 89 34 robin,
790 193 54 27 and
870 193 45 27 the
942 191 89 29 fertile
1059 191 77 27 lands
1162 198 54 20 cum-

665 229 2 42 ;
682 233 90 36 prised
787 233 27 28 in
828 244 16 16 a
858 233 75 38 large
946 233 107 38 portion
1068 230 29 29 of
1110 230 47 29 the
1174 229 60 28 Moa

663 270 3 42 !
681 272 61 30 Flat
760 278 131 34 property
905 285 29 16 as
950 273 57 28 well
1021 283 30 18 as
1073 280 28 19 at
1125 270 109 35 Bjnger

662 303 4 47 I
679 314 55 29 and
765 324 35 19 on
840 320 28 23 to
913 313 160 37 Roxburgh,
1106 313 34 26 he
1175 311 57 35 (the

661 350 2 43 !
679 355 126 38 speaker)
819 355 119 36 thought
946 354 47 29 the
1006 353 125 29 Minister
1143 350 88 29 would

660 390 3 42 I
679 395 125 29 consider
818 396 64 36 they
896 405 71 18 were
990 393 61 30 well
1075 390 115 31 entitled
1204 395 27 24 to

659 433 3 40 |
679 436 109 37 railway
813 435 240 29 communication.
1092 433 56 28 The
1163 441 65 18 resi-

659 471 2 43 I
678 476 90 36 dents,
782 476 106 38 though
903 476 64 38 they
995 473 50 29 had
1075 471 97 30 waited
1199 482 29 16 so

659 518 2 37 i
679 518 74 37 long,
769 527 69 19 were
853 518 35 36 by
909 527 35 17 no
967 525 93 19 moans
1082 522 146 21 unreason-

658 552 3 38 I
676 558 62 28 able
763 558 28 27 in
817 557 71 28 their
913 556 143 34 demand.-?,
1070 555 54 27 and
1140 552 68 28 woul
1221 552 4 38 (

658 594 3 38 !
675 598 35 28 be
724 602 122 30 content,
860 597 96 33 seeing
976 596 61 28 that
1060 594 83 29 fund*
1159 603 68 18 were

658 633 3 41 |
677 642 47 24 not
737 638 133 28 available
881 640 29 25 at
924 640 118 34 present,
1055 639 29 25 to
1098 635 69 28 have
1181 633 46 29 the

658 674 2 39 ;
675 679 103 28 section
793 678 28 28 of
835 678 42 28 six
890 677 52 29 and
958 689 15 14 a
988 677 56 27 half
1059 674 75 30 mile-
1150 684 57 19 men-

675 718 92 30 tioned
799 718 26 28 in
860 720 45 26 the
943 715 150 31 Minister's
1133 715 93 28 Public

657 756 2 39 i
679 759 98 29 Works
793 758 154 30 Statement
956 756 155 39 completed
1121 762 27 23 °.t
1165 765 60 29 pre-
1233 756 1 39 j

657 797 2 32 !
673 804 70 25 sent.
783 798 71 31 That
880 800 28 27 in
933 797 74 29 itself
1033 797 89 29 would
1151 797 32 28 be
1211 806 14 18 a

656 836 3 41 1
674 842 79 33 boon,
768 840 53 28 and
836 840 33 28 he
890 838 89 39 hoped
1006 838 47 28 the
1079 837 64 29 time
1171 847 52 17 was

656 878 3 31 !
673 885 47 24 not
734 881 42 28 far
793 880 106 28 distant
926 879 76 27 when
1031 880 46 26 the
1103 878 131 31 G-.r/ern-<

656 915 1 46 j
673 926 74 23 moot
774 920 89 28 would
889 920 34 28 be
950 920 24 26 iu
1008 929 15 17 a
1051 918 104 37 posirio'
1195 926 8 12 r
1207 929 14 14 o

672 967 81 22 errant
762 962 73 27 them
846 974 15 14 a
872 959 186 30 considerable
1069 958 149 30 additional
1233 958 1 31 |

655 1000 1 35 j
670 1002 102 27 section
789 1002 28 26 of
832 1002 45 26 the
892 1000 117 35 railway.

710 1040 42 30 Mr
778 1040 72 30 John
880 1039 75 35 Edie,
978 1030 70 43 hn\,
1064 1037 57 30 said
1147 1038 74 28 there

655 1079 1 37 1
672 1094 52 17 was
739 1094 33 16 no
787 1082 68 28 need
870 1089 28 21 to
912 1081 112 35 enlarge
1037 1091 34 17 on
1082 1079 45 29 the
1141 1080 79 28 abso-

655 1117 2 41 I
670 1124 56 28 lute
741 1122 134 36 necessity
890 1122 76 27 there
979 1131 53 16 was
1044 1119 43 29 for
1103 1120 44 27 the
1160 1118 48 29 rail-

655 1158 1 40 ;
671 1175 67 23 way.
777 1162 58 29 The
862 1163 60 27 best
946 1160 95 28 advice
1067 1160 59 28 that
1141 1158 79 30 could

655 1202 1 32 ■
672 1207 33 27 be
719 1204 132 29 tendered
865 1208 27 23 to
905 1204 47 27 the
967 1202 126 28 Minister
1120 1212 51 17 was
1193 1207 28 20 to

655 1240 1 38 i
670 1255 44 18 see
739 1244 47 28 the
812 1245 115 31 country
961 1240 187 38 surrounding
1176 1240 45 28 the

655 1282 1 37 :
671 1298 16 15 r-
702 1291 45 22 ute
760 1285 44 27 for
818 1282 117 35 himself,
947 1282 44 27 for
1002 1282 87 26 which
1104 1289 117 30 purpose

655 1316 1 45 |
672 1326 31 28 he
718 1324 61 35 had,
791 1324 28 28 of
833 1333 105 24 course,
955 1321 98 28 visited
1068 1322 84 31 them,
1167 1320 53 28 and

655 1356 1 43 i
670 1367 33 26 he
720 1366 56 33 (rite
791 1364 127 35 speaker)
946 1372 54 16 was
1026 1360 138 28 confident
1192 1360 29 27 of

655 1400 1 34 i
670 1407 45 27 the
736 1404 157 30 conclusion
915 1406 28 24 to
966 1400 87 29 which
1077 1401 43 27 Mr
1144 1400 61 28 Kill-

655 1439 1 39 !
669 1447 85 28 Jones
768 1444 89 28 would
872 1453 84 20 come,
972 1442 59 28 that
1051 1442 45 26 the
1111 1440 109 38 railway

655 1479 2 47 j
670 1486 97 29 should
781 1486 35 27 be
828 1494 67 28 proc
906 1482 74 29 -eded
1006 1482 62 27 wish
1094 1486 26 23 at
1145 1491 76 18 once.

670 1526 136 31 —(Hear,
821 1526 63 26 hear
898 1522 54 28 and
973 1522 151 38 applause.)
1164 1520 57 29 The

655 1560 2 42 •
671 1569 66 28 time
764 1565 54 30 had
833 1575 72 27 gone
933 1564 33 32 by
983 1565 75 26 when
1075 1562 64 37 they
1155 1560 65 31 need

655 1604 2 42 :
672 1608 83 38 speak
770 1607 29 29 of
820 1607 45 26 the
889 1604 131 38 hardship
1044 1604 46 28 the
1115 1604 109 27 settlers

656 1643 2 39 i
673 1660 68 18 were
774 1647 87 28 under
897 1646 89 36 'many
1013 1644 29 27 of
1068 1644 75 26 them
1171 1643 52 27 had

656 1684 2 42 !
673 1690 81 29 taken
771 1699 36 27 up
820 1686 71 29 their
903 1686 64 27 land
981 1695 34 17 on
1039 1684 45 29 the
1112 1693 111 29 express

656 1717 2 44 i
672 1729 139 28 condition
826 1727 60 28 that
899 1726 46 27 the
962 1725 107 36 railway
1089 1724 89 28 would
1192 1724 34 28 be

657 1764 2 41 i
674 1769 88 36 made)
779 1768 27 28 in
821 1767 84 35 being
920 1765 98 27 unable
1040 1767 28 25 to
1094 1769 47 26 get
1157 1764 69 28 their

657 1804 2 42 !
675 1809 118 37 produce
804 1813 28 22 to
839 1806 106 28 market
953 1804 115 28 without
1081 1814 144 18 enormous

657 1844 2 44 i
673 1860 119 28 expense
806 1847 53 28 and
883 1847 105 26 labour.
1028 1844 58 29 The
1101 1844 125 29 Minister

657 1885 2 35 i
673 1891 53 29 had
743 1891 65 28 been
825 1887 78 28 made
914 1896 86 18 aware
1012 1886 28 26 of
1053 1886 76 26 these
1147 1885 79 35 facts,

658 1926 1 39 :
673 1931 52 28 and
748 1931 34 27 he
806 1927 88 38 hoped
911 1927 77 27 when
1005 1926 43 27 Mr
1063 1926 163 26 Hail-Jones

673 1970 51 30 had
739 1980 63 19 seen
815 1969 41 28 for
866 1966 110 29 himself
988 1966 45 28 the
1046 1972 113 30 country
1172 1965 54 27 and

657 2007 2 39 ;
673 2013 35 29 its
723 2009 107 30 natural
844 2008 170 38 advantages
1034 2007 48 28 the
1096 2007 57 27 first
1169 2015 43 20 sec-

657 2047 2 34 !
674 2053 57 28 tion
745 2051 90 28 would
851 2050 32 27 be
906 2047 106 29 started
1038 2047 27 28 in
1089 2047 47 27 the
1163 2057 63 17 near

658 2087 1 38 i
674 2094 99 27 future.
813 2093 40 24 As
867 2094 28 23 to
910 2088 113 37 making
1038 2087 115 27 another
1166 2096 45 18 sur-

672 2143 53 29 vey
763 2132 29 29 of
830 2130 47 29 the
910 2127 316 39 Lawrence-Roxburgh

657 2159 2 49 I
673 2178 86 30 route,
774 2173 21 28 it
809 2181 56 18 was
879 2169 111 39 putting
1007 2169 47 27 the
1068 2173 117 32 country
1198 2176 28 20 to

673 2213 155 38 altogether
853 2209 125 30 needless
1013 2218 120 27 expense
1148 2207 76 29 —in

673 2255 66 34 fact,
764 2251 139 37 throwing
928 2258 76 28 away
1031 2258 98 26 money
1193 2258 28 17 as

673 2294 104 30 several
790 2301 115 27 surveys
919 2289 54 29 had
997 2289 70 28 been
1094 2288 79 28 made
1186 2288 26 28 al-

673 2336 92 36 ready,
781 2334 53 28 and
849 2333 47 28 the
910 2331 127 28 Minister
1063 2329 90 28 would
1180 2340 45 17 see

674 2376 43 28 for
729 2373 112 29 himself
865 2373 28 26 in
919 2371 85 38 going
1030 2369 121 37 through
1177 2369 48 28 the

673 2420 115 33 country
802 2414 60 29 that
875 2412 60 29 that
949 2415 77 25 route
1040 2420 55 19 was
1108 2409 117 30 another

657 2451 2 44 j
702 2458 104 37 garden
821 2454 59 28 wall
929 2453 55 26 like
999 2451 109 28 Central
1124 2451 98 35 Otago.

712 2497 43 28 Mr
769 2496 31 28 F.
826 2492 147 30 M'Kenzie
985 2490 86 29 asked
1098 2494 26 25 at
1150 2491 74 27 what

656 2531 2 45 j
672 2539 76 37 point
763 2538 46 28 the
832 2535 43 28 six
888 2533 54 28 and
955 2543 16 18 a
984 2531 57 30 half
1055 2531 76 28 miles
1147 2542 57 17 men-

655 2572 3 39 |
672 2578 92 29 tioned
777 2578 27 26 in
819 2576 47 28 the
893 2574 155 28 Statement
1062 2572 90 29 would
1166 2579 42 20 ter-

655 2613 1 35 :
670 2619 111 28 minate.
822 2616 27 28 It
863 2625 54 17 was
931 2613 89 29 stated
1146 2622 28 18 as
1195 2618 28 21 at

655 2654 1 39 I
699 2656 124 37 Edie's,"
838 2656 53 27 and
907 2655 60 27 that
988 2663 54 18 was
1068 2663 73 18 some
1167 2654 42 26 uis-

655 2693 1 43 -1
668 2705 78 25 tauce
762 2696 108 40 beyond
894 2696 45 29 the
964 2695 76 36 point
1066 2693 89 31 where
1176 2694 46 28 the

655 2736 1 37 |
668 2742 52 27 line
735 2739 95 28 should
847 2743 62 22 turn
925 2736 39 28 off
977 2736 18 26 if
1012 2737 19 25 it
1058 2747 55 16 was
1136 2744 27 19 to
1186 2736 33 26 be

665 2780 149 29 continued
830 2782 27 24 to
870 2775 163 40 Roxburgh.

704 2822 44 29 Mr
769 2821 103 28 Ussher
898 2817 145 37 explained
1059 2816 58 29 that
1174 2816 47 28 the

665 2863 77 39 point
755 2862 101 28 known
872 2869 28 17 as
931 2857 107 28 KdieV
1065 2857 155 27 mentioned

666 2914 53 17 was
764 2913 30 18 so
839 2899 90 30 stated
962 2899 116 27 because
1110 2896 21 31 it
1167 2908 53 17 was

665 2952 142 26 necessary
822 2946 28 22 to
863 2941 64 36 give
938 2949 15 17 a
965 2949 78 16 name
1056 2939 58 26 that
1127 2938 91 26 would

666 2985 33 28 be
743 2983 109 34 known,
897 2990 29 18 as
981 2978 45 29 the
1085 2977 134 33 probable

666 3025 130 30 terminus
833 3022 56 29 and
952 3018 112 31 Kdie's"
1091 3030 55 17 was
1173 3020 47 28 the

666 3076 78 17 name
759 3065 59 26 best
832 3063 101 27 known
946 3060 99 38 locally
1062 3066 107 22 nearest
1190 3066 28 21 to

666 3106 46 29 the
727 3102 133 40 proposed
875 3100 143 30 terminus.

705 3145 42 28 Mr
760 3142 147 30 MKenzie
928 3151 57 17 was
1007 3140 54 29 still
1088 3140 132 33 dubious,

666 3186 53 28 and

703 3227 44 28 Mr
760 3226 26 29 J.
800 3224 78 35 Edie,
886 3222 73 35 Jnr.,
968 3220 60 30 said
1038 3221 60 29 that
1108 3220 110 37 though

666 3268 19 27 it
698 3266 89 29 would
806 3269 32 24 be
865 3263 206 36 advantageous
1100 3266 27 23 to
1164 3260 54 28 him

665 3306 153 40 personally
830 3311 27 23 to
873 3305 68 27 have
955 3302 48 29 the
1021 3302 109 35 railway
1141 3311 78 19 come

666 3353 27 23 to
891 3343 56 29 still
973 3342 34 28 he
1034 3342 120 33 himself,
1173 3341 46 28 the

668 3388 132 29 members
814 3387 28 27 of
856 3384 47 29 the
917 3382 172 38 deputation,
1105 3381 54 29 and
1173 3382 45 27 the

665 3429 107 28 settlers
786 3427 30 28 of
832 3426 46 28 the
891 3423 109 30 district
1024 3433 67 19 were
1119 3422 99 36 wholly

667 3477 159 20 unanimous
840 3476 28 18 as
882 3469 28 24 to
925 3465 74 25 what
1021 3463 64 37 they
1101 3463 116 27 wanted.

665 3509 74 34 They
753 3507 47 29 did
815 3509 48 26 not
885 3507 74 25 want
982 3504 47 28 the
1055 3504 108 36 railway
1190 3506 28 24 to

665 3560 74 18 come
753 3554 29 23 to
842 3543 122 36 ftdie's;"
979 3544 65 38 they
1059 3544 85 28 asked
1159 3544 59 28 that

665 3591 20 27 it
698 3589 97 29 should
810 3597 76 19 come
901 3591 29 22 to
981 3585 45 28 the
1134 3584 83 29 about

665 3638 53 19 two
744 3629 78 28 miles
835 3628 77 26 short
927 3624 29 29 of
970 3626 58 27 that
1044 3626 86 36 point,
1145 3625 71 27 their

665 3670 87 28 desire
767 3669 84 35 being
866 3666 59 29 that
940 3665 46 29 the
999 3665 42 29 six
1054 3664 53 29 and
1132 3674 15 18 a
1160 3664 58 28 half

665 3711 76 28 miles
764 3709 96 28 should
877 3708 32 27 be
923 3707 46 28 the
983 3708 58 26 first
1063 3706 100 29 section
1189 3706 28 28 of

666 3752 45 27 the
759 3751 97 28 Heriot
872 3765 9 5 -
898 3747 152 35 Roxburgh
1096 3747 118 36 railway.

665 3791 69 28 That
746 3801 56 16 was
816 3790 46 27 the
871 3789 52 27 end
936 3787 63 32 they
1010 3787 50 27 had
1071 3787 26 27 in
1110 3788 105 26 view—

666 3827 4 38 t
680 3833 44 26 hat
738 3831 47 28 the
797 3829 108 36 railway
915 3827 96 28 should
1022 3827 32 28 be
1065 3827 150 36 alternately

665 3871 133 28 extended
814 3875 26 24 to
858 3867 243 37 Roxburgh—and
1116 3879 34 16 on
1161 3867 53 28 this

666 3913 75 36 point
755 3913 33 26 he
802 3909 89 40 hoped
905 3910 45 27 the
972 3909 127 26 Miuister
1124 3908 90 27 would

668 3954 30 27 be
724 3953 87 28 under
841 3961 33 18 no
901 3949 259 38 misapprehension,
1186 3959 29 16 as

665 3993 63 37 they
756 4003 69 17 were
849 3990 35 29 all
905 3989 308 33 unanimous.—(Hear,

665 4034 63 28 hear
743 4033 52 29 and
809 4031 151 39 applause.)

703 4075 43 27 Mr
757 4074 87 27 Kerse
852 4076 147 32 (secretary
1011 4070 93 28 Heriot
1111 4069 103 28 branch

664 4115 28 29 of
706 4116 45 28 the
764 4114 120 37 Rulway
902 4113 123 36 League)
1044 4111 56 28 also
1125 4109 88 35 urged

665 4157 63 27 with
743 4160 95 30 strong
864 4153 121 38 emphais
1007 4154 47 28 the
1078 4151 139 35 necessity

664 4197 42 27 for
721 4196 45 28 the
780 4194 184 29 construction
978 4193 29 27 of
1032 4193 47 26 the
1094 4191 122 35 railway.

703 4242 43 30 Mr
782 4241 165 37 Thompson,
1002 4236 124 37 M.H.R.,
1167 4236 32 28 ad-

664 4283 111 30 dressed
826 4282 46 28 the
936 4280 160 38 deputation
1162 4277 52 29 and

664 4323 147 31 felicitated
835 4323 73 26 them
942 4330 34 19 on
1009 4320 47 27 the
1089 4317 125 38 sp'endid

664 4372 115 31 country
794 4365 64 32 they
873 4361 152 40 possessed,
1053 4359 88 30 which
1169 4358 46 29 the

667 4405 149 30 Ministeral
841 4407 79 34 party
946 4403 55 26 had
1025 4400 144 28 witnessed
1186 4410 30 15 as

665 4447 64 38 they
741 4454 78 21 came
845 4442 131 35 through.
1016 4441 57 27 The
1101 4440 98 36 deputa-

666 4489 54 27 tion
735 4487 54 28 had
804 4496 59 17 now
878 4490 48 31 got
939 4494 16 15 a
1058 4481 53 28 live
1124 4480 76 28 minis-

748 4528 129 27 amongst
885 4524 84 28 them,
978 4521 54 27 and
1049 4521 34 27 he
1098 4520 120 31 thought

666 4569 63 34 they
745 4565 97 30 should
857 4563 79 29 make
952 4562 45 28 the
1014 4570 69 19 most
1108 4560 29 28 of
1163 4559 53 28 him

666 4607 52 27 and
743 4607 62 37 give
837 4604 57 28 him
925 4612 16 18 a
973 4600 73 37 good
1076 4600 139 36 heckling.

668 4647 153 37 (Laughter
831 4643 53 28 and
898 4642 151 37 applause.)

705 4687 45 28 Mr
781 4685 73 27 John
893 4683 130 26 Bennetts
1056 4679 89 32 hoped
1173 4679 46 27 the

671 4726 126 30 Minister
811 4722 88 28 would
925 4721 55 28 find
1007 4721 21 29 it
1054 4718 164 31 convenient

670 4772 28 24 to
711 4763 153 40 personally
885 4765 108 34 inspect
1014 4762 46 27 the
1080 4760 64 28 Moa
1160 4758 59 28 Flat

671 4811 94 29 estate,
779 4817 29 16 as
822 4805 46 26 the
888 4802 167 37 resumption
1082 4801 29 27 of
1136 4800 21 28 it
1183 4799 36 37 by

671 4847 187 28 Government
871 4842 53 28 had
935 4842 122 28 received
1071 4850 74 17 some
1156 4849 48 17 con-

671 4885 157 31 sideration.
868 4883 45 29 He
926 4881 90 30 would
1029 4891 45 19 see
1087 4880 44 30 for
1153 4879 49 29 him-

672 4927 53 30 self
737 4927 36 28 its
785 4923 152 36 suitability
962 4922 44 28 for
1030 4922 72 28 close
1128 4920 79 29 settle-

673 4972 82 30 ment,
776 4965 52 28 and
856 4965 32 26 he
915 4962 57 34 (Mr
997 4960 142 31 Bennetts)
1167 4961 52 27 and

672 5009 78 28 those
776 5004 63 29 with
873 5003 56 28 him
962 5000 70 30 from
1068 4999 149 35 Roxburgh

673 5048 88 29 would
775 5045 118 30 conduct
906 5044 47 27 the
967 5042 124 28 Minister
1101 5042 119 36 through

672 5091 30 26 it.

711 5129 45 28 Mr
767 5128 74 28 John
855 5125 78 34 Edie,
960 5122 116 34 M.C.U.,
1100 5122 120 34 brought

661 5162 1 40 ;
673 5170 95 29 before
777 5168 46 29 the
840 5165 125 30 Minister
973 5163 47 29 the
1030 5162 135 35 necessity
1179 5162 43 30 for

661 5203 1 45 !
674 5210 46 29 the
747 5208 190 40 appointment
951 5205 28 26 of
991 5214 16 18 a
1021 5203 204 29 starionmaster

661 5243 1 39 1
674 5257 26 22 :<.*-
729 5251 106 29 fleriot.
874 5248 34 28 In
940 5245 49 29 the
1018 5243 77 39 grain
1130 5254 92 19 season

661 5293 90 28 '♦here
782 5301 53 18 was
862 5289 46 27 the
935 5289 123 35 greatest
1081 5284 141 29 confusion

674 5333 54 27 and
749 5330 108 30 endless
883 5328 79 37 delay
989 5326 54 27 and
1069 5335 157 25 annoyance

676 5373 25 29 in
716 5371 146 35 obtaining
876 5368 105 34 trucks,
993 5366 52 29 and
1062 5366 45 29 the
1115 5370 111 35 present

661 5407 1 42 !
675 5415 208 34 arrangements
909 5418 71 18 were
1012 5407 153 35 altogether
1186 5407 27 28 in-

661 5446 2 44 !
676 5454 134 36 adequate
831 5449 55 29 and
909 5446 222 39 unsatisfactory.
1170 5446 57 29 The

661 5487 3 41 ;
677 5493 204 28 stationmnster
905 5487 82 29 conld
1001 5487 125 28 combine
1139 5487 86 36 postal

661 5520 3 45 !
676 5530 90 31 duties
780 5530 66 28 with
860 5529 42 28 his
916 5527 85 35 office,
1015 5526 55 28 and
1096 5536 15 19 a
1137 5525 90 40 junior

662 5567 2 36 j
677 5574 92 28 officer
782 5570 79 30 could
876 5578 117 25 manage
1006 5567 47 29 the
1067 5568 84 27 work.

714 5612 46 28 Mr
774 5610 69 35 Sim,
857 5607 119 35 M.C.C.,
996 5607 121 36 brought
1131 5616 36 29 up
1181 5607 47 29 the

662 5646 3 45 !
678 5651 110 40 subject
822 5650 30 30 of
874 5648 151 39 Licensing
1052 5646 177 32 Committees

662 5688 3 39 i
678 5694 54 27 and
744 5694 46 26 the
803 5692 89 35 heavy
905 5694 49 23 tax
973 5688 89 29 which
1088 5689 72 28 their
1181 5699 32 18 ex-

662 5727 3 44 i
678 5741 99 30 penses
802 5740 72 20 were
911 5739 36 19 on
972 5728 48 29 the
1050 5737 118 20 revenue
1200 5727 29 30 of

678 5774 134 30 counties.
851 5772 27 29 It
894 5781 55 19 was
962 5769 64 39 only
1040 5781 35 17 on
1088 5770 139 29 occasions

1251 187 3 38 1
1271 189 58 28 that
1343 189 71 28 their
1428 192 75 25 work
1517 196 54 19 was
1596 187 30 27 of
1646 187 172 38 exceptional

1249 220 4 48 I
1269 229 177 39 importance,
1460 228 54 28 and
1527 227 34 29 he
1574 226 121 39 thought
1717 227 61 28 that
1797 226 21 30 it

1249 263 2 43 !
1267 280 14 19 c
1295 269 53 30 add
1361 271 34 27 be
1410 267 155 30 transacted
1585 272 28 24 at
1635 277 54 27 any
1703 267 66 29 time
1781 268 37 38 by

1249 307 1 42 i
1267 311 45 28 the
1326 310 142 39 presiding
1479 307 169 40 stipendiary
1658 308 160 38 magistrate

1249 348 1 42 j
1265 351 53 28 and
1333 363 13 16 a
1362 351 96 37 couple
1468 350 29 27 of
1509 348 121 40 justices.

1249 383 1 43 |
1301 391 58 28 The
1373 391 74 28 Hon.
1461 389 46 30 W.
1530 386 174 37 Hall-Jones,
1724 388 76 38 reply-

1249 428 1 41 -1
1263 431 49 38 ing
1326 442 33 18 on
1375 431 46 27 the
1446 431 106 27 various
1566 431 113 26 matters
1693 428 123 36 brought

1262 471 93 28 before
1372 470 53 28 him
1442 471 35 36 by
1492 470 47 27 the
1561 468 172 39 deputation,
1754 468 61 28 first

1261 511 209 37 congratulated
1484 511 76 28 them
1573 520 35 18 on
1630 509 73 29 their
1721 509 76 37 splen-

1260 552 47 28 did
1334 561 87 29 crops,
1451 551 87 27 which
1563 550 34 27 he
1622 549 55 28 had
1701 549 110 27 noticed

1259 592 111 31 coming
1384 591 91 35 along,
1489 590 56 28 and
1557 600 35 18 on
1612 590 48 29 the
1682 595 129 32 prospect

1258 631 28 30 of
1309 631 145 39 profitable
1479 631 98 38 prices.
1618 630 78 28 With
1710 629 101 37 regard

1258 676 27 24 to
1300 672 45 28 the
1362 671 117 38 railway,
1506 671 34 27 he
1562 680 56 19 was
1644 670 29 29 of
1698 670 109 36 opinion

1261 712 148 34 Roxburgh
1425 711 97 29 should
1543 711 33 28 be
1604 711 47 28 the
1673 710 135 36 objective

1258 753 74 38 point
1359 751 166 38 eventually,
1550 751 54 28 and
1627 761 54 28 any
1705 750 103 28 section

1256 794 97 29 should
1369 794 33 28 be
1411 791 176 31 constructed
1601 792 66 28 with
1679 791 60 29 that
1753 791 53 28 end
1817 791 1 37 j

1254 845 25 16 o\
1308 834 75 29 view.
1427 833 41 29 He
1496 833 130 28 intended
1651 836 29 25 to
1707 842 45 17 see
1776 842 30 18 as

1256 875 75 29 much
1348 875 28 28 of
1391 873 46 30 the
1451 880 77 21 route
1541 884 30 19 as
1591 873 34 28 he
1646 872 82 29 could
1741 871 63 29 dur-
1817 871 1 33 ''

1253 915 48 35 ing
1317 914 39 28 his
1371 919 110 32 present
1497 913 73 37 visit,
1583 913 54 28 and
1661 917 67 24 next
1749 922 42 19 ses-

1253 955 55 28 sion
1327 955 165 28 Parliament
1515 954 89 29 would
1630 955 70 28 have
1714 953 34 30 all
1762 953 28 29 in-

1251 995 146 28 formation
1413 995 53 28 laid
1484 995 92 29 before
1588 996 73 27 them
1674 1005 29 16 as
1715 999 27 22 to
1758 994 46 27 the
1817 994 1 30 ,

1251 1035 57 28 first
1325 1035 112 28 section.
1478 1035 87 29 There
1589 1044 71 19 were
1680 1034 138 36 railwiys:

1252 1075 122 40 required
1400 1075 35 30 all
1461 1087 66 18 o/er
1550 1076 47 29 the
1623 1075 107 37 colony,
1757 1076 46 27 the

1250 1116 185 29 construction
1448 1116 29 27 of
1491 1117 88 28 which
1589 1116 90 29 would
1693 1116 67 27 have
1777 1124 25 17 in

1253 1157 31 28 be
1307 1157 160 28 considered
1496 1156 26 29 in
1548 1156 48 29 the
1621 1166 66 18 near
1701 1155 101 35 future,
1817 1155 1 35 ,

1250 1197 53 29 and
1319 1198 20 27 it
1352 1207 52 19 was
1417 1197 41 28 for
1468 1198 45 28 the
1524 1208 118 27 purpose
1654 1196 28 29 of
1691 1203 111 31 getting
1817 1196 1 39 j

1251 1238 66 27 local
1331 1237 175 28 information
1521 1238 55 27 and
1587 1237 156 32 consulting
1757 1237 45 27 the
1817 1237 1 32 i

1250 1278 108 28 settlers
1374 1277 76 28 intim
1461 1277 65 36 itely
1538 1277 151 28 interested
1698 1277 60 28 that
1769 1278 33 27 he
1817 1274 1 39 |

1250 1328 54 19 wis
1319 1317 113 36 making
1453 1317 47 29 the
1526 1321 111 34 present
1650 1321 71 24 tour.
1765 1320 37 25 As
1817 1317 1 43 j

1251 1362 26 24 to
1293 1357 45 28 the
1352 1357 162 38 acquisition
1541 1357 28 28 of
1595 1357 47 28 the
1664 1357 64 28 Moa
1742 1357 61 28 Fiat
1817 1357 1 38 j

1249 1406 140 29 property,
1406 1398 58 28 that
1479 1408 54 17 was
1560 1405 48 20 out
1631 1397 29 28 of
1686 1396 42 29 his
1756 1397 31 29 de-

1250 1445 60 32 part
1314 1443 82 30 meat,
1413 1439 48 27 but
1477 1438 32 28 he
1534 1438 87 28 would
1648 1436 156 30 endeavour
1817 1436 1 41 ;

1252 1486 26 22 to
1293 1489 43 17 see
1351 1489 28 16 as
1406 1481 78 25 much
1507 1479 29 27 of
1559 1479 60 27 that
1641 1488 29 18 as
1684 1479 120 36 possible

1251 1519 66 34 also,
1338 1529 28 16 so
1382 1518 59 28 that
1456 1519 32 27 lie
1512 1519 90 36 might
1628 1519 34 27 be
1689 1519 61 28 able
1777 1524 27 24 to
1817 1513 1 42 j

1251 1560 87 28 afford
1354 1559 40 29 his
1415 1558 154 40 colleagues
1594 1569 55 28 any
1674 1559 130 29 informa-
1817 1555 1 43 i

1254 1601 54 28 tion
1336 1600 127 38 possible.
1506 1602 81 26 Some
1613 1600 96 38 people
1735 1613 71 16 were

1255 1641 85 27 under
1355 1640 45 28 the
1416 1640 160 39 impression
1597 1642 60 26 that
1681 1640 106 30 Govern-

1256 1687 74 23 ment
1345 1682 102 27 monies
1473 1692 69 17 were
1567 1680 181 40 apportioned
1765 1682 42 31 for

1255 1722 92 38 public
1374 1722 89 26 works
1490 1722 115 28 without
1632 1723 81 27 much
1739 1733 49 18 con-

1255 1762 147 27 sideration
1418 1773 28 15 as
1468 1765 28 25 to
1522 1762 46 28 the
1582 1762 122 28 districts
1719 1764 87 28 which

1256 1801 53 29 had
1322 1801 125 28 absolute
1462 1802 69 28 need
1557 1802 44 27 foi*
1627 1802 66 28 such
1708 1804 91 28 works

1256 1842 49 29 but
1321 1842 33 28 he
1367 1841 79 29 could
1463 1851 93 19 assure
1569 1842 73 28 them
1655 1843 60 29 that
1726 1854 82 21 everv

1257 1891 62 21 vote
1334 1893 53 18 was
1401 1883 107 37 subject
1522 1884 44 26 for
1592 1884 79 26 much
1694 1885 115 28 anxious

1257 1924 117 35 thought
1398 1924 52 26 and
1478 1923 100 28 careful
1606 1924 200 30 consideration

1257 1964 36 37 by
1307 1964 45 28 the
1370 1962 125 30 Cabinet.
1536 1964 39 26 As
1585 1966 27 25 to
1625 1963 46 29 the
1682 1965 111 36 appoint-

1258 2010 74 23 ment
1352 2004 30 30 of
1394 2015 15 18 a
1423 2004 205 29 stationinaster
1650 2007 29 26 at
1700 2004 108 30 Heriot,

1258 2046 32 27 he
1306 2045 117 36 thought
1441 2046 57 27 that
1514 2045 134 37 probably
1669 2046 45 28 Mr
1738 2046 53 29 Cad-

1258 2096 60 18 man
1334 2086 53 26 had
1402 2089 47 24 not
1465 2086 78 27 made
1557 2094 34 19 an
1618 2087 190 36 appointment

1255 2137 29 17 as
1298 2126 47 28 the
1366 2125 95 37 traffic,
1476 2126 29 28 of
1519 2126 87 28 which
1621 2126 34 28 he
1677 2138 56 18 was
1746 2138 47 28 pos-

1255 2167 93 28 sessed
1362 2167 28 28 of
1404 2168 49 27 full
1468 2167 106 34 details,
1599 2167 47 28 did
1668 2173 49 24 not
1740 2180 51 18 war-

1255 2211 61 25 rant
1329 2207 38 34 it;
1389 2208 50 28 but
1453 2208 33 28 he
1501 2208 58 34 (the
1572 2208 128 38 speaker)
1715 2209 90 30 would

1254 2248 82 37 again
1350 2248 83 37 bring
1446 2248 46 28 the
1515 2251 100 25 matter
1641 2249 94 29 before
1761 2249 47 30 the

1254 2289 129 28 Minister
1395 2289 45 28 for
1465 2289 144 36 Railways,
1633 2289 55 29 and
1715 2290 91 29 would

1254 2333 141 34 represent
1409 2329 71 28 their
1500 2330 83 28 views
1596 2341 35 18 on
1646 2331 47 28 the
1707 2335 100 24 matter

1254 2373 28 24 to
1297 2370 65 27 him.
1402 2370 57 27 The
1473 2370 108 38 subject
1604 2370 29 28 of
1658 2370 148 40 Licensing

1255 2409 187 37 Committees,
1470 2410 35 30 he
1530 2410 57 31 also
1623 2412 113 30 assured
1762 2412 45 29 Mr

1254 2452 67 33 Sim,
1336 2453 89 27 would
1439 2453 105 27 receive
1557 2453 211 28 consideration.

1290 2493 66 28 This
1371 2492 151 29 concluded
1534 2494 46 27 the
1590 2493 150 37 interview,
1750 2493 54 30 and

1253 2533 46 30 Mr
1312 2534 100 28 Dunne
1426 2534 54 27 and
1496 2535 44 27 Mr
1555 2535 77 34 Edie,
1646 2545 82 25 senr.,
1741 2545 48 28 pro-

1252 2575 85 36 posed
1352 2586 15 17 a
1382 2575 96 36 hearty
1493 2580 62 24 vote
1568 2576 30 27 of
1607 2576 101 27 thanks
1719 2580 28 23 to
1758 2576 46 28 the

1253 2615 127 29 Minister
1395 2617 42 26 for
1451 2615 45 28 the
1508 2617 106 27 honour
1625 2616 33 27 he
1668 2615 54 29 had
1734 2615 70 28 done

1251 2657 73 28 them
1341 2656 35 35 by
1391 2656 41 28 his
1448 2656 62 28 visit
1524 2657 53 27 and
1589 2656 43 28 for
1642 2655 46 29 the
1702 2655 100 29 cordial

1251 2698 116 36 hearing
1381 2697 34 29 he
1429 2697 51 28 had
1507 2698 81 31 '.riven
1613 2697 84 29 them.
1738 2696 49 30 Car-

1251 2740 56 26 ried
1323 2740 35 34 by
1374 2738 187 28 acclamation.

1287 2778 58 29 The
1361 2778 126 28 Minister
1501 2777 121 29 thanked
1648 2778 75 29 them
1746 2777 55 29 and

1249 2821 57 28 said
1320 2820 22 28 it
1357 2831 54 16 was
1436 2830 15 16 a
1474 2819 125 39 pleasure
1623 2820 44 28 for
1692 2820 56 28 him
1773 2823 29 25 to

1249 2864 71 26 meet
1334 2860 47 30 the
1395 2860 109 28 settlers
1524 2860 54 28 and
1602 2863 29 26 to
1656 2864 49 34 get
1729 2860 72 28 their

1247 2901 125 38 personal
1384 2900 110 39 opinion
1510 2912 35 18 on
1559 2904 114 27 matters
1686 2900 29 31 of
1729 2900 53 40 pub-

1247 2944 35 26 lic
1295 2942 122 27 interest.

1370 2991 52 19 THE
1443 2991 122 19 RAILWAY
1587 2991 93 20 ROUTE.

1286 3024 56 28 The
1356 3023 164 30 Ministerial
1535 3027 80 35 party
1639 3034 69 19 were
1733 3024 68 29 then

1249 3065 94 27 driven
1359 3068 28 25 to
1402 3064 45 28 the
1463 3068 45 32 top
1522 3064 30 27 of
1578 3065 47 27 the
1647 3064 49 28 hill
1722 3074 62 19 over-

1249 3104 115 35 looking
1377 3103 46 30 the
1439 3103 63 29 Moa
1515 3104 63 28 Flat
1591 3107 141 35 property,
1747 3104 53 29 and

1249 3145 52 28 had
1317 3155 15 16 a
1346 3144 68 28 view
1428 3144 29 27 of
1482 3145 47 27 the
1555 3144 136 37 proposed
1712 3148 87 25 route,

1250 3186 84 33 being
1348 3182 123 31 escorted
1487 3184 37 36 by
1546 3184 104 28 several
1663 3184 136 28 members

1250 3226 29 27 of
1305 3226 45 26 the
1379 3223 169 36 deputation.
1588 3224 58 28 The
1673 3224 128 29 Minister

1250 3265 146 37 expressed
1418 3264 110 29 himself
1550 3276 29 17 as
1604 3264 62 28 well
1690 3264 111 36 pleased

1250 3306 64 29 with
1329 3306 46 28 the
1390 3315 64 27 very
1470 3305 52 28 fine
1533 3309 116 33 country
1664 3305 88 28 which
1766 3305 36 28 he

1249 3356 72 24 saw;
1350 3346 35 27 all
1414 3345 46 28 the
1487 3346 136 27 members
1646 3345 28 28 of
1700 3346 86 27 Parlia-

1248 3390 76 25 ment
1355 3386 85 34 being
1473 3385 178 29 enthusiastic
1676 3385 29 29 in
1730 3385 72 29 their

1247 3428 163 28 admiration
1437 3426 67 28 also.
1544 3426 76 37 They
1634 3436 70 19 were
1717 3426 70 29 after-

1247 3469 88 27 wards
1369 3466 158 37 hospitably
1569 3467 173 28 entertained
1774 3470 28 25 at

1247 3509 97 27 dinner
1357 3510 28 25 at
1402 3506 44 29 Mr
1460 3506 72 27 John
1554 3506 86 29 Kdie's
1653 3507 149 34 residence,

1277 3546 198 40 Springfield/'
1503 3547 71 28 after
1609 3547 90 28 which
1737 3547 65 37 they

1247 3601 60 16 won
1311 3601 5 8 1
1331 3589 95 28 driven
1444 3598 32 17 on
1493 3591 27 24 to
1552 3587 101 28 Millers
1677 3586 63 29 Flat
1766 3588 37 34 by

1246 3631 45 27 Mr
1308 3630 27 27 P.
1354 3627 127 34 M'Caun,
1498 3628 28 26 of
1545 3627 130 37 Tapanui,
1689 3627 55 28 and
1759 3627 45 28 Mr

1245 3670 95 28 James
1355 3668 88 33 Todd,
1458 3667 28 30 of
1501 3667 107 36 Heriot,
1618 3667 28 28 in
1661 3671 54 24 two
1728 3677 56 30 wag-

1248 3715 136 34 gonettes.

1282 3751 46 28 Mr
1350 3751 159 35 ''hompson,
1527 3749 125 35 M.H.R.,
1668 3749 133 28 returned

1246 3795 26 25 to
1287 3791 166 31 Crook-ton,
1469 3790 89 27 where
1577 3790 33 28 he
1623 3789 133 29 intended
1773 3793 28 24 to

1246 3832 33 29 be
1304 3830 42 29 Mr
1369 3830 94 28 James
1491 3829 83 28 Sim's
1599 3833 82 33 guest
1706 3833 28 24 at
1759 3829 42 28 his

1245 3873 84 35 place,
1519 3869 43 28 for
1576 3881 15 18 a
1604 3870 53 29 few
1672 3870 77 38 days.

1394 3921 31 16 AT
1450 3918 110 20 MILLERS
1585 3919 62 19 FLAT

1245 3952 47 28 the
1310 3951 124 28 Minister
1449 3950 54 28 and
1515 3950 40 27 liis
1567 3954 80 33 party
1657 3950 143 38 inspected
1810 3950 1 38 i

1246 3992 47 28 the
1307 4001 60 17 new
1387 3990 99 32 bridge
1500 4000 65 17 over
1580 3991 46 27 the
1641 3990 158 38 Molyneux,
1810 3990 1 38 I

1246 4031 53 30 and
1326 4029 147 40 expressed
1501 4030 171 31 satisfaction
1698 4034 28 26 at
1751 4031 46 29 the
1810 4029 1 44 j

1247 4081 128 29 progress
1390 4071 78 28 made
1483 4071 62 28 with
1556 4071 46 29 the
1616 4071 85 29 work.
1741 4071 57 29 The
1810 4071 1 39 '.

1247 4112 135 37 township
1397 4111 123 29 received
1535 4112 75 28 them
1621 4113 66 28 with
1700 4112 96 35 honor,
1810 4111 1 38 !

1247 4165 15 16 a
1275 4152 108 38 display
1397 4152 28 27 of
1440 4152 119 28 bunting
1587 4154 114 37 floating
1714 4152 83 40 gaily,

1247 4193 51 28 and
1315 4192 70 27 after
1402 4192 111 36 staying
1526 4193 47 27 the
1597 4193 82 38 night
1701 4199 30 21 at
1755 4193 43 27 Mr

1251 4232 115 39 Laffey's
1381 4231 83 29 Hotel
1484 4232 66 30 they
1573 4233 152 38 proceeded
1751 4233 46 29 the
1810 4231 1 40 :

1247 4281 66 22 next
1329 4272 127 37 morning
1470 4279 27 21 to
1517 4273 163 36 Roxburgh.
1720 4273 74 36 They
1810 4271 1 43 j

1247 4324 69 18 were
1331 4314 57 28 met'
1399 4323 33 18 en
1446 4316 73 26 route
1533 4315 35 33 by
1583 4315 46 27 the
1644 4315 152 36 Roxburgh
1810 4309 1 42 I

1250 4355 107 36 League
1383 4353 169 40 deputation,
1587 4355 59 29 who
1671 4356 124 30 escorted
1810 4353 1 40 I

1247 4398 72 25 them
1335 4405 74 17 some
1431 4396 123 27 distance
1580 4398 58 26 into
1663 4398 47 26 the
1734 4397 63 27 Moa

1249 4436 60 30 Flat
1322 4438 139 36 property,
1477 4434 52 30 and
1545 4436 46 30 the
1614 4436 127 30 Minister
1754 4436 41 30 in-
1810 4434 1 47 j

1246 4476 111 38 spected
1372 4476 47 28 the
1433 4480 77 24 route
1524 4477 71 29 from
1618 4478 47 28 the
1690 4478 108 36 Benger
1810 4476 1 38 j

1247 4517 65 29 side.
1353 4516 58 27 The
1430 4520 81 33 party
1536 4527 71 18 were
1631 4518 83 36 again
1732 4518 65 28 loud

1247 4558 26 29 in
1288 4555 72 31 their
1371 4555 165 31 admiration
1553 4556 32 30 «f
1610 4557 47 29 the
1680 4560 118 32 country

1246 4598 53 28 and
1314 4597 47 27 the
1375 4607 79 27 crops
1477 4607 34 17 on
1538 4598 55 27 tin's
1614 4597 68 34 side,
1708 4598 89 27 which
1810 4593 1 41 '

1248 4638 64 37 they
1338 4635 53 30 had
1416 4639 47 27 not
1490 4648 64 18 seen
1581 4637 124 29 excelled
1730 4648 66 28 any-
1810 4635 1 41 ;

1249 4679 87 27 where
1350 4688 33 16 on
1400 4678 45 27 the
1461 4681 69 25 tour.

1433 4727 32 18 AT
1480 4725 141 22 ROXBURGH

1248 4758 45 29 the
1309 4757 95 30 Mayor
1427 4757 123 30 received
1578 4758 43 29 Mr
1634 4757 165 30 Hall-Tones
1810 4752 1 41 j

1248 4799 52 28 and
1317 4798 125 29 wuleome
1453 4798 9 28 1
1479 4798 53 28 him
1547 4803 27 23 to
1589 4798 46 29 the
1648 4803 82 29 town,
1745 4798 54 28 and

1238 4838 1 31 ;
1247 4839 71 27 after
1328 4839 80 27 lunch
1423 4842 28 24 at
1480 4838 56 27 Mrs
1564 4838 117 28 Heron's
1715 4838 96 31 Hotel:

1238 4878 1 39 i
1249 4880 98 32 (where
1367 4879 46 28 the
1432 4883 80 34 pirty
1520 4878 119 36 stayed),
1650 4878 67 39 they
1727 4888 71 20 were

1238 4916 1 45 |
1248 4921 95 29 driven
1357 4925 28 23 to
1413 4920 64 27 Coal
1505 4919 88 28 Creek
1620 4919 54 28 and
1700 4918 99 29 visited
1810 4916 1 45 j

1249 4960 102 30 several
1402 4971 14 14 f|
1420 4960 10 27 f
1468 4960 47 27 the
1553 4960 127 31 gardens,
1716 4960 85 35 being
1810 4960 1 35 j

1238 4998 1 42 j
1251 4998 155 42 hospitably
1419 4998 181 30 entertained.
1641 4998 45 28 Mr
1695 4998 103 38 Joseph
1810 4998 1 42 '

1252 5041 133 30 Tamblvn
1399 5040 79 28 acted
1492 5050 28 16 as
1544 5039 123 27 cicerone
1681 5050 34 16 mi
1730 5039 71 27 their

1238 5078 2 39 j
1252 5083 62 29 visit
1348 5088 28 22 to
1403 5081 63 28 Cod
1495 5078 161 35 Creek,and
1680 5078 44 29 for
1748 5079 54 29 this

1238 5120 2 38 i
1252 5124 123 27 nleasure
1389 5122 46 26 the
1451 5126 79 32 party
1544 5129 69 17 were
1627 5120 132 27 indebted
1773 5123 29 23 to

1254 5164 40 28 his
1309 5160 234 38 thoughtfnlness.

1294 5203 86 36 Being
1395 5201 122 36 Sunday,
1544 5200 47 27 the
1618 5199 136 34 Minister,
1775 5198 30 28 of

1239 5238 2 40 I
1252 5254 105 24 course,
1372 5241 122 30 received
1510 5252 35 17 no
1559 5238 186 38 deputations,
1755 5240 51 28 but

1253 5287 33 26 lie
1302 5294 53 18 was
1382 5290 55 21 met
1463 5280 157 36 informally
1644 5278 103 38 daring
1761 5280 46 27 the

1239 5319 3 43 !
1254 5327 52 28 dav
1322 5326 37 36 by
1385 5334 12 18 a
1423 5323 117 28 number
1559 5320 29 28 of
1603 5320 46 28 the
1665 5319 142 35 residents,

1254 5366 52 29 and
1322 5365 34 30 he
1372 5368 48 34 got
1433 5375 15 18 a
1462 5362 72 35 good
1559 5360 60 29 deal
1632 5360 29 28 of
1675 5360 115 29 informa-

1240 5401 2 37 ,
1255 5408 55 28 tiou
1324 5417 28 17 as
1362 5412 28 22 to
1401 5406 46 27 the
1453 5402 134 29 district's
1599 5401 208 37 requirements.

1293 5446 40 30 On
1362 5444 121 36 Monday
1503 5440 129 37 morning
1654 5440 47 28 the
1727 5442 81 34 party

1240 5478 2 37 I
1256 5497 68 18 were
1339 5486 94 27 driven
1448 5494 36 15 on
1495 5486 28 23 to
1535 5480 111 29 Blacks,
1656 5479 42 27 via
1711 5478 98 35 Clyde,

1240 5518 2 43 ;
1258 5527 101 27 Messrs
1373 5523 83 38 Craig
1469 5520 54 28 and
1538 5519 48 29 Co.
1611 5518 99 35 taking
1732 5518 77 28 them

1240 5556 49 49 jon
1313 5567 71 28 from
1409 5561 164 37 Roxburgh,
1588 5558 54 29 and
1668 5558 67 37 they
1760 5569 33 18 ex-

1241 5598 2 44 j
1257 5606 95 36 pected
1379 5609 29 24 to
1440 5608 94 22 return
1562 5604 28 24 to
1621 5598 129 28 Dunedin
1774 5607 37 19 on

1242 5628 158 56 !Thursday
1418 5641 179 41 (yesterday).
1647 5637 46 30 Mr
1716 5637 93 37 Kelly,

1476 5680 112 39 obliged
1614 5683 28 25 to
1668 5682 96 26 return
1782 5682 29 26 to

1243 5718 3 44 •
1258 5723 180 39 Invercargill
1463 5722 72 29 from
1561 5720 65 28 here
1647 5722 29 26 to
1689 5718 71 30 fulfil
1776 5728 35 20 an

1243 5769 3 38 I
1257 5770 192 37 engagement.

1761 89 196 39 MOONT
2046 81 226 43 BEKGER
2360 84 141 40 MAIL

142 92 167 53 Friday,
324 95 194 49 January
532 93 60 44 14,
618 87 103 45 133S

1849 272 133 45 LOOK!
2012 265 365 49 READKONSIDER

1846 357 92 22 TrISIT
1961 357 21 20 F.
2011 353 148 23 jFFFERY'B
2182 353 95 21 FANCY
2300 352 99 23 GOODS'

1855 386 18 12 *
1909 382 153 24 EMPORIUM
2080 381 41 21 and
2138 387 40 20 you
2201 381 41 20 will
2262 381 82 20 endorse
2364 382 35 20 the

1846 413 92 26 opinions
1947 411 22 20 of
1978 410 143 24 others—viz,,
2133 409 46 20 that
2186 408 27 20 he
2223 408 36 20 has
2270 408 35 20 the
2315 408 84 22 Largest

1844 447 25 13 an
1878 440 5 19 I
1895 440 54 19 Most
1957 437 108 26 Complete
2075 435 86 34 Display
2167 435 22 22 of
2200 435 95 21 FANCY
2307 436 91 20 GOODS

1847 465 83 27 (useful,
1941 466 117 19 ornament-;
2062 463 7 20 1
2079 463 39 20 and
2137 463 92 26 pleasure
2239 463 76 25 giving)
2325 469 25 14 on
2362 463 36 20 the

2057 489 118 24 Goldfielda.

1842 521 120 22 Cluistmas,
1984 519 108 26 Wedding,
2112 519 41 20 and
2178 518 101 25 Birthday
2302 518 94 20 Presents

1964 546 41 26 (No
2015 547 72 22 ch-trjc-'
2097 546 32 20 f'j»*
2141 546 30 19 ins
2182 546 88 23 ksc'iou.)

1842 574 58 26 Toys.
1910 573 103 26 Crockery
2023 573 37 20 *od
2070 573 19 20 G
2100 580 30 13 *«
2139 579 51 17 v.i,-i,
2199 571 73 27 Vases,
2279 570 113 23 Ch-isfcnm

1843 597 113 31 Migtzines
1966 601 38 26 (for
2016 600 65 21 whi;a
2090 600 36 21 orl
2135 607 66 14 ••si'-.i.i
2212 602 23 18 !>«
2243 599 92 23 booked),
2350 606 42 14 now

1893 629 73 24 Hooks,
1976 628 78 21 Tobacc
2068 628 56 20 nists'
2136 627 75 26 G>ods,
2223 626 66 21 Statin
2297 633 43 19 j^ry

1841 657 75 20 P-itent
1924 654 119 27 Medicines,
2053 654 113 24 Perfumes,
2184 654 67 19 Toi'.et
2270 653 122 27 Requisites,

1897 683 40 21 and
1947 683 67 25 Fancy
2026 682 69 21 Goods
2104 682 21 20 of
2135 688 61 18 every
2207 680 130 25 description.

1921 719 78 20 XM\S
2013 717 16 23 &
2044 717 66 21 NEW
2126 717 77 21 YEAR
2217 716 99 26 CARDS,

1839 747 59 20 From
1918 755 11 12 a
1949 747 69 24 Penny
2038 745 102 26 Howards,
2158 744 105 26 incluling
2280 743 108 26 Jewelled,

1839 773 74 28 Relief,
1925 774 153 21 Phor.oorn.vure
2087 773 41 20 and
2142 771 69 22 Comic
2225 771 87 26 dasigOH.
2343 771 46 21 Bui

1870 801 91 22 assorted
1971 801 58 20 stock
2039 801 21 20 in
2070 799 112 27 Roxburgh
2192 806 25 13 on
2228 800 51 20 viiw
2289 801 21 18 at
2321 799 36 20 the

1900 834 140 31 TEVIOT
2076 832 251 31 DISPENSARY.

1999 912 26 35 F
2095 911 141 50 eflfery,

1837 967 206 32 CFI3MIST,
2090 965 294 34 B')OJC3BLLBR,

1861 1007 225 34 STA'JIOsE",
2103 1006 111 29 tfriW-*
2230 1006 136 28 AGriSNL'.

2007 1055 15 20 It
2031 1054 45 21 OX
2097 1064 7 10 >
2117 1054 16 21 U
2147 1054 44 20 RG
2205 1053 30 21 If.

1875 1230 34 28 '0
1936 1229 97 30 enable
2060 1229 45 27 the
2133 1228 92 37 public
2252 1231 27 22 to
2307 1225 83 26 D>vs<

1923 1270 117 31 suitable
2050 1276 27 22 t-1
2087 1266 193 34 theoccj-siou,
2298 1265 9 27 I
2324 1274 66 18 uave

1950 1321 183 29 REDUCED
2157 1303 131 52 PIECES

1837 1363 29 29 of
1881 1374 45 17 mv
1940 1362 76 35 large
2035 1361 52 28 and
2104 1359 91 29 varied
2218 1358 87 34 -tock,
2323 1368 40 17 viz
2385 1368 6 16 :

1914 1402 84 35 Suits,
2015 1402 35 28 to
2069 1403 31 27 Us
2110 1413 7 22 ;
2142 1400 137 32 Tron.sera,
2302 1402 52 24 los.

1913 1442 116 30 Factory
2046 1460 9 3 -
2072 1441 78 28 made
2194 1442 83 32 rtiuts,
2321 1440 48 27 2is
2386 1451 5 18 ;

1996 1481 4 35 i
2011 1492 117 24 rou.-ers,
2142 1482 30 25 <s>
2189 1481 42 28 6>l.

1866 1524 70 35 Ties,
1953 1523 81 37 Cap-,
2054 1522 105 32 Rriees,
2174 1520 59 35 &C,
2249 1519 33 29 6.1
2299 1519 74 30 each.

1841 1566 76 28 Hard
1933 1564 54 29 and
2003 1564 61 28 Soft
2080 1562 60 29 Felt
2165 1565 76 31 Hats,
2271 1563 25 26 Is
2317 1561 75 29 each.

1860 1644 123 23 IIEDUCT
1999 1645 42 18 WS
2059 1643 30 20 IN
2106 1644 52 18 ALL
2172 1641 97 22 OTHER
2283 1642 87 19 LINKS.

2031 1709 18 19 \
2115 1708 28 21 U
2165 1707 22 22 A
2212 1707 27 28 R
2257 1707 30 22 ~r

1937 1734 38 16 1.,
2023 1728 42 22 i'h,
2115 1723 76 19 nH
2213 1726 26 16 a
2269 1729 5 12 i
2293 1723 4 33 ;

1839 1769 105 20 TAILOR
1968 1768 15 21 &
2007 1764 196 24 GENTLEMEN'S
2229 1763 165 22 OUTF.TTEK.

1897 1806 259 32 ScOTI-ANB-STBBET,
2178 1803 162 28 ROXBCROTT.

1917 1904 25 29 R
2002 1901 147 31 FINL
2170 1900 73 28 AY
2265 1900 18 29 S
2304 1900 22 28 0
2347 1903 21 25 JN
2369 1900 4 34 r
2388 1923 6 11 ,

1924 1954 159 23 BARRISTER
2098 1953 61 20 AND
2173 1951 155 24 SOLICITOR,

2036 1999 163 35 Lawrence,

1842 2069 64 30 Will
1933 2066 94 31 attend
2055 2066 45 29 the
2121 2064 152 39 Roxburgh
2298 2065 94 28 Court.

1841 2149 99 26 Mnnftv
1951 2152 27 23 to
1990 2147 75 28 Lena
2076 2157 34 17 on
2124 2144 132 30 Freehold
2269 2145 124 28 Security

1926 2292 184 32 ILLIAM
2156 2292 53 35 \.f
2222 2288 125 31 ALON
2366 2288 26 35 R,

1922 2447 172 37 General
2131 2446 172 40 Grocer,

1860 2596 155 29 SCOTL
2032 2593 214 31 ASD-STit
2265 2592 17 28 K
2299 2593 17 27 K
2331 2592 20 27 T

2003 2722 220 32 ROXBURGH.

1835 2834 215 54 HUGH
2126 2831 261 40 BRUCK,

1926 2901 201 33 BQARDISG
2145 2891 152 46 *H6iTSE,

1863 2953 80 29 WttL'J
1945 2951 4 35 ,
1952 2957 219 23 KH/VVB.\'-<T;;H'KT
2173 2973 6 13 i
2205 2951 152 28 LaWRBNCE

1898 3000 144 31 (Oddusuo
2061 2998 112 32 Enj-iish
2190 2997 129 34 Church.)

1844 3091 80 20 FIRST
1943 3090 84 22 CLASS
2052 3090 52 21 ACO
2117 3087 182 22 >MMOi)\TKY
2323 3087 51 20 FOi!

1919 3119 57 20 THE
1995 3118 136 21 i'rtAV'.JLU
2144 3117 30 21 nG
2194 3116 109 21 cxjULlx).

1879 3201 77 28 Good
1981 3199 130 32 Stabling
2137 3198 53 29 and
2215 3196 126 29 Paddock

1918 3329 166 20 —L/HAKOKS
2108 3325 131 22 MoDEKAT

1872 3466 160 30 TILLEKS
2101 3466 93 28 FLAT
2252 3463 136 35 HOT.X,

1870 3885 30 29 P.
1924 3884 106 30 liAFFEY

2185 3882 162 40 Proprietor.

1924 4022 52 55 E.
2043 4019 255 64 JOHNS

1994 4149 228 38 Merchant.

1952 4206 157 29 MILLERS
2164 4205 98 28 FLAT.

1865 4287 58 29 The
1951 4287 104 36 largest
2090 4286 55 29 and
2180 4286 181 29 best-aswrto
2370 4284 7 29 1

1829 4327 85 29 Stock
1928 4328 28 28 of
1971 4327 115 29 General
2108 4326 92 30 (J00d.5
2219 4327 27 27 in
2261 4337 53 26 any
2330 4337 15 16 u
2359 4337 18 15 >-

1829 4377 113 30 couutry
1958 4379 72 21 fttoie
2046 4369 27 29 iu
2089 4369 98 32 Osago.

1864 4409 141 29 Groceries
2026 4409 55 28 and
2111 4409 153 27 Provisions
2286 4407 28 28 of
2335 4409 45 26 the

1829 4449 58 30 best
1901 4450 80 29 kinds
1991 4452 29 27 at
2033 4451 70 28 rnost
2114 4447 156 34 reasonable}
2283 4447 96 39 prices.

1865 4491 147 36 Crockery,
2040 4490 161 32 Glas.sw.uv,
2236 4488 64 29 Iron
2314 4499 14 17 n
2343 4499 24 16 ui-

1829 4539 75 30 gery,
1922 4530 90 34 Boots,
2029 4530 96 33 Shows,
2137 4527 48 39 <&|j.

1829 4570 158 30 Customers
2002 4568 99 30 watted
2115 4573 34 24 oh
2165 4578 27 18 in
2207 4567 33 30 all

1829 4611 46 28 the
1895 4610 119 28 district.

1982 4689 31 28 E.
2053 4687 184 36 JOHNS,

1842 4737 115 21 GROCER
1973 4737 60 23 AND
2052 4737 135 21 GENERAL
2204 4734 165 24 MERCHANT.

2033 4802 154 23 AGENCIES:

1832 4830 174 29 Manchester
2020 4831 63 28 Fire
2097 4831 148 27 Insurance
2262 4830 19 28 C
2295 4842 14 15 >.

1831 4871 158 29 Australian
2000 4870 107 31 Mutual
2117 4870 146 30 Provident
2274 4868 110 39 Society

1838 4943 123 56 WM.
1990 4941 392 67 KINASTON,

1894 5017 241 48 Hermitage
2172 5018 144 40 Street,

2008 5077 222 36 Roxburgh,

1837 5138 237 38 Carpenter,
2101 5139 203 33 builder..
2326 5160 34 7 ..
2384 5158 7 8 .

1838 5214 5 6 .
1866 5213 5 6 .
1895 5213 6 6 .
1924 5214 6 5 .
1952 5191 164 28 PICTURE
2144 5191 168 36 FRAMER,
2335 5198 54 21 and

1983 5242 264 44 Undertaker,

1839 5328 109 29 Picture
1963 5326 168 41 Mouldings,
2145 5329 117 32 Glasses,
2284 5328 103 36 Paints,

1905 5368 54 29 and
1986 5367 225 42 Paperkauginga
2237 5371 28 29 of
2285 5370 36 30 all

1950 5409 181 36 descriptions
2145 5411 26 25 in
2189 5411 88 28 stock.

1840 5459 102 30 Orders
1955 5459 86 29 taken
2063 5459 43 29 for
2125 5461 98 38 supply
2237 5462 28 29 of
2278 5462 113 29 Timber

1981 5498 29 29 in
2023 5508 55 27 any
2091 5501 155 35 quantities.

1839 5581 88 30 W.K.
1940 5581 105 37 having
2065 5583 112 29 secured
2191 5596 22 17 -a
2234 5586 157 28 First-class

1999 5647 234 49 HEARSE.

1841 5710 174 40 isjprepared
2027 5713 29 25 to
2075 5710 117 31 conduct
2213 5713 133 31 Funerals
2364 5714 28 30 in

1943 5750 36 30 all
1993 5753 75 37 parts
2081 5750 29 30 of
2124 5750 45 30 the
2182 5753 117 33 district.

2429 400 14 18 r
2554 397 180 39 Advertising
2761 397 108 29 Author
2894 394 83 30 sends
2998 393 105 37 Hearty
3129 390 147 38 Greetings
3301 392 26 26 fco
3344 398 84 28 every
3447 387 108 38 Friend,

2511 440 66 27 each
2593 440 153 32 Customer,
2758 438 55 27 and
2824 437 36 28 all
2874 435 130 28 Readers.

2477 515 85 30 MAY
2586 515 67 29 1898
2675 512 119 31 BRING
2818 510 111 31 MUCH
2951 507 113 33 SOLrD
3085 503 241 33 PROSPERITY
3349 503 47 30 TO
3420 503 84 30 ALL.

2501 578 76 29 Your
2591 577 71 38 ,yood
2679 576 96 29 wishes
2789 585 64 20 ever
2867 573 96 40 highly
2977 570 148 30 esteemed.
3165 568 78 29 Your
3262 569 152 38 patronage
3438 567 117 29 desired.

2409 616 3 44 j
2427 620 75 29 Your
2516 619 92 28 orders
2622 616 124 30 coveted.

2498 660 58 27 The
2570 658 122 29 smallest
2705 658 81 26 order
2799 655 117 29 receives
2933 653 45 29 the
2993 662 74 18 same
3084 649 135 29 attention
3244 659 29 16 as
3297 648 47 27 the
3366 647 115 39 biggest
3494 658 59 19 one.

2428 699 41 30 All
2486 699 177 30 instructions
2677 696 142 38 faithfully
2833 693 144 31 observed.
3019 693 87 34 Every
3123 689 91 39 parcel
3228 688 140 28 delivered
3383 687 107 31 FRflB.

2500 740 33 28 In
2549 740 157 36 Prosperity
2719 738 101 32 always
2833 734 131 30 Humble.
3005 733 33 27 In
3055 731 242 37 Disappointment
3309 739 63 18 ever
3386 729 129 37 Hopeful.

2499 780 100 34 Yours,
2625 778 67 29 with
2718 777 158 30 confidence
2902 774 28 29 iu
2956 783 70 30 your
3055 771 159 40 judgment,
3241 769 56 29 and
3323 769 83 38 ready
3434 769 42 29 for
3501 779 52 30 any

2409 820 2 40 i
2425 822 124 38 pleasant
2563 820 129 39 surprise.

2570 1020 101 29 CASH
2695 1018 160 34 DRAPER,
2878 1014 203 35 CLOCHIKE,
3102 1012 80 30 .aND
3204 1012 206 30 IMPORTER.

2805 1071 69 29 Rosa
2897 1068 96 37 Place,
3014 1067 163 30 Lawrence.

2510 1423 15 63 I
2557 1466 8 9 >
2589 1464 10 13 •
2607 1437 18 30 <S
2627 1443 122 46 TIA
2813 1447 119 29 STYLE

2941 1304 142 29 TAILOR
3112 1303 82 28 AND
3224 1302 163 28 HATTER.

2815 1385 41 23 AM
2869 1384 158 28 acknowledged
3043 1390 21 15 to
3078 1383 24 22 be
3116 1383 73 21 at-eoml
3203 1386 21 18 to
3238 1389 53 14 none
3305 1383 32 19 for

2492 1484 35 27 hi
2549 1491 7 20 L

2509 1509 90 62 If'

2484 1557 117 72 or

2959 1485 171 33 QUALITY

3129 1524 312 32 WORKMANSHIP!

2502 1712 160 84 irti

2947 1649 156 21 RESIDENTS
3130 1648 35 21 OF
3194 1647 185 21 ROXBURGH-

2773 1678 79 27 Kindly
2862 1677 112 22 remeaber
2991 1677 43 21 tli.it
3044 1677 66 25 owing
3123 1677 21 19 to
3154 1683 35 19 my
3199 1676 97 19 immense
3306 1675 128 25 assortment
3447 1673 34 22 the
3491 1673 60 22 Show

2822 1707 19 20 iu
2853 1706 35 20 the
2899 1705 104 22 Windows
3013 1705 15 20 is
3040 1704 47 27 ouly
3097 1711 11 14 a
3118 1710 48 18 very
3177 1703 58 20 small
3245 1701 73 27 partof
3328 1709 33 19 my
3374 1702 125 21 Exhibition.

2824 1773 110 26 Intending
2944 1772 116 22 Customers
3072 1771 39 20 will
3123 1771 40 20 find
3172 1771 45 19 that
3228 1770 10 20 I
3248 1770 51 20 have
3311 1769 58 21 mad*
3378 1769 34 21 the
3419 1768 64 22 inside
3489 1768 21 21 of
3516 1775 35 19 my

2772 1800 159 21 Establishment
2950 1799 105 27 esjvcially
3076 1801 65 17 afamc
3153 1799 39 23 i'-'e,
3210 1797 40 20 and
3267 1796 103 22 earnestly
3386 1797 64 19 mvit«
3468 1803 40 18 you
3529 1799 22 17 to

2772 1832 83 17 SHUnter
2869 1827 88 26 through
2977 1827 33 21 the
3031 1826 78 20 varioua
3128 1825 146 26 Departments
3288 1823 40 21 and
3344 1823 82 27 luspect
3436 1823 35 20 the
3481 1823 71 21 Litest

2772 1855 104 21 Fashions.

2808 1923 184 28 OPPOSITE
3017 1921 105 28 BANK
3146 1921 47 27 OF
3213 1919 90 29 NEW
3324 1918 190 36 ZEALAND,

3095 1961 160 28 Lawrence.

2432 2393 11 45 \
2455 2392 21 29 \
2482 2392 150 30 ALGETY
2652 2391 24 29 &
2699 2389 196 36 COMPANY,
2916 2388 172 36 LIMITED,
3111 2389 54 38 beg
3186 2391 29 26 to
3232 2396 143 20 announce
3395 2387 62 28 that
3476 2387 72 28 their

2554 2474 149 30 SECOND
2742 2471 113 30 WOOL
2895 2471 96 29 SALE
3030 2471 74 27 FOR
3142 2469 90 28 THIS
3274 2469 148 28 SEASON

2851 2549 68 30 Will
2944 2551 34 28 be
3003 2550 63 28 held
3092 2558 35 20 on

2425 2628 332 67 MONDAY,
2806 2631 59 52 10
2869 2628 51 29 th
2969 2624 375 68 JANUARY,
3407 2627 136 56 1898.

2493 2809 113 32 WOOL
2626 2810 41 29 for
2683 2809 53 30 this
2753 2806 62 31 Sale
2829 2810 73 26 must
2915 2807 81 29 reach
3009 2818 50 18 our
3074 2806 92 29 Stores
3181 2807 46 26 not
3241 2803 68 29 later
3325 2803 63 30 than
3403 2803 120 29 THURS-

2422 2891 85 35 DAY,
2534 2890 46 29 the
2607 2890 53 29 6th
2685 2885 193 31 JANUARY.

2493 2963 105 29 Advice
2613 2962 95 34 Notes,
2723 2959 122 30 Address
2859 2958 109 36 Labels,
2983 2957 59 37 &c,
3057 2958 97 38 posted
3168 2966 35 20 on
3217 2957 175 40 application.

2685 3099 189 38 gg§TAddress
2894 3108 69 29 your
2984 3097 216 39 Consignments
3221 3101 25 25 to-

2825 3307 164 30 DUNE
3010 3306 24 30 D
3056 3307 13 27 I
3090 3306 26 29 N

2625 3452 82 40 Jl'Q;
3041 3452 52 33 KJp
3097 3454 216 34 WMwfS

2683 3854 36 28 IS
2747 3850 214 30 ANNUALLY
2992 3848 98 32 USED
3118 3845 104 31 UPON
3253 3844 22 28 A

2417 3906 349 68 QUARTER
2783 3922 105 21 0FTHE
2904 3901 238 57 SHEEP
3158 3917 33 20 -
3205 3915 56 22 THE
3291 3892 246 56 WORLD

2453 4024 58 29 US
2535 4021 231 31 BiIXEFICIAL
2790 4018 166 31 EFFECTS
2975 4016 81 29 AND
3075 4014 168 29 LASTING-
3266 4009 95 31 PtMP
3368 4017 40 18 •'-
3424 4005 3 48 ;
3431 4005 17 48 '■

2815 4071 130 31 ALONE
2972 4069 111 28 MAKE
3110 4068 38 29 IT

2415 4136 151 55 TITB
2611 4130 392 59 CHEAPEST
3038 4128 95 56 OF
3171 4124 143 59 ALL
3356 4120 102 54 !>U
3472 4123 11 20 J
3504 4143 13 5 -
3518 4120 1 71 :
3529 4163 9 9 .

2496 4241 162 28 'uOCL'lcAßlib:
2688 4245 70 21 FSOM

2902 4273 103 30 JOHN
3032 4269 219 35 THOMPSON,
3279 4268 152 27 Uvwn-v,

2825 4316 63 28 And
2911 4316 71 27 from
3005 4314 35 28 all
3065 4313 88 28 Stock
3174 4311 53 28 and
3254 4307 102 30 Station
3386 4306 42 26 .W

2459 4402 175 42 Murray,
2662 4399 173 34 Roberts
2868 4395 79 35 and
2980 4393 89 42 Co.,
3103 4397 81 29 Chief
3210 4397 106 29 Agents
3337 4391 17 27 f.

2564 4997 63 25 vv
2810 4994 32 28 /

3144 4939 45 25 vx
3202 4931 27 33 /
3241 4931 20 33 /
3276 4941 7 22 /
3306 4931 1 33 ■
3319 4931 3 33 i
3336 4931 13 30 \
3375 4943 13 21 \
3408 4931 76 33 \//

2536 5105 155 57 NEW
2752 5106 90 53 RA
2865 5103 129 56 PIP
3043 5097 385 60 BICYCLES.

2424 5210 58 58 ST.
2497 5205 113 24 GCOUGC
2627 5202 204 24 ENGIXEERfNG
2845 5202 49 26 CO.,
2911 5203 99 25 LIMITED,
3025 5209 34 12 are
3070 5200 33 21 the
3115 5200 79 21 Makers
3205 5200 21 19 of
3236 5199 33 20 th«
3280 5198 47 21 only
3340 5197 79 26 Bicycle
3429 5199 113 30 possessing

2478 5225 26 34 'iu
2513 5235 69 28 happy
2592 5232 136 24 combination
2742 5236 33 16 tuo
2786 5230 113 28 perfection
2909 5230 20 21 of
2938 5228 183 29 thosrtquditiesm
3131 5234 24 15 .«
3161 5226 85 23 awetod
3252 5226 26 27 by
3335 5224 84 21 ■ri-jtic.-d
3429 5225 111 27 (Jyclisis-

2591 5266 196 31 STABILITY
2808 5259 4 38 !
2892 5263 121 31 SPEED
3029 5264 5 28 !
3113 5259 262 33 DURABILITY'!

2467 5311 48 22 Tin's
2525 5309 41 22 fact
2575 5308 36 22 h\9
2622 5307 80 21 becom*
2711 5305 103 26 generally
2950 5305 20 19 in
2980 5302 103 28 Tuapaka,
3095 5303 40 21 and
3145 5303 20 20 in
3176 5309 47 14 cons
3236 5308 13 20 q
3258 5307 55 15 i-;uc>
3332 5301 8 19 L
3355 5306 31 14 am
3402 5298 55 28 daily
3467 5299 74 27 seluiis;
3560 5298 1 35 j

2418 5341 45 21 Mies
2484 5337 103 23 Alidiines
2599 5340 21 15 to
2631 5326 85 36 (lyclwu
2728 5334 44 19 who
2782 5337 51 15 have
2843 5332 49 21 beau
2902 5330 142 28 disappointed
3054 5331 27 22 by
3091 5331 60 19 other
3161 5330 76 24 makes,
3249 5328 40 21 and
3301 5328 45 19 who
3354 5333 34 14 are
3393 5326 54 26 glad,
3459 5326 83 28 indeed,

2418 5368 31 22 for
2459 5374 31 15 m«
2502 5371 19 16 W
2532 5364 57 22 make
2599 5362 57 21 them
2663 5367 25 15 an
2699 5360 108 21 allowance
2817 5359 31 20 for
2860 5359 53 20 thrtir
2923 5358 104 21 discarded
3039 5363 82 15 mounts

2418 5407 55 37 As
2484 5404 93 37 Part
2589 5397 266 49 Payrnentfor
2864 5408 24 25 a
2901 5395 187 38 Machine
3095 5396 94 44 they
3199 5406 77 26 can
3292 5393 167 44 Depend
3473 5404 67 24 on.

2472 5492 65 21 Those
2547 5489 44 20 who
2600 5494 34 13 are
2645 5490 34 15 not;
2693 5485 20 21 in
2724 5492 9 11 a
2746 5483 85 27 position
2843 5485 21 18 to
2874 5483 99 25 purchase
2983 5489 37 13 one
3030 5482 22 19 of
3061 5482 57 21 these
3128 5482 54 20 ideal
3191 5481 68 20 steeds
3269 5487 36 14 ca«
3314 5478 70 21 obtain
3396 5478 52 21 from
3462 5486 32 13 me

2538 5515 68 31 Kkw
2629 5522 54 19 and
2709 5513 198 27 Second-hand
2937 5510 129 28 Bicycles
3089 5509 29 27 of
3141 5519 83 22 every
3247 5506 177 37 description.

2634 5566 688 86 CHARLES~STOKES,

2575 5669 214 39 MERCHANT
2821 5666 152 39 TAILOR,
3000 5666 69 32 Resa
3102 5666 98 36 Place,
3225 5665 161 30 Laweenck.

2824 5712 93 35 Agent
2943 5708 44 28 for
3012 5707 139 37 Tuapeka.

2471 5759 161 31 OitaloffW»vWJ
2647 5750 139 33 Apvlication.
2852 5759 12 5 -
3069 5746 65 22 When
3146 5744 100 29 Ordering
3259 5744 92 23 Mention
3367 5744 41 23 this
3422 5745 73 24 Payer.

3569 192 1 54 :
3592 200 256 46 Speargrass
3882 199 91 38 Flat
4012 192 134 45 Hotel,

3692 263 99 28 BALD
3815 262 93 29 HILL
3932 259 109 31 FLAT.

3588 343 90 21 JAMES
3690 343 152 22 FALCONER

3588 413 99 28 nnilE
3700 413 86 29 above
3802 412 83 29 Hotel
3899 411 55 30 will
3968 411 34 29 be
4016 408 88 31 found
4124 419 15 17 a

3568 449 2 31 i
3671 456 72 24 most
3769 453 179 27 comfortable
3978 451 55 28 aud
4064 449 60 28 well-

3586 492 149 40 appointed
3749 492 94 30 House
3858 492 37 37 by
3918 491 152 30 Travellers
4083 488 56 31 and

3586 534 46 28 the
3643 534 94 37 public
3751 533 151 38 generally.
3941 533 120 27 Patrons
4075 541 62 26 may

3586 574 56 37 rely
3656 584 34 18 on
3704 583 82 28 every
3804 573 137 28 attention
3956 571 85 39 being
4053 570 84 40 given

3585 618 27 24 to
3623 614 71 28 their
3707 614 126 28 comfort.

3567 683 2 33 I
3583 686 43 29 An
3640 684 159 32 Excellent
3812 686 89 29 Table
3914 686 119 29 Always
4048 683 88 29 Kept.

3645 760 71 39 Only
3734 760 44 28 the
3793 760 66 28 Best
3872 759 118 40 Liquors
4004 758 78 39 Kept

3788 801 29 29 in
3831 800 96 29 Stock.

3565 853 2 40 !
3584 854 157 30 First-class
3756 854 138 39 Stabling,
3909 854 67 29 with
3993 854 100 29 Groom
4108 853 28 28 in

3776 896 174 28 attendance.

3592 987 272 28 DAILWAY
3941 985 195 34 HOTEL,

3675 1054 66 21 ROSS
3760 1053 97 26 PLACE,
3879 1051 168 23 LA.WHENCE.

3583 1122 159 44 Joseph
3769 1122 103 41 Cox,
3900 1119 236 46 Proprietor

3619 1209 61 27 J.C.
3696 1209 68 37 begs
3786 1213 28 23 to
3828 1209 125 26 intimate
3967 1208 60 27 that
4040 1208 34 26 he
4089 1208 47 26 has

3583 1248 154 37 purchased
3768 1248 48 27 the
3847 1247 87 27 above
3960 1246 178 28 well-known

3586 1288 139 37 Hostelry,
3734 1288 54 27 and
3804 1288 93 36 hopes,
3907 1287 37 36 by
3955 1286 78 28 strict
4047 1289 75 25 atten-

3585 1328 57 29 tion
3657 1333 26 23 to
3698 1328 46 28 the
3754 1327 117 29 comfort
3880 1327 28 28 of
3921 1326 153 29 Travellers
4082 1327 55 27 and

3585 1369 46 28 the
3644 1368 92 38 public
3750 1367 149 39 generally,
3913 1371 29 24 to
3958 1373 72 21 meet
4042 1366 66 28 with
4122 1376 14 18 a

3583 1409 53 28 fair
3649 1409 79 28 share
3741 1409 28 28 of
3782 1413 160 33 patronage.

3621 1448 58 31 The
3702 1449 122 38 Railway
3846 1448 24 29 is
3892 1458 51 19 one
3956 1448 30 27 of
4000 1448 46 27 the
4059 1448 63 27 best

3583 1489 147 39 appointed
3744 1489 98 29 Hotels
3851 1489 106 28 outside
3966 1488 29 28 of
4007 1487 128 30 Danedic

3584 1530 96 29 Under
3693 1529 86 30 J.O.'s
3795 1531 200 37 management,
4006 1528 46 28 the
4063 1538 54 19 com-

3583 1572 55 28 fort
3651 1571 29 28 of
3689 1575 111 34 patrons
3810 1569 53 29 will
3873 1571 36 28 be
3921 1569 76 30 made
4009 1580 16 17 a
4035 1568 90 40 specia
4125 1568 8 18 l

3582 1613 114 33 feature,
3710 1611 54 28 and
3778 1622 34 17 no
3826 1611 81 28 effort
3919 1611 51 28 will
3989 1610 32 29 be
4036 1609 98 39 spared

3583 1656 27 25 to
3625 1662 62 20 snve
3701 1660 82 24 every
3798 1651 179 28 satisfaction.

3582 1725 58 28 The
3653 1726 62 27 best
3728 1725 102 27 brands
3844 1725 29 27 of
3896 1724 103 34 Wines,
4024 1723 100 38 Spirits
4126 1744 8 14 ;

3618 1765 55 28 and
3689 1765 64 29 Ales
3767 1765 101 36 always
3888 1764 67 37 kept
3969 1764 26 28 in
4009 1763 86 29 stock.

3583 1837 127 39 Simpson
3723 1837 55 28 aud
3793 1836 97 29 Hart's
3904 1836 66 29 Ales
3983 1835 100 39 always
4098 1845 32 18 or

3828 1877 67 38 Tap.

3582 1950 155 28 First-class
3750 1949 129 33 Stabling
3890 1947 240 31 Accommodation

3586 2032 281 54 MASONIC
3911 2029 224 41 HOTEL*

3675 2091 68 21 ROSS
3756 2091 96 23 PLACE,
3867 2090 167 20 LAWRENCE.

3562 2160 2 29 i
3579 2160 33 29 11.
3633 2160 113 29 WEBB

3951 2158 179 30 Proprietor,

3616 2241 57 28 The
3729 2241 121 28 Masonic
3906 2239 101 28 affords
4030 2238 36 29 all
4085 2237 48 30 the

3579 2280 130 29 comforts
3723 2281 28 28 of
3764 2291 15 18 a
3793 2281 88 35 home,
3892 2279 55 29 and
3961 2279 23 28 is
3998 2278 131 40 provided

3577 2321 67 29 with
3658 2321 47 29 the
3726 2331 67 28 very
3813 2321 61 28 best
3888 2319 244 30 Accommodation

3577 2361 43 28 for
3646 2361 161 28 Travellers.
3846 2361 159 28 First-class
4037 2359 85 28 Table

3577 2401 68 29 Best
3664 2400 97 30 Wines
3784 2401 53 30 and
3859 2400 101 40 Spirits
3983 2399 101 39 always
4104 2399 27 28 ii:

3576 2443 90 29 stock.

3699 2509 132 21 CHARGES
3853 2507 159 23 MODERATE.

3612 2565 57 28 The
3696 2565 158 38 Proprietor
3881 2564 99 28 wishes
4007 2566 28 26 to
4058 2563 76 28 draw

3576 2605 109 38 Special
3709 2605 136 28 attention
3872 2609 28 23 to
3930 2605 45 26 the
4002 2603 131 38 Stabling

3576 2645 246 29 Accommodation
3842 2644 143 38 provided,
4002 2644 88 27 which
4112 2643 19 28 \h

3561 2683 1 38 ;
3575 2685 154 36 unlimited,
3744 2686 53 28 aud
3812 2686 28 28 of
3855 2686 44 28 the
3916 2685 60 29 best
3991 2683 76 30 kind.

3609 2779 8 29 i
3643 2770 191 31 ICTOHI
3849 2772 26 27 A
3952 2770 168 29 HOTEL

3666 2839 70 21 PEEL
3749 2839 112 26 STREET,
3879 2838 166 22 LAWRENCE.

3601 2933 169 33 Ronald
3800 2930 315 41 Montgomery,

3772 2987 176 28 Pkophietok.

3578 3080 59 29 One
3660 3080 29 28 of
3710 3080 46 27 the
3778 3086 71 20 most
3875 3078 181 29 comfortable
4077 3088 51 19 anc

3604 3120 228 29 bust-couducLed
3847 3118 155 29 Hostelries
4012 3130 35 17 on
4061 3120 43 27 the

3793 3169 21 23 ;o
3829 3159 159 27 Goldiields.

3677 3250 55 21 EOT
3755 3249 61 22 AND
3838 3250 73 19 Col.!.)
3932 3248 90 22 BATHS

3601 3318 109 28 Saiiplk
3732 3317 95 29 Rooms

3885 3327 13 18 K
3921 3324 170 22 JLi^VELLEttS

3574 3399 167 38 Passengers
3750 3397 85 29 called
3848 3396 41 30 for
3899 3398 44 28 the
3952 3398 75 38 early
4036 3398 91 33 Train.

3579 3544 61 58 D.
3687 3544 62 59 M

3781 3543 168 25 ITCH
3984 3543 18 24 E
4033 3544 19 24 L
4084 3543 16 25 I

3631 3686 70 27 THE
3748 3686 160 27 POPULAR
3943 3685 120 32 HOILSE,

3752 3749 199 25 LAWRENCE.

3584 3831 11 17 s
3607 3830 52 17 now
3677 3822 105 32 opening
3800 3829 31 22 up
3852 3820 37 23 hi.=;
3913 3819 63 24 First
3998 3819 115 31 Shipmen

3587 3868 24 23 of
3628 3865 145 27 SUMMER
3790 3864 135 24 DRAPER
3930 3863 167 30 Y,.ccnsistinc-

3584 3912 26 22 of
3617 3912 31 23 all
3660 3913 39 22 the
3708 3913 69 22 latest
3789 3909 117 25 novelties
3916 3909 34 23 for
3962 3908 40 24 thd
4011 3908 93 31 cominp

3654 3958 91 21 season,
3764 3949 46 24 and
3826 3949 75 30 prices
3916 3950 23 20 to
3958 3947 89 24 match*

3692 3988 122 29 Millineiy
3828 3996 14 14 a
3866 3986 136 31 Speciality.

3733 4144 26 4 —
3879 4128 91 24 Millers
3997 4127 44 25 Ha
4090 4127 31 26 ci

3596 4170 107 30 oxburgit
3718 4176 70 22 nvciy
3805 4169 35 22 six
3857 4167 87 24 weeks.

3605 4510 131 21 ROYAL

3591 4544 153 21 WARRANT

3767 4504 65 23 >i■;;v
3837 4497 2 35 ,
3840 4504 85 25 '>'■'•'■{"
3939 4497 44 29 ■!-^
3983 4497 2 35 t
4000 4506 43 21 k£R
4052 4501 112 25 Majesty
4174 4508 5 21 i

3767 4551 14 5 ■--
3798 4537 3 22 -
3979 4544 13 15 v
4010 4543 47 16 rfin
4069 4537 91 22 Ouiert.
4174 4537 3 22 .

3767 4564 400 43 «#IffiRM£PRiNCEiiFWAIiS.

3816 5255 48 25 «U£
3892 5258 16 22 BS
3969 5263 50 17 Mam
4070 5265 24 19 .4,

3670 5458 36 31 «&

3602 5616 173 40 TOTHILL,
3796 5620 174 41 WATSON,
3992 5624 22 30 &
4038 5625 65 36 CO.,

3678 5693 143 28 JSsk-atreet.
3843 5698 165 31 lnvercaii.nl!,

3569 5731 4 45 !
3666 5740 87 32 Afjaita
3770 5741 36 26 for
3821 5743 76 33 Uiago
3915 5745 46 26 an!
3981 5745 133 28 SeuthUiyS
