3540 4630
132 220 181 28 POLLTICAL
331 220 57 24 TIT
414 220 83 24 BITS.

117 302 151 31 (Published
278 305 31 16 by
322 300 199 31 arrakgemext.)

87 357 113 27 Noticing
220 355 42 24 the
275 354 88 25 tactics
376 353 26 26 of
421 355 41 24 the
475 353 112 26 National

51 397 173 28 Conservative
244 395 163 29 Association,
428 395 42 24 the
493 396 92 24 Nelson

45 440 58 25 Star
133 444 55 23 s-iys
206 444 5 15 :
214 449 33 4 —
368 434 135 31 plutocrats
527 434 62 25 have

46 492 35 16 no
99 481 145 26 connection
265 480 60 24 with
337 479 43 25 the
391 479 95 32 people.
522 480 66 32 They

48 535 62 17 were
122 528 43 22 not
176 524 134 32 instigated
332 524 28 28 by
374 531 49 22 any
443 524 144 31 expression

47 567 28 25 of
85 566 81 31 public
188 563 101 32 opinion
302 566 25 22 to
347 562 74 31 adopt
443 562 43 24 the
504 562 83 25 action

50 606 83 26 which
150 606 57 29 they
230 604 63 24 haye
301 607 3 5 1
313 602 83 25 taken;
431 602 38 24 No
493 604 93 23 section

50 646 28 24 of
96 645 40 24 the
158 642 87 32 people
256 640 129 33 requested
409 640 66 24 them
489 643 26 21 to
535 640 53 25 hire

51 684 92 31 special
166 682 95 23 writers
282 683 26 21 to
327 678 100 26 defame
449 679 136 24 Ministers.

50 724 32 22 In
94 722 43 23 the
150 720 98 24 articles
260 717 134 26 circulated
418 717 59 29 they
500 717 31 23 do
544 719 43 21 not

51 762 61 24 offer
124 768 48 23 any
193 758 157 33 suggestions
361 757 38 23 for
423 756 44 24 the
489 755 63 32 good
564 750 27 23 °f

51 800 45 25 the
118 798 94 33 people.
247 796 38 25 No
298 793 193 32 counter-policy
514 793 21 25 is
547 793 37 24 ad-

50 837 96 27 vanced
164 835 78 26 which
266 833 80 25 would
369 832 55 33 give
436 840 69 16 more
518 832 69 25 satis-

51 880 93 30 factory
156 877 84 24 results
252 875 61 25 than
323 874 40 24 the
376 873 105 25 arduous
491 872 97 26 labours

53 917 28 26 of
102 917 71 24 those
195 918 26 21 at
244 918 97 27 yivsenc
364 914 26 22 at
413 912 44 24 the
477 910 63 25 head
563 910 27 24 of

51 957 92 24 affairs.
178 954 54 24 The
249 951 97 25 articles
359 950 98 25 contain
481 950 107 30 nothing

53 996 45 25 but
109 995 46 25 low
169 991 137 32 suspicious
318 990 49 24 and
386 988 134 26 scurrilous
533 995 53 25 per-

53 1035 70 24 sonal
136 1032 82 28 abuse,
237 1030 49 24 and
305 1028 92 25 behind
409 1028 49 25 this
470 1027 73 25 cloud
564 1027 27 24 of

51 1070 151 27 defamation
225 1068 69 25 lurks
317 1075 15 16 a
355 1067 80 31 clique
465 1065 26 25 of
517 1065 71 25 office

51 1112 104 27 seekers,
192 1109 106 25 anxious
328 1108 27 24 to
377 1105 150 33 manipulate
547 1105 42 25 the

51 1152 84 26 affairs
153 1151 26 24 of
199 1150 41 24 the
260 1150 103 30 country
385 1147 38 24 for
446 1145 65 25 their
533 1153 55 17 own

86 1231 54 23 The
164 1228 58 25 lion
246 1226 67 25 John
337 1223 138 29 M'Kenzie,
501 1223 28 24 m
549 1222 39 25 his

52 1270 101 26 address
164 1271 26 22 at
213 1267 131 27 Gisborne,
362 1272 56 19 .was
440 1262 107 33 graphic,
561 1263 26 24 m

54 1311 38 23 Ins
114 1307 149 31 description
275 1305 26 24 of
320 1304 41 24 the
380 1301 120 26 National
508 1324 3 2 .
523 1301 63 25 Con-

51 1347 121 25 servative
195 1343 162 26 Association.
404 1340 40 25 He
468 1339 54 25 said
545 1339 43 25 the

54 1388 79 25 whole
145 1385 80 33 object
237 1383 26 26 of
278 1383 50 24 this
341 1380 146 26 association
500 1387 50 16 was
562 1381 26 21 to

54 1431 40 27 get
107 1424 63 25 back
192 1424 52 23 into
267 1421 43 25 the
333 1418 80 26 hands
436 1418 26 24 of
482 1417 44 25 the
547 1416 41 26 old

54 1462 175 27 Conservative
241 1460 78 30 Party
329 1458 44 24 the
391 1455 197 26 administration

53 1503 27 24 of
93 1503 42 23 the
147 1500 95 30 colony.
268 1497 26 24 If
303 1495 87 34 people
402 1501 64 18 were
477 1493 111 24 desirous

54 1540 28 24 of
98 1539 84 31 seeing
204 1537 42 24 the
269 1535 161 32 government
451 1531 63 25 back
534 1531 55 24 into

54 1580 42 24 the
109 1577 81 25 hands
202 1576 26 24 of
247 1575 40 25 tbe
311 1571 174 26 Conservative
504 1569 84 32 Party,

54 1617 59 29 they
125 1614 79 25 would
227 1615 102 29 support
340 1610 41 24 the
404 1607 118 25 National
543 1607 45 23 As-

54 1656 128 26 sociation.
217 1653 81 25 Those
309 1648 118 27 National
437 1646 152 27 Association

55 1695 82 32 people
148 1700 64 17 were
223 1690 107 31 nothing
351 1695 66 18 more
428 1695 28 16 or
468 1685 47 25 less
526 1684 63 26 than

53 1735 87 24 Tories
150 1733 26 24 m
196 1729 116 33 disguise.
347 1728 69 31 They
432 1733 64 18 were
508 1724 80 26 afraid

54 1778 28 21 to
93 1772 48 26 call
161 1768 147 28 themselves
329 1766 96 25 Tories.
458 1764 69 30 They
539 1762 51 27 had

55 1821 16 16 a
82 1810 98 34 general
197 1808 80 32 policy
293 1804 81 27 which
387 1809 119 25 everyone
517 1800 74 27 could

55 1858 71 25 agree
138 1855 25 18 to
175 1849 25 23 m
213 1846 90 31 twenty
308 1844 63 24 -four
379 1844 82 26 hours,
474 1839 48 26 and
529 1839 61 26 then

56 1893 60 30 they
127 1888 83 26 varied
223 1886 64 26 their
309 1884 79 33 policy
404 1883 29 24 m
444 1879 146 27 accordance

55 1935 62 25 ■with
140 1933 43 24 the
205 1929 178 34 requirements
405 1926 27 26 of
452 1933 16 17 a
484 1923 106 26 district.

56 1976 33 25 In
100 1982 15 17 a
127 1972 96 26 district
234 1970 79 26 where
335 1966 118 27 freetrade
465 1971 48 18 was
531 1971 59 25 pop-

56 2015 63 26 ular,
143 2009 120 27 freetradc
285 2014 50 18 was
353 2006 44 24 the
420 2003 81 33 policy
512 2003 28 24 of
548 2002 43 24 the

55 2051 119 26 National
203 2047 162 27 Association.
421 2044 33 26 In
481 2043 110 24 districts

54 2096 83 21 ■where
156 2089 71 26 theife
249 2095 63 17 were
334 2083 102 26 woollen
454 2082 67 24 mills
540 2081 50 26 and

54 2131 73 25 cither
149 2126 145 28 industries,
323 2123 44 25 the
390 2119 118 27 National
531 2121 59 23 Ass-

56 2170 108 26 ociation
185 2175 50 17 was
254 2166 39 24 for
310 2163 146 33 protection,
491 2160 50 25 and
563 2159 27 25 m

55 2211 109 25 districts
186 2208 82 25 where
289 2205 71 25 there
379 2210 52 18 was
453 2203 75 23 much
550 2208 40 17 co-

54 2251 125 33 operative
190 2248 86 25 labour
287 2246 22 25 it
331 2243 113 27 declared
466 2243 27 24 m
503 2241 88 25 favour

54 2293 28 24 of
100 2290 175 32 co-operation.
309 2287 26 23 It
348 2293 47 16 was
419 2283 63 24 hard
499 2286 28 21 to
538 2281 53 24 find

54 2333 46 23 out
112 2330 66 24 what
199 2327 58 31 they
269 2332 63 18 were
349 2322 76 32 really
448 2324 35 21 at.
518 2320 74 25 Their

54 2370 53 24 sole
119 2368 80 30 object
211 2373 50 17 was
273 2366 26 23 to
311 2364 41 30 get
364 2363 54 22 into
435 2366 90 25 power.
555 2367 4 4 •

89 2408 54 24 The
155 2401 179 33 Marlborough
356 2406 109 25 express,
476 2396 83 26 which
569 2395 21 25 is

54 2447 33 30 by
112 2453 31 16 uo
155 2450 86 18 meana
264 2439 105 32 friendly
382 2441 26 21 to
427 2436 43 25 the
493 2434 97 31 Seddpn

56 2483 180 26 Government,
265 2486 57 24 says
332 2484 40 16 :—
373 2476 25 24 lf
418 2476 44 24 the
484 2472 106 33 Captain

54 2521 52 25 and
117 2520 40 25 bis
180 2518 124 25 followers
324 2521 47 18 earn
395 2513 72 30 bring
479 2519 33 16 no
523 2517 67 18 more

53 2563 93 23 honest
159 2559 49 25 and
221 2555 106 28 truthful
338 2554 91 31 charge
440 2552 100 32 against
552 2550 40 25 Mr

56 2600 100 26 Seddon
167 2596 51 28 and
240 2596 40 24 his
293 2593 140 31 colleagues
456 2592 64 23 than
540 2589 51 25 this

51 2639 55 32 silly
135 2634 166 34 oft-repeated
329 2632 51 25 and
407 2629 100 33 equally
538 2629 50 23 -oft-

53 2676 98 26 refuted
169 2683 42 23 cry
234 2674 26 24 of
281 2671 97 31 driving
400 2676 68 24 away
492 2667 98 32 capital,

54 2719 62 26 then
128 2718 58 31 they
204 2714 51 27 and
266 2715 30 24 he
308 2719 40 18 are
361 2711 31 32 by
403 2718 34 17 no
448 2716 88 17 means
548 2705 43 27 the

55 2759 55 24 best
121 2765 59 17 men
190 2758 28 22 to
238 2753 70 33 place
319 2751 26 24 m
357 2751 71 24 oflice
439 2748 50 25 and
501 2754 89 25 power.

54 2799 82 24 There
148 2804 42 17 are
206 2794 84 32 plenty
315 2792 26 25 of
359 2791 83 32 points
453 2796 33 17 on
508 2787 84 25 which

52 2838 45 24 the
120 2838 100 29 present
254 2829 200 27 administration
480 2833 58 25 may
561 2825 29 25 be

53 2869 134 31 truthtully
206 2865 51 26 and
278 2863 112 34 properly
410 2860 115 29 assailed,
548 2859 44 23 but

52 2907 52 26 this
117 2914 41 24 cry
171 2905 26 26 of
216 2907 5 12 '
225 2904 66 31 -Pity
309 2902 65 25 Poor
395 2898 105 33 Capital'
514 2897 76 24 won't

54 2947 57 24 bear
123 2942 180 27 examination.
328 2940 85 23 Better
423 2944 34 17 no
465 2936 123 27 criticism;

52 2994 35 18 no
99 2984 141 33 opposition
260 2985 27 22 at
307 2980 43 30 all,
374 2979 60 24 than
446 2985 15 16 a
473 2975 118 26 criticism

52 3027 52 25 and
126 3034 33 16 an
181 3018 138 38 opposition
339 3019 82 26 which
450 3025 43 16 are
516 3015 75 26 based

53 3073 67 24 upon
144 3062 114 33 palpable
295 3055 243 35 misrepresentation
565 3055 27 23 of

54 3104 160 27 well-kaown
242 3102 70 24 facts.
369 3096 87 32 Surely
484 3094 106 32 Captain

53 3142 104 27 Ruusell
167 3148 47 18 can
225 3146 75 19 never
310 3137 59 25 read
380 3135 43 25 the
434 3141 95 25 papers,
553 3140 36 21 or,

52 3186 22 24 if
90 3184 32 24 he
134 3183 67 27 does,
225 3179 72 26 reads
320 3177 68 26 them
400 3175 58 31 only
481 3172 109 33 through

52 3226 41 24 his
117 3231 55 17 own
193 3218 148 28 blue-tinted
364 3217 100 32 glasses.
500 3214 89 24 Other-

51 3264 68 28 wise,
136 3262 32 24 he
179 3259 82 26 -would
283 3259 64 24 have
367 3257 58 24 seen
445 3252 89 27 within
546 3252 44 24 the

51 3303 51 25 last
113 3300 68 26 week
198 3306 27 17 or
247 3300 50 22 two
309 3295 55 25 that
387 3292 96 25 British
496 3290 92 32 capital

53 3342 24 25 is
89 3340 87 32 simply
188 3337 108 33 pouring
306 3336 54 24 into
383 3334 42 24 the
436 3335 104 28 country
552 3331 38 24 for

54 3380 44 26 the
110 3381 96 22 further
218 3373 168 32 development
397 3372 27 24 of
437 3378 44 16 our
492 3370 98 30 mining

54 3419 124 31 industry,
197 3416 49 25 and
268 3422 28 17 as
319 3417 27 21 to
367 3413 42 24 the
421 3412 133 30 cheapness
566 3410 26 24 of

178 3457 42 23 the
231 3455 49 24 fact
292 3452 56 25 that
369 3450 44 26 the
436 3449 79 25 banks
522 3448 68 26 .have

54 3497 49 24 had
129 3500 25 21 to
176 3495 89 25 reduce
293 3493 42 25 the
357 3494 52 24 rate
418 3513 2 3 ,
432 3490 27 24 of
473 3488 4 12 ;
484 3489 105 25 interest

54 3543 86 25 proves
153 3535 56 23 that
220 3539 90 23 money
326 3530 22 24 is
361 3528 128 31 becoming
501 3535 15 16 a
527 3527 62 31 drug

56 3578 26 22 m
95 3576 42 24 the
154 3573 106 26 market.
360 3578 4 6 :
505 3579 12 9 r

168 3638 14 15 #
246 3625 30 25 '"#
363 3634 15 13 *
456 3632 15 14 *

85 3687 81 24 Three
183 3683 114 25 hundred
324 3688 103 25 persons
449 3686 56 18 own
529 3680 58 22 two-

51 3725 82 26 thirds
144 3723 27 26 of
183 3721 127 29 Scotland,
333 3719 50 25 and
394 3717 193 26 nineteen'hun-

51 3766 61 26 dred
140 3770 102 26 persons
261 3769 56 18 own
340 3758 141 28 two-thirds
501 3758 26 24 of
545 3758 43 24 the

50 3805 81 25 whole
143 3803 96 24 surface
251 3800 26 25 of
298 3798 109 26 Ireland.
442 3798 63 24 This
515 3796 78 25 looks,

53 3843 48 24 bad
112 3843 38 23 for
161 3841 42 23 the
215 3839 99 25 mother
326 3839 110 29 country,
455 3835 50 25 and
517 3835 70 24 tends

52 3883 27 22 to
91 3881 69 23 show
171 3879 47 27 the.
226 3885 96 24 process
335 3876 32 31 by
386 3873 82 26 which
479 3873 44 25 the
534 3872 54 25 rich

51 3928 66 23 grow
140 3919 77 23 richer
222 3918 70 23 ---the
312 3923 68 24 poor,
403 3922 107 26 poorer./
534 3913 53 24 But

52 3964 56 24 that
120 3969 36 17 we
174 3968 25 16 m
223 3960 49 24 this
293 3963 83 28 young
398 3960 105 29 country
512 3980 7 7 ..
526 3956 59 26 with

47 4010 16 16 a
86 4000 142 33 population
258 3998 27 24 of
306 3998 63 30 only
386 4004 68 17 some
477 3995 109 29 600,000

49 4041 64 23 have
126 4038 97 31 already
247 4036 63 25 don0
313 4038 6 13 f
320 4035 157 31 immenseiy
493 4035 54 24 well
558 4035 27 24 m

49 4079 44 25 the
105 4085 68 17 same
197 4075 118 24 direction
322 4074 47 27 ..the
391 4073 128 31 following,
539 4073 45 31 fig-

47 4127 58 16 ures
144 4116 51 26 will
233 4115 66 26 show
308 4114 132 28 :-^-35,752
482 4121 103 23 persons

49 4167 56 17 own
124 4158 142 25 allotments
289 4155 28 26 of
335 4153 60 26 land
418 4154 76 23 under
516 4154 67 24 £200

51 4198 27 24 m
89 4198 80 29 value,
183 4197 42 24 the
237 4199 131 28 aggregate
380 4195 24 23 of
427 4193 73 24 value
511 4192 74 32 being

54 4238 155 28 £2,955086,
226 4236 84 24 whilst
322 4233 144 33 forty-eight
485 4240 100 24 persons

52 4285 54 16 own
118 4277 60 24 each
200 4276 84 25 blocks
301 4276 26 23 of
348 4280 102 25 country
472 4275 33 23 of:
519 4275 66 22 from

51 4317 107 27 100,000
171 4318 24 22 to
204 4316 108 24 200.000
321 4322 68 17 acres
397 4315 28 24 m
436 4315 93 26 extent,
543 4313 42 24 the

49 4356 132 29 agjrrogate
192 4353 72 24 value
275 4353 26 24 of
313 4353 44 24 the
371 4353 80 24 whole
463 4351 76 32 being
550 4359 33 16 nn

49 4395 48 23 less
109 4393 62 24 than
184 4392 156 27 £9,788,180
351 4393 5 23 !
375 4391 53 24 The
451 4390 129 32 monopol-

47 4433 47 24 ists
106 4431 27 25 of
144 4431 42 25 the
204 4430 40 25 old
254 4429 76 25 world
341 4429 53 25 will
408 4429 65 25 have
486 4431 26 23 to
526 4429 57 25 take

49 4487 16 14 a
76 4477 61 25 back
159 4478 62 23 seat-

1197 61 18 38 I
1239 64 173 32 OXFORD
1457 66 224 31 OBSERVER
1711 65 240 35 SATURDAY,
1987 61 131 33 APRIL
2144 61 49 29 18.
2243 61 54 28 189
2297 61 35 28 G.

2932 4253 104 29 Pripted
3051 4253 59 28 .and
3251 4270 5 10 t
3258 4256 38 24 «jcV
3317 4257 32 30 Ly
3359 4264 2 4 •
3383 4255 91 25 IjauAa
3489 4250 6 4 '
3491 4256 6 15 l

2931 4292 4 39 j
2965 4288 83 29 Annik
3070 4292 104 30 Parish,
3199 4295 27 23 at
3235 4303 4 7 ■
3249 4293 46 26 her
3326 4294 131 32 itegistere
3481 4299 3 4 '
3509 4299 3 20 (

2932 4346 2 4 ■
2964 4334 118 35 Printing
3094 4336 86 30 os©*;
3203 4336 69 32 Hifb
3287 4334 102 31 'Strefel,.-
3413 4336 51 25 Eaa
3485 4351 9 9 ■.

2921 4391 26 13 .v
2966 4375 101 34 O^pvfl,
3077 4379 178 33 Cartterbury.^
3292 4389 3 7 •
3351 4391 15 11 v
3379 4402 3 2 
3395 4389 12 16 -,
3425 4387 4 4 •
3465 4393 27 16 ,•.
3505 4383 7 20 ;•

3002 4430 131 26 Satubday
3169 4431 77 26 Apkil
3287 4430 154 28 38/1896-
3479 4432 15 23 ',

2929 230 169 53 WATCH
3140 213 156 73 A%M
3325 230 147 51 CLOCK

3050 388 299 40 PITTED

3188 453 31 16 AT

2947 486 182 39 Parish's
3158 491 102 36 East
3284 494 172 45 Oxford:

2928 623 358 72 vsßTsnn'.".

2969 947 206 47 MACHINE
3223 952 199 45 NEEDLES

2938 1765 16 30 "'•
2968 1766 1 2 '
3012 1780 1 2 ■
3185 1778 45 22 AT
3350 1768 7 10 ''
3386 1767 3 3 '
3438 1768 34 9 ■'"

2931 1927 188 36 EAST
3167 1912 296 69 O^FOED

2929 2598 98 47 Job
3044 2599 233 60 Priixting
3289 2603 10 43 !

3100 2669 101 50 J()t)
3222 2669 245 60 l^rmting:

3010 2786 161 40 Machine
3201 2787 193 52 Priirtingv
3448 2799 2 6 ■

3105 2837 168 44 WOKES

2969 2889 90 25 MAIN
3260 2888 3 13 1
3272 2888 153 28 OXFORD;

3001 3042 35 31 In
3050 3043 73 40 Any
3136 3041 128 41 Variety
3279 3053 35 19 or
3331 3041 36 32 St
3368 3042 59 37 yXet
3465 3043 49 28 "')'

2929 3093 308 44 MEMGHIAL
3284 3093 181 42 GARDS
3503 3132 12 14 .

2957 3148 51 41 (m
3023 3157 70 20 new
3107 3147 61 34 ajid
3183 3147 106 30 chaste
3304 3146 140 40 designs)
3458 3156 59 19 *a;.

3008 3200 3 3 '
3039 3210 2 2 ■
3108 3191 45 43 5/-
3164 3204 57 30 per
3244 3194 67 30 doz.
3372 3194 70 35 ;£■;
3474 3197 43 34 /^

3011 3248 175 35 iStatement
3203 3250 118 37 Heads^
3387 3280 4 10 v
3395 3280 2 2 .
3407 3264 11 21 v
3450 3266 11 25 /
3496 3256 20 34 ";■'

2950 3307 5 14 ;
3011 3293 70 30 Ball
3095 3292 224 39 Programmes.
3418 3310 17 17 .;
3446 3320 3 7 :
3500 3302 12 19 ;■

2927 3338 4 7 '
3161 3332 177 37 Handbills,
3348 3361 5 7 4
3382 3353 2 1 ■
3394 3336 82 34 ,Vv.\-
3487 3332 29 45 .J.

3201 3374 141 40 Chequed
3350 3383 4 21 :
3361 3403 1 1 .
3370 3394 9 8 .-.
3413 3371 60 44 ;£;':
3501 3376 16 43 -^

3015 3417 104 30 Letter
3134 3417 59 30 and
3202 3415 81 31 Note
3295 3415 111 33 Heads.
3456 3436 11 12 .•
3474 3447 5 8 4
3493 3424 12 26 ;

3013 3458 167 36 Circulars,
3201 3457 120 35 Menus,
3441 3469 3 2 ■
3452 3459 20 33 ■;;'.
3486 3451 31 38 'U

2937 3504 13 40 y
2969 3500 25 17 '-'"■
3013 3500 193 39 Catalogues,
3222 3500 54 28 &c.
3289 3523 6 14 ,
3300 3498 50 32 &c.
3357 3523 7 14 ,
3383 3499 61 33 Ao.
3466 3511 10 23 v

2929 3559 89 39 Hew
3030 3553 127 54 Styles:
3167 3557 39 44 jn
3221 3554 164 54 TSsiting
3397 3557 72 39 and
3477 3591 3 11 :
3497 3554 20 53 |

2930 3682 38 30 8.
2969 3681 64 35 -P.
3054 3667 121 48 fearish,
3197 3704 2 1 ■
3234 3668 191 53 I^r^prietor:
3441 3685 4 8 r

2922 3737 26 18 '■"
2959 3753 5 25 ;
2983 3774 3 10 ;
3007 3725 72 52 'Hb
3098 3734 383 55 NEWEST/f^YlifiS-j
3502 3729 15 51 if

2929 3951 79 45 ■-.&■
3046 3951 80 44 W.
3162 3951 277 46 TURPIK.

2929 4019 244 40 WATCHMAKER.
3208 4020 174 39 JEWELLER
3409 4021 58 33 &c

3008 4081 87 26 MAIN
3109 4069 136 51 STi^ET
3263 4080 159 33 GXFO^)U
3435 4088 6 18 i
3442 4097 5 4 -
3449 4102 4 11 ;
3454 4079 3 18 ;
3461 4101 2 1 -
3470 4080 11 18 ■'
3503 4087 7 14 *

3091 4141 5 4 -
3124 4130 62 20 near
3197 4123 83 28 Bank.
3366 4137 30 14 .-.-
3430 4134 25 22 .;
3476 4149 3 5 .
3512 4130 5 24 I

2423 199 426 45 EUCALYPTUS

2548 274 81 4 —
2629 269 9 14 *
2638 274 80 4 —

2421 296 59 20 THE
2496 297 72 20 BEST
2584 297 87 20 HOME
2688 296 140 22 REMEDIE

2480 335 35 14 are
2530 328 36 21 the
2575 329 136 26 prepara'ion
2721 329 25 24 of
2753 328 36 22 th«

2365 364 169 22 TASMANIAN
2553 367 186 20 EUCALYPTUS
2753 367 48 20 OIL
2816 367 81 21 COMP.

2393 402 135 26 Universally
2538 403 104 21 admitted
2651 404 36 20 the
2696 404 55 22 BES
2757 405 17 23 r,
2787 403 114 23 FUHEST

2365 439 42 23 and
2417 443 58 18 most
2484 440 94 22 effective
2589 440 134 27 Eucalyptus
2745 441 105 22 Globulus
2866 441 32 21 Oil

2363 472 34 20 for
2419 472 169 25 INFLUENZA,
2610 473 92 26 Coughs,
2722 463 63 31 Coi'da
2869 474 30 21 all

2364 504 65 19 Chest
2446 504 43 20 and
2497 504 63 26 Lung
2577 505 112 21 affections
2704 505 76 27 speedy
2789 506 60 20 relief
2858 506 43 21 and

2364 536 56 20 Cure
2438 537 33 19 for
2487 536 156 25 Bheumatism,
2664 538 122 25 Neuralgia,
2802 538 98 26 Sprains-

2363 562 72 21 Burns
2455 563 34 21 &c.

2391 595 132 28 Eucalyptus
2541 598 104 21 Globulus
2664 599 92 21 Extract
2765 600 89 25 sprayed
2868 600 32 20 in-

2364 628 63 21 haled
2443 629 42 20 and
2500 629 65 21 taken
2575 629 117 27 internally
2709 631 33 20 for
2757 631 36 21 the
2810 631 87 26 Throat,

2364 664 97 26 Catarrh,
2478 665 59 26 Hay,
2562 666 97 26 Typhoid
2676 668 43 19 and
2733 668 81 21 Scarlet
2824 669 77 21 Fevers

2365 694 129 24 MEASLES
2506 698 97 24 thempßt
2612 699 137 27 satisfactory
2758 703 142 23 preventatire

2364 728 44 25 anoi
2422 729 61 21 Cure.
2499 749 3 3 .
2510 730 57 21 Send
2579 730 52 27 P.psJ
2647 731 55 22 Card
2712 734 22 19 to
2744 732 37 21 the
2791 732 63 21 Office
2866 734 34 19 for

2365 758 96 21 Circular
2473 760 121 26 describing
2612 763 122 20 treatment.
2760 763 139 27 Eucalyptus,

2364 791 112 23 Ointment
2485 794 37 20 the
2531 794 70 26 Magic
2610 796 79 21 Healer
2702 796 23 20 of
2739 796 70 24 Sores,
2822 798 78 23 Burns,

2365 824 102 25 Wounds,
2483 826 59 21 Boils
2560 828 48 23 &0.,-
2628 828 134 26 Eucalyptus
2781 829 58 26 Soap
2853 829 43 21 Fra

2363 858 64 22 grant
2436 857 43 21 and
2488 859 124 27 refreshing.
2636 860 133 27 Eucalyptus
2778 860 89 27 Jujubes
2876 868 25 14 or

2363 887 103 21 Pastilles
2475 890 33 20 for
2518 890 36 21 the
2579 891 80 22 Throat
2669 892 44 21 and
2722 892 63 21 Voice
2802 899 28 15 an
2844 894 55 21 anti-

2365 920 67 25 Reptic
2442 921 42 20 arid
2495 922 120 22 stimulant.
2643 922 57 6 "''
2744 922 40 16 '-''"'■
2807 922 10 3 ~
2856 922 38 8 '"'

2365 953 125 28 Veterinary
2506 956 36 21 Oil
2551 957 42 20 and
2604 958 112 21 Ointment
2725 959 33 20 for
2769 958 36 22 the
2813 959 86 22 stables.

2392 988 30 21 Be
2431 995 49 15 sure
2489 996 43 19 you
2542 991 108 21 Purchase
2664 993 39 20 the
2713 992 104 27 Platypus
2833 987 68 27 bVind

2365 1020 50 26 only
2425 1021 22 21 of
2454 1021 28 21 all
2493 1022 112 27 Chemists,
2610 1023 89 23 Grocers
2705 1024 43 21 and
2755 1024 146 28 Storekeepers

2365 1052 43 22 and
2422 1056 23 17 at
2459 1053 36 21 the
2506 1054 64 22 Office
2576 1057 15 21 ,9
2600 1056 115 22 Cathedral
2724 1056 76 26 squire
2809 1058 92 22 between

2364 1084 101 21 Morten's
2478 1086 113 27 Buildings
2599 1089 41 20 and
2652 1089 37 21 the
2697 1089 52 21 Post
2758 1089 71 22 Office.

2529 1122 87 21 Oxford
2627 1123 80 27 Agent

2419 1155 26 22 E.
2455 1155 30 23 H.
2499 1158 119 27 PARISH,
2641 1160 77 21 EAST
2731 1162 119 21 OXFORD

2445 1195 139 28 Eucalyptus
2584 1195 3 22 i
2596 1197 37 21 Oil
2647 1198 30 28 1/-
2690 1205 41 21 per;
2739 1200 78 21 bottle.

2388 1350 116 43 HELP
2520 1352 82 43 FOR
2619 1353 84 43 THE
2729 1355 146 43 WEAK.

2366 1459 179 27 YTERVOUS
2565 1461 71 26 AND
2647 1463 251 31 .DEBILITATED;

2367 1487 31 29 1*
2424 1493 63 28 who,
2500 1494 110 32 through
2620 1496 61 31 folly
2699 1497 49 24 and
2759 1498 139 31 ignoranpe,

2366 1525 64 25 have
2442 1525 80 26 trifled
2530 1533 72 26 uway
2613 1528 66 25 their,
2685 1529 87 33 vigour
2791 1527 107 37 bf^body,

2367 1558 78 29 mind,
2457 1559 51 25 and
2519 1560 134 30 manbopd,
2665 1564 101 31 causing
2782 1564 116 29 exhaust-

2367 1591 44 32 ing
2428 1592 83 25 drains
2522 1601 67 24 upon
2601 1595 42 27 the
2664 1597 128 25 fountaiiis
2813 1598 25 25 of
2849 1594 49 34 life,

2367 1625 64 24 Loss
2438 1625 26 24 of
2473 1625 102 34 Energy
2584 1628 52 23 and
2642 1628 42 25 Stf
2685 1625 214 40 engih/Timidity

2368 1658 164 26 Bashfulriess
2546 1685 2 4 ,
2565 1659 28 25 m
2628 1661 106 33 Society,
2757 1660 141 34 HeaLdache,

2367 1690 135 33 Backache,
2522 1692 177 32 Nervousness,
2722 1696 135 27 Weakness
2875 1698 28 25 of

2369 1725 119 32 Memory,
2501 1726 110 26 Restless
2621 1727 80 33 Sleep,
2711 1729 115 30 Dreams,
2835 1731 65 25 Loss

2368 1758 76 25 Flesh
2456 1759 51 24 and
2511 1759 76 26 -Vital
2605 1760 92 30 Power,
2720 1762 136 32 Eruptions
2867 1772 33 17 on

2369 1790 42 26 the
2421 1791 62 25 Face
2495 1793 49 24 and
2556 1793 79 33 Body,
2648 1792 75 29 Want
2745 1796 28 25 of
2781 1795 118 35 Develop-

2368 1828 79 26 ment,
2468 1825 116 34 y&ricose
2598 1827 84 30 Veins,
2704 1828 142 35 Incapacity
2863 1831 38 25 for

2369 1857 112 27 business
2492 1867 28 17 or
2530 1859 120 32 pleasure,
2663 1861 104 34 Urinary
2771 1858 128 36 'Dis'ejisesj

2369 1891 51 26 and
2438 1891 34 26 all
2494 1891 44 28 the
2560 1893 84 27 effects
2666 1896 99 33 leading
2786 1900 26 22 to
2833 1898 67 33 eariy

2369 1925 85 32 decay,
2478 1926 105 33 perhaps
2604 1927 191 35 Consumption'
2809 1938 27 18 or
2857 1926 44 30 In-

2370 1959 91 30 sanity,
2473 1967 48 17 can
2544 1960 30 25 be
2584 1962 115 26 obtained
2710 1962 39 33 by.
2761 1964 142 33 consulting

2369 1992 139 33 personally
2525 2002 29 17 or
2561 1993 31 32 by
2603 1997 63 29 post,
2702 1996 91 25 FREE
2803 1997 98 26 PROK.

2369 2025 179 31 NOTMANN,
2577 2027 156 36 M.E.,E.]i|,
2736 2055 7 7 B
2737 2029 40 31 G.,
2791 2047 6 9 ,
2829 2031 72 31 pojp-

2370 2053 85 37 brid'ge
2467 2057 110 33 Terrace,
2600 2062 111 31 opppsite
2711 2055 6 11 ?
2733 2053 117 42 fiolpnibo
2862 2063 39 33 §t.

2370 2090 99 32 Bridge,
2499 2089 203 31 Ghristchurcnl''
2748 2091 62 30 Tb\e'
2843 2098 60 29 only

2369 2123 227 28 Electrobotanical
2624 2126 96 33 Expert
2753 2129 150 33 advertising

2370 2157 54 24 who
2436 2157 51 26 will
2498 2161 135 28 guarantee
2650 2168 15 17 a
2681 2161 126 33 thorough
2835 2171 66 22 cure.

2372 2190 57 26 Sole
2443 2192 136 31 proprietor
2607 2193 50 25 and
2673 2196 114 29 patentee
2815 2196 28 25 of
2859 2196 44 25 the

2370 2223 59 33 only
2450 2227 150 29 guaranteed
2621 2227 110 26 Electric
2753 2228 70 26 Belts
2853 2230 50 24 and

2370 2257 71 25 other
2453 2258 90 32 special
2565 2259 125 27 electrical
2712 2261 142 33 appliances
2875 2263 28 26 m

2369 2291 43 24 the
2420 2291 115 26 colonies.
2569 2291 99 28 Ladies'
2680 2294 96 26 French
2788 2296 113 26 herbace-

2370 2331 43 17 ous
2424 2324 58 31 pills
2502 2325 39 25 for
2567 2326 176 32 irregularities
2765 2329 65 25 from
2853 2338 50 24 any

2369 2364 81 23 cause,
2476 2359 42 23 10s
2540 2359 95 30 posted.
2669 2360 154 33 Pamphlets'
2840 2363 62 25 free.

2370 2390 204 27 Testimonial:—
2574 2392 99 32 Napier,
2683 2392 96 35 Aiigust
2786 2395 45 28 7th
2837 2398 64 29 18,95

2369 2423 66 25 Prof.
2446 2423 166 26 Notmahn.—
2612 2426 67 25 Dear
2689 2421 82 37 Sir,—
2772 2428 14 25 I
2794 2430 109 24 received

2368 2465 61 23 your
2434 2456 131 28 letter.last
2577 2459 75 29 week,
2669 2460 51 25 and
2730 2461 18 25 I
2761 2470 41 16 am
2811 2462 90 25 thank-

2368 2489 38 25 ful
2428 2494 26 21 to
2476 2491 54 24 find
2551 2499 49 24 you
2612 2500 42 17 are
2664 2494 104 25 anxious
2785 2496 27 24 tb
2831 2495 70 26 know

2369 2522 43 26 the
2424 2522 105 26 benefits
2546 2524 14 25 I
2570 2524 65 26 have
2645 2526 98 26 derived
2762 2528 61 24 from
2840 2528 62 32 ybiir

2368 2557 143 24 treatment,
2546 2557 49 30 bir,
2622 2559 21 24 it
2670 2559 67 32 gives
2764 2566 41 19 me
2833 2564 69 29 great

2368 2588 113 32 pleasure
2493 2591 27 24 to
2530 2590 91 25 inform
2631 2599 52 24 you
2689 2592 57 26 that
2754 2601 15 16 a
2780 2595 121 31 complete

2369 2622 50 25 and
2429 2622 93 32 perfect
2533 2632 58 17 cure
2602 2623 47 27 has
2667 2625 62 28 been
2751 2627 103 29 effected
2876 2628 27 25 of

2368 2655 44 26 the
2423 2656 116 26 maladies
2549 2657 15 25 I
2582 2656 157 35 complained
2758 2661 26 24 of
2794 2656 110 37 iio-ybu.'

2368 2688 14 25 I
2393 2697 42 17 am
2447 2690 114 33 enjoying
2570 2691 65 31 good
2650 2693 93 29 health,
2755 2695 49 24 and
2814 2702 43 17 am
2864 2703 37 17 re-

2368 2722 83 25 stored
2470 2726 26 22 to
2516 2724 86 33 manly
2622 2722 109 37 vigburT'^
2752 2720 93 32 Pi^i—
2843 2729 4 5 '
2847 2726 54 35 Any

2368 2756 103 26 sufferer
2478 2757 111 26 desirous
2595 2759 29 24 of
2627 2761 209 33 communicating
2840 2762 61 27 with

2368 2797 40 17 me
2417 2798 49 24 you
2477 2799 43 16 are
2530 2793 28 23 at
2573 2792 89 33 liberty
2684 2795 27 23 to
2730 2794 55 31 give
2804 2802 43 25 my
2859 2795 41 25 ad-

2368 2823 75 30 dress,
2456 2823 38 25 for
2503 2823 15 25 I
2534 2825 48 24 like
2593 2834 68 23 your-
2668 2825 119 35 practical
2798 2828 103 28 method

2368 2856 26 25 of
2405 2859 176 23 treatment.—
2582 2858 30 25 T.
2626 2858 29 26 C;
2667 2860 117 26 Soipson.
2812 2855 96 33 .:*;"'?':.

2447 2989 364 54 IMPORTANT

2570 3071 33 5 —
2613 3068 9 11 *
2633 3068 43 13 ***
2689 3069 10 11 *
2699 3072 32 4 —
2731 3065 25 11 -*'
2809 3078 1 2 ■

2367 3102 83 31 ALL
2480 3101 121 33 WOOL
2624 3101 171 34 EOSIiYN
2815 3100 86 32 Al^I)

2403 3177 296 33 WELLING-TON
2721 3173 152 55 T^l|D
2868 3206 6 14 ;

2515 3268 38 20 »
2576 3258 35 30 U
2632 3260 29 28 i
2681 3258 28 30 JL
2730 3258 39 29 Si

2409 3315 67 41 35/-
2495 3316 86 31 Suits
2595 3315 187 32 KeduGedto
2805 3313 68 42 25/-

2408 3377 69 41 --45/.
2508 3369 136 48 ;,,'•.»
2672 3371 130 51 ;%-"'.■
2814 3377 19 48 ?
2835 3375 18 32 5
2857 3375 51 47 /-;.

2409 3427 148 32 Trousers
2571 3427 62 31 and
2649 3425 73 32 Vest
2786 3420 75 45 13/6

2602 3486 52 23 AT

2394 3540 197 32 PARISH'S
2616 3541 90 30 Eaot
2729 3535 144 37 OxFom

2368 3677 175 32 OXFORD
2586 3676 188 32 LIBBAE-Y
2814 3674 89 33 AND

2460 3729 196 32 READING
2656 3718 2 27 :
2661 3760 7 9 ,
2672 3768 4 8 f
2677 3718 140 41 fi6OM.'
2840 3726 5 18 ;
2861 3737 12 15 >

2366 3838 54 25 The
2448 3838 94 26 Oxford
2568 3837 106 32 Library
2700 3837 23 24 is
2749 3843 63 25 open
2833 3843 71 24 every

2366 3881 114 32 Tuesday
2491 3881 50 24 and
2562 3880 122 32 Saturday
2713 3878 96 33 nights,
2836 3878 67 25 from

2367 3926 58 24 680
2437 3933 69 23 p.m.,
2528 3926 25 23 to
2574 3926 15 23 8
2600 3931 71 24 p.m.,
2695 3922 51 25 and
2776 3929 34 18 on
2832 3930 71 24 every

2365 3968 120 24 alternate
2497 3968 131 30 Thursday
2652 3966 139 28 afternoon,
2822 3965 81 33 (Sale-

2365 4012 71 33 days)
2458 4011 65 25 from
2535 4012 15 23 2
2556 4012 40 23 .80
2607 4017 65 24 p.m..
2688 4010 27 24 to
2727 4010 14 23 5
2753 4016 59 25 p.m.
2850 4008 53 26 The

2359 4078 14 10 ..
2555 4061 24 22 L.
2597 4060 126 31 REEVES,
2853 4057 4 3 '
2868 4067 10 19 \

2356 4116 2 2 ■
2366 4122 2 1 .
2444 4119 13 3 ..
2501 4096 31 32 '."•■■
2548 4112 3 4 •
2599 4119 3 2 .
2646 4098 67 25 Hon.
2726 4097 142 26 Libfaxian.

2368 4161 2 4 .
2416 4144 176 24 SOBSCR^TION
2604 4142 38 33 2/-
2654 4151 50 15 PISR
2722 4142 130 31 QUABTER.
2864 4149 3 5 '

2428 4253 212 42 HOLLAND
2676 4253 159 46 FINISH

2546 4309 155 43 OftLIOD

2475 4373 67 36 3d.
2577 4382 72 31 per
2670 4377 114 36 yard.
2810 4407 4 7 ,
2828 4397 3 9 :
2850 4403 4 11 ,
2877 4388 21 22 ,;

2367 4456 1 23 :
2788 4441 7 16 :
2803 4456 27 17 '?
2851 4450 26 19 ■'■'■

2478 4500 37 30 R.
2533 4499 41 31 H.
2596 4499 197 33 PAliilSH'S

1331 210 64 57 v
1690 202 510 83 FA'RISH

1314 258 115 39 JL\j*
1498 258 131 38 JLJL*
1689 258 52 36 -ft-
1774 258 416 37 -OL._I_»;JLK-7XJI

1460 348 194 60 EAST
1702 346 327 59 OXFORD

1169 477 2 45 |
1412 480 47 32 IS
1490 477 122 34 NOW
1641 478 59 32 IN
1730 477 228 34 RECEIPT
1988 476 65 33 OF

1399 535 33 20 Ex
1443 535 167 22 RIMUTAKA
1619 536 64 21 AND
1694 536 102 21 OTHER
1806 536 113 21 DIRECT
1929 536 165 23 STEAMERS,

1356 577 276 52 BFMMER
1696 582 263 61 .SEASON,
1973 581 12 16 '•
2032 582 129 46 1895.

1256 827 261 125 Ging
1517 859 14 19 i
1533 828 305 110 ham%
1932 828 335 103 Drills,

1184 982 292 98 Bre^a
1543 978 394 96 Tweeds
1978 986 113 88 4s
2154 985 179 87 lid

1254 1076 25 9 ''"
1293 1084 3 2 ■
1540 1096 2 2 .
1558 1079 3 3 '
1871 1077 10 9 '-
1914 1079 4 2 '
1996 1077 36 6 ""'■
2051 1073 3 9 '
2177 1076 91 18 '-..'■'
2322 1074 6 21 i

1432 1107 63 21 THE
1507 1108 80 22 FULL
1597 1107 94 22 DRESS
1705 1108 89 21 WITH
1805 1108 112 32 LINING
1931 1109 59 22 FOR
2004 1110 87 26 BQDY.

1308 1166 2 2 •
1327 1168 1 1 ■
1405 1178 1 1 .
1461 1160 4 9 i
1489 1157 4 13 )
1494 1155 102 26 f*yg.ff
1596 1161 1 7 i
1601 1158 261 16 •■■■■>■■■■■■
1865 1159 189 15 ■■■■■>■■!

1408 1201 76 30 ha.s
1500 1199 188 38 received
1707 1209 26 23 a
1748 1202 293 39 consignment
2057 1203 44 31 of

1357 1331 267 60 GREAT
1684 1334 453 61 YARMOUTH

1362 1554 787 82 ENOEMOtS^iEDUCTIONS

1194 1677 426 99 MAIDi
1749 1688 592 94 ¥IjSTEE§

1303 1825 455 93 Reduced
1799 1834 104 84 to
1947 1830 113 89 2s
2100 1822 170 110 .04*.

1545 1985 40 33 36
1606 1990 33 28 to
1660 1988 41 30 45
1714 1987 104 32 inches
1839 1989 86 42 deep.

1413 2074 405 21 »♦♦♦♦♦;♦♦♦♦♦♦♦♦♦.♦♦+*♦♦♦♦♦♦♦♦♦♦
1822 2081 10 14 ♦
1836 2081 156 15 ««♦>«•««••■»

1181 2135 81 60 rE
1280 2135 116 33 question
1407 2134 22 24 is
1599 2131 67 33 Why
1677 2132 61 25 send
1753 2135 27 22 to
1792 2132 178 27 Christchurch
1984 2135 45 27 ior
2041 2143 67 24 -your
2125 2136 131 33 Drapery?
2290 2139 52 25 The

1245 2168 103 33 drapery
1360 2168 54 25 sold
1422 2168 26 23 m
1457 2166 57 25 that
1525 2166 51 33 city
1588 2174 72 23 every
1672 2174 45 17 one
1730 2166 94 30 knows,
1837 2166 22 25 is
1871 2170 45 22 not
1926 2168 73 25 made
2010 2168 78 29 there,
2107 2168 46 27 but
2163 2170 130 33 imported.
2328 2173 15 24 I

1182 2204 94 31 import
1286 2203 65 24 from
1363 2201 44 25 the
1418 2200 54 25 best
1483 2199 108 33 English
1603 2200 50 24 and
1670 2199 87 26 Scotch
1771 2200 100 25 houses.
1917 2201 72 25 lam
2001 2203 104 24 enabled
2116 2205 27 24 to
2153 2206 123 29 purchase
2293 2206 50 26 low

1182 2237 50 25 and
1241 2236 47 26 sell
1299 2238 27 24 at
1335 2244 15 17 a
1360 2237 54 23 rate
1426 2235 27 23 of
1461 2234 75 31 profit
1549 2234 54 32 (my
1614 2241 120 24 expences
1745 2233 73 33 being
1829 2234 82 33 small)
1923 2235 58 25 that
1992 2236 83 24 would
2086 2236 38 28 be.
2134 2238 146 26 considered
2299 2241 43 24 ab-

1182 2271 59 26 surd
1253 2270 32 31 by
1300 2277 49 24 any
1369 2267 180 27 Christchurch
1571 2267 200 25 establishment.
1825 2267 44 32 My
1890 2267 77 26 Stock
1986 2269 21 24 is
2027 2269 43 26 the
2089 2270 95 34 largest
2201 2272 51 26 and
2274 2276 68 26 most

1181 2304 96 30 tyaried
1286 2303 57 26 that
1353 2302 46 24 has
1410 2309 57 17 ever
1477 2302 63 22 been
1552 2300 87 24 shown
1649 2300 82 24 in-the
1742 2301 104 29 district,
1860 2301 50 23 and
1921 2302 38 26 for
1970 2297 92 38 quality
2082 2305 50 23 and
2150 2305 72 25 value
2239 2309 60 28 puts
2315 2308 27 24 m

1182 2339 31 24 he
1223 2337 79 26 shade
1319 2335 76 33 goods
1406 2333 92 25 offered
1510 2333 33 31 by
1555 2333 109 31 visiting,
1669 2332 117 34 hawkfre
1798 2335 62 22 from
1874 2333 43 25 the
1935 2334 181 27 Christchurch
2128 2345 47 25 rag
2185 2340 88 24 marts.

1214 2391 95 25 Dress
1321 2389 164 34 jMfaterials,
1498 2387 88 25 Plairi
1597 2387 61 26 and
1668 2386 105 32 Faxicy
1784 2387 80 25 from
1878 2387 49 25 3d.
1940 2393 56 25 per
2003 2389 85 29 yard.

1214 2451 28 26 A.
1258 2450 111 29 Strong
1384 2448 88 27 Stout
1488 2447 134 25 Durable
1639 2445 127 32 Kaiapoi
1782 2446 115 27 Tweed
1912 2446 52 33 2/6
1976 2453 56 25 per
2041 2448 77 31 yard

1309 2490 22 25 '.
1813 2490 108 24 Makes
1933 2491 156 27 flrst-cjass
2105 2491 91 32 Boys'
2215 2492 91 30 Suits.

1215 2545 58 26 Art
1288 2544 141 29 Muslins,
1447 2540 157 31 Gretdnes,
1623 2540 80 26 L.ace
1721 2540 139 26 Curtains
1879 2538 54 26 &c.

1182 2633 3 3 .
1215 2612 26 34 A
1258 2613 110 27 Choice
1386 2611 168 27 Collection
1571 2610 33 26 of
1618 2610 122 31 Gloves,
1767 2609 77 32 Ties,
1875 2608 130 34 Aprons,
2035 2608 166 30 Insertions
2218 2611 54 27 &c.

1215 2660 121 37 $triped
1352 2662 125 27 Galatea
1493 2659 55 36 4/6
1560 2667 55 26 per
1625 2662 107 30 dozen,
1762 2661 103 25 worth
1876 2661 50 25 9d.
1944 2667 55 25 per
2015 2662 85 30 yard.
2274 2658 4 7 '

1215 2727 103 29 Prints
1329 2726 81 26 from
1421 2725 52 26 4d.
1485 2729 55 28 per
1551 2723 85 33 yard,
1649 2722 140 32 Muslins,
1802 2721 139 33 Selesias,
1955 2721 126 34 Calicos,
2095 2722 55 27 &c*

1801 2766 87 26 With
1905 2767 88 25 other
2010 2766 193 28 Manchester
2219 2770 87 31 lines.

1215 2825 88 30 Hats,
1321 2824 104 29 Fancy
1442 2822 61 25 and
1519 2821 106 31 Sailor,
1644 2822 31 23 m
1692 2819 104 26 White
1813 2820 61 25 and
1891 2818 116 27 Colors.

1759 2863 126 25 Newest
1902 2862 123 32 Shapes.
2060 2863 97 32 Large
2173 2865 132 34 Variety,

1215 2921 149 30 Flowers,
1381 2919 156 30 Feathers,
1555 2916 148 31 Ribbons,
1722 2914 106 33 Laces,
1846 2914 75 32 Jets,
1941 2914 55 26 &c.

1686 2956 89 25 With
1791 2954 41 26 ail
1849 2956 184 25 necessaries
2050 2956 48 24 for
2114 2955 191 32 Trimmings.

1215 3012 103 30 Fancy
1334 3010 140 29 Frillings
1493 3008 77 31 3yds
1581 3008 47 24 for
1637 3006 37 33 1/-
1691 3006 103 25 worth
1804 3005 51 31 9d,
1873 3010 55 26 per
1938 3006 84 30 yard,

1260 3074 4 4 .
1751 3049 182 32 Umbrellas,
1952 3049 151 31 Parasols,
2121 3049 184 33 Sunshades,

1331 3132 331 46 SPECIAL
1749 3129 441 44 PTOOHi.SE,

1183 3198 111 34 BOYS
1325 3195 89 32 AND
1444 3191 173 33 YOUTHS
1657 3187 215 34 COLONIAL
1905 3187 122 31 TWEE
2032 3188 194 34 UOYEHC
2231 3191 108 33 OATS

1653 3251 91 32 ,with
1766 3250 96 41 Capes
1877 3282 3 6 (
1902 3276 2 3 .

1225 3335 4 5 .
1412 3337 3 4 .
1459 3315 93 31 From
1575 3314 66 30 17s.
1686 3311 50 30 6d.
1780 3310 101 31 worth
1925 3311 66 29 255.
2038 3309 50 32 6d.
2101 3335 5 12 ,

1336 3381 196 36 Meix's
1575 3374 228 37 Tweed
1845 3377 348 36 Overcoats

1319 3440 4 5 1
1380 3453 2 7 ,
1396 3434 5 18 J
1658 3431 95 30 From
1777 3431 64 29 15s.

1209 3506 17 8 
1274 3509 3 5 ,
1371 3492 439 23 _j^xxv*vvv«vvv%xvvvxvvv.vvwvy

1182 3606 132 41 English
1329 3607 127 41 Witney
1466 3606 149 30 Blankets
1630 3608 33 26 to
1680 3603 36 30 be
1731 3601 68 32 sold
1813 3605 32 26 at
1857 3601 58 30 less
1924 3600 77 30 than
2015 3599 181 31 Melbourne
2210 3598 130 33 Whole-

1182 3659 63 31 sale
1266 3661 127 40 price-*-
1393 3658 121 34 Double
1528 3657 69 31 Bed
1614 3655 68 32 Ske
1705 3657 15 28 1
1725 3655 45 30 2s.
1796 3654 48 31 6d.
1895 3652 102 32 worth
2013 3653 66 30 16s.
2118 3652 49 31 6d.
2188 3661 56 31 per
2258 3652 77 41 pair.

1236 3729 23 8 ''
1269 3739 5 26 i
1288 3753 1 2 ■
1349 3730 130 40 cheaper
1492 3727 87 30 than,
1585 3722 225 36 Cliristchurch
1825 3723 113 30 houses
1952 3720 65 34 will
2031 3721 58 30 sell
2104 3720 94 36 them,

1413 3973 269 48 ■'LQGAL

1297 4016 403 59 B^RtiPW
1956 4021 275 45 PBIQE

1482 4076 197 43 Goveniry
1713 4073 111 45 Cycle
1869 4071 136 35 Works

1346 4135 38 32 88
1408 4129 199 34 COLOMBO
1632 4127 174 35 STREET,
1825 4154 5 6 .
1851 4123 345 33 CHRISTCHTJECH.

1179 4197 57 31 We
1250 4198 119 38 having
1383 4196 95 31 taken
1493 4205 73 21 over
1579 4190 138 32 the*well
1731 4190 116 33 known
1856 4187 113 34 works*
1985 4186 181 41 machinery
2175 4187 61 30 arid
2246 4189 90 30 stock

1179 4240 34 28 m
1226 4238 90 30 trade
1329 4239 79 30 wish
1421 4242 43 28 to.
1469 4236 113 42 inform
1596 4229 64 33 tHe'
1673 4231 105 40 public
1792 4229 72 31 that
1874 4240 48 19 we
1937 4238 53 21 are
2003 4229 153 40 prepared
2168 4232 34 27 to
2222 4231 114 30 tintleT-

1179 4276 73 33 take
1267 4279 104 30 orders
1384 4280 50 29 foi*
1446 4287 69 21 new
1529 4273 157 33 machines
1702 4272 71 30 and:
1779 4273 128 28 execute
1926 4271 119 38 repairs
2067 4273 33 27 at
2122 4270 53 31 the
2200 4273 137 29 shortest

1312 4320 102 29 notice
1427 4320 49 29 for
1498 4316 44 32 all
1554 4315 92 30 kinds
1661 4312 36 31 of
1705 4312 215 40 Engineering
1934 4311 63 29 and
2009 4309 94 42 Cycle
2114 4311 96 31 work.
2215 4311 3 3 '
2220 4311 2 7 ;

1343 4372 127 23 SPECIAL
1483 4367 182 27 ATTENTION,
1676 4366 94 22 GIVj^N
1785 4365 38 21 TO
1837 4364 35 22 CO
1878 4364 100 21 DNTRY
1993 4356 164 46 ORDEES.^/

1176 4411 124 39 •Racing
1313 4409 160 31 Machines
1497 4408 62 31 and
1580 4405 99 40 Light
1702 4402 167 33 Roadsters
1884 4413 19 19 a
1917 4403 157 40 specialty.
2118 4403 48 31 No
2180 4405 155 40 imported

1177 4452 158 31 machines
1349 4450 74 39 kept
1438 4452 32 28 m
1486 4449 98 31 stock,
1601 4437 43 41 all
1658 4445 87 33 work
1759 4445 80 31 doixe
1853 4454 40 21 on
1907 4444 59 30 the-
1984 4445 156 39 premises.
2193 4447 31 29 A
2248 4447 87 40 large

1209 4492 89 33 stock
1312 4491 35 32 of
1357 4492 126 40 Lamps,
1494 4490 95 35 Bells,
1605 4488 62 31 and
1683 4487 128 45 Saddles
1825 4496 40 20 on
1879 4485 84 30 hand
1978 4489 32 26 at
2024 4486 113 31 reduce
2149 4487 130 40 dprices.

616 491 251 46 JOSEPH
911 491 239 46 LOUGH.

761 568 245 25 UNDERTAKER.

729 613 109 29 EAST
862 611 186 31 OXFORD.

650 663 102 31 Having
760 663 51 31 just
820 663 124 30 imported
952 663 64 24 from
1023 663 127 31 England,

616 715 55 18 new
693 706 117 30 Designs,
845 713 53 17 new
928 706 151 31 Trimmings
1102 706 49 24 and

616 748 88 30 Robes,
717 750 22 23 is
748 748 117 31 prepared
877 749 25 25 to
912 748 108 24 conduct
1028 748 123 24 Funerals

617 788 96 30 Adults,
732 791 26 21 at
771 788 45 24 £5.
831 787 50 24 and
892 787 124 31 upwards,
1030 786 122 32 --polished

616 832 80 28 coffin,
721 831 48 26 and
801 831 193 25 silvermounted
1017 831 135 23 Furniture

617 877 76 24 From
706 876 46 24 £8.
771 875 131 31 according
914 876 25 24 to
961 873 116 33 Designs.
1112 873 39 25 No

616 920 70 24 extra
698 919 87 31 charge
797 919 39 24 for
848 918 95 25 Hearse
966 925 29 18 or
1014 924 63 25 open
1094 916 66 25 Car-'

616 963 75 32 riage.

649 1006 32 25 N.
710 1006 31 24 B.
771 1005 92 26 Coffins
886 1002 59 35 kept
967 1006 27 23 m
1023 1003 70 27 stock
1115 1003 37 26 for

618 1051 87 29 urgent
724 1056 77 18 cases.

719 1247 213 30 Established
958 1246 78 29 1862

665 1313 124 29 FLOUR,
800 1313 56 25 best
866 1312 81 25 brand
957 1312 61 31 only
1029 1311 67 31 kept.

617 1350 143 35 SHARES,
796 1355 206 29 OATMEAL,
1037 1354 110 26 BRAN

707 1399 291 29 CHICKENWHEAT,
1017 1400 42 25 &o.

642 1444 40 21 AT
710 1444 123 21 LOWEST
861 1443 141 20 CUREENT
1029 1441 106 25 RATES,

706 1554 53 45 F.
791 1552 50 46 B.
863 1550 188 57 LAJSTE.

607 1625 19 29 .'■■■
671 1627 29 31 I,
722 1627 145 42 (Late.E.
887 1627 160 41 Batcher.)

619 1689 250 35 Watchmaker,
898 1687 184 35 Jeweller,
1099 1686 52 30 &c.

617 1740 124 32 Importer
775 1740 26 23 of
841 1737 107 26 Musical
982 1736 172 26 Instruments

717 1777 111 26 Victoria
849 1776 39 26 St.
918 1775 134 33 Rangiora.

620 1858 99 31 Special
729 1857 71 25 value
822 1855 28 25 m
872 1855 82 25 Extra
976 1856 87 29 strong
1074 1853 80 27 Cased

618 1902 87 33 highly
835 1899 110 32 English
962 1899 80 25 Lever
1052 1896 102 27 Watch-

619 1954 34 17 es.
699 1943 190 27 Manufactured
907 1945 26 23 to
955 1951 44 23 my
1027 1942 72 25 order
1119 1941 35 32 by

618 1987 55 24 best
684 1986 105 25 London
808 1983 107 26 makers.
948 1981 159 34 Unequalled
1114 1981 40 25 for

618 2029 122 26 excellent
754 2027 178 31 Timekeeping
947 2025 50 26 and
1008 2024 144 32 durability.

651 2074 30 24 F.
698 2073 32 24 B.
742 2071 96 25 LANE
850 2069 145 33 personally,
1012 2069 72 24 visits
1104 2069 48 24 Ox-

618 2116 54 26 ford
692 2114 124 33 monthly,
840 2113 115 33 carrying
975 2121 15 17 a
1011 2112 70 32 large
1103 2112 51 25 and

618 2159 84 26 choice
736 2158 71 25 stock
893 2156 127 29 Watches,
1049 2155 103 29 Chains,

618 2203 134 28 Brooches,
762 2202 87 31 Rings,
861 2201 85 28 Studs,
964 2200 129 25 Pendants
1105 2201 47 28 etc,

620 2247 141 32 Spectacles
782 2244 124 35 (Pebbles,
922 2244 169 26 Pantoscopsc
1103 2243 51 25 and

620 2291 108 32 Crystal)
740 2290 97 27 Clocks,
856 2289 108 32 (Marble
983 2288 51 24 and
1051 2288 102 31 Wood,)

718 2333 156 25 Accordeons
886 2331 50 26 and
947 2331 106 25 Violins.
1083 2351 4 3 .

652 2377 81 26 Exact
744 2377 58 25 date
799 2404 7 5 r
813 2377 28 24 of
850 2376 63 25 each
923 2375 60 25 visit
1006 2375 22 24 is
1039 2373 106 26 notified

766 2421 37 25 in~

618 2466 148 25 Repaiks.—
768 2464 41 26 All
820 2464 95 31 repairs
932 2471 43 17 are
991 2461 119 26 executed
1121 2460 31 33 by

618 2509 92 33 myself
729 2516 29 17 or
774 2507 80 26 under
870 2514 43 24 Hjy
932 2505 222 33 superintendence

619 2561 27 17 so
668 2552 56 26 that
743 2554 103 30 patrons
858 2558 47 18 can
926 2551 53 33 rely
1001 2557 34 17 on
1057 2547 98 33 getting

619 2595 154 27 satisfaction
782 2596 27 24 at
820 2594 44 25 the
875 2601 59 24 very
945 2592 86 26 lowest
1040 2592 113 32 charges.

651 2640 104 32 Repairs
768 2648 27 17 or
803 2639 85 25 orders
896 2646 59 23 may
966 2637 31 25 be
1005 2637 44 25 left
1060 2638 62 24 at—

618 2690 26 24 J.
663 2688 133 30 Weeber's,
832 2688 65 24 East
920 2686 100 25 Oxford.
1067 2698 5 5 -

618 2736 27 23 at
667 2733 41 26 W.
731 2732 37 26 M.
792 2732 38 29 C,
853 2732 66 25 East
942 2730 102 26 Oxiord.

618 2778 24 25 J.
660 2778 99 28 Brown,
773 2775 160 30 Bootmaker,
957 2774 71 25 West
1052 2773 101 25 Oxford.

618 2821 40 25 W.
671 2821 25 25 J.
710 2820 117 25 Crothers
837 2820 19 24 &
868 2818 46 26 Co.
922 2836 6 7 .
949 2818 71 26 Cust.

651 2864 50 24 and
717 2864 50 24 will
775 2863 31 25 be
817 2862 126 33 promptly
955 2860 119 26 attended
1084 2862 35 23 to.

620 2909 54 30 All
684 2908 99 31 Work
795 2908 79 30 done
885 2917 40 20 on
938 2906 55 31 the
1004 2905 150 30 Premises

742 2959 62 30 and
819 2957 199 42 guaranteed.

621 3062 89 38 MR
732 3060 65 42 W.
822 3059 51 41 N.
897 3056 257 47 CATHRO,

661 3132 181 24 BARRISTER
857 3131 68 22 AND
940 3129 175 24 SOLICITOR.

771 3173 231 33 RANGIORA.

617 3229 133 31 Attends
766 3227 122 32 Oxford
902 3237 40 19 on
954 3226 97 31 Court
1058 3224 96 41 Days.

617 3302 168 26 Instructions
793 3300 34 33 by
837 3302 56 31 post
905 3299 51 26 will
967 3299 94 25 receive
1072 3305 82 25 promr

782 3342 29 30 pt
839 3339 140 25 attention.'.

739 3389 108 21 MONEY
874 3387 39 22 TO
940 3387 89 21 LEND.

667 3473 45 55 g.
745 3474 50 44 B.
818 3469 319 52 SEYMOUE,.

816 3539 139 26 DENTIST,

658 3587 42 22 215
713 3582 106 24 Colonibo
834 3582 82 25 Street,
938 3579 171 24 Chiistchurch.

642 3649 12 22 •:'
786 3655 179 24 CHARaES:—

684 3696 94 30 Filling,
793 3699 23 20 5s
824 3707 8 16 j
866 3697 134 21 Extraction
1009 3697 26 19 2s
1048 3695 38 21 6d.

642 3767 96 21 Nitrous
747 3763 61 22 Oxid
816 3763 47 21 Gas
872 3760 172 22 Administered
1048 3760 38 21 for
1091 3760 63 21 'Pain

614 3810 46 21 less
670 3806 134 23 Extraction
813 3805 29 23 of
846 3803 81 22 Teeth.
960 3803 46 21 Fee
1015 3803 37 21 for
1060 3801 93 22 Admin-

614 3847 110 22 istration
735 3845 31 20 ss.
885 3862 3 2 .
956 3851 4 8 '

672 3924 107 27 CHILD
790 3922 110 26 BIRTH
913 3921 95 30 SAFE,
1021 3920 74 24 AND
1129 3914 13 35 .'

670 3986 2 4 .
721 3965 139 27 ALMOST
868 3963 173 26 PAINLESS
1107 3957 16 29 \
1125 3955 2 6 :
1129 3985 17 10 ,.

615 4012 91 68 BY
752 4010 75 31 using
862 4008 48 25 DR
955 4005 196 27 FAWCETT'S

716 4043 132 26 Medicine.

646 4088 71 27 MRS
740 4084 167 28 BURRELL
928 4083 61 31 begs
1012 4084 27 22 to
1060 4082 90 24 inform

614 4129 42 24 the
667 4127 92 26 Ladies
771 4125 57 25 that
836 4123 45 25 she
889 4123 47 23 has
947 4122 62 24 been
1018 4120 131 31 appointed
1157 4124 3 5 '

613 4169 57 26 Sole
690 4167 74 32 agent
785 4165 28 25 m
837 4159 179 30 Christchurch
1042 4159 38 25 for
1107 4159 43 30 thp

613 4207 76 26 above
700 4204 125 26 Medicine
837 4205 26 23 to
878 4200 119 26 facilitate
1011 4197 139 25 Accouche-

614 4249 87 23 ments.
735 4244 91 26 Ladles
838 4250 47 18 can
900 4241 38 25 :be
959 4237 114 33 supplied
1075 4249 9 21 v
1091 4236 61 26 with

614 4287 40 22 the
677 4285 76 24 above
775 4283 32 30 by
832 4280 112 30 sending,
960 4286 29 16 or
1011 4276 92 30 calUng
1103 4292 2 13 ;
1125 4276 27 23 at

613 4325 40 24 Mr
674 4323 122 25 Burrell's
819 4318 183 33 Photographic
1025 4316 71 33 place
1126 4314 28 25 of

611 4365 124 24 business,
748 4362 105 26 Gould's
875 4359 152 30 Buildings,,
1039 4355 112 28 Victoria

613 4403 94 28 Street,.
715 4398 182 30 Cliristchurch,
905 4396 94 32 .jvhere
1019 4394 46 25 all'
1072 4393 77 25 infor-

611 4442 102 26 mation,
735 4449 46 16 can
809 4439 31 25 be
868 4433 117 30 obtained
1013 4435 57 28 free,
1100 4432 51 26 and

610 4480 117 33 perfectly
770 4478 156 30 satisfactory
958 4473 50 30 s*nd
1042 4471 107 33 genuine

611 4517 167 29 testimonials
787 4524 48 18 can
846 4515 31 26 be
888 4522 67 18 seen.
