4114 5868
12 102 1030 89 Mount
1248 102 1236 89 Benger
2690 102 1030 89 Mail.

197 655 37 22 No
257 655 46 22 #36
354 653 54 24 "'Vol
430 650 34 27 f7.

720 649 213 56 pUBLISHED
947 647 111 27 KVERT

1384 641 428 62 ROXBURGH.
1900 641 311 67 EKIDAY,
2263 642 197 61 JUNE
2489 642 93 60 25.
2631 640 146 61 1897
2860 635 8 67 I

3209 635 157 57 JtRIDAY.

3632 664 109 28 PRICE,
3757 663 33 26 £1
3807 668 42 27 p«r
3863 668 96 19 mumma.

271 790 105 50 Hotel,
411 788 193 52 Roxbxirgh-

82 877 28 24 G.
124 877 35 22 W.
171 875 129 24 SPOONER
435 874 145 21 PkopkiETOß.

49 943 24 21 ,r
73 944 86 30 FHE
171 944 87 30 above
270 941 84 31 Hotel
365 941 127 30 hasbeen
505 938 101 31 rebuilt

141 985 30 31 of
183 990 78 24 stone
273 983 53 30 and
341 982 166 38 thoroughly
527 992 62 19 reno-

57 1026 92 35 vated,
162 1025 54 29 and
233 1025 104 36 having
359 1024 68 28 been
446 1021 159 30 -Furnished

50 1065 179 39 •throughout
252 1064 30 28 in
306 1063 144 28 first-class
475 1061 81 37 style,
581 1061 23 27 is

54 1117 65 20 now
127 1115 52 21 one
186 1105 30 30 of
223 1104 47 30 the
280 1109 72 24 most
360 1101 180 32 comfortable
549 1099 55 31 and

47 1146 195 30 'commodious
256 1143 97 30 Hotels
366 1152 37 29 up
414 1150 124 29 country.

57 1224 60 31 The
138 1222 233 31 accommodation
391 1221 45 30 for
454 1220 153 29 Travellers

133 1263 54 30 and
200 1263 136 30 Boarders
347 1263 25 28 is
385 1260 161 30 unrivalled.

49 1334 165 33 'Thomand
228 1334 157 30 Cameron's
399 1333 52 30 Old
465 1331 142 40 Highland

261 1374 143 37 Whiskey.

106 1448 63 23 TWO
181 1447 37 23 OF
232 1447 143 21 ALLCOCKS
388 1444 73 23 PULL
472 1441 84 24 SIZED

205 1474 136 22 BILLIARD
353 1472 112 26 TABLES,

70 1501 117 33 barker
217 1503 102 38 always
350 1502 28 29 in
409 1499 176 30 attendance.

157 1581 174 28 FIRBT-CLABB
356 1578 143 33 Stabljno,

46 1619 106 35 ItJnder
163 1621 102 40 charge
273 1619 30 31 of
311 1629 36 19 an
359 1617 118 31 efficient
491 1616 111 31 Groom.

79 1686 151 29 Travellers
238 1683 88 30 called
338 1683 45 29 for
394 1682 36 28 all
445 1681 131 30 Coaches.

46 1762 347 52 ifjOMWERCIAL
437 1762 164 37 HOTEL,

243 1813 167 24 ROXBURGH.

127 1908 59 30 Mrs
202 1908 111 35 Hkron,
333 1904 196 41 Proprietress.

90 2011 98 32 One«of
200 2011 47 29 the
260 2010 62 29 best
333 2009 101 30 known
453 2006 56 30 and
527 2008 74 27 most

40 2051 188 32 'comfortable
247 2049 153 30 Hostelries
420 2048 30 29 in
470 2047 48 30 the
545 2046 40 39 Up-

41 2098 125 33 -country
179 2091 138 31 Districts.

91 2145 76 30 Cobb
179 2144 56 29 and
247 2143 75 30 Co/s
335 2142 87 38 Royal
442 2140 68 29 Mail
533 2139 69 29 Line

42 2186 40 30 «of
103 2185 120 31 Coaches
235 2184 121 38 running
376 2183 125 28 between
524 2180 58 29 Law-

52 2236 81 20 rence
155 2225 55 30 and
231 2224 185 38 Queenstown
438 2222 90 29 arrive
545 2219 56 30 and

44 2267 104 40 •depart
161 2265 84 40 daily.

45 2358 124 41 .Liquors
181 2357 29 32 of
221 2356 49 32 the
282 2357 63 30 best
352 2354 102 31 brands
462 2354 65 40 only
534 2353 68 39 kept

261 2397 30 30 in
304 2397 89 30 stock.

187 2500 55 30 and
256 2499 103 31 Saddle
367 2498 103 31 Horses
478 2507 36 20 on
522 2495 80 31 Hire.

439 2608 164 26 HOTEL.

260 2675 146 24 Roxbobgh.

117 2817 26 28 J,
161 2819 30 27 A,
214 2815 91 27 BOYD
336 2836 27 7 ...
395 2815 140 33 Proprietor

118 2909 120 27 Excellent
280 2911 203 24 accommodation
508 2909 37 25 for

156 2942 116 26 Boarders
294 2942 46 26 and
362 2942 144 26 Travellers*

158 3008 84 25 Terms
275 3015 61 20 most
370 3008 136 27 reasouable

151 3078 140 25 First-class
309 3076 96 26 Billiard
421 3078 84 26 Table.

82 3143 56 25 The
154 3142 51 25 be«t
217 3140 28 25 of
260 3148 78 21 wines,
354 3141 57 26 beer
428 3141 48 26 and
494 3139 80 34 spirits

238 3173 59 31 kept
322 3174 23 24 io
365 3173 68 26 stock

120 3241 69 25 Good
205 3239 108 33 Stabling
329 3241 14 23 i
348 3238 198 28 ccommodstion.

131 3356 20 26 L
173 3356 22 25 B
223 3357 12 24 1
261 3356 21 24 0
306 3355 21 24 N
388 3353 221 28 HOTEL,

270 3420 141 32 Roxburgh.

110 3526 27 27 jJ
164 3525 36 26 H.
222 3525 146 29 WAIGTH,
400 3539 28 9 ...
461 3522 139 33 Proprietor

79 3623 73 25 This
181 3617 195 28 old-established
410 3616 72 26 Hotel
510 3617 22 23 is
560 3615 51 25 welt

67 3662 82 20 inowa
160 3654 58 24 both
230 3657 24 20 to
268 3654 41 21 the
320 3650 119 25 residents
463 3649 49 24 and
526 3650 87 23 travel*

80 3697 33 23 ng
125 3687 89 32 pub'ic.

92 3732 123 25 Excellent
245 3727 211 26 accommodation.

63 3776 63 24 'The
137 3775 51 24 best
198 3774 25 23 of
232 3773 88 30 liquors
333 3770 56 32 kept
402 3777 31 17 on
444 3770 42 25 the
498 3768 115 32 premises

132 3817 143 26 First-clam
298 3814 104 25 Billiard
427 3814 91 26 Table,

151 3883 107 31 Stabling
289 3879 222 27 sceomroodation.

189 4041 89 27 VERY
310 4038 198 28 IMPORTANT

135 4103 411 33 ANNOUNCEMENT.

184 4172 180 30 vegetable
393 4172 93 25 sikds

140 4212 29 25 Ja
181 4208 169 30 Three-Penny
371 4205 51 32 (Sd)
439 4204 107 27 Packets.

195 4270 131 26 FLOWER
357 4267 94 24 SEEDS

148 4306 28 26 la
190 4305 53 26 One
257 4302 84 30 Penny
355 4299 55 33 (Id)
426 4299 101 26 Packets

54 4392 277 66 :nimmo

308 4465 75 26 AND

358 4507 225 61 BLAIR

66 4630 49 29 Beg
131 4630 26 22 to
169 4634 125 18 announce
315 4627 62 27 that,
390 4626 38 25 for
446 4625 41 25 the
503 4622 101 28 conveni-

52 4669 70 18 ence
143 4659 27 25 of
179 4668 15 17 a
215 4666 125 18 numerous
351 4659 60 25 clans
432 4658 26 25 of
480 4662 136 23 customers,

55 4695 70 31 -they
136 4694 60 24 have
210 4692 115 32 arranged
334 4696 26 21 to
375 4691 59 24 offer
445 4691 61 24 their

398 4768 133 57 gEEDV

98 4840 31 24 In
144 4839 98 31 packets
256 4845 27 17 as

128 4908 132 32 Vegetable
274 4909 73 25 Seeds
359 4906 116 28 at.Three
487 4906 79 25 Pane*

129 4943 95 26 Flower
234 4941 72 25 Seeds
322 4945 25 21 at
358 4942 56 25 One
424 4940 92 31 Penny.

89 5014 82 26 aekets
185 5011 96 27 contain
294 5010 71 26 about
379 5011 42 24 the
434 5015 67 20 same
510 5007 108 33 quantity

170 5054 27 18 as
209 5045 121 29 formerly,
343 5043 48 25 and
406 5042 40 26 the
462 5041 70 26 seeds

101 5079 69 26 ARB
186 5076 46 27 OF
247 5075 71 25 THE
333 5077 38 23 8A
376 5075 49 25 ME
440 5072 152 34 QUALITY

69 5112 79 28 which
163 5110 62 28 have
240 5108 71 33 given
327 5116 26 17 so
366 5108 95 32 general
477 5105 144 26 satisfaction

218 5143 32 26 all
259 5149 56 18 over
329 5141 41 26 the
385 5142 102 30 Colony.

101 5213 146 28 FLOWBR
259 5209 103 26 SEEDS
370 5218 42 18 are
422 5207 89 27 offered
534 5214 16 19 n
557 5214 65 18 some

62 5251 40 31 <7O
114 5250 119 28 varieties,
243 5245 49 27 and
309 5253 41 17 are
365 5244 25 26 of
407 5244 81 26 choice
498 5246 95 24 strains.

102 5317 51 25 Our
181 5313 70 26 seeds
277 5318 41 19 are
346 5308 138 27 obtainable
513 5312 26 22 at
561 5313 62 19 most

64 5355 112 26 country
191 5352 84 21 stores,
285 5353 28 18 or
325 5345 77 25 direct
418 5343 62 26 from

162 5417 116 28 NIMMO
310 5413 70 29 AND
409 5413 111 31 BLUR,

112 5453 62 27 Seed
185 5451 137 27 Merchants
335 5448 47 24 and
394 5447 59 27 Seed
470 5447 119 30 Growers,

266 5481 165 29 DUNBDIN,

78 5561 25 26 A
116 5559 39 25 list
167 5557 26 26 of
207 5554 111 27 varieties
329 5552 88 26 offered
434 5554 21 23 is
470 5550 139 26 obtainable

254 5595 33 20 oa
298 5587 159 34 application.

217 5663 129 25 Plahtiito
377 5659 110 25 SBACCW.

103 5698 82 30 Trees,
202 5696 70 27 Fruit
285 5693 49 27 and
362 5691 72 28 other
449 5689 120 33 varieties,
581 5696 42 19 are

65 5741 60 23 Hos
133 5729 139 26 obtainable
279 5733 25 21 at
321 5728 94 24 Lowest
430 5726 86 25 Prices.

98 5765 80 33 Early
187 5764 83 26 orders
285 5759 119 29 solicited.

631 826 98 63 JA
757 827 19 22 B
802 826 19 24 E
846 826 19 24 Z
913 822 268 28 BURTON

776 857 205 28 auction
997 857 18 26 E
1028 857 19 25 K
1063 858 17 24 It

881 911 53 17 AW

633 946 158 28 GENERAL
818 947 207 27 COMMISSION
1062 945 121 31 AGENT,

726 1001 153 17 SlGlfcTfcßKD
894 997 96 21 MINING
1006 999 87 18 AQBKT.

665 1062 78 26 Agent
760 1061 61 22 tor-
830 1058 111 25 National
961 1057 53 25 Fire
1029 1058 49 25 and
1092 1056 91 26 Marine

703 1091 130 28 Insurance
844 1095 42 22 Co.

661 1166 59 24 Hew
739 1163 102 25 Zealand
859 1161 131 26 Insurance
1004 1161 42 24 Co.

669 1236 93 26 Mutual
781 1238 131 21 Assurance
927 1234 94 29 Society
1038 1231 24 26 of
1079 1230 104 26 Victoria

729 1267 77 25 Lmtd.
826 1265 64 31 (Life
903 1266 148 29 Insnratice),
1071 1263 47 25 and
1130 1263 17 23 8
1164 1263 19 23 It

727 1301 113 25 Stedman
855 1300 114 31 importer
980 1298 25 25 of
1018 1297 116 31 Bicycles.

668 1364 110 33 Bicycle*
793 1363 99 29 bought,
915 1361 58 24 sold?
1004 1368 28 16 or
1046 1357 139 32 exchanged

727 1397 37 24 for
775 1403 51 17 new
842 1401 57 17 ones

961 1872 224 29 MERCER,

703 1951 88 23 Baku
824 1956 53 17 and
908 1949 205 23 Comtkctiohir.

723 2019 200 25 Scotland-street
949 2013 143 33 Rox'nurgh.

663 2090 53 27 The
732 2090 84 32 above,
826 2092 71 25 while
919 2086 116 31 thanking
1051 2084 42 27 the
1104 2082 81 34 public

633 2136 25 24 of
686 2136 41 24 the
741 2135 87 24 Mount
851 2135 94 30 Beog«r
966 2132 95 24 district
1080 2130 37 22 for
1141 2127 44 24 the

633 2180 82 26 liberal
738 2186 99 26 support
854 2178 117 27 accorded
999 2175 49 26 him
1069 2174 65 25 »ince
1152 2171 31 26 he

632 2224 151 26 ocmmenced
798 2223 108 25 business
917 2222 26 25 in
959 2219 137 29 Roxburgh,
1108 2218 75 30 hopes

635 2276 24 20 lo
673 2271 91 26 receive
774 2278 14 17 a
800 2270 159 25 continuance
972 2266 29 25 of
1013 2273 77 17 same.

654 2336 100 28 Soiree*,
768 2336 73 27 Balls,
853 2335 46 24 and
911 2334 70 24 other
992 2331 81 32 public
1084 2330 100 31 gathers

633 2376 54 31 iogs
700 2374 100 27 Catered
811 2374 45 26 for.

715 2444 117 31 Wedding
859 2443 47 25 and
929 2441 115 30 Birthday
1072 2438 78 26 Cakes
1169 2444 16 17 a

634 2483 132 35 speciality.

1213 1047 125 24 TBVIOT
1353 1044 148 26 BHOR7NG
1517 1044 69 24 ANL
1606 1044 160 24 GENBHAL

1430 1086 117 27 FORGE.

1213 1171 255 62 THOMAS
1540 1169 139 26 ANDH
1697 1171 60 22 Kvv

1292 1216 50 26 Hu
1357 1223 54 17 now
1428 1222 36 18 tor
1478 1214 49 25 vale
1543 1223 14 16 a
1571 1216 97 29 gtueral
1683 1217 81 21 assort

1214 1261 66 24 meet
1305 1260 26 25 of
1354 1259 180 30 Ironmongery,
1552 1257 138 27 Hardware,
1705 1256 42 23 Gal-

1215 1303 97 26 vanized
1323 1301 71 33 Pipes
1407 1301 46 27 and
1475 1301 33 26 all
1526 1306 123 26 necessary
1661 1298 99 31 fittings.

1216 1348 184 32 Bigh-pressure
1429 1346 86 28 Cocks,
1551 1345 60 29 Stop
1634 1343 55 30 Do.,
1720 1344 40 26 Ac,

1218 1391 142 30 Hardwood,
1380 1391 123 25 American
1526 1388 92 26 Timbei
1642 1387 116 32 Bwinglei

1214 1439 62 23 trees
1286 1435 43 33 (all
1344 1435 80 32 sizes),
1438 1434 95 33 Bmithy
1547 1431 70 28 Coals
1639 1430 122 27 American

1215 1480 46 25 and
1286 1480 97 32 English
1404 1478 147 31 Barb-Wire,
1576 1475 105 33 Fencing
1697 1475 65 25 Wire

1214 1524 47 25 and
1280 1524 138 32 Standards,
1435 1524 55 29 Ac.,
1507 1522 51 30 Ac.,
1569 1520 77 26 which
1665 1518 48 27 will
1735 1520 28 23 be

1215 1570 52 24 •old
1277 1574 23 20 at
1313 1573 42 21 tne
1366 1571 81 24 lowest
1459 1567 172 26 remunerative
1641 1566 85 32 prices.

1244 1639 28 26 T.
1287 1641 28 24 A.
1331 1639 24 26 in
1365 1640 69 25 order
1444 1644 26 22 to
1480 1639 114 26 facilitate
1606 1637 42 26 the
1662 1637 90 32 require-

1215 1687 76 21 ments
1297 1683 27 26 of
1331 1684 41 24 the
1382 1682 93 26 district
1484 1682 43 25 has
1537 1681 76 26 added
1625 1683 24 23 to
1655 1680 38 25 his
1701 1679 65 30 plant

1215 1735 13 17 a
1239 1727 107 31 Turning
1357 1727 83 28 Lathe,
1451 1725 102 31 Drilling
1565 1724 118 29 Machine,
1698 1721 68 25 Tir*-

1215 1774 39 29 ing
1283 1772 77 31 Plate,
1388 1772 120 31 Gas-Pipe
1533 1769 86 26 Stocks
1639 1769 58 25 Dies
1721 1767 45 25 and

1216 1815 61 32 Taps
1290 1814 36 34 (|,
1336 1815 47 27 lin,
1395 1818 46 23 and
1463 1814 70 32 Is)
1536 1812 30 27 all
1576 1812 27 27 of
1616 1811 78 27 which
1705 1810 30 26 be

1216 1858 114 32 prepared
1340 1861 24 22 to
1374 1866 40 17 use
1423 1866 30 17 on
1463 1860 63 22 most
1536 1854 138 28 reasonable
1685 1857 74 23 terms

1247 1928 113 32 Farming
1369 1929 45 25 and
1432 1928 94 29 Mining
1541 1927 153 33 Implement*
1703 1925 64 26 made

1216 1972 45 24 and
1278 1972 116 31 repaired.

1274 2080 113 33 Shoeing,
1397 2081 35 30 6e,
1442 2080 35 32 7>,
1494 2080 46 26 and
1566 2080 28 26 8s
1609 2086 39 27 pel
1665 2082 36 23 set

645 3016 61 24 m
734 3015 12 25 I
770 3014 66 26 LL
861 3015 12 24 1
898 3014 22 24 A
945 3012 25 25 M
1053 3011 129 27 BAIN

663 3084 36 4 ...
746 3060 127 28 BuTCHift,
905 3057 102 25 Bbkoik
1022 3055 66 26 Flu

668 3207 110 26 Families
788 3203 84 25 waited
883 3211 32 17 on
934 3210 28 18 or
969 3202 82 26 orders

669 3278 59 27 beef
753 3276 46 25 and
825 3276 96 23 mutton
947 3275 24 22 of
997 3272 75 32 prime
1096 3273 92 32 quality

736 3320 5 10 V

639 3348 122 28 delivered
776 3347 26 24 in
813 3353 47 23 anj
871 3347 53 29 part
933 3349 27 20 ot
970 3346 42 23 the
1020 3344 99 26 district

669 3417 76 28 Basil
757 3415 76 32 geoda
842 3414 88 28 always
940 3421 31 17 on
982 3414 69 24 hand.

724 3612 21 24 0
779 3609 20 26 T
826 3608 21 26 H
879 3608 21 25 K
929 3609 23 26 B

873 3687 40 62 g
943 3688 20 24 1
990 3688 10 25 I
1027 3686 22 25 O
1075 3685 21 25 B
1122 3684 70 26 L'B

728 3793 224 68 QPKRATINO
983 3793 129 61 piLLB,

644 3904 172 27 CoariPATioH,
847 3901 128 23 Stuoorae
1020 3897 47 25 Lit
1070 3906 38 23 i*,
1145 3898 46 26 Ac.

677 3984 86 25 Unlike
773 3990 73 23 many
861 3981 72 25 kinds
948 3980 26 25 of
987 3981 116 24 cathartic
1119 3981 60 24 medi-

644 4026 73 19 cines,
730 4017 33 25 do
776 4021 42 20 not
829 4014 71 26 make
912 4021 46 24 you
969 4013 44 26 feel
1027 4016 75 22 wdrse
1113 4013 81 26 before

645 4060 45 24 you
721 4050 45 26 feel
795 4051 77 22 better
921 4046 72 25 Tbeir
1020 4047 124 30 operation
1173 4047 21 24 is

644 4084 87 34 gentle,
757 4084 41 25 but
819 4079 127 33 thorough,
970 4078 49 28 and
1045 4078 145 28 unattended

645 4118 55 25 with
711 4115 164 32 disagreeable
886 4113 92 28 effects,
988 4113 58 25 such
1058 4121 28 17 as
1097 4121 97 22 nausea,

644 4151 94 31 griping
752 4149 77 30 pains,
844 4147 42 24 Ac.

674 4182 96 33 Meigel's
786 4179 133 35 Operating
944 4178 56 26 Pills
1021 4184 40 18 are
1079 4177 41 27 the
1141 4178 53 25 best

646 4217 79 30 family
738 4215 82 32 physic
844 4214 52 25 that
919 4213 45 24 has
983 4212 64 24 iever
1068 4212 59 25 been
1146 4212 36 25 dis-

644 4249 112 26 covered.
788 4247 67 31 They
868 4246 98 25 cleanse
973 4245 41 25 the
1030 4245 88 25 bowels
1134 4244 60 24 from

646 4283 31 25 all
690 4281 118 32 irritating
821 4280 151 28 substance*,
981 4277 50 26 and
1046 4277 68 26 leave
1129 4278 65 25 them

646 4325 14 16 n
673 4324 16 17 a
701 4315 96 31 healthy
808 4313 135 26 condition.

675 4349 51 23 The
738 4350 52 22 best
800 4346 98 29 remedy
909 4349 84 20 eztant
1004 4345 36 24 for
1049 4345 42 24 the
1098 4344 62 25 bane
1170 4343 29 25 of

646 4388 43 18 our
717 4380 59 25 lives
821 4377 161 33 constijiation
1009 4377 49 25 and
1088 4376 107 33 sluggish

647 4416 64 24 liver.

677 4447 75 26 These
767 4445 56 27 Pill*
831 4449 99 30 prevent
938 4443 78 27 fer«r«
1024 4442 48 28 and
1082 4444 31 25 all
1124 4442 71 26 kinds

646 4481 26 24 of
687 4480 110 26 sickness
820 4482 30 28 by
868 4478 124 30 removing
1016 4478 31 24 all
1066 4478 130 30 poisonou*

647 4519 85 20 matter
750 4513 62 25 from
828 4513 41 24 the
886 4511 94 25 bowels.
1012 4510 66 32 They
1098 4515 97 25 operate

647 4546 96 31 briskly,
754 4550 39 26 yet
807 4545 93 31 mildly,
909 4544 99 25 without
1019 4551 47 22 any
1077 4543 64 31 pain.

678 4579 20 23 If
720 4586 46 23 you
788 4579 57 23 take
866 4583 16 17 a
902 4583 83 18 severe
1005 4575 65 29 cold,
1089 4574 48 24 and
1155 4581 42 16 are

647 4609 139 26 threatened
809 4608 56 24 with
886 4616 15 16 a
919 4609 73 28 fever,
1009 4607 57 24 with
1086 4605 71 31 pains
1173 4605 22 23 in

648 4644 41 24 the
709 4641 73 30 head,
802 4640 70 30 back,
893 4640 49 25 and
959 4640 80 27 limbs,
1060 4646 23 16 oi
1107 4645 27 16 or
1150 4642 48 19 two

647 4676 72 25 doses
740 4675 26 24 of
788 4672 101 31 Seigel's
910 4672 132 33 Operating
1066 4669 60 27 Pills
1152 4669 46 25 will

648 4708 74 26 break
745 4715 34 22 up
805 4706 41 24 the
873 4705 54 25 oold
955 4705 50 25 and
1030 4706 100 29 prevent
1158 4702 40 25 the

648 4741 73 25 fever.

678 4774 21 24 A
710 4769 87 28 coated
807 4774 98 26 tongue,
914 4769 56 25 with
982 4776 16 17 a
1010 4766 111 27 brackish
1131 4770 63 21 taste

647 4807 21 25 is
679 4804 88 26 caused
779 4804 31 28 by
823 4802 49 24 foul
884 4807 87 19 matter
983 4801 26 25 in
1023 4801 42 24 the
1079 4800 118 25 stomach.

649 4840 21 22 A
684 4838 45 23 few
743 4836 73 23 doses
833 4834 27 24 of
875 4834 98 28 Seigel's
990 4832 131 31 Operating
1138 4830 61 24 Pills

648 4870 46 26 will
704 4870 98 26 cleanse
813 4866 41 26 the
864 4865 117 31 stomach,
992 4871 96 20 remove
1101 4864 40 24 the
1150 4862 47 25 bad

649 4910 70 24 taste,
729 4902 48 26 and
795 4905 91 20 restore
900 4899 41 25 the
951 4899 114 32 appetite,
1078 4897 49 25 and
1142 4896 55 25 with

658 4942 10 21 t
678 4937 70 30 bring
757 4933 65 33 good
833 4931 87 25 health.

677 4965 249 29 Oftentimesdisease,
935 4971 27 17 or
971 4962 110 32 partially
1090 4960 106 32 decayed

649 5001 65 27 food,
748 5005 88 20 causes
870 4996 115 29 sickness,
1017 5001 99 22 nausea,
1149 4993 48 24 and

650 5035 128 25 diarrhoea.
810 5030 23 26 If
853 5028 41 26 the
914 5028 90 25 bowels
1023 5034 42 19 are
1086 5026 111 25 cleansed

669 5074 41 17 om
720 5067 49 24 this
780 5063 113 31 impurity
903 5061 57 24 with
970 5068 17 17 a
996 5060 61 24 dose
1066 5059 27 24 of
1101 5058 96 31 Seigel's

651 5099 129 32 Operating
790 5095 66 27 Pills,
866 5094 68 24 these
943 5091 165 32 disagreeable
1115 5091 83 24 effects

652 5133 45 25 will
709 5130 93 30 vanish,
813 5126 48 28 and
873 5125 64 34 good
950 5125 82 26 health
1044 5124 47 26 will
1101 5124 80 25 result.

681 5164 96 30 Seigel's
797 5160 132 32 Operating
955 5157 58 25 Pills
1039 5162 99 26 prevent
1162 5157 27 23 ill-

652 5197 81 24 effects
745 5196 59 23 from
814 5199 82 19 excess
910 5191 24 23 in
944 5190 81 30 eating
1036 5197 27 16 or
1078 5188 119 28 drinking.

654 5232 18 23 A
684 5229 64 34 good
759 5228 59 25 dose
830 5231 24 20 at
866 5223 105 27 bedtime
980 5221 97 28 renders
1089 5228 16 19 a
1114 5227 85 27 person

654 5263 25 25 fit
689 5265 36 23 for
738 5262 111 25 business
868 5267 15 16 n
894 5258 42 25 the
946 5256 120 31 morning.

682 5296 77 25 These
783 5293 64 29 Pills,
866 5291 71 30 being
962 5287 176 34 sugar-coated,
1160 5294 40 18 are

654 5331 107 31 pleasant
772 5333 25 20 to
808 5326 65 26 take.
906 5323 53 27 The
967 5321 164 32 disagreeable
1140 5324 60 22 taste

667 5369 98 18 ommon
775 5366 25 19 to
814 5362 63 22 most
887 5357 56 32 pills
952 5363 41 18 are
1005 5354 121 27 obviated*

687 5504 46 27 For
743 5503 50 27 sale
807 5502 32 31 by
850 5500 32 26 all
895 5498 128 29 Chemists,
1035 5495 138 34 Druggists,

773 5536 50 25 and
835 5533 121 26 Medicine
966 5530 120 25 Vendors.

837 5618 186 25 PaomiTQJu:

746 5686 30 26 4,
797 5681 26 27 J.
847 5677 110 29 WHITI
993 5675 114 27 Limits*

802 5753 103 28 London
931 5748 121 33 Sugland.

1212 2247 63 62 T.
1355 2243 412 70 WHELAN,

1249 2329 171 30 FARRIER
1441 2328 83 29 AND
1549 2326 182 30 GENERAL

1360 2372 263 38 BLACKSMITH,

1222 2437 168 30 nZISHES
1429 2440 31 26 to
1489 2436 101 29 inform
1630 2435 44 29 his
1704 2436 64 36 past

1322 2477 160 31 Customers
1503 2475 56 30 and
1579 2474 48 31 the
1649 2472 118 32 General

1211 2517 99 32 Public
1320 2517 63 30 that
1395 2518 35 29 he
1442 2517 50 30 has

1211 2568 187 33 RESUMED
1425 2567 190 32 BUSINESS
1633 2565 45 31 IN
1696 2564 68 31 HIS

1340 2617 78 32 OLD
1443 2615 193 33 PREMISES

1231 2667 134 38 (recently
1377 2665 133 40 occupied
1528 2665 39 38 by
1588 2664 47 29 Mr
1655 2663 30 30 J.
1709 2662 38 29 H.

1408 2705 161 40 Aldridge),

1273 2746 106 31 Where
1390 2747 36 30 he
1437 2746 25 31 is
1474 2744 137 42 prepared
1621 2747 31 28 to
1664 2743 38 30 do

1211 2808 327 33 BLACKSMITHING
1560 2807 50 31 OP
1633 2803 133 36 EVfiRT

1435 2857 110 31 KIND.
1742 2862 16 34 |

1557 2890 80 14 -**-••••
1686 2889 8 2 ••
1741 2888 37 27 m

1248 2925 83 31 T.W.
1353 2928 86 27 trusts
1465 2923 43 31 his
1529 2922 104 31 former
1652 2924 115 38 patrons

1212 2966 55 30 will
1278 2966 71 40 rally
1361 2965 89 31 round
1462 2965 67 36 him,
1541 2962 56 32 and
1609 2973 52 20 cau
1673 2972 94 19 assure

1212 3008 76 28 them
1307 3008 48 28 the
1369 3017 75 19 same
1466 3005 65 29 skitl
1555 3003 56 30 and
1628 3002 138 30 attention

1212 3046 89 32 which
1315 3046 115 32 marked
1442 3046 43 30 his
1495 3044 131 31 Business
1634 3041 131 40 formerly

1214 3088 54 30 will
1280 3088 36 30 be
1327 3086 141 32 exercised
1480 3086 29 30 in
1522 3086 102 29 future.

1263 3159 222 26 HORSESHOEING
1510 3159 21 22 A
1555 3156 162 24 SPECIALTY.

1235 3245 228 42 THOMAS
1482 3240 264 46 WHELAN,

1274 3307 262 35 SCOTLAND-STBEBT,
1555 3306 162 29 ROXBURGH.

1360 3516 162 33 [Established
1539 3516 83 33 1865.]

1221 3590 183 79 JJoHN
1477 3595 272 29 GILLIES

1477 3672 32 19 AT

1221 3729 192 30 FURNITURE
1440 3728 44 27 and
1512 3725 254 28 UPHOLSTERING

1388 3771 208 27 WAREHOUSE

1310 3838 34 28 18,
1357 3837 92 30 George
1460 3837 88 25 Street,
1561 3834 123 25 ihinedin.

1252 3901 49 24 Baa
1322 3909 31 16 on
1376 3900 64 24 hand
1456 3907 14 17 a
1488 3899 77 29 Large
1586 3897 48 26 and
1653 3897 113 31 Splendid

1222 3935 148 23 Assortment
1392 3932 25 24 of
1442 3932 58 24 New
1522 3931 45 23 and
1590 3931 97 29 Elegant
1707 3929 43 24 Fur-

1221 3973 60 20 tare.

1221 4064 56 24 Iron
1310 4061 139 27 B*dateada,
1484 4060 97 30 Spring,
1619 4059 68 29 Hair,
1722 4060 44 25 and

1283 4095 106 25 Woollen
1401 4093 72 27 F.ock
1488 4094 144 30 VUttreaaei,
1644 4092 47 27 and
1703 4092 48 26 Bed-

1280 4129 58 31 ding
1348 4128 25 24 of
1388 4129 31 22 all
1436 4127 164 30 descriptions.

1223 4191 107 27 Brussels
1350 4189 124 33 Tapestry,
1495 4188 46 26 and
1574 4186 194 29 Kidderminster

1281 4226 107 28 Carpeta.
1407 4224 63 26 Ruw*
1491 4222 46 25 and
1553 4222 122 31 Mattings,
1695 4222 57 25 Lino-

1282 4259 73 23 leums
1378 4256 46 25 and
1445 4254 155 31 Floorcloths,
1618 4255 42 28 (#U
1682 4255 74 25 width

1281 4290 46 26 and
1342 4289 114 26 bordered
1468 4288 37 26 for
1516 4288 107 32 lobbies}.

1223 4355 193 26 Perambulators
1446 4353 137 29 (reversible
1614 4351 77 25 hoods
1722 4351 45 25 and

1282 4387 86 26 rubber
1378 4386 45 25 tire
1435 4386 105 31 wheels).

1226 4452 94 25 Walnut
1336 4450 120 26 Overman
1458 4449 52 29 ties,
1526 4448 48 26 and
1590 4447 38 27 GIL
1668 4446 101 32 Jirrors,

1285 4486 60 23 B«at
1362 4483 76 25 Wood
1452 4483 47 24 ani
1511 4483 65 23 Car*
1590 4482 92 24 Chair*.

1224 4623 129 24 Furniture
1362 4619 115 31 Supplied
1487 4627 30 16 on
1528 4619 65 24 Time
1605 4618 127 31 Payment,

1271 4690 143 30 Iveryboif
1425 4689 89 25 invited
1523 4692 27 21 to
1562 4689 38 24 ta'l
1609 4687 47 26 and
1667 4687 103 31 Inspect

1226 4725 77 25 Prices
1314 4728 53 20 seat
1379 4731 31 15 on
1423 4723 144 29 application
1579 4725 24 20 to
1614 4728 46 23 any
1677 4725 54 27 part
1747 4727 24 17 o.

1414 4753 40 25 the
1468 4755 118 29 Country.

1226 4899 107 30 Country
1353 4894 82 26 ordera
1452 4892 139 33 panettally
1611 4890 115 28 attended

1357 4928 47 25 and
1414 4927 117 31 carefully
1540 4925 100 32 packed.

1363 5089 283 27 NOTICE,

1232 5172 67 54 ON
1334 5171 47 24 and
1398 5171 61 23 after
1486 5171 42 23 the
1543 5171 36 22 Ist
1597 5170 26 24 of
1648 5169 58 31 July
1730 5177 43 18 out

1311 5203 66 25 Prim
1389 5202 50 26 List
1452 5202 47 24 will
1517 5202 29 26 be
1555 5209 26 17 as
1593 5201 122 26 follows—

1242 5277 87 29 Sheep,
1344 5275 30 24 24
1388 5282 41 24 per
1441 5274 24 24 lb
1477 5272 57 27 cash
1647 5272 25 26 lb
1682 5273 93 27 booked

1258 5308 60 28 side,
1439 5307 39 25 do.
1614 5306 46 33 2|d
1676 5306 42 28 do.

1289 5342 123 25 Alternate
1423 5345 106 27 quarters
1595 5347 42 25 per
1651 5339 33 28 lb.

1261 5404 57 27 Beef
1327 5404 32 26 4d
1372 5407 26 22 to
1413 5402 32 26 6d
1465 5410 42 25 per
1517 5402 32 30 lh,
1562 5402 126 33 according
1698 5407 27 23 to
1735 5408 43 23 cit

1290 5439 47 24 and
1352 5437 118 33 quantity,
1480 5436 57 25 aitb
1550 5435 29 27 Id
1590 5431 24 30 i&
1627 5436 43 26 the
1679 5437 99 33 shilling

1290 5470 110 27 discount
1415 5468 37 26 for
1463 5469 64 25 cash.

1261 5533 73 26 Small
1343 5532 82 26 Goods
1435 5531 88 34 always
1533 5540 31 19 on
1574 5533 75 27 hand.

1258 5605 59 27 Five
1332 5611 42 27 per
1383 5607 62 23 cent,
1458 5602 111 28 discount
1580 5604 48 28 will
1639 5604 31 28 be
1680 5604 98 28 allowed

1230 5649 34 17 en
1278 5639 109 31 monthly
1404 5642 131 29 payments.

1271 5706 126 31 GIDEON
1416 5708 28 26 k.
1465 5707 105 27 SMITH
1583 5708 23 27 A
1623 5706 66 30 50*.

1402 5740 130 31 Butchers,
1549 5742 84 29 Tetiot
1657 5741 91 29 Dqwm

2057 817 125 26 BOTAM
2207 817 40 23 AL
2279 816 63 26 DIS.

1797 853 48 32 VJT
1907 852 142 28 PKNSING
2068 849 172 27 O'JMPANY.

1823 920 79 32 Jfyo»
1918 927 40 17 are
1972 918 52 26 lick
2036 920 22 22 in
2074 923 46 23 any
2147 923 50 23 way
2221 917 119 23 whatever

1794 954 57 24 send
1868 962 13 18 a
1895 952 110 32 «tamped
2017 953 113 28 enfel.'pe
2143 955 23 19 to
2187 955 44 18 our
2251 956 89 25 agency

1796 986 144 34 Wellington
1951 995 7 22 ;
1972 990 63 21 state
2050 985 40 25 the
2114 992 53 17 case
2188 991 25 16 as
2227 983 77 25 minut
2318 982 8 25 l
2329 991 11 9 v

1793 1028 39 17 are
1845 1021 102 29 possible
1970 1019 48 25 and
2034 1025 46 25 you
2104 1018 92 23 receive
2213 1016 80 23 advice
2312 1015 28 30 by

1793 1058 83 18 return
1892 1056 60 26 pott.
1967 1056 50 19 Uur
2025 1055 83 25 age»t»
2125 1057 39 15 are
2174 1048 32 24 all
2215 1047 124 31 qualified.

1794 1084 21 24 It
1826 1092 46 24 you
1894 1084 96 26 encl«s«
2009 1084 26 24 2i
2052 1081 33 25 tfd
2156 1081 44 22 *il'
2219 1079 57 25 'end
2293 1086 46 22 you

1793 1125 43 18 our
1845 1118 51 26 best
1911 1115 94 31 remedy
2022 1118 37 23 for
2071 1117 38 21 the
2123 1122 61 19 «>«?;
2198 1113 85 30 lasting
2295 1119 44 23 you

1794 1157 45 17 iwe
1857 1151 85 24 weeks.
1976 1149 53 25 You
2046 1155 53 21 saye
2107 1151 93 23 Wnon«y
2225 1153 46 15 ana
2284 1145 55 22 doc'

1793 1182 57 25 tars'
1878 1183 53 24 bills
1970 1181 53 26 You
2043 1185 90 24 rep»»?e
2161 1187 14 14 a
2184 1177 59 23 ivice
2263 1183 31 16 on
2308 1174 31 24 all

1793 1218 86 27 potnta,
1898 1223 44 17 anc
1965 1216 39 24 'he
2015 1219 118 32 pureiryte
2137 1213 90 22 ined.es
2241 1214 52 19 sent
2314 1216 25 15 ai

1792 1255 30 16 no
1834 1253 68 20 extrt
1923 1254 50 19 cost
1987 1250 56 23 th»n
2057 1245 19 25 if
2085 1238 137 39 J®%»»nalU
2236 1240 93 30 bought

1793 1280 30 31 by
1923 1288 58 23 your
1994 1271 179 34 bu.-ine&flfwiib
2187 1282 28 17 us
2231 1274 31 31 by
2278 1276 61 27 post.

1792 1314 101 25 Ooasnlt
1903 1318 25 20 «t
1940 1322 66 16 onoe.
2043 1311 115 26 Ai'thents
2175 1308 76 25 which
2262 1313 42 19 are
2314 1308 25 21 *t

1792 1348 40 23 the
1843 1352 58 19 time
1912 1346 101 31 thought
2025 1350 26 20 te
2064 1347 28 23 be
2102 1344 59 30 l'ght
2178 1351 38 15 are
2224 1341 64 24 often
2298 1339 41 25 the

1793 1379 126 30 beginning
1933 1379 26 25 oi
1970 1380 91 24 seriou*
2074 1380 179 27 consequences,
2266 1372 73 25 which

1792 1411 18 24 if
1825 1412 72 25 taken
1913 1413 25 24 in
1953 1411 57 25 time
2018 1417 39 18 are
2068 1405 105 30 tfiecked
2185 1412 46 19 aud
2241 1404 80 26 cured.

1822 1474 205 28 GKEATFOKD
2050 1471 184 27 POT\NICAL
2254 1470 52 24 CO.

1794 1515 145 33 Wclliugton
1949 1522 9 23 ;
1971 1515 51 24 also
2030 1517 25 21 at
2070 1512 103 31 Syduey,
2193 1510 145 29 Melbourne,

1851 1553 136 28 Capetown,
1998 1547 48 26 and
2058 1543 97 29 Lincoln
2167 1545 10 30 (
2184 1541 120 33 England)

1797 1680 137 31 TTAVE
1952 1690 55 30 you
2019 1677 71 31 tried
2101 1675 87 30 Kozie
2201 1674 54 29 Tea
2266 1673 12 30 ?
2315 1673 27 30 If

1891 1725 58 33 not,
1974 1720 37 29 do
2042 1728 30 19 so
2101 1720 29 25 at
2154 1724 87 26 once;
2272 1714 23 28 it
2319 1713 23 28 is

1795 1762 142 31 delicious.
1992 1759 36 31 D.
2060 1758 139 34 Cobmack,
2237 1755 105 38 Agent,

1796 1802 165 40 Roxburgh.

1902 4708 38 31 iO
1971 4708 83 31 YOU
2087 4705 166 34 BELIEVE
2289 4703 44 29 IN
2366 4697 235 34 HOUSEHOLD
2635 4694 188 33 ECONOMY
2837 4696 12 30 ?

1937 4937 31 25 IF
1992 4937 62 27 Tor
2072 4937 52 28 IK),
2149 4934 79 24 THEN
2253 4931 54 22 GET
2331 4930 59 20 ONE
2415 4930 36 20 OF
2477 4929 28 22 H.
2532 4929 25 21 E.
2583 4927 193 23 SHAOKLOCK'B

2399 5031 321 58 RANGES.

1814 5213 30 34 Ii
1854 5212 57 35 will
1920 5212 74 33 burn
2004 5222 54 30 any
2070 5211 69 31 kind
2151 5209 31 32 of
2194 5207 78 38 Fuel,
2284 5205 55 32 and
2350 5204 25 30 is
2396 5202 174 32 Guaranteed
2590 5205 30 27 to
2641 5202 76 31 Cook
2740 5198 160 37 PASTRY,

2070 5251 138 36 BREAD,
2235 5260 32 20 op
2291 5245 106 33 MEA.T
2421 5251 30 24 to
2476 5245 167 30 Perfection.

1814 5335 134 39 Reqaires
1959 5341 37 22 no
2008 5332 118 31 Setting
2135 5343 8 25 ;
2162 5339 51 21 can
2225 5328 36 29 be
2273 5324 126 42 supplied
2411 5324 67 30 with
2498 5324 69 30 Iron
2580 5333 31 20 or
2624 5321 107 32 Copfie
2743 5320 112 35 Boiiae,
2869 5327 32 21 or

1840 5376 70 31 wuk
1920 5374 80 31 H»H
2011 5373 140 31 Piisbdbi
2164 5371 111 33 Boilib,
2288 5368 55 28 and
2355 5365 66 29 with
2433 5365 140 39 Fireplace
2585 5363 45 29 for
2644 5362 88 30 Wood
2745 5371 33 21 or
2789 5360 81 31 Coal.

1815 5453 61 33 Cm
1893 5452 36 33 be
1945 5451 132 33 obtained
2096 5451 71 30 from
2188 5449 37 30 all
2246 5447 204 36 Ironmongers.
2490 5442 166 41 Catalogues
2677 5439 98 43 posted
2794 5441 30 28 la
2848 5446 53 31 anj

1971 5491 113 33 address
2096 5502 37 21 on
2144 5487 166 44 application
2322 5489 30 26 to
2364 5485 47 29 the
2424 5484 100 29 Maker
2536 5484 56 29 and
2605 5484 142 29 Patentee.

2106 5644 46 38 H.
2197 5642 42 38 E.
2284 5639 331 45 Shacklock,

1927 5727 181 35 GHOSRAL
2133 5725 196 37 FOUNDRY,
2354 5724 274 39 Ceawfokd-STREIT,
2653 5722 142 32 Do****.

2964 800 186 59 BUY
3246 798 234 58 ONLY

2442 916 450 89 ARROW

3070 1040 406 89 BOOTS
3530 1043 76 86 &
3654 1035 413 92 SHOES.

2478 1267 97 31 BEST
2610 1265 135 32 VALUE

2557 1383 33 21 IN
2611 1383 61 21 TUB

2534 1479 164 33 MARKET

2945 1344 187 50 TRADE

3321 1339 174 53 MARK

3102 1453 90 65 **
3201 1476 87 45 At*
3298 1458 40 42 0
3343 1468 14 13 *

3084 1529 288 31 REGISTERED*

3720 1260 76 32 FOB
3831 1259 119 32 WEAR

3730 1471 192 36 COMPORT.

2444 1644 49 31 TO
2530 1642 50 32 BE
2616 1645 84 30 HAD
2737 1645 145 33 FROM—

2775 1724 140 40 Johns
2958 1734 85 30 and
3089 1725 216 46 M'Oombe,
3349 1728 169 33 millers
3559 1725 106 32 flat.

3031 1813 66 29 And
3119 1820 51 22 all
3194 1811 216 30 Storekebpjebb.

3215 2267 589 66 STOREKEEPERS,

3231 2408 167 32 SCOTLAND
3410 2408 132 30 STKBBT,
3556 2420 6 16 *
3574 2403 197 30 ROXBURGH.

3194 2894 22 24 r:

3640 2948 60 51 \Si

3500 3015 31 31 Is
3541 3021 42 25 an
3593 3012 155 38 unfailing
3759 3012 79 32 Cure

3354 3079 134 54 For
3537 3076 123 55 Old
3700 3071 298 57 Wounds

3469 3156 213 60 Sores,
3718 3146 196 66 Piles,

3366 3234 282 60 Fistulas,
3682 3230 131 53 Bad
3843 3227 157 67 Legs

3465 3310 143 52 Bad
3638 3306 298 61 Breasts,

3691 3384 70 19 AND
3890 3384 5 6 *

3333 3429 132 64 EVERY
3483 3427 119 63 FORM
3625 3427 51 61 OF
3688 3424 104 64 SKIN
3815 3422 186 63 DISEASE

3502 3567 62 21 Manu
3566 3565 96 23 f&ctured
3671 3564 48 22 only
3729 3565 23 19 »t

3273 3598 32 26 78,
3316 3597 52 22 New
3376 3595 80 24 Oxford
3466 3596 76 23 Street,
3554 3593 94 22 London.
3676 3591 50 24 Seld
3735 3591 28 28 by
3772 3590 29 22 *ll
3808 3589 104 22 Medieinft
3919 3588 86 22 Dealers

2938 3920 119 96 S>
3090 3925 206 86 D.F.
3347 3917 556 92 PLOUGHS
3933 3909 121 100 S?

2935 4068 226 34 IMPORTANT
3179 4065 300 34 IMPROVEMENTS
3499 4063 43 31 IN
3562 4061 178 31 PLOUGHS
3772 4060 92 30 THIS
3886 4061 161 33 SEASON.

2935 4113 46 30 All
2994 4111 197 30 Mouldboards
3203 4120 47 19 are
3262 4119 61 20 now
3336 4108 77 30 made
3426 4111 28 26 to
3466 4105 145 40 duplicate.
3650 4102 58 30 The
3721 4102 80 30 beam
3810 4102 90 30 where
3909 4102 49 30 the
3967 4102 65 32 land-

2994 4151 75 29 lever
3081 4150 65 29 stud
3158 4150 24 29 is
3194 4149 94 30 bolted
3300 4156 35 21 on
3348 4152 28 25 to
3390 4147 106 37 Plough
3509 4146 24 28 is
3546 4144 79 29 made
3638 4142 118 30 broader
3768 4147 29 24 to
3810 4146 178 35 compensate

3387 4186 44 31 for
3442 4185 59 31 bolt
3512 4184 86 31 holes.

3118 4266 187 40 Visitors
3330 4272 54 32 to
3410 4269 78 32 the
3516 4262 164 37 Winter
3709 4259 159 39 Shows

2935 4317 54 30 Are
3001 4314 134 40 cordially
3147 4314 106 31 invited
3265 4319 29 26 to
3313 4313 52 31 call
3385 4316 29 26 at
3431 4320 50 21 our
3506 4310 101 29 Works
3629 4307 55 30 ard
3703 4307 109 41 inspect
3832 4317 53 20 our
3905 4307 78 40 large
3994 4308 59 30 and'

3342 4361 9 6 -
3370 4351 93 30 varied
3480 4351 79 29 stock
3578 4349 31 30 of

3132 4390 326 59 AGRICULTURAL
3548 4387 273 58 jyjACHINKRY.

2932 4476 69 22 SOLE
3014 4475 112 22 AGENTS
3138 4473 56 23 FOB
3206 4471 95 23 SOUTH
3314 4469 106 23 ISLAND
3433 4467 54 23 FOR
3501 4464 58 23 THE
3573 4463 202 24 WELL-KNOWN

3379 4496 142 36 RUDGE
3546 4491 261 38 WHITWORTH
3838 4492 205 44 BICYCLES.

3206 4546 37 37 (A
3264 4544 91 39 Large
3375 4541 87 31 Stock
3482 4545 30 25 to
3535 4538 100 31 Arrive
3652 4537 128 40 shortly.)

2933 4692 25 21 In
2968 4691 49 21 aizM
3026 4690 53 21 from
3090 4689 32 22 6ft
3131 4690 22 20 to
3162 4688 44 22 I2ft
3215 4687 58 22 wide.
3299 4684 71 23 Fitted
3382 4683 50 23 with
3440 4683 72 27 patent
3520 4680 127 28 adjustment
3655 4678 32 23 for
3699 4678 112 28 equalising
3820 4678 36 23 the
3866 4678 80 28 weight,
3963 4687 23 15 so
3996 4681 47 22 that

2933 4718 36 21 the
2983 4718 53 21 disc,
3044 4718 36 19 cut
3099 4715 112 26 uniformly
3219 4715 53 25 deep
3281 4713 28 21 all
3324 4719 50 15 over
3383 4713 23 20 at
3420 4717 40 19 any
3478 4709 65 26 angle.
3569 4708 43 22 The
3629 4707 49 27 only
3696 4706 63 25 really
3772 4706 52 26 good
3832 4706 43 21 due
3888 4706 81 23 harrow
3977 4708 21 22 in
4009 4709 37 22 the

3036 4743 88 21 market.
3149 4742 45 21 The
3203 4741 92 26 bearings
3305 4739 42 23 will
3357 4741 36 20 not
3399 4740 36 20 cut
3441 4737 36 21 the
3485 4736 53 25 axle,
3548 4734 42 23 and
3599 4734 72 25 hardly
3683 4739 47 15 ever
3739 4739 80 20 require
3830 4739 113 21 renewing,

2930 4768 495 13 -
3919 4768 6 13 t

2968 4809 89 31 NEW
3092 4808 177 31 POSITIVE
3301 4806 99 31 FEED
3431 4799 226 34 BROADCAST
3693 4798 98 31 SEED
3829 4798 177 33 SOWERS!

3006 4859 68 22 THIS
3088 4859 26 21 IS
3126 4857 215 24 UNDOUBTEDLY
3353 4855 58 23 THE
3422 4852 78 23 ONLY
3513 4852 78 21 GOOD
3606 4849 166 23 BROADCAST
3784 4849 71 22 SEED
3867 4850 109 23 SOWER.

3229 4927 80 30 OUR
3345 4922 150 32 PATENT

3005 4968 202 32 COMBINED
3236 4965 131 36 GRAIN,
3399 4960 175 36 MANURE,
3601 4959 26 29 &
3657 4957 147 31 TURNIP
3839 4958 128 32 DRILL.

2931 5009 85 27 Greatly
3028 5009 105 28 improved
3147 5008 33 21 for
3192 5008 42 21 this
3248 5012 77 16 season.
3352 5003 61 22 Made
3426 5002 21 21 in
3462 5000 28 21 all
3504 4999 146 22 combinations
3663 4997 42 21 and
3718 4999 22 19 to
3756 5004 41 14 sow
3814 4998 57 25 grain
3885 5005 23 15 or
3923 4999 81 27 turnips
4018 5002 23 19 at

2932 5037 48 28 will,
2991 5037 50 22 with
3049 5044 24 15 or
3081 5036 89 22 without
3178 5041 93 20 manure,
3280 5040 22 16 as
3311 5031 86 24 desired.
3424 5028 48 23 This
3480 5034 18 15 is
3512 5027 36 21 the
3562 5025 50 24 drill
3625 5025 33 22 for
3671 5024 37 22 the
3721 5027 67 20 times.
3816 5025 60 22 Made
3884 5033 41 20 any
3934 5033 41 15 sse
3986 5026 55 23 from

2931 5067 46 20 four
2987 5067 22 18 to
3017 5065 56 23 eight
3082 5065 97 23 coulters,
3194 5063 42 21 and
3250 5062 46 22 Uin
3304 5061 92 21 between
3405 5057 36 21 the
3455 5055 70 25 drills;
3544 5054 40 21 and
3591 5053 33 22 for
3632 5059 59 21 gram
3699 5052 42 23 7in.
3766 5053 71 22 Fitted
3846 5054 51 22 with
3910 5060 45 16 new
3965 5057 75 25 patent

3380 5083 113 27 adjustable
3503 5081 95 22 coulters.

3188 5154 181 32 CHAFFCU
3375 5151 112 32 ITERS
3524 5158 55 20 and
3615 5147 177 31 BAGGERS

3137 5205 363 42 Chaffcutters
3545 5197 84 48 (all
3677 5197 170 47 sizes).

2930 5295 205 34 AMERICAN
3159 5292 170 33 WOODEN
3353 5290 183 32 HILLSIDE
3564 5286 188 38 PLOUGHS,
3780 5289 39 28 £3
3848 5289 51 30 10s
3925 5287 116 33 EACH.

2978 5337 106 23 TRIPOD
3098 5335 151 24 HARROWS.
3265 5332 157 28 GRUBBERS,
3435 5330 102 27 DRAYS,
3552 5327 170 24 CAMBRIDGE
3737 5327 133 29 ROLLERS,
3881 5328 110 26 TURNIP

3004 5363 124 26 SLICERS,
3137 5362 133 24 PULPERS.
3283 5361 76 22 WIRE
3366 5359 163 23 STRAINERS.
3543 5356 133 27 BINDERS,
3687 5355 71 28 OILS,
3771 5355 93 24 HORSE
3873 5357 93 27 NAILS,

3122 5381 6 9 '
3174 5389 59 23 BAR
3247 5388 79 28 IRON,
3340 5388 40 21 and
3393 5386 29 22 all
3434 5383 206 25 BLACKSMITHS'
3654 5379 151 27 SUNDRIES.

2933 5455 124 50 STSw
3095 5451 151 43 /Plain
3260 5450 84 41 and
3358 5447 159 41 Barbed
3531 5446 189 48 Fencing
3739 5445 118 43 Wire
3862 5446 19 42 I

2957 5513 84 20 me*,
3104 5501 12 33 i
3204 5502 98 39 Iron
3323 5498 189 48 Fencing
3531 5496 240 42 Standards.
3862 5506 12 23 >
3936 5506 76 21 rmm
4012 5521 8 8 -

2937 5600 166 47 Deering
3118 5595 107 52 Pony
3250 5595 34 42 &
3307 5592 179 48 All-steel
3508 5591 231 46 Harvesters
3761 5592 85 41 and
3869 5591 181 47 Binders.

3088 5646 138 24 LIGHTEST
3236 5643 142 24 draught
3389 5642 63 23 and
3464 5640 68 25 best
3544 5640 110 23 bindee
3665 5639 34 24 in
3711 5638 60 25 the
3784 5639 104 24 world

3025 5705 270 38 ILLUSTRATED
3330 5701 231 37 CATALOGUE
3597 5700 56 34 OS
3687 5701 276 37 APPLICATION,.
