4240 5910
1296 4629 151 37 Mount
1491 4629 157 46 Benger
1691 4628 115 36 Mail.

1427 4736 62 18 JUST
1508 4737 54 18 AND
1581 4738 68 18 FEAR

1384 4812 117 25 FRIDAY,
1519 4813 74 21 JUNE
1612 4814 32 23 25,
1677 4814 56 21 1897.

1299 4894 88 26 Monday
1396 4894 40 21 last
1445 4894 35 20 the
1499 4894 44 21 21st
1552 4895 55 26 inst,
1628 4904 39 12 was
1678 4897 36 21 the
1736 4897 89 21 shortest

1273 4923 46 26 rlny.

1298 4958 43 21 The
1348 4957 50 20 next
1405 4955 72 26 sitting
1487 4955 21 21 of
1514 4955 36 21 the
1557 4956 117 21 Magistrate
1682 4959 38 20 and
1729 4959 91 20 Warden

1273 4988 22 19 at
1313 4984 110 24 Roxburgh
1439 4984 17 19 is
1472 4983 53 21 fixed
1543 4983 32 20 for
1587 4983 114 27 Thursday,
1720 4986 35 21 the
1771 4988 51 19 12th

1275 5015 89 23 August,
1374 5014 22 17 at
1405 5011 25 20 10
1437 5017 47 14 a.m.

1298 5052 43 21 The
1350 5050 116 22 committee
1476 5049 21 19 of
1508 5048 35 20 the
1557 5048 50 20 local
1623 5048 68 20 school
1707 5050 51 20 have
1774 5054 46 18 sent

1274 5087 24 14 an
1306 5079 59 20 order
1372 5078 31 20 for
1409 5084 10 13 a
1427 5076 74 27 supply
1508 5076 21 20 of
1539 5076 99 20 Diamond
1649 5076 82 21 Juhilee
1739 5079 84 25 medals,

1275 5107 63 20 which
1351 5106 40 19 will
1404 5105 24 20 he
1437 5103 123 21 distributed
1571 5105 21 18 to
1611 5103 34 20 the
1656 5103 90 21 children
1767 5106 56 20 whet

1274 5135 49 24 they
1332 5138 55 15 ccrcre
1397 5133 22 19 to
1426 5130 63 21 hand.

1299 5171 43 20 The
1367 5170 69 20 recent
1456 5167 104 26 drowning
1584 5166 100 21 accidents
1710 5167 52 21 from
1787 5168 36 21 the

1275 5199 84 25 dredges
1376 5195 73 22 should
1464 5196 75 19 attract
1552 5194 67 25 puhlic
1633 5195 101 20 attention
1752 5196 21 20 to
1788 5195 36 21 the

1275 5225 111 23 hazardous
1388 5228 62 15 —not
1471 5224 21 18 to
1514 5229 36 18 say
1572 5221 209 22 dangerous—nature
1803 5223 21 20 of

1275 5251 139 27 dredgeman's
1425 5250 62 25 work,
1497 5256 54 13 more
1557 5249 108 26 especially
1675 5249 57 20 when
1741 5250 83 26 putting

1276 5283 37 20 out
1322 5281 51 20 lines
1382 5285 24 14 or
1413 5277 89 26 crossing
1518 5278 21 18 to
1553 5276 36 20 the
1605 5276 64 21 shore.
1698 5276 38 21 We
1756 5276 67 22 would

1276 5310 88 22 suggest.,
1381 5306 21 20 in
1416 5305 59 20 order
1489 5306 21 17 to
1529 5303 102 20 minimise
1647 5304 48 20 fatal
1714 5304 109 25 accidents,

1277 5336 45 21 that
1336 5333 121 25 dredgemeo
1469 5330 59 21 while
1538 5337 21 13 so
1568 5330 107 24 employed
1688 5330 73 21 should
1772 5336 52 15 wear

1276 5362 48 22 cork
1342 5360 78 28 jackets
1443 5365 22 14 or
1479 5357 63 27 adopt
1557 5363 55 14 some
1626 5357 58 20 other
1699 5358 123 27 safeguards,

1276 5390 66 23 which
1352 5395 34 15 are
1391 5386 103 27 evidently
1501 5386 53 21 most
1567 5391 112 21 necessary.

1301 5429 44 21 The
1354 5428 44 21 first
1414 5426 23 21 of
1445 5425 35 20 the
1489 5424 60 20 series
1565 5423 21 21 of
1596 5423 70 21 socials
1676 5424 105 25 organised
1797 5425 27 26 by

1278 5457 35 21 the
1336 5455 123 21 Athenaeum
1482 5450 122 22 Committee
1626 5457 40 14 was
1685 5451 48 21 held
1751 5452 20 21 in
1789 5452 35 21 the

1279 5484 124 20 Athenaium
1415 5480 47 21 Hall
1468 5479 40 20 last
1517 5478 65 25 night,
1589 5477 39 22 and
1638 5478 78 26 despite
1722 5479 35 20 the
1767 5487 43 14 num-

1277 5511 36 21 ber
1322 5510 22 20 of
1352 5509 85 21 counter
1447 5505 119 22 attractions
1575 5504 90 26 recently
1672 5506 16 20 it
1699 5512 39 13 wps
1747 5506 76 26 largely

1278 5536 105 23 attended.
1423 5534 64 21 These
1510 5531 70 22 socials
1612 5538 52 14 were
1694 5533 130 26 exceedingly

1278 5564 108 23 attractive
1395 5562 40 22 last
1444 5567 54 22 year,
1508 5559 40 22 and
1557 5558 85 28 Judging
1652 5559 27 28 by
1688 5560 35 21 the
1730 5567 37 14 one
1777 5560 46 23 held

1278 5594 39 21 last
1327 5591 85 26 evening
1424 5591 37 20 the
1469 5588 118 22 committee
1596 5594 33 14 are
1639 5588 126 21 determ'ned
1775 5589 48 26 they

1278 5621 51 20 shall
1344 5619 41 20 lose
1401 5624 53 14 none
1469 5616 22 21 of
1505 5615 53 20 their
1569 5614 117 26 popularity
1696 5616 41 19 this
1745 5623 77 14 season.

1279 5647 80 21 Besides
1373 5644 93 25 dancing,
1482 5641 69 22 varied
1567 5644 137 18 amusements
1718 5649 51 14 were
1778 5649 33 18 pro-

1277 5673 67 26 vided,
1363 5672 36 21 the
1420 5669 130 29 proceedings
1567 5668 61 26 being
1651 5675 48 19 very
1717 5670 103 21 animated

1276 5700 133 26 throughout.
1445 5698 49 20 Miss
1516 5696 91 21 Orroond
1629 5696 76 26 (piano)
1730 5697 40 20 and
1792 5698 31 20 Mr

1277 5729 97 21 Morrison
1384 5725 79 26 (violin)
1473 5723 98 28 provided
1590 5722 36 22 the
1643 5724 70 26 music,
1732 5724 41 21 and
1790 5724 33 21 Mr

1275 5756 61 20 Drew
1345 5753 59 22 acted
1413 5760 22 14 as
1445 5752 54 22 M.C.
1527 5750 92 28 Dancing
1633 5757 41 15 was
1691 5751 96 27 indulged
1802 5751 20 22 in

1273 5783 32 22 till
1314 5783 24 21 12
1346 5781 82 23 o'clock.

1884 193 44 21 The
1938 195 46 26 gold
1999 195 55 28 yield
2063 196 33 21 for
2102 195 39 22 the
2151 195 76 27 -colony
2235 195 22 22 of
2265 195 93 24 Victoria
2368 194 41 22 last

1860 226 48 20 year
1917 228 41 15 wac
1967 223 115 26 805,0870z,
2093 231 26 13 an
2126 224 90 20 increase
2224 224 22 20 of
2258 230 47 14 over
2314 222 96 27 fio,ooooz

1860 249 107 24 compared
1993 251 50 20 with
2239 258 57 19 year,
2314 250 41 21 and
2374 249 37 21 the

1859 273 81 28 highest
1949 276 55 22 since
2012 277 57 22 1882.

1884 308 34 22 Mr
1923 309 68 29 Eddy,
1999 311 60 23 Chief
2064 311 92 27 Railway
2164 311 157 22 Commissioner
2329 310 22 22 of
2357 311 54 21 New

1860 336 66 21 South
1965 338 70 26 Wales,
2069 340 17 20 is
2117 338 59 22 Head.
2220 340 33 21 He
2281 339 41 21 had
2359 339 52 21 been

1858 364 100 26 suffering
1967 365 54 22 from
2031 367 74 26 kidney
2115 366 96 27 andhing
2220 366 153 27 complications
2378 365 33 22 for

1859 397 11 13 a
1879 391 138 23 considerable
2027 395 55 21 time.

1886 425 33 21 Mr
1950 426 85 23 Pennell
2058 428 36 21 has
2121 428 108 27 presented
2257 428 37 21 the
2328 426 83 23 Jubilee

1860 452 167 25 Demonstration
2060 456 123 21 Committee
2213 456 48 21 with
2288 463 12 13 a
2326 456 38 25 bag
2389 454 22 21 of

1859 480 109 21 Cocksfout
1976 484 110 24 grass-seed
2096 483 39 26 (his
2145 489 43 14 own
2201 483 77 25 saving)
2289 485 21 18 to
2321 482 26 21 be
2354 488 55 15 sown

1860 507 20 21 in
1889 508 35 21 the
1933 515 84 16 reserve.
2046 510 42 21 The
2098 512 100 20 secretary
2208 510 21 20 of
2246 505 35 26 the
2293 510 118 21 committee

1860 534 35 21 has
1905 536 113 23 forwarded
2027 538 36 21 the
2072 538 51 21 offer
2132 541 21 18 to
2167 537 36 21 the
2213 538 95 26 Borough
2315 536 93 23 Council.

1884 569 43 20 The
1954 571 49 19 local
2039 571 87 21 Chinese
2161 570 98 21 residents
2293 570 116 21 subscribed

1860 595 93 27 liberally
1963 600 20 18 to
2000 598 35 20 the
2044 598 99 21 destitute
2169 597 94 26 patients'
2274 597 51 21 fund
2338 600 21 18 at
2374 597 35 20 the

1865 624 3 27 i
1876 624 79 25 uapeka
1965 625 94 26 Hospital
2069 625 21 21 in
2098 625 105 21 conection
2214 625 50 21 with
2282 625 36 21 the
2329 624 79 22 Record

1860 651 64 24 Reign
1941 652 141 22 celebrations.
2107 653 66 20 Those
2190 655 92 23 amongst
2293 653 56 20 them
2359 653 20 20 in
2398 658 12 14 a

1860 679 87 25 position
1966 681 21 18 to
2004 679 164 21 subscribe—not
2185 686 12 13 a
2214 682 57 22 great
2285 679 86 20 number
2388 680 23 19 at

1860 706 167 25 present—made
2036 712 29 22 up
2077 705 27 22 £2
2111 706 21 21 5s
2142 706 91 21 between
2243 706 64 21 them.

1885 741 18 21 A
1922 742 97 21 Brisbane
2037 742 56 21 cible
2113 743 63 18 states
2195 741 47 20 that
2261 743 21 17 at
2302 741 36 21 the
2359 740 52 21 fruit

1860 767 56 21 Rhow
1927 769 46 21 held
1986 770 19 20 in
2016 769 118 22 connection
2145 768 49 21 with
2210 768 36 21 the
2263 768 146 21 Intercolonial

1861 796 59 21 Fruit
1929 797 124 22 Conference
2063 797 94 26 theprize
2167 797 32 21 for
2206 796 35 21 the
2249 795 45 23 best
2301 795 107 23 collection

1861 823 21 21 of
1905 824 69 25 apples
1993 832 39 13 was
2050 825 61 19 taken
2131 824 28 25 by
2178 824 36 20 the
2233 823 106 21 combined
2359 823 49 20 New

1861 850 88 20 Zealand
1961 851 130 25 agricultural
2103 850 99 22 societies.
2230 851 25 19 E.
2272 850 108 25 Morrison,
2390 849 23 20 of

1863 877 136 25 Warkworth,
2011 879 52 21 N<ew
2078 877 95 28 Zealand,
2188 877 49 23 took
2253 877 36 22 the
2311 877 53 27 prize
2382 877 31 21 for

1862 907 61 20 cured
1936 907 72 21 Lisbon
2018 908 82 21 temouf.

1887 941 66 21 There
1971 941 36 21 lias
2022 941 50 21 been
2082 941 79 26 general
2172 940 96 27 rejoicing
2277 941 93 25 amongst
2380 940 33 21 his

1863 967 34 21 old
1917 969 67 21 school
1997 970 130 25 Companions
2138 971 22 18 at
2176 968 37 20 the
2229 970 70 18 return
2319 969 21 19 to
2360 967 40 21 Rox-

1864 995 63 25 burgh
1939 996 21 20 of
1971 997 32 19 Mr
2013 997 42 20 Nat
2063 996 108 25 Beighton,
2180 995 54 20 after
2250 1002 25 14 an
2291 994 85 21 absence
2393 996 20 18 of

1864 1023 69 26 nearly
1951 1023 47 21 four
2016 1029 58 21 years
2091 1025 21 19 at
2129 1030 26 14 se*
2157 1021 3 29 1
2164 1039 6 6 .
2206 1022 34 21 Mr
2258 1021 101 25 Beighton
2378 1021 36 21 has

1863 1051 71 21 served
1943 1051 32 21 his
1990 1051 162 27 apprenticeship
2166 1058 25 14 on
2208 1051 35 20 the
2258 1049 77 27 barque
2351 1049 60 27 Onyx

1865 1078 96 25 (Guthrie
1970 1072 38 27 ami
2018 1079 31 21 Co
2058 1080 13 25 ),
2082 1079 80 22 trading:
2175 1081 21 17 to
2213 1078 111 24 Australia,
2346 1077 67 20 South

1865 1105 69 21 Africa
1943 1105 39 21 and
1995 1105 35 21 the
2039 1106 64 21 South
2110 1106 37 21 Sea
2155 1105 87 21 Islands.
2269 1105 34 20 He
2313 1099 37 26 has
2356 1104 58 20 made

1864 1133 50 26 good
1936 1140 92 20 progress
2043 1140 19 14 in
2081 1133 31 21 his
2128 1132 120 27 profession,
2267 1132 41 20 and
2322 1131 91 26 recently

1864 1161 70 26 passed
1946 1162 30 20 his
1984 1162 136 20 examination
2129 1157 32 24 for
2170 1161 73 20 second
2255 1163 54 18 mate
2327 1164 28 16 or'
2365 1159 33 21 cal
2402 1166 11 14 v

1863 1191 61 19 mat?.

1889 1216 29 20 As
1931 1215 106 26 suggested
2051 1215 21 21 in
2079 1223 37 13 onr
2133 1215 40 20 last
2195 1214 60 27 issue,
2267 1221 9 13 a
2289 1214 86 21 number
2393 1214 22 20 of

1864 1243 75 20 miners
1965 1243 87 25 residing
2077 1242 63 21 about
2157 1242 73 26 Upper
2257 1241 90 20 Waikaia
2375 1241 39 20 and

1863 1270 81 22 district,
1957 1271 71 20 waited
2044 1270 74 20 rn.'Mr
2136 1269 109 22 M'Ca'thv
2254 1276 22 13 re
2294 1269 64 25 fixing

1865 1298 80 20 bounda
1955 1305 13 18 y
1974 1298 22 19 of
2003 1298 35 19 the
2041 1290 140 39 JUvikaiaand
2189 1296 111 25 Roxburgh
2308 1295 107 20 Warden's

1863 1325 90 20 districts
1962 1325 53 19 after
2025 1324 45 30 tMp
2076 1325 72 24 Kitting
2154 1324 22 19 of
2182 1324 35 20 the
2228 1322 106 20 Warden's
2350 1322 65 20 Court

1863 1352 39 19 last
1912 1351 83 25 Friday.
2023 1350 128 21 Afwrmuch
2161 1350 131 25 exp'anation
2305 1355 21 14 as
2345 1350 23 19 to
2378 1348 35 20 the

1863 1377 82 25 locality
1964 1384 25 12 on
2006 1374 84 24 the'the
2099 1379 46 24 part
2200 1376 35 21 the
2253 1374 82 27 miners,
2358 1375 27 20 all
2395 1375 20 20 of

1864 1403 66 20 whom
1949 1403 98 21 fiivou'ed
2057 1405 77 26 getting
2152 1404 53 20 their
2215 1403 91 20 business
2323 1399 53 24 done
2394 1404 21 17 at

1864 1430 35 20 the
1913 1431 112 26 Roxburgh
2038 1432 71 26 Court,
2129 1432 33 21 Mr
2178 1430 110 26 M'Carthy
2380 1430 35 21 the

1862 1458 105 21 boundary
1976 1467 21 11 a<
2008 1458 89 23 follows:
2103 1460 84 21 —Frour
2195 1458 52 22 head
2254 1458 20 21 of
2289 1458 37 21 the
2337 1458 65 21 White-

1862 1486 69 21 cmbe
1946 1486 65 21 Ciffk
2022 1489 21 18 to
2052 1486 93 22 its'.lunc
2155 1487 32 21 ion
2200 1486 49 21 with
2267 1486 37 21 the
2322 1486 93 21 Waikaia

1863 1514 72 20 thence
1946 1514 70 26 taking
2026 1515 20 20 in
2057 1515 34 21 the
2100 1515 90 21 Waikaia
2200 1514 41 21 and
2250 1514 26 21 its
2288 1514 127 21 tributaries.

1886 1550 43 20 The
1954 1552 54 18 wft%
2030 1550 21 21 of
2070 1550 107 26 ballasting
2195 1550 36 20 the
2248 1551 66 23 Otaso
2331 1549 83 21 Central

1961 1577 39 20 line
2017 1577 51 20 from
2086 1577 59 27 Hyde
2161 1580 21 17 to
2198 1577 75 25 Ryan's
2289 1576 94 25 Crossing
2400 1578 15 19 is

1861 1606 54 21 (savs
1925 1604 35 21 the
1971 1604 13 9 li
1994 1605 18 20 D
2019 1605 35 26 ii!y
2162 1604 122 27 proceeding
2292 1607 22 18 at
2333 1611 10 13 a
2358 1604 57 25 rrtpid

1862 1637 50 21 rate,
1923 1632 39 21 and
1974 1633 16 20 it
2000 1634 16 19 is
2028 1632 122 26 anticipated
2168 1633 46 20 that
2230 1632 36 21 the
2282 1633 42 20 line
2338 1632 40 20 will
2391 1632 24 21 be

1861 1660 61 26 mo!v
1933 1660 31 21 for
1974 1661 65 20 traffic
2056 1660 62 21 about
2133 1660 35 21 the
2187 1660 40 21 end
2241 1660 22 21 of
2288 1660 58 26 July.
2373 1660 42 20 The

1863 1688 63 20 traffic
1937 1688 69 21 V'ridue
2015 1691 22 17 at
2054 1688 72 22 Ryan's
2136 1688 16 20 is
2167 1688 59 25 being
2235 1688 79 24 pushed
2324 1694 33 18 on,
2375 1688 40 19 and

1862 1715 35 20 the
1907 1715 109 21 formation
2029 1715 22 20 of
2060 1715 34 20 the
2108 1717 120 23 permanent
2238 1721 43 20 way
2294 1715 16 21 is
2326 1714 44 21 well
2387 1721 28 20 up

1862 1743 34 19 the
1916 1743 67 26 plain;
2008 1743 79 25 indeed,
2111 1750 22 13 so
2155 1743 79 25 rapidly
2259 1743 16 21 is
2304 1743 36 21 the
2360 1738 55 25 wnk

1862 1770 112 26 advancing
1980 1771 46 19 that
2035 1777 12 13 a
2062 1773 67 17 recent
2145 1770 73 20 visitor
2233 1773 21 17 to
2274 1771 35 19 the
2329 1769 82 25 locality

1863 1797 84 21 informs
1953 1804 23 14 us
2042 1799 21 19 in
2077 1798 26 20 all
2119 1797 123 26 probability
2256 1797 65 21 traffic
2332 1797 41 21 will
2391 1797 24 21 be

1861 1825 77 24 opened
1954 1832 27 19 up
1992 1825 48 21 with
2054 1825 137 21 Wedderbnrn
2201 1825 72 20 within
2286 1832 11 12 a
2307 1831 56 20 year.

1887 1860 44 21 Our
1954 1862 46 19 Moa
2022 1860 48 21 Ptet
2092 1860 157 25 correspondent
2272 1858 143 23 writes:—Mr

1864 1887 100 23 Bloxhnm
1987 1889 100 27 narrowly
2102 1888 83 28 escaped
2204 1895 10 14 a
2228 1888 76 21 serious
2321 1887 92 22 accident

1864 1923 25 13 on
1900 1917 92 26 Tuesday
2007 1917 84 23 evening
2109 1926 21 12 as
2148 1918 25 20 he
2191 1924 38 13 was
2244 1917 80 25 driving
2340 1919 22 17 to
2379 1916 35 20 the

1863 1943 75 21 church
1955 1945 60 19 social
2032 1946 22 18 at
2070 1946 45 18 Moa
2131 1944 53 25 Flat,
2200 1943 142 25 accompanied
2361 1943 26 25 by
2402 1950 11 13 a

1863 1969 55 27 lady.
1945 1971 71 23 Owing
2035 1973 21 17 to
2072 1971 34 20 the
2120 1970 94 21 confused
2232 1970 52 25 light
2298 1969 73 21 caused
2387 1969 26 23 by

1863 1995 35 25 the
1914 1999 85 20 bonfires
2012 1997 25 21 he
2055 1998 69 22 rrissed
2147 1997 34 21 the
2196 1997 86 26 cuttin?,
2300 1996 40 22 and
2360 1999 54 18 went

1863 2029 59 24 along
1933 2026 35 22 the
1979 2027 49 21 back
2038 2027 23 20 of
2070 2026 144 23 SfTGillVmill.
2243 2024 134 27 Fortunately
2388 2025 25 21 he

1865 2063 38 13 was
1912 2062 45 13 seen
1969 2055 26 24 by
2006 2055 33 19 Mr
2049 2055 48 20 Geo.
2112 2054 138 25 M'Longhlin.
2263 2054 45 19 who
2327 2053 85 25 stopped

1863 2084 41 19 him
1920 2081 47 24 only
1977 2082 43 25 just
2030 2082 19 20 in
2062 2082 53 21 time,
2125 2088 21 13 as
2156 2081 39 21 had
2202 2081 25 20 he
2238 2088 51 18 gone
2300 2088 10 12 a
2321 2081 40 19 few
2371 2080 42 20 feet

1863 2109 80 22 further
1952 2109 26 20 lie
1988 2116 56 14 n.usr,
2054 2109 51 20 have
2112 2115 52 20 'gone
2232 2115 9 13 a
2253 2110 33 18 ten
2297 2107 44 21 foot
2350 2107 61 26 bank,

1862 2138 51 20 with
1924 2136 49 21 fatal
1985 2142 153 21 consequences.
2167 2137 31 19 Mr
2206 2135 140 26 M'Louglilin.
2359 2135 39 20 how-

1862 2172 54 19 ever,
1928 2168 38 21 put.
1976 2163 31 20 his
2018 2164 59 19 hoise
2088 2164 48 20 back
2146 2164 31 21 for
2184 2163 41 21 him
2236 2163 38 20 and
2285 2163 79 26 shortly
2375 2165 37 24 put

1863 2194 40 19 him
1914 2199 26 14 on
1948 2192 37 21 the
1994 2191 55 23 right
2059 2192 46 20 road
2115 2193 65 21 again.

1885 2221 29 20 To
1925 2226 87 13 morrow
2021 2226 12 13 a
2041 2219 82 20 football
2133 2219 65 20 match
2210 2218 40 20 will
2261 2218 48 21 take
2320 2218 57 27 place
2385 2224 24 13 on

1861 2248 34 20 the
1921 2247 50 20 local
1991 2246 78 25 ground
2087 2246 89 21 between
2194 2246 35 20 the
2251 2245 101 22 Limerick
2366 2245 43 21 'find

1862 2273 112 22 Koxbmeh
1989 2274 65 24 clnhs,
2072 2274 46 25 play
2127 2273 138 25 commencing
2274 2276 21 17 at
2304 2274 12 19 2
2325 2273 24 20 30
2359 2279 50 19 p.m.

1859 2302 43 23 The
1998 2300 21 21 of
2037 2300 36 21 the
2083 2300 48 21 local
2145 2300 76 27 players
2231 2307 33 14 are
2277 2299 132 28 -Forwards:

1860 2331 17 20 T.
1902 2330 91 24 Ronnrv,
2019 2330 26 20 P.
2071 2328 87 26 Manuel.,
2182 2328 25 22 G.
2232 2329 117 24 Haughton.
2382 2328 27 21 R.

1861 2357 90 26 Michell,
1964 2357 26 21 1).
2004 2357 116 25 Buchanan,
2140 2356 26 21 D.
2182 2356 105 25 Cormack,
2304 2358 25 19 A.
2341 2356 68 23 Toms,

1859 2385 22 23 .7.
1901 2384 91 26 Michell,
2019 2385 25 21 G.
2066 2384 121 25 Fi'zgerald.
2221 2383 125 22 Halfback:
2374 2383 35 20 W*

1860 2413 77 25 George
1953 2412 106 27 (captain).
2087 2411 127 23 Five-eight;
2235 2412 18 21 T.
2273 2411 24 28 T?.
2317 2412 90 21 Roonev.

1858 2438 183 29 Three-quarters:
2064 2440 23 20 T.
2116 2438 89 26 Michell,
2231 2439 22 22 F.
2273 2440 78 23 Baillie,
2376 2439 31 21 W.

1859 2469 114 21 O'Connor.
2003 2467 120 21 Full-back:
2136 2469 22 19 .I'.
2169 2466 99 22 Tamblvn
2280 2469 42 19 —A
2336 2467 73 23 charge

1859 2497 21 19 of
1889 2495 25 21 6d
1925 2495 31 20 for
1967 2495 108 20 admission
2090 2497 20 17 to
2125 2495 35 20 the
2177 2495 77 25 ground
2265 2495 39 20 will
2316 2495 24 20 be
2351 2494 58 20 made

1859 2523 32 21 for
1901 2523 114 25 gentlemen
2026 2522 71 25 (ladies
2106 2522 57 27 freo\
2175 2522 35 20 the
2224 2523 94 24 proceeds
2329 2525 21 17 to
2359 2521 48 27 help

1859 2551 87 21 towards
1970 2550 136 27 entertaining
2131 2550 36 21 the
2186 2549 81 22 visitors
2278 2549 4 28 ;
2308 2550 40 22 and
2373 2550 35 20 the

1858 2582 103 24 secretary
1972 2579 74 21 desires
2056 2578 34 21 the
2099 2578 49 22 local
2161 2578 77 26 p'ayers
2249 2580 21 20 to
2280 2581 53 19 meet
2342 2580 22 19 at
2377 2579 32 20 Mr

1859 2606 71 21 Hart's
1938 2607 51 22 shop
2000 2607 40 20 this
2051 2605 89 26 (Friday)
2151 2606 86 24 evening
2245 2608 22 18 at
2281 2607 11 20 8
2301 2606 75 20 o'clock
2387 2612 21 14 to

1859 2634 58 21 make
1927 2636 154 23 arrangements
2090 2633 61 21 about
2164 2633 143 26 entertaining.

1881 2669 105 21 Pertainlv
2001 2669 34 19 the
2050 2670 52 18 most
2115 2667 93 21 effective
2221 2667 98 21 medicine
2333 2668 18 20 in
2367 2667 36 21 the

1856 2697 63 20 worlil
1937 2697 16 19 is
1970 2695 114 22 SANDER
2095 2695 40 20 and
2151 2694 77 21 SOSS'
2244 2695 160 21 EUCALYPTI

1857 2725 73 21 EX'I'R
1936 2727 10 15 *
1951 2724 40 20 (IT.
2019 2723 47 20 T«-st
2074 2723 25 20 its
2105 2721 112 26 eminently
2225 2723 98 26 powerful
2332 2723 72 21 effects

1854 2753 20 21 in
1888 2751 82 26 corahs,
1981 2751 62 25 colds,
2054 2751 97 20 influenza
2160 2766 5 9 ,
2188 2749 36 21 the
2238 2749 59 22 relief
2305 2750 17 21 is
2332 2751 65 21 instan-

1856 2784 85 16 'aiieous
1978 2780 23 19 Jii
2016 2779 139 19 serioiisca.se!)
2170 2777 40 20 and
2224 2779 80 19 acciden
2316 2779 45 19 sof
2374 2779 29 19 all

1934 2808 25 18 be
1968 2808 16 16 tl
1994 2812 24 12 »v
2031 2805 88 21 wounds,
2130 2805 68 20 hums,
2208 2805 106 24 scaldinqp,
2332 2806 77 20 bruises

1857 2836 85 25 sprains,
1953 2836 16 18 it
1978 2833 16 21 is
2005 2833 34 21 the
2048 2833 61 20 safest
2119 2831 135 26 remedy—no
2264 2832 145 26 swelling—no

1855 2862 157 23 inflammation.
2041 2861 48 20 Like
2097 2859 111 26 surprising
2219 2861 73 19 effects
2302 2860 107 26 produoec!

1855 2892 20 19 in
1888 2896 71 19 croup,
1969 2888 109 26 tiipilieria.
2090 2885 117 26 bronchitis,
2220 2887 151 21 inflammation
2386 2889 23 18 oi

1857 2917 35 22 the
1913 2916 67 25 lutes,
2169 2913 108 25 diarrhoea,
2294 2914 113 26 dysentry,

2273 2948 80 19 organs.
2367 2935 2 32 :
2382 2935 26 28 in

1857 2964 418 34 uneatal™osp''talsan.fmedi:alclinics,
2289 2971 73 25 pafcron
2364 2970 5 15 :
2371 2977 9 14 s
2385 2979 6 5 j
2393 2969 14 21 d

1857 3001 26 25 by
1893 3000 37 19 Hia
1940 2999 87 24 Majesty
2036 2999 37 20 the
2083 2997 55 25 King
2146 2997 22 20 of
2179 2997 63 25 Italy,
2252 2998 92 21 crowned
2364 2997 46 20 .nth

1857 3027 65 21 medal
1933 3026 40 20 and
1982 3025 89 25 diploma
2080 3028 22 17 at
2113 3024 151 21 International
2278 3024 131 26 Exhibition,

1859 3054 138 22 Amsterdam.
2024 3052 62 21 Troat
2095 3054 21 18 in
2125 3052 42 19 this
2177 3052 103 25 approved
2288 3052 72 21 article
2369 3052 40 20 and

1857 3083 64 25 reject
1929 3081 27 20 all
1967 3083 75 17 others.

1887 3111 20 19 A
1925 3108 70 21 visitor
2012 3109 21 18 to
2051 3106 36 21 the
2103 3108 103 25 cemetery
2223 3107 91 27 recently
2331 3106 79 22 noticed

1865 3137 46 21 that
1920 3135 137 22 considerable
2066 3135 82 27 damage
2158 3134 40 21 had
2208 3134 49 21 been
2266 3134 53 22 done
2337 3137 22 19 to
2376 3135 35 21 the

1864 3164 82 25 fencing
1955 3164 26 21 bv
1991 3169 101 20 someone,
2101 3163 39 21 and
2149 3162 26 21 he
2189 3162 46 21 asks
2244 3168 24 15 us
2280 3165 21 19 to
2311 3163 54 21 draw
2376 3163 35 21 the

1865 3197 102 17 attention
1986 3191 22 21 of
2024 3191 35 21 the
2073 3191 106 26 Cemetery
2189 3191 124 21 Committee
2323 3191 87 21 thereto.

1864 3221 44 21 The
1936 3220 116 21 committee
2083 3219 51 20 have
2161 3219 48 19 been
2232 3221 22 17 at
2276 3219 136 21 considerable

1865 3254 88 20 expense
1967 3250 21 17 to
2007 3248 54 18 erect
2078 3252 12 13 a
2106 3245 68 21 rabbit
2192 3246 57 25 proof
2262 3245 65 27 fence,
2344 3246 40 20 and
2402 3253 10 13 a

1864 3276 97 27 <]«'intity
1985 3275 21 20 of
2028 3273 17 22 it
2066 3273 36 22 has
2129 3273 49 21 been
2203 3273 76 21 broken
2297 3274 57 21 doivn
2373 3273 39 22 and

1862 3302 118 27 •destroyed.
2007 3302 43 21 The
2068 3301 85 28 padlock
2173 3308 25 14 on
2214 3301 35 21 the
2267 3304 53 25 gate,
2331 3302 25 21 he
2371 3302 41 21 also

1862 3335 73 21 states,
1956 3331 35 20 has
2009 3331 5 17 1
2021 3336 36 13 een
2076 3330 101 23 removed,
2196 3336 23 12 so
2231 3329 47 19 that
2294 3332 22 17 at
2330 3333 82 22 present

1867 3358 115 25 wandering
1989 3358 64 19 cattle
2069 3362 46 20 may
2132 3356 24 20 be
2174 3356 45 20 able
2236 3358 22 17 to
2276 3356 42 21 find
2329 3357 82 24 ingress.

1865 3386 39 20 We
1928 3385 50 20 need
2000 3386 36 19 not
2057 3391 34 19 say
2110 3383 45 21 how
2173 3382 149 27 reprehensible
2340 3385 16 20 is
2377 3384 35 21 the

1867 3414 88 22 mnduct
1963 3412 21 21 of
1993 3418 82 20 persons
2089 3411 106 25 damaging
2213 3410 35 21 the
2268 3411 144 25 surroundings

1867 3440 21 21 of
1899 3440 35 21 the
1944 3440 108 23 cttiK-terv,
2062 3438 39 21 and
2111 3438 98 26 certainly
2216 3438 35 19 the
2261 3438 128 26 authorities,
2397 3438 15 21 if

1866 3468 50 26 they
1928 3471 51 17 trK*
1991 3466 47 20 fndi
2055 3466 124 20 destruction
2190 3468 22 17 to
2222 3466 34 19 the
2266 3469 145 23 perpetrators,

1867 3496 72 20 should
1960 3495 48 20 ]k>M
2032 3494 55 19 thein
2104 3493 125 29 responsible
2247 3494 31 19 for
2295 3494 117 20 immediate

1866 3523 151 26 repairtifiMjoer
2028 3522 45 25 pain
2083 3522 21 19 of
2112 3524 69 17 Severe
2191 3521 104 25 penalties.
2324 3521 65 21 There
2396 3521 16 21 is

1866 3551 42 19 also
1917 3555 44 18 ai'pt
1968 3549 18 21 h>
1994 3547 4 27 t
2012 3552 75 17 litatier
2103 3547 47 22 that
2167 3548 34 20 the
2219 3549 118 20 committee
2347 3549 65 25 might

1866 3577 47 21 take
1923 3578 13 19 ii
1943 3574 23 23 lo
1978 3574 154 27 cefisidenflMn,
2144 3576 37 20 and
2193 3576 46 20 that
2252 3577 16 19 is
2279 3576 35 20 the
2323 3583 88 13 erection

1864 3603 19 27 11
1892 3614 10 10 a
1914 3605 48 19 s-litd
1970 3610 23 14 su
2005 3603 34 20 tbe
2049 3606 99 24 cenvetety
2157 3603 31 20 for
2195 3603 67 26 public
2268 3605 142 19 convenience.

1864 3633 39 20 We
1911 3640 35 13 dm
1954 3631 70 26 hardly
2035 3630 52 24 hope
2097 3631 30 20 for
2136 3639 12 12 a
2156 3636 103 21 mortuary
2271 3631 71 25 chapel
2353 3631 58 21 there

1863 3661 31 20 for
1904 3667 55 13 some
1969 3664 49 16 time
2025 3661 22 18 at
2057 3659 56 24 'least,
2125 3659 37 21 but
2174 3659 72 26 people
2264 3660 44 19 who
2322 3659 52 21 have
2391 3661 21 19 to

1860 3688 71 20 attetd
1942 3691 23 17 at.
1975 3689 34 18 ilie
2022 3689 101 24 cemetery
2134 3687 65 19 would
2212 3686 103 22 doubtless
2332 3687 23 21 be
2365 3687 45 26 glad

1859 3717 22 19 of
1887 3722 56 14 some
1953 3719 113 22 protection
2080 3715 20 19 in
2113 3717 40 17 wet
2163 3714 94 20 weather.

1918 3783 72 41 The
2018 3782 160 41 Diamond
2206 3781 137 42 Jubilee.

1911 3863 114 26 LOCAL
2040 3861 306 28 DEMONSTRATION

1895 3932 162 35 Roxburgh's
2095 3932 173 35 participation
2307 3932 24 26 in
2369 3935 41 24 the

1860 3972 154 26 world-wide
2053 3970 119 35 rejoicing
2210 3979 31 16 on
2285 3970 124 27 Diamond

1856 4010 101 28 Jubilee
1968 4009 53 27 Dav
2032 4007 137 34 (Tuesday)
2180 4016 49 16 was
2239 4007 31 36 by
2281 4017 32 16 no
2326 4017 83 18 means

1859 4049 155 34 inadequate,
2036 4046 40 25 the
2098 4044 84 35 people
2201 4045 27 26 of
2247 4046 43 25 the
2311 4047 98 26 district

1856 4085 156 32 celebrating
2038 4084 40 24 the
2106 4083 127 24 festivities
2256 4084 59 25 with
2339 4092 69 18 »reat

1859 4122 144 28 heartiness.
2042 4118 8 27 I
2050 4119 9 18 s
2068 4125 24 21 «>t
2113 4119 37 25 for
2172 4128 73 26 many
2272 4129 69 17 veais
2366 4122 43 26 has

1860 4162 67 25 there
1943 4159 57 27 Iwn
2026 4157 59 26 such
2109 4166 13 17 a
2140 4157 68 34 large
2230 4158 136 34 gathering
2384 4160 26 26 of

1861 4199 40 25 the
1913 4197 68 26 oldftr
2005 4202 40 27 pt
2050 4195 57 25 tiers
2131 4204 25 16 as
2184 4204 61 17 were
2271 4197 135 26 assembled

1858 4237 58 26 here
1931 4236 22 25 in
1970 4233 40 26 the
2024 4233 113 31 evening,
2154 4231 72 28 while
2240 4233 40 26 the
2293 4243 114 25 younger

1857 4270 186 38 generation,of
2049 4279 92 20 course,
2151 4271 121 26 mustered
2285 4274 121 31 strongly.

1857 4311 62 27 Coal
1933 4308 76 26 Creek
2025 4308 95 24 settlers
2135 4308 85 24 turned
2237 4316 43 18 out
2294 4310 23 24 in
2339 4311 69 25 lar»e

1860 4346 124 28 numbers,
2005 4343 72 27 while
2090 4343 58 26 Moa
2164 4344 62 32 Flnr,
2239 4345 107 33 Benger,
2360 4346 47 25 and

1862 4383 166 31 Millers.Plat,
2048 4391 61 16 were
2128 4381 50 26 also
2193 4384 161 29 represented.

2013 4425 59 20 THE
2093 4426 165 18 rUOCKSSION

1861 4468 49 17 was
1921 4456 123 34 naturally
2057 4456 40 25 the
2112 4455 92 25 feature
2216 4456 28 24 of
2254 4457 41 25 the
2306 4456 85 27 demon-

1859 4503 77 20 strate
1948 4506 24 22 n,
1987 4494 48 27 and
2050 4494 47 26 this
2112 4502 48 15 was
2175 4492 53 27 well
2242 4494 92 26 carried
2357 4503 50 19 out.

1861 4537 33 25 At
1917 4534 15 26 7
1960 4541 56 29 p.m.
2044 4532 41 27 the
2115 4530 81 27 school
2216 4532 65 25 child
2297 4541 38 21 en,
2367 4533 40 26 the

1860 4572 63 27 hand
1962 4569 48 29 arid
2059 4569 40 26 the
2135 4568 114 26 different
2296 4570 111 27 societies

1861 4609 135 26 assembled
2009 4614 24 19 at
2047 4608 40 24 the
2101 4607 90 29 school,
2207 4607 47 25 and
2273 4607 24 26 in
2313 4618 12 15 a
2339 4607 68 28 short

1861 4648 57 24 time
1934 4645 40 27 the
1988 4644 118 27 marshals
2129 4643 46 26 had
2199 4644 65 26 them
2285 4646 119 27 arranged

1859 4685 24 26 in
1910 4684 41 26 the
2141 4680 69 27 order
2225 4682 180 37 :—Roxburgh

1861 4722 73 26 Rrass
1951 4720 77 30 Rand,
2045 4719 133 30 Foresters,
2188 4720 71 26 Good
2270 4722 135 31 Templars,

1858 4757 151 28 Oddfellows
2019 4756 47 25 and
2078 4755 81 25 school
2171 4756 118 27 children.
2327 4758 78 27 These

1857 4797 70 28 made
1941 4807 13 16 a
1969 4806 55 26 very
2039 4793 109 29 effective
2162 4793 104 40 display,
2278 4797 41 27 the
2331 4796 71 33 hand,

1857 4835 149 32 torchlights
2037 4833 46 25 and
2115 4842 13 16 a
2155 4833 68 34 large
2255 4836 103 26 number
2379 4838 25 24 of

1857 4874 105 25 Chinese
1976 4871 108 26 lanterns
2103 4870 78 32 being
2202 4872 92 26 carried
2317 4873 23 26 in
2362 4874 41 26 the

1855 4910 148 33 procession,
2026 4909 45 25 and
2099 4915 23 19 sir,
2147 4909 119 26 intervals
2288 4911 112 27 coloured

1855 4949 77 33 lights
1952 4955 61 18 were
2027 4945 92 27 burned
2135 4945 91 31 during
2246 4947 40 27 the
2310 4950 90 31 march,

1854 4988 41 25 the
1918 4985 76 26 whole
2007 4984 89 34 giving
2109 4993 12 17 a
2135 4984 87 34 capital
2234 4987 77 26 effect.
2349 4988 51 26 The

1853 5023 137 38 procession
2006 5030 49 16 was
2078 5021 145 26 marshalled
2253 5023 30 34 by
2307 5024 93 27 Messrs

1854 5059 149 33 Fitzyerald,
2020 5058 82 35 Moyle
2121 5058 47 27 and
2180 5059 143 34 M'Kenzie,
2346 5063 54 34 (the

1854 5099 119 26 members
2004 5095 28 27 of
2069 5096 40 26 the
2139 5096 83 27 school
2259 5101 140 25 committee

1853 5134 164 33 marshalling
2030 5132 41 26 the
2085 5134 120 33 children)
2220 5134 47 26 and
2283 5138 113 25 marched

1852 5181 33 24 up
1900 5172 39 25 the
1951 5171 57 27 Coal
2022 5169 74 27 Creek
2108 5171 57 26 mad
2177 5180 13 17 a
2201 5171 68 27 short
2280 5172 118 35 distance,

1853 5211 130 30 returning
2005 5208 31 33 by
2055 5207 113 27 Scotland
2189 5209 89 32 Street,
2293 5211 105 27 Cheviot

1852 5251 82 24 street,
1949 5245 60 25 back
2035 5246 72 32 again
2128 5251 25 20 to
2175 5245 117 29 Scotland
2314 5256 83 25 street,

1852 5282 47 27 and
1921 5282 85 26 thence
2020 5291 26 17 as
2060 5282 35 26 far
2106 5292 26 17 as
2146 5283 40 27 the
2201 5284 89 27 Albion
2311 5286 85 32 Hotel,

1853 5319 46 26 and
1912 5318 60 26 back
1980 5324 23 19 to
2015 5319 40 25 the
2064 5319 68 26 Bank
2143 5322 176 30 corner,where
2326 5333 11 15 a
2346 5323 53 27 halt

1854 5355 135 28 wascalled.
2029 5355 64 28 Here
2106 5356 41 28 the
2158 5356 63 29 band
2233 5367 81 24 gavea
2325 5369 54 18 num-

1853 5393 42 29 ber
1905 5393 142 37 ofpatriotic
2053 5395 184 35 airs,including
2244 5396 41 29 the
2292 5397 89 29 Nation-

1853 5432 21 27 al
1892 5432 116 32 Anthem,
2047 5431 60 28 Rule
2287 5441 54 21 etc..
2357 5437 41 26 the

1853 5469 80 27 whole
1947 5470 28 26 of
1984 5470 40 26 the
2043 5470 83 35 people
2139 5471 142 28 afterwards
2295 5474 103 36 singing

1852 5509 16 13 '•
1879 5506 55 27 God
1949 5506 62 26 Save
2024 5506 42 26 the

1852 5552 57 19 THE
1923 5551 234 26 ILLUMINATIONS,
2177 5554 144 27 BONFIRES,
2337 5557 59 19 ETC.

1891 5581 146 28 Meanwhile
2051 5582 40 27 the
2108 5583 125 29 firewoiks
2258 5588 141 26 committee

1854 5629 62 17 were
1930 5619 61 34 busy
2008 5629 31 15 on
2053 5629 46 17 one
2111 5621 28 26 of
2157 5623 40 25 the
2218 5632 58 17 near
2299 5624 100 34 heights

1852 5658 26 25 in
1892 5656 41 26 the
1945 5665 96 17 reserve
2055 5656 107 39 bnrning
2179 5659 114 27 coloured
2309 5660 86 36 lights,

1852 5694 107 34 sending
1994 5693 37 27 off
2057 5695 78 34 signal
2163 5696 104 33 rockets,
2299 5698 99 28 Roman

1852 5731 107 34 candles,
1973 5731 131 28 Catherine
2123 5734 97 30 wheels,
2241 5734 157 29 illuminated

1984 5774 57 31 etc.,
2055 5776 46 22 etc.
2135 5771 32 30 In
2180 5772 48 29 this
2249 5773 148 30 connection

2439 195 42 28 the
2505 193 141 28 committee
2671 191 48 28 and
2752 189 42 27 the
2818 189 84 34 public
2928 197 61 17 were

2439 232 73 29 much
2536 231 117 27 indebted
2684 236 23 20 to
2733 228 54 26 Mrs
2813 227 97 31 Heron,
2935 226 55 25 who

2439 268 129 38 presented
2583 268 36 26 for
2630 268 41 26 the
2681 266 111 26 occasion
2816 272 65 18 most
2900 263 28 26 of
2949 263 41 24 the

2438 306 129 32 fireworks
2584 305 68 27 used.
2692 303 57 28 Had
2773 302 67 27 these
2864 307 44 22 not
2929 300 60 27 been

2439 345 129 31 available,
2591 344 41 26 the
2653 341 127 29 fireworks
2802 339 98 37 display
2924 345 66 19 must

2441 385 61 26 hare
2533 382 59 27 been
2624 389 58 24 very
2719 387 108 22 meagre,
2864 386 26 18 as
2921 376 69 26 those

2439 419 101 30 ordered
2564 419 61 28 from
2663 416 117 28 Dunedin
2803 414 73 28 could
2899 420 43 21 not
2963 412 27 27 be

2439 458 111 36 supplied
2585 458 24 26 in
2648 457 67 25 time,
2753 454 96 26 Messrs
2886 452 105 30 Haines,

2440 496 89 28 Baillie
2539 494 48 28 and
2597 492 94 34 Jeffery
2703 491 122 33 managed
2834 491 49 26 this
2892 490 98 35 portion

2441 535 28 27 of
2477 534 42 28 the
2538 532 95 35 display
2648 529 58 28 with
2721 531 63 32 goori
2796 529 142 36 judgment.

2474 573 52 25 The
2541 569 114 30 bonfires,
2681 567 28 27 of
2727 567 81 26 which
2836 567 67 25 three
2928 574 62 17 were

2441 608 121 36 arranged
2584 607 33 33 by
2645 606 42 26 the
2717 605 150 30 committee,
2894 602 97 26 worked

2441 647 62 33 well,
2524 646 96 34 though
2632 644 59 27 from
2707 653 12 17 a
2733 643 46 27 few
2792 643 108 25 showers
2912 641 78 26 which

2441 685 22 27 fe
2476 685 6 26 1
2496 684 66 35 early
2573 684 24 25 in
2613 682 41 26 the
2664 681 111 33 evening*
2797 689 12 17 a
2829 679 80 32 slight
2930 679 50 25 diffi-

2440 722 68 35 culty
2522 729 50 19 was
2585 717 162 38 experienced
2771 718 24 25 in
2811 717 101 35 getting
2926 715 65 27 them

2441 759 100 27 started.
2579 757 69 35 They
2663 764 62 18 were
2750 755 54 25 well
2829 753 93 37 placed,
2945 753 47 26 and

2442 804 49 21 two
2501 804 25 20 at
2537 796 62 27 least
2611 795 27 26 of
2649 793 66 28 tbem
2745 792 82 28 would
2851 792 62 27 have
2933 790 59 28 been

2442 835 86 26 visible
2542 844 13 15 a
2575 833 60 32 long
2660 832 110 25 distance
2783 830 41 26 off.
2862 831 36 23 At
2924 828 51 26 Rox-

2443 871 79 36 burgh
2536 869 71 33 East,
2621 878 31 18 on
2668 868 42 27 Mr
2733 865 181 29 Woodhouse's
2938 874 42 27 pro-

2443 918 79 29 perty,
2548 912 67 24 there
2635 917 53 17 was
2709 917 12 16 a
2745 907 66 26 lar.e
2830 911 49 20 one'
2898 913 31 16 on
2954 903 40 27 the

2568 946 90 28 also.at
2673 945 41 26 Mr
2731 943 93 27 Harris'
2847 942 68 32 place
2946 951 49 16 was

2444 996 45 16 one
2515 985 80 26 which
2628 992 49 17 was
2707 991 56 25 very
2788 980 118 26 effective.
2943 978 53 25 The

2444 1021 177 30 whole'cfthe
2640 1019 107 28 bonfires
2766 1017 95 27 bnrnki
2884 1014 111 35 brightly

2444 1062 37 27 for
2491 1072 13 16 a
2515 1059 88 35 couple
2613 1058 28 27 of
2650 1059 80 26 hours.
2768 1056 54 26 The
2833 1054 161 28 committees,

2444 1093 186 42 especiallyihe
2643 1094 94 27 bonfire
2748 1093 48 27 and
2954 1099 42 16 are

2433 1127 1 41 i
2444 1134 103 30 entitled
2561 1141 24 20 to
2608 1133 32 28 all
2663 1133 79 35 praise
2764 1132 40 25 lor
2828 1129 42 26 the
2970 1127 26 25 in

2445 1174 80 27 which
2540 1172 58 33 they
2614 1170 108 28 worked,
2742 1169 48 27 and
2811 1168 67 36 they,
2898 1174 27 19 as
2940 1164 56 27 well

2444 1221 28 18 as
2486 1212 42 26 Mr
2539 1209 103 28 Haines,
2659 1208 54 26 who
2783 1216 14 17 a
2820 1211 66 22 most
2900 1204 84 27 enthus-

2444 1249 72 26 iastic
2540 1252 123 28 secretary
2687 1244 50 26 and
2775 1244 132 31 organiser,
2933 1246 64 21 must

2446 1286 61 25 have
2533 1284 60 26 been
2620 1281 89 34 highly
2733 1279 118 36 -gratified
2877 1286 25 19 st
2935 1279 63 25 their

2444 1330 104 18 success.
2585 1320 84 25 Those
2701 1316 152 36 responsible
2872 1316 49 25 'for
2959 1315 39 25 the

2445 1358 107 27 bonfires
2563 1363 8 8 *
2580 1362 64 21 Were
2673 1355 94 25 Messrs
2796 1352 96 28 J.'J.'
2909 1352 89 30 Smith,

2446 1395 167 30 Winchester,
2636 1393 20 25 B
2679 1391 31 26 V.
2732 1390 92 30 Reillv,
2849 1390 93 35 Moyle,
2966 1389 32 27 G.

2446 1431 151 37 Fitzgerald,
2610 1430 25 28 3.
2651 1430 85 37 Ryan,
2747 1428 24 27 J.
2786 1428 103 33 Martin,
2904 1427 48 28 and
2973 1426 25 28 J.

2448 1472 85 25 Davis.

2480 1509 118 26 Mention
2618 1509 71 24 must
2704 1506 55 25 also
2772 1505 32 26 be
2826 1504 77 27 made
2916 1504 27 26 of
2955 1504 46 26 the

2445 1545 193 28 illuminations
2650 1544 26 26 in
2688 1542 45 27 tlie
2744 1545 101 24 streets.
2866 1541 134 36 Spooner's

2447 1584 80 26 Hotel
2536 1591 53 17 was
2604 1580 102 31 lighted
2716 1587 35 27 up
2763 1578 27 27 in
2801 1588 78 26 eveiy
2890 1578 109 26 window

2445 1621 66 27 with
2525 1618 96 37 capital
2637 1617 84 31 effect,
2736 1617 54 27 and
2811 1617 46 26 the
2870 1616 123 27 illumina

2445 1661 70 25 tions
2529 1661 27 24 at
2569 1657 45 26 the
2628 1655 72 27 Hank
2715 1656 50 25 and
2778 1655 149 26 Post-office
2937 1664 65 16 weie

2445 1697 56 26 also
2529 1692 173 29 notewoithv,
2731 1692 80 27 while
2837 1691 41 27 Mr
2903 1690 99 35 Jeffery

2446 1733 106 28 showed
2577 1741 33 17 an
2636 1730 103 28 artistic
2767 1732 186 32 transparency
2955 1737 47 16 —a

2445 1771 103 35 picture
2560 1768 29 26 of
2603 1769 54 25 Her
2671 1768 181 34 Majesty—in
2875 1766 43 26 hfe
2937 1766 48 25 win-

2445 1809 66 25 dow.
2550 1807 41 26 On
2610 1805 119 34 Monday
2745 1805 115 33 evening
2872 1803 46 26 the
2932 1803 56 25 busi-

2445 1854 59 17 ness
2532 1845 88 31 places
2647 1843 28 25 of
2704 1841 97 26 Messrs
2826 1841 99 25 Buiton
2951 1840 51 25 and

2445 1883 96 27 Baillie
2551 1891 66 18 were
2629 1879 59 28 well
2701 1878 103 36 lighted
2815 1878 65 27 with
2892 1876 110 28 Chinese

2445 1922 124 27 lanterns,
2585 1923 41 24 etc
2672 1920 18 24 A
2716 1918 110 26 number
2850 1917 27 26 of
2890 1916 45 26 the
2948 1916 40 34 pri-

2445 1961 60 22 vate
2520 1958 146 25 residences
2676 1965 34 15 on
2720 1955 45 25 the
2777 1954 60 25 Coal
2849 1954 81 25 Cieek
2941 1953 61 24 road

2442 1993 54 27 and
2511 1994 27 26 in
2554 1993 74 27 other
2639 1994 73 33 parts
2725 1991 28 25 of
2762 1990 44 27 the
2814 1993 71 24 town
2898 1989 76 26 made
2988 1998 14 16 a

2443 2033 68 34 good
2525 2029 108 38 display
2647 2027 4 40 <
2662 2041 18 16 n
2692 2029 106 27 Jubilee
2812 2027 87 37 night.

2638 2076 46 18 THE
2706 2075 84 18 SOCIAL

2476 2107 55 26 The
2556 2106 173 36 proceedings
2743 2103 96 27 wound
2852 2113 36 26 up
2906 2102 66 26 with
2987 2112 12 16 a

2442 2146 80 26 social
2547 2144 52 26 and
2614 2144 80 24 dance
2720 2144 26 23 at
2767 2141 47 25 the
2840 2140 159 26 Athenaeum

2443 2182 72 28 Hall,
2553 2180 87 27 which
2666 2189 54 17 was
2745 2187 65 26 very
2847 2177 143 28 successful

2442 2221 55 25 The
2513 2220 78 26 Brass
2617 2218 75 26 Band
2710 2216 70 36 (who
2795 2217 108 26 deserve
2925 2217 74 31 great

2440 2259 85 25 credit
2555 2258 42 24 for
2630 2255 72 26 their
2727 2255 149 31 gratuitous
2908 2253 91 26 efforts

2439 2293 178 35 throughout)
2629 2290 125 38 supplied
2765 2291 45 26 the
2820 2291 81 25 dance
2906 2290 92 29 music,

2440 2333 52 26 and
2521 2333 44 25 Mr
2589 2332 80 25 Drew
2694 2329 76 27 acted
2795 2339 28 15 as
2851 2328 64 26 M.C.
2956 2328 43 26 Mr

2440 2370 103 28 Mercer
2555 2366 125 38 supplied
2694 2377 33 17 an
2748 2366 130 27 excellent
2892 2375 105 25 supper,

2439 2408 53 26 and
2506 2408 114 33 dancing
2633 2416 18 15 w
2651 2416 5 7 r
2659 2415 27 16 as
2713 2405 63 34 kept
2790 2413 35 26 up
2842 2403 63 26 with
2919 2403 78 35 spirit

2438 2448 27 24 to
2478 2447 45 26 the
2537 2445 76 27 small
2628 2444 88 27 hours.

2572 2523 74 26 THE
2667 2522 198 27 CHURCHES

2473 2572 39 26 On
2534 2571 115 34 Sunday,
2671 2570 45 26 the
2739 2568 71 28 20th,
2826 2568 97 35 special
2942 2577 40 18 ser-

2437 2610 71 30 vices
2521 2617 66 17 were
2595 2608 62 25 held
2663 2608 27 25 in
2696 2607 45 26 the
2753 2607 105 25 various
2868 2606 128 25 churches

2438 2647 52 27 and
2522 2644 229 29 commemorative
2782 2643 138 28 addresses
2951 2641 28 28 de-

2437 2685 109 26 livered.

2473 2723 38 25 At
2524 2721 30 26 St
2575 2719 100 27 James'
2696 2718 160 36 (Anglican)
2879 2718 114 31 Church,

2438 2763 28 24 at
2478 2761 16 25 3
2508 2770 16 24 p
2535 2769 26 16 m
2572 2779 5 9 ,
2591 2758 42 25 Mr
2645 2758 100 26 Haines
2756 2758 54 31 (lay
2820 2756 105 30 reader)
2936 2766 43 18 con-

2438 2798 97 25 ducted
2547 2796 46 26 the
2615 2795 107 28 service,
2736 2804 16 17 a
2765 2795 73 26 larue
2851 2803 125 23 congrega-

2438 2835 57 26 tion
2507 2834 80 31 being
2600 2834 115 34 present.
2756 2834 14 21 A
2777 2833 12 24 t
2808 2831 45 26 the
2867 2831 67 26 close
2948 2831 46 26 the

2438 2870 189 35 congregation
2640 2871 53 25 and
2706 2870 107 32 Snndiy
2826 2868 85 26 school
2927 2868 51 26 chil-

2439 2909 72 30 dren,
2532 2908 40 25 led
2591 2908 36 33 by
2648 2906 46 26 the
2713 2906 79 26 choir,
2819 2913 66 24 sang
2935 2903 57 27 God

2439 2945 67 27 Save
2519 2945 46 26 the
2727 2944 31 24 In
2769 2942 45 26 the
2824 2941 112 29 evenin?
2948 2941 45 26 tfhe

2439 2983 126 26 National
2588 2982 113 26 Anthem
2715 2989 52 18 was
2793 2978 78 34 again
2890 2988 103 22 sung—

2440 3020 43 25 Mr
2498 3019 99 26 Burton
2611 3019 138 33 presiding
2762 3019 28 23 at
2802 3015 46 26 the
2866 3024 82 25 organ
2961 3025 30 16 on

2439 3057 65 26 both
2551 3055 138 27 occasions.
2740 3054 55 26 The
2840 3052 153 27 collections

2440 3094 143 26 amounted
2607 3095 28 23 to
2659 3093 40 26 £4
2723 3092 28 26 7s
2771 3090 41 30 6d,
2827 3090 53 26 and
2893 3090 55 25 will
2962 3091 32 25 be

2441 3131 112 27 devoted
2559 3133 27 24 to
2596 3128 176 36 theTuapeka
2785 3127 120 34 Hospital
2919 3126 73 27 fund'

2476 3169 38 26 At
2539 3168 37 27 St.
2603 3167 97 36 Mary's
2725 3167 115 34 (Roman
2860 3163 132 36 Catholic)

2442 3205 102 28 Church
2569 3207 46 26 the
2635 3205 57 27 Rev
2713 3203 101 28 Father
2826 3202 91 34 Coffey
2929 3212 66 24 gave

2442 3255 15 16 a
2475 3243 73 28 shoit
2570 3243 51 26 and
2642 3243 156 34 impressive
2812 3240 132 26 discourse
2964 3249 32 17 011

2441 3283 46 26 the
2519 3282 162 27 beneficence
2711 3280 28 28 of
2769 3278 58 28 Her
2859 3276 137 37 Majesty's

2441 3321 83 32 reign,
2539 3320 53 25 and
2605 3320 45 24 the
2664 3318 130 31 blessings
2808 3316 133 26 bestowed
2962 3317 34 33 by

2443 3356 57 26 God
2513 3365 33 16 on
2560 3356 45 25 the
2619 3365 18 16 w
2638 3351 4 31 r
2643 3356 59 25 orid
2713 3356 52 25 and
2784 3363 32 18 on
2829 3352 46 26 the
2896 3351 100 27 British

2442 3396 90 24 nation
2546 3394 97 31 during
2655 3394 60 25 that
2728 3393 75 32 reign
2825 3390 36 34 by
2882 3389 46 27 the
2942 3399 41 25 pro-

2443 3440 68 20 gress
2537 3431 28 25 of
2588 3430 119 34 religion,
2733 3428 126 33 morality
2883 3426 53 26 and
2957 3436 26 16 en-

2442 3469 186 34 lightenment.
2666 3468 55 26 The
2741 3466 80 30 choir,
2844 3465 85 25 under
2954 3464 42 26 Mr

2442 3506 120 30 Wai?th,
2577 3514 65 24 sang
2655 3505 46 25 the
2723 3504 34 26 To
2773 3504 83 25 Deum
2871 3502 125 34 (English

2442 3543 114 33 version)
2588 3543 26 26 in
2645 3543 120 25 addition
2795 3544 27 23 to
2847 3540 43 27 the
2920 3541 76 26 usual

2440 3581 90 26 music.

2476 3619 38 25 At
2538 3618 46 26 the
2610 3617 185 35 Presbyterian
2820 3616 107 26 Church,
2952 3616 43 27 the

2444 3655 60 27 Rev.
2529 3655 44 27 Mr
2584 3655 108 27 Telford
2718 3656 78 25 marie
2820 3654 45 26 tlie
2889 3653 85 31 Queen
2985 3665 10 15 s

2440 3695 75 34 reign
2537 3694 46 25 the
2602 3694 103 34 subject
2724 3693 28 25 of
2771 3694 40 24 his
2835 3692 108 26 address
2969 3695 26 23 at

2440 3732 46 25 the
2499 3731 123 33 morning
2645 3731 107 29 service,
2776 3730 96 32 taking
2896 3729 42 26 for
2955 3730 40 26 his

2440 3772 58 23 text
2513 3770 40 25 Ist
2571 3768 131 31 Timothy,
2717 3769 17 24 ii
2747 3790 5 9 ,
2768 3769 11 25 1
2794 3771 28 23 to
2835 3767 15 26 3

2475 3807 56 26 The
2560 3805 58 27 Rev.
2642 3805 42 26 Mr
2716 3805 107 35 Hooper
2845 3804 151 36 (Wes'eyan

2440 3843 117 35 Church)
2583 3852 66 26 gave
2671 3854 15 16 a
2705 3843 230 27 commemorative
2955 3844 32 26 ad

2441 3883 72 25 dress
2532 3885 28 23 to
2582 3890 13 15 a
2620 3881 71 27 laru'e
2709 3882 188 29 congregation
2911 3884 26 22 at
2952 3882 45 25 the

2441 3918 148 28 Roxburgh
2596 3918 105 26 Church
2712 3928 31 16 on
2755 3917 107 36 Sunday
2876 3927 62 17 even
2944 3918 23 26 in
2973 3927 21 17 <r.

2442 3956 41 27 He
2509 3957 60 26 took
2592 3956 41 26 for
2660 3956 41 27 his
2731 3956 103 33 subject
2859 3955 47 26 the
2929 3956 68 27 72nd

2440 3993 157 31 Psalm,and
2608 3994 26 25 in
2646 4004 15 16 a
2674 3994 127 34 powerful
2813 3993 52 26 and
2875 3994 122 32 eloquent

2440 4040 103 17 sermon
2558 4031 79 26 dwelt
2652 4041 32 15 on
2698 4031 45 26 the
2757 4031 97 35 unique
2868 4030 91 34 purity
2971 4031 26 25 of

2439 4069 46 25 the
2492 4069 113 32 Queen's
2619 4069 214 26 administration
2842 4068 97 26 dm-iny
2950 4069 47 25 her

2439 4106 80 31 reign.
2558 4105 105 31 During
2677 4106 46 25 the
2742 4106 97 25 sem'ee
2858 4105 45 24 the
2925 4104 72 26 choir

2439 4143 52 26 and
2513 4143 186 35 congregation
2719 4151 66 21 sang
2802 4142 45 25 the
2870 4141 124 26 National

2441 4181 117 24 Anthem

2475 4220 35 22 At
2520 4218 45 24 the
2578 4217 48 27 We
2629 4218 20 24 si
2653 4227 65 25 cyan
2734 4217 103 27 Church
2850 4219 27 22 at
2891 4215 33 25 Et
2927 4216 66 25 trick

2439 4265 15 16 a
2466 4255 98 34 special
2583 4256 229 26 commemorative
2832 4252 97 26 seivice
2942 4262 51 16 was

2439 4292 147 26 conducted
2600 4293 33 32 by
2648 4292 41 25 Mr
2705 4291 123 27 Pdoxham
2840 4300 33 15 on
2887 4290 106 33 Sunday

2438 4329 145 28 afternoon,
2598 4328 77 24 when
2694 4338 14 14 a
2727 4338 64 24 very
2805 4329 70 30 large
2888 4334 94 24 congre

2439 4365 91 33 gation
2545 4372 52 18 was
2610 4367 107 31 present

2582 4441 126 50 Mining
2741 4442 113 39 Notes.

2475 4519 57 28 The
2563 4520 139 38 dredging
2734 4524 108 24 returns
2875 4520 44 28 for
2943 4520 47 28 the

2437 4560 76 27 week
2555 4560 106 37 ending
2703 4560 137 37 Saturday
2872 4571 70 17 were

2437 4600 110 28 Ettrick
2576 4602 62 28 l3oz
2663 4600 45 28 for
2728 4601 62 28 four
2812 4602 53 26 and
2893 4612 16 17 a
2934 4601 56 28 half

2438 4640 75 39 days,
2529 4640 155 39 Roxburgh
2708 4651 59 25 ooz,
2783 4641 104 29 Golden
2909 4642 65 28 Irea-

2437 4692 62 18 sure
2673 4681 105 29 Golden
2814 4681 69 31 Gate
2922 4682 16 29 3
2948 4684 42 27 loz

2438 4723 114 34 19dwts,
2567 4723 50 29 Ota
2621 4734 35 25 go
2673 4725 75 26 ICoz.

2473 4762 58 28 The
2557 4762 106 29 Golden
2691 4761 61 29 Run
2783 4761 125 38 Sluicing
2940 4762 39 28 Co

2435 4804 110 29 washed
2571 4815 36 27 up
2630 4815 35 17 on
2691 4804 138 39 Saturday
2856 4805 42 29 for
2920 4805 68 30 40oz

2435 4845 107 28 15dwts
2562 4845 43 28 for
2618 4845 47 27 the
2678 4845 86 28 week.

2469 4884 58 29 The
2553 4885 125 28 Pleasant
2694 4884 95 35 Vsi]ley
2812 4885 173 37 goldmining

2434 4925 47 30 Co.
2500 4925 110 28 washed
2638 4936 35 27 up
2688 4936 33 17 on
2747 4925 147 39 Saturday,
2914 4925 71 30 after

2431 4967 76 28 three
2533 4965 101 37 weeks,
2661 4966 43 28 for
2727 4966 76 29 20oz.
2846 4966 65 28 This
2942 4978 28 17 re-

2430 5011 127 33 presents
2571 5018 15 16 a
2596 5007 166 37 fortnight's
2775 5018 59 22 run,
2845 5017 51 18 one
2908 5008 75 28 week

2430 5048 85 37 being
2528 5047 119 28 devoted
2662 5050 27 24 to
2704 5047 147 37 stripping.

2467 5088 58 29 The
2538 5087 71 29 river
2633 5087 22 28 is
2676 5097 65 27 very
2754 5087 51 28 low
2820 5095 27 20 at
2862 5091 119 34 present.,

2431 5128 94 28 within
2537 5138 16 17 a
2566 5127 59 29 foot
2638 5127 28 27 of
2678 5127 47 27 her
2737 5127 96 28 lowest
2847 5127 69 28 level
2931 5128 51 27 hist

2429 5168 105 33 winter,
2549 5178 30 17 so
2593 5167 60 28 that
2666 5177 66 18 even
2747 5166 27 28 in
2787 5166 70 38 deep
2872 5167 109 37 ground

2429 5209 47 28 the
2488 5207 119 38 dredges
2630 5218 48 17 can
2702 5218 60 17 now
2785 5207 76 29 work
2882 5208 27 28 in
2934 5209 47 27 the

2430 5248 101 29 middle
2544 5247 30 29 of
2587 5247 47 29 the
2648 5247 79 28 river.

2466 5289 57 28 The
2537 5288 151 35 Roxburgh
2704 5287 104 38 dredge
2819 5287 102 34 during
2933 5287 47 29 the

2427 5328 77 29 week
2517 5327 101 29 shifted
2634 5338 65 17 over
2712 5332 28 22 to
2751 5327 46 28 the
2810 5332 59 23 east
2879 5327 58 28 side
2952 5327 28 27 of

2429 5369 45 29 the
2484 5367 88 31 claim.
2613 5367 99 39 Owing
2721 5371 27 25 to
2758 5367 46 29 the
2813 5367 72 29 river
2893 5367 87 39 going

2429 5410 80 29 down
2523 5409 49 28 she
2586 5419 54 18 was
2654 5408 99 29 unable
2765 5412 28 24 to
2806 5412 48 35 get
2868 5409 72 28 clear
2952 5408 29 29 of

2427 5451 50 28 her
2490 5449 111 38 tailings
2620 5459 35 18 on
2680 5449 45 28 the
2749 5450 86 28 beach
2855 5449 49 28 she
2925 5459 54 18 was

2429 5491 136 36 working.

2466 5531 26 27 A
2501 5530 78 37 large
2589 5529 390 29 numberoftho<?einterested

2429 5571 28 29 in
2470 5570 107 38 mining
2589 5569 99 30 turned
2702 5581 37 27 up
2749 5575 29 24 at
2791 5570 45 29 Mr
2851 5569 129 30 Burton's

2429 5611 110 28 auction
2549 5620 75 19 room
2639 5620 34 18 on
2694 5611 100 36 Friday
2808 5612 44 26 for
2864 5611 46 27 ihe
2923 5610 55 28 sale

2430 5651 30 28 of
2483 5649 146 30 Sullivan's
2650 5649 89 35 claim,
2765 5655 29 23 at
2826 5649 156 28 Horseshoe

2432 5690 87 36 Bend,
2532 5689 90 29 which
2647 5688 54 30 had
2725 5690 68 28 been
2817 5689 162 29 advertised.

2431 5731 45 28 Mr
2492 5731 104 28 Burton
2608 5730 162 28 announced
2784 5730 59 33 that
2856 5729 46 28 the
2924 5728 57 29 sale

2430 5770 55 30 had
2502 5771 70 29 been
2589 5770 154 39 postponed
2760 5768 40 31 till
2827 5772 6 25 J
2842 5769 48 29 (sth
2904 5769 75 37 July.

3103 199 150 42 Another
3283 199 212 52 Dredgeman

3208 256 175 41 Drowned.

3051 344 76 31 SAD
3149 342 168 31 BOATING
3337 343 203 30 ACCIDENT.

3058 425 52 29 We
3136 428 93 34 regret
3255 428 27 24 to
3292 424 70 29 have
3375 427 29 25 to
3417 424 95 29 record
3525 428 47 34 jet

3020 467 115 27 another
3157 465 145 39 drowning
3330 465 107 33 fatality
3464 465 29 26 in
3526 465 45 27 the

3023 506 149 39 Molyneux
3197 507 81 35 river,
3293 505 87 30 which
3394 505 129 28 occurred
3535 515 34 18 on

3023 547 120 38 Monday
3154 547 128 38 evening.
3323 547 94 30 James
3426 545 145 38 Drysdale,

3022 588 59 29 who
3095 599 54 18 was
3163 587 143 38 employed
3320 599 31 18 as
3360 586 152 28 wiuchman
3538 595 33 18 on

3022 627 214 38 the-Roxburgh
3256 628 114 37 dredge,
3396 625 125 38 working
3544 628 29 25 at

3022 670 46 27 the
3090 669 145 29 JSl'Kenzie
3258 670 92 28 Beach
3369 668 90 34 claim,
3486 667 87 27 above

3024 709 63 28 Coal
3103 709 98 35 Greek,
3215 719 55 19 was
3284 709 65 29 with
3371 712 54 25 two
3446 710 87 25 mates
3537 721 34 5 —

3023 750 119 29 Andrew
3157 750 104 29 Rennie
3272 750 54 29 and
3344 749 57 29 Jas.
3424 747 148 30 Buchanan

3021 791 149 38 —leaving
3192 791 47 29 the
3270 791 105 38 dredge
3400 793 29 26 at
3454 790 16 27 5
3497 798 76 28 p.m.,

3022 831 72 28 after
3106 832 46 27 the
3167 832 79 36 day's
3267 832 84 31 work,
3365 836 28 23 to
3417 840 34 26 go
3467 829 106 27 ashore.

3023 870 136 30 Drvsdale
3194 882 53 18 was
3271 871 100 35 taking
3399 872 28 27 to
3453 868 80 29 shore
3559 878 16 17 a

3023 912 80 28 small
3121 913 73 35 boat,
3222 913 87 29 which
3319 910 71 38 'was
3416 910 107 29 wanted
3542 914 33 29 /it

3024 954 45 26 the
3084 953 138 34 riverside,
3237 955 46 27 the
3298 954 79 28 other
3390 963 61 17 men
3465 949 94 29 intend-

3023 991 49 38 ing
3086 999 28 21 to
3128 993 90 27 follow
3230 994 27 27 in
3271 994 48 27 the
3330 993 75 34 large
3417 992 73 27 boat.
3530 990 45 27 He

3024 1033 114 38 stepped
3152 1033 58 29 into
3224 1034 46 28 the
3283 1034 74 33 boat,
3373 1030 105 30 R'ennie
3498 1039 62 28 pass-

3025 1072 48 37 ing
3087 1084 16 16 a
3116 1084 65 26 rope
3191 1074 69 28 from
3270 1075 22 26 it
3305 1083 66 18 over
3380 1073 46 26 the
3439 1071 51 28 line
3502 1070 59 27 lead-

3025 1111 49 38 ing
3088 1112 70 27 from
3180 1113 47 27 the
3247 1113 104 34 dredge
3373 1114 28 25 to
3424 1110 47 29 the
3498 1109 79 29 shore

3027 1152 46 28 the
3095 1152 135 29 intention
3250 1153 85 38 being
3361 1151 60 29 that
3443 1151 44 28 the
3512 1150 65 30 boat

3026 1193 98 29 should
3138 1194 68 28 dfift
3215 1195 96 28 ashore
3323 1193 66 29 with
3401 1192 45 28 the
3457 1196 120 30 current,

3029 1233 87 29 which
3130 1234 23 28 is
3167 1235 46 27 the
3224 1234 76 28 usual
3307 1233 122 39 practice
3441 1233 134 27 followed.

3029 1274 88 29 When
3134 1284 74 19 sotne
3221 1275 77 28 three
3311 1273 83 38 yards
3411 1283 32 17 or
3455 1283 29 17 so
3507 1273 71 27 from

3028 1314 47 28 the
3106 1314 105 39 dredge
3236 1315 47 27 the
3315 1314 65 27 boat
3404 1318 51 33 got
3481 1313 57 27 into
3563 1321 16 17 a

3028 1354 81 34 swirl,
3124 1354 100 29 caused
3238 1356 36 35 by
3290 1353 113 38 tailings
3413 1353 87 27 which
3511 1353 68 28 have

3030 1394 108 28 banked
3152 1403 37 30 up
3210 1396 88 33 there,
3321 1393 50 29 the'
3388 1397 114 23 'Current
3523 1393 57 28 also

3029 1435 85 39 b'-'ing
3132 1446 65 27 very
3220 1440 106 34 strong,
3347 1433 56 29 and
3424 1433 105 30 instead
3552 1434 28 29 of

3030 1476 103 40 paying
3147 1481 48 25 out
3208 1477 47 29 the
3276 1475 56 29 line
3353 1474 53 30 and
3420 1474 101 40 letting
3535 1477 45 28 tho

3030 1518 63 28 boat
3108 1529 36 27 go
3158 1518 65 28 with
3237 1518 47 28 the
3297 1516 168 36 tide,'which
3477 1517 105 29 Rennie

3030 1558 116 29 shouted
3161 1563 28 24 to
3203 1558 55 28 him
3270 1562 29 24 to
3314 1557 45 34 do,
3368 1556 145 37 Drvsdale,
3522 1559 60 28 who

3029 1609 116 28 appears
3177 1604 28 23 to
3237 1598 70 29 have
3345 1598 113 28 become
3490 1599 77 37 panic-

3031 1640 131 35 stricken,
3185 1650 45 19 ran
3256 1643 29 25 to
3306 1639 47 29 the
3374 1638 61 29 bow
3457 1640 54 28 and
3535 1644 47 34 got

3031 1680 64 28 hold
3111 1681 29 28 of
3154 1681 46 28 the
3214 1680 65 29 wire
3293 1690 75 28 rope.
3408 1680 52 28 His
3481 1681 103 36 weight

3032 1720 102 39 dipped
3145 1720 47 29 the
3205 1730 66 19 nose
3284 1720 30 30 of
3328 1721 47 28 the
3399 1720 66 29 boat
3488 1721 94 35 under,

3032 1761 53 28 and
3100 1761 26 27 in
3141 1772 14 17 a
3166 1761 54 28 few
3234 1761 117 28 seoonds
3365 1762 48 27 she
3427 1765 73 25 went
3512 1762 70 28 from

3020 1801 1 29 >
3032 1801 88 28 under
3135 1801 66 29 hfm.
3240 1801 58 29 The
3321 1802 179 28 unfortunate
3521 1812 61 18 man

3032 1842 64 27 then
3112 1841 38 28 let
3163 1852 36 25 go
3214 1841 45 28 the
3260 1841 4 39 v
3266 1842 73 27 'wire
3362 1852 74 28 rope,
3455 1841 52 28 and
3530 1852 54 18 was

3032 1882 154 29 swallowed
3201 1881 25 29 in
3242 1882 46 30 the
3309 1886 107 32 vortex,
3430 1882 108 31 neither
3551 1883 34 29 he

3031 1934 51 18 nor
3095 1923 47 28 the
3150 1924 72 27 i)oat
3235 1923 85 38 being
3341 1935 63 18 seen
3427 1923 91 37 agnin.
3558 1925 27 28 It

3032 1963 21 27 is
3069 1963 158 37 deplorable
3243 1963 60 27 that
3317 1962 137 31 Drvsdale
3476 1963 54 28 lost
3542 1964 42 27 his

3032 2012 130 28 presence
3175 2002 29 29 of
3218 2002 86 37 mind,
3321 2013 30 18 as
3371 2002 55 29 had
3447 2002 34 30 he
3502 2003 83 40 clung

3032 2050 26 21 to
3087 2044 46 29 the
3165 2055 66 27 rope
3251 2045 35 28 he
3310 2045 89 28 would
3423 2045 69 28 have
3514 2046 68 28 been

3030 2084 106 38 shortly
3150 2084 113 28 rescued
3281 2084 36 38 by
3335 2085 42 27 his
3399 2086 184 37 companions.

3068 2123 58 30 The
3140 2124 133 30 deceased
3286 2135 55 18 was
3353 2126 33 28 27
3400 2135 78 28 years
3492 2126 29 29 of
3533 2136 51 26 age

3020 2164 1 36 |
3029 2164 54 29 and
3098 2165 166 30 unmarried.
3304 2165 45 29 He
3363 2176 54 19 was
3425 2176 34 19 an
3486 2167 96 29 active,

3030 2205 168 29 industrious
3213 2216 94 27 young
3321 2206 100 36 fellow,
3438 2207 59 29 well
3509 2207 73 29 liked

3029 2247 36 36 by
3093 2246 40 28 his
3161 2247 187 37 companions,
3389 2246 59 30 who
3483 2249 99 36 deeply

3030 2290 93 35 regret
3148 2287 42 28 his
3215 2287 134 39 untimely
3369 2288 62 28 end.
3471 2288 43 28 He
3528 2299 54 17 was

3029 2339 15 16 a
3054 2327 93 29 native
3158 2328 29 28 of
3198 2326 170 30 Palmerston
3381 2329 100 36 North,
3491 2329 89 29 where

3030 2370 34 28 he
3090 2369 48 28 has
3163 2379 16 18 a
3205 2369 113 28 brother
3344 2369 96 37 living,
3466 2370 52 28 and
3546 2381 32 17 an

3029 2409 79 29 uncle
3131 2410 103 28 ?esides
3270 2414 29 23 at
3324 2410 131 39 Tuapeka
3491 2410 87 29 West.

3029 2451 54 29 For
3108 2451 85 29 about
3207 2456 44 22 ten
3278 2461 79 27 years
3373 2451 33 29 he
3432 2451 49 29 has
3508 2451 70 29 lived

3027 2493 27 27 iu
3069 2492 54 28 this
3133 2491 117 34 district,
3265 2491 51 28 and
3333 2491 44 29 for
3387 2492 46 28 the
3446 2496 62 28 past
3518 2492 62 28 four

3027 2543 78 29 years
3120 2533 33 29 he
3168 2533 48 27 has
3229 2532 69 28 been
3323 2532 148 40 dredging,
3496 2533 83 37 being

3025 2585 36 18 an
3103 2575 140 37 employee
3269 2583 35 19 on
3338 2574 47 28 the
3424 2574 152 38 Roxburgh

3026 2615 105 39 dredge
3146 2616 43 27 for
3199 2613 97 29 twelve
3311 2614 118 28 months.
3470 2614 44 28 He
3524 2614 53 28 had

3025 2661 54 23 two
3093 2666 107 18 narrow
3214 2664 110 28 escapes
3338 2654 71 29 from
3434 2654 144 40 drowning

3024 2696 166 38 previously,
3214 2695 103 37 having
3340 2696 84 28 fallen
3453 2695 58 29 into
3531 2696 47 28 the

3025 2737 59 29 well
3098 2737 30 28 of
3148 2737 48 28 the
3210 2736 112 38 dredge,
3336 2736 55 29 and
3404 2746 34 19 on
3453 2736 47 29 the
3525 2736 53 28 last

3022 2776 261 38 occttsioirheoinng
3297 2781 26 24 to
3333 2777 45 28 the
3392 2777 116 28 buckets
3519 2777 54 27 and

3024 2828 53 18 was
3090 2817 120 38 brought
3220 2826 37 28 up
3271 2816 36 38 by
3327 2815 83 30 them.
3451 2816 89 29 There
3554 2817 22 28 is

3022 2857 71 30 littlj
3117 2858 71 38 hope
3214 2857 61 28 that
3300 2857 47 29 the
3372 2857 73 38 body
3460 2857 54 28 will
3542 2857 35 28 be

3022 2897 145 28 recovered
3180 2897 45 28 for
3234 2906 75 19 some
3320 2896 75 29 time.

3060 2937 42 30 On
3116 2936 127 38 Tuesday
3256 2947 17 18 a
3291 2937 77 38 piece
3377 2938 29 28 of
3418 2947 33 19 an
3466 2947 46 19 oar
3523 2936 53 30 and

3023 2982 61 34 part
3108 2978 29 29 of
3160 2978 48 28 the
3229 2978 67 29 boat
3322 2988 56 18 was
3399 2977 110 29 washed
3542 2987 34 29 up

3022 3028 64 18 near
3100 3018 45 28 the
3159 3018 133 28 Hercules
3305 3018 89 28 claim.

3069 3112 67 41 Mrs
3158 3109 122 44 Kitto's
3300 3109 92 51 Body
3411 3109 123 43 Found.

3135 3222 123 21 Beaumont
3271 3222 189 21 Courespondent,

3062 3262 52 27 The
3146 3260 66 36 body
3248 3260 29 28 of
3300 3261 54 27 Mrs
3380 3260 38 28 W.
3445 3260 81 33 Kitto,
3558 3260 25 26 of

3029 3300 159 29 Dumbarton
3201 3299 80 34 Rock,
3294 3309 59 17 near
3365 3299 149 36 Roxburgh,
3526 3299 54 27 who

3029 3346 66 19 went
3115 3339 105 31 missing
3233 3346 31 17 on
3285 3337 68 26 22nd
3366 3338 61 34 May
3450 3337 55 31 last,
3532 3346 49 17 was

3028 3374 143 29 discovered
3187 3374 30 36 by
3233 3383 13 17 a
3265 3373 147 34 Chinaman,
3434 3373 68 28 Fooh
3518 3373 62 37 Key

3029 3413 55 27 who
3114 3422 49 17 was
3186 3412 138 34 fossicking
3349 3421 31 17 on
3401 3412 41 26 the
3462 3413 63 25 river
3550 3422 29 16 on

3029 3450 112 35 Monday
3156 3449 55 33 last,
3226 3448 76 33 about
3315 3459 74 22 noon,
3405 3449 71 36 lying
3489 3459 30 17 on
3542 3450 39 25 the

3029 3489 75 26 beach
3125 3489 91 25 known
3239 3497 27 17 as
3286 3487 123 33 Carson's,
3433 3487 74 26 about
3530 3487 52 26 four

3029 3527 68 26 miles
3118 3526 78 26 below
3217 3525 42 26 the
3280 3525 140 27 Beaumont
3443 3525 93 35 bridge,
3551 3535 29 17 on

3028 3565 41 25 the
3084 3571 60 19 west
3163 3564 52 25 side
3237 3565 24 24 rt
3285 3563 41 25 the
3346 3563 145 36 Molyneux.
3530 3563 52 26 The

3027 3602 139 27 Chinaman
3181 3601 121 26 informed
3319 3601 41 26 Mr
3372 3601 106 26 Crossan
3504 3601 28 25 of
3543 3600 39 26 the

3026 3641 194 26 circumstances
3245 3639 74 26 about
3345 3641 15 25 4
3385 3648 68 26 p.m.,
3478 3638 47 27 and
3554 3638 28 27 he

3026 3677 168 36 immediately
3220 3676 61 28 tried
3315 3683 24 20 to
3370 3683 42 28 get
3441 3687 45 16 our
3521 3676 61 28 local

3027 3717 149 34 telephonist
3207 3721 24 20 to
3253 3721 42 23 tret
3318 3716 66 25 word
3407 3722 55 19 sent
3489 3720 24 21 to
3542 3715 40 26 the

3027 3754 76 35 police
3114 3760 24 21 at
3148 3754 135 26 Lawrence
3293 3753 47 26 and
3356 3759 23 20 to
3390 3753 41 26 the
3442 3753 141 26 deceased's

3027 3792 92 26 friends
3133 3796 25 21 at
3179 3791 139 31 Roxburgh
3332 3801 5 23 ;
3359 3791 43 26 but
3423 3791 62 25 Miss
3507 3790 73 26 Birch

3026 3829 96 28 refused
3148 3836 25 19 to
3199 3836 46 19 act.
3288 3828 21 27 It
3336 3829 43 26 has
3405 3829 66 26 since
3492 3827 88 27 turned

3026 3876 43 19 ont
3090 3869 52 25 that
3156 3867 43 27 she
3213 3866 72 27 could
3307 3868 61 26 have
3387 3866 78 28 found
3478 3876 67 26 ways
3558 3867 24 25 of

3011 3899 2 41 I
3026 3906 78 31 doing
3122 3906 36 31 it;
3179 3904 47 26 and
3252 3905 40 25 the
3313 3904 85 36 people
3422 3904 79 26 round
3541 3905 41 24 the

3011 3941 2 43 j
3028 3945 138 25 Beaumont
3181 3952 40 16 are
3233 3949 43 20 not
3295 3952 58 16 over
3366 3942 97 35 pleased
3491 3947 24 21 at
3539 3941 43 26 her

3011 3979 2 34 |
3026 3981 88 27 refusal
3127 3981 80 27 under
3226 3981 41 25 the
3289 3981 201 26 circumstances.
3528 3979 52 26 The

3011 4018 2 38 |
3026 4028 170 28 consequence
3224 4027 49 17 was
3299 4019 55 24 that
3378 4027 46 16 one
3450 4018 128 25 horseman

3011 4055 2 34 i
3027 4057 85 28 had,to
3127 4057 27 26 be
3168 4056 148 33 despatched
3330 4062 24 20 to
3368 4055 140 32 Lawrence,
3530 4056 47 24 and

3011 4092 1 31 i
3026 4095 104 25 another
3151 4101 24 17 to
3199 4094 40 23 the
3259 4094 94 29 Teviot,
3373 4093 48 25 and
3445 4092 70 25 when
3540 4092 39 24 the

3011 4125 1 39 j
3026 4131 133 26 Lawrence
3173 4130 77 34 police
3261 4135 43 28 got
3320 4130 40 25 the
3384 4137 112 23 message
3520 4128 57 34 they

3027 4169 72 26 wired
3114 4175 24 20 to
3154 4166 146 34 Roxburgh,
3316 4166 73 27 about
3405 4167 14 26 8
3441 4175 65 27 p.m.,
3529 4167 48 34 just

3025 4207 81 25 before
3144 4206 40 26 the
3220 4203 87 28 arrival
3346 4203 27 26 of
3408 4203 41 26 the
3486 4204 89 25 Teviot

3011 4253 1 26 j
3025 4253 148 25 messenger.

3011 4278 1 43 j
3058 4281 52 27 The
3129 4281 77 35 police
3228 4280 46 26 and
3299 4278 40 25 the
3365 4278 94 27 friends
3479 4278 28 26 of
3523 4278 52 26 Mrs

3011 4315 1 33 I
3024 4318 83 30 Kitto,
3131 4325 48 18 met
3211 4326 22 16 ar
3260 4316 41 25 the
3325 4315 95 31 Bridge
3454 4315 73 25 Hotel
3551 4322 24 17 at

3024 4355 31 24 10
3076 4363 54 17 a.m.
3158 4363 30 15 on
3220 4353 126 33 Tuesday,
3365 4356 45 28 got
3438 4352 42 25 the
3511 4351 64 35 body

3011 4388 1 36 !
3022 4391 109 33 brought
3147 4391 72 30 there,
3235 4388 81 29 which
3340 4398 49 16 was
3410 4388 162 34 wondeifully

3011 4422 1 39 !
3022 4428 73 29 fresh,
3107 4428 48 24 and
3166 4437 29 15 an
3208 4428 98 33 inquest
3318 4433 48 17 was
3379 4426 54 24 held
3449 4433 23 17 ar
3488 4427 14 23 2
3514 4435 58 24 p.m.

3023 4464 79 26 before
3116 4464 110 26 Coroner
3246 4463 42 25 Mr
3313 4462 27 25 R.
3370 4462 96 33 Pilling
3490 4462 47 25 and
3561 4470 12 16 a
3582 4462 1 33 !

3020 4502 54 35 jury
3088 4502 23 25 of
3125 4503 45 28 six,
3186 4501 42 26 Mr
3241 4500 105 26 Crossan
3365 4500 118 25 foreman.
3520 4499 53 25 The
3582 4499 1 39 j

3015 4539 68 33 jury,
3095 4538 61 26 after
3175 4548 11 15 a
3210 4541 44 22 few
3280 4537 107 25 minutes
3410 4536 158 25 deliberation
3582 4536 1 38 j

3020 4576 106 34 brought
3141 4576 24 25 in
3186 4584 13 18 a
3225 4574 93 27 verdict
3368 4572 66 27 That
3462 4572 40 26 the
3528 4572 40 24 de-
3582 4563 1 47 j

3019 4614 85 26 ceased
3142 4614 46 24 had
3226 4611 115 27 drowned
3374 4610 91 26 herself
3498 4609 71 26 while
3582 4605 1 42 j

3020 4659 137 26 temporarv

3053 4689 52 28 The
3119 4687 117 38 principal
3253 4688 100 26 witness
3366 4694 49 18 was
3437 4685 41 26 Mr
3499 4680 84 31 'Wm.J

3020 4727 79 31 Kitto,
3123 4727 113 25 husband
3261 4726 27 25 of
3309 4724 123 31 deceased,
3447 4724 55 25 who
3526 4723 39 25 de-
3581 4723 2 35 i

3019 4764 73 31 posed
3200 4769 25 19 at
3239 4762 74 26 about
3328 4762 16 24 4
3369 4769 53 17 a.m.
3447 4769 29 16 on
3500 4759 66 28 22nd
3580 4753 3 51 j

3019 4804 59 33 May
3092 4802 46 28 Ust
3152 4802 37 27 his
3204 4802 54 27 wife
3272 4809 42 28 got
3330 4806 41 22 out
3386 4799 22 27 of
3426 4797 43 29 bed
3485 4805 24 19 to
3523 4805 42 28 get
3580 4797 2 48 j

3017 4852 12 16 a
3043 4842 71 25 drink
3138 4841 23 25 of
3186 4847 50 19 tea.
3271 4841 66 24 Soon
3368 4837 142 27 afterwards
3537 4838 28 23 he
3579 4831 4 37 [

3016 4878 74 26 heard
3111 4879 41 24 Iter
3166 4887 31 23 go
3213 4884 42 20 our
3269 4884 24 19 at
3309 4878 40 25 the
3363 4875 58 26 hack
3436 4880 66 25 door,
3517 4875 46 24 and

3017 4917 118 31 knowing
3166 4917 43 24 she
3240 4915 71 26 could
3338 4920 40 19 not
3403 4922 38 15 see
3461 4911 52 26 well
3541 4919 23 18 at

3015 4954 72 32 night
3099 4953 168 34 immediately
3278 4950 110 29 followed
3401 4950 48 27 her.
3483 4950 64 26 Look-

3015 4994 40 29 ing
3055 4987 4 36 -
3078 4993 23 26 in
3116 4991 30 27 all
3163 4993 42 25 the
3224 4990 133 27 outhouses
3376 4988 46 27 and
3440 4995 40 18 not
3500 4987 52 27 find-

3013 5031 45 28 intr
3071 5030 50 29 her,
3137 5029 28 25 hp
3180 5028 87 26 awoke
3283 5029 38 24 the
3333 5025 93 34 family,
3438 5024 54 27 who
3503 5025 62 25 after
3578 5024 1 35 j

3013 5078 13 16 a
3039 5067 84 27 search
3146 5065 74 28 found
3238 5066 42 26 her
3294 5064 81 27 tracks
3394 5061 100 33 leading
3507 5063 52 25 into
3577 5061 2 42 j

3013 5107 40 24 the
3064 5106 72 25 river.
3172 5105 48 26 She
3237 5104 46 26 had
3300 5104 56 25 been
3371 5101 78 34 ailing
3469 5100 38 25 for
3522 5101 39 24 the
3576 5100 3 36 j

3013 5142 46 25 last,
3072 5143 16 25 8
3101 5151 27 16 or
3144 5142 29 25 10
3187 5141 29 26 da
3222 5141 50 26 vs.''
3576 5130 3 38 j

3046 5180 54 26 The
3110 5179 70 27 coftin
3194 5177 94 28 artived
3302 5183 24 21 at
3339 5177 14 25 4
3364 5185 47 26 p.m
3424 5184 50 22 ,on
3486 5174 5 9 r
3491 5174 7 26 J
3509 5184 39 16 ups-

3012 5218 47 26 dav
3073 5218 24 25 in
3109 5217 80 27 which
3204 5217 44 26 she
3269 5224 49 16 was
3331 5214 82 35 placed
3425 5213 47 25 and
3488 5213 72 25 taken

3012 5261 24 20 to
3051 5254 58 26 Moa
3124 5254 62 26 Flat.
3229 5254 8 25 I
3254 5251 151 27 understand
3425 5250 42 26 Mr
3489 5249 71 31 Jurto

3011 5292 51 26 and
3076 5292 41 26 Mr
3144 5291 102 27 Coulter
3271 5289 64 28 dealt
3362 5297 55 26 very
3449 5287 110 35 liberally

3013 5329 59 26 with
3088 5330 68 25 those
3172 5328 54 25 who
3248 5336 63 24 jrave
3334 5326 65 25 them
3419 5325 139 25 assistance.

3013 5365 78 28 Much
3105 5364 132 36 sympathy
3251 5365 19 25 is
3284 5363 42 27 felt
3349 5362 73 26 down
3446 5362 57 26 here
3526 5360 34 27 for

3013 5407 41 24 the
3067 5403 117 28 bereaved
3196 5402 91 35 family.

3046 5491 52 26 The
3112 5487 101 31 funeral,
3234 5487 79 26 which
3337 5495 48 16 was
3405 5484 95 36 largely
3522 5492 23 18 at-

3013 5527 95 31 tended,
3124 5526 56 26 took
3194 5525 66 35 place
3271 5522 137 35 yesterday,
3432 5522 40 25 the
3495 5521 63 34 body

3012 5564 74 35 being
3107 5562 82 28 buried
3213 5568 25 20 at
3263 5560 58 26 Moa
3347 5558 56 27 Flat
3427 5565 130 20 cemetery.

3011 5604 51 25 The
3074 5603 60 25 Rev.
3150 5601 40 25 Mr
3204 5600 101 33 Hooper
3326 5597 120 26 officiated
3469 5602 25 20 at
3517 5596 40 26 the

3011 5648 82 26 grave.

3601 190 157 45 Pleasant
3784 192 116 51 Valley
3930 190 214 53 Goldmining

3600 241 544 38 Co.

3688 324 163 33 ANNUAL
3872 325 181 31 MEETING.

3655 397 142 32 LIVELY
3816 399 276 32 PROCEEDINGS.

3638 469 12 26 'J
3662 471 32 26 lie
3708 474 97 27 annual
3820 475 121 38 meeting
3954 474 29 28 of
4001 474 46 28 the
4060 474 87 27 above

3601 518 142 30 company,
3757 512 60 29 held
3832 519 29 23 at
3873 516 46 27 the
3933 514 166 30 Athenaeum
4112 523 35 19 on

3605 549 116 37 Monday
3747 554 125 36 evening,
3900 565 54 18 was
3978 554 105 38 largely
4106 558 27 23 at-

3603 588 108 36 tended,
3731 595 84 25 about
3835 598 101 34 twenty
3959 593 188 32 shareholders

3604 627 83 38 being
3711 635 118 32 present.
3870 633 43 29 Mr
3933 634 75 29 Win.
4031 621 115 47 Sercer,

3602 668 137 29 chairman
3754 671 28 27 of
3795 672 139 35 directors,
3947 674 135 37 presided.

3823 719 124 23 MINUTES.

3640 748 58 27 The
3720 749 117 30 minutes
3860 752 26 27 of
3908 754 46 27 the
3977 754 51 26 last
4050 754 99 28 annual

3605 788 120 39 meeting
3746 800 70 19 were
3839 792 63 28 read
3928 793 54 29 and
4003 793 147 31 confirmed

3604 839 34 18 on
3653 829 48 28 the
3716 831 101 27 motion
3831 831 29 28 of
3873 832 103 28 Messrs
3987 833 74 27 John
4071 831 60 30 Tam-

3604 867 65 40 blyn
3681 868 54 30 and
3752 868 30 30 E.
3797 869 79 30 Hart.

3679 919 99 20 HKPOh'T
3791 919 54 20 AND
3858 921 225 23 BALANCB-SHEET.

3628 956 43 21 The
3681 959 70 23 report
3758 956 32 20 far
3801 956 34 21 the
3843 964 47 19 year
3897 959 73 26 ending
3979 959 35 21 6ch
4024 961 52 25 May,
4085 960 65 21 which

3604 997 41 15 was
3662 991 76 26 fabler],
3757 992 103 25 regretted
3878 993 35 21 the
3937 994 103 21 directors'
4057 995 92 27 inability

3604 1028 21 19 to
3634 1027 46 26 give
3686 1034 11 12 a
3707 1034 54 14 more
3772 1027 116 22 favourable
3895 1031 109 19 statemtnt
4010 1030 65 27 owing
4083 1033 21 19 to
4114 1031 35 21 the

3604 1061 86 27 scarcity
3699 1062 21 20 of
3735 1064 68 19 water.
3830 1062 43 21 The
3886 1064 104 26 tributors,
4006 1064 74 27 during
4094 1065 54 22 their

3605 1096 60 26 lease,
3674 1097 39 20 had
3723 1098 69 20 struek
3801 1104 55 15 some
3865 1105 49 20 very
3925 1099 41 21 rich
3982 1100 60 23 wash,
4060 1100 40 21 and
4111 1100 35 21 the

3605 1130 46 26 gold
3662 1130 105 22 recovered
3781 1131 26 26 by
3818 1132 136 21 them—£9o2
3967 1133 114 27 10s—upon
4088 1133 64 21 which

3605 1166 36 20 the
3658 1173 99 20 company
3774 1167 91 22 received
3883 1168 40 21 £'4s
3946 1168 20 21 2i
3988 1168 25 22 fid
4029 1169 80 27 royalty
4125 1170 20 20 in

3604 1200 90 21 addition
3709 1203 22 18 to
3740 1203 52 19 rent,
3803 1201 79 23 showed
3892 1203 46 20 that
3949 1203 34 21 the
3996 1210 98 20 company
4107 1204 41 21 had

3605 1241 11 13 a
3626 1241 48 19 veiy
3690 1235 50 25 good
3754 1236 103 26 property.
3884 1237 61 19 Their
3958 1236 52 21 leise
4022 1238 84 24 expired
4125 1239 22 18 at

3606 1267 35 20 the
3650 1272 171 17 commencement
3831 1268 21 20 of
3865 1268 36 21 the
3911 1269 37 26 dry
3966 1276 78 14 season,
4059 1269 39 21 aud
4116 1270 36 20 the

3606 1302 96 19 directors
3709 1302 112 20 sincethen
3836 1302 40 21 had
3892 1303 50 20 been
3961 1304 61 19 much
4036 1304 117 25 hampered.

3606 1332 44 25 The
3656 1337 56 26 rainy
3719 1343 68 14 season
3798 1336 59 27 being
3863 1344 55 20 near,
3925 1337 40 22 and
3972 1337 74 28 having
4053 1338 103 22 increased

3607 1372 36 19 the
3650 1373 62 19 water
3719 1372 83 26 supply,
3810 1372 66 21 better
3884 1372 74 21 results
3971 1379 51 14 were
4031 1373 123 27 anticipated

3608 1407 20 20 in
3642 1407 35 20 the
3690 1413 48 14 near
3747 1407 78 22 future.
3853 1407 79 27 During
3942 1407 35 20 the
3994 1414 47 19 year
4059 1408 36 21 the
4110 1408 44 21 first

3608 1440 96 24 dividend
3713 1441 41 23 had
3763 1442 50 22 been
3824 1443 53 27 paid,
3887 1443 41 21 and
3939 1443 34 21 the
3984 1443 96 22 directors
4086 1443 67 25 hoped

3608 1481 21 19 to
3639 1478 25 22 bte
3672 1480 50 25 fery
3732 1486 48 14 soon
3796 1479 22 21 in
3832 1487 11 13 a
3862 1479 97 21 dividend
3976 1480 74 26 paying
4068 1480 88 26 position

3608 1516 66 26 again.
3700 1515 44 21 The
3754 1515 85 20 election
3851 1514 21 21 of
3885 1521 38 14 one
3932 1514 87 21 director
4029 1515 66 21 would
4106 1516 50 21 hnve

3606 1552 25 20 to
3648 1551 47 21 take
3705 1550 120 25 place—and
3842 1551 32 20 Mr
3888 1550 55 21 John
3963 1550 100 27 Tamblyn
4080 1551 77 22 offered

3608 1585 85 21 Tiimself
3705 1585 32 21 for
3756 1584 183 21 le-election—and
3954 1591 25 14 an
3995 1584 81 21 auditor
4090 1585 66 22 would

3610 1620 41 21 also
3660 1619 52 22 have
3723 1622 21 19 to
3753 1620 25 21 be
3785 1619 84 22 elected.

3637 1656 44 22 The
3702 1657 93 21 financial
3814 1659 53 19 state
3884 1656 22 21 of
3929 1656 36 21 the
3994 1662 99 21 company
4116 1663 40 15 was

3611 1690 66 21 stated
3687 1692 21 19 to
3714 1691 24 20 be
3749 1690 29 26 (at
3785 1690 47 21 date
3841 1690 22 20 of
3873 1690 35 20 the
3926 1689 113 26 meeting)-
4048 1689 109 22 Liabilities

3614 1724 60 28 £169,
3689 1725 39 22 and
3740 1725 64 22 credit
3819 1725 84 21 balance
3918 1727 23 19 at
3959 1724 53 22 bank
4030 1725 59 22 £132.
4116 1725 41 22 The

3611 1762 86 20 amount
3705 1761 22 21 of
3737 1760 75 27 capital
3821 1760 89 26 actually
3923 1760 46 26 paid
3984 1767 27 19 up
4025 1761 17 20 is
4053 1760 54 22 £546
4118 1762 38 26 lQs,

3617 1796 132 26 outstanding
3763 1795 48 22 calls
3822 1795 75 27 £3los,
3907 1795 94 21 uncalled
4010 1795 74 26 capital
4098 1795 59 22 £H.O.

3613 1829 42 21 The
3665 1831 84 19 amount
3759 1830 21 20 of
3789 1829 45 25 gold
3844 1829 105 21 recovered
3959 1830 54 20 sincie
4020 1828 35 22 the
4061 1836 96 20 company

3613 1863 76 21 started
3707 1864 16 20 is
3744 1863 80 26 £1,404,
3838 1863 40 21 and
3895 1863 52 21 since
3961 1863 36 21 the
4017 1863 95 22 diiectors
4127 1870 19 15 re-

3614 1897 48 22 took
3672 1897 36 22 the
3717 1897 58 23 claim
3785 1897 59 23 £368.

3650 1934 58 28 The
3738 1934 147 35 chairman,
3909 1934 28 27 in
3971 1934 110 33 moving
4112 1935 46 27 the

3613 1973 130 37 adoption
3757 1973 29 27 of
3799 1974 45 26 the
3858 1976 93 34 report
3963 1974 52 26 and
4035 1973 108 28 balance-

3615 2013 85 37 sheet,
3727 2012 57 31 said
3811 2012 47 30 the
3884 2017 107 26 returns
4015 2012 69 30 from
4109 2012 50 30 last

3614 2059 55 23 two
3683 2055 73 27 wasli
3771 2065 50 27 ups
3836 2064 69 18 were
3919 2064 63 28 very
4106 2056 53 27 rfiid

3613 2095 34 28 he
3661 2094 208 40 congratulated
3879 2094 45 28 the
3933 2102 132 30 company
4078 2094 79 29 o'lHts

3613 2135 140 36 improved
3768 2135 127 37 position.

3650 2176 45 29 Mr
3716 2176 92 29 James
3829 2174 132 38 Tamblyn
3985 2174 124 39 objected
4128 2178 28 26 bo

3612 2218 46 29 the
3672 2218 91 27 clause
3777 2216 26 28 in
3818 2216 46 29 the
3877 2219 91 35 report
3982 2216 132 37 referring
4128 2223 27 21 to

3611 2259 47 27 the
3671 2259 99 27 lessees
3784 2256 119 38 striking
3913 2268 16 16 a
3937 2258 90 36 parch.
4065 2256 28 28 It
4103 2268 51 16 was

3611 2297 125 30 uncalled
3751 2298 51 35 for,
3825 2296 53 29 and
3899 2296 130 29 intended
4050 2296 62 39 only
4125 2301 28 24 to

3609 2343 60 25 cast
3700 2350 16 17 a
3742 2339 57 28 slur
3830 2348 33 18 on
3896 2337 46 28 the
3969 2338 107 35 lessees,
4101 2338 55 28 arid

3610 2379 98 30 should
3722 2380 34 29 be
3773 2378 94 30 struck
3881 2383 54 24 out

3645 2424 13 23 'I
3669 2421 34 28 he
3714 2419 135 30 chairman
3862 2417 94 30 moved
3968 2417 45 30 the
4024 2417 128 39 adoption

3606 2462 31 28 of
3650 2463 48 27 the
3712 2464 93 33 report
3817 2460 51 28 and
3885 2460 42 28 Mr
3948 2463 34 24 K.
4007 2459 145 29 Cockburn

3608 2501 136 30 seconded
3759 2501 45 29 the
3819 2499 106 30 motion.

3645 2543 46 30 Mr
3727 2542 103 39 Joseph
3861 2540 131 39 Tamblyn
4023 2539 57 30 said
4107 2540 45 28 the

3607 2586 80 35 patch
3708 2595 55 18 was
3794 2583 91 29 struck
3908 2582 124 37 previofis
4052 2585 27 25 to
4106 2582 46 28 the

3606 2625 100 30 lessees
3721 2623 98 39 taking
3828 2623 44 28 the
3885 2623 87 33 claim,
3987 2622 53 28 and
4062 2631 30 18 as
4106 2621 46 28 the

3606 2670 141 35 prospects
3761 2675 68 17 were
3842 2674 29 18 so
3882 2661 70 40 good
3968 2663 63 38 they
4041 2663 111 29 showed

3606 2708 72 28 their
3700 2705 154 31 confidence
3879 2704 26 27 in
3919 2704 22 28 it
3965 2703 35 38 by
4014 2703 99 38 giving
4123 2703 29 38 .-a.

3606 2758 65 28 very
3695 2748 48 35 big
3756 2746 73 38 price
3842 2745 41 29 for
3895 2744 30 30 it.
3964 2747 13 24 '1
3987 2744 35 28 he
4043 2743 109 38 ground

3606 2799 54 18 was
3681 2786 108 30 worked
3805 2786 36 37 by
3855 2796 16 18 a
3879 2788 82 36 party
3973 2785 29 27 of
4017 2795 58 17 men
4092 2783 60 29 who

3607 2839 69 18 were
3685 2826 175 39 experienced
3875 2825 110 36 miners,
3996 2824 54 30 and
4071 2824 79 30 knew

3606 2870 72 27 what
3688 2869 64 35 they
3762 2877 69 17 were
3842 2865 93 38 doing.

3643 2908 44 28 Mr
3709 2907 57 29 Jas.
3789 2905 135 31 Tamblyn
3948 2905 97 28 moved
4068 2914 29 19 as
4119 2913 35 19 an

3606 2948 175 30 amendment
3804 2946 61 28 that
3879 2945 47 29 the
3951 2945 153 39 paragraph
4124 2942 36 32 in'

3607 2990 46 28 the
3665 2991 92 35 report
3771 2986 135 37 referring
3919 2990 28 24 to
3960 2986 48 28 the
4020 2985 133 30 tributors

3608 3028 118 38 striking
3735 3039 17 17 a
3764 3026 80 39 patch
3856 3026 34 28 be
3904 3026 94 28 struck
4008 3029 56 25 out.

3644 3068 57 29 The
3709 3066 235 30 amendmentwas
3953 3068 49 26 not
4010 3065 142 36 seconded,

3607 3109 53 28 and
3674 3108 47 29 the
3729 3107 102 29 motion
3845 3106 85 37 being
3943 3108 50 35 put
4006 3105 47 29 the
4063 3110 90 35 report

3608 3150 52 28 and
3672 3148 112 30 balance
3792 3147 77 29 sheet
3876 3157 55 17 was
3944 3146 127 37 adopted.

3648 3190 44 29 Mr
3718 3187 145 32 M'Kenzie
3888 3186 84 29 asked
3995 3186 96 30 should
4110 3187 46 30 the

3609 3231 112 28 balance
3730 3231 76 27 sheet
3824 3231 49 25 not
3886 3227 69 29 have
3969 3229 67 27 been
4063 3229 94 28 struck

3608 3271 28 29 in
3650 3271 46 29 the
3707 3270 94 29 month
3815 3268 30 31 of
3866 3267 122 39 January
4010 3267 106 30 instead
4128 3269 29 30 of

3609 3323 33 18 on
3657 3313 47 28 the
3715 3312 47 28 6th
3774 3312 71 36 May.

3648 3352 56 28 The
3741 3351 137 28 chairman
3901 3349 58 28 said
3985 3349 22 28 it
4026 3359 53 19 was
4110 3352 47 25 not

3610 3403 160 23 necessary;
3797 3391 48 28 the
3875 3389 79 38 delay
3978 3400 54 18 was
4061 3389 96 29 caused

3611 3432 182 37 unavoidably
3826 3430 122 37 through
3973 3440 124 27 pressure
4130 3429 27 28 of

3611 3473 125 29 business
3749 3482 35 18 on
3799 3471 46 28 the
3869 3469 158 39 company's
4045 3470 112 29 officers.

3647 3513 160 34 Reviewing-
3844 3511 46 28 ihe
3925 3511 111 28 balance
4073 3511 84 34 sheet,

3613 3554 43 27 Mr
3671 3554 103 37 Joseph
3790 3552 134 36 Tamblyn
3939 3551 82 28 asked
4036 3561 53 18 was
4112 3551 39 28 tin
4153 3551 4 40 1

3613 3595 51 28 £3l
3691 3594 53 28 odd
3756 3593 44 28 for
3812 3593 47 28 the
3881 3591 87 35 newly
3986 3591 171 28 coustmcied

3600 3622 1 47 I
3613 3645 60 19 race
3687 3633 128 31 included
3829 3633 27 29 in
3871 3633 48 28 the
3933 3631 19 30 L
3952 3631 38 30 95
4001 3633 42 28 for
4055 3631 100 38 sundry

3611 3675 140 31 creditors.

3648 3716 58 28 The
3720 3722 134 23 seoretarv
3869 3714 86 28 stated
3979 3713 58 28 tlmt
4049 3724 53 17 was
4116 3723 38 18 so.

3651 3756 102 30 MrJas
3779 3756 132 37 Tamblyn
3934 3753 81 29 adted
4026 3763 29 19 as
4069 3758 26 24 to
4109 3753 47 28 the

3612 3798 64 28 item
3728 3798 113 27 interest
3877 3801 114 23 account
4035 3794 41 32 17s
4110 3794 45 27 9d.

3600 3838 53 37 jOn
3688 3834 58 41 LlO
3779 3837 84 29 worth
3899 3836 29 27 of
3953 3835 89 28 shares
4069 3834 84 28 which

3614 3882 31 26 lie
3683 3880 54 27 had
3775 3876 148 40 purchased
3963 3876 35 27 he
4035 3875 60 37 paid
4127 3885 27 16 as

3612 3920 114 28 interest
3768 3919 53 32 10s,
3859 3916 87 31 which
3977 3915 50 28 left
4060 3915 27 28 7s
4119 3914 36 28 9d

3612 3960 43 28 for
3667 3960 34 28 all
3712 3960 78 28 other
3799 3959 89 28 shares
3898 3967 34 18 on
3946 3956 84 28 which
4043 3955 110 28 interest,

3613 4012 54 15 was
3681 4001 54 27 due
3747 4004 26 22 to
3786 4000 44 26 the
3840 3998 76 28 value
3927 3997 29 27 of
3972 3996 85 28 about
4068 3995 33 28 Li
4109 3995 42 27 20.

3649 4040 57 28 The
3730 4040 136 28 chairman
3889 4035 142 40 explained
4044 4035 58 28 that
4125 4035 25 30 in

3612 4091 73 17 some
3695 4090 74 18 cases
3779 4081 46 26 the
3836 4079 72 27 bank
3918 4081 49 34 got
3977 4078 45 26 the
4031 4076 120 32 interest,

3610 4124 48 23 not
3667 4120 46 29 the
3723 4129 142 27 company,
3874 4117 53 29 and
3939 4116 45 28 the
3998 4114 155 39 company's

3608 4159 87 29 books
3705 4170 70 18 were
3785 4169 67 27 open
3868 4163 27 23 to
3909 4167 51 27 any
3972 4155 182 33 shareholder,

3607 4210 29 17 so
3649 4200 58 28 that
3721 4200 65 36 they
3796 4199 76 29 could
3884 4209 43 17 see
3937 4198 43 28 for
3993 4196 159 28 themselves

3605 4243 29 24 at
3647 4250 54 25 any
3716 4240 65 28 time
3795 4239 59 28 how
3869 4239 45 27 the
3923 4238 113 27 interest
4048 4246 30 18 or
4099 4245 53 24 any

3605 4280 78 28 other
3704 4284 114 24 account
3834 4279 51 29 had
3899 4279 66 27 been
3985 4276 72 29 dealt
4077 4276 74 28 with.

3643 4321 44 25 Mr
3700 4319 103 37 Joseph
3818 4318 112 35 Tandyn
3945 4316 84 28 asked
4041 4316 51 26 had
4107 4316 44 26 the

3605 4358 131 28 directors
3751 4357 120 30 received
3887 4367 51 22 any
3953 4355 66 28 offer
4040 4355 43 28 for
4104 4355 45 28 the

3603 4399 77 27 claim
3696 4398 102 35 during
3808 4399 44 27 the
3861 4407 71 27 year.

3640 4438 56 26 The
3731 4438 152 27 chairman:
3916 4435 72 33 Yes;
4022 4438 60 24 two.
4123 4435 21 27 A

3602 4476 90 29 verbal
3707 4476 53 28 and
3772 4489 15 15 a.
3802 4475 104 28 written
3921 4483 60 19 one.

3586 4514 1 44 j
3627 4518 56 30 .Mr
3698 4516 133 37 Tnmlilyn
3856 4515 50 26 had
3921 4526 16 15 a
3959 4524 69 25 copy
4041 4514 30 27 of
4095 4523 49 18 one

3586 4548 39 45 jin
3655 4557 41 27 his
3723 4556 82 33 hand,
3832 4554 89 27 which'
3933 4553 33 26 he
3980 4553 119 29 thought
4124 4553 20 26 it

3586 4592 1 46 j
3599 4596 210 35 extraordinary.
3822 4595 44 27 the
3886 4593 131 29 dhecors
4031 4592 51 29 had
4097 4595 47 26 not

3598 4636 139 39 accepted.
3765 4633 3 42 ■
3778 4636 53 28 For
3854 4635 46 27 the
3922 4633 172 30 information
4118 4642 26 17 o-r

3598 4676 191 32 shareholders
3812 4676 36 29 lie
3859 4673 87 31 would
3968 4673 62 29 read
4046 4673 28 28 it.
4116 4673 28 28 It

3599 4730 53 16 was
3666 4718 82 28 dated
3768 4717 60 29 l'3th
3841 4716 161 35 .February,
4018 4714 62 32 ,j\ud
4095 4725 49 17 rati

3596 4769 29 16 as
3638 4758 107 27 follows
3758 4769 43 15 :

3619 4810 43 23 The
3799 4807 25 22 of
3832 4807 107 22 (directors
3956 4805 22 21 of
3994 4805 34 21 the
4047 4805 93 21 Pleasant

3586 4841 1 28 ;
3595 4847 74 22 Valley
3683 4845 129 24 GoWmining
3826 4843 60 20 Co.—
3888 4842 64 24 Sir,—
3954 4841 72 25 Seeing
4036 4841 36 20 the
4081 4841 58 20 small

3594 4883 81 18 returns
3685 4880 50 20 from
3750 4880 35 19 the
3801 4878 61 19 :ibov»>
3878 4883 97 19 company
3986 4875 31 20 for
4026 4882 54 14 some
4090 4876 49 20 time

3594 4918 51 23 past,
3661 4915 39 20 and
3718 4915 33 19 the
3769 4911 154 22 dissatisfaction
3939 4911 57 20 there
4012 4911 16 20 is
4044 4910 49 20 with
4105 4910 34 20 the

3593 4950 79 21 holders
3683 4948 21 20 of
3720 4947 51 27 fully
3781 4953 38 14 one
3829 4946 43 21 half
3880 4946 24 19 of
3912 4946 35 19 the
3956 4945 75 22 shares,
4045 4948 5 17 1
4064 4944 75 26 hereby

3595 4984 57 21 make
3662 4989 38 13 vou
3710 4988 23 14 an
3742 4981 54 20 offer
3806 4980 64 21 which
3881 4979 71 21 should
3960 4979 24 20 he
3994 4979 115 25 acceptable
4118 4981 21 18 to

3593 5018 26 20 all
3631 5016 73 26 parties
3722 5014 117 21 concerned.
3867 5014 9 19 I
3887 5014 41 19 will
3943 5014 47 18 take
4005 5019 26 13 on
4043 5012 48 20 with
4103 5012 36 20 the

3592 5053 58 20 claim
3668 5057 24 13 on
3709 5049 92 25 Monday,
3813 5049 99 24 morning,
3926 5047 39 21 and
3984 5054 38 13 run
4039 5047 34 19 the
4085 5047 54 20 little

3594 5089 61 17 water
3663 5085 45 20 that
3726 5084 16 19 is
3750 5082 147 27 .comin&until
3907 5082 40 20 this
3956 5082 38 25 day
4007 5081 46 20 f<>ur
4064 5081 73 22 week*,

3594 5121 55 20 when
3660 5127 10 12 a
3680 5119 86 20 director
3775 5125 35 12 can
3820 5124 56 13 coine
3885 5117 39 20 mid
3935 5117 47 24 help
3991 5116 55 20 clean
4055 5123 33 17 up,
4096 5118 39 18 ami

3591 5162 38 19 any
3643 5153 94 28 quantity
3754 5152 22 20 of
3793 5152 54 25 gold,
3855 5158 26 19 up
3896 5151 124 19 to'Boz'the
4037 5157 100 20 company

3591 5197 34 15 can
3645 5190 47 20 take
3706 5188 41 20 free
3765 5187 21 20 of
3805 5193 40 16 any
3863 5186 72 25 charge
3952 5185 31 20 for
3993 5192 64 18 wages
4066 5193 22 12 or
4099 5193 39 13 anr

3590 5223 59 21 other
3658 5223 49 20 cost.
3735 5219 77 21 Should
3825 5219 57 20 there
3900 5219 25 19 be
3939 5225 54 13 more
4004 5219 48 19 than
4067 5218 44 27 Boz,
4129 5219 7 20 [

3589 5257 52 21 shall
3652 5257 71 26 expect
3734 5255 20 20 Sa
3765 5261 35 20 per
3808 5254 38 26 (lay
3857 5254 31 19 for
3900 5254 37 19 selt
3946 5253 40 20 and
3996 5259 38 14 one
4045 5260 44 14 man
4100 5258 38 18 out

3589 5294 21 20 of
3620 5293 34 21 the
3668 5291 47 27 gold
3724 5297 48 14 over
3783 5290 43 24 Boz,
3838 5290 34 20 the
3882 5289 113 21 remainder
4003 5291 22 18 to
4036 5296 24 19 go
4071 5291 21 18 to
4102 5289 36 21 the

3589 5334 97 19 company
3698 5333 5 18 ;
3718 5325 36 19 but
3770 5325 19 19 in
3806 5331 25 13 no
3846 5331 44 13 case
3904 5324 41 19 will
3956 5324 9 19 I
3976 5324 47 19 take
4038 5324 99 26 anything

3589 5363 36 20 out
3644 5360 21 21 of
3680 5358 34 21 the
3733 5358 44 21 first
3794 5357 43 21 Soz.
3864 5357 10 20 I
3893 5357 40 20 will
3952 5357 55 20 work
4026 5357 36 20 the
4078 5357 59 21 claini

3589 5394 103 25 according
3709 5395 20 18 to
3749 5391 34 20 the
3802 5390 114 27 company's
3926 5391 77 26 orders,
4014 5390 39 22 and
4064 5391 73 21 should

3589 5431 16 22 it
3614 5437 55 15 come
3678 5430 58 21 on.to
3754 5428 40 20 rain
3814 5427 40 20 and
3872 5427 72 26 plenty
3962 5428 22 20 of
4004 5430 63 19 water

3665 5463 39 21 and
3721 5462 34 20 the
3764 5461 96 21 directors
3871 5461 60 21 think
3942 5462 23 21 fit
3973 5463 23 19 to
4006 5463 60 21 mako
4076 5463 59 20 other

3588 5500 151 23 arrangements
3748 5498 31 19 for
3790 5497 90 25 working
3888 5497 37 21 the
3933 5498 68 26 claim,
4010 5498 11 20 I
4031 5498 39 20 will
4080 5499 57 20 clean

3587 5539 28 19 up
3632 5534 22 18 at
3672 5532 23 20 24
3715 5529 66 22 hours'
3801 5531 67 20 notice
3886 5538 41 19 any
3945 5532 50 20 time
4012 5531 74 27 during
4103 5532 35 25 tlje

3587 5567 70 22 n.onth
3667 5565 38 21 and
3716 5565 56 21 leave
3781 5565 36 21 the
3824 5564 67 24 claini.

3671 5599 90 26 (Signed)
3913 5600 73 21 Jamks
3998 5601 115 22 Tamblyn.

3624 5639 65 27 This
3703 5640 46 26 the
3763 5638 115 39 speaker
3904 5640 120 38 thought
4037 5651 15 17 a
4065 5645 74 25 most

3587 5678 205 39 advantageous
3806 5679 67 29 offer
3883 5678 43 30 for
3937 5680 47 29 the
3993 5690 146 30 company,

3587 5720 53 28 and
3655 5720 33 28 he
3702 5729 54 19 was
3777 5720 139 38 surprised
3937 5720 48 29 the
4005 5720 132 42 directors

3587 5760 54 29 had
3656 5765 47 24 not
3717 5760 89 30 closed
3822 5760 64 30 with
3899 5760 32 32 it,
3951 5766 6 7 '

1772 92 15 40 T
1797 94 198 43 MOUNT
2061 92 248 47 T-gEHSER
2395 91 152 46 MIL.

3524 94 169 50 Friday,
3716 93 201 47 June'So,
3941 95 117 40 1697.

85 200 6 11 '
117 201 137 29 TEVIOT
265 197 212 32 WESLEYAN
493 195 171 31 CHURCH.

87 301 6 8 '
214 278 113 40 Sunday
340 277 123 31 Services
476 275 55 30 will
552 275 34 31 be
600 285 65 20 con-

203 320 100 30 ducted
315 330 29 18 as
358 319 91 29 follow

89 374 5 14 !■
117 369 110 27 Roxburgh
237 369 21 24 (7
267 367 83 29 p.m.)—
352 368 51 20 Rev.
412 367 23 20 J.
443 365 29 23 H.
479 365 86 26 Hooper

89 403 6 13 t
120 396 179 29 (Subject—'"The
308 396 33 21 Ud
343 396 43 26 just
529 393 85 20 Sermon
626 392 38 25 II.)

88 421 4 29 '
118 427 48 20 Coal
177 424 65 23 Creek
251 424 20 26 (3
280 422 82 28 p.m.)—
365 423 51 20 Rev.
426 422 22 21 J.
457 421 27 22 H.
500 421 83 26 Hooper

87 462 9 11 i
118 453 79 22 Etiiick
205 452 26 26 (11
244 452 81 24 a.m.)—
328 452 51 19 Rev.
386 450 21 21 J.
417 450 26 20 H.
455 449 82 25 Hooper

205 480 54 24 (6.30
268 478 118 26 p.m.)—Mr
394 476 67 22 Smith

215 530 44 37 C.
295 529 39 37 J.
378 528 187 48 Coombs,

104 602 7 25 :
138 599 191 32 SUKGICAL
348 599 24 29 &
392 595 256 33 MECHANICAL

308 637 165 33 DENTIST

293 704 12 9 <'
325 697 134 27 (By^Exam.)

87 814 89 54 'M
177 814 25 28 R
223 812 152 30 COOMBS
392 821 62 26 may
466 810 35 28 be
515 809 151 29 Consulted

356 854 4 26 i
372 854 29 26 at

272 905 124 29 Heron's
419 904 94 30 Hotel

136 961 7 7 '
168 959 42 29 On
231 958 156 35 FRIDAY,
412 958 71 28 18th
508 955 110 30 JUNE.

318 1016 6 5 .
385 1011 18 10 11l
419 1011 9 6 ■■
457 1017 6 2 --
469 1010 53 11 **.-■*'.S
603 1016 6 7 %
626 1012 9 5 ''
645 1012 16 7 '-T

157 1038 40 29 As
210 1038 14 29 I
237 1037 97 29 intend
346 1037 114 36 visiting
478 1034 56 30 this
553 1033 117 30 District

89 1090 7 9 1
120 1078 186 39 periodically,
319 1078 156 28 itrwillsave
489 1076 123 28 Patients
623 1075 47 28 the

88 1114 4 44 <
120 1128 120 30 expense
252 1118 29 31 of
292 1119 88 39 going
392 1122 31 26 to
433 1122 74 24 town
521 1128 7 23 ;
548 1114 54 30 and
614 1125 31 18 as
656 1115 14 28 I

123 1164 150 34 guarantee
292 1160 46 31 all-
351 1158 86 37 work,
461 1158 125 29 Patients
607 1166 63 28 may

120 1201 59 39 rely
192 1211 36 19 on
240 1200 111 39 getting
364 1211 16 18 a
393 1198 142 30 first-class
546 1198 115 28 denture

89 1283 5 6 '
121 1281 93 20 TEETH
240 1281 82 20 MADE
349 1277 50 24 BY'
417 1279 95 21 OTHER
537 1277 134 21 DENTISTS

143 1306 130 23 PROVING
283 1305 251 23 UNSATISFACTORY
544 1304 61 21 MAY
616 1304 35 20 BE

177 1334 192 22 REMODELLED
383 1334 37 21 AT
432 1332 94 22 SMALL
539 1331 75 22 COST.

125 1403 122 29 Painless
277 1401 158 29 Extraction
464 1398 66 28 with
556 1397 114 29 Nitrous

160 1444 87 28 Oxide
269 1442 63 35 Gas,
355 1441 125 33 Cocaine,
493 1438 95 35 Ether,
603 1448 30 18 or

303 1482 181 29 Chloroform.

91 1562 9 25 I
120 1558 131 28 Stopping
270 1565 71 18 with
360 1556 84 34 Gold,
466 1553 147 33 Amalgam,
633 1560 35 19 or

332 1597 120 29 Cement.

211 1675 29 29 C.
348 1670 225 35 'COOMBS,

255 1722 127 30 Surgeon
405 1720 117 29 Dentist

130 1793 6 10 t
158 1769 143 40 (Opposite
315 1767 127 40 Cargill's
456 1766 172 36 Monument)

322 1814 142 21 DUNEDIN.

208 1878 15 7 ..
234 1854 79 35 (Late
328 1854 74 29 Kidd
418 1853 53 29 and
487 1851 58 37 Co.)

211 1922 174 28 T)ECORD

211 1957 174 33 •"'ECOBD

425 1946 45 26 XX
473 1958 101 28 EIGN.

104 2050 6 5 *
124 2045 71 28 nPO
218 2046 98 27 enable
341 2045 46 27 the
412 2042 94 39 public
530 2045 28 23 to
583 2040 83 27 Dress

207 2084 116 30 suitable
332 2087 28 25 to
371 2084 46 28 the
428 2081 132 34 occasion,
574 2080 14 28 I
599 2080 68 27 have

231 2136 180 28 REDUCED
431 2133 133 29 PRICES

124 2179 29 28 of
165 2188 46 28 my
224 2177 76 37 large
317 2176 53 28 and
385 2174 91 30 varied
490 2172 94 36 fctock,
597 2173 69 27 viz.:

197 2230 85 35 Suits,
295 2229 37 30 £3
350 2229 49 34 3s;
419 2226 140 35 Trousers,
576 2225 54 29 15s.

196 2270 117 37 Factory
329 2287 9 4 -
353 2268 79 28 made
473 2266 83 35 Suits,
597 2267 49 27 21s
659 2277 8 23 ;

266 2314 14 24 'J
289 2320 116 26 rousers,
419 2308 31 30 Gs
464 2307 44 29 6d.

147 2363 71 36 Ties,
234 2362 80 39 Caps,
329 2362 109 33 Braces,
453 2361 58 35 &c.,
525 2360 34 29 6d
574 2359 73 29 each.

122 2404 76 29 Hard
215 2403 54 29 and
284 2403 61 29 Soft
359 2402 59 28 Felt
438 2406 79 30 ilats,
545 2402 26 27 Is
592 2400 74 28 each.

139 2486 108 21 REDUC1
253 2485 11 8 T
266 2484 7 5 '
277 2486 7 8 X
285 2484 35 21 NS
336 2484 29 20 IN
381 2484 54 20 ALL
447 2482 96 21 OTHER
556 2481 88 20 LINES.

214 2551 38 42 E,
300 2550 41 42 A,
390 2547 179 50 HART,

117 2609 106 22 TAILOR
245 2609 15 21 k
283 2606 194 23 GENTLEMEN'S
501 2606 163 21 OUTFITTER.

172 2649 256 31 Scotland-street,
449 2646 160 28 Roxburgh.

114 2750 213 31 ROXBURGH
338 2748 158 30 BAKERY
508 2747 23 30 &
543 2746 118 30 STORE

416 2825 38 22 ft*
496 2821 21 25 V
517 2828 7 9 s

131 2919 139 37 BAKER,
299 2915 294 33 CONFECTIONER
619 2914 23 29 &

246 2965 283 34 STOREKEEPER,

148 3024 150 24 SCOTLAND
321 3023 112 26 STREET,
456 3020 168 23 ROXBURGH.

150 3096 75 30 R.K.
236 3095 103 29 desires
351 3097 30 26 to
393 3092 88 30 thank
494 3091 47 29 the
553 3090 94 29 inhabi-

113 3141 76 27 tants
203 3136 29 30 of
245 3135 154 40 Roxburgh
411 3133 54 30 and
477 3131 182 38 surrounding

113 3179 124 31 districts
260 3177 45 29 for
324 3176 46 28 the
392 3177 116 37 support
529 3171 132 31 accorded

112 3221 57 28 him
182 3220 29 27 in
224 3219 48 28 the
285 3221 70 35 past,
369 3216 52 29 and
435 3220 28 24 to
472 3214 100 29 inform
586 3213 76 29 them

113 3261 63 29 that
188 3259 119 38 nothing
318 3256 55 30 will
385 3257 36 29 be
434 3254 125 39 wanting
571 3263 35 20 on
619 3253 43 29 his

112 3305 63 35 part
187 3301 29 28 in
228 3301 47 28 the
287 3300 91 28 future
389 3303 29 24 to
426 3296 80 30 merit
513 3307 16 17 a
537 3294 110 30 continu-

110 3351 69 19 ance
192 3340 30 28 of
234 3340 72 28 their
318 3342 122 34 support.

138 3418 145 22 WEDDING
301 3418 61 19 AND
380 3415 150 22 BIRTHDAY
548 3413 91 22 CAKES

260 3452 81 21 MADE
358 3451 35 20 TO
407 3449 103 22 ORDER.

115 3500 123 26 SOIREES,
260 3498 112 23 PICNICS
393 3498 17 20 &
429 3497 86 21 BALLS
532 3493 132 23 CATERED

155 3537 56 20 FOR
227 3535 38 21 ON
281 3535 57 20 THE
351 3531 143 23 SHORTEST
512 3528 113 24 NOTICE.

115 3579 128 38 Nothing
256 3578 50 28 but
322 3577 44 27 the
379 3577 61 27 best
451 3573 123 30 material
589 3572 74 28 used.

115 3664 77 22 GOOD
206 3660 184 24 ASSORTMENT
399 3660 35 20 OF
444 3659 165 26 GROCERIES,
619 3659 44 24 4c.,

316 3696 38 21 OX
372 3695 89 21 UAJiD.

200 3758 118 27 Liberal
339 3755 139 29 Discount
491 3763 48 19 for
562 3752 83 30 Cash.

117 3857 290 40 pHRISTMASPA
437 3855 90 30 NEW
559 3854 103 29 YEAR

281 3896 239 32 NOVELTIES.,

154 3940 138 38 (Suitable
305 3940 43 28 for
365 3939 102 34 Young
480 3937 54 29 and
550 3935 75 38 Old).

217 4022 34 28 'A
259 4019 138 40 complete
411 4018 104 39 displnv
529 4012 32 38 of.
579 4035 14 5 ••

117 4063 127 29 FANCY
277 4060 131 34 GOOI'S,
443 4057 220 31 CHRISTMAS

166 4102 134 36 CARDS,
339 4100 105 34 TOYS,
484 4098 134 35 BOOKS,

236 4140 233 33 MAGAZINES,
490 4140 49 28 &c.

112 4220 148 23 BARGAINS
278 4220 39 21 ON
334 4220 56 20 THE
408 4217 138 22 SHILLING
564 4215 98 22 TABLE.

235 4287 158 28 Inspection
414 4286 122 27 Invited.

169 4372 52 57 F.
268 4366 343 62 .lEFFEHY.

118 4450 193 25 ECOKSELLIT,
323 4448 134 26 CBIJVIIST,
471 4447 81 21 NEWS
569 4445 96 23 AGINT

277 4476 167 26 STATIONER,
458 4476 37 21 &C.
555 4472 8 14 *
573 4472 15 34 /

178 4514 140 28 TEYIOT
346 4510 252 30 DISPENSARY.

117 4593 254 31 DISSOLUTION
399 4592 48 29 OF
472 4591 168 29 PARTNER-

339 4633 101 29 SHIP.

115 4718 165 37 JOHNS
334 4716 32 35 &
412 4714 249 40 M'COMBE,

248 4772 162 33 MILLEHS-
425 4771 98 30 FLAT.

115 4857 153 56 HAYLN
275 4855 24 29 G
311 4852 155 30 Purchased
477 4852 47 28 the
532 4852 129 29 Business

211 4897 29 28 of
265 4897 47 28 the
338 4894 59 27 firm
428 4893 28 28 of
486 4893 92 28 -Johns
609 4902 53 19 and

115 4939 151 35 M'Combe,
280 4937 22 28 it
315 4934 55 28 will
392 4934 33 28 be
447 4934 82 29 taken
550 4942 66 21 over
633 4944 30 19 as

116 4981 70 28 from
200 4980 49 28 the
266 4975 64 30 15th
343 4974 64 34 inst,
424 4975 53 28 and
499 4974 53 29 will
565 4975 82 28 hence-

115 5019 119 29 forward
262 5017 36 27 be
324 5014 102 28 carried
445 5024 35 19 on
505 5014 88 29 under
616 5015 47 28 the

117 5070 81 18 name
211 5057 30 30 of
288 5055 34 29 E.

153 5100 46 27 All
234 5099 130 26 accounts
402 5095 90 37 owing
522 5099 74 24 must
629 5095 35 28 be

117 5138 99 30 settled
237 5139 28 25 at
285 5144 75 19 once.

264 5188 33 28 E.
336 5185 181 35 JOHNS,

130 5241 116 23 GROCER
259 5241 62 21 AND
339 5238 135 22 GENERAL
487 5238 163 21 MERCHANT.

312 5304 154 21 AGENCIES:

117 5347 177 29 Manchester
306 5344 63 28 Fire
381 5342 149 28 Insurance
545 5341 47 29 Co.

118 5388 159 30 Australian
286 5384 107 31 Mutual
401 5382 147 31 Provident
558 5381 108 40 Society

116 5456 42 54 J?
188 5448 4 62 '
256 5453 33 39 J.
367 5448 299 44 WILLIAMS,

144 5523 201 26 HAIRDRESSER
363 5522 62 21 AND
442 5520 200 26 TOBACCONIST,

312 5563 165 30 Lawbence.

156 5649 141 33 LADIES
299 5650 8 13 5
312 5661 13 16 ;.
337 5643 296 35 HAIRCOMBINGS

198 5702 112 31 MADE
329 5699 92 31 INTO
440 5696 146 32 PLAITS.

97 5794 10 13 -?
114 5779 106 35 Orders
228 5778 39 43 by
274 5779 64 40 post
345 5773 140 43 promptly
490 5770 131 32 attended
630 5772 37 27 to.

844 206 56 22 THB
913 202 185 25 CELEBRATED

694 244 170 31 CORNISH
882 240 205 33 AMERICAN
1103 238 142 30 PIANOS

835 292 82 31 AND
942 287 161 34 ORGANS.

698 370 176 35 MESSRS
900 366 168 32 CORNISH
1090 364 24 30 &
1129 365 56 30 CO.
1200 374 46 19 are

704 407 6 17 1
735 410 14 14 *■
792 411 47 29 the
851 410 64 37 only
928 409 61 27 firm
1003 407 30 29 of
1046 405 90 30 actual
1149 416 77 18 manu-

694 452 133 28 facturers
841 450 29 29 of
888 449 68 38 high
978 447 70 38 grad
1049 457 14 11 A
1077 447 99 28 Pianos
1190 445 54 29 and

696 492 106 37 Organs
827 490 29 28 in
881 489 47 28 the
963 487 104 30 United
1095 487 91 28 States
1218 485 28 29 cf

696 531 110 28 Aineria
837 530 99 37 selling
965 527 168 38 exclusively
1159 527 87 28 direct

694 572 71 27 from
778 571 47 28 the
838 570 107 38 factory
954 572 29 26 to
995 570 46 27 the
1050 567 111 39 general
1175 567 57 38 pub
1241 567 3 41 •

694 611 44 35 lie,
747 615 29 24 at
785 610 169 39 guaranteed
964 609 143 30 wholesale
1117 608 74 39 price
1201 607 45 29 for

694 663 15 17 a
722 652 89 38 single
820 652 179 28 instrument.
1038 649 45 29 No
1096 654 100 31 agents
1216 658 30 19 or

694 691 105 29 dealers
820 702 47 18 are
888 692 113 28 allowed
1027 694 28 25 to
1077 689 99 29 handle
1200 689 47 27 the

695 732 116 29 Cornish
820 733 146 28 American
980 731 98 28 Pianos
1085 741 32 17 or
1126 729 118 38 Organs.

695 773 27 29 It
735 773 22 30 is
768 773 60 39 just
842 784 29 19 as
883 783 66 29 easy
962 773 43 30 for
1019 772 47 29 the
1088 769 110 30 readers
1218 769 29 29 of

694 815 54 27 this
761 825 86 27 paper
860 819 28 24 to
902 814 37 28 sit
950 814 79 28 down
1055 811 54 29 and
1133 810 80 28 order
1232 820 16 17 a

695 854 87 31 Piano
795 864 31 20 or
840 854 93 40 Organ
946 854 71 29 from
1032 850 134 35 America,
1180 859 29 18 as
1219 852 29 25 to

696 896 81 29 order
786 908 53 18 one
850 897 71 28 from
933 896 70 29 their
1014 893 84 30 music
1109 896 82 31 store,
1201 891 46 29 the

696 938 65 38 only
775 938 146 29 difference
936 937 84 37 being
1032 935 66 36 tliey
1110 932 55 29 will
1183 942 65 18 save

698 978 68 28 from
782 979 36 28 50
830 983 29 24 to
877 979 49 27 100
939 979 133 37 percent.

735 1018 53 30 We
801 1019 69 30 have
885 1018 107 40 Organs
1006 1016 70 29 from
1088 1015 40 29 £5
1140 1016 28 26 to
1181 1013 68 33 £25,

700 1060 98 29 Pianos
811 1061 68 28 from
895 1060 57 29 £34
964 1063 28 24 to
1006 1058 66 31 £fio,
1083 1055 53 29 and
1146 1065 41 18 we
1200 1053 47 30 sell

688 1094 1 51 |
699 1100 43 29 for
754 1100 65 29 cash
832 1110 32 19 or
890 1110 71 28 upon
981 1097 160 29 instalment
1160 1094 88 38 plans,

698 1145 29 24 to
741 1141 56 29 suit
818 1143 47 27 the
888 1138 181 31 convenience
1082 1136 30 29 of
1124 1136 47 29 the
1184 1145 48 29 pur-

699 1182 104 29 chaser.
844 1182 56 29 Our
930 1181 76 38 large
1034 1178 53 29 and
1116 1176 133 39 complete

699 1223 143 36 catalogue
865 1221 52 28 will
943 1222 34 27 be
1002 1218 152 30 forwarded
1176 1228 72 28 upon

700 1267 118 34 request.
858 1263 27 28 It
897 1262 23 28 is
933 1261 48 29 the
993 1261 81 28 finest
1083 1258 166 38 description

700 1304 28 27 of
742 1303 99 27 Pianos
855 1301 54 28 and
923 1301 108 38 Organs
1043 1299 90 29 issued
1148 1299 38 37 by
1197 1308 52 26 any

688 1338 1 40 |
700 1343 59 26 firm
783 1343 26 26 in
834 1343 46 27 the
907 1345 123 33 country,
1044 1339 52 28 and
1112 1339 77 37 gives
1203 1338 46 27 the

688 1375 1 43 !
698 1381 89 28 actual
801 1381 104 37 factory
919 1380 79 27 value
1010 1379 30 28 of
1050 1388 83 26 every
1148 1378 86 27 iustru-

688 1412 1 42 !
698 1425 76 24 ment
786 1421 22 28 it
820 1419 147 30 describes.
990 1418 75 29 With
1079 1427 84 27 every
1175 1419 59 26 cata-

698 1462 80 37 logue
791 1461 23 28 is
827 1460 146 38 presented
987 1470 50 18 our
1050 1459 100 37 unique
1164 1457 70 28 refer-

696 1512 66 17 ence
776 1501 82 35 book,
973 1500 86 27 Heart
1072 1499 28 28 of
1113 1499 48 27 the
1180 1497 51 27 Peo-

696 1541 75 37 ple/'
794 1539 88 30 Write
890 1541 44 28 for
942 1540 152 36 catalogue.
1116 1537 132 35 Address,

794 1589 3 36 •
817 1591 171 29 CORNISH
1004 1599 29 20 «
1056 1589 67 36 CO.,

708 1640 162 26 Washington,
884 1640 54 20 New
950 1639 91 26 Jersey,
1052 1638 59 27 U.S.,
1123 1639 111 19 America.

731 1709 331 30 EXTRAORDINARY

929 1755 279 30 OPPORTUNITY.

693 1837 77 21 FROM
790 1838 57 20 THE
867 1837 130 21 FACTORY
1018 1837 104 19 DIRECT
1136 1836 35 20 TO
1190 1835 57 20 THE

888 1864 156 23 CUSTOMER.

696 1934 90 53 OUR
800 1937 105 23 Company
919 1936 17 19 is
955 1934 73 25 selling
1041 1934 66 19 direct
1120 1935 21 18 to
1156 1933 35 20 the
1203 1941 33 12 cus-

771 1966 71 21 tomer,
861 1962 48 20 thus
929 1961 107 24 procuring
1054 1960 32 20 for
1104 1960 35 20 the
1157 1959 62 21 hitter
1236 1967 10 13 a

695 1992 74 23 double
794 1995 102 20 economy,
922 1988 87 25 namely,
1030 1988 37 19 the
1086 1987 62 27 profit
1166 1987 21 20 of
1211 1987 35 20 the

696 2019 106 25 wholesale
813 2018 73 26 dealer,
896 2017 39 20 and
946 2016 35 21 the
991 2023 55 14 mor«
1056 2015 139 22 considerable
1208 2022 38 13 one

696 2052 21 18 of
725 2052 34 18 the
767 2048 56 20 retail
835 2046 74 21 dealer,
920 2045 121 22 ani"un'ing
1053 2047 21 17 to
1082 2044 52 20 from
1143 2044 21 19 5s
1176 2046 21 17 to
1204 2044 43 20 £lO

696 2084 52 19 upon
764 2083 11 12 a
785 2074 63 25 single
858 2072 73 21 watch.
960 2072 66 19 Retail
1035 2078 29 12 wa
1077 2072 24 19 ch
1112 2071 78 19 dealers
1206 2070 40 20 and

695 2104 107 28 jewellers,
809 2101 79 25 usually
894 2099 72 24 selling
973 2098 38 21 hut
1016 2106 11 13 a
1034 2098 38 21 few
1082 2098 87 21 watches
1183 2098 63 25 daily,

695 2140 33 13 are
738 2131 66 21 foiced
816 2133 20 16 to
846 2128 59 21 make
915 2134 24 13 an
948 2126 154 26 extraordinary
1113 2127 60 25 profit
1191 2133 53 19 upon

695 2160 47 20 each
754 2165 36 13 one
809 2157 43 20 sold
863 2156 19 20 in
901 2155 60 20 order
980 2156 22 18 to
1011 2154 71 26 defray
1095 2154 53 20 their
1164 2161 12 17 g
1190 2153 54 20 n.-ral

695 2195 22 14 ex
721 2195 18 19 pi
747 2192 50 15 nses.

721 2221 38 20 We
785 2218 141 23 manufacture
949 2223 21 12 as
996 2223 37 14 nir
1065 2215 106 26 sr'cinli'y
1199 2214 42 20 <nU

695 2250 82 21 sterling
795 2249 61 19 silver
874 2254 22 12 or
915 2242 46 29 gold
987 2244 148 21 sr.jn-wijide's
1159 2243 86 21 (kcv!e~f

696 2275 101 25 watches).

723 2311 43 22 The
778 2309 78 28 keyless
863 2308 122 23 mechanism
1002 2316 6 10 <
1016 2307 7 15 (
1039 2306 87 20 watch*-*
1143 2304 3 33 :
1149 2314 8 11 s
1232 2304 15 18 >f

697 2340 34 21 the
754 2341 52 18 most
826 2339 111 23 important
953 2336 38 20 an-1
1009 2343 11 12 u
1034 2334 3 28 •
1046 2337 28 18 tu'
1093 2341 11 9 >-
1116 2340 54 11 v-:.t-
1187 2334 3 28 .
1201 2341 8 10 s
1225 2334 3 28 -
1240 2334 6 16 f

698 2367 82 21 ir.r.dero
802 2365 68 22 times.
898 2364 81 21 Instead
997 2364 19 17 of
1038 2364 42 18 fmn
1107 2369 31 13 :i>t
1191 2368 18 8 •'
1220 2364 2 24 •

698 2395 82 25 pockets
790 2397 21 16 to
824 2393 40 21 find
879 2392 35 20 the
929 2392 20 20 k<
957 2399 19 18 \,
996 2392 28 17 w},
1036 2397 21 12 .-r.
1076 2390 56 18 vli.i-
1151 2389 61 19 f..»-.!
1230 2389 4 31 i

697 2427 52 16 most
769 2421 75 25 always
869 2420 53 21 filled
942 2420 48 19 with
1006 2418 115 19 -nst—'lis
1136 2417 20 18 «f
1176 2425 14 9 r-
1201 2423 25 12 ms-

698 2451 57 23 being
762 2448 122 22 transferred
900 2449 21 19 to
931 2448 35 20 the
978 2447 63 19 w.itch
1055 2458 5 3 -
1119 2445 35 20 ha*
1185 2448 20 16 u'
1226 2450 19 13 *«>

696 2481 46 17 turn
751 2484 11 14 a
775 2476 86 21 knurbd
874 2476 73 20 button
964 2475 58 20 fi:.ted
1034 2477 21 16 t>>
1065 2473 35 20 the
1116 2472 90 26 pendent
1216 2473 19 16 In

696 2505 59 26 ting),
766 2505 47 20 thus
822 2503 87 26 winding
917 2503 34 19 the
962 2502 65 20 watch
1034 2501 40 20 and
1088 2500 114 27 regulatiug
1210 2499 34 20 the

695 2533 62 21 hands
767 2533 24 20 bv
802 2533 34 20 the
845 2538 54 14 same
914 2537 75 15 means.

719 2568 43 21 Our
773 2567 86 21 watches
868 2573 34 14 are
909 2565 130 27 everywhere
1047 2562 114 26 recgnised
1179 2564 20 17 to
1220 2561 24 21 le

695 2596 34 19 (he
744 2595 44 19 best,
806 2595 18 19 in
836 2594 34 19 the
885 2594 87 24 inatket,
983 2592 117 24 surpassing
1112 2591 25 18 ail
1149 2590 60 19 other
1217 2590 26 24 l>y

693 2623 35 19 the
738 2622 96 26 precision
851 2621 21 20 of
882 2621 53 20 their
943 2622 127 18 movements
1084 2625 21 12 as
1123 2617 45 20 well
1180 2625 20 11 as
1216 2616 27 26 hy

693 2651 52 20 their
754 2656 95 20 accuracy
858 2648 39 21 and
907 2648 118 24 cheapness.

717 2686 42 20 Our
769 2685 86 25 factory,
870 2684 54 20 since
941 2683 25 20 its
976 2681 120 22 foundation
1105 2681 19 20 in
1138 2681 23 20 18
1170 2680 24 25 »2,
1206 2679 35 20 has

691 2712 92 28 acquired
794 2722 10 10 a
821 2710 123 23 world-wide
960 2710 124 26 reputation,
1100 2708 38 20 and
1145 2707 95 21 obtained

691 2742 35 20 the
751 2740 81 25 highest
853 2739 79 20 awards
952 2738 52 21 from
1024 2738 25 19 all
1070 2737 37 20 the
1128 2737 113 24 important

691 2769 135 21 Exhibitiow.
855 2767 33 20 No
914 2767 66 20 watch
1008 2766 67 19 luaves
1102 2771 37 13 our
1163 2764 76 19 factorv

693 2796 86 21 without
800 2795 74 21 having
893 2794 50 19 been
961 2792 99 25 carefully
1078 2791 106 20 Pxainio-d

691 2823 89 23 verified,
797 2822 49 22 thus
865 2821 59 23 being
939 2821 61 26 rea'y
1020 2820 30 21 for
1069 2819 47 20 imm
1130 2818 55 21 diate
1196 2824 42 14 use.

691 2851 54 22 Each
755 2858 37 13 one
799 2851 16 20 is
825 2855 37 22 put
869 2856 28 20 up
907 2849 20 21 in
935 2856 25 13 an
969 2848 89 26 ellegant
1072 2846 101 21 silk-lined
1187 2853 51 17 case,

690 2880 39 18 and
739 2878 140 25 accompanied
889 2877 26 24 by
924 2884 11 11 a
947 2879 100 21 warranty
1057 2875 32 18 for
1099 2875 57 18 Hire*
1174 2881 63 12 veais.

715 2905 44 21 The
775 2905 63 23 buyer
851 2910 47 14 »iav
914 2905 70 18 return
1003 2909 41 14 anv
1096 2907 39 13 w
1152 2900 87 19 watches

692 2933 76 21 wit.hen
776 2932 29 20 six
815 2931 83 21 months
907 2929 73 21 should
994 2929 36 21 the
1046 2928 62 21 latter
1121 2928 36 20 not
1173 2927 65 21 afford
1248 2927 1 27 ;

691 2961 35 21 the
735 2962 53 18 most
797 2959 99 26 complete
903 2957 135 21 satisfaction.
1042 2957 2 28 1

716 2987 35 21 All
767 2987 78 20 articles
860 2985 43 21 sold
919 2992 35 14 are
969 2983 103 21 delivered
1082 2983 46 25 post
1138 2982 49 26 free,
1199 2982 40 19 and

691 3017 77 19 custom
784 3013 51 25 duty
851 3012 47 24 paid
916 3014 22 18 to
955 3018 40 19 any
1013 3013 46 23 part
1076 3009 22 21 of
1116 3010 34 19 the
1169 3009 69 25 world,

691 3041 48 21 thus
748 3041 87 19 without
844 3040 35 20 the
893 3039 95 26 slightest
999 3037 81 23 trouble
1097 3043 23 14 or
1135 3036 104 25 formality

691 3070 22 19 to
722 3068 35 20 the
765 3067 93 21 receiver-

717 3095 34 21 All
761 3095 74 26 lepairs
858 3094 74 25 during
950 3093 36 21 the
1003 3093 13 21 3
1025 3098 57 21 years
1100 3090 22 22 of
1130 3091 111 25 guarantee

692 3130 34 13 are
750 3122 96 21 executed
871 3121 142 26 gratuitously,
1039 3119 16 21 if
1072 3119 36 20 the
1133 3118 65 21 watch
1216 3117 25 21 be

693 3150 111 21 forwarded
815 3152 21 18 to
846 3157 36 13 our
892 3148 83 22 London
984 3149 64 21 office.

717 3178 43 21 The
766 3178 102 26 following
873 3185 34 13 are
914 3177 45 21 cash
967 3177 64 27 prices
1041 3176 87 21 without
1133 3174 108 22 discount:

1180 3213 16 21 £
1221 3218 20 16 s.

742 3246 26 21 A-
783 3245 148 26 Stem-winder,
947 3244 87 25 sterling
1047 3243 67 25 silver,
1124 3241 43 21 hall

792 3273 89 26 marked,
900 3272 92 27 jewelled
1008 3272 23 21 in
1048 3271 11 20 6
1083 3270 83 26 actions,

790 3302 74 26 crystal
872 3301 59 27 glass,
939 3308 11 14 a
959 3303 71 23 strong
1037 3300 40 21 and
1084 3298 84 22 durable

792 3329 64 20 watch
891 3344 22 6 ...
1018 3343 23 6 ...
1145 3342 21 5 -■
1220 3324 24 20 12

724 3374 45 20 AA.
784 3372 42 21 The
835 3378 53 14 same
898 3370 49 22 with
957 3370 77 22 double
1049 3369 60 22 silver
1123 3375 45 15 case

792 3399 105 26 (HuLter),
905 3399 101 26 elegantly
1019 3397 98 27 engraved
1145 3413 22 5 „.
1220 3396 24 20 18

745 3443 25 20 B.
785 3441 52 22 Gold
856 3440 143 26 stem-winder,
1022 3439 42 21 ball
1084 3439 83 21 marked

795 3472 69 23 strorg
875 3468 76 27 k'yltss
960 3469 76 24 action,
1045 3467 91 26 jewelled
1147 3467 19 20 in

795 3497 23 20 l'i
836 3498 83 23 actions,
938 3496 48 20 with
1009 3495 46 26 gold
1078 3502 23 14 or
1118 3494 48 20 steel

795 3524 129 23 hands,small
932 3523 70 21 second
1014 3522 154 27 dialyengraved

795 3552 19 19 in
822 3551 98 20 beautiful
926 3550 240 27 designs,engine-turned

795 3586 22 12 or
825 3579 52 24 plain
886 3578 95 26 polished,
986 3578 33 20 wit
1023 3578 144 26 h-Tsonogram,
1177 3584 6 12 <

794 3606 80 21 initials,
884 3613 59 19 arms,
954 3608 39 19 etc.
1021 3623 21 4 ...
1145 3603 98 23 ...'2O

728 3652 41 21 88.
784 3651 42 20 The
835 3658 13 13 s-
858 3658 30 13 me
896 3657 20 13 as
926 3650 23 26 B,
957 3650 48 21 with

794 3679 45 26 gold
850 3685 50 19 case,
910 3685 23 13 an
950 3678 100 21 excellent
1064 3677 39 21 and
1119 3683 49 15 veiv

794 3707 80 23 elegant
883 3706 123 25 timekeeper
1096 3713 9 5 -
1143 3720 22 6 ...
1192 3703 51 21 HlO

743 3749 24 21 C.
782 3747 63 21 Roval
855 3746 144 25 chronograph,
1012 3746 22 20 IS
1044 3747 56 20 carat
1110 3746 53 22 gold,

794 3778 49 18 most
855 3775 90 23 superior
952 3774 77 26 key'ess
1041 3777 123 21 movement,

793 3803 20 18 rf
828 3803 34 19 the
880 3804 51 18 mrst
947 3804 91 18 accurate
1055 3802 96 19 workman-

793 3831 52 25 ship,
863 3829 39 21 and
921 3836 36 13 one
971 3829 21 21 of
1005 3829 35 21 the
1050 3829 43 21 best
1104 3836 48 13 wear-

792 3858 92 22 resisting
895 3857 85 22 watches
1016 3874 21 5 ...
1142 3874 21 5 ...
1191 3857 11 20 4
1229 3857 12 19 0

722 3902 40 21 CC.
777 3901 42 21 The
829 3907 53 14 same
893 3899 62 21 watch
968 3900 50 20 with
1035 3900 37 19 don
1076 3900 31 19 We
1124 3900 39 20 and

793 3930 55 19 extra
859 3930 69 21 strong
999 3928 23 20 IS
1039 3929 54 18 carat
1109 3928 53 24 gold,

792 3956 117 25 artistically
949 3956 106 24 engraved,
1090 3962 74 15 engine

792 3983 72 22 turned
884 3990 22 13 or
921 3983 55 25 plain
994 3982 99 26 polished,
1114 3984 50 19 with

792 4017 134 19 monogianm,
936 4010 82 26 initials,
1029 4013 31 19 etc
1218 4009 23 20 10

743 4055 26 21 D.
785 4053 94 26 Imperial
888 4054 92 20 calendar
987 4053 144 23 chronometer.
1141 4054 23 21 18

792 4084 56 18 carat
865 4082 52 23 gold,
939 4081 105 22 ko(boating
1065 4082 35 18 the
1117 4083 46 19 duv.

793 4109 35 19 the
839 4108 61 22 week,
912 4108 34 19 the
958 4108 76 25 iionth,
1041 4108 39 19 and
1090 4108 46 20 date
1144 4108 22 19 of

792 4135 80 25 month,
888 4134 94 27 'jewelled
1037 4135 25 21 18
1082 4135 82 22 s>cion*,

795 4163 47 21 with
859 4163 25 20 all
896 4163 35 20 the
940 4163 57 20 latest
1009 4163 157 26 improvements

793 4192 38 19 and
848 4191 121 22 inventions,
981 4196 36 13 on°
1032 4191 21 19 of
1070 4191 35 20 the
1122 4191 45 19 best

793 4219 39 19 and
856 4219 53 19 most
929 4217 129 23 magnificent
1080 4218 86 21 watehes

793 4246 162 21 manufactured,
971 4245 47 21 such
1030 4253 21 12 as
1062 4253 32 13 are
1105 4253 62 12 never

793 4275 42 20 snYl
846 4274 25 20 bv
882 4273 58 21 re'ail
947 4273 76 20 dealers
1031 4274 32 20 Tor
1071 4274 95 20 lessthan

1020 4317 22 4 ...
1145 4317 21 5 ...
1182 4300 24 20 10
1232 4300 12 18 0

719 4348 34 21 AH
762 4354 37 14 our
808 4347 126 20 watchesare
940 4347 153 19 manufactured
1101 4347 18 19 in
1128 4347 12 20 2
1147 4346 45 20 difl>
1199 4346 45 19 rent

693 4377 58 26 size«,
762 4376 54 22 large
826 4375 37 21 and
874 4374 57 22 sTr.fll'
943 4374 39 24 (for
992 4374 113 26 gentlemen
1112 4374 40 22 flD(l
1164 4373 80 25 ladies.)

694 4405 87 19 without
792 4404 110 19 difference
909 4403 22 19 of
942 4410 60 17 pitce.

721 4431 39 20 Old
772 4430 94 20 watches,
877 4429 32 19 o'd
920 4429 45 24 goM
976 4429 38 19 and
1026 4429 60 19 silver
1096 4429 39 19 will
1146 4429 24 18 he
1182 4428 61 19 taken

693 4459 20 20 in
724 4459 98 26 payment
832 4459 21 17 at
869 4457 36 19 the
923 4457 81 25 highest
1019 4456 67 25 value,
1098 4456 15 19 if
1131 4453 112 23 forwarded

693 4487 25 20 bv
730 4485 64 26 parcel
806 4486 45 25 post
862 4486 20 19 to
892 4492 37 12 our
938 4484 88 24 addpe*«_

720 4514 138 20 Remittances
873 4519 46 20 may
935 4513 27 18 be
982 4512 58 20 made
1059 4511 65 21 either
1138 4511 27 26 by
1175 4509 68 22 Postal

690 4541 75 26 Order,
775 4539 91 28 Cinque,
877 4539 59 22 Bank
947 4539 62 21 NVes
1019 4539 91 25 (postage
1127 4542 77 21 s'amps
1213 4537 31 21 for

692 4568 58 22 small
764 4568 103 25 amounts)
884 4567 21 20 of
924 4574 39 20 any
983 4572 93 26 country-
1093 4566 21 21 in
1134 4564 109 28 registeted

692 4597 69 25 letter,

717 4624 21 19 Tt
759 4623 17 20 is
795 4630 37 13 our
850 4629 38 13 arm
900 4624 22 17 to
942 4622 45 22 give
1004 4622 36 19 the
1060 4628 16 12 «
1078 4622 6 12 4
1088 4621 54 19 most.
1157 4619 87 24 possible

691 4650 125 21 satisfaction
837 4650 21 19 to
876 4656 38 13 our
929 4648 80 26 clients,
1025 4647 95 22 knowing
1137 4646 42 21 this
1189 4648 21 17 to
1219 4645 25 19 be

690 4678 37 20 the
733 4677 45 20 best
788 4676 159 21 advertisement,
961 4676 33 20 for
1006 4683 38 13 our
1053 4674 104 27 products,
1168 4673 38 19 and
1217 4673 26 19 all

693 4705 45 20 who
744 4705 51 20 have
815 4711 48 14 oree
881 4703 85 26 Irntpred
977 4704 44 21 into
1039 4702 93 21 business
1147 4700 97 21 relations

692 4732 48 19 with
748 4739 23 12 us
779 4731 67 25 gladly
856 4732 127 19 recomme,nd
994 4738 24 15 us
1029 4734 21 18 to
1060 4730 54 19 their
1119 4728 78 21 friends
1204 4727 39 20 and

688 4758 163 25 acquaintances.

716 4791 90 23 Address
815 4791 31 23 for
854 4791 71 23 letters
935 4791 40 23 and
987 4790 69 24 orders
1066 4799 5 15 :

714 4835 115 41 Worse
853 4835 273 51 Manufacturing
1153 4833 69 49 Co.,

815 4887 19 27 7,
855 4887 55 21 RED
929 4888 68 21 LION
1016 4887 94 22 COURT

884 4923 100 25 London,
1006 4923 49 21 E.C.

870 4993 22 18 at
915 4998 56 19 once,
995 4992 20 20 in
1035 4998 60 17 every
1110 4991 91 24 locality,
1220 4995 24 13 an

691 5019 117 24 intelligent
829 5025 71 18 person
922 5021 21 18 to
957 5020 32 20 act
1004 5026 21 12 as
1051 5025 38 13 our
1111 5019 74 24 Agent.
1213 5016 33 20 No

692 5045 74 27 special
797 5045 118 27 knowledge
951 5053 18 13 rf
971 5046 36 27 qui
1010 5045 43 26 red,
1084 5046 40 20 and
1158 5044 86 20 without

692 5074 120 20 interfering:
832 5073 50 22 with
898 5076 82 23 present
1002 5074 127 25 occupation.
1157 5072 89 25 Highest

692 5102 66 25 salary
777 5101 39 20 and
837 5102 135 20 commission.
1001 5102 31 20 An
1052 5101 102 21 excellent
1174 5106 59 19 oppor-

702 5128 59 26 unity
775 5128 32 20 for
821 5135 12 13 a
847 5128 82 26 capable
940 5135 66 18 voung
1018 5135 47 13 man
1075 5135 22 13 or
1108 5127 55 22 ladv.

693 5186 207 52 yiCTORIA
918 5186 145 30 LIVERY
1078 5183 168 33 STABLES

781 5252 70 21 PEEL
865 5253 110 23 STREET.
990 5253 168 22 LAWRENCE.

695 5319 35 42 T,
758 5320 121 51 Dwyer
924 5332 7 30 :
979 5333 6 29 :
1041 5322 205 50 Proprietor.

733 5407 59 28 The
804 5417 66 28 very
882 5409 62 29 best
959 5409 129 38 Stabling
1104 5407 142 40 provided,

696 5447 66 28 with
776 5458 16 17 a
805 5447 100 29 Groom
919 5449 100 29 alwavs
1032 5450 28 28 in
1073 5449 173 29 attendance.

987 5476 10 11 J

697 5538 26 28 A
745 5537 158 31 Handsome
928 5540 55 29 and
1010 5539 238 41 Well-appointed

796 5600 152 36 Hearse
972 5613 51 25 on
1051 5603 103 35 Hire.

735 5692 158 29 First-class
925 5693 104 39 Single'
1050 5695 55 29 and
1138 5694 108 29 Doable

698 5732 139 39 Buggies;
858 5733 65 31 also,
938 5733 107 30 Ladies'
1059 5735 55 29 and
1133 5734 96 30 Gentle-

696 5772 87 30 men's
797 5772 101 30 Saddle
911 5773 112 31 Horses.

1275 284 91 60 W.
1411 284 73 54 T.
1527 285 302 66 Talboys,

1441 381 224 37 ROXBURGH,

1305 453 59 29 Has
1377 464 62 18 now
1453 454 114 38 Opened
1583 454 43 28 liis
1639 454 90 37 Large
1743 454 54 28 and

1387 506 102 30 Varied
1504 507 177 29 Assortment
1690 506 29 29 of

1283 576 296 57 WINTER

1484 668 345 57 .GOODS!

1403 731 11 14 'i
1451 734 7 11 /
1468 723 2 23 '
1513 726 9 19 /
1607 723 4 23 4
1632 730 5 7 *
1712 739 5 7 •«
1736 724 6 17 •'

1409 764 59 40 (per
1495 762 62 31 S.S.
1585 761 119 39 Gothic.)

1309 844 208 29 BLANKETS
1531 845 5 27 !
1577 840 203 31 BLANKETS
1794 842 6 28 !

1314 897 209 29 White—from
1536 897 33 29 9s
1585 896 52 29 lid
1652 906 50 28 per
1714 895 60 39 pair

1316 938 248 29 Coloured—froni
1579 938 32 28 9s
1630 937 52 28 lid
1696 946 49 28 per
1755 945 62 29 pair

1292 1002 6 7 %
1405 990 14 21 X
1460 997 15 12 iL
1487 993 6 7 r

1399 1019 323 39 BUGS!vIRUGSI

1357 1080 111 39 Stviped
1531 1080 71 27 from
1638 1079 32 27 4s
1698 1078 61 28 lid.

1434 1134 4 11 *
1451 1137 6 8 V
1485 1134 5 6 •'

1404 1162 113 30 WOOL
1552 1159 172 31 SHAWLS.

1371 1216 25 28 A
1432 1214 93 38 -Large
1561 1215 186 27 Assortment.

1329 1307 237 40 WINTER
1620 1303 170 42 DRE^

1452 1365 212 39 STUFFS

1541 1423 28 19 IN

1343 1466 154 36 SERGES,
1525 1461 241 39 CORDUKO'YS,

1428 1517 256 36 TWEEDS,-A-c.,

1334 1572 82 29 From
1434 1573 48 28 10s
1499 1571 34 28 6d
1546 1571 47 27 the
1608 1569 59 29 Full
1684 1569 91 28 Dress.

1366 1653 135 38 Splendid
1527 1654 174 27 assortment'
1717 1650 29 29 of

1411 1705 90 31 NEW
1528 1703 169 32 JACKETS

1448 1754 71 27 irom
1550 1753 45 27 10s
1622 1752 45 28 Cd.

1322 1845 82 42 New
1446 1844 174 49 Millinery,
1654 1841 135 51 Gloves,

1627 1901 64 42 &c,

1374 1996 105 32 LONG
1517 1996 77 31 FUR
1634 1995 97 30 BOAS

1456 2041 71 27 from
1554 2040 31 27 4s
1613 2038 44 29 Cd.

1370 2122 21 27 A
1417 2120 77 37 large
1520 2121 168 27 assortment
1708 2117 28 28 of

1314 2181 27 28 M
1361 2179 107 29 KN'S
1522 2175 272 33 CLOTHING.

1420 2262 94 27 Latest
1541 2260 92 36 Styles
1658 2260 28 26 in

1354 2307 107 36 HATS,
1493 2305 183 37 SCARVES,
1705 2305 50 31 &c.

1317 2400 21 25 M
1348 2397 83 28 EN'S
1452 2396 137 29 TWEED
1614 2396 63 29 STJI
1689 2397 5 26 I
1705 2397 18 28 S
1745 2396 47 27 TO

1277 2446 79 35 65s
1486 2443 128 29 ORDER
1749 2443 78 36 65s

1323 2531 116 29 MENS'
1467 2540 54 19 and
1548 2530 98 29 BOYS
1682 2530 96 30 CAPS

1274 2582 25 27 in
1324 2581 108 29 endless
1453 2580 212 37 variety—from
1693 2580 34 28 6d
1751 2580 75 28 each.

1318 2663 23 27 A
1357 2662 77 39 large
1448 2662 52 29 and
1515 2661 124 29 assorted
1654 2661 79 29 stock
1747 2661 29 29 of

1369 2713 119 30 BOOTS
1514 2723 54 19 and
1597 2712 130 30 SHOES.

1383 2749 12 10 T

1283 2827 88 54 W.
1387 2827 59 54 T.
1470 2824 355 66 TALBOYS,

1407 2918 284 43 ROXBURGH.

1338 3078 420 43 BERNSTONE,

1319 3156 77 30 THE

1418 3217 94 35 (From
1539 3217 153 36 Dtinedin),

1432 3293 64 31 ILL
1512 3294 66 30 visit
1592 3293 172 39 Roxburgh,-

1369 3336 12 13 *
1470 3333 127 35 Millers''
1606 3334 71 34 Flat,
1703 3333 55 28 and

1347 3375 191 38 surrounding
1571 3373 124 30 districts
1728 3377 28 24 at

1347 3415 109 38 regular
1468 3415 140 35 intervals,

1481 3470 81 29 ivhen
1577 3469 34 29 he

1656 3505 11 19 i
1674 3504 22 20 Vii
1702 3503 8 5 ~
1720 3502 2 22 •
1744 3503 10 15 >
1772 3502 10 9 *
1796 3502 6 11 <
1825 3502 4 22 *

1359 3537 102 28 WILL
1476 3537 104 30 TAKE
1595 3535 149 31 ORDERS
1794 3551 6 7 •
1806 3544 7 14 '

1348 3601 28 25 to
1401 3598 54 28 suit
1470 3598 44 27 tLr>
1530 3594 232 31 coTivenience'Vif

1423 3645 47 29 the
1487 3644 66 29 local
1576 3643 103 39 public.

1393 3740 129 30 Charges
1547 3740 159 28 Moderate.

1348 3836 75 29 Suits
1434 3835 67 29 from
1514 3836 37 28 £o
1564 3834 42 35 3s;
1622 3834 130 28 Trousers

1475 3881 70 28 from
1563 3882 55 27 16s.

1346 3975 44 29 Fit
1404 3974 174 29 Guaranteed
1597 3984 31 17 or
1649 3974 102 37 Money

1448 4026 47 24 not
1509 4021 141 39 accepted.

1305 4154 185 31 BOROUGH
1508 4154 51 30 OF
1578 4154 224 30 ROXBURGH.

1275 4228 102 56 THF,
1399 4228 117 26 Bnroiio-li
1540 4227 102 28 Council
1666 4228 77 26 invir»•
1764 4229 48 25 Ten-

1360 4266 54 26 ders
1429 4266 60 26 frntn
1502 4275 101 24 persons
1615 4266 97 28 willing-
1724 4272 22 21 ':<>

1277 4306 40 24 the
1333 4304 101 26 Council
1451 4303 40 25 'hn
1501 4313 54 15 ssjm
1568 4304 27 25 of
1604 4303 73 30 £350
1691 4304 37 25 for
1742 4314 10 15 a
1769 4311 60 17 term

1275 4342 28 25 of
1319 4349 72 16 seven
1407 4349 70 16 years

1310 4380 111 26 Tenders
1451 4384 24 19 tn
1508 4378 27 24 he
1574 4377 88 31 lodged
1696 4379 61 26 wi'Ti
1789 4375 40 28 the

1277 4416 117 27 Bnrouirh
1410 4415 132 25 Treasurer
1566 4416 31 23 liv
1625 4417 13 25 7
1658 4415 92 26 o'clock
1769 4424 60 26 pm.

1275 4462 30 17 on
1322 4453 69 25 30th
1406 4451 69 27 TUN
1484 4452 24 26 R.
1526 4452 64 26 IM)7

1406 4502 117 29 JAMEZ
1553 4502 166 34 BURTON,

1649 4541 141 26 n'r^jKnr^r.

3038 5723 47 20 You
3096 5722 50 20 have
3156 5720 70 21 ruined
3234 5725 51 20 your
3294 5718 131 21 constitution
3436 5716 121 27 sufficiently

3012 5750 26 26 by
3050 5749 96 25 drinking
3160 5748 81 21 inferior
3255 5749 40 18 tea.
3322 5745 85 21 Itecruit
3421 5745 24 24 by
3463 5743 94 27 drinking

3012 5777 47 25 only
3069 5776 64 21 Kozie
3143 5778 39 19 tea.
3208 5774 21 21 It
3238 5773 117 27 ispureaud
3363 5772 108 21 reliable.-
3479 5772 65 21 Advt.
