4240 5910
121 212 58 29 The
192 212 140 29 chairman
346 211 60 29 said
425 210 66 35 they
511 207 53 29 had
584 206 51 28 had

84 253 117 29 another
222 252 55 30 and
299 263 16 18 a
337 252 90 29 better
446 250 67 30 offer
534 251 30 26 at
588 246 48 29 the

84 305 76 18 same
172 294 76 35 time,
258 293 89 30 which
358 303 53 18 was
422 291 62 30 that
492 290 47 29 the
551 289 85 28 lessee

85 334 96 29 should
195 334 79 29 work
287 334 47 28 the
347 334 80 28 claim
445 331 54 29 and
513 330 63 37 give
589 327 46 28 the

85 383 134 31 company
233 374 59 30 half
305 374 47 30 the
364 372 65 41 gold
444 367 154 34 recovered.

124 416 45 28 Mr
182 415 135 38 Tamblyn
328 414 199 37 thought-they
538 407 96 32 should

83 456 71 28 lnve
166 456 93 29 closed
272 455 66 29 with
352 465 51 19 one
416 454 29 29 of
459 453 75 29 these
544 449 89 30 offers,

91 498 25 27 if
130 498 46 28 the
189 506 135 29 company
337 499 49 35 got
399 496 63 27 Bozs
475 493 72 28 clear
569 489 48 28 dur-

84 537 51 39 ing
147 538 48 28 the
209 537 50 37 dry
281 546 105 23 season,
409 534 21 28 it
452 530 86 30 would
564 529 68 28 have

83 578 69 28 been
167 578 91 27 better
270 577 66 27 than
348 576 72 26 what
433 573 65 35 they
510 569 52 29 had
572 572 58 34 got,

80 617 82 29 while
186 617 47 28 the
256 617 69 29 offer
346 611 155 32 mentioned
524 610 37 37 by
584 607 46 28 the

78 659 141 27 chairman
233 668 54 18 was
302 658 90 28 better
404 653 64 29 still.

118 698 46 29 Mr
187 698 112 38 Waigth
322 696 57 29 said
406 694 43 28 Mr
468 687 159 32 Tamblvn's

82 738 66 29 offer
173 750 55 17 was
254 737 78 29 made
357 747 35 18 on
419 734 44 28 the
487 740 49 20 eve
562 727 28 30 of
612 737 15 17 a

65 768 1 50 '
79 780 101 38 special
204 778 108 40 general
335 775 128 33 meeting,
489 776 28 23 at
538 768 85 29 which

79 820 165 29 resolutions
258 818 97 29 hostile
376 821 28 23 to
423 815 45 27 the
493 811 132 29 directors

78 870 72 19 were
164 868 28 20 to
219 861 33 27 be
273 855 168 32 considered,
463 849 161 37 amounting

78 900 159 37 practically
252 907 27 20 to
289 910 15 16 a
318 903 61 23 vote
393 894 28 30 of
435 896 72 26 want
520 890 85 29 ofcon-

65 940 1 29 ;
79 942 105 27 Sdence
199 942 26 26 in
240 940 82 29 them.

117 981 45 28 Mr
173 981 93 28 James
286 976 132 33 Tamblyn
430 985 5 16 :
459 971 121 36 Nothing
593 969 30 28 of

77 1022 48 29 the
146 1021 75 30 kind.

116 1062 44 29 Mr
186 1060 112 37 Waigth
311 1070 6 16 :
338 1057 56 27 The
419 1054 131 28 directors
574 1050 31 27 de-

68 1101 89 30 cided
171 1105 28 24 to
213 1101 74 28 leave
310 1098 43 28 the
376 1099 100 24 matter
494 1100 73 23 over,

78 1143 47 28 the
140 1141 116 29 iJ-entlem
268 1150 25 17 in
309 1138 58 27 who
387 1134 77 30 made
487 1132 47 29 the
555 1129 67 28 offer

77 1191 55 19 wriS
158 1191 51 18 one
235 1180 29 28 of
282 1178 44 28 the
346 1183 149 21 conveners
521 1171 29 28 of
574 1170 47 28 the

78 1227 129 30 jyjppt]ng.
221 1219 52 28 and
289 1218 64 27 thev
367 1214 117 35 thought
498 1212 45 28 for
563 1211 61 28 that

77 1272 94 18 re-tson
185 1261 76 27 there
275 1260 72 24 must
360 1256 68 26 hive
447 1254 69 27 been
531 1261 70 18 some-

77 1303 82 37 thing
174 1298 100 31 behind
287 1297 30 29 it.

117 1343 44 28 Mr
185 1342 92 27 James
303 1336 132 37 Tamblyn
461 1334 91 37 might
577 1332 48 29 tell

76 1383 77 28 them
169 1382 77 27 there
269 1388 53 18 was
343 1375 157 36 something
524 1371 101 31 behind

75 1423 32 28 it.
147 1421 27 28 It
206 1430 53 18 was
292 1425 27 21 to
345 1417 75 27 show
452 1415 65 36 they
543 1414 83 28 knew

78 1462 117 37 nothing
204 1460 83 28 about
308 1456 150 37 managing
472 1455 48 28 the
533 1455 90 27 claim.

77 1503 28 28 It
127 1512 56 17 was
202 1499 90 29 unfiiir
313 1503 28 23 to
364 1507 48 28 say
434 1497 46 27 the
505 1496 123 37 meeting

74 1553 57 17 w.-s
141 1540 84 30 called
235 1545 29 23 to
273 1549 115 27 propose
399 1549 15 15 a
421 1547 37 16 no
467 1536 160 29 confidence

73 1581 149 30 resolution
235 1591 5 22 ;
260 1581 22 27 it
299 1589 56 18 was
369 1582 28 24 to
412 1576 35 29 fill
463 1577 47 29 the
529 1587 83 19 vacan-

65 1623 64 28 cies
166 1632 34 18 on
248 1620 47 29 the
342 1618 175 29 directorate.
569 1618 59 28 The

75 1662 117 38 speaker
202 1660 123 29 reverted
341 1663 28 25 to
386 1660 47 28 the
457 1658 121 29 transfer
601 1658 29 28 of

74 1714 17 16 a
112 1702 116 28 number
250 1701 29 27 of
301 1700 93 28 shares
418 1699 75 37 prior
519 1702 29 25 to
569 1698 62 28 that

75 1743 132 37 meeting,
221 1741 54 28 and
296 1739 155 41 proceeded
473 1745 28 23 to
525 1739 65 29 read
614 1750 16 16 a

74 1785 46 28 list
134 1784 28 29 of
174 1784 78 28 those
265 1783 62 28 who
341 1782 52 28 had
408 1782 72 28 done
502 1791 29 18 so
552 1780 77 29 when

75 1825 35 28 he
134 1834 56 17 was
215 1822 146 38 requested
388 1827 28 23 to
438 1822 70 36 keep
532 1825 28 24 to
584 1822 46 26 the

75 1863 136 39 question.
251 1863 44 28 He
307 1863 66 28 then
383 1861 87 29 asked
482 1861 90 29 where
585 1860 45 29 the

73 1903 122 32 transfer
216 1903 57 30 fees
292 1903 45 29 for
360 1902 77 29 these
459 1902 94 29 shares
576 1911 54 19 was

75 1945 160 29 mentioned
249 1945 26 28 in
291 1945 46 28 the
351 1943 216 29 balance-sheet.

112 1986 58 28 The
202 1989 137 33 secretary
378 1983 147 39 explained
564 1983 66 37 they

76 2036 70 19 were
160 2026 63 39 paid
237 2027 59 27 into
310 2026 47 27 the
370 2024 85 35 bank,
478 2024 49 28 but
553 2023 77 29 there

76 2077 55 19 was
145 2077 35 19 no
194 2070 124 35 separate
332 2069 116 25 account
468 2063 89 30 under
571 2063 59 29 that

68 2107 139 36 iieading.
249 2106 115 38 Receipt
376 2105 30 29 of
418 2105 66 29 such
503 2105 58 28 fees
576 2104 53 29 had

78 2150 67 26 been
162 2154 50 31 put
225 2147 121 36 through
360 2147 47 27 the
420 2145 97 28 books.

114 2187 46 29 Mr
187 2186 116 39 Waigth
327 2184 136 41 proposed
491 2183 44 30 Mr
553 2183 74 30 John

77 2228 160 37 Tamblyn's
251 2227 158 28 re-election
423 2236 29 18 as
470 2236 16 17 a
500 2225 126 28 director.

76 2269 29 28 If
118 2278 75 19 some
206 2267 29 29 of
257 2267 74 29 thera
356 2265 52 29 hud
434 2269 48 25 not
505 2269 49 34 got
580 2264 46 29 the

65 2309 169 27 confidence
244 2307 28 28 of
283 2308 35 27 all
329 2307 29 28 of
371 2307 47 27 the
429 2305 198 34 shareholders,

75 2348 46 28 Mr
153 2347 145 38 Tamblyn,
332 2350 28 25 at
392 2346 78 34 le^sf,
499 2356 54 17 was
580 2349 47 24 not

73 2398 106 26 among
192 2388 46 27 the
253 2387 125 28 number.
418 2385 44 28 Hi
485 2395 53 17 was
566 2384 59 28 well

72 2428 104 29 known
195 2431 29 25 to
249 2427 48 29 the
329 2424 189 31 shareholders
550 2435 30 18 as
611 2435 16 16 a

75 2466 454 42 straightforward,conscientious
539 2465 72 29 direc-

73 2514 54 30 tor,
148 2510 93 27 whose
265 2509 57 28 zeal
343 2509 28 26 in
397 2508 47 27 the
466 2505 161 39 company's

72 2549 130 28 interests
220 2548 54 28 had
298 2547 121 38 brought
442 2546 55 28 him
518 2550 49 24 out
589 2555 35 18 on

73 2599 84 28 many
181 2589 98 37 nights
301 2587 80 30 when
407 2596 125 29 younger
563 2595 63 19 men

72 2630 92 28 would
177 2634 49 23 not
237 2629 120 38 perhaps
371 2629 69 27 have
449 2627 139 28 attended.

111 2669 46 29 Mr
188 2669 38 29 H.
265 2667 102 30 Martin
410 2665 135 31 seconded
580 2666 47 28 the

73 2710 181 40 proposition,
278 2709 54 28 and
348 2709 45 28 Mr
416 2707 134 37 Tamblyn
571 2717 55 18 was

67 2751 205 37 iinanamously
282 2749 161 29 re-elected.

111 2791 44 30 On
179 2791 47 29 the
240 2790 103 30 motion
357 2789 29 30 of
413 2789 99 29 Messrs
538 2787 72 31 Cock-

73 2832 72 30 burn
167 2832 53 28 and
255 2831 114 34 Martin,
394 2830 45 28 Mr
464 2829 45 29 W.
548 2829 60 28 Win-

73 2873 111 29 chester
196 2881 56 19 was
266 2870 148 31 re-elected
428 2869 110 31 auditor

112 2913 59 29 The
184 2912 122 38 meeting
315 2911 91 29 closed
418 2911 66 29 with
496 2921 17 18 a
526 2913 64 26 vote
600 2909 30 30 of

73 2954 103 29 thanks
190 2956 29 26 to
233 2954 47 28 the
289 2952 84 30 chair.

66 3029 343 33 .EXTRAORDINARY
449 3028 180 31 GENERAL

262 3069 184 33 MKETING.

115 3121 42 29 An
167 3120 208 38 extraordinary
385 3118 111 40 general
508 3118 122 39 meeting

144 3163 65 27 then
221 3161 87 30 called
322 3165 30 24 to
362 3160 125 29 consider
496 3171 15 16 a
526 3160 101 28 motion

67 3202 45 29 >bv
126 3201 46 29 Mr
183 3201 104 39 Joseph
310 3200 136 37 Tamblyn
486 3200 101 34 (notice
601 3199 29 28 of

74 3242 90 29 which
180 3253 55 18 was
246 3241 109 39 printed
366 3240 64 29 with
444 3240 47 29 the
505 3240 120 38 report):

237 3282 131 29 directors
379 3280 80 29 retire

76 3323 66 28 This
161 3323 43 28 led
225 3327 28 24 to
272 3334 15 16 a
310 3321 139 38 desultory
462 3321 162 34 discussion,

75 3363 55 29 and
143 3363 47 29 the
200 3363 121 37 meeting
334 3361 92 38 finally
440 3361 93 39 lapsed
545 3361 64 28 with-

75 3408 48 25 out
135 3413 56 28 any
204 3403 88 29 action
308 3402 82 39 being
402 3402 91 34 taken,
504 3401 22 29 it
541 3401 84 38 being
630 3401 5 40 ,

75 3443 161 30 considered
260 3444 59 29 that
344 3443 47 29 the
421 3443 122 37 meeting
570 3452 55 19 was

73 3483 128 30 informal
214 3494 30 19 as
256 3494 99 29 proper
367 3487 91 26 notice
479 3483 31 29 of
533 3483 22 28 it
569 3482 53 29 had

74 3528 50 25 not
150 3526 65 28 been
240 3525 91 39 given,
352 3527 54 26 two
432 3523 191 30 shareholders

70 3565 145 40 objecting
228 3570 28 24 to
270 3567 59 27 that
339 3565 89 29 effect.

111 3606 107 39 During
242 3608 46 28 the
313 3605 151 30 discussion
492 3605 45 29 Mr
562 3605 59 29 Jos.

73 3647 133 38 Tamblyn
235 3648 66 35 said,
321 3647 27 28 in
383 3650 115 35 support
516 3647 29 27 of
580 3647 42 27 his

70 3688 116 35 motion,
209 3688 61 29 that
282 3688 22 28 it
327 3687 89 29 would
444 3687 101 29 benefit
572 3687 48 28 the

68 3739 137 28 (Company
219 3729 22 28 if
265 3734 54 24 two
340 3728 133 28 directors
493 3727 129 35 annually

69 3768 114 36 -retired,
197 3779 29 19 as
239 3768 87 30 under
338 3768 72 28 their
431 3771 113 34 present
566 3766 59 29 rule

75 3810 63 33 (one
162 3810 127 37 retiring)
314 3810 22 26 it
368 3807 89 29 would
492 3807 65 28 take
582 3807 43 28 six

73 3859 79 28 years
165 3852 28 26 to
205 3852 169 27 reconstruct
388 3849 47 28 the
449 3847 176 29 directorate.

111 3889 45 30 Mr
177 3890 114 39 Waigth
317 3888 58 31 said
401 3889 48 29 the
468 3888 93 29 clause
581 3887 46 29 Mr

70 3932 139 37 Tamblyn
222 3931 101 38 quoted
337 3935 28 24 to
376 3935 115 34 support
503 3930 56 28 him
570 3939 56 19 was

75 3975 49 25 not
143 3972 28 26 in
185 3972 46 26 the
245 3971 165 36 Company's
426 3972 62 25 Act.
528 3969 29 27 It
571 3979 54 16 was

70 4012 33 29 -in
117 4021 51 20 one
195 4010 27 30 of
243 4011 46 29 the
312 4009 141 30 schedules
467 4008 89 30 which
570 4007 55 30 had

75 4057 50 25 not
138 4053 69 29 been
219 4051 118 39 adopted
352 4051 27 27 in
400 4052 46 27 the
466 4050 159 37 company's

75 4092 108 30 articles
208 4092 29 28 of
259 4090 169 35 association,
443 4091 53 27 and
522 4091 22 27 it
570 4101 56 17 was

76 4132 121 40 6ptional
219 4132 67 29 with
311 4130 75 30 them
412 4130 122 30 whether
560 4130 65 37 they

77 4174 118 36 adopted
209 4174 22 28 it
245 4181 32 19 or
289 4176 57 24 not-

115 4214 44 28 Mr
185 4212 146 30 Coekburn
357 4211 119 38 thought
548 4211 78 40 quite

73 4264 185 26 unnecessary
273 4257 29 25 to
317 4252 104 29 discuss
435 4252 52 29 this
498 4252 127 39 question

75 4295 70 28 time
155 4294 71 28 after
236 4294 74 27 time.
349 4292 81 28 Their
438 4293 107 29 articles
557 4303 70 17 were

76 4335 97 28 drawn
186 4344 37 26 up
236 4334 36 36 by
286 4344 16 18 a
323 4332 126 35 solicitor,
470 4333 54 29 and
550 4333 78 29 there

80 4386 58 17 was
150 4384 36 18 no
199 4374 135 36 necessity
348 4372 42 30 for
408 4372 120 39 altering
541 4373 86 28 them.

120 4414 45 28 Mr
178 4414 134 37 Tamblyn
326 4423 54 18 was
393 4423 86 19 aware
494 4414 66 33 they
573 4412 54 28 had

82 4456 23 27 it
126 4455 28 27 in
176 4454 70 29 their
265 4464 91 29 power
374 4457 30 25 at
427 4463 52 27 any
506 4453 66 29 time
600 4456 29 24 to

84 4496 79 28 make
176 4506 16 17 a
210 4496 105 36 change
335 4494 28 29 in
386 4494 46 29 the
456 4494 174 31 directorate,

83 4537 51 27 but
146 4536 46 28 the
205 4546 58 27 way
276 4536 34 27 he
333 4535 149 38 snggested
504 4544 56 18 was
583 4533 47 27 the

81 4575 95 30 fairest
190 4586 66 27 way,
269 4586 30 18 as
313 4574 65 38 they
392 4574 89 39 might
504 4579 48 23 not
566 4583 63 19 care

80 4622 30 24 to
121 4619 95 26 unseat
228 4628 16 17 a
256 4616 127 30 director.

119 4657 46 27 Mr
181 4656 114 37 Waigth
318 4656 58 28 said
398 4656 46 26 Mr
469 4654 161 35 Tamblyn's

84 4695 167 35 proposition
265 4694 125 40 required
399 4704 34 18 an
444 4692 143 30 alteration
602 4693 27 28 in

85 4736 72 29 their
187 4736 114 38 by-laws
360 4736 40 29 To
432 4734 61 30 deaf
518 4734 66 28 with
609 4734 23 28 it

84 4776 197 29 three-fourtlis
305 4777 29 29 of
365 4777 47 28 the
441 4774 191 30 shareholders

84 4819 75 25 must
183 4817 33 27 be
236 4824 109 30 present
356 4827 36 18 or
402 4814 179 40 represented
596 4814 37 37 by

85 4866 97 28 proxy,
195 4856 54 28 and
261 4856 35 29 he
308 4860 72 30 must
389 4857 71 28 have
473 4866 16 18 a
503 4853 129 38 majority

85 4896 32 29 of
128 4896 78 29 these
218 4900 28 25 to
270 4907 76 27 carry
371 4898 31 29 it.
442 4896 56 29 For
524 4894 54 29 this
598 4904 33 18 an

87 4936 204 38 extraordinary
300 4938 112 36 general
426 4936 124 38 meeting
560 4938 74 25 must

85 4978 35 27 be
135 4976 95 36 called,
251 4978 29 28 of
306 4978 86 30 which
416 4987 103 31 proper
543 4975 90 29 notice

85 5017 99 29 should
208 5018 37 27 Tae
271 5018 89 36 given,
373 5019 54 29 and
448 5018 118 28 without
580 5017 53 28 this

86 5058 48 28 the
153 5057 179 38 proceedings
356 5059 90 29 would
472 5059 34 29 be
530 5057 103 39 illegal.

85 5097 29 28 If
136 5098 43 27 his
192 5097 146 28 resolution
358 5110 53 17 was
424 5098 104 30 carried
543 5101 29 24 at
586 5098 46 27 the

85 5140 114 36 present
211 5136 122 40 meeting
345 5138 23 29 it
379 5139 90 39 might
482 5138 64 30 land
557 5138 75 28 them

85 5178 28 27 in
125 5177 163 35 difficulties,
299 5188 31 17 as
343 5182 28 24 at
379 5179 46 28 the
435 5180 52 27 end
498 5179 29 29 of
534 5178 99 29 twelve

85 5217 112 29 months
216 5217 47 27 the
285 5216 129 31 directors
432 5219 89 38 might
541 5218 92 29 refuse

85 5263 30 24 to
129 5257 92 36 retire,
234 5256 52 29 and
299 5257 70 29 their
379 5259 180 38 proceedings
573 5259 60 29 that

87 5299 117 34 evening
216 5298 90 28 would
319 5298 34 29 be
363 5299 84 30 called
458 5301 25 27 in
496 5301 137 38 question.

125 5339 45 29 Mr
182 5338 74 29 John
270 5338 134 39 Tamblyn
429 5341 58 28 said
512 5341 34 28 he
561 5346 73 24 must

87 5379 66 29 take
171 5379 49 28 the
245 5379 175 37 opportunity
441 5381 29 28 of
496 5381 137 38 thanking

85 5420 77 29 them
185 5419 45 27 for
252 5418 47 28 the
319 5419 144 28 continued
477 5421 157 28 confidence

87 5459 66 38 they
178 5457 54 30 had
258 5457 92 30 shown
376 5457 28 29 in
429 5458 65 35 him,
519 5460 54 28 and
599 5461 34 28 he

86 5499 92 30 would
191 5498 55 30 still
259 5498 156 29 endeavour
428 5502 28 25 to
469 5499 34 28 do
516 5499 43 30 his
574 5501 61 29 best

84 5540 29 29 in
129 5540 71 29 their
218 5539 137 28 interests.
393 5538 146 38 Referring
552 5545 28 24 to
593 5541 42 29 his

85 5579 141 32 brother's
239 5578 113 32 motion,
367 5578 33 29 he
421 5578 54 29 had
496 5579 97 29 looked
607 5585 28 24 at

84 5623 23 27 it
119 5621 72 28 from
213 5629 83 26 every
324 5619 76 37 point
425 5618 28 28 of
478 5618 77 36 view,
581 5621 52 28 and

86 5658 162 32 considered
261 5658 62 28 that
335 5658 78 27 three
419 5667 79 27 years
506 5668 54 17 was
571 5660 64 37 long

84 5700 111 40 enough
219 5699 28 29 in
273 5698 91 30 which
388 5700 30 27 to
432 5707 144 31 rearrange
589 5700 46 29 the

82 5743 177 27 directorate.
308 5739 35 28 In
375 5738 43 28 six
450 5748 79 26 years
559 5740 76 28 there

77 5791 79 22 .were
180 5788 85 31 many
297 5778 119 39 changes
441 5777 28 29 in
494 5787 62 28 njen
581 5778 54 29 and

665 203 102 34 things,
780 199 55 29 and
847 199 34 27 he
896 197 123 28 believed
1032 197 23 28 it
1075 197 91 29 would
1180 199 35 27 be

665 244 43 28 for
719 242 47 28 the
779 241 61 27 best
853 238 21 28 if
886 241 55 25 two
954 237 132 29 directors
1114 237 101 30 retired

665 281 137 36 annually.

701 322 46 29 Mr
771 319 130 38 Waigih:
934 317 59 29 The
1025 319 190 29 shareholders

664 364 68 28 have
745 369 91 30 power
845 362 29 24 at
882 369 54 28 any
947 359 67 28 time
1025 362 28 26 to
1065 369 148 29 rearrauge

665 405 45 28 the
724 402 170 28 directorate.

700 443 56 28 The
779 439 152 30 discussion
952 450 54 18 was
1021 440 66 29 then
1100 440 116 31 allowed

663 488 28 24 to
705 483 77 37 drop.

701 565 36 26 At
759 573 15 16 a
796 560 124 36 meeting
940 562 29 27 of
990 561 133 29 directors
1148 562 63 29 held

660 603 71 28 after
744 602 46 27 the
804 600 111 38 general
932 602 132 37 meeting,
1081 602 43 28 Mr
1132 601 27 29 J.
1176 602 37 28 H.

661 641 113 38 Waigth
787 640 217 39 was-appointed
1014 642 142 29 chairman
1170 643 43 29 for

659 685 47 27 the
719 684 118 35 ensuing
853 692 76 26 year.

774 775 319 51 Correspondence.

837 863 30 20 To
881 868 43 16 the
940 865 81 20 Editor.

693 890 165 36 Sir,-Will
880 901 54 28 you
947 893 79 28 allow
1041 903 42 18 me
1103 904 16 18 a
1129 894 79 28 small

654 942 81 29 space
748 931 25 28 in
787 942 69 27 your
865 931 109 40 journal
990 938 28 24 to
1035 934 80 29 make
1128 946 15 16 a
1157 934 51 29 few

655 972 121 29 remarks
791 983 35 18 on
842 973 47 28 the
903 974 51 28 sad
979 974 55 28 los*
1048 973 26 29 in
1097 985 17 17 a
1133 985 76 19 snow

653 1020 95 28 storm,
776 1023 35 18 on
827 1013 47 29 the
889 1013 67 29 28th
970 1014 29 28 of
1025 1013 72 40 May,
1119 1014 29 30 of
1161 1026 50 18 our

654 1054 110 37 packer,
779 1054 46 28 Mr
842 1054 43 28 W.
910 1054 91 29 Gunn.
1042 1055 14 28 I
1081 1056 76 28 write
1181 1057 27 27 in

653 1104 102 18 sorrow
771 1105 73 17 more
859 1095 66 27 than
941 1095 26 27 in
982 1105 95 26 anger,
1094 1096 49 27 but
1156 1107 53 26 you

656 1134 52 28 will
722 1145 36 18 no
767 1135 88 28 doubt
864 1145 100 19 excuse
976 1147 42 17 me
1029 1135 44 29 for
1082 1147 112 26 express-

654 1176 50 37 ing
715 1185 44 28 my
769 1175 174 38 indignation
955 1180 29 23 at
994 1176 47 27 the
1052 1176 157 37 parsimony

654 1216 29 28 of
696 1216 47 27 the
761 1215 133 36 Tu;ipeka
915 1216 109 36 County
1040 1215 113 29 Council
1169 1216 42 27 for

654 1255 131 32 allowing
810 1255 46 27 the
880 1255 103 27 shelter
1004 1255 82 27 sheds
1108 1255 28 27 in
1164 1255 46 27 the

656 1295 113 39 vicinity
795 1295 29 29 of
846 1295 88 28 which
956 1295 46 28 the
1028 1305 68 28 poor
1119 1294 90 29 fellow

658 1348 54 18 was
729 1336 53 28 lost
795 1343 29 21 to
847 1347 35 25 go
906 1341 28 23 to
957 1336 104 28 disuse.
1101 1335 58 29 One
1182 1336 29 28 of

657 1378 46 28 the
727 1376 91 33 sheds,
844 1377 46 27 the
926 1387 52 18 one
1003 1387 35 16 on
1066 1376 46 28 the
1139 1382 71 22 most

657 1419 156 37 dangerous
839 1422 62 34 part
929 1416 30 30 of
981 1416 47 30 the
1051 1417 89 35 track,
1163 1416 48 29 has

660 1460 67 28 been
760 1458 68 29 level
856 1457 64 28 with
947 1458 47 27 the
1028 1458 108 38 ground
1168 1456 45 29 for

657 1510 89 29 years,
769 1510 30 18 so
822 1498 45 30 the
892 1498 109 29 council
1026 1499 91 37 surely
1140 1498 70 29 hive

659 1542 53 27 had
738 1541 95 38 plenty
858 1540 28 28 of
910 1539 65 27 time
1003 1544 27 23 to
1053 1546 101 22 restore
1171 1539 39 34 it;

660 1583 50 28 but
722 1592 34 17 on
773 1581 45 28 the
839 1579 133 39 principle
996 1580 60 28 that
1082 1583 129 25 constant

659 1632 135 29 exposure
804 1629 27 20 to
842 1621 105 37 danger
954 1620 97 29 breeds
1062 1624 151 34 contempt,

661 1665 13 27 1
689 1672 127 29 presume
830 1663 60 27 that
903 1661 47 28 the
964 1660 116 29 Council
1098 1660 115 29 decided

661 1705 61 27 that
735 1703 46 29 the
795 1702 67 29 shed
882 1711 55 18 was
951 1710 191 28 unnecessary,
1157 1700 54 28 and

661 1745 47 29 the
724 1744 87 39 paltry
825 1744 50 27 few
893 1742 104 38 pounds
1000 1742 83 28 the
1105 1745 59 24 cost
1185 1741 30 28 of

671 1797 15 17 a
709 1797 60 18 new
798 1783 66 30 shed
867 1782 115 29 could
1008 1783 34 28 be
1067 1783 93 28 saved.
1201 1782 13 29 I

663 1827 52 27 will
730 1826 50 27 ask
794 1825 46 28 the
851 1823 105 29 council
971 1822 54 28 and
1041 1823 77 28 those
1133 1823 82 36 using

663 1867 46 28 the
724 1864 157 38 Campbells
901 1863 75 28 track
1001 1874 34 17 on
1060 1863 86 28 which
1168 1863 48 28 the

662 1907 82 30 sheds
758 1917 45 18 are
817 1903 128 37 situated,
957 1915 16 17 a
988 1904 51 28 few
1062 1904 151 39 questions.

703 1945 39 39 (1)
765 1946 80 29 Were
859 1946 46 28 the
916 1945 101 29 shelter
1030 1945 92 36 sheds,
1136 1946 79 28 when

661 1989 62 29 first
742 1987 119 35 erected,
882 1985 123 40 required
1018 1985 11 29 ?

700 2030 38 35 (2)
760 2029 79 28 Have
853 2027 46 28 the
913 2027 81 29 sheds
1018 2027 68 28 been
1108 2026 28 29 of
1157 2037 54 28 any

661 2069 103 29 service
780 2072 27 26 to
821 2068 79 29 those
914 2067 80 38 using
1006 2067 45 28 the
1065 2067 78 28 track
1156 2067 11 29 ?

697 2110 39 35 (3)
761 2109 27 29 Is
803 2109 46 28 the
863 2108 105 36 danger
978 2108 28 29 of
1018 2107 148 38 travelling
1176 2117 34 19 on

659 2151 48 27 the
721 2150 76 28 track
814 2149 100 35 (which
929 2149 22 27 is
964 2153 29 22 at
1005 2159 34 16 an
1053 2148 116 28 altitude
1184 2148 29 27 of

660 2189 126 40 upwards
808 2189 29 29 of
860 2188 75 35 5,000
935 2188 45 35 ft)
994 2188 52 29 less
1070 2198 61 18 now
1146 2187 67 29 than

658 2231 21 27 it
693 2241 54 17 was
761 2235 29 23 at
803 2231 47 26 the
867 2230 65 27 time
953 2230 77 27 when
1058 2229 46 28 the
1129 2229 84 28 sheds

659 2280 69 19 were
742 2269 108 31 erected
862 2269 11 29 ?

696 2311 14 27 I
725 2311 80 27 think
820 2311 60 26 that
893 2311 79 27 those
996 2310 60 27 who
1082 2319 49 18 use
1152 2309 61 28 that

656 2351 90 34 track,
760 2350 54 28 and
825 2359 47 19 are
881 2349 198 38 consequently
1089 2349 47 28 the
1151 2349 61 28 best

655 2391 62 27 able
731 2396 28 23 to
768 2390 99 38 judge,
882 2389 54 28 will
953 2390 68 27 have
1046 2399 36 18 no
1109 2389 87 28 hesita-

656 2431 56 29 tion
727 2431 28 28 in
769 2429 99 38 saying
923 2428 56 30 Yes
1037 2432 28 26 to
1086 2429 46 28 the
1152 2428 59 29 first

656 2477 54 25 two
719 2471 150 40 questions,
877 2469 54 31 and
942 2474 27 25 to
978 2469 127 30 thethird

692 2512 72 28 That
777 2522 16 16 a
807 2511 124 27 valuable
945 2511 47 27 life
1007 2511 47 27 has
1073 2511 70 27 been
1157 2511 54 26 lost

655 2552 123 39 through
791 2551 47 28 the
852 2554 73 24 want
937 2549 30 29 of
980 2561 15 17 a
1009 2550 68 28 shed
1091 2549 14 28 I
1128 2549 81 28 think

656 2592 72 30 their
738 2603 51 19 can
813 2591 34 29 be
870 2601 66 27 very
959 2590 71 30 little
1056 2590 97 35 doubt,
1180 2599 29 19 as

655 2645 76 17 some
743 2634 30 28 of
786 2633 46 28 the
846 2631 84 38 packs
955 2642 70 17 were
1044 2630 87 30 found
1144 2641 67 17 near

656 2674 47 28 the
718 2673 77 36 shed,
809 2671 53 29 and
877 2671 46 29 the
936 2671 58 28 fact
1008 2671 60 28 that
1094 2682 15 17 a
1130 2670 80 29 horse

656 2725 81 18 cover
747 2725 54 17 was
811 2713 83 28 taken
904 2712 39 28 off
954 2712 46 28 the
1012 2712 96 28 saddle
1119 2712 90 28 shows

657 2754 102 40 plainly
773 2754 61 28 that
853 2753 46 28 the
921 2763 63 17 man
1008 2752 54 28 had
1084 2752 84 28 taken
1188 2751 22 28 it

656 2795 38 30 off
707 2799 29 26 to
749 2804 50 21 use
804 2794 28 29 in
842 2792 124 40 keeping
973 2796 48 26 out
1031 2793 48 30 the
1088 2796 121 26 extreme

656 2836 72 35 cold,
741 2835 89 29 which
843 2835 29 28 in
884 2835 49 27 the
946 2833 105 29 middle
1070 2834 31 29 of
1111 2833 99 29 winter

657 2880 29 26 at
699 2887 30 19 so
741 2875 68 39 high
819 2886 36 18 an
877 2874 120 30 attitude
1023 2885 37 19 no
1082 2872 127 37 ordinary

658 2916 125 40 clothing
796 2915 90 29 would
900 2914 94 30 suffice
1006 2919 29 25 to
1048 2914 45 30 do.
1133 2914 79 35 Now,

659 2957 53 36 Sir,
726 2957 14 29 I
754 2956 81 30 think
846 2966 54 28 you
913 2955 54 29 will
993 2965 82 27 agree
1089 2955 66 29 with
1169 2965 44 18 me

659 2998 61 29 that
734 2998 56 29 this
806 2996 24 30 is
843 3007 17 18 a
882 2996 47 30 sad
948 3006 72 26 case,
1040 2995 109 36 indeed,
1170 2995 44 29 for

658 3039 48 29 the
721 3038 96 38 family
830 3037 30 30 of
868 3037 47 30 the
928 3037 53 30 lost
991 3047 74 20 man.
1107 3036 52 29 For
1166 3036 47 29 the

660 3078 138 31 bereaved
812 3078 63 29 wife
887 3078 54 29 and
955 3077 122 30 children
1089 3081 29 25 to
1131 3076 82 30 know

661 3121 60 30 that
735 3120 72 29 their
818 3119 82 29 bread
915 3119 104 28 winner
1029 3119 48 27 has
1085 3117 128 40 perished

659 3160 27 30 in
701 3162 42 29 his
759 3161 112 37 anxiety
886 3166 28 24 to
927 3171 77 18 serve
1018 3160 74 29 them
1112 3159 23 28 is
1158 3158 55 29 bad

660 3201 121 40 enough,
795 3201 51 28 but
860 3200 47 29 the
919 3210 132 28 suspense
1074 3200 71 27 until
1167 3200 47 27 the

660 3242 73 38 body
751 3242 23 28 is
788 3241 87 29 found
887 3241 24 29 is
933 3251 69 19 even
1025 3250 95 20 worse.
1161 3239 54 30 We

658 3282 35 29 all
708 3281 171 40 sympathise
893 3281 66 29 with
972 3281 48 30 the
1032 3281 106 37 family,
1161 3280 52 29 but

658 3323 148 38 sympathy
820 3322 22 28 is
856 3332 68 27 poor
936 3322 129 34 comfort,
1078 3321 55 28 and
1158 3320 54 29 will

657 3368 49 24 not
726 3366 104 26 restore
846 3362 56 29 lite.
942 3362 57 29 But
1019 3362 22 28 if
1062 3361 22 29 it
1104 3361 24 28 is
1148 3372 49 18 con-

656 3403 109 30 sidered
778 3414 16 17 a
802 3403 49 29 life
865 3414 62 27 may
941 3403 35 28 be
999 3401 83 31 saved
1105 3402 39 39 by
1166 3402 49 29 the

656 3444 165 29 re-erection
835 3443 30 30 of
879 3443 104 30 shelter
1002 3443 93 35 sheds,
1122 3442 91 39 surely

655 3486 47 28 the
722 3488 103 35 county
840 3494 31 19 or
885 3483 188 30 Government
1081 3483 54 28 will
1149 3493 49 19 con-

655 3526 74 28 sider
741 3525 23 29 it
774 3525 73 29 their
861 3525 68 38 duty
944 3528 27 25 to
994 3528 74 25 erect
1090 3524 125 29 them.

655 3567 15 29 I
684 3578 54 23 am,
752 3570 64 32 etc.,
957 3565 33 29 E.
1005 3565 28 28 J.
1048 3565 128 28 Vernon.

693 3607 207 32 Whitecombe,
919 3605 73 29 June
1004 3605 75 35 10th,
1096 3606 80 28 1897.

814 3681 240 53 Cablegrams.

707 3760 186 30 SHIPPING
913 3760 251 29 CASUALTIES.

912 3800 122 35 London,
1048 3800 74 28 June
1135 3800 40 28 17.

695 3842 27 27 A
745 3840 102 29 violent
874 3840 61 38 gale
949 3840 22 28 is
985 3840 100 38 raging
1100 3840 27 28 in
1161 3840 48 27 the

656 3882 73 29 Irish
757 3881 53 28 Sea
823 3880 54 29 and
891 3891 35 17 on
941 3880 46 28 the
1002 3885 67 23 west
1082 3883 77 25 coast
1183 3879 30 28 of

658 3922 140 39 England.
857 3921 99 37 Heavy
996 3920 116 36 damage
1164 3920 49 28 has

656 3963 123 28 resulted
805 3965 28 24 to
846 3962 48 26 the
908 3962 141 34 shipping,
1075 3961 55 27 and
1145 3970 49 17 con-

657 4001 137 30 siderable
820 4000 55 29 loss
896 3999 30 29 of
952 3999 48 29 life
1025 4000 23 27 is
1068 3998 139 40 reported.

658 4043 73 29 Lord
754 4041 131 30 Nelson's
908 4040 46 29 old
979 4040 117 37 warship
1121 4038 74 30 Fond-

658 4089 98 33 royant
765 4083 23 28 is
797 4092 103 26 among
910 4081 46 27 the
967 4080 100 28 vessels
1077 4079 136 29 wrecked.

748 4136 26 28 A
794 4132 127 31 NOBLE
942 4131 186 38 BEQUEST.

1051 4174 74 28 June
1138 4174 40 28 19.

698 4217 59 28 The
771 4216 54 28 late
835 4214 79 38 Lady
926 4214 122 29 Wallace
1061 4224 75 18 somj
1152 4212 65 30 time

661 4266 53 28 ago
727 4255 173 41 bequeathed
915 4260 28 24 to
954 4255 47 28 the
1009 4254 104 29 British
1123 4254 91 28 nation

661 4297 136 29 Hertford
809 4297 94 28 House
914 4296 63 27 with
988 4295 35 27 its
1032 4295 119 37 pictures
1161 4294 54 28 and

661 4338 110 29 famous
783 4341 43 25 art
839 4336 153 29 collection.
1032 4334 58 29 The
1100 4334 116 39 bequest

660 4379 23 27 is
696 4389 61 17 now
770 4377 97 29 valued
877 4381 29 24 at
919 4375 179 35 4,000,000.

663 4428 77 28 THE
754 4425 268 38 EARTHQUAKE
1036 4424 43 29 IN
1093 4424 123 29 INDIA.

887 4466 148 35 Calcutta,
1048 4465 74 29 June
1135 4466 44 28 20.

700 4509 57 28 The
771 4511 94 27 recent
878 4507 170 39 earthquake
1069 4506 147 38 destroyed

661 4549 38 28 50
720 4549 75 28 miles
809 4549 29 28 of
856 4548 46 28 the
923 4547 160 36 Darjeeling
1096 4546 120 37 railway,

662 4589 108 39 Bengal
790 4588 141 39 province.
969 4586 28 28 It
1016 4587 23 28 is
1053 4586 57 28 also
1122 4585 93 29 feared

662 4630 62 27 that
747 4640 66 17 over
825 4628 83 35 6,000
921 4638 114 26 persons
1049 4637 70 18 were
1132 4624 84 30 killed

661 4669 29 27 in
705 4670 109 26 Assam.
854 4667 58 27 The
926 4666 92 36 Queen
1030 4667 47 26 has
1092 4665 96 27 cabled
1202 4675 16 16 a

664 4717 125 29 message
821 4706 30 30 of
892 4707 147 39 sympathy
1071 4704 67 30 with
1170 4704 48 28 the

663 4748 137 29 sufferers.

713 4797 240 31 DISASTROUS
981 4796 187 32 CYCLONE.

943 4839 92 34 Paris,
1048 4838 74 28 June
1135 4837 45 27 20.

701 4878 26 28 A
738 4877 151 29 disastrous
901 4878 112 38 cyclone
1027 4876 99 31 visited
1141 4876 75 28 Paris

663 4919 54 28 and
729 4919 47 28 the
787 4918 128 28 suburbs.
945 4918 145 30 Although
1099 4918 21 27 it
1129 4917 87 27 lasted

1051 4944 17 13 O

663 4959 65 39 only
748 4959 30 29 10
792 4958 115 30 seconds
920 4958 22 28 it
955 4959 99 29 caused
1068 4967 148 19 enormous

663 4999 170 30 destruction
847 4998 54 29 and
924 5004 80 32 great
1023 4998 56 29 loss
1104 4997 29 29 of
1159 4997 56 29 life.

665 5039 83 38 Many
783 5039 99 29 houses
907 5038 55 28 and
987 5038 129 28 factories
1143 5047 70 19 were

665 5079 134 30 wrecked.
839 5079 59 27 The
916 5078 74 28 force
1013 5078 29 28 of
1068 5078 47 27 the
1143 5077 72 28 wind

663 5131 55 18 was
732 5131 30 17 so
775 5127 101 30 strong
890 5118 60 28 that
974 5118 23 28 it
1023 5118 92 35 bodily
1138 5127 62 18 over-

663 5160 99 30 turned
776 5159 146 39 carriages.
962 5158 115 37 Twenty
1102 5167 114 29 persons

662 5211 71 19 were
747 5200 85 28 killed
844 5199 55 29 aud
912 5199 36 27 80
962 5198 117 37 injured.

738 5283 26 29 A
785 5277 195 33 SPLENDID
998 5277 73 29 OFF
1076 5277 55 29 BR.

889 5320 146 33 Brisbane,
1049 5318 73 28 June
1138 5319 42 28 18.

700 5368 46 28 Mr
760 5366 126 35 Wragge
901 5362 48 27 has
963 5359 125 29 received
1100 5370 35 17 an
1150 5360 67 28 offer

662 5409 71 28 from
757 5407 45 28 Mr
826 5400 185 34 Barr-Srnith,
1025 5400 29 28 of
1075 5399 143 34 Adelaide,

663 5452 28 24 to
703 5444 144 31 subscribe
868 5442 47 28 the
928 5439 88 29 whole
1039 5446 112 20 amount
1177 5449 28 17 re-

663 5486 97 41 quired
774 5490 29 25 to
816 5480 133 32 establish
963 5491 15 18 a
996 5479 221 39 meteorological

663 5528 102 29 station
779 5537 35 19 on
830 5524 99 29 Mount
938 5520 167 33 Kosciusko.

707 5578 78 29 THE
806 5576 91 30 WAR
915 5573 44 31 IN
978 5572 78 29 THE
1079 5571 108 32 EAST.,

913 5616 124 32 Athens,
1050 5612 74 29 June
1138 5612 45 28 20.

701 5658 58 28 The
792 5658 111 27 Powers
935 5655 71 27 have
1037 5652 103 29 offered
1173 5651 47 28 the

665 5696 206 40 Governorship
881 5694 29 32 of
919 5694 83 32 Crete
1012 5696 29 26 to
1055 5691 39 30 M.
1110 5689 108 31 Marten

664 5739 135 31 Jourdan,
822 5736 194 30 ex-President
1032 5734 29 29 of
1074 5733 47 29 the
1136 5732 84 33 Swiss

666 5776 204 38 Confederacy...

1402 197 70 42 The
1519 195 133 44 Courts.

1374 282 116 35 Friday,
1508 282 68 28 18th
1598 279 83 31 June.

1362 359 203 22 MAGISTRATE'S
1578 356 105 23 COURT.

1324 396 82 27 (Before
1415 396 21 22 S.
1448 395 23 23 E.
1480 393 114 28 M'CUrthy,
1606 393 56 28 Esq.,
1670 391 63 27 S.M.)

1463 445 122 20 ASSAULT.

1282 479 38 29 H.
1344 478 91 29 Smith
1455 477 56 37 (Mr
1526 475 177 37 Macdonald)
1727 485 25 18 v.
1766 473 34 30 R.

1247 519 110 29 Currie:
1379 519 102 37 charge
1495 517 29 28 of
1549 517 123 37 striking
1691 514 109 40 plantiff

1244 569 36 19 on
1295 560 47 28 the
1356 559 68 28 head
1439 558 64 28 with
1517 567 16 18 a
1556 567 113 27 weapon
1689 560 29 24 at
1734 554 65 29 Coal

1246 599 89 29 Creek
1348 609 35 19 on
1398 599 47 27 the
1459 597 67 28 25th
1540 597 76 35 May.
1658 595 99 36 Owing
1771 599 28 23 to

1246 639 46 29 the
1305 640 117 28 absence
1444 637 30 30 of
1491 636 135 39 plantiffs
1647 635 150 34 witnesses,

1246 681 46 27 the
1322 690 63 18 case
1417 687 55 18 was
1498 677 153 36 adjourned
1683 675 42 30 till
1751 676 48 27 the

1250 721 63 27 12th
1346 720 110 36 August
1488 727 35 18 on
1557 717 42 28 his
1640 715 145 40 (plantiffs

1244 760 176 40 application.

1429 806 71 21 civil
1524 807 88 21 cases.

1282 840 72 30 Win.
1382 838 103 37 M'Kiy
1499 839 58 35 (Mr
1575 837 120 35 Dalziell)
1713 847 27 19 v.
1762 837 34 28 A.

1246 881 143 29 Webster:
1411 878 86 29 Claim
1524 879 38 28 1
1598 880 31 27 Os
1665 876 60 34 6d.'
1749 876 46 29 No

1241 931 178 30 appearance,
1459 917 156 40 Judgment
1634 917 36 38 by
1690 917 106 29 default

1242 964 42 27 for
1296 964 113 26 amount
1427 959 66 28 with
1513 964 74 23 costs
1601 959 81 34 (10s).

1280 1002 44 28 W.
1340 1001 71 36 Gray
1425 999 57 36 (Mr
1500 997 122 31 Dalziell)
1634 1008 25 18 v.
1677 997 34 29 EL
1726 998 68 29 Orr:

1242 1043 86 29 Claim
1349 1041 55 29 l9
1433 1041 30 27 8s
1489 1039 46 28 4d.
1575 1039 156 36 Judgment
1758 1039 36 37 by

1241 1082 103 29 default
1359 1081 64 27 with
1436 1085 74 22 costs
1527 1080 43 34 (l
1590 1081 17 26 5
1611 1090 11 17 s
1636 1079 60 36 6d).

1277 1124 31 27 T.
1325 1121 117 29 Andrew
1456 1129 24 19 v.
1497 1118 38 29 M.
1547 1119 44 28 Ah
1602 1118 67 30 Kim
1681 1130 6 18 :
1710 1118 87 30 Claim

1241 1164 38 26 4
1301 1164 28 26 7s
1360 1161 43 28 7d.
1444 1159 157 38 Judgment
1628 1161 35 36 by
1690 1159 106 28 default

1242 1202 64 28 with
1321 1205 73 25 costs
1411 1201 64 35 (os).

1279 1243 81 27 Same
1382 1251 25 17 v.
1435 1240 31 28 F.
1496 1240 137 27 Denham:
1656 1239 87 29 Claim
1757 1240 39 27 4

1245 1283 53 27 lis.
1338 1281 157 33 Judgment
1522 1281 36 28 bv
1596 1279 108 28 default
1729 1278 67 28 with

1397 1310 16 8 n
1540 1309 10 8 *

1241 1326 74 26 costs
1324 1322 67 34 (ss).

1279 1362 146 29 M'Kenzie
1449 1361 91 29 Beach
1561 1360 148 38 Dredging
1733 1359 59 35 Co.,

1241 1404 25 29 in
1282 1402 172 40 liquidation,
1478 1401 57 38 (Mr
1559 1400 136 35 Dalziell),
1717 1409 26 20 v.
1765 1399 26 29 J.

1242 1444 120 28 Kerman
1377 1455 6 17 :
1405 1443 86 29 Claim
1525 1443 57 27 OB
1616 1442 32 27 4s
1682 1441 36 28 9d
1752 1441 44 28 for

1241 1484 75 30 calls.
1355 1484 155 39 Judgment
1522 1482 44 29 for
1586 1481 122 40 plantiffs
1728 1479 67 30 with

1241 1530 74 25 costs
1330 1526 50 35 (3
1397 1526 53 35 45.)

1280 1567 82 27 Same
1392 1576 25 18 v.
1444 1564 37 29 H.
1509 1564 38 29 M.
1575 1564 111 30 Power:
1709 1562 86 30 Claim

1243 1607 57 29 2O
1338 1606 40 29 2s.
1422 1604 154 38 Judgment
1615 1605 37 38 by
1690 1603 106 30 default

1245 1648 63 28 with
1322 1652 74 24 costs
1411 1648 48 33 (2
1481 1647 54 30 4s).

1282 1689 82 28 Same
1387 1698 25 18 v.
1439 1686 26 29 J.
1497 1686 104 29 Jones:
1623 1686 87 28 Claim
1737 1685 58 29 lO

1249 1729 53 28 14s.
1340 1728 157 38 Judgment
1507 1727 43 29 for
1557 1730 112 25 amount
1681 1726 115 28 without

1244 1773 84 32 costs,
1342 1775 28 24 to
1385 1769 33 29 be
1433 1768 62 39 paid
1511 1768 91 28 within
1617 1776 52 20 one
1687 1766 107 30 month.

1282 1812 82 27 Same
1387 1821 26 18 v.
1440 1811 34 26 A.
1501 1810 103 27 Jones:
1628 1808 86 29 Claim
1740 1808 57 28 lO

1249 1851 55 28 14s.
1343 1850 156 37 Judgment
1524 1848 43 29 for
1591 1851 114 25 amount
1729 1847 67 29 with

1244 1895 82 25 costs.
1343 1892 47 34 (1
1407 1891 31 28 9s
1452 1890 48 35 6d)
1515 1895 28 22 to
1558 1889 34 28 be
1614 1888 64 40 paid
1703 1887 94 29 within

1246 1943 51 18 one
1310 1932 106 36 month,

1284 1973 80 28 Same
1385 1983 26 18 v.
1440 1973 32 28 11.
1505 1971 40 29 M.
1581 1971 108 28 Smith:
1711 1970 86 29 Claim

1246 2014 65 29 22.
1350 2012 155 39 Judgmeut
1538 2011 38 39 by
1601 2010 106 30 default
1733 2010 64 29 with

1245 2058 73 25 costs
1329 2054 47 33 (2
1392 2055 52 32 4s).

1282 2094 30 30 C.
1335 2094 38 29 M.
1392 2093 104 29 Urooks
1508 2093 57 37 (Mr
1580 2091 124 37 Dalziell)
1726 2102 26 18 v.
1768 2090 27 30 J.

1249 2135 99 29 Woods
1363 2137 58 36 (Mr
1435 2133 193 34 Macdonald):
1651 2132 87 29 Claim
1757 2133 39 28 6

1249 2178 44 25 14s
1308 2175 35 28 8d
1357 2184 34 19 on
1410 2184 17 17 a
1448 2174 154 37 promisory
1625 2176 73 24 note.
1738 2172 58 27 The

1246 2216 59 36 plea
1317 2213 115 31 entered
1455 2224 54 18 was
1561 2217 48 24 not

1243 2256 55 28 For
1310 2255 47 28 the
1376 2255 115 27 defence
1514 2253 22 28 it
1562 2263 54 18 was
1639 2252 157 29 contended

1243 2296 59 28 that
1328 2296 77 28 there
1430 2305 55 16 was
1511 2305 35 17 no
1569 2300 91 31 stamp
1686 2303 36 18 on
1747 2292 48 29 the

1242 2340 63 24 note
1316 2335 77 29 when
1402 2334 152 29 defendant
1562 2333 98 37 signed
1670 2334 30 28 it.
1736 2333 58 27 The

1240 2376 195 27 endorsement
1460 2385 34 17 on
1523 2375 46 27 the
1596 2374 48 27 bill
1667 2373 54 29 and
1743 2373 49 28 the

1240 2416 63 29 date
1317 2415 53 30 and
1382 2415 101 28 initials
1496 2424 33 19 on
1557 2414 46 29 the
1627 2418 91 34 stamp
1740 2413 51 28 had

1240 2456 162 39 apparently
1426 2456 69 29 been
1518 2455 74 30 since
1618 2454 101 37 added,
1738 2453 53 30 and

1241 2507 69 19 were
1324 2502 50 24 not
1385 2498 28 28 in
1427 2497 47 29 the
1496 2507 75 18 same
1593 2496 189 35 handwriting

1240 2537 34 28 In
1287 2537 167 28 accordance
1469 2537 65 28 with
1544 2537 47 27 the
1615 2537 98 36 Stamp
1729 2537 63 33 Act,

1238 2577 23 28 it
1274 2576 126 40 required
1424 2582 28 24 to
1478 2577 34 29 be
1535 2576 104 39 proved
1662 2576 61 29 that
1745 2575 47 30 the

1238 2618 180 29 cancellation
1456 2618 30 30 of
1528 2618 48 30 the
1608 2622 89 34 stamp
1736 2628 56 18 was

1239 2658 79 28 made
1352 2658 38 38 by
1423 2659 47 29 the
1502 2667 74 20 same
1608 2668 99 29 person
1729 2658 61 28 that

1239 2697 135 31 endorsed
1405 2699 49 29 the
1486 2703 73 25 note.
1599 2699 46 29 Mr
1677 2697 114 30 Dalziell

1240 2739 103 37 having
1356 2739 114 39 replied,
1483 2740 43 28 his
1543 2739 128 38 Worship
1691 2739 59 29 said
1771 2739 22 28 it

1239 2779 137 40 appeared
1391 2784 29 26 to
1433 2779 56 31 him
1512 2780 62 30 that
1594 2780 47 30 the
1662 2779 115 30 endorse-

1240 2825 75 24 ment
1328 2832 36 17 on
1378 2822 47 28 the
1443 2827 66 25 note
1533 2822 56 28 and
1615 2822 47 29 the
1687 2820 103 30 initials

1239 2871 36 19 on
1299 2860 48 31 the
1371 2865 91 37 stamp
1486 2872 71 20 were
1580 2862 136 36 different,
1738 2860 53 30 and

1241 2903 34 27 he
1289 2902 90 30 would
1401 2903 56 29 like
1477 2908 30 25 to
1528 2904 83 28 know
1636 2901 160 50 something

1242 2953 75 19 more
1329 2944 86 29 about
1429 2944 84 30 them.
1553 2944 46 29 Mr
1612 2942 114 31 Dalziell
1743 2951 32 28 ap-

1242 2983 73 40 plied
1338 2984 44 28 for
1406 2994 36 18 an
1463 2985 196 38 adjournment
1684 2982 42 30 till
1747 2982 47 28 the

1246 3025 64 29 12th
1330 3026 123 38 August,
1474 3026 88 28 which
1585 3032 56 22 was
1667 3022 128 42 granted,

1242 3066 48 29 the
1303 3066 49 29 bill
1367 3071 29 24 to
1410 3066 102 29 remain
1525 3066 28 29 in
1568 3067 47 28 the
1635 3064 118 39 custody
1765 3063 31 30 of

1244 3107 46 29 the
1305 3106 86 30 Court
1403 3107 28 29 in
1446 3107 47 29 the
1507 3106 155 30 meantime.

1281 3148 153 38 Roxburgh
1451 3146 209 37 Amalgamated
1676 3146 48 31 Co.
1738 3145 59 40 (Mr

1244 3189 178 35 Macdonald)
1449 3200 26 17 v.
1500 3189 45 28 W.
1566 3189 30 28 T.
1620 3189 177 36 Scrimgeour

1246 3229 57 36 (Mr
1318 3229 142 35 Dalziell):
1482 3228 86 30 Claim
1582 3229 38 30 6
1651 3229 37 34 Is,
1712 3226 85 40 being

1243 3271 48 34 5,
1304 3270 80 29 value
1406 3271 31 28 of
1457 3270 102 29 timber
1578 3268 161 38 unlawfully
1753 3278 28 18 re-

1244 3311 99 28 moved
1375 3310 73 29 from
1480 3311 46 29 the
1552 3310 135 30 Hercules
1716 3308 80 29 claim

1242 3351 72 29 after
1328 3351 46 28 the
1387 3351 56 29 sale
1456 3361 35 18 on
1505 3351 47 29 the
1566 3351 64 29 21st
1643 3350 74 37 May,
1742 3349 54 28 and

1242 3393 36 27 1
1303 3394 28 26 Is
1346 3391 139 38 damages.
1524 3391 131 38 Lengthy
1667 3389 130 30 evidence

1244 3443 56 18 was
1314 3431 83 30 taken
1411 3443 34 18 on
1460 3432 68 29 both
1547 3431 83 36 sides,
1645 3430 104 30 Messrs
1764 3429 32 29 R.

1244 3473 159 34 Cockburn,
1442 3472 72 28 Wm.
1549 3472 105 35 Peters,
1681 3470 55 29 and
1768 3469 29 28 J.

1245 3513 102 29 Martin
1371 3513 86 38 being
1482 3513 86 28 called
1594 3512 44 30 for
1651 3509 143 42 plaintiffs,

1243 3554 54 30 and
1322 3554 44 29 for
1391 3553 152 30 defendant
1563 3553 103 29 Messrs
1691 3551 47 30 W.
1764 3550 32 30 T.

1244 3594 187 37 Scrimgeour,
1463 3595 28 28 J.
1533 3594 108 38 Logan,
1673 3592 55 29 and
1769 3591 27 28 J.

1243 3636 118 28 Tucker.
1413 3634 58 30 The
1504 3634 115 29 defence
1651 3643 55 18 was
1737 3632 61 29 that

1244 3676 151 28 defendant
1419 3675 53 29 had
1486 3674 131 29 returned
1637 3673 47 29 the
1697 3673 101 28 timber

1244 3717 59 27 that
1318 3716 32 28 he
1364 3716 162 29 considered
1540 3716 46 27 the
1594 3723 136 29 company
1742 3723 55 18 was

1243 3756 116 28 entitled
1403 3760 38 24 to.
1481 3756 45 27 He
1561 3755 55 27 had
1643 3753 154 38 purchased

1244 3795 103 29 several
1361 3795 104 29 similar
1477 3795 63 33 lots,
1567 3793 55 29 and
1637 3793 47 29 the
1697 3793 101 28 timber

1242 3835 116 29 claimed
1385 3835 37 36 by
1437 3835 45 27 the
1496 3843 134 28 company
1654 3833 88 28 which
1763 3833 34 28 he

1244 3876 66 37 kept
1338 3885 54 17 was
1416 3874 91 28 mixed
1529 3885 37 27 up
1592 3873 66 28 with
1684 3883 15 18 a
1713 3873 40 28 lot
1766 3873 30 28 of

1243 3916 101 28 timber
1353 3921 29 23 at
1394 3915 47 29 the
1450 3915 111 29 station.
1602 3913 52 29 His
1665 3913 131 40 Worship

1243 3956 64 27 held
1333 3957 60 26 that
1418 3956 47 26 the
1494 3956 53 26 lots
1580 3965 70 17 were
1682 3954 112 28 marked

1243 3995 76 39 quite
1332 3995 152 36 distinctly,
1497 3994 53 27 and
1578 3995 77 27 there
1679 4003 56 19 was
1761 4003 35 18 no

1243 4040 133 34 apparent
1399 4045 96 19 reason
1522 4035 61 37 why
1610 4034 39 29 lot
1676 4034 120 30 17the

1244 4076 39 29 lot
1297 4076 67 28 sued
1379 4075 179 28 forshould
1579 4075 69 28 have
1669 4075 69 29 been
1752 4085 28 19 re-

1246 4115 96 29 moved
1373 4116 36 37 by
1442 4115 161 29 defendant.
1652 4115 43 28 He
1726 4125 70 29 gave

1244 4156 147 40 judgment
1402 4156 41 28 for
1449 4155 207 38 plaintiffs,with
1665 4160 73 25 costs
1747 4156 50 35 (3

1250 4199 13 34 I
1263 4199 53 34 5),
1330 4197 67 28 total
1411 4197 38 28 9
1469 4196 53 34 16s,
1547 4196 88 29 which
1658 4196 88 30 would
1762 4198 34 27 b

1246 4237 116 30 reduced
1379 4238 35 37 by
1436 4237 39 29 5
1498 4236 22 28 if
1545 4238 47 28 the
1617 4241 56 25 rest
1699 4237 30 30 of
1752 4238 46 28 the

1246 4279 100 28 timber
1355 4288 54 18 was
1419 4278 128 28 returned
1555 4277 93 29 within
1653 4288 52 19 one
1710 4278 87 29 week.

1387 4353 148 22 WARDEN'S
1561 4354 101 22 COURT.

1368 4393 74 21 Before
1456 4393 89 21 Warden
1561 4393 116 28 M'Carthy.

1320 4442 174 19 DISSOLUTION
1508 4442 32 19 OF
1552 4442 191 21 PARTNERSHIP.

1283 4474 171 29 Richardson
1478 4474 54 28 and
1558 4475 116 28 another
1697 4486 27 18 v.
1752 4474 47 30 W.

1246 4514 321 39 GregorAdjourned
1594 4518 28 26 to
1652 4516 66 28 12th
1741 4515 39 29 Au-

1246 4562 74 31 gust.

1407 4602 107 20 special
1533 4602 106 21 claims.

1282 4635 58 28 The
1359 4634 144 34 following
1528 4645 71 18 were
1624 4633 117 37 granted
1755 4646 46 17 :

1249 4675 32 26 D.
1295 4674 37 27 H.
1348 4673 113 33 Parker,
1473 4673 32 27 B.
1519 4673 118 34 Brooks,
1651 4673 27 28 J.
1691 4673 108 37 Ewing,

1246 4713 45 30 W.
1308 4713 184 37 Scrimgeour,
1504 4712 118 30 Kiordan
1631 4712 55 29 and
1696 4713 104 36 others,

1248 4755 126 29 Dunedin
1390 4753 72 30 Gold
1477 4754 146 39 Dredging
1638 4753 49 31 Co.

1394 4803 139 20 extended
1543 4802 106 21 claims.

1282 4835 33 29 G.
1349 4833 135 36 Courtier,
1517 4834 54 28 and
1604 4834 125 35 another,
1763 4835 34 29 R.

1246 4875 112 35 Parker,
1372 4874 121 29 Vincent
1509 4873 110 37 Parker,
1641 4873 94 30 James
1759 4875 37 29 H.

1248 4916 111 33 Parker,
1389 4914 56 37 (Mr
1467 4915 106 28 Burton
1592 4915 137 38 appeared
1754 4916 44 27 for

1246 4957 167 37 foregoing),
1462 4955 29 30 S.
1535 4955 140 38 M'Auley.
1752 4956 45 28 All

1244 4996 125 38 granted.

1380 5044 129 21 LICENSED
1523 5044 140 21 HOLDINGS.

1279 5076 57 28 The
1357 5076 143 37 following
1528 5085 68 18 were
1622 5075 176 38 granted:

1246 5116 29 28 P.
1291 5116 93 37 Laffey
1400 5115 117 37 (Millers
1540 5115 62 28 Flat
1626 5116 72 34 Co.),
1721 5116 74 29 John

1244 5155 113 30 Guuton
1370 5156 53 27 and
1438 5156 124 32 another,
1578 5155 58 30 Jas.
1653 5156 106 30 Elliott.

1374 5204 176 20 PROSPECTING
1574 5204 91 21 AREAS.

1282 5236 37 29 H.
1335 5235 31 30 F.
1381 5235 80 29 Kitto
1482 5235 58 37 (Mr
1564 5235 128 38 Burton),
1715 5236 81 30 Chas.

1244 5276 28 30 J.
1320 5279 94 27 Avton
1460 5277 57 35 (Mr
1555 5275 129 39 Burton).
1686 5277 112 30 Both

1246 5317 127 40 granted.

1421 5367 93 19 WATER
1533 5367 89 21 RACES.

1284 5398 31 28 B.
1332 5399 106 27 Brooks
1458 5399 53 26 and
1525 5399 116 28 another
1649 5399 55 29 and
1718 5400 60 28 Row-

1247 5437 63 28 land
1345 5437 270 29 Parker.Further
1646 5439 153 38 adjourned

1246 5478 44 27 for
1311 5477 112 38 judge's
1447 5477 130 30 decision.
1618 5477 85 31 Chow
1733 5479 68 34 Sam,

1250 5518 58 36 (Mr
1321 5518 130 36 Burton),
1472 5517 82 30 Chas.
1573 5518 27 30 J.
1623 5520 96 37 Ayton
1741 5520 58 37 (Mr

1250 5558 128 37 Burton),
1390 5557 32 29 G.
1434 5557 125 29 Courtier
1569 5559 54 29 and
1636 5560 93 30 others
1742 5560 58 35 (Mp

1251 5598 125 35 Burton).
1379 5599 84 27 All
1476 5600 126 37 granted.

1442 5647 170 22 PROTECTION.

1287 5676 57 30 The
1357 5677 143 40 following
1512 5688 71 20 were
1605 5680 118 39 granted
1738 5691 48 29 pro-

1243 5718 1 41 |
1251 5718 101 30 tection
1363 5731 6 16 :
1371 5718 64 30 J.
1458 5719 111 31 Moodie
1592 5720 56 37 (Mr
1670 5722 131 37 Burton),

1243 5759 1 0 !

341 112 109 40 June
466 109 67 43 25,
555 108 116 40 1897.

1695 93 198 42 MOUHT
1980 90 227 43 BEHGER
2293 82 146 49 MAIL

1355 5783 125 26 (Contiiud
1494 5790 26 14 on
1534 5785 78 22 Fourth
1629 5786 67 31 Page.)

1918 226 34 39 X
1982 225 45 38 B.
2056 221 162 42 YULE,
2242 218 145 41 LI.D.S.,

1919 309 191 44 Surgeon
2145 300 162 44 Dentist,

1961 383 301 38 INVERCARGILL.

1935 577 47 29 Mr
2001 574 78 30 Yole
2102 570 55 29 will
2176 569 65 30 visit

1829 691 140 31 RYAN'S
1985 684 135 34 HOTEL,
2133 681 249 34 AX.EXA.NDUA,

1828 802 165 33 HERON'S
2009 796 134 35 HOTEL,
2156 795 130 30 ROX3U
2303 808 10 14 r
2349 793 25 28 H

1905 946 26 29 R
1990 936 394 36 FINLAYSON,

1829 989 244 30 *-BARRISTER
2087 989 62 21 and
2163 987 154 25 solicitor,

2025 1039 165 29 Lawrence,

1829 1110 67 30 Will
1922 1105 96 31 attend
2045 1103 47 27 the
2112 1099 153 38 Roxburgh
2290 1098 94 29 Court.

1829 1263 101 37 Money
1940 1265 29 23 to
1979 1255 76 32 Lend
2065 1265 35 19 on
2112 1253 136 29 Freehold
2260 1253 125 36 Security

1829 1378 35 56 J
1943 1376 51 39 H.
2057 1357 329 54 PfeARSON,

1930 1442 67 21 ROSS
2011 1437 98 26 PLACE,
2124 1435 167 27 LAWRENCE,

1872 1482 268 37 CONTRACTOR,
2161 1479 181 37 BUILDttR,

2083 1533 54 21 and

1970 1563 276 34 UNDERTAKER.

1831 1644 147 29 Contracts
1992 1640 84 29 taken
2088 1639 43 28 for
2145 1635 138 30 Builders'
2303 1635 83 30 Work

1951 1684 27 26 ok
1993 1691 81 27 every
2089 1677 178 38 description.

1893 1752 200 25 ESTIMATES
2123 1750 195 22 PREPARED.

1867 1818 25 27 A
1906 1811 197 33 well-assorted
2130 1809 86 29 Stock
2237 1809 30 28 of
2287 1808 83 29 Furni-

1829 1861 62 24 ture
1903 1856 103 37 always
2018 1849 134 36 oi*hand.

1867 1895 134 31 Funerals
2011 1889 155 36 conducted
2179 1889 28 30 in
2218 1888 37 30 all
2268 1893 76 35 parts
2358 1888 29 28 of

1829 1938 47 30 the
1902 1936 125 30 District.
2067 1931 106 31 Hearse
2200 1929 136 41 provided
2365 1929 22 28 if

1829 1977 137 40 required.

1873 2080 229 38 triLLIAM
2149 2083 50 35 \f
2215 2077 170 36 ALONE,

1911 2236 173 41 General
2121 2234 174 42 Grocer,

1849 2383 269 35 SCOTLAND
2130 2400 11 6 -
2152 2383 20 30 S
2182 2382 23 28 T
2219 2382 22 27 R
2255 2380 21 28 E
2291 2380 19 28 E
2324 2380 32 35 T,

1989 2531 226 32 ROXBURGH.

1829 2639 62 54 yy
1984 2636 45 31 T.
2100 2631 282 36 BOWDEN,

1897 2712 179 27 CARPENTER,
2103 2709 117 27 JOINER,
2248 2707 62 23 AND

2003 2748 208 27 UNDERTAKER,

1823 2806 99 29 Desires
1948 2810 26 22 to
1999 2802 78 30 thank
2103 2801 42 29 the
2180 2799 87 30 PuMic
2291 2799 25 27 of
2343 2796 41 29 the

1825 2845 104 27 District
1943 2843 39 26 for
1999 2848 56 30 past
2073 2846 114 32 support,
2207 2838 50 27 and
2277 2837 61 35 begs
2358 2843 26 19 to

1823 2882 91 29 inform
1944 2880 67 29 them
2047 2881 55 25 that
2133 2878 30 26 lie
2194 2876 44 28 has
2270 2872 112 30 resumed

1827 2921 120 27 Business
1959 2919 26 27 in
1999 2915 153 33 Roxh'rtgh.

1827 3006 136 28 Estimates
1976 3006 73 35 given
2061 3005 48 27 and
2122 3002 119 36 Building
2251 3001 134 27 Contracts

1932 3056 29 26 of
1976 3054 32 28 all
2028 3052 74 29 kinds
2119 3052 162 28 undertaken.

1867 3142 76 28 Plans
1956 3140 48 28 and
2023 3139 187 37 Specification*
2225 3135 122 37 prepared.

1827 3210 216 55 HUGH
2119 3206 265 42 BRUCE,

1919 3276 202 31 BOARDING
2150 3274 141 37 HOUSE,

1855 3329 320 34 Whitehaven-stkeet,
2198 3327 154 29 Lawrence

1893 3375 144 40 (Opposite
2051 3375 118 38 English
2183 3373 131 36 Church.)

1838 3466 83 23 FIRST
1939 3466 84 22 CLASS
2047 3462 247 25 ACCOMMODATION
2317 3462 55 22 FOR

1916 3493 58 22 THE
1988 3493 185 22 TRAVELLING
2189 3491 111 22 PUBLIC.

1875 3577 79 30 Good
1977 3576 131 38 Stabling
2133 3575 55 30 and
2207 3572 131 31 Paddock

1978 3617 256 30 Accommodation.

2016 3651 40 15 v
2094 3660 7 5 ..
2122 3651 3 19 ,

1913 3698 167 30 Charges
2102 3697 160 29 Moderate.

1836 3863 191 33 VTILLEttS
2091 3862 97 29 FLAT
2246 3858 136 36 HOTEL,

1989 4015 122 21 MILLERS
2136 4014 80 22 FLAT.

1866 4285 32 29 P.
1921 4283 109 29 Laffb?
2089 4306 30 7 ...
2181 4280 165 40 Proprietor.

1835 4457 195 61 COBB
2099 4459 53 54 &
2215 4456 170 61 CO.'S

1944 4538 180 29 TELEGRAPH
2141 4537 70 21 LIME
2236 4537 37 21 OF

1879 4578 130 29 ROYAL
2029 4577 99 29 MAIL
2149 4575 189 30 COACHES.

2033 4628 150 30 Lawrence

1866 4672 156 26 Beaumont
2146 4669 66 28 Moa
2226 4668 63 29 Flat

1865 4709 99 30 Teviot
2145 4708 160 30 Alexandra

1867 4751 88 38 Clyde
2068 4750 4 39 '
2150 4750 145 30 Cromwell

1866 4792 174 29 Arrowtown
2148 4791 186 37 Queenstown

2082 4832 64 29 And

1902 4878 58 30 Alll
1980 4878 199 31 Intermediate
2204 4879 107 29 Places.

1865 4960 80 29 Cobb
1957 4961 54 29 and
2035 4960 76 30 Co/a
2133 4959 155 39 Telegraph
2315 4958 68 28 Line

1827 5001 29 29 of
1868 5001 88 39 Royal
1969 5001 68 29 Mail
2061 5001 122 30 Coaches
2206 5001 76 28 leave
2305 4998 59 28 Law-

1826 5051 81 19 rence
1926 5041 45 30 for
1992 5042 48 29 the
2059 5042 154 27 Beaumont
2233 5039 56 29 and
2309 5038 56 28 Rox-

1826 5082 93 37 burgh
1936 5092 83 28 every
2042 5082 70 36 day;
2131 5082 55 27 and
2208 5081 77 27 leave
2307 5080 57 26 Rox-

1826 5122 93 38 burgh
1950 5122 45 28 for
2026 5122 168 33 Alexandra,
2228 5118 155 35 Cromwell,

1827 5166 182 31 Arrowtown,
2022 5162 56 28 and
2100 5161 182 37 Queenstown
2300 5168 81 28 every

1826 5202 137 38 Tuesday,
1988 5202 145 38 Thursday
2155 5201 56 28 and
2235 5198 148 38 Saturday,

1827 5242 132 39 reaching
1967 5242 185 36 Queenstown
2162 5241 47 29 the
2218 5248 73 20 same
2300 5247 66 19 even-

1826 5283 58 39 ing.
1927 5288 167 34 Passengers
2105 5282 78 29 leave
2200 5278 131 31 Dunedin
2346 5279 37 37 by

1827 5324 47 30 the
1888 5324 63 29 8.15
1965 5335 64 18 a.m.
2053 5323 69 30 train
2134 5335 9 24 ;
2163 5323 77 28 leave
2260 5320 105 36 Queens-

1827 5370 74 25 town
1915 5376 35 18 on
1964 5376 75 18 same
2052 5365 68 37 days
2132 5368 29 24 at
2174 5364 17 28 5
2200 5372 75 24 a.m.,
2289 5360 77 29 reach-

1826 5406 51 38 ing
1889 5405 157 38 Roxburgh
2064 5410 30 23 at
2106 5405 16 28 8
2137 5414 77 28 p.m.,
2228 5402 55 28 and
2296 5400 73 29 arriv-

1826 5445 52 38 ing
1896 5448 29 25 at
1946 5444 150 29 Lawrence
2116 5448 29 24 at
2174 5443 62 28 1.45
2258 5451 67 29 p.m.
2348 5450 35 18 on

1828 5484 144 39 following
1986 5484 79 38 days.

1865 5525 133 30 Dunedin
2018 5524 130 39 Booking
2164 5523 85 31 Office
2261 5522 45 30 for
2319 5521 50 29 Pas-

1830 5577 115 28 sengers
1957 5565 55 30 and
2026 5565 109 28 Parcels
2146 5577 7 17 :
2179 5564 71 29 N.Z.
2264 5563 121 38 Express

1893 5617 13 20 s
1922 5606 93 35 Office,
2028 5607 204 33 Manse-street,
2246 5602 139 31 Dunedin.

1868 5647 82 31 Head
1976 5647 101 28 Office:
2110 5645 176 34 Peel-street,
2308 5643 59 28 Law-

1832 5697 13 20 r

1966 5727 39 30 H.
2026 5725 119 32 CRAIG
2163 5731 24 24 &
2209 5724 68 37 CO.,

2171 5765 181 36 Proprietors.

2506 177 536 62 EVERYBODY'S
3083 169 379 64 BUSINESS.

2473 283 133 33 AIAPOI
2632 281 272 32 BLANKETSA
2916 280 77 40 large
3003 278 80 31 stock
3094 277 60 40 just
3166 271 135 34 received.
3342 271 166 41 Something
3521 275 28 27 to

2507 325 120 40 prolong
2639 335 70 28 your
2721 325 78 37 days,
2814 327 120 25 sweeten
2947 322 47 28 the
3007 325 116 34 temper,
3137 319 124 38 improve
3282 315 46 28 the
3354 313 132 40 appetite,
3505 314 29 29 in-

2414 379 45 19 cre
2467 377 39 19 tse
2515 365 126 40 personal
2655 364 127 35 comfort,
2793 363 55 29 and
2862 362 66 37 defy
2942 362 47 28 the
3001 362 79 28 frost.

2488 408 70 28 New
2572 407 85 28 Dress
2671 405 123 34 Tweeds,
2810 395 299 42 Flanelietteswide,
3123 400 99 38 heavy,
3236 399 96 37 cheap.

2487 447 109 30 Ladies'
2609 445 125 35 Jackets,
2750 444 97 39 Cap&,

2488 487 109 30 Ladies'
2613 487 71 28 Hats
2697 486 29 28 in
2738 485 75 38 plain
2827 484 55 29 and
2895 483 84 38 fancy
2995 483 112 34 Straws,
3130 480 85 36 Felts,
3236 480 85 30 Plush
3343 477 56 31 and
3421 477 124 34 Beaver;

2417 529 108 38 Wings,
2540 527 97 37 Quills,
2651 526 90 35 Tufts,
2756 525 153 39 Aigrettes,
2926 523 128 35 Flowers,
3067 522 128 29 Ribbons
3211 521 39 37 (in
3271 521 73 35 shot,
3358 518 109 39 stripes,
3482 517 61 38 &c.)

2414 570 166 35 Nothing
2594 567 162 29 miraculous
2770 567 51 27 but
2835 575 65 25 very
2914 563 166 30 wonderful.

2489 609 88 28 Down
2591 612 28 24 to
2634 607 64 28 date
2711 606 85 38 styles
2810 605 27 28 in
2862 604 91 29 Men's
2978 604 79 34 Hats,
3077 602 146 38 including
3243 602 48 28 the
3334 600 116 38 Lounge
3494 598 55 29 and

2417 649 47 30 the
2477 659 62 20 now
2552 648 107 30 famous
2700 645 42 30 Dr

2490 692 24 26 A
2528 689 83 38 good,
2624 692 89 33 great,
2733 686 89 39 grand
2835 685 55 29 and
2911 694 141 30 gorgeous
3078 683 106 37 variety
3209 682 29 29 in
3259 681 101 36 Men's,
3384 681 84 37 Boys,
3494 679 54 30 and

2414 731 119 28 Youths'
2550 728 122 30 Colonial
2686 726 99 29 Tweed
2800 726 85 28 Suits.
2927 724 80 29 Mind
3027 734 64 29 you,
3113 722 214 30 SPECIALLY
3350 720 197 30 SELECTED

2413 772 44 28 for
2471 772 48 28 the
2532 770 122 29 author's
2666 767 146 30 wondrous
2826 766 90 29 trade.

2488 811 117 29 Friends
2619 819 103 20 unseen
2734 808 56 29 and
2800 816 114 31 patrons
2928 807 42 28 far
2986 805 56 30 and
3055 815 66 19 near
3123 804 51 29 I
3192 804 100 35 watch,
3307 802 87 36 work,
3409 802 55 29 and
3485 802 64 29 wait

2414 852 43 29 for
2468 862 69 27 you.

2648 891 97 66 E.
2834 883 495 86 DIMA.NT,

2562 994 102 30 CASH
2685 993 163 34 DRAPER,
2871 991 72 30 CLO
2953 991 122 34 L'HIKR,
3197 988 210 30 IMPORTER.

2797 1044 70 29 Ross
2891 1044 95 34 Place,
3007 1042 163 28 Lawrence.

2935 1236 143 29 TAILOR
3107 1234 82 29 AND
3218 1232 164 31 HATTER.

2767 1317 26 54 J
2810 1317 41 21 AM
2864 1313 159 28 acknowledged
3038 1316 22 19 to
3073 1313 26 21 be
3111 1312 75 22 second
3198 1313 23 20 to
3233 1318 54 15 none
3299 1311 35 22 for

2807 1376 139 30 STYLE!

2954 1414 192 40 QUALITY!

3123 1454 315 30 WORKMANSHIP!

2942 1578 159 22 RESIDENTS
3125 1577 36 21 OF
3187 1576 189 22 ROXBURGH

2765 1607 80 27 Kindly
2933 1607 36 20 her
2984 1607 46 20 that
3039 1606 67 25 owing
3119 1607 22 19 to
3151 1611 33 21 my
3193 1604 99 21 immense
3301 1605 132 25 uwoitment,
3443 1603 36 21 the
3488 1603 61 21 Show

2814 1636 20 20 in
2845 1636 36 20 the
2893 1635 103 21 Windows
3008 1635 15 20 is
3034 1634 49 26 only
3092 1641 12 12 a
3114 1640 48 19 very
3171 1632 59 21 small
3241 1635 46 23 part
3292 1631 22 21 of
3323 1639 34 19 my
3368 1632 129 21 Exhibition.

2816 1703 112 26 Intending
2937 1703 117 21 Customers
3065 1701 40 20 will
3116 1701 42 20 find
3167 1701 45 19 that
3222 1701 11 20 I
3243 1700 51 21 hive
3306 1700 59 20 made
3372 1700 36 20 the
3414 1699 65 21 inside
3485 1698 22 22 of
3513 1706 35 19 my

2764 1731 161 21 Establishment
2943 1730 107 26 especially
3069 1733 23 16 at
3104 1735 33 14 rac
3147 1728 40 26 ive,
3204 1727 41 21 and
3262 1727 103 23 earnestly
3381 1727 64 21 invite
3462 1733 42 20 you
3526 1729 22 18 to

2765 1763 83 16 saunter
2863 1758 88 25 through
2969 1757 35 21 the
3024 1757 81 20 various
3123 1756 146 26 Department*
3283 1754 40 22 and
3338 1754 84 27 luipect
3431 1753 36 22 the
3477 1754 71 21 Latest

2766 1785 105 22 Fashion*.

2803 1853 184 30 OPPOSITE
3009 1851 109 31 BANK
3141 1851 47 29 OF
3208 1851 91 29 NEW
3319 1850 191 37 ZEALAND,

3088 1892 164 28 Lawrence.

2591 2168 76 29 BEG
2693 2167 49 28 TO
2766 2165 218 30 ANNOUNCE
3007 2164 104 28 THAT
3136 2162 104 30 THEY
3266 2162 108 30 HAVE

2445 2244 451 59 PURCHASED
2933 2242 152 56 THE
3117 2239 401 56 GOODWILL

2713 2354 71 19 op
2808 2352 52 19 the
2887 2340 193 31 BUSINESS
3106 2349 33 19 OP
3163 2348 52 20 THE

2452 2529 140 28 Together
2606 2527 67 28 with
2686 2526 73 29 their
2782 2522 227 35 BOILDINGS,
3029 2522 89 28 which
3131 2521 54 28 will
3198 2521 162 29 henceforth
3372 2533 37 27 go
3422 2521 89 30 under

2892 2564 49 28 the
2955 2572 80 18 name
3048 2561 30 29 of

2419 2646 662 94 DALGETY'S
3120 2643 424 89 STORE.

2492 2857 86 29 These
2601 2855 98 29 Stores
2720 2862 47 20 are
2791 2855 132 35 amongst
2942 2851 49 29 the
3012 2850 120 38 Largest
3151 2848 56 29 and
3227 2848 221 41 Best-equipped
3460 2849 30 30 in
3502 2849 48 29 the

2414 2899 117 38 Colony,
2544 2896 56 30 and
2622 2905 54 19 our
2697 2892 108 31 friends
2826 2903 64 28 may
2912 2890 140 32 therefore
3073 2889 59 39 rely
3153 2898 75 30 upon
3250 2888 73 31 their
3342 2890 208 40 consignments

2415 2940 85 38 being
2512 2939 96 28 shown
2624 2940 29 24 to
2668 2934 48 30 the
2731 2934 63 29 best
2806 2933 159 38 advantage
2978 2931 79 30 when
3071 2930 122 40 exposed
3205 2930 45 29 for
3262 2930 65 31 sale.

2435 3087 120 32 Auotion
2571 3085 46 31 Sal
2635 3097 13 17 s
2661 3085 30 29 of
2704 3082 181 41 Sheepskins,
2898 3081 193 36 Rabbitskins,
3105 3080 98 37 Hides,
3215 3079 113 37 Tallow,
3341 3079 60 38 &c.,
3412 3081 136 40 weekly.J

2646 3232 76 29 Send
2748 3232 45 29 fo-
2817 3243 51 18 our
2895 3230 105 30 Advice
3020 3229 89 30 Notes
3134 3229 54 30 and
3212 3228 112 32 Labels.

2610 3367 95 50 T
2766 3364 77 52 si

3038 3363 312 53 Owners:

2951 3711 136 54 WDER

2680 3842 37 31 18
2744 3841 216 30 ANNUALLY
2986 3840 103 30 USED
3116 3836 106 33 UPON
3249 3835 27 30 A

2415 3922 350 65 QUARTER
2780 3937 37 23 0F
2830 3937 58 22 THE
2902 3917 240 60 SHEEP
3158 3934 33 23 w
3203 3932 59 23 THE
3287 3906 253 62 WORLD

2449 4037 61 31 ITS
2530 4037 236 31 BENEFICIAL
2788 4033 168 33 EFFECTS
2976 4030 80 32 AND
3075 4029 168 32 LASTING}
3266 4019 236 39 PROPERTIES

2817 4086 129 32 ALONE
2972 4084 112 30 MAKE
3109 4084 40 29 IT

2413 4150 154 57 TIIE
2609 4146 395 61 CHEAPEST
3038 4142 96 57 OF
3170 4141 148 59 ALL
3357 4133 184 61 DIPS.

2578 4261 82 21 CABLE
2687 4261 73 21 FBOM

2904 4287 103 32 JOHN
3033 4284 221 37 THOMPSON,
3278 4284 158 31 Lawrence,

2826 4342 64 30 And
2913 4342 71 28 from
3006 4339 35 29 all
3066 4338 88 29 Stock
3174 4338 57 29 and
3255 4335 110 32 Station
3387 4334 119 37 Agents.

2461 4421 178 46 Murray,
2666 4421 175 37 Roberts
2874 4419 79 36 and
2985 4417 88 41 Co.,
3106 4423 83 28 Chief
3214 4423 109 31 Agents
3344 4419 44 27 for
3411 4416 100 30 Qtago.

2711 4759 99 29 mm?.

2534 5130 156 57 NEW
2751 5129 244 56 RAPIP
3041 5126 391 57 BICYCLES.

2417 5231 62 56 ST.
2493 5230 115 21 GEORGE
2624 5228 206 22 ENGINEERING
2843 5228 50 24 CO.,
2909 5228 101 24 Limited,
3024 5234 35 13 are
3068 5227 36 19 the
3114 5227 80 20 Makers
3203 5226 24 22 of
3235 5226 35 21 the
3279 5226 49 26 only
3339 5226 80 27 Bicycle
3429 5227 112 25 possessing

2479 5258 21 21 in
2511 5258 70 26 happy
2589 5256 138 21 combination
2740 5256 35 21 the
2786 5255 112 27 perfection
2908 5254 21 20 of
2936 5255 57 19 those
3000 5253 95 27 qualiies
3102 5258 53 17 nv-ist
3161 5253 85 21 coveted
3253 5253 26 27 by
3287 5253 134 27 exporieiicad
3430 5254 111 27 Cyclists

2587 5289 225 30 STABILITY!
2890 5287 181 32 SPEED!.
3114 5287 267 32 DURABILITY!

2463 5331 49 21 This
2522 5331 43 21 fact
2573 5330 37 21 has
2619 5330 81 20 became
2709 5329 103 26 generally
2822 5327 116 27 recognised
2948 5328 22 22 in
2979 5327 108 28 Tuapeka,
3096 5327 40 21 and
3146 5328 21 20 in
3177 5334 139 20 consequence
3332 5327 10 21 I
3356 5335 33 14 am
3403 5327 55 28 daily
3468 5328 73 26 selling

2413 5359 58 22 thesi
2481 5358 105 22 Machines
2596 5360 22 18 to
2629 5357 85 26 Cyclists
2726 5357 44 20 who
2780 5356 51 20 have
2840 5355 50 21 been
2900 5355 145 28 disappointed
3055 5355 26 24 by
3091 5355 61 21 other
3161 5355 78 25 makes,
3250 5355 41 22 and
3302 5355 45 21 who
3355 5362 35 16 are
3395 5356 54 26 glad,
3459 5355 82 28 indeed,

2413 5388 32 19 for
2455 5394 31 13 mn
2497 5390 21 16 to
2528 5386 59 20 make
2597 5385 56 20 them
2661 5392 25 12 an
2695 5385 110 19 allowance
2815 5383 30 21 for
2857 5383 54 21 their
2922 5383 106 21 discirded
3040 5385 84 19 mounts

2413 5425 56 35 As
2481 5424 93 34 Part
2587 5420 267 46 Paymentfor
2865 5431 24 25 a
2902 5420 188 38 Machine
3097 5421 93 44 they
3201 5430 79 28 can
3294 5421 169 44 Depend
3476 5432 65 26 on.

2468 5508 67 23 Those
2545 5507 44 21 who
2598 5513 35 15 are
2643 5508 36 20 not
2692 5506 21 22 in
2722 5513 12 14 a
2744 5506 89 27 position
2843 5507 21 20 to
2874 5506 101 27 purchase
2985 5513 39 15 one
3032 5506 22 22 of
3062 5505 58 23 these
3128 5505 54 24 ideal
3191 5505 70 23 steeds
3269 5513 37 15 can
3316 5505 72 23 obtaic
3398 5506 54 22 from
3463 5514 32 15 ila

2535 5536 70 28 New
2627 5543 55 21 and
2707 5534 202 30 Second-hand
2936 5535 132 29 Bicycles
3088 5534 33 30 of
3141 5543 83 26 every
3245 5534 194 39 description.,

2633 5591 718 91 CHARLES~STOKES,,

2573 5691 217 33 MERCHANT
2822 5691 152 37 TAILOR,
3000 5691 70 31 Ross
3102 5691 99 37 Place,
3226 5690 163 34 Lawrbncb.

2824 5744 96 38 Agent
2944 5745 45 28 for
3012 5744 142 36 Tuapeka.

2471 5787 124 27 Catalogue!
2608 5792 27 16 01
2648 5783 141 28 Application.
3071 5783 72 26 WTieA-
3149 5783 103 29 Oidtring
3266 5784 95 24 Meatian
3375 5785 42 23 this
3430 5787 74 28 Paper.

3581 203 259 44 Speargrass
3873 197 91 39 Flat
4003 188 134 47 Hotel,

3681 262 103 31 BALD
3807 261 94 31 HILL
3926 258 109 32 FLAT.

3577 348 92 22 JAMES
3680 344 155 24 FALCONER
3939 354 23 5 -
3987 342 150 21 Pbopbietor.

3577 417 100 45 rpHE
3689 416 88 29 above
3791 413 86 30 Hotl
3890 412 56 30 will
3961 412 35 29 be
4009 409 90 31 found
4119 418 17 19 a

3660 460 74 26 most
3759 453 182 31 comfortable
3970 451 55 29 aud
4061 449 58 29 well-

3576 497 151 42 appointed
3740 496 96 29 House
3851 496 37 36 by
3911 492 153 30 Travellers
4078 490 56 28 and

3577 542 47 28 the
3636 538 94 41 public
3744 536 152 40 generally.
3936 534 118 28 Patrons
4071 541 62 27 may

3577 581 58 38 rely
3648 590 36 19 on
3697 588 84 28 every
3798 576 137 29 attention
3951 576 83 36 being

3577 625 28 25 to
3615 621 73 29 their
3700 619 129 29 comfort.

3576 696 45 27 An
3634 694 160 29 Excellent
3807 691 88 29 Table
3909 690 119 28 Always
4042 686 89 30 Kept.

3640 767 71 39 Only
3728 767 47 29 the
3789 764 66 30 Best
3869 763 117 40 Liquors
4001 760 77 40 Kept<

3784 807 28 28 iu
3826 805 97 30 Stock.

3584 863 158 29 First-class
3756 861 139 36 Stabling,
3909 859 66 28 with
3992 857 101 30 Groom
4108 856 28 28 in

3772 901 174 28 attendance.

3579 991 282 58 railway
3938 988 196 36 hotel,

3670 1060 68 21 ROSS
3757 1058 99 26 PLACE,
3876 1056 169 22 LAWRENCE.

3578 1127 110 38 John
3716 1124 152 45 LafFey,
3897 1122 237 45 Proprietor

3655 1184 80 38 (Late
3749 1183 29 29 of
3790 1182 145 29 Havelock
3949 1181 106 36 Hotel.)

3615 1265 19 28 J
3645 1265 33 27 L.
3692 1264 70 37 begs
3782 1266 29 25 to
3824 1263 126 27 intimate
3963 1262 61 26 that
4038 1261 33 26 he
4087 1261 47 26 has

3578 1303 156 40 purchased
3765 1302 47 29 the
3844 1301 87 29 above
3957 1299 178 29 well-known

3580 1344 140 39 Hostelry,
3729 1343 55 29 and
3800 1343 94 38 hopes,
3902 1341 37 38 by
3949 1345 80 25 strict
4042 1346 75 23 atten-

3581 1386 56 29 tion
3651 1389 28 25 to
3693 1385 47 29 the
3749 1383 118 30 comfort
3875 1383 29 29 of
3916 1381 153 30 Travellers
4078 1381 55 28 and

3580 1426 47 30 the
3639 1425 93 40 public
3746 1423 150 40 generally,
3909 1426 29 26 to
3954 1425 71 26 mtet
4040 1422 64 29 with
4117 1433 17 18 a

3578 1467 53 29 fair
3644 1466 81 29 share
3736 1465 29 29 of
3777 1471 153 32 patronage

3615 1506 59 30 The
3698 1505 123 39 .Railway
3842 1504 24 30 is
3887 1514 53 20 one
3953 1503 29 29 of
3995 1503 47 29 the
4055 1503 60 29 best-

3577 1548 150 38 appointed
3738 1546 99 30 Hotels
3845 1545 108 29 outside
3961 1544 30 29 of
4002 1544 129 28 Dunedin

3578 1588 98 30 Under
3687 1586 87 30 J.L.'s
3789 1589 202 36 management,
4000 1585 47 28 the
4057 1594 55 18 com-

3577 1629 56 29 fort
3645 1628 29 30 of
3683 1626 113 41 patrons
3805 1625 54 30 will
3871 1626 33 29 be
3915 1625 78 29 made
4003 1635 16 17 a
4029 1623 101 40 special

3576 1670 115 34 feature,
3704 1668 55 29 and
3773 1678 35 18 no
3821 1667 82 29 effort
3913 1666 54 29 will
3984 1666 34 28 be
4029 1665 100 39 spared

3577 1714 28 25 to
3618 1710 64 38 give
3695 1717 84 29 every
3792 1706 180 30 satisfaction.

3576 1783 58 29 The
3647 1782 62 30 best
3723 1781 103 30 brands
3838 1780 31 31 of
3889 1779 106 37 Wines,
4019 1778 111 40 Spirits,

3612 1824 56 28 and
3682 1823 67 29 Ales
3760 1823 103 36 always
3882 1821 67 38 kept
3962 1821 29 28 in
4003 1821 89 28 stock.

3577 1896 129 38 Simpson
3718 1894 56 30 and
3788 1893 97 30 Hart's
3898 1893 67 29 Ales
3978 1892 104 39 always
4094 1902 36 18 on

3819 1933 77 41 {Tap,

3576 2009 158 31 First-class
3746 2008 129 39 Stabling
3888 2006 244 31 Accommodation

3582 2073 280 58 jVJASOHIC
3907 2069 225 43 HOTEL*

3670 2135 69 22 ROSS
3751 2133 98 27 PLACE,
3863 2132 168 22 LAWRENCE.

3575 2202 33 30 R.
3629 2202 113 30 WEBB
3947 2200 181 29 PnorRiBTOK.

3612 2282 58 31 The
3722 2282 124 30 Masonic
3902 2280 101 30 affords
4025 2280 37 28 all
4082 2280 48 28 the

3574 2324 131 29 comforts
3718 2324 29 28 of
3759 2334 16 18 a
3788 2324 89 35 home,
3888 2322 56 28 and
3957 2321 23 29 is
3994 2320 131 39 provided

3574 2364 67 28 with
3654 2364 47 29 the
3721 2373 68 29 very
3808 2363 62 29 best
3883 2360 246 31 Accommodation

3574 2404 44 28 for
3642 2403 161 29 Travellers.
3842 2402 160 29 First-class
4033 2401 95 27 Table.

3574 2443 68 30 Best
3661 2442 97 31 Wines
3779 2442 56 31 and
3856 2441 101 41 Spirits
3979 2441 101 38 always
4100 2441 30 27 in

3574 2483 90 32 stock.

3695 2551 135 22 CHARGES
3848 2550 162 22 MODERATE.

3610 2606 59 31 The
3694 2606 159 40 Proprietor
3877 2605 100 30 wishes
4002 2608 29 27 to
4053 2604 76 30 draw

3576 2647 109 39 Special
3708 2648 137 29 attention
3869 2650 30 26 to
3926 2647 46 28 the
3998 2645 131 39 Stabling

3575 2687 246 30 Accommodation
3839 2686 143 40 provided,
3996 2686 90 29 which
4104 2686 25 28 is

3575 2727 155 36 unlimited,
3742 2728 55 29 and
3809 2728 30 30 of
3851 2729 47 28 the
3912 2728 62 28 best
3986 2726 78 31 kind.

3580 2790 46 61 y
3642 2790 231 32 ICTOKIA
3948 2789 98 31 HOT
4059 2789 59 31 JDL
4122 2811 8 14 t
4146 2789 3 62 .

3665 2859 72 22 PEEL
3748 2859 112 26 STREET,
3874 2858 171 22 LAWRENCE.

3601 2950 171 37 Ronald
3799 2948 312 44 Montgomery,

3768 3007 181 30 Pbopbietok.

3577 3102 60 31 One
3659 3102 29 30 of
3709 3102 47 29 the
3777 3105 71 26 most
3872 3100 182 31 comfortable
4073 3100 76 33 and,

3603 3142 230 31 best-conducted
3846 3141 153 30 Hostelries
4010 3151 35 19 on
4057 3142 46 29 the

3725 3183 89 37 Otago
3828 3182 160 30 Goldtields.

3676 3276 57 22 HOT
3754 3274 62 23 AND
3836 3274 75 22 COLD
3930 3273 99 23 BATHS.

3600 3344 110 29 Samplk
3730 3344 96 28 Rooms
3846 3351 51 20 for
3914 3342 186 31 Travellers,

3573 3425 166 39 Passengers
3746 3422 87 30 called
3843 3423 42 29 for
3893 3423 47 30 the
3948 3424 75 38 early
4031 3424 97 34 Train,

3575 3573 52 58 JD
3686 3570 51 61 M
3737 3570 52 61 1
3821 3570 19 24 T
3871 3570 75 25 0H
3981 3570 18 24 E
4033 3570 20 25 L
4057 3593 15 5 ~
4082 3570 21 25 L
4112 3591 13 7 ~

3629 3716 69 26 THK
3744 3714 159 27 POPULAR
3939 3714 120 31 HOUdb:,
4075 3737 6 6 .

3749 3778 198 25 Lawrence.

3571 3861 23 19 .5
3607 3860 50 16 uow
3674 3850 110 32 opening
3798 3858 30 22 up
3848 3848 46 25 hU:
3911 3847 63 25 First
3996 3848 153 31 Shipment,/,

3585 3897 25 24 of
3626 3894 144 26 SUMMER
3970 3892 137 26 co.miatiup

3584 3942 25 24 of
3616 3942 30 24 till
3659 3942 38 24 the
3706 3942 69 23 latest
3787 3938 117 25 novelties
3912 3939 36 23 /or
3961 3939 39 23 the
4008 3938 95 30 coning

3653 3988 91 17 season,
3763 3979 47 23 and
3824 3986 77 22 prces
3915 3982 22 18 to
3956 3979 87 21 iuatcb>

3692 4017 92 24 Milline
3798 4023 15 24 y
3827 4024 14 16 a
3865 4015 138 31 Speciality.

3606 4160 110 31 Cgrtf.B.
3770 4157 77 27 Visits
3882 4158 90 24 MiUara
4000 4156 45 26 Fla
4093 4157 30 24 nl

3578 4200 128 31 roxourgh
3719 4200 124 28 every-six
3860 4200 110 26 wee.k.~.

3651 4504 46 18 BY
4031 4507 12 15 '
4058 4499 42 18 TO

3606 4541 129 22 ROYAL
3999 4536 44 22 HEK
4050 4530 113 27 MAJESTY

3591 4576 159 21 warrant
4010 4573 49 19 the
4069 4565 93 30 Queen.

3592 4613 68 27 mi
3672 4611 87 29 SPECIAL
3765 4604 403 37 V/ARRAUTTOH.R.H.THCPHINCEOFWALES.

4059 5200 28 28 $

3753 5257 29 20 *

3622 5444 33 15 YA

3973 5506 34 67 I

3601 5654 176 39 TOTHILL,
3796 5658 176 38 WATSON,
3991 5659 25 30 &
4037 5659 67 37 CO.,

3677 5730 135 29 Jfisk.>trest
3814 5752 17 15 v
3840 5733 165 33 Invercaryjill,

3597 5775 55 26 S>le
3665 5778 89 31 Agents
3769 5779 36 25 for
3819 5781 76 31 i)tag
3912 5781 46 25 snd
3979 5781 160 31 Southland,.,.
