4240 5910
108 213 8 12 /
117 206 32 31 0.
158 204 46 31 W.
215 207 127 39 Rattray,
352 206 45 29 Ah
407 205 66 30 Sam
485 204 58 37 {Mr
551 199 120 36 Burton)

115 247 91 39 (claim
221 248 55 31 and
289 254 85 24 water
387 247 98 39 race).,

242 298 88 20 OTHER
342 295 197 23 APPLICATIONS.

153 329 47 30 Mr
221 330 105 29 Milne:
347 327 183 37 Resumption
552 327 30 29 of
603 327 64 28 land

116 380 35 19 on
173 371 87 30 Block
283 381 41 26 ii.,
346 371 120 38 Benger.
468 367 199 40 —Adjourned

113 415 29 25 to
157 413 67 27 12th
238 415 121 35 August.

149 453 32 28 F.
203 453 105 38 Jeffery
329 463 27 17 v.
379 451 74 29 John
470 449 106 38 Ryley:
600 448 48 28 For-

112 492 289 32 feiture.—Forfeited
416 490 186 36 accordingly.

149 535 155 39 Roxburgh
318 534 70 28 Gold
409 533 93 27 Steam
517 530 146 36 Dredging

115 576 49 30 Co.
199 577 58 36 (Mr
287 573 137 31 Burton):
464 569 200 30 Surrender.—

112 617 133 29 Granted.

151 658 106 29 Golden
280 656 62 28 Run
365 652 148 37 Dredging
536 649 47 30 Co.
607 649 57 38 (Mr

116 698 117 36 Burton)
250 712 5 14 :
279 694 164 31 Permission
483 695 28 25 to
549 690 115 37 register

114 743 105 32 inortga
224 749 43 27 ge.
269 735 110 30 —Gran
383 733 55 29 ted.

152 780 76 28 Win.
261 777 67 29 Bain
366 774 55 38 (Mr
453 771 116 33 Burton)
584 783 5 17 :
610 769 36 30 Re-

116 821 85 28 newal
247 819 29 28 of
318 814 161 40 occupation
516 813 110 28 license.

120 861 122 29 Granted
256 870 34 19 on
304 859 47 29 the
373 865 73 20 same
461 853 153 30 conditions
635 861 29 18 as

116 903 104 27 before.

158 976 175 52 Dredging
365 978 33 37 at
432 969 201 44 Alexandra.

121 1056 192 32 SPLENDID
344 1050 178 33 RETURNS
562 1047 104 30 FROM

214 1097 75 29 THE
308 1095 84 31 MOA
412 1089 164 35 DREDGE.

159 1173 57 28 The
229 1170 73 31 chief
315 1169 73 39 topic
401 1168 30 28 of
442 1166 107 36 mining
573 1162 95 29 circles

120 1215 50 29 has
179 1215 69 28 been
257 1212 47 29 the
314 1208 126 42 splendid
450 1206 54 31 and
512 1202 156 33 immediate

116 1265 115 20 success
243 1253 30 29 of
284 1253 48 28 the
356 1251 74 34 Moa,
443 1248 126 35 working
581 1249 28 25 at
622 1244 46 29 the

123 1296 83 28 lower
215 1292 122 39 opening
349 1291 29 30 of
391 1289 168 29 Frenchman
571 1296 13 18 s
607 1284 60 28 lead

122 1335 27 27 in
177 1335 47 27 the
248 1333 72 28 river
351 1329 124 39 opposite
501 1324 165 31 Alexandra.

121 1375 59 27 The
193 1377 108 25 returns
315 1381 70 18 were
404 1369 100 35 45£ozs
519 1367 43 29 for
585 1365 83 29 about

122 1415 53 27 five
188 1413 90 35 shifts,
291 1411 72 29 after
376 1411 48 28 she
435 1407 94 30 struck
540 1405 65 39 gold
626 1404 44 28 for

122 1454 48 28 the
194 1454 60 27 first
278 1451 85 33 week,
377 1449 53 29 and
444 1448 101 36 89£ozs
558 1446 44 28 for
622 1444 46 29 the

121 1495 78 28 three
235 1493 142 36 following
414 1489 77 39 days,
530 1486 54 31 and
622 1486 47 30 the

120 1538 109 25 returns
285 1533 44 29 for
377 1531 54 28 last
476 1528 77 29 week
599 1537 71 18 were

121 1573 135 37 expected
292 1576 31 25 to
360 1572 35 28 be
435 1580 68 19 even
550 1570 119 35 greater.

122 1614 58 29 The
205 1623 96 20 reason
326 1611 44 30 for
394 1621 30 18 so
449 1608 81 30 much
555 1608 115 28 interest

121 1656 86 35 being
219 1654 84 29 taken
313 1655 29 28 in
355 1653 56 28 this
424 1649 129 40 dredge's
574 1659 80 29 opera-

121 1696 83 35 tions,
228 1695 24 29 is
274 1695 61 29 that
347 1703 30 20 so
402 1701 81 29 many
508 1691 30 29 of
550 1700 50 19 our
624 1689 46 29 old

117 1736 106 30 miners
233 1735 69 29 have
313 1733 111 31 worked
436 1732 30 29 in
475 1730 195 31 Frenchman's

121 1776 55 30 and
184 1777 70 28 have
261 1786 65 19 seen
335 1775 47 29 the
390 1772 164 31 marvellous
562 1774 108 26 returns

122 1818 30 29 of
165 1818 54 28 this
231 1817 119 40 perhaps
360 1813 163 42 unequalled
532 1811 72 30 lead.
642 1811 28 29 It

122 1859 50 28 has
182 1858 101 37 always
294 1858 71 28 been
375 1867 35 17 an
424 1865 70 28 open
506 1853 55 28 and
583 1853 86 28 vexed

122 1898 128 40 question
280 1897 123 29 whether
431 1896 48 28 the
509 1893 61 30 lead
605 1903 48 18 con-

122 1939 95 29 tinued
231 1938 59 30 into
309 1938 48 28 the
381 1938 73 28 river
474 1946 31 18 or
517 1938 57 25 not.
612 1934 58 28 The

123 1979 66 29 Moa
214 1978 49 30 has
276 1977 100 31 settled
389 1977 36 29 all
450 1976 101 28 doubts
565 1984 35 19 on
622 1974 49 28 the

125 2020 117 38 subject,
268 2018 81 29 much
375 2021 30 26 to
428 2017 48 29 the
501 2014 169 30 satisfaction

123 2060 30 30 of
163 2061 49 28 her
242 2059 84 40 lucky
348 2068 114 20 owners.
502 2057 28 29 It
553 2055 24 30 is
602 2055 69 29 hard

123 2105 30 25 to
174 2101 128 29 estimate
327 2100 47 30 the
395 2098 55 30 real
473 2098 80 29 value
574 2096 30 29 of
616 2096 55 29 this

121 2144 141 36 property.
302 2141 34 29 In
361 2140 48 30 the
430 2138 166 30 excitement
617 2137 54 28 and

121 2182 61 29 first
207 2180 72 30 flush
305 2180 29 30 of
355 2189 118 26 success,
501 2178 22 30 it
548 2176 122 41 possibly

122 2234 63 25 may
194 2223 35 28 be
239 2220 233 31 over-estimated.
510 2222 41 27 At
560 2225 112 32 present

122 2274 55 26 any
203 2262 127 29 estimate
355 2262 71 29 from
449 2260 62 29 four
534 2264 30 24 to
595 2258 75 37 forty

115 2302 144 31 •thousand
271 2302 108 40 pounds
381 2300 185 38 —according
582 2302 30 26 to
624 2298 47 30 the

120 2347 186 36 temperment
318 2343 31 30 of
360 2342 47 31 the
431 2342 151 30 informant
582 2350 88 18 —can

121 2385 36 29 be
169 2385 95 29 heard.
302 2384 106 29 Miners
433 2384 61 29 who
516 2382 69 29 have
607 2391 71 23 seen.

121 2424 200 31 Frenchman's
346 2425 28 28 in
387 2424 48 29 the
448 2423 74 38 early
536 2423 77 37 days,
625 2431 46 19 are

121 2465 30 28 of
175 2465 111 38 opinion
309 2465 61 28 that
391 2464 48 29 the
463 2462 61 31 lead
536 2463 50 28 has
601 2462 69 28 been

115 2505 101 29 struck
240 2505 55 28 and
318 2504 103 39 proved
447 2503 148 34 workable,
617 2502 53 28 and

121 2547 62 30 that
196 2546 47 31 the
255 2551 108 26 returns
377 2556 45 20 are
436 2545 84 39 likely
528 2548 29 26 to
570 2543 100 31 exceed

121 2588 139 38 anything
281 2592 48 34 yet
353 2588 102 29 known
479 2588 28 28 in
522 2585 148 39 dredging.

120 2629 60 27 The
205 2638 61 18 new
291 2628 159 37 generation
466 2628 60 27 who
540 2626 70 28 have
635 2635 36 18 no

121 2667 162 38 experience
309 2665 30 30 of
362 2664 47 31 the
435 2666 74 40 good
531 2665 46 29 old
603 2664 68 38 days

118 2709 84 29 think
214 2709 55 30 less
278 2707 32 32 of
319 2708 33 29 it.
395 2707 50 30 We
456 2704 83 34 think
553 2706 49 31 the
613 2702 58 33 find

120 2751 24 26 is
156 2750 169 37 interesting
331 2754 29 22 to
372 2748 48 29 the
442 2746 111 41 general
568 2747 103 38 public,

115 2789 57 30 and
197 2789 110 39 mining
341 2789 96 39 pdblie
459 2789 31 28 in
511 2787 159 40 particular,

120 2831 116 29 because
272 2831 34 31 it.
331 2839 100 29 proves
473 2830 72 33 that,
585 2827 84 39 given

115 2871 125 39 ■dredges
264 2869 38 30 of
324 2869 136 30 sufficient
490 2877 94 30 power
615 2866 53 29 and

121 2912 134 37 capacity,
280 2911 118 28 suitable
424 2910 124 38 portions
568 2907 32 30 of
621 2908 49 29 the

123 2952 72 28 river
217 2951 28 28 in
268 2950 51 29 the
340 2960 102 27 gorges
467 2959 63 28 may
551 2958 61 19 now
635 2948 33 27 be

235 2990 85 34 —the
344 2991 68 29 drift
435 2998 141 21 overcome
576 2986 90 30 —and

118 3043 54 19 our
205 3033 73 28 river
309 3032 81 29 made
416 3035 27 25 to
467 3030 72 39 yield
569 3039 38 28 up
628 3033 39 24 its

120 3076 148 32 treasures,
287 3082 7 6 *
306 3072 56 28 But
471 3070 118 36 dredges
610 3067 57 29 will

120 3113 36 30 be
177 3111 127 43 required
329 3122 68 21 even
419 3111 91 40 larger
527 3109 68 31 than
619 3107 48 37 t|?e

121 3154 74 30 Moa.
235 3153 127 30 Another
393 3153 77 39 point
506 3151 30 30 of
551 3151 114 29 interest

121 3195 24 29 is
170 3194 134 40 although
327 3205 16 18 a
370 3193 66 30 rock
461 3193 57 29 and
550 3190 116 30 boulder

121 3236 129 30 bounded
287 3234 89 37 claim,
412 3245 37 19 no
472 3233 78 40 large
571 3235 94 27 stones

120 3276 71 30 have
214 3280 49 34 yet
286 3276 70 29 been
366 3273 80 31 lifted
467 3274 38 37 by
517 3274 50 28 the
591 3273 73 35 Moa,

120 3316 120 40 proving
252 3316 60 33 that
324 3315 105 39 though
442 3314 45 33 the
500 3313 72 31 sides
597 3312 30 30 of
649 3323 16 18 a

121 3358 72 29 river
205 3368 61 28 may
278 3357 35 29 be
324 3356 87 40 rough
428 3356 24 28 it
475 3355 23 29 is
512 3365 34 19 no
568 3363 95 21 reason

118 3398 63 29 that
204 3398 47 29 the
275 3398 104 30 bottom
404 3407 31 19 or
447 3396 54 29 bed
513 3395 30 29 of
564 3405 15 18 a
593 3395 73 29 river

119 3438 55 29 will
186 3437 161 38 necessarily
360 3438 35 28 be
402 3435 187 31 unworkable.
626 3434 40 30 Of

119 3488 95 20 course
226 3479 76 29 there
315 3479 22 29 is
346 3488 15 18 a
370 3477 72 29 limit
451 3481 29 26 to
488 3477 48 29 the
545 3476 121 38 possible

118 3519 125 39 working
255 3519 29 30 of
295 3519 47 29 the
355 3528 101 30 gorges
480 3518 38 38 by
538 3517 128 37 dredges,

116 3563 101 35 yet-we
228 3559 168 38 confidently
409 3562 99 35 expect
520 3561 29 27 to
568 3568 46 19 see
637 3561 29 26 at

114 3611 39 18 Tio
166 3600 103 29 distant
282 3600 73 35 date,
370 3610 82 27 many
469 3598 118 30 suitable
600 3598 66 29 sites

117 3641 28 28 in
164 3641 47 28 the
236 3651 100 27 gorges
362 3640 124 39 dredged
500 3640 66 28 with
588 3639 65 29 satis-

113 3680 108 36 factory
231 3681 108 27 results.

155 3719 53 31 We
231 3719 187 39 congratulate
430 3718 48 31 the
498 3718 64 30 Moa
582 3728 68 28 prop-

119 3762 96 29 rietors
240 3772 33 18 on
287 3762 104 37 having
403 3760 129 39 acquired
558 3760 67 29 such
651 3772 15 16 a

120 3801 123 29 valuable
256 3802 89 34 claim,
359 3801 53 29 and
426 3801 42 28 Dr
480 3800 84 38 Hyde
574 3812 35 18 on
620 3800 48 29 the

116 3852 115 18 manner
240 3842 26 27 in
280 3842 87 29 which
381 3842 34 28 he
438 3842 49 29 has
499 3840 169 40 engineered

122 3882 46 29 the
192 3883 124 29 fortunes
339 3883 28 28 of
379 3883 55 29 this
456 3882 114 38 dredge.
610 3882 58 29 The

121 3927 128 33 property
277 3924 132 36 contains,
435 3923 27 29 in
488 3923 126 29 addition
640 3927 30 24 to

123 3962 204 37 Frenchman's,
351 3965 49 28 the
412 3964 91 39 points
515 3963 102 30 known
640 3974 30 18 as

125 4002 117 29 Butler's
260 4004 52 28 and
334 4004 177 39 Prospectors
533 4004 55 29 and
610 4003 61 30 that

125 4043 106 37 portion
254 4045 29 27 of
308 4046 105 36 ground
426 4043 3 39 .
447 4056 33 19 on
508 4045 47 29 the
581 4044 89 29 South

127 4082 57 29 side
209 4083 28 28 of
272 4084 46 29 fhe
342 4085 201 35 Manuherikife,
581 4089 28 24 at
635 4085 36 28 its

127 4123 155 29 confluence
295 4125 26 27 in
335 4125 46 28 the
395 4127 80 36 angle
485 4126 108 29 formed
603 4126 67 27 with

126 4162 48 29 the
221 4163 155 39 Molyneux,
412 4167 88 29 which
525 4167 71 28 from
634 4167 37 28 its

128 4203 127 29 situation
280 4210 98 24 cannot
389 4206 49 29 fail
450 4211 28 26 to
490 4207 36 29 be
543 4206 127 39 payable.

127 4245 40 25 As
191 4243 44 28 far
259 4254 28 17 as
301 4255 40 17 we
354 4245 88 37 know,
455 4257 35 18 no
520 4247 75 28 shaft
621 4247 49 28 has

125 4282 68 30 been
232 4283 140 30 bottomed
416 4290 28 26 at
486 4287 55 30 this
582 4287 88 39 point,

123 4323 134 40 although
269 4325 28 28 of
310 4330 91 26 recent
414 4337 77 29 years
501 4339 52 19 one
572 4328 98 29 tunnel

123 4374 56 19 was
191 4369 52 34 put
251 4365 38 35 in,
299 4366 85 30 which
393 4369 101 36 proved
504 4369 48 28 the
561 4369 108 38 ground

119 4407 32 26 to
174 4405 109 28 contain
307 4405 28 28 in
360 4405 97 38 higher
480 4408 84 29 levels
593 4408 77 39 large

121 4445 151 38 quantities
287 4445 29 30 of
329 4448 113 36 payable
455 4449 83 29 wash.
576 4448 93 30 When

120 4485 50 29 the
194 4485 63 30 Moa
271 4486 120 31 bottoms
421 4488 55 29 this
489 4489 117 39 ground,
629 4499 41 19 we

120 4525 110 38 predict
243 4527 47 28 the
302 4528 86 29 result
399 4529 54 28 will
469 4529 36 29 be
517 4530 153 38 surprising

121 4568 30 25 to
164 4576 91 28 many.
294 4567 28 29 It
335 4567 24 30 is
372 4568 69 29 hard
454 4572 29 26 to
492 4569 96 29 realise
609 4570 61 28 that

123 4605 67 30 such
215 4617 16 18 a
252 4612 131 34 property
408 4609 49 29 has
480 4609 139 29 remained
640 4620 31 18 so

120 4645 67 39 long
221 4651 29 24 at
274 4657 53 20 our
358 4647 81 31 doors
471 4649 199 38 undeveloped.

123 4684 56 31 But
201 4686 24 30 it
248 4692 74 26 must
340 4689 36 31 be
398 4689 188 30 remembered
610 4689 61 29 that

120 4726 114 31 modern
247 4728 117 39 dredges
373 4730 78 36 have-,
462 4730 67 29 with
538 4729 74 29 their
620 4730 50 38 big

123 4765 53 29 and
201 4767 67 40 high
293 4769 143 38 elevators,
462 4770 51 29 but
548 4769 122 39 recently

121 4806 116 29 enabled
252 4809 98 29 miners
364 4814 29 25 to
407 4821 66 28 cope
490 4809 180 39 successfully

123 4845 67 29 with
203 4846 152 33 difficulties
369 4851 88 30 which
464 4856 112 34 present
581 4849 71 30 them-

122 4885 88 31 selves
233 4889 29 28 in
287 4891 124 38 working
428 4892 55 30 this
497 4891 89 35 claim,
615 4891 55 29 and

123 4935 42 18 we
190 4932 73 24 must
287 4934 48 24 not
358 4932 91 38 rashly
471 4932 137 29 condemn
621 4941 50 19 our

121 4974 52 19 our
195 4967 105 40 mining
323 4971 190 37 predecessors
537 4972 45 28 for
606 4971 62 29 lack

121 5004 32 29 of
175 5009 148 36 enterprise
335 5021 29 17 or
378 5016 73 25 want
472 5012 30 30 of

1648 94 200 43 MOUHT
1935 101 228 43 BEHGER
2246 97 155 40 MAIL.

3515 101 168 55 Friday,
3706 108 108 40 June
3836 101 203 49 25,1897.

3584 5601 86 24 Printed
3683 5602 41 22 and
3739 5603 111 23 Published
3870 5609 25 22 by
3916 5604 103 22 William
4032 5603 103 22 Paknell

3642 5636 126 23 Matthews
3777 5637 33 22 for
3819 5637 36 22 the
3863 5638 130 27 proprietors,
4003 5637 80 22 Dunne
4092 5642 43 16 am>

3642 5672 134 28 Matthews,
3797 5675 22 22 at
3840 5673 54 22 their
3910 5672 118 27 -Regiatered
4045 5672 46 23 Prit>

3642 5708 71 23 Qffie*.
3733 5708 176 28 Scotland-street,
3927 5706 118 28 Roxburgh,
4064 5708 64 26 ©tags

3585 5746 5 11 '
3638 5743 50 22 New
3699 5744 197 30 Zealand—Friday,
3914 5744 56 25 Jvw«
3980 5743 35 27 25,
4024 5742 67 32 }897,.

120 5123 66 51 B.
292 5124 56 38 w
410 5128 20 38 I
495 5129 38 40 H
598 5131 38 39 N
660 5161 9 14 ,

124 5192 135 27 PAINTER,
281 5195 128 29 GLAZIER,
431 5199 92 23 PAPER
541 5202 129 26 HANGER,

198 5225 68 22 SIGN
285 5228 113 23 WRITER
418 5232 62 21 AND
501 5234 95 23 HOUSE

309 5261 174 31 DECORATOR,

214 5299 72 29 Roes
305 5299 97 39 Place,
421 5304 158 34 Lawrence.

160 5379 44 32 On
219 5379 63 31 Sale
294 5391 17 19 a
319 5380 77 41 large
405 5385 54 29 and
466 5389 92 29 varied
567 5395 88 26 assort-

120 5425 80 25 ment
212 5421 30 28 of
254 5420 69 35 Oils,
336 5421 102 37 Paints,
460 5425 97 38 Scrim,
579 5430 89 36 Glass,

121 5459 230 40 Paperhangings
372 5461 55 30 and
445 5463 133 34 Painters'
597 5468 54 31 Sun-

118 5501 86 31 dries.

160 5543 70 29 New
237 5542 55 30 and
300 5541 170 33 fashionable
476 5545 74 32 Wall
559 5548 111 42 Papers,

123 5583 73 29 from
209 5583 38 29 5d
268 5592 50 29 per
338 5583 76 38 piece
435 5587 133 37 upwards.
607 5595 48 26 Pat-

122 5626 77 27 terns
212 5626 63 26 sent
287 5633 36 19 on
343 5623 174 40 application,
531 5635 61 31 post
604 5631 66 31 free.

159 5664 149 29 Estimates
320 5663 84 40 given
416 5664 44 30 for
482 5665 115 34 General
618 5672 36 29 Re-

118 5705 86 40 pairs,

159 5744 164 32 Celebrated
338 5743 131 33 Lustruss
487 5746 89 40 Paint,
589 5753 82 39 ready

118 5786 103 34 mixed,
235 5785 36 29 all
285 5785 122 29 Colours.

751 213 32 23 To
799 219 28 17 be
840 215 128 22 Published
982 220 25 17 in
1017 216 113 24 January,
1147 213 57 22 1898.

703 267 171 32 CTONES'
905 269 126 30 OTAGO
1061 268 23 30 &
1111 267 120 31 SOUTH-

701 298 38 24 °
828 320 7 20 t
945 309 106 27 LAND

748 362 153 26 Commercial,
917 362 135 27 Municipal,
1064 362 17 21 &
1095 362 109 21 General

856 416 241 43 DIRECTORY,

948 470 57 21 AND

733 514 90 28 NEW
840 514 183 27 ZEALAND
1039 515 174 33 ANNUAL,

922 566 114 35 1898.

717 651 167 30 Fourteenth
903 651 75 29 Year
997 653 30 28 of
1046 653 182 29 Publication.

695 729 89 37 Demy
810 729 52 29 Bvo
888 729 64 36 size,
979 731 163 37 containing
1166 731 85 29 about

713 769 285 39 900pages,together
1007 772 65 29 with
1082 781 147 20 numerous

750 810 80 38 Maps
855 813 140 28 corrected
1018 817 28 24 to
1060 813 73 35 date,
1146 813 47 28 the

776 851 87 28 whole
877 851 180 40 handsomely
1070 853 96 29 bound

804 891 27 28 in
847 892 84 36 cloth,
941 893 197 37 gilt-lettered.
1161 919 5 5 .

696 971 78 29 Price
787 974 28 26 to
830 971 190 37 Subscribers,
1035 974 48 28 12s
1098 974 54 34 6d;
1173 973 76 29 Non-

846 1011 186 38 Subscribers,
1044 1015 57 29 15s.

743 1092 132 39 STO.SE,
907 1094 83 36 SON,
1023 1095 83 29 AND
1136 1095 68 36 CO.,

885 1147 180 33 Publishers,
1097 1167 8 3 -
1169 1164 14 7 -
1204 1147 4 33 •

753 1190 141 32 Crawford
922 1192 101 37 Street,
1046 1192 140 30 Dunedin.

706 1278 44 53 D
832 1277 46 35 A.
952 1276 297 42 BUCHANAN,

778 1348 71 21 BOOT
877 1347 61 21 AND
962 1347 74 21 SHOE
1062 1345 112 26 MaKER,

743 1394 143 29 Scotland
896 1411 9 5 -
917 1401 106 27 street,
1042 1391 163 29 Roxburgh.

808 1492 92 38 Every
922 1490 165 38 description
1110 1488 31 30 of

700 1545 88 28 Boots
800 1553 56 20 and
870 1543 90 30 Shoes
973 1542 134 29 Supplied
1119 1549 35 20 or
1166 1540 84 28 Made

877 1593 32 19 to
929 1583 143 28 Measure.

700 1637 45 30 Fit
753 1635 185 32 Guaranteed.
1013 1634 47 30 Fit
1067 1632 185 32 Guaranteed.

750 1729 125 22 REPAIRS
899 1727 114 23 NEATLY
1044 1726 157 22 EXECUTED.

820 1808 24 28 A
868 1806 86 30 Trial
976 1805 153 30 Solicited.

699 1894 42 54 JT
825 1892 45 36 A.
947 1889 304 42 MILLER,

699 1968 135 25 BUILDER,
847 1966 106 21 JOINER
967 1965 62 20 AND
1048 1962 204 25 UNDERTAKER,

793 2018 73 28 Ross
886 2017 98 35 Place,
1003 2015 165 30 Lawrence.

701 2118 124 29 PLANS
837 2116 82 30 AND
933 2112 320 33 [SPECIFICATIONS

840 2170 27 29 A
887 2166 223 32 SPECIALTY.

699 2263 154 39 Quantities
867 2260 137 40 Prepared
1027 2261 55 27 nnd
1103 2259 149 29 Estimate!*

726 2305 87 29 Given
827 2304 43 28 for
882 2303 35 28 all
931 2302 100 29 classes
1044 2301 29 29 of
1088 2297 135 31 Builders*

932 2342 98 30 Work.

701 2428 56 55 ]\f
857 2429 34 38 J.
979 2426 188 39 BLO
1205 2424 46 43 Y,

726 2495 197 23 WHITEHAVEN
936 2493 111 26 STREET,
1061 2492 169 22 LAWRENCii.

700 2585 129 30 BOARD
853 2582 80 31 AND
962 2580 219 30 RESIDENCE
1202 2580 49 29 AT

743 2633 255 31 REASONABLE
1018 2632 188 29 CHARGES.

1074 2667 1 18 '
1133 2667 29 18 j&l
1175 2667 3 18 ■

811 2695 28 24 A
866 2703 5 4 *
1177 2695 4 24 '

808 2723 95 28 Mkals
922 2731 33 18 at
973 2729 50 20 all
1042 2723 105 26 Hours.

717 2816 57 29 The
788 2816 61 28 best
864 2813 243 30 Accommodation
1129 2812 44 29 for
1185 2811 49 29 the

835 2853 159 39 Travelling
1008 2852 106 29 Public.

697 2941 103 30 GOOD
814 2939 201 32 STABLING.
1055 2937 97 30 OATS
1169 2937 82 28 AND

806 2979 129 31 CHAFF
956 2977 52 31 ON
1032 2977 107 30 SALE.

694 3054 284 34 HERBERT
1025 3053 102 31 AND
1176 3052 77 36 CO.,

886 3120 170 24 LAWRENCE.

850 3214 154 29 Importers
1022 3221 71 21 of-

693 3271 201 37 Ironmongery

779 3314 192 42 Agricultural
994 3310 184 44 implements

858 3388 9 10 4
896 3371 16 22 ;<
954 3361 193 40 Agricultural
1166 3360 87 31 Seeds

868 3419 219 31 GROCERIES

712 3478 97 31 TEAS
903 3488 5 4 •
924 3456 150 66 TEAffcr..
1134 3476 100 32 TEAS

697 3526 128 39 (Ceylon)

1134 3476 100 32 TEAS

708 3628 80 26 w«
857 3628 64 40 ji

696 3682 289 29 WATCHMAKER
998 3682 29 32 .&
1041 3679 211 33 JEWELLER

788 3733 71 31 Ross
879 3733 98 37 Place,
998 3733 163 32 Lawrence.
1178 3731 6 13 :
1185 3729 4 41 '
1190 3729 18 18 j!
1222 3729 4 41 '

698 3816 143 35 Watches,
861 3815 101 29 Clocks
982 3816 55 28 and
1058 3815 147 38 Jewellery
1221 3816 34 29 -of

744 3856 36 30 all
794 3856 182 39 descriptions
990 3856 68 39 kept
1070 3856 29 29 in
1114 3856 95 31 Stock.

716 3908 72 29 Nice
802 3908 138 29 Selection
954 3908 28 28 of
1001 3908 78 36 Gem,
1091 3908 146 40 Wedding

832 3950 55 27 and
901 3948 110 39 Keeper
1024 3948 98 40 Rings.

700 4030 19 20 A
733 4029 107 21 CHOICE
861 4029 183 21 ASSORTMENT
1063 4030 36 21 OF
1118 4030 138 27 ARTICLES

720 4062 142 21 SUITABLE
872 4062 55 21 FOR
938 4062 140 23 WEDDING
1087 4063 152 22 PRESENTS.

882 4088 8 11 M
954 4087 3 14 '
1063 4087 7 14 C

759 4130 156 40 Spectacles
928 4134 29 25 to
971 4130 61 29 Suit
1045 4132 36 28 all
1096 4132 106 38 Sights.

720 4212 106 29 Watch
858 4220 56 20 an©
947 4210 89 30 Clock
1072 4212 118 30 Repairs
1221 4221 18 19 a

904 4255 157 25 Specialty.

699 4333 116 40 Repairs
828 4343 31 19 or
872 4332 102 30 Orders
991 4333 71 29 from
1076 4334 46 30 the
1136 4337 119 35 country

748 4376 39 35 by
809 4377 63 34 post
894 4374 55 27 will
971 4374 104 28 receive
1098 4380 112 32 prompt

903 4413 149 29 attention.

924 4492 19 25 A
974 4492 17 23 i
1051 4485 174 33 T'HlJl

762 4567 103 27 BOOTB
882 4573 37 20 tor
933 4571 41 23 the
991 4569 82 29 Great,

789 4612 74 26 Boots
882 4614 37 24 for
941 4615 42 24 the
996 4615 92 30 Small;

761 4654 73 25 Boots
849 4654 37 26 for
904 4656 41 25 the
962 4656 81 31 Short,

792 4699 72 25 Boots
880 4700 38 26 for
934 4701 41 26 the
994 4701 53 25 Tall
1063 4709 13 22 ;•

764 4742 72 25 Boots
849 4744 37 24 for
904 4746 41 24 the
962 4745 98 33 Young,

792 4782 73 25 Boots
881 4785 37 22 for
933 4786 40 23 the
992 4786 47 24 Uld
1051 4793 7 22 ;

793 4845 55 23 And
865 4845 101 26 BOOTS
983 4849 45 23 an<l
1047 4848 105 26 SHOES

913 4903 35 22 for
964 4904 29 22 all
1018 4913 13 15 a

805 4963 42 37 H.
898 4964 119 38 BAIL
1030 4967 125 45 LIE'S,

712 5039 115 31 Oppoiite
841 5038 160 28 Commercial
1020 5042 81 32 Hotel,
1121 5043 135 33 Roxburgh

789 5152 74 27 Come
878 5153 47 26 and
943 5155 91 31 inspect
1046 5156 41 27 the
1103 5158 80 27 Stock.

715 5296 112 26 FANCY
853 5298 110 25 GOODS
981 5301 72 24 AND
1072 5302 166 26 DRAPERY

705 5402 102 53 FJ.
845 5404 136 25 WATHRS
1008 5408 90 23 desires
1124 5413 26 19 to
1174 5409 75 28 notify

745 5451 7 7 .
783 5436 54 24 ti*at
851 5437 43 24 she
905 5437 72 30 keeps
987 5438 24 24 in
1021 5440 66 23 stock
1104 5439 88 25 Ladies
1202 5444 50 26 and

698 5467 114 26 Children
822 5475 11 18 s
851 5468 197 35 Underclothing,
1065 5473 47 24 aud
1124 5474 31 22 all
1175 5472 74 26 kinds

699 5502 23 24 ef
736 5502 117 31 Drapery.

729 5545 80 33 Fancy
823 5547 82 26 Goods
915 5557 14 16 a
943 5549 137 32 Specialty.

736 5589 133 27 Christmas
878 5592 48 25 and
938 5592 54 26 New
1006 5592 64 26 Year
1081 5596 138 29 presents—

821 5644 14 16 a
852 5642 65 25 great
929 5638 89 29 variety
1028 5643 25 19 to
1065 5639 72 31 hand.

821 5670 135 24 Infection
967 5672 95 23 Invited

726 5700 113 31 Fainting
853 5703 45 22 and
909 5709 36 18 an
970 5701 152 27 needlework
1134 5702 87 29 tatrgbt

792 5736 112 23 bummer
917 5735 83 26 Goods
1014 5744 53 17 now
1080 5743 30 18 en
1127 5735 62 26 hand

703 5788 107 25 Address
843 5791 126 23 Ormond's
978 5790 117 31 Building
1105 5790 131 31 Roxburgh
1242 5804 11 11 •

1310 791 487 88 AUTUMN

1928 1839 481 89 WINTER

1640 2359 427 89 GOODS

1602 5165 51 57 D
1678 5162 53 60 U
1759 5165 41 56 N
1825 5165 44 56 E
1894 5162 51 59 D
1975 5160 122 58 IN.

2680 1468 63 31 BUY-

2441 1528 178 53 MILLS,
2641 1527 133 44 DICK,
2800 1527 37 36 &
2864 1526 129 37 CO.'S

2683 1587 70 27 1897

2460 1639 190 31 ALMANAC
2671 1649 53 19 and
2747 1636 230 32 DIRECTORY.

2624 1686 85 35 Price,
2725 1686 29 28 Is
2769 1684 46 30 6d.

2441 1768 91 38 Every
2559 1767 124 35 Farmer,
2710 1766 106 35 Miner,

2688 1814 54 29 and
2770 1814 134 28 Business
2930 1812 67 29 Man

2517 1868 106 29 Should
2650 1868 121 28 Procure
2792 1878 18 17 a
2836 1866 87 39 Copy.

2470 1947 58 29 Can
2555 1947 35 28 be
2615 1947 55 28 had
2696 1947 72 28 from
2794 1945 48 29 the
2868 1944 85 29 under-

2621 1986 196 30 mentioned—

2479 2048 118 29 Mackay
2613 2047 94 35 Bros.,
2721 2045 157 40 Roxburgh

2477 2089 27 29 J.
2519 2088 130 35 Noonan,
2664 2088 109 29 Ettrick

2476 2129 94 28 Johns
2585 2138 56 19 and
2655 2128 147 35 M'Ccmbe,
2817 2128 106 28 Millers
2935 2126 63 29 Flat

2477 2170 27 28 J.
2520 2169 33 30 R.
2570 2169 93 36 Kemp,
2678 2169 69 28 Bald
2765 2168 54 29 Hill
2835 2168 62 29 Flat

2477 2210 33 29 L.
2528 2213 87 33 Kyan,
2628 2210 73 36 Jnr.,
2716 2209 160 30 Alexandra
2890 2208 89 30 South

2478 2251 31 28 B.
2524 2250 124 36 Naylor,
2665 2251 87 37 Clyde

2603 2335 100 29 Ladies
2725 2333 137 40 complain
2876 2333 61 29 that
2951 2333 46 28 the

2539 2378 55 28 Tea
2607 2376 65 37 they
2686 2376 69 29 have
2766 2376 70 28 been
2851 2375 82 38 using
2946 2375 50 28 has

2440 2417 108 29 neither
2558 2418 127 37 strength
2757 2416 113 28 flavour.
2893 2415 27 28 If
2931 2415 63 37 they

2439 2462 44 33 try
2500 2457 85 29 Kozie
2599 2456 56 29 IVa
2668 2457 65 34 they
2747 2456 54 28 will
2815 2456 35 28 be
2864 2455 130 29 satisfied.

2439 2498 93 28 Johns
2550 2497 23 28 &
2594 2496 147 35 M'Combe,
2757 2498 117 36 Agents,
2890 2495 105 28 Millers

2439 2537 73 31 Flat.

2442 2705 139 39 QTOCjK
2607 2705 34 29 all
2665 2705 47 29 the
2738 2704 112 39 leading
2879 2701 113 30 Knalish

2515 2747 53 26 and
2584 2746 119 28 German
2717 2745 98 28 Makes
2828 2744 30 28 of
2872 2744 99 27 Pianos
2985 2753 6 17 :

2684 2796 139 27 COLLARD,
2843 2794 99 27 SAMES,

2636 2825 165 25 RAVESTOFF,

2441 2864 202 26 SCHWECHTEN,
2655 2864 69 26 LIPP,
2734 2862 74 21 fiORS
2816 2862 16 21 &
2843 2860 149 26 KALLMAN,

2567 2902 164 26 GERHARDT,
2749 2901 123 22 HANSEN.

2476 2972 121 39 Chas.
2621 2971 109 49 Begg
2753 2970 84 39 and
2858 2968 101 40 Co.'s

2439 3042 233 30 EXHIBITION
2702 3042 132 29 MODEL
2865 3039 118 32 PUNO
2984 3072 9 14 ;

2641 3094 57 30 £3B
2717 3102 78 22 nett.

2439 3176 120 29 STORY
2585 3176 25 29 &
2637 3175 162 30 CLARK'S
2829 3173 163 36 ORGANS,

2536 3227 178 31 KIMBALL
2734 3224 163 39 ORGANS,

2438 3280 81 29 From
2529 3281 57 29 £2O
2595 3285 29 24 to
2633 3278 78 32 £50..
2721 3279 91 30 .From
2822 3279 56 29 £2O
2888 3281 28 26 to
2925 3278 72 29 £50.;

2438 3361 147 30 BESSON
2613 3361 24 30 &
2668 3359 180 32 BOOSKY'S
2870 3358 122 30 BRASS

2574 3401 286 30 INSTRUMENTS.

2439 3483 99 29 Violin
2553 3483 67 29 Bow
2637 3483 154 28 Repairing
2804 3491 17 20 a
2836 3481 155 30 Specialty.

2477 3534 103 35 Violin,
2596 3534 64 28 Bow
2675 3533 53 29 and
2745 3533 101 29 Case...
2888 3531 68 39 30/-

2475 3575 185 34 Accordebns,
2674 3575 71 28 from
2818 3598 29 4 ...
2911 3572 44 39 </(i

2507 3655 111 29 CHAS.
2640 3655 102 28 BKGG
2766 3655 78 27 AND
2866 3654 57 29 CO.

2437 3702 81 29 Have
2539 3702 47 28 the
2610 3702 105 38 largest
2737 3701 55 29 and
2813 3705 73 24 most
2899 3700 93 29 varied

2437 3744 79 30 stock
2530 3744 30 29 of
2573 3742 90 31 Music
2674 3743 26 29 in
2712 3743 48 29 the
2770 3742 113 38 Colony.
2924 3741 68 31 New

2536 3784 159 39 Shipments
2711 3784 187 38 Fortnightly.

2623 3835 72 31 NeW
2714 3835 97 30 Songs.

2475 3878 82 28 Morn
2590 3878 29 29 of
2658 3878 123 28 Sorrows
2783 3876 210 30 —Snowflakes

2437 3918 174 29 Fair—Gate
2625 3918 28 28 of
2672 3918 61 28 Life
2735 3917 94 29 —For
2847 3917 47 29 the
2919 3916 60 30 Chil-

2436 3958 93 29 dren's
2545 3958 182 30 Sake—Wilt
2740 3958 77 29 Thou
2832 3958 34 28 be
2883 3958 111 28 Mine—

2439 3998 139 31 Sunshine
2611 4000 97 28 Above
2710 3998 94 29 —She
2838 3998 101 38 Stoops
2965 4001 29 25 to

2437 4039 214 39 Conquer—No
2673 4040 44 29 for
2738 4050 35 17 an
2795 4041 116 27 Answer
2912 4038 82 29 —No

2438 4080 91 29 Man's
2545 4081 85 28 Land.

2571 4132 99 29 Violin
2691 4141 55 20 and
2766 4132 96 28 Piano.

2477 4172 129 30 Andante
2628 4177 28 24 et
2680 4172 119 30 Scherzo
2822 4170 172 40 Capriccioso

2441 4212 113 38 (David)
2635 4213 100 29 Bach's
2778 4217 41 24 Ist
2859 4212 135 29 Concerto

2442 4253 109 37 (Alard)
2556 4254 126 27 —Three
2717 4254 94 27 Pieces
2839 4252 155 38 Classiques

2441 4290 550 42 (Ragghianti)—LesEchoes(Leonard)

2438 4335 174 31 —Mazurka
2651 4335 33 29 de
2730 4335 118 29 Conceit
2895 4331 99 37 (Ovide

2439 4375 104 35 Musin)
2547 4375 176 28 —Romance
2759 4374 124 35 (Jansen)
2887 4373 106 27 —Sou-

2440 4414 78 29 venir
2531 4414 34 29 de
2580 4414 102 39 Haydn
2700 4415 7 35 (
2735 4413 125 37 eonard).

2483 4496 121 39 Chas.
2629 4497 109 46 Begg
2764 4495 83 38 and
2871 4494 75 41 Co.,

2456 4555 32 27 21
2531 4555 119 28 Princes
2687 4554 112 35 Street,
2834 4553 139 34 Ddnedin,

2437 4606 115 41 Having
2576 4618 17 18 a
2618 4607 76 30 Most
2721 4607 127 29 Efficient
2872 4605 72 30 Staff
2963 4604 30 29 of

2439 4646 162 37 Workmen,
2611 4658 50 19 can
2676 4647 162 39 Kepairand
2858 4649 8 26 l
2876 4656 53 19 une
2940 4655 52 28 any

2542 4689 3 29 '
2560 4689 118 29 Musical
2698 4689 172 29 Instrument

2492 4739 51 28 AT
2569 4739 211 29 MODERATE
2803 4737 133 29 RATES.

2446 4814 170 50 JOHN
2690 4812 304 37 THOMPSON,

2564 4864 275 32 AUCTIONEER,

2486 4915 80 20 LAND
2580 4913 63 21 AND
2655 4913 112 24 ESTATE,
2780 4911 85 26 LOAN,
2881 4911 59 21 AND

2437 4951 175 30 GENERAL
2625 4950 223 27 COMMISSION
2862 4950 130 27 AGENT*

2530 5000 71 31 Ross
2621 4999 98 35 Place,
2740 4999 163 29 Lawrence.

2613 5081 96 36 Agent
2722 5080 43 28 for
2778 5080 47 28 the

2436 5122 130 29 Norwich
2576 5120 95 30 Union
2685 5120 151 28 Insurance
2850 5119 49 29 Co.

2437 5162 139 31 Standard
2587 5160 63 31 Fire
2658 5160 55 30 and
2723 5159 107 30 Marine
2839 5159 150 30 Insurance

2510 5202 49 29 Co.

2433 5240 160 31 Australian
2614 5240 109 30 Mutual
2743 5238 151 32 Provident
2914 5238 74 38 (Life

2505 5282 166 36 Assurance)
2690 5280 109 38 Society

2431 5321 139 29 Standard
2596 5322 121 38 Fidelity
2747 5321 52 27 and
2828 5320 156 29 Guarantee

2503 5360 120 42 Society.

2458 5440 59 30 •All
2525 5440 128 30 business
2663 5440 153 31 connected
2838 5440 67 30 with
2923 5440 39 39 Ap-

2430 5480 145 40 plications
2594 5481 44 30 for
2659 5482 196 38 Assignments
2876 5492 31 19 or
2925 5480 38 30 Ex-

2430 5521 108 39 change
2551 5521 30 30 of
2596 5522 189 40 Agricultural
2799 5522 109 35 Leases,
2922 5523 40 38 Ap-

2432 5561 144 39 plications
2584 5564 88 27 under
2680 5563 134 29 Deferred
2824 5563 158 37 Payments,

2434 5601 108 39 Mining
2556 5601 100 31 Leases
2666 5613 31 19 or
2708 5602 110 36 Claims,
2827 5601 157 40 Up-lifting

2434 5641 29 30 of
2484 5640 98 31 Crown
2601 5642 111 36 Grants,
2725 5643 60 37 &c.,
2798 5642 112 40 quickly
2930 5642 53 29 and

2435 5680 115 40 cheaply
2561 5684 167 29 transacted.

2436 5762 90 30 Loanfe
2534 5760 179 44 Negotiated.
2719 5791 5 4 .
2735 5764 103 40 Money
2847 5761 138 31 Invested,

3974 212 46 26 ?•,-

2723 559 28 28 U

3383 706 29 30 *

3593 733 32 13 «T*?

2582 816 37 23 M

3619 821 26 23 £S

2492 846 1 8 '
2505 846 15 8 -7-

2844 844 82 61 FOR
2957 842 86 60 THE
3076 842 268 61 FOLLOWING
3376 842 204 63 REASONS

2538 1005 119 30 FIRST.
2866 1004 160 30 SECOND.
3236 1004 131 30 THIRD.
3566 1009 163 32 FOURTH.
3892 1004 3 41 •
3932 1015 118 30 FIFTH.

2437 1045 122 30 BOOTS
2592 1047 66 28 with
2697 1047 55 29 this
2793 1046 41 30 On
2849 1046 55 29 this
2926 1045 95 29 Brand
3041 1044 64 38 only
3145 1044 73 36 Only
3239 1045 47 29 the
3307 1056 68 28 very
3398 1046 61 30 best
3497 1048 133 38 Farmers,
3686 1053 112 36 Miners,
3837 1054 308 33 Thestandardßrand'

2438 1086 92 29 Brand
2541 1098 34 17 on
2585 1087 47 29 the
2641 1088 59 29 heel
2708 1098 46 18 are
2792 1088 48 28 the
2871 1098 67 27 very
2976 1087 63 27 best
3078 1084 29 29 of
3145 1085 29 29 of
3185 1085 141 30 Materials
3337 1098 45 17 are
3391 1088 66 28 used
3495 1091 54 28 and
3561 1091 35 28 all
3612 1092 59 29 who
3685 1098 72 25 want
3770 1099 28 25 to
3841 1096 79 30 Boots
3933 1098 52 28 and
3999 1098 85 31 Shoes
4091 1109 46 20 are

2438 1127 170 39 guaranteed
2615 1132 28 23 to
2650 1128 43 29 Fit
2700 1129 54 28 and
2795 1128 154 29 Workmen
2978 1138 46 17 are
3050 1137 56 18 em-
3145 1126 27 28 in
3209 1126 55 29 tkis
3305 1128 91 29 Brand
3431 1130 28 27 of
3496 1131 69 38 keep
3584 1134 72 27 their
3669 1134 56 28 feet
3737 1136 61 37 dry,
3836 1137 99 29 known
3954 1139 69 28 from
4047 1138 90 30 Auck-

2514 1167 85 30 Wear
2611 1168 70 29 well.
2897 1167 109 40 ployed.
3173 1166 84 30 Boots
3270 1168 55 29 and
3340 1167 96 32 Shoes.
3530 1174 43 36 try
3587 1172 54 30 this
3661 1174 90 30 Brand
3790 1158 8 13 '
3838 1176 61 30 land
3913 1183 28 23 to
3954 1178 47 31 the
4015 1179 76 30 Bluff
4096 1179 52 32 foV

3871 1219 115 34 sterling
3997 1220 112 33 quality.

2477 1249 74 30 ALL
2571 1249 120 30 BOOTS
2712 1249 171 30 BEARING
3213 1249 52 30 ON
3293 1251 7 12 r
3301 1250 71 29 JHE
3392 1251 102 29 HEKL
3527 1253 73 28 ARE
3627 1254 318 32 MANUFACTURED
3967 1259 38 27 IN
4027 1260 77 28 THE

2756 1289 252 30 CELEBRATED
3059 1289 208 29 STANDARD
3319 1291 133 28 BRAND
3472 1292 98 28 BOOT
3590 1293 175 30 FACTORY
3786 1296 48 27 BY

2490 1422 177 22 WHOLESALE
2693 1421 87 23 ONLY.

2721 1353 372 66 SARGOOD,
3138 1353 131 57 SON
3309 1354 45 55 &
3395 1354 245 66 EWEN,
3692 1385 189 31 DUNEDIN.

3026 1510 481 71 Matthews
3657 1512 491 73 &Qlialme&i

3225 1642 260 58 COACH
3546 1643 405 70 BUILDERS,

3260 1745 334 37 WHEELWRIGHTS,
3634 1747 284 38 BLACKSMITHS,

3566 1820 55 20 AND

3113 1874 304 30 AGRICULTURAL
3455 1875 230 28 IMPLEMENT
3723 1876 363 41 MANUFACTURERS,.

3388 1949 73 29 Ross
3500 1950 100 37 Place,
3638 1950 163 32 Lawrence.

3066 2043 73 30 ALL
3180 2043 123 29 KINDS
3343 2043 49 30 OF
3430 2043 147 31 MINING
3615 2044 235 31 MACHINERY
3888 2047 107 30 MADE
4034 2048 94 30 AND^

3495 2097 204 31 REPAIRED.

3484 2190 110 31 Agents
3614 2201 49 21 for
3665 2209 36 6 —

3029 2258 230 39 Massey-Harris
3280 2258 121 40 Reapers
3422 2258 54 30 and
3505 2260 124 36 Hinders,
3651 2260 178 37 Cultivators,
3855 2262 137 37 IScufflers,
4019 2262 134 40 Ploughs'

3490 2300 90 30 Horse
3593 2301 101 36 Rakes,

3332 2352 123 31 Peerless
3475 2352 52 37 Oil,
3548 2353 104 29 Binder
3671 2353 103 38 Twine,
3794 2354 49 30 &c.

3081 2434 47 28 All
3158 2433 88 29 Work
3277 2434 151 30 Entrusted
3451 2438 29 25 to
3506 2434 40 30 Us
3573 2435 53 28 will
3653 2435 117 30 Receive
3797 2436 114 40 Prompt
3937 2438 153 30 Attention.

3351 2514 132 21 CHARGES
3509 2514 134 21 STRICTLY
3670 2514 155 23 MODERATE

3282 2604 76 29 FOR
3397 2604 118 30 SALE!
3659 2606 75 28 FOR
3772 2606 117 29 SALE!

3106 2683 217 31 STAUNCH
3356 2683 92 31 AND
3485 2685 252 31 HANDSOME
3775 2685 389 33 THOROUGHBRED'

3483 2839 143 29 Produced
3650 2840 37 38 by

3191 2889 162 31 Yankee
3373 2890 240 31 enterprise
3633 2891 77 30 out
3730 2891 47 30 of
3800 2890 182 31 America.

3291 2931 46 37 Up
3350 2934 29 25 te
3391 2941 54 27 any
3459 2932 111 36 weight,
3583 2932 55 28 and
3650 2932 99 28 carries
3762 2942 16 17 a
3791 2932 87 36 Lady.

3097 2980 176 32 Guaranteed
3283 2981 170 41 thoroughly
3460 2982 88 30 sound
3560 2982 54 30 and
3623 2980 85 42 quiet.
3749 2981 63 31 Will
3821 2993 62 29 pass
3894 2982 113 31 traction
4019 2981 127 40 engines,
4155 2980 3 42 •

3022 3026 94 33 trams,
3130 3024 97 35 trains,
3241 3027 172 32 motor-cars,
3427 3023 98 29 forked
3540 3023 151 39 lightning,
3703 3034 32 18 or
3753 3024 136 37 anything
3911 3024 64 36 else,
3996 3024 113 38 barring
4127 3034 17 18 a
4153 3038 7 7 -

3021 3063 65 38 lady
3100 3064 132 28 mounted
3246 3073 35 19 on
3295 3063 116 29 another
3435 3063 163 30 Newhaven
3617 3064 125 29 Bicycle.

3097 3143 183 30 FARMERS
3295 3144 145 39 requiring
3453 3143 84 30 Grain
3549 3145 96 35 Drills,
3655 3145 104 39 Turnip
3772 3145 54 29 and
3838 3147 113 28 Manure
3959 3146 95 35 Drills,
4064 3144 88 31 Com--

3024 3184 83 30 bined
3121 3184 94 36 Drills,
3228 3184 67 30 Disc
3309 3187 142 34 Harrows,
3464 3184 134 40 Ploughs,
3614 3185 70 30 Seed
3699 3184 137 40 Cleaners,
3846 3198 32 18 or
3889 3198 52 26 any
3955 3187 78 29 other
4045 3186 113 39 Imple--

3022 3229 91 26 ments
3126 3235 32 20 or
3172 3226 141 29 Machines
3327 3225 97 30 should
3436 3225 66 30 send
3516 3226 44 29 for
3573 3237 50 18 our
3636 3226 150 37 catalogue.

3047 3266 58 21 THE
3119 3264 145 23 COLONIAL
3278 3266 150 21 COMBINED
3446 3266 101 22 DRILLS
3560 3267 63 20 AND
3636 3267 63 21 DISC
3712 3266 145 22 HARROWS
3870 3268 57 21 ARE
3940 3267 56 22 THE
4012 3266 63 23 BEST
4089 3265 28 23 IN-

3473 3292 58 22 THE
3553 3294 125 22 MARKET.

3113 3363 308 61 Marrow,
3491 3365 262 49 Bassett
3822 3363 51 52 &
3933 3366 105 65 Co,

3275 3438 181 31 DUNuDIN
3494 3448 55 20 AND
3588 3439 311 37 CHRISTCHURCH,

3339 3491 63 30 Sole
3416 3492 108 36 Agents
3537 3492 28 28 in
3580 3491 69 29 New
3662 3492 119 29 Zealand
3795 3492 43 29 for

3153 3532 78 30 THE
3251 3532 219 31 M'CORMICK
3491 3532 252 30 HARVESTING
3763 3534 51 27 MA
3821 3533 66 30 CHI
3893 3533 58 33 Nil
3964 3532 55 32 CO.

3072 3631 160 55 COS
3255 3629 207 55 SENS
3532 3631 96 54 A\
3649 3629 51 56 D
3770 3630 324 64 BLACK,

3149 3716 233 40 ENGINEERS,
3402 3716 286 37 BLACKSMITHS,
3709 3716 275 32 MILLWRIGHTS
4005 3716 23 31 &

3433 3758 313 37 IKONFOUNDERS,

3300 3811 362 26 CRAWFORD-STREET,
3702 3810 172 22 DUNEDIN.

3339 3880 383 29 —MANUFACTURERS
3756 3880 84 29 OF

3024 3922 141 39 Pumping
3179 3922 65 34 and.
3255 3921 138 39 Winding
3413 3921 170 39 Machinery,
3609 3920 229 30 HYDRAULIC
3861 3919 142 30 MINING
4024 3919 121 29 PLANT

3094 3963 157 39 (including
3266 3962 153 38 Hydraulic
3434 3961 120 37 Giants),
3570 3962 91 29 Sluice
3674 3962 110 35 Valves,
3798 3962 127 28 Elevator
3942 3960 138 39 Castings,

3331 4002 65 29 Iron
3410 4002 55 29 and
3481 4002 75 29 Steel
3571 4002 140 38 Flumirg,
3725 4001 59 37 &c.,
3799 4001 48 29 &c.

3135 4054 157 31 DREDGE
3319 4054 218 35 TUMBLERS,
3558 4053 184 36 BUCKETS,
3763 4052 127 37 LINKS,
3910 4052 60 36 &c.,
3989 4052 47 30 &c.

3028 4096 206 35 Waterwheels,
3245 4096 146 34 Turbines,
3405 4094 83 29 Brick
3504 4094 54 29 and
3573 4094 84 29 Drain
3673 4093 68 39 Pipe
3756 4094 115 38 Making
3883 4094 54 28 and
3947 4093 89 29 Wood
4047 4092 78 30 Work-

3107 4137 48 37 ing
3171 4136 171 36 Machinery.
3384 4135 90 28 Horse
3490 4136 117 33 Powers,
3622 4133 193 36 Chaffcutters,
3829 4134 103 37 Tilrnip
3951 4133 122 38 Pulpers,

3274 4176 54 27 and
3342 4175 36 28 all
3393 4174 82 29 kinds
3488 4176 29 27 of
3530 4174 159 38 Machinery
3703 4174 53 29 and
3772 4174 128 39 Gearing.

3141 4257 20 20 A
3187 4256 78 20 VERY
3293 4255 95 20 LARGE
3414 4254 89 21 STOCK
3529 4254 36 20 OF
3590 4252 144 21 PATTERNS
3760 4254 35 19 TO
3820 4254 101 21 SELECT
3949 4252 85 22 FROM.

3024 4324 215 31 ESTIMATES
3260 4322 129 31 GIVEN.
3560 4321 354 30 CORRESPONDENCE
3935 4321 209 30 SOLICITED.

3041 4405 116 39 Repairs
3171 4404 54 29 and
3240 4413 80 28 every
3334 4402 167 39 description
3516 4402 30 29 of
3559 4400 187 40 Engineering
3759 4402 53 28 and
3831 4400 192 30 Blacksmith's
4036 4400 96 31 Work,

3427 4442 143 38 Promptly
3591 4440 146 30 Executed.

3220 4534 104 35 GROWN
3353 4535 38 34 ON
3422 4534 61 34 THE
3514 4535 87 33 HILLS
3631 4535 35 32 OF
3694 4534 102 33 SUNNY
3824 4533 122 34 CEYLON.

3132 5080 64 37 THE
3210 5080 89 37 MOST
3310 5079 157 37 DELICIOUS
3847 5078 23 37 &
3518 5074 192 39 ECONOMICAL
3724 5074 61 36 TEA
3799 5075 29 36 IN
3842 5075 65 37 THE
3920 5075 110 37 WORLD.

3019 5157 130 68 W*
3193 5149 365 75 SCORIA?
3601 5145 62 67 &
3718 5145 172 88 G©t|
3946 5172 160 30 DUIiEDII

3448 5240 89 30 Local
3558 5239 155 28 Agents—

3050 5303 35 28 D.
3102 5299 195 35 CORMACK,
3318 5295 171 38 Roxburgh;
3508 5291 123 31 JOHNS
3650 5289 26 31 &
3695 5291 183 38 M'COMBE,
3898 5294 105 30 Millers
4023 5294 72 31 Flat.

3019 5368 137 27 nOB
3183 5367 70 26 KR
3278 5366 20 24 T
3361 5362 26 26 M
3389 5361 7 12 N
3424 5356 132 29 KAY,

3055 5435 121 24 General
3202 5432 104 22 Pbapbb
3322 5435 50 17 ahd
3383 5427 129 23 Clotuibb

3129 5483 61 26 Ross
3211 5481 71 24 Place
3302 5477 131 26 Lawrence.

3073 5597 57 23 New
3148 5592 46 25 and
3211 5588 157 27 Fashionable
3390 5585 107 32 Drapery

3042 5635 77 32 Large
3130 5632 65 26 stock
3211 5630 34 28 M*
3245 5638 15 15 -I
3260 5637 10 16 *
3277 5638 10 13 9
3299 5628 48 24 and
3360 5627 61 30 Ifoys
3430 5625 111 32 Clothing

3074 5674 84 26 Ladies
3172 5671 47 25 atd
3230 5668 125 25 children*
3366 5667 130 32 requisites.

3044 5732 74 25 Visits
3146 5726 143 31 Roxburgh,
3319 5724 47 28 »n4
3401 5722 157 33 surroMßding

3015 5766 101 22 districts
3129 5761 105 27 monthly

3585 5374 142 33 TTOZIE
3740 5376 84 31 TEA.
3862 5377 27 30 A
3900 5378 173 40 stimulating
4081 5379 56 30 and

3673 5417 156 40 sustaining
3840 5427 54 30 cup
3905 5418 30 29 in
3946 5428 122 21 summer
4083 5420 65 29 and!

3584 5456 105 32 winter,
3728 5456 35 31 D.
3779 5456 142 39 Cqrmack,
3934 5459 106 40 Agent,
4061 5459 59 30 ftox-

3580 5498 105 39 :burgb.
