3440 5490
20 105 720 172 UNKNOWN

211 715 166 31 9—Kennedy,
392 722 44 21 s.s.,
453 713 83 32 Carey,
555 717 93 23 master,
670 713 58 24 froiii
739 713 1 39 j

155 750 86 26 mouth.

160 819 116 33 Simpson,
289 820 59 23 from
362 818 84 25 I'mller.

117 853 84 27 Emma
212 853 68 30 Jane,
291 854 117 29 schooner,
420 857 28 20 •'so
462 857 60 25 tons,
535 852 59 25 from
609 851 119 26 Ilokiiika.
739 849 1 38 j

20 896 29 18 wm
117 889 114 32 Ilahyon,
253 897 48 22 s.s.,
323 889 79 31 Wing,
434 891 93 26 master,
564 887 60 24 from
657 889 83 28 (ire)-;

20 914 39 33 A
86 914 92 33 mouth.

20 965 22 30 Y
117 957 122 30 Constant,
260 955 77 32 ketch,
358 957 83 28 Given,
464 959 93 24 master,
577 956 58 25 from
655 955 60 32 Grey-

20 992 3 36 [
86 992 88 24 mouth.

20 1018 15 31 L
115 1026 70 32 Mary
197 1027 64 27 Ann,
284 1026 117 29 schooner,
413 1028 28 21 2u
452 1029 60 27 tons,
524 1025 61 25 from
596 1023 84 26 Buller.

364 1081 95 19 SAILLD.

115 1117 82 23 M«*»rch
209 1117 166 32 9—Kennedy,
404 1125 45 20 s.s.,
470 1117 82 31 Carey,
577 1120 93 24 master,
692 1117 37 22 for

84 1149 94 27 Kelson.

116 1186 81 24 M;irch
219 1187 78 24 l.>—ll
300 1185 50 34 airy
352 1195 38 21 on,
412 1195 44 21 s.s.,
477 1187 78 29 Wing,
576 1188 94 28 master,
692 1185 37 24 for

85 1220 155 32 Greymouth.

115 1286 37 26 On
178 1286 143 33 Wednesday
342 1287 43 26 last
398 1288 64 24 there
479 1295 59 17 were
549 1291 46 19 two
613 1290 111 22 steamers

83 1321 41 24 the
145 1320 108 33 Halcyon
270 1322 46 25 and
337 1323 39 24 the
394 1322 141 25 Tasmanian
559 1321 63 24 Maid
644 1321 22 23 in
689 1321 39 23 the

83 1356 76 31 offing,
179 1355 40 25 hut
242 1356 54 30 they
317 1355 38 26 did
371 1361 38 20 not
421 1356 55 24 dare
493 1361 22 19 to
528 1360 96 20 venture
637 1354 89 24 within.

84 1387 51 26 The
167 1390 82 25 Kmma
270 1390 69 31 Jane,
380 1390 119 28 schooner,
526 1389 45 26 and
609 1398 14 16 a
658 1388 69 25 ketch
738 1387 2 39 j

84 1430 61 18 were
162 1422 49 26 also
230 1424 97 24 outside.
360 1425 50 24 T!ie
430 1425 88 24 former
538 1423 67 26 made'
626 1432 13 16 a
653 1423 62 24 deter-

83 1456 79 26 mined
178 1462 100 29 attempt
298 1462 23 21 to
332 1465 37 24 got
383 1459 31 27 in,
426 1458 38 25 hut
477 1456 79 33 nearly
570 1463 61 19 went
644 1465 27 16 <»u
686 1457 40 24 the

81 1492 74 29 rocks,
168 1492 22 25 in
202 1501 159 23 consequence
369 1495 26 24 of
406 1493 99 31 missing
511 1498 72 26 stays,
594 1493 47 30 just
649 1493 79 24 before

82 1527 108 31 entering
210 1528 39 24 the
267 1528 62 24 wind
345 1529 74 31 dying
435 1535 66 23 away
519 1531 24 21 at
562 1528 40 23 the
618 1528 56 22 time
686 1527 30 23 she-

82 1565 40 25 got
139 1561 38 30 oft,
199 1561 113 28 however,
328 1562 45 26 and
389 1568 38 25 got
457 1561 58 26 hack
536 1561 68 31 again
628 1560 97 25 without
737 1555 2 38 j

81 1594 113 28 accident.
227 1596 50 27 The
288 1596 127 27 Tasmania
428 1596 63 26 Maid
501 1604 65 18 came
578 1596 19 26 el
608 1605 30 17 >se
649 1600 25 21 to
685 1596 39 24 the

82 1636 51 26 port
151 1631 39 25 hut
209 1631 40 26 the
263 1633 65 24 boats
338 1633 38 25 did
389 1636 40 22 not
441 1640 52 16 care-
504 1636 24 20 to
538 1640 30 22 go
578 1637 49 21 out,
639 1630 45 25 and
702 1639 25 15 so

83 1665 63 24 after
163 1667 135 31 coquetting
321 1669 36 23 for
377 1667 57 24 time
453 1667 40 23 the
514 1670 99 20 steamer
624 1669 60 20 went
696 1665 31 23 off
738 1665 1 33 |

84 1699 99 25 without
204 1701 75 25 either
298 1700 87 34 calling
409 1709 25 17 or
460 1700 95 31 landing
583 1707 143 28 passengers.

83 1733 51 26 The
145 1733 106 35 Halcyon
263 1735 47 26 also
321 1745 48 18 was
380 1735 133 33 frightened
524 1735 46 26 aud
578 1740 61 21 went
650 1735 76 24 oii'rc-
737 1733 3 35 \

83 1769 83 23 turned
178 1778 29 16 on
218 1771 118 32 Saturday.

114 1801 123 32 Although
259 1805 65 25 there
346 1805 41 24 has
407 1806 56 24 been
486 1813 13 16 a
522 1805 101 25 harbour
639 1810 87 20 master

83 1837 123 32 appointed
218 1837 36 25 for
265 1845 63 18 some
340 1840 94 23 months
444 1846 59 23 now,
515 1844 22 18 at
547 1839 146 29 Charleston,
707 1839 15 24 it

82 1870 44 25 has
141 1878 70 18 never
226 1876 41 27 yet
284 1872 79 26 struck
380 1872 40 26 the
436 1872 139 26 authorities
585 1874 50 25 that
647 1883 13 15 a
672 1873 56 26 code

83 1906 26 24 of
130 1905 87 32 signals
238 1915 48 17 was
307 1915 121 25 necessary
449 1912 25 20 to
495 1908 56 29 him,
573 1908 22 24 in
618 1908 67 26 order
703 1913 25 19 to
737 1905 3 38 j

83 1940 142 32 thoroughly
231 1942 102 33 peiform
345 1943 36 23 his
392 1943 83 23 duties.
494 1942 94 26 Vessels
600 1942 23 24 in
631 1943 40 24 the
689 1943 38 25 ofl'.

82 1974 40 30 ing
133 1974 60 25 have
209 1975 134 32 frequently
360 1976 120 31 signalled,
491 1977 42 24 but
549 1976 40 24 the
606 1977 58 24 staff
681 1977 41 24 h:is

84 2013 40 19 not
136 2003 131 39 responded
278 2009 142 33 doubtlessly
432 2016 24 19 to
468 2011 39 25 the
517 2015 66 27 great
590 2011 102 32 surprise
702 2011 26 23 of

83 2041 69 25 those
162 2052 30 15 on
202 2043 76 25 board.
310 2045 37 22 On
366 2044 125 31 Thurshay
507 2045 40 23 the
557 2048 102 20 steamer
670 2045 57 23 Tas-
738 2037 2 38 \

82 2075 96 27 manian
192 2076 65 26 Main
277 2076 71 27 asked
367 2077 20 25 if
398 2077 39 27 the
449 2078 40 25 bar
499 2076 67 27 could
585 2078 26 25 be-
628 2075 112 34 crossed,;

83 2110 45 25 and
140 2112 83 25 waited
242 2120 64 18 some
322 2112 57 26 time
390 2113 38 25 for
438 2121 12 16 a
461 2112 73 34 reply.
566 2113 50 25 The
628 2114 100 24 harbour
738 2110 2 36 j

84 2149 87 21 master
191 2147 89 31 having
293 2155 13 16 a
320 2145 75 33 sign;;l
414 2147 59 25 book
490 2154 47 17 was
552 2146 113 34 perfectly
677 2145 63 35 well;

82 2185 77 18 aware
181 2180 63 25 what
263 2182 41 23 she
326 2180 91 26 wanted
439 2185 24 21 to
481 2181 78 29 know,
580 2182 40 24 but
632 2182 45 25 had
698 2190 30 16 no

84 2220 81 18 means
175 2215 26 23 of
215 2215 114 32 affording
336 2215 40 25 the
393 2215 111 32 requisite
517 2215 159 26 information.
698 2217 28 24 In

82 2247 49 24 this
151 2248 109 26 dilemma
281 2249 28 24 he
329 2249 84 33 dipped
433 2250 39 24 the
493 2250 48 31 flag
561 2250 110 32 meaning
703 2255 25 21 to
738 2247 2 39 j

82 2287 91 25 convey
194 2282 50 23 that
267 2283 38 23 the
331 2284 41 21 bur
392 2291 47 16 was
461 2283 146 31 practicable,
622 2284 106 27 whether

84 2314 67 25 those
167 2323 30 17 on
209 2314 68 26 board
294 2315 140 25 understood
445 2315 47 24 this
503 2323 26 17 or
540 2321 40 19 not
596 2326 35 15 -we
642 2324 87 20 cannot
738 2311 2 39 j

83 2356 50 25 say,
152 2350 42 25 but
206 2349 87 32 though
305 2351 38 22 the-
354 2349 40 25 red
411 2349 47 31 flag
469 2357 47 17 was
528 2349 75 32 flying
614 2351 37 24 for
662 2359 64 16 some
738 2349 2 39 j

83 2382 64 30 time,
157 2384 40 25 she
208 2384 38 25 did
258 2389 40 20 not
310 2389 97 21 venture
418 2384 24 24 in
454 2384 41 25 but
514 2388 62 22 went
588 2385 58 24 back
658 2385 69 31 again
739 2382 1 34 ;

82 2421 26 20 to
125 2418 40 25 the
182 2418 139 25 southward.
352 2418 51 25 The
426 2417 114 32 Halcyon,
552 2419 52 24 who
621 2418 44 25 had
681 2418 48 27 also

82 2451 57 26 been
150 2451 95 34 looking
255 2453 37 23 for
303 2453 39 25 the
354 2460 90 18 answer
459 2452 107 26 followed
577 2452 54 27 suit.

83 2558 288 60 Commercial
413 2558 327 74 Intelligence.

287 2688 164 26 Charleston
462 2689 88 25 Argus
560 2688 78 33 Office,

494 2732 86 33 Friday
590 2733 109 31 evening.

113 2777 51 25 The
175 2776 86 26 arrival
272 2778 25 23 of
317 2785 24 16 so
362 2783 72 24 many
445 2774 87 27 vessels
548 2784 29 17 on
596 2775 133 34 Thursday,
739 2774 1 35 l

82 2820 30 26 all
132 2821 58 25 with
202 2829 14 16 a
237 2819 63 33 large
316 2823 96 22 amount
423 2819 27 24 of
466 2825 77 25 cargo,
560 2818 42 24 has
622 2819 45 23 had
690 2815 50 43 ihej

80 2864 68 26 effect
159 2864 27 25 of
197 2863 111 32 reducing
325 2867 62 21 rates
399 2862 77 25 which
493 2869 61 18 were
568 2860 159 33 considerably
739 2860 1 40 j

82 2907 118 26 increased
212 2916 30 17 on
264 2915 42 16 our
317 2906 46 25 last
374 2906 144 31 quotations.
551 2905 51 25 The
614 2905 78 26 stocks
704 2909 25 21 to
739 2905 1 32 ,

82 2950 69 31 baud,
159 2951 114 28 however,
284 2957 38 17 are
329 2949 29 33 by
369 2957 29 16 no
405 2956 81 18 means
494 2948 23 25 in
525 2956 80 17 excess
612 2949 26 24 of
645 2949 40 25 the
692 2948 36 25 de-
739 2943 1 39 j

81 2994 77 28 mand,
169 2994 45 24 and
226 2994 73 32 prices
307 2999 55 24 may
370 2992 27 24 be
407 2992 49 24 said
468 2997 23 19 to
503 2992 27 24 be
544 2991 143 25 maintained
698 3000 29 16 on

82 3037 74 35 staple
166 3036 100 27 articles.
303 3034 118 35 Hennelly
442 3036 45 25 and
512 3035 81 26 Millen
613 3036 61 26 have
695 3035 45 27 re-!

82 3081 80 26 ccivcd
169 3089 13 16 a
190 3079 45 26 full
246 3088 76 24 cargo,
333 3088 39 24 per
383 3080 40 25 the
431 3079 84 25 Emma
522 3079 69 31 Jane,
602 3079 77 26 which
687 3080 42 26 has
739 3079 1 52 j

80 3126 57 24 been
150 3123 83 26 landed
244 3124 23 25 in
279 3123 112 26 excellent
414 3123 127 30 condition,
556 3123 46 25 and
614 3122 47 27 will
672 3124 26 25 be
714 3132 14 17 a

81 3166 121 35 profitable
214 3167 143 25 investment
366 3171 24 20 to
401 3166 40 26 the
448 3168 130 31 importers.
614 3166 115 26 Business
739 3166 1 35 i

81 3211 23 25 in
117 3210 94 33 general
223 3211 18 24 is
253 3210 81 33 steady
345 3210 45 25 and
409 3210 59 33 good
485 3210 89 31 though
587 3217 62 19 more
660 3210 69 26 could

81 3255 28 25 be
119 3254 65 27 done.
217 3254 62 27 Cash
295 3254 20 25 is
335 3252 112 34 tolerably
468 3252 119 35 plentiful,
597 3253 47 25 and
663 3253 65 26 trade

81 3297 130 33 altogether
222 3298 19 25 is
253 3298 23 24 in
288 3305 13 16 a
313 3296 140 34 thoroughly
465 3297 95 32 healthy
572 3295 128 29 condition.

754 2828 403 46 CHARLESTON
1192 2829 207 50 ARGUS.

842 2949 194 31 SATURDAY,
1053 2949 118 28 MARCH
1190 2952 33 28 16,
1253 2949 148 31 1866.

755 3050 29 28 It
798 3050 22 28 is
834 3049 66 29 with
923 3059 34 19 110
976 3048 70 30 little
1065 3048 122 40 pleasure
1201 3058 39 19 we
1263 3048 62 37 find,
1342 3049 58 29 that

740 3090 2 41 j
753 3091 75 31 there
854 3092 32 37 is,
912 3095 28 26 at
966 3091 59 33 last,
1051 3102 16 18 a
1093 3090 98 30 chance
1216 3091 29 29 of
1264 3091 46 30 the
1337 3091 63 40 long

752 3135 92 29 talked
880 3135 28 29 of
939 3138 127 34 tramway
1101 3133 120 30 between
1255 3135 60 29 here
1347 3136 52 28 a'.d

753 3177 137 39 Westport
925 3177 79 38 being
1037 3175 174 37 undertaken,
1237 3177 54 29 and
1323 3177 75 29 when

753 3220 155 41 completed,
921 3229 38 19 we
973 3222 115 26 venture
1103 3222 28 26 to
1145 3218 103 40 predict
1271 3220 46 30 the
1331 3227 68 23 most

752 3263 85 29 direct
863 3262 164 38 advantages
1054 3267 26 23 to
1107 3262 66 29 both
1205 3262 95 40 places.
1359 3265 39 27 At

740 3304 1 43 ;
757 3304 150 43 Westport,
933 3315 33 20 on
1003 3304 125 40 Tuesday
1154 3305 113 40 evening
1298 3305 60 35 last,
1385 3317 14 19 a

752 3350 120 36 meeting
885 3359 53 18 was
965 3347 69 35 held,
1049 3352 27 24 at
1100 3347 87 30 which
1214 3347 91 39 nearly
1319 3358 76 31 every

752 3390 122 31 business
894 3401 61 19 man
978 3389 137 33 attended,
1129 3389 53 30 and
1198 3390 112 30 without
1331 3391 68 29 hesi-

739 3431 2 41 I
752 3432 85 30 tation
851 3443 67 29 gave
931 3434 25 28 in
980 3432 41 29 his
1035 3432 128 29 adhesion
1182 3438 27 24 to
1230 3433 44 29 the
1289 3433 108 39 project,

739 3475 1 40 j
752 3475 23 29 A
789 3476 152 30 committee
955 3485 53 21 was
1021 3475 101 29 formed
1145 3480 28 25 to
1193 3476 61 29 take
1268 3476 34 29 all
1325 3481 74 33 steps

751 3528 138 29 necessary
903 3523 28 25 to
946 3518 61 28 float
1029 3518 45 28 the
1089 3518 187 39 undertaking,
1291 3519 61 37 and,
1370 3530 28 17 as

751 3560 52 29 will
819 3559 31 32 be
864 3572 62 20 seen
947 3559 36 40 by
995 3570 35 20 an
1049 3559 129 42 abridged
1197 3565 86 35 lepoit
1307 3562 27 29 of
1354 3561 43 31 the

739 3604 1 41 1
750 3604 178 39 proceedings,
951 3604 44 29 the
1018 3604 91 29 Pakihi
1125 3605 94 39 people
1241 3615 76 24 were,
1333 3615 64 30 very

739 3646 1 40 ,
750 3646 129 39 properly,
894 3652 28 24 to
936 3647 31 29 be
981 3646 139 31 eonsulted
1135 3646 89 29 before
1237 3647 160 39 proceeding

739 3685 1 48 j
750 3689 109 29 farther.
912 3690 63 29 T\vo
1001 3690 29 28 of
1054 3689 47 30 the
1125 3688 131 31 members
1284 3690 29 28 of
1344 3690 57 30 this*

739 3730 1 43 j
750 3732 155 31 committee
931 3731 69 31 have
1026 3731 65 30 been
1115 3730 78 32 down
1227 3731 97 42 during
1351 3732 45 32 the

750 3775 80 35 week,
846 3775 53 29 and
913 3775 74 35 have,
1003 3785 38 18 we
1052 3775 171 34 understand,
1237 3780 53 25 met
1303 3775 63 30 with
1382 3788 15 17 a

739 3808 1 50 |
750 3825 65 32 very
834 3815 137 32 favorable
997 3817 141 41 reception,
1166 3817 52 30 and
1246 3827 40 21 we
1309 3817 85 30 doubt

739 3859 1 40 '
750 3864 47 25 not
811 3859 45 31 the
872 3860 145 39 enterprise
1032 3860 52 30 will
1103 3866 70 26 meet
1187 3860 65 31 with
1275 3860 106 39 unquali-

739 3902 1 40 '
751 3902 49 30 lied
814 3908 110 32 support
939 3904 26 28 in
980 3904 54 28 this
1058 3904 113 38 locality.
1214 3905 39 28 As
1268 3914 15 19 a
1298 3907 96 26 matter

750 3944 31 31 of
797 3945 172 43 speculation,
997 3947 65 31 with
1088 3958 15 19 a
1128 3947 66 30 view
1220 3952 27 25 to
1272 3947 122 40 splendid

739 3983 1 48 I
752 3989 110 30 interest
889 4000 35 19 on
945 3991 99 40 capital
1069 3991 129 34 invested,
1211 3991 21 28 it
1252 3991 55 29 will
1329 4001 48 19 com-

751 4032 79 29 mend
844 4032 73 30 itself
934 4038 27 25 to
976 4034 74 30 those
1070 4033 110 41 seeking
1203 4035 192 29 remunerative

751 4078 105 26 returns
871 4075 65 30 from
952 4076 45 29 the
1016 4077 160 29 investment
1201 4078 27 26 of
1246 4076 68 30 their
1328 4078 53 37 capi-

750 4116 45 31 tal,
811 4117 52 30 and
887 4128 33 19 on
935 4118 53 29 this
1014 4118 68 31 head
1108 4119 72 30 there
1206 4123 96 25 cannot
1328 4120 31 29 be
1380 4131 15 19 a

750 4159 106 30 shadow
870 4161 30 29 of
916 4161 90 30 doubt.
1047 4163 23 28 /V
1086 4163 73 30 West
1181 4163 82 30 Coast
1281 4167 96 25 contem-

739 4203 111 38 porary,
866 4214 14 18 a
906 4205 92 29 month
1021 4215 28 18 or
1075 4208 51 26 two
1152 4215 57 28 ago,
1224 4205 58 29 said
1303 4206 57 29 that
1375 4207 19 27 it

752 4245 50 29 had
816 4246 66 29 been
899 4245 47 29 left
971 4252 26 23 to
1012 4248 43 27 the
1077 4248 76 28 West
1169 4248 79 29 Coast
1262 4253 27 23 to
1314 4258 80 29 prove

750 4286 103 39 beyond
867 4289 131 38 question,
1014 4290 46 29 the
1077 4290 99 38 utility,
1190 4301 28 17 as
1233 4290 58 30 well
1305 4302 28 19 as
1348 4291 43 29 the

750 4330 78 39 profit
856 4332 30 29 of
903 4335 141 37 tramways
1067 4332 27 30 in
1123 4333 66 29 Mew
1204 4332 123 38 Zealand,
1342 4335 52 30 and

752 4374 39 28 his
818 4374 103 30 remark
947 4386 73 20 arose
1034 4375 66 29 from
1115 4376 44 29 the
1185 4377 53 28 fact
1265 4377 58 28 that
1350 4379 43 28 the

751 4415 65 30 lines
829 4427 29 18 or
884 4417 103 39 portion
1012 4419 28 28 of
1061 4419 65 29 lines
1141 4419 66 29 then
1227 4421 167 30 constructed

750 4469 66 19 were
843 4461 100 39 paying
975 4471 141 19 enormous
1143 4462 114 28 interest
1282 4473 33 18 on
1350 4464 44 29 the

750 4501 99 39 outlay.
890 4502 77 30 Since
982 4503 64 31 then
1061 4504 44 28 the
1128 4502 99 31 results
1240 4503 66 31 have
1329 4505 63 29 been

750 4544 54 29 still
818 4554 72 21 more
905 4546 129 38 startling,
1049 4546 53 28 and
1116 4556 15 19 a
1150 4545 107 39 regular
1277 4549 114 28 network

750 4587 32 29 of
799 4589 142 36 tramways
967 4588 54 29 will
1048 4598 64 19 soon
1147 4589 87 29 invest
1263 4589 129 32 Ilokitika
1400 4587 1 38 l

739 4629 1 40 !
749 4629 53 28 and
828 4630 47 29 the
907 4630 137 30 Westland
1069 4631 142 38 goldficlds
1222 4642 6 25 ;
1261 4633 133 30 wherever
1400 4629 1 40 •

739 4666 1 50 |
750 4671 64 39 they
833 4672 64 29 have
924 4673 66 29 been
1016 4673 156 30 introduced
1199 4673 112 40 cheaper
1336 4666 65 50 pro-1

739 4710 1 44 1
750 4715 108 33 visions,
874 4715 52 31 and
940 4727 14 17 a
967 4722 161 32 consequent
1148 4716 138 30 reduction
1308 4719 25 27 in
1347 4720 45 30 the
1400 4710 1 44 i

739 4753 1 43 1
749 4762 55 23 co>t
818 4758 29 27 of
865 4757 83 39 living
962 4758 47 30 has
1023 4758 132 35 followed,
1170 4768 29 20 as
1212 4769 15 19 a
1248 4765 96 24 matter
1366 4753 35 43 of'

739 4793 1 48 ;
749 4810 97 27 course,
874 4800 88 31 whilst
988 4802 46 31 the
1061 4802 77 30 relief
1153 4802 57 30 that
1237 4803 65 38 they
1328 4805 64 31 have
1400 4793 1 48 I

748 4843 118 28 afforded
879 4848 28 23 to
933 4854 80 27 many
1026 4855 15 16 a
1067 4844 103 37 heavily
1185 4845 93 28 loaded
1305 4843 96 40 pedes-1

750 4884 69 29 trian
833 4894 46 19 can
894 4885 115 40 scarcely
1024 4885 30 29 be
1069 4885 147 30 e>timatcd.
1258 4887 73 40 Tlu-y
1348 4899 44 20 are
1400 4878 1 49 '

749 4927 105 30 worked
880 4932 28 25 at
934 4929 72 30 little
1032 4934 66 26 cost,
1116 4929 51 28 and
1194 4940 47 18 can
1268 4931 80 28 afford
1364 4938 28 22 to

739 4970 1 41 :
749 4978 72 31 carry
836 4980 154 30 passengers
1004 4974 25 25 at
1046 4970 68 29 little
1129 4980 69 19 more
1221 4981 94 30 money
1330 4972 60 30 ;han

739 5011 1 43 |
750 5011 87 31 would
851 5014 162 38 necessarily
1027 5013 30 30 be
1071 5013 138 39 expended
1232 5014 26 29 in
1273 5026 15 18 a
1302 5016 90 38 longer
1400 5011 1 43 I

739 5050 1 59 |
748 5055 53 29 and
815 5064 71 20 more
901 5057 152 30 wearisome
1074 5063 87 33 tramp
1187 5066 62 22 over
1262 5057 45 31 the
1321 5064 80 24 same!

749 5099 51 28 ui-t
811 5108 66 21 inee.
916 5099 54 30 The
985 5097 115 32 benefits
1113 5099 133 31 derivable
1260 5102 66 27 from
1347 5101 43 29 the
1400 5097 1 33 i

748 5141 179 28 construction
952 5142 31 28 of
1009 5146 141 33 tramways
1175 5151 43 19 are
1244 5148 44 23 too
1321 5132 80 40 well-'

748 5181 96 31 known
859 5188 28 25 to
911 5183 67 32 need
1006 5184 103 32 further
1129 5190 143 30 comment,
1288 5181 113 44 except-1

748 5226 45 38 ing
806 5237 28 18 as
849 5230 38 26 lar
900 5237 27 19 as
941 5227 65 30 such
1027 5239 15 17 a
1065 5228 75 29 nude
1166 5230 31 27 of
1213 5230 174 28 comniuiiica-
1400 5222 1 42 1

739 5268 28 28 ,ii
781 5278 22 17 »n
819 5268 86 29 would
923 5268 31 30 be
964 5270 29 28 of
1011 5270 148 36 advantage
1174 5276 27 23 to
1211 5270 52 29 this
1277 5271 110 30 distiic..

739 5305 1 48 I
747 5309 147 37 Although,
906 5322 35 29 up
957 5317 26 26 to
994 5311 45 32 the
1054 5320 102 33 [ireseiit
1172 5314 71 37 time,
1260 5317 7 25 (
1282 5320 77 25 oasta
1380 5322 7 22 t

739 5354 1 37 '
748 5354 72 31 Cove
835 5355 46 31 has
895 5366 83 22 never
999 5357 142 32 witnessed
1159 5369 15 19 a
1188 5357 94 34 wreck,
1298 5359 19 30 it
1340 5360 22 30 is
1375 5371 14 19 a

739 5392 1 47 |
747 5399 102 32 certain
861 5399 54 31 fact
928 5400 59 32 that
1002 5411 33 19 on
1049 5411 80 28 many
1145 5402 134 29 occasions
1291 5404 97 28 vessels
1400 5392 1 47 1

1428 150 64 28 lime
1506 155 27 23 to
1547 150 36 29 lie
1596 152 40 25 off
1650 152 39 29 fur
1714 152 71 36 days,

1428 191 55 30 fore
1507 192 44 29 ilie
1572 192 126 31 elements
1714 204 42 18 are
1780 193 129 33 f.iv«»jalile

1427 235 52 29 and
1493 236 59 29 that
1564 235 146 29 merchants
1733 237 51 28 and
1808 237 172 41 storekeepers

1415 269 2 55 |
1429 277 64 31 been
1509 277 100 41 greatly
1623 278 219 30 inconvenienced
1857 278 34 40 ly
1904 282 52 34 this
1969 288 41 32 del
2017 269 59 49 JB

1428 320 78 29 Blink
1521 321 20 27 it
1568 320 57 28 how
1638 331 38 19 we
1703 331 66 26 may,
1785 322 72 27 theft

1427 362 80 28 doubt
1522 360 58 30 that
1601 361 26 29 in
1651 366 98 34 stormy
1764 359 120 35 ucftter,
1900 362 62 29 such
1984 373 27 18 a.s
2026 371 37 19 we

1414 403 1 45 j
1427 414 57 29 may
1498 414 63 19 soon
1575 409 93 35 expect
1682 408 27 25 to
1723 409 38 23 set
1777 404 35 31 in.
1827 414 36 19 we
1874 415 58 29 may
1946 405 30 28 be
1991 403 85 45 with-;

1425 455 46 20 out
1493 446 108 30 arrivals
1621 447 39 27 for
1682 457 71 18 some
1779 447 62 28 time
1867 449 129 36 together,
2011 447 52 29 and

1425 489 52 28 this
1502 492 95 25 eannot
1620 487 31 29 be
1667 489 109 29 without
1799 489 137 38 inflicting,
1952 494 26 24 at
2000 488 63 29 lea>t

1424 541 71 19 some
1521 529 88 39 injury
1636 534 28 24 to
1691 531 32 29 all
1752 531 114 30 resident
1893 531 66 31 liere.
2013 532 49 28 l»ut

1425 584 63 19 even
1512 573 144 38 admit!ing
1670 574 56 29 that
1740 575 43 27 the
1803 579 123 25 entrance
1942 586 50 17 was
2006 586 43 26 pos-

1423 616 66 30 sible
1522 616 107 40 always,
1665 617 74 29 there
1772 621 68 24 must
1864 618 31 28 be
1921 628 14 19 a
1967 617 96 29 certain
2075 616 1 40 1

1423 665 109 24 amount
1564 660 28 27 of
1624 659 53 29 risk
1716 665 29 24 to
1776 661 97 29 vessels
1914 661 82 38 going
2036 661 26 28 i.i

1424 701 113 38 through
1552 713 28 16 so
1595 710 99 20 narrow
1708 712 13 19 a
1749 712 114 31 passage,
1884 703 52 29 and
1962 703 103 37 greatly
2075 701 1 42 i

1423 756 28 18 as
1465 754 38 19 we
1518 744 64 28 wish
1596 748 27 23 to
1637 751 39 23 set
1700 746 155 38 everything
1869 745 144 38 belonging
2037 752 27 22 to
2075 738 1 57 j

1414 786 1 44 !
1425 788 45 29 the
1488 786 90 30 I'akilii
1594 787 26 27 in
1636 788 33 27 its
1683 787 59 29 best
1754 788 76 38 light,
1846 799 37 17 we
1902 788 80 37 really
1996 796 69 21 must
2075 786 1 44 j

1414 830 119 35 'confess,
1549 828 57 30 that
1630 840 38 19 we
1694 830 75 30 think
1785 830 44 29 the
1843 831 140 37 immunity
1999 832 65 27 from

1424 872 117 29 accident
1556 872 57 28 that
1629 883 37 18 we
1682 872 62 29 have
1764 873 117 28 hitherto
1905 873 112 37 enjoved
2044 874 21 27 is

1425 913 172 30 attributable
1624 923 68 19 niore
1708 918 25 25 to
1761 913 43 29 the
1830 915 110 30 activity
1955 915 51 28 and
2029 915 24 28 in-

1414 957 1 38 i
1426 957 138 35 telligence
1898 957 63 29 than
1975 964 26 21 to
2015 968 50 27 any

1427 998 120 29 intrinsic
1580 998 68 38 good
1679 997 121 40 qiffftfrh;*
1825 999 28 28 of
1885 1010 48 18 our
1961 1000 101 29 harbor.

1414 1040 1 40 ;
1428 1044 37 28 As
1479 1040 129 37 affording
1623 1040 121 30 facilities
1766 1042 42 28 for
1819 1042 133 30 travellers
1976 1043 19 29 it
2011 1042 52 30 will

1414 1080 44 37 !be
1472 1094 14 18 a
1500 1088 75 32 great
1589 1084 75 26 boon.
1717 1087 37 24 At
1782 1084 71 28 West
1858 1089 58 31 port
1941 1089 125 23 steamer*

1426 1135 48 19 can
1488 1134 33 29 go
1532 1123 26 31 in
1573 1123 51 29 and
1647 1128 45 25 out
1710 1129 26 24 at
1750 1124 33 29 all
1812 1126 85 30 times,
1912 1125 53 30 and
1989 1125 75 31 when

1427 1167 44 29 the
1496 1178 102 18 owners
1622 1167 74 29 know
1724 1167 58 29 that
1811 1178 140 29 passenger
1980 1169 84 28 traffic

1428 1219 58 28 may
1512 1209 31 28 be
1570 1209 134 38 depended
1731 1220 33 19 on
1792 1211 34 39 by
1853 1220 90 19 means
1970 1211 27 28 of
2019 1211 46 30 the

1426 1256 136 33 tramway,
1577 1261 78 28 many
1670 1261 69 21 more
1754 1252 63 29 than
1833 1262 57 18 now
1905 1252 72 30 trade
1991 1252 74 30 there

1427 1294 52 29 will
1494 1294 65 29 then
1574 1294 31 28 be
1617 1298 47 33 put
1675 1305 41 17 on.
1759 1295 96 36 Again,
1865 1295 35 37 by
1913 1296 51 28 this
1979 1305 87 19 means

1426 1336 43 29 the
1484 1336 54 30 coal
1554 1336 59 28 that
1627 1336 21 28 is
1662 1345 23 21 m
1709 1336 155 30 abundance
1884 1337 63 30 here
1970 1348 48 19 can
2034 1338 31 29 be

1425 1384 27 24 at
1465 1389 64 20 once
1544 1378 115 29 utilised.
1699 1377 48 31 We
1770 1390 43 19 are
1827 1380 56 29 told
1905 1380 56 29 that
1977 1383 27 26 to
2020 1381 45 28 the

1426 1421 78 29 north
1519 1420 29 29 of
1565 1421 44 28 the
1624 1420 86 29 Duller
1723 1421 76 31 there
1813 1432 42 19 are
1869 1421 196 32 inexhaustible

1425 1464 55 30 coal
1495 1463 91 37 mines,
1601 1474 48 20 anc
1663 1464 77 30 there
1759 1465 21 29 is
1794 1465 179 29 considerable
1988 1465 74 30 truth

1425 1507 26 28 in
1479 1507 44 28 the
1550 1510 148 33 statement,
1724 1507 47 27 but
1790 1508 20 28 if
1836 1517 38 19 we
1900 1517 59 28 may
1982 1508 84 38 judge

1425 1548 66 32 from
1505 1549 45 30 the
1565 1554 57 34 past
1634 1559 83 20 career
1728 1549 27 30 of
1768 1550 74 31 West
1847 1555 65 37 port,
1928 1550 35 31 its
1975 1551 88 39 sleepy

1425 1593 166 31 inhabitants
1617 1594 50 28 \rill
1690 1598 46 25 not
1762 1601 75 23 exert
1860 1594 160 31 themselves
2038 1599 27 24 to

1424 1641 45 33 get
1495 1637 28 33 it,
1538 1635 52 30 and
1617 1637 21 27 in
1662 1636 45 29 the
1733 1637 143 29 meantime
1903 1637 44 29 t'ae
1975 1642 89 24 return

1425 1678 92 30 trucks
1531 1679 67 29 from
1609 1678 63 35 Jiere
1686 1679 77 29 could
1776 1679 61 31 take
1851 1679 77 31 loads
1947 1684 27 26 at
1988 1690 15 18 a
2016 1680 49 30 low

1425 1726 65 28 rate,
1504 1722 52 29 and
1571 1722 92 30 vessels
1677 1722 89 30 would
1792 1726 45 26 too
1862 1722 90 40 gladly
1965 1724 60 36 give
2051 1734 15 18 a

1423 1764 123 40 payable.
1561 1764 66 39 price
1647 1764 42 30 for
1711 1765 22 29 it
1747 1774 28 20 as
1797 1764 138 40 profitable
1962 1765 101 29 ballast.

1424 1807 85 30 There
1521 1807 23 29 is
1558 1816 33 19 110
1601 1807 132 37 difficulty
1745 1811 28 24 at
1786 1808 36 28 all
1837 1808 98 29 known
1959 1808 26 28 in
2006 1813 42 33 get-

1424 1848 59 41 ting
1496 1848 57 32 coal
1578 1848 64 36 here,
1656 1849 54 30 and
1731 1849 20 30 if
1771 1849 21 30 it
1806 1849 89 31 would
1918 1849 71 30 fetch
2004 1861 53 28 any

1425 1891 77 40 thing
1524 1891 139 38 whatever,
1676 1893 146 29 thousands
1845 1894 29 28 of
1891 1898 60 24 tons
1977 1893 90 29 would

1424 1933 33 31 be
1472 1935 101 38 readily
1582 1935 132 29 obtained.
1761 1935 74 29 Even
1858 1936 125 38 granting
2008 1935 58 29 that

1423 1987 72 19 some
1509 1978 30 28 of
1556 1978 20 28 it
1587 1978 21 28 is
1622 1981 47 25 not
1682 1976 77 39 equal
1775 1978 24 28 in
1824 1977 104 42 quality
1951 1983 27 23 to
1992 1978 75 28 other

1414 2016 1 44 j
1423 2028 85 19 seams
1535 2029 33 18 on
1592 2020 45 27 the
1664 2023 81 30 coast,
1773 2020 57 28 still
1853 2020 44 27 the
1921 2029 57 19 ease
2001 2020 65 28 with

1425 2060 90 33 whichr
1590 2066 54 35 got,
1660 2062 52 29 and
1728 2060 44 30 the
1795 2062 124 30 facilities
1933 2062 39 29 for
1995 2066 56 26 tran-

1423 2110 75 32 sport
1512 2105 114 29 afforded
1642 2106 33 36 by
1689 2105 45 28 the
1756 2109 127 34 tramway
1898 2106 51 28 will
1973 2105 94 31 enable

1425 2156 30 19 us
1468 2151 28 24 to
1510 2147 47 29 seJi
1570 2149 20 27 it
1604 2152 26 23 at
1644 2146 162 31 somewhere
1818 2147 82 29 about
1915 2147 57 29 half
1985 2148 78 39 price.

1414 2189 1 36 '
1425 2189 44 29 l)r.
1489 2189 98 31 Hector
1601 2189 61 30 calls
1677 2190 20 28 it
1933 2189 51 31 and
1998 2190 21 29 if
2039 2200 28 18 so

1414 2225 1 52 j
1425 2232 192 36 householders,
1633 2232 65 30 both
1714 2232 26 29 in
1763 2233 139 38 Westport
1922 2233 52 29 and
1994 2232 74 30 other

1425 2269 160 43 places,ivill
1599 2284 45 19 use
1660 2275 18 29 it
1691 2279 28 25 at
1733 2276 96 29 arelu
1848 2274 31 31 ed
1890 2274 71 40 price
1977 2275 88 29 rather
2075 2269 1 48 j

1425 2316 65 31 than
1505 2322 42 29 tfe
1574 2319 86 28 better
1685 2317 48 30 but
1756 2328 69 20 more
1846 2318 85 39 cosily
1947 2318 116 29 mineral.

1414 2359 1 42 ;
1424 2359 64 30 This
1503 2370 65 21 view
1582 2361 97 30 admits
1697 2362 60 28 that
1776 2361 46 30 the
1845 2361 55 30 coal
1916 2361 20 29 is
1949 2361 117 36 inferior,
2075 2359 1 42 I

1414 2401 1 40 :
1425 2401 46 29 but
1498 2406 27 26 at
1544 2404 44 28 the
1615 2413 71 20 same
1713 2404 74 33 time,
1799 2404 21 28 it
1832 2404 23 28 is
1870 2404 35 37 by
1919 2413 33 19 no
1979 2406 97 26 means'

1414 2434 1 52 1
1425 2441 96 30 certain
1536 2444 58 27 that
1608 2445 58 26 thr.t
1681 2445 117 31 hitherto
1820 2445 135 41 produced
1978 2446 23 30 is
2024 2434 52 52 the!

1414 2477 70 39 'best
1516 2484 59 31 that
1610 2486 22 29 is
1658 2490 28 26 at
1710 2489 148 34 command,
1891 2490 53 26 and
1975 2477 101 41 should!

1414 2519 1 49 j
1425 2520 116 48 superior
1556 2530 32 29 be
1601 2529 151 30 discovered
1761 2534 103 34 greater
1875 2530 95 29 results
1982 2530 87 29 would

1425 2572 87 29 follow
1526 2571 36 30 its
1576 2572 166 39 production.
1782 2572 109 30 Looked
1918 2576 27 25 at
1967 2572 27 29 in
2016 2583 51 24 any

1426 2615 45 39 ligl
1484 2612 18 36 i
1521 2615 74 30 there
1621 2620 95 24 cannot
1742 2615 32 29 be
1799 2626 15 18 a
1839 2615 84 30 doubt
1946 2614 58 30 that
2025 2615 44 29 the

1428 2658 91 30 Pakilii
1533 2658 139 39 Tramway
1686 2658 88 29 would
1788 2658 31 29 be
1837 2669 15 18 a
1865 2662 74 36 great
1953 2658 69 39 good
2043 2664 26 22 to

1425 2701 37 30 all
1474 2702 27 28 in
1516 2701 46 30 the
1576 2701 113 31 district,
1703 2702 52 28 and
1782 2711 38 19 we
1844 2702 77 37 hope,
1938 2703 37 26 (or
2001 2701 68 29 their

1426 2754 58 18 own
1498 2743 84 34 sakes,
1594 2744 57 29 that
1665 2744 35 29 all
1714 2744 94 28 classes
1822 2744 52 29 will
1892 2743 59 39 join
1967 2742 103 40 heartly

1427 2787 26 31 in
1463 2787 167 38 Topvarding
1643 2787 45 30 the
1702 2787 102 30 scheme
1818 2786 132 39 proposed

1465 2829 40 51 \

1414 2890 1 31 i
1655 2900 66 20 even
1745 2891 24 29 in
1799 2890 54 30 this
1884 2890 113 31 district,
2026 2890 44 28 for

1414 2926 1 50 j
1428 2930 148 30 Provincial
1601 2932 111 29 Council
1737 2933 116 29 honours
1874 2933 78 36 begin
1966 2937 27 24 to
2004 2942 66 28 crop

1425 2982 43 30 up.
1511 2975 39 28 As
1573 2974 45 29 lias
1641 2974 65 30 been
1743 2973 156 40 previously
1912 2975 86 29 stated
2017 2978 52 24 two

1424 3016 149 39 gentlemen
1596 3023 27 24 at
1646 3018 79 29 Fox's
1748 3018 68 30 have
1829 3018 106 37 already
1948 3017 122 39 signified

1414 3058 1 39 j
1425 3058 70 31 their
1519 3063 110 26 consent
1655 3065 28 24 to
1710 3060 80 37 being
1826 3060 137 30 burdened
2002 3060 63 29 with

1414 3102 1 38 •
1425 3102 89 38 public
1535 3103 95 36 duties,
1653 3103 52 30 and
1728 3113 38 20 we
1782 3114 57 17 now
1865 3103 64 29 hear
1942 3103 57 28 that
2015 3103 53 28 Mr.

1431 3157 21 18 i.
1482 3145 93 30 Dwan.
1601 3146 158 36 auctioneer,
1786 3145 28 30 of
1840 3145 163 35 Charleston,
2020 3145 46 28 has

1423 3189 140 37 expressed
1590 3188 41 30 his
1644 3189 163 33 willingness
1820 3192 27 25 to
1858 3187 78 30 stand
1960 3189 39 28 lbr
2025 3187 44 29 the

1414 3230 1 38 j
1425 3230 103 33 Pakilii,
1581 3230 49 30 Mr.
1662 3231 81 30 Dwan
1771 3231 23 28 is
1815 3242 31 17 an
1872 3230 44 30 old
1939 3230 130 29 Victorian

1414 3271 1 43 j
1423 3273 89 38 public
1531 3277 114 30 servant,
1669 3274 85 29 where
1778 3273 33 30 hj.;
1844 3271 68 43 displ
1924 3272 58 40 lyed
2003 3272 64 30 bot!i

1423 3316 169 40 intelligence
1618 3317 52 29 and
1696 3317 129 38 industry.
1879 3317 24 28 it
1928 3317 21 28 is
1972 3316 93 39 hardly

1423 3359 82 38 likely
1525 3359 58 30 that
1607 3359 43 29 the
1676 3359 67 30 New
1766 3358 115 32 Zealand
1900 3358 104 30 climate
2019 3366 48 21 can

1423 3401 65 29 have
1508 3402 112 28 effected
1634 3412 51 27 any
1700 3406 72 32 great
1786 3402 99 37 change
1896 3401 24 28 in
1936 3401 62 33 hiin,
2014 3400 52 29 and

1414 3442 1 37 j
1422 3444 45 30 the
1481 3444 110 30 electors
1602 3444 51 30 will
1666 3449 42 25 act
1724 3444 89 35 wisely
1825 3444 26 28 in
1867 3443 123 36 securing
2000 3442 62 30 such

1414 3492 1 37 I
1420 3498 15 18 a
1450 3492 218 33 representative.

1459 3530 23 28 A
1500 3529 110 30 medical
1625 3529 89 30 friend
1724 3529 47 30 has
1782 3528 82 31 called
1876 3539 48 19 our
1933 3528 130 30 attention

1414 3571 1 40 j
1422 3576 27 26 to
1467 3573 43 30 the
1526 3572 52 31 fact
1604 3573 60 30 tint
1687 3573 74 31 there
1775 3573 22 29 is
1830 3583 33 19 no
1879 3571 132 40 provision
2025 3572 39 29 for

1422 3616 165 29 vaccination
1602 3626 32 18 on
1650 3615 46 29 tlie
1715 3615 103 35 Pakilii,
1832 3615 52 28 and
1896 3615 44 28 the
1952 3616 99 27 Govern-

1421 3662 74 25 ment
1519 3657 63 30 take
1604 3669 33 18 no
1661 3662 72 35 t-teps
1759 3663 27 24 to
1801 3657 105 31 enforce
1931 3656 53 30 this
2006 3667 63 29 very

1421 3709 136 31 necessary
1582 3700 162 38 precaution
1795 3700 82 29 There
1904 3709 43 20 are
1970 3710 57 19 now
2054 3710 14 18 a

1422 3742 70 39 large
1514 3744 113 30 number
1648 3745 29 28 of
1700 3744 118 30 children
1845 3743 27 30 lu
1881 3754 35 24 re,
1940 3744 52 29 and
2017 3742 52 30 this

1420 3790 97 25 matter
1538 3785 96 30 should
1653 3786 32 29 be
1700 3787 94 28 looked
1808 3790 36 24 to.
1887 3786 49 28 We
1951 3786 17 29 h
1977 3795 39 20 ive
2030 3795 33 18 110

1420 3828 125 40 registrar
1566 3829 28 29 of
1618 3828 84 31 births
1726 3829 51 31 and
1801 3828 94 30 deaths
1909 3829 31 28 eil
1947 3828 55 36 her,
2016 3829 52 29 and

1421 3872 47 29 the
1491 3872 113 29 absence
1625 3873 28 28 of
1673 3873 63 28 such
1756 3883 31 18 an
1813 3872 94 29 official
1928 3872 21 28 is
1964 3871 103 38 greatly

1420 3914 49 30 felt
1491 3914 87 31 where
1588 3924 28 21 so
1631 3914 74 41 large
1719 3926 14 19 a
1748 3914 110 31 number
1872 3915 28 29 of
1914 3910 98 44 people
2026 3924 42 20 are

1420 3958 181 39 congregated.
1625 3960 35 27 At
1672 3964 104 31 present
1786 3958 192 29 eertifi.-atesof
1989 3957 77 30 death

1420 4011 59 29 may
1507 4001 31 30 be
1559 4011 15 19 a
1598 4001 78 32 farce,
1705 4003 52 29 and
1785 4001 54 30 foul
1867 4001 69 38 play,
1958 4001 23 30 if
2003 4000 64 30 such

1419 4044 94 29 should
1534 4046 74 33 arise,
1621 4044 77 30 could
1714 4051 44 23 not
1774 4045 30 29 be
1820 4044 89 29 traced
1924 4044 35 29 uh
1971 4053 37 19 :er
2022 4044 54 30 the*

1422 4091 104 34 present
1543 4087 71 30 loose
1632 4091 106 35 system.
1762 4087 46 29 We
1822 4086 66 31 have
1903 4096 33 18 no
1959 4095 110 21 coroner

1420 4130 91 34 either,
1536 4130 47 30 but
1607 4141 42 18 are
1676 4131 79 36 given
1779 4136 27 23 to
1830 4129 165 30 un-er-taud
2009 4129 58 29 that
2075 4118 1 49 J

1422 4172 53 29 Mr.
1491 4173 28 28 C.
1538 4172 93 31 Broad.
1642 4173 45 38 of'
1687 4173 135 38 Brighton,
1843 4172 47 29 .vill
1902 4177 42 24 act
1954 4184 27 17 as
1995 4171 70 29 such.

1421 4215 177 38 Considering
1616 4216 58 29 that
1696 4225 37 19 we
1757 4216 65 29 have
1839 4225 16 19 a
1879 4215 47 28 full
1954 4214 62 29 staff
2037 4215 27 26 of
2075 4214 1 43 j

1419 4257 110 29 officials
1551 4258 59 28 here
1625 4257 88 38 surely
1733 4258 21 28 it
1769 4258 20 28 is
1804 4257 91 39 fitting
1908 4257 58 29 that
1980 4265 49 20 one
2042 4256 34 44 of]

1418 4298 80 37 them,
1522 4300 46 29 the
1589 4300 104 29 warden
1713 4311 70 18 more
1807 4300 149 38 especially,
1971 4298 96 30 should

1418 4342 68 30 fulfil
1500 4343 43 30 the
1559 4344 136 29 functions
1716 4345 27 28 of
1757 4344 57 29 that
1826 4343 79 30 office.

1456 4385 83 30 There
1553 4396 83 19 seems
1647 4392 27 23 to
1690 4386 31 30 be
1735 4398 13 17 a
1766 4386 103 39 general
1886 4387 138 38 migration
2039 4386 29 29 of
2075 4385 1 40 I

1422 4427 83 30 banks
1529 4429 25 29 in
1580 4429 165 30 Charleston.
1787 4429 55 30 The
1863 4429 75 30 Bank
1954 4429 31 31 of
1997 4429 68 30 New

1418 4471 114 29 Zealand
1546 4471 22 28 is
1592 4472 107 38 nioviig
1725 4478 26 22 to
1773 4472 111 28 Carter's
1899 4482 98 24 corner,
2015 4472 50 27 and
2075 4471 1 39 i

1420 4513 106 29 tenders
1542 4513 38 29 for
1593 4525 14 17 a
1623 4524 54 18 new
1693 4514 122 33 building
1829 4514 40 28 for
1883 4514 45 28 the
1940 4514 72 28 Bank
2037 4514 27 28 of

1421 4554 64 30 New
1501 4556 82 28 South
1600 4556 86 30 Wales
1700 4567 68 19 were
1783 4556 120 30 received
1920 4567 32 18 on
1968 4556 96 29 Tliurs-
2075 4554 1 39 j

1418 4597 52 39 day
1484 4598 84 34 nii'ht,
1583 4599 42 29 for
1638 4611 14 16 a
1667 4599 142 30 handsome
1824 4599 122 39 building
1959 4599 53 30 also
2036 4601 26 26 in
2075 4597 1 41 |

1418 4641 45 26 the
1487 4641 215 36 neighbourhood
1728 4642 28 28 of
1787 4642 43 28 the
1870 4652 84 27 camp.
2008 4642 52 28 The
2075 4641 1 38 I

1420 4682 88 30 Union
1533 4683 83 36 Bank,
1644 4695 37 19 we
1703 4685 61 28 hear
1790 4696 32 17 on
1845 4685 107 28 reliable
1967 4685 91 28 autlio-
2075 4682 1 39 |

1418 4726 60 35 rity,
1504 4726 20 27 is
1548 4725 54 29 also
1625 4726 81 29 about
1730 4732 27 22 to
1771 4737 66 27 open
1856 4737 14 17 a
1886 4727 105 33 branch,
2008 4727 50 27 and
2075 4725 1 39 j

1421 4766 47 30 Mr.
1486 4767 97 34 Grant,
1598 4768 44 30 the
1656 4768 149 38 gentleman
1820 4773 26 25 at
1862 4774 101 34 present
1978 4774 26 24 at
2019 4768 44 31 the
2075 4765 1 50 j

1419 4810 45 28 lira
1477 4811 5 27 I
1509 4813 27 26 of
1557 4812 43 28 the
1623 4823 75 25 agem
1710 4822 16 26 y
1748 4813 23 27 in
1803 4813 73 28 West
1880 4818 65 32 port,
1963 4813 52 28 will
2031 4813 31 28 be

1418 4852 90 35 phi'ed
1534 4853 25 27 in
1584 4853 96 36 charge
1705 4855 66 26 here.
1825 4853 25 28 Jt
1871 4855 21 26 is
1914 4864 14 17 a
1956 4853 106 38 healthy

1418 4893 19 28 >i
1443 4903 32 23 411
1502 4896 26 25 to
1552 4893 52 31 find
1629 4894 57 29 that
1709 4897 68 28 alter
1790 4895 62 32 lonir
1865 4895 195 30 consideration
2074 4893 2 47 |

1418 4937 45 26 llie
1490 4936 84 29 banks
1588 4937 53 27 find
1669 4938 18 27 it
1710 4937 135 28 advisable
1869 4944 27 21 to
1933 4939 127 28 establish
2074 4936 2 31 1

1417 4977 129 30 branches
1576 4978 23 29 in
1634 4978 166 30 Charleston.
1846 4980 35 28 As
1916 4979 45 31 the
1989 4979 71 38 early
2074 4973 2 44 j

1417 5020 57 29 bird
1495 5021 106 29 catch's
1616 5021 43 29 the
1674 5032 78 18 worm
1774 5033 29 17 so
1830 5022 44 29 the
1899 5023 57 27 first
1990 5022 70 29 bank

1416 5062 159 30 established
1599 5063 70 31 here,
1697 5063 45 31 the
1769 5063 74 31 Bank
1869 5066 27 28 of
1912 5064 65 30 New
1990 5065 86 30 Zeal-,

1415 5106 60 31 and,
1498 5106 54 34 has,
1567 5106 53 28 and
1636 5107 61 28 will,
1717 5116 59 27 reap
1790 5107 44 27 the
1849 5107 96 28 reward
1954 5109 29 25 of
1995 5107 67 28 their

1415 5152 44 23 ent
1479 5156 36 26 rp:
1524 5147 36 28 ise
1595 5156 25 20 111
1653 5158 14 17 a
1695 5147 69 40 large
1800 5148 102 39 degree,
1930 5147 55 31 but.
2015 5153 45 34 yet

1416 5200 57 19 new
1497 5201 99 19 comers
1611 5190 52 30 will
1679 5201 32 18 no
1731 5191 84 30 doubt
1832 5202 89 20 secure
1942 5200 27 20 a:
1995 5192 63 29 least
2071 5190 3 44 j

1414 5243 14 17 a
1442 5233 75 28 .-hare

1455 5273 48 30 We
1544 5275 61 29 take
1646 5274 44 29 the
1731 5274 137 40 following
1908 5275 67 29 from
2015 5275 44 29 the

1849 5319 105 29 Justi-e
1984 5318 63 30 Kicli-

1414 5362 88 35 moi.d,
1519 5363 26 28 in
1562 5362 13 29 li
1589 5374 11 18 s
1613 5362 49 29 late
1676 5362 109 31 address
1799 5368 28 24 to
1837 5362 140 30 theGr.jid
1989 5362 69 38 Jury

1414 5410 24 23 at
1464 5394 95 40 Otu.o.
1575 5405 85 29 f.t.itcd
1681 5405 56 29 that
1760 5405 31 29 he
1814 5414 53 20 was
1885 5404 81 30 about
1979 5409 28 25 to
2017 5394 55 40 re-'

2129 371 25 18 re

2166 403 15 28 h
2201 403 19 29 rl

2147 456 28 18 ;is
2190 446 49 28 Mr.
2265 446 82 28 Broa4
2363 440 374 48 ma}H!^^S^!Sm^M

2091 488 47 28 feel
2155 492 39 24 tar
2208 487 87 30 better
2308 488 116 29 satisfied
2438 488 22 28 if
2469 499 14 17 a
2495 488 153 39 magistrate

2090 535 120 34 amount
2224 530 79 30 them.
2344 532 38 29 As
2397 535 107 26 matters
2518 541 45 20 are
2574 539 23 22 at
2613 534 116 36 present,
2736 526 1 44 j

2090 584 71 19 cases
2174 574 58 27 that
2246 574 68 28 arise
2328 579 98 23 cannot
2453 574 32 29 be
2500 574 167 29 determined
2683 574 45 27 but

2089 627 66 20 once
2170 626 14 19 a
2196 616 79 34 week,
2290 615 51 30 and
2356 617 120 30 business
2489 626 59 19 men
2563 626 45 21 are
2622 615 109 39 thereby

2089 659 102 39 greatly
2220 660 229 28 inconvenienced.
2493 659 22 28 If
2542 669 14 18 a
2582 659 150 38 defaulting

2090 701 94 30 debtor
2201 701 94 30 wishes
2309 707 27 23 to
2350 701 115 31 abscond
2477 701 32 29 lie
2524 712 47 18 can
2585 701 35 28 do
2634 712 28 18 so
2676 706 27 24 to
2718 711 14 18 a

2091 746 97 28 certain
2205 750 91 24 extent
2311 744 62 29 with
2388 746 138 37 impunity,
2542 744 51 29 and
2612 745 22 28 if
2642 756 14 17 a
2670 754 61 20 man

2090 788 22 27 is
2126 787 111 38 charged
2252 787 61 28 with
2328 797 33 19 an
2376 788 97 28 offence
2483 787 115 28 whether
2603 786 85 39 justly
2702 796 30 18 or

2091 836 45 22 not
2152 831 32 28 lie
2199 829 47 30 has
2260 834 29 24 to
2300 831 99 28 remain
2416 831 26 28 in
2456 830 121 38 custody,
2593 830 18 28 it
2626 840 59 27 may
2700 828 32 28 be

2090 873 40 27 six
2155 873 64 35 days
2244 872 89 29 before
2353 873 40 27 his
2413 882 57 17 case
2490 882 47 17 can
2558 872 31 27 be
2610 870 118 29 decided.

2091 913 54 29 The
2157 913 82 42 police
2253 913 33 29 do
2307 913 35 29 all
2358 915 24 27 in
2394 913 68 29 their
2472 923 88 28 power
2572 918 27 23 to
2610 913 122 38 mitigate

2091 956 51 28 this
2162 962 67 22 state
2248 956 28 28 of
2293 956 89 38 things
2401 956 35 38 by
2450 956 123 38 allowing
2587 956 51 29 bail
2655 956 75 28 when

2093 998 118 40 possible,
2227 998 48 30 but
2289 1008 64 20 even
2368 998 63 30 then
2446 998 21 28 it
2483 998 19 29 is
2516 1002 46 26 not
2575 998 50 29 fair
2639 1002 26 24 to
2688 996 44 30 the

2090 1041 119 30 accused.
2264 1042 41 27 Mr
2332 1041 105 30 Broad's
2460 1041 66 29 time
2561 1041 21 28 is
2617 1040 116 38 possibly

2090 1083 126 36 occupied
2244 1083 47 28 five
2319 1083 64 36 days
2409 1093 15 17 a
2458 1082 72 29 week
2544 1087 27 22 at
2587 1083 136 36 Brighton

2091 1124 47 29 but
2154 1135 36 18 we
2204 1123 84 30 doubt
2304 1123 26 30 it.
2354 1125 23 28 If
2391 1123 44 30 the
2445 1123 180 32 Government
2641 1123 34 30 do
2687 1127 46 26 not

2091 1168 91 28 intend
2197 1172 27 24 to
2239 1167 75 28 make
2328 1177 50 30 any
2390 1167 146 29 additional
2547 1168 185 37 appointment

2093 1219 37 19 we
2156 1209 77 29 think
2259 1210 20 27 it
2300 1210 85 27 would
2410 1209 31 29 be
2468 1209 63 36 only
2549 1209 51 28 fair
2617 1209 59 28 that
2690 1207 44 28 the

2093 1250 125 30 lirsident
2235 1250 154 40 Magistrate
2406 1250 95 30 should
2520 1256 27 23 at
2568 1250 64 30 least
2646 1248 87 30 divide

2090 1294 64 28 time
2180 1305 28 17 as
2228 1294 32 28 he
2280 1296 64 27 does
2362 1295 40 27 his
2422 1294 87 28 duties
2530 1292 119 30 between
2670 1292 60 28 each

2091 1336 79 38 place.
2211 1336 54 29 The
2285 1336 118 29 distance
2418 1336 22 29 is
2460 1341 46 22 liut
2525 1340 74 33 great
2612 1334 53 30 and
2680 1334 52 28 this

2090 1384 182 33 arrangement
2290 1379 79 29 could
2389 1388 63 29 very
2473 1377 82 38 easily
2575 1378 31 28 be
2637 1376 98 29 carried

2090 1425 54 24 out.
2187 1421 50 29 Mr.
2255 1421 111 30 Warden
2392 1421 82 29 Jones
2488 1420 21 29 is
2521 1429 32 19 110
2568 1419 82 30 doubt
2664 1417 68 39 fully

2090 1464 125 37 occupied
2244 1465 64 29 with
2338 1464 102 36 mining
2453 1474 80 23 cases,
2554 1463 49 29 but
2615 1463 58 37 why
2687 1466 45 24 not

2090 1507 109 38 appoint
2218 1516 49 18 one
2288 1517 28 18 or
2336 1511 52 23 two
2408 1504 144 30 territorial
2567 1504 165 40 magistrates

2092 1549 57 30 who
2173 1550 79 29 could
2272 1556 28 23 at
2316 1550 62 29 least
2394 1548 34 31 sit
2446 1546 51 33 and
2512 1547 103 41 dispose
2629 1547 27 30 of
2683 1546 43 30 tril-

2091 1594 53 37 ling
2157 1603 72 20 cases
2250 1594 26 28 in
2297 1593 47 30 the
2364 1602 136 28 necessary
2514 1591 111 31 absence
2645 1591 27 30 of
2692 1590 43 29 the

2090 1636 163 38 stipendiary
2269 1635 158 38 magistrate.

2127 1678 57 31 The
2211 1678 110 30 medical
2348 1676 145 41 profession
2518 1680 27 26 at
2572 1677 47 30 the
2641 1675 96 31 Pakihi

2090 1722 46 29 has
2156 1722 66 29 been
2243 1721 147 30 reinforced
2423 1720 34 37 by
2488 1720 45 28 the
2584 1719 95 29 arrival
2711 1720 26 26 of

2091 1765 44 29 Dr.
2152 1764 115 38 O'Kelly
2281 1762 59 29 who
2353 1764 47 29 has
2414 1767 82 24 taken
2515 1772 36 27 up
2565 1761 40 29 his
2618 1764 119 36 quarters

2090 1807 27 28 in
2145 1806 44 28 the
2215 1806 70 29 main
2312 1809 90 26 street.
2442 1804 63 29 This
2533 1803 155 39 gentleman
2714 1803 22 28 is

2092 1848 92 41 highly
2197 1847 102 40 spoken
2321 1849 30 28 of
2368 1846 52 31 and
2441 1845 54 30 will
2516 1856 34 19 110
2571 1846 84 30 doubt
2669 1856 65 19 soon

2090 1892 100 30 receive
2212 1902 15 18 a
2253 1891 50 29 fair
2316 1891 75 29 share
2426 1889 27 28 of
2488 1894 114 35 support
2638 1890 27 27 in
2691 1889 45 28 the

2090 1934 113 30 district.

2127 1978 56 28 The
2210 1986 61 19 sons
2298 1976 30 29 of
2351 1974 48 31 the
2438 1973 88 29 Green
2538 1972 100 35 Island,
2676 1974 58 27 who

2092 2023 98 25 muster
2213 2018 25 27 in
2260 2018 70 28 force
2351 2018 26 26 in
2397 2014 53 30 this
2470 2014 114 35 district,
2599 2025 42 18 are
2655 2014 69 28 deter-

2091 2061 88 31 mined
2206 2064 46 26 not
2279 2064 28 26 to
2333 2058 36 30 let
2389 2058 43 30 the
2452 2057 71 30 natal
2544 2056 51 42 day
2618 2058 27 29 of
2667 2056 70 31 their

2091 2108 94 37 patron
2208 2104 71 28 saint
2301 2111 59 30 pass
2380 2101 114 29 without
2513 2099 103 39 worthy
2626 2100 98 29 celebra-

2093 2148 63 34 tion,
2171 2146 53 29 and
2237 2151 72 33 great
2320 2146 197 34 arrangements
2526 2152 43 18 are
2579 2142 26 28 in
2617 2152 119 29 progress

2092 2188 39 31 for
2151 2188 116 40 keeping
2279 2188 21 28 it
2320 2197 36 19 on
2376 2185 124 37 Monday,
2522 2194 29 19 as
2570 2191 19 22 't
2603 2184 53 29 th:s
2674 2194 63 28 year

2093 2232 58 29 falls
2164 2242 33 17 on
2209 2241 15 18 a
2238 2230 108 36 Sunday
2361 2226 170 39 (tomorrow).
2548 2226 25 28 A
2587 2227 150 29 committee

2083 2270 1 44 ;
2091 2274 67 31 have
2171 2273 90 30 issued
2281 2283 15 19 a
2315 2270 98 41 capital
2440 2278 137 30 prograine
2601 2270 29 28 of
2650 2273 86 34 sports

2083 2310 1 45 i
2094 2317 83 29 which
2204 2325 110 30 appears
2336 2315 27 27 in
2383 2313 112 29 another
2508 2310 114 37 column,
2634 2312 52 28 and
2702 2322 33 18 on

2083 2349 1 48 |
2094 2360 116 37 Monday
2232 2358 84 39 night,
2331 2367 16 18 a
2368 2355 119 39 banquet
2500 2353 54 30 and
2568 2353 53 30 ball
2637 2354 53 29 will
2707 2354 30 28 be

2083 2395 1 46 1
2092 2403 78 38 given
2193 2406 27 24 at
2240 2399 105 31 Creed's
2366 2396 173 32 Commercial
2556 2395 75 31 hotel
2648 2407 28 18 111
2691 2396 46 29 the

2093 2445 69 30 main
2186 2447 90 33 street,
2301 2441 74 30 other
2397 2442 199 37 arrangements
2615 2449 43 20 are
2683 2439 54 29 also

2083 2479 1 50 !
2093 2489 140 40 projected,
2248 2486 54 31 and
2315 2484 145 41 altogether
2475 2482 116 40 Monday
2605 2487 62 26 next
2683 2482 52 30 will

2083 2526 1 40 i
2094 2532 31 27 be
2147 2540 15 18 a
2184 2531 108 35 holiday
2316 2529 29 28 in
2356 2529 43 27 the
2425 2531 87 26 truest
2535 2536 75 19 sense
2638 2526 29 30 of
2691 2526 44 28 the

2095 2571 79 32 word.

2131 2614 55 30 The
2203 2615 5 13 '
2211 2620 6 10 k
2227 2611 138 41 Lyttelton
2509 2609 27 28 of
2558 2607 48 32 the
2631 2610 45 28 Gth
2700 2611 25 28 in-

2095 2661 78 32 stant,
2189 2651 115 44 says:—
2308 2657 15 13 u
2332 2653 55 30 The
2402 2651 203 40 comparatively
2619 2662 63 20 near
2694 2662 29 29 ap-

2083 2694 1 46 :
2095 2700 93 40 proach
2212 2699 30 29 of
2264 2698 47 29 the
2331 2696 161 37 completion
2514 2694 31 29 of
2559 2694 46 29 the
2632 2695 90 29 tunnel-

2083 2737 1 43 |
2097 2743 84 31 works
2194 2752 25 19 111
2229 2737 24 43 *.y
2267 2743 112 26 a.-count
2393 2737 40 30 for
2442 2738 44 30 the
2496 2737 110 29 obscure
2617 2746 120 21 rumours

2083 2777 1 50 |
2095 2786 87 30 which
2204 2783 125 31 obtained
2344 2781 153 31 circulation
2514 2780 64 31 with
2603 2780 93 38 regard
2711 2784 26 25 to

2083 2822 1 53 j
2097 2830 56 28 that
2173 2829 146 37 important
2344 2823 78 31 work.
2465 2822 54 29 The
2544 2822 78 29 other
2641 2822 52 40 day
2716 2823 21 28 it

2095 2883 52 18 was
2172 2868 164 38 confidently
2359 2865 124 39 reported
2509 2865 59 29 that
2594 2875 14 18 a
2639 2865 98 29 serious

2096 2924 71 19 error
2185 2913 51 28 had
2260 2912 67 28 been
2350 2907 153 31 discovered
2524 2908 27 28 in
2578 2907 44 29 the
2650 2907 87 36 levels,

2095 2957 51 29 and
2171 2956 58 29 that
2248 2954 46 29 the
2319 2951 139 41 Lyttelton
2479 2950 52 29 end
2550 2959 52 19 was
2615 2949 85 31 found
2712 2954 25 24 to

2095 3000 31 29 be
2152 3009 71 19 some
2246 2999 103 35 twenty
2367 2996 54 29 feet
2444 2993 93 39 higher
2547 2997 26 24 at
2588 2992 44 29 the
2646 2995 56 28 lace
2712 2995 25 27 of

2095 3043 43 28 the
2166 3040 133 37 workings
2321 3038 63 28 than
2408 3036 46 29 the
2489 3035 151 30 Heatheote
2673 3035 64 30 side.

2083 3077 1 43 I
2096 3085 48 30 We
2164 3094 44 20 are
2235 3082 89 38 happy
2345 3086 26 22 to
2391 3082 49 37 put
2454 3077 73 31 these
2541 3079 68 29 fears
2623 3082 27 25 at
2676 3082 61 30 rest,

2083 3117 63 40 land
2175 3131 27 24 to
2227 3134 46 28 say
2299 3124 65 34 that,
2394 3121 76 30 when
2497 3121 46 29 the
2571 3120 78 28 levels
2673 3130 64 19 were

2095 3169 114 38 recently
2239 3166 91 33 taken,
2355 3165 45 29 tho
2418 3168 76 26 exact
2530 3162 139 30 difference
2695 3162 31 30 be

2095 3218 83 24 tween
2198 3211 45 30 the
2269 3214 52 24 two
2344 3208 71 29 sides
2436 3216 53 19 was
2511 3204 103 31 neither
2629 3215 68 19 more
2711 3216 26 18 or

2095 3256 50 28 less
2166 3254 66 28 than
2255 3252 62 28 nine
2331 3249 101 30 inches.
2473 3248 52 29 We
2540 3257 60 28 may
2613 3248 52 28 add
2679 3248 58 29 that

2095 3298 75 31 when
2197 3296 45 30 the
2268 3294 73 30 work
2369 3291 168 31 commenced
2568 3289 52 31 this
2658 3290 79 35 week,

2095 3341 76 29 there
2192 3337 134 31 remained
2349 3337 177 36 seventy-two
2549 3334 78 37 yards
2652 3338 27 24 to
2707 3333 30 29 be

2095 3382 102 39 opened

2130 3425 54 29 The
2236 3422 107 39 Sydney
2364 3418 126 38 Morning
2505 3416 101 30 Herald
2654 3417 29 29 of
2694 3416 43 30 the

2098 3468 61 28 13th
2175 3467 144 35 February,
2332 3472 67 28 says'
2406 3479 14 3 -
2428 3479 14 4 -
2454 3463 6 12 '
2469 3461 19 27 A
2507 3470 89 18 rumor
2606 3460 131 38 prevailed

2094 3511 26 28 in
2132 3515 72 24 town
2218 3506 141 41 yesterday
2374 3510 27 22 to
2415 3503 42 28 the
2472 3502 75 28 effect
2561 3503 58 27 that
2638 3502 87 29 intelli-

2083 3543 1 50 |
2093 3564 82 29 gence
2197 3551 51 31 had
2266 3549 71 29 teen
2364 3545 119 31 received
2512 3545 66 29 from
2605 3543 132 41 England,

2094 3597 102 36 stating
2218 3594 58 29 that
2299 3592 44 28 the
2369 3589 94 38 appeal
2486 3588 28 28 in
2542 3587 44 29 the
2712 3589 25 27 of

2095 3637 125 31 Bertram!
2242 3634 51 31 had
2307 3633 67 30 been
2389 3629 137 32 sustained
2540 3630 35 37 by
2589 3629 43 29 the
2657 3629 80 39 Privy

2083 3672 1 49 I
2095 3679 120 35 Council,
2231 3677 52 30 and
2298 3676 57 29 that
2370 3674 43 29 the
2425 3674 117 37 prisoner
2554 3672 85 28 would
2650 3682 73 18 conse-

2093 3723 112 40 quently
2224 3723 86 28 revert
2333 3723 26 26 to
2373 3717 47 31 the
2435 3715 116 40 position
2563 3714 27 30 in
2606 3714 84 30 which
2704 3714 33 31 he

2083 3750 1 57 J
2093 3768 77 28 stood
2192 3761 181 37 immediately
2404 3762 70 26 after
2503 3758 41 27 his
2575 3757 160 29 conviction.

2083 3799 1 41 ;
2096 3809 45 30 We
2165 3808 69 30 have
2257 3801 161 34 ascertained
2440 3801 59 29 that
2514 3809 33 19 110
2561 3799 64 29 such
2639 3799 84 30 intelli-

2083 3835 1 55 ®
2093 3863 79 27 gence
2187 3851 45 28 lias
2248 3848 63 30 been
2326 3845 118 31 received
2456 3845 32 38 by
2498 3842 44 30 the
2556 3842 61 30 Law
2629 3843 107 29 officers

2095 3896 28 28 of
2137 3895 43 29 the

2129 3939 55 30 The
2224 3936 65 30 New
2304 3931 114 32 Zealand
2578 3929 27 29 of
2620 3929 44 28 the
2680 3929 55 32 4th,

2095 3981 104 32 records
2220 3990 14 17 a
2253 3974 161 33 remarkable
2437 3982 94 29 escape
2554 3973 68 27 from
2636 3971 99 29 violent

2093 4024 79 31 death
2213 4023 29 28 of
2277 4031 14 19 a
2330 4015 201 33 somnambulist
2587 4015 93 28 About
2720 4016 15 28 2

2093 4067 97 29 o'clock
2209 4065 53 28 this
2286 4060 131 38 morning,
2435 4058 140 37 (Sunday),
2599 4056 75 38 Polly
2688 4056 46 30 the

2083 4098 1 44 i
2095 4110 76 32 night
2187 4106 154 33 watchman,
2357 4103 84 38 going
2452 4100 41 30 his
2505 4098 101 32 rounds
2615 4099 25 29 in
2653 4098 58 30 Mill
2723 4110 11 18 s

2083 4142 1 47 ,
2094 4154 67 35 lane,
2177 4161 51 19 saw
2243 4149 50 30 and
2309 4145 80 32 heard
2403 4155 14 17 a
2433 4144 81 37 heavy
2528 4142 69 38 body
2608 4142 46 28 fall
2668 4142 66 28 from

2093 4206 48 19 one
2168 4194 29 30 of
2218 4192 46 30 the
2290 4191 153 39 uppermost
2474 4185 126 28 windows
2629 4184 27 30 of
2690 4184 44 29 the

2083 4225 1 47 |
2093 4237 118 30 Victoria
2239 4232 91 36 Hotel,
2365 4228 217 34 Victoria-street,
2623 4230 28 25 at
2690 4227 44 28 the

2083 4268 1 46 i
2094 4280 74 32 back,
2182 4290 14 19 a
2211 4276 91 38 height
2316 4276 30 27 of
2359 4273 117 29 between
2495 4269 83 38 thirty
2592 4268 53 29 and
2662 4269 72 38 forty

2093 4324 57 30 feet,
2177 4322 41 30 lie
2235 4329 43 20 ran
2288 4323 27 25 to
2328 4316 44 31 the
2385 4314 82 41 place,
2478 4312 52 30 and
2541 4310 82 32 found
2633 4311 20 29 it
2664 4317 28 24 to
2702 4311 31 31 be

2091 4377 15 18 a
2121 4377 68 22 man,
2204 4361 151 31 undressed.
2398 4357 41 28 He
2453 4355 118 29 alarmed
2587 4356 49 28 Mr.
2653 4354 65 30 Mull-

2083 4391 78 56 igan,
2181 4407 51 30 and
2256 4404 50 30 had
2326 4403 53 29 him
2403 4397 132 39 conveyed
2552 4397 66 31 back
2641 4402 27 23 to
2688 4397 44 30 the

2083 4452 90 30 [hotel.
2214 4450 51 27 Mr.
2292 4443 205 33 Commissioner
2520 4439 147 40 Naughton
2679 4440 53 29 and

2083 4482 1 41 '
2091 4505 70 18 some
2187 4493 27 28 of
2241 4491 40 28 his
2309 4498 59 19 men
2395 4494 66 19 were
2483 4492 62 20 soon
2556 4492 34 19 011
2603 4482 45 28 the
2664 4486 68 35 spot,

2090 4536 52 30 and
2172 4535 43 28 Dr.
2243 4533 106 36 Hooper
2376 4537 53 19 was
2451 4530 58 24 sent
2535 4524 48 35 for,
2611 4523 59 29 who
2691 4534 28 18 ex-

2090 4578 107 30 amined
2225 4575 52 30 and
2306 4568 168 45 pronounced
2500 4566 59 30 that
2577 4577 10 17 v
2662 4566 70 28 little

2091 4632 52 18 was
2158 4628 86 28 wrong
2255 4617 64 28 with
2328 4616 61 33 him,
2397 4610 121 36 andouly
2529 4619 14 18 a
2550 4609 80 37 slight
2642 4607 90 31 bruise

2090 4674 31 18 011
2143 4664 44 29 the
2208 4660 73 38 right
2294 4658 64 32 side,
2373 4655 51 31 and
2439 4658 26 25 to
2479 4651 35 30 all
2527 4659 159 30 appearance
2700 4650 32 29 he

2091 4707 85 28 would
2190 4714 64 19 soon
2279 4709 108 21 recover.
2410 4698 62 35 Any
2495 4704 90 28 person
2608 4693 57 28 who
2685 4693 46 28 has

2088 4757 60 19 seen
2170 4745 45 31 the
2237 4744 72 40 place
2330 4751 60 29 may
2409 4737 55 29 well
2486 4735 98 30 marvel
2611 4735 56 28 how
2686 4735 45 28 the

2091 4802 56 29 pool
2165 4800 59 18 man
2239 4787 108 37 escaped
2362 4785 100 28 instant
2476 4778 87 36 death,
2592 4778 139 39 especially

2088 4843 28 17 as
2132 4833 32 27 he
2178 4831 45 28 fell
2239 4838 68 29 upon
2323 4827 83 36 rough
2421 4829 96 23 stones,
2533 4820 44 28 old
2588 4831 81 21 cases,
2678 4821 52 27 and

2088 4874 76 39 sharp
2187 4872 87 40 pieces
2293 4871 25 27 of
2340 4862 157 41 corrugated
2516 4861 67 36 iron,
2605 4865 43 25 i!cc.
2689 4860 41 30 He

2090 4918 19 26 is
2120 4928 15 17 a
2149 4921 73 24 stout
2236 4923 90 29 young
2340 4921 68 20 man,
2425 4905 94 32 named
2543 4905 91 28 James
2661 4904 49 28 Kob-

2087 4959 84 28 iuson.
2197 4958 52 27 late
2274 4954 30 30 of
2324 4953 42 28 the
2396 4953 38 27 Ist
2461 4946 141 36 Waikatos,
2616 4944 53 29 and
2683 4945 46 30 has

2088 5002 64 29 been
2166 5000 107 36 waiting
2286 5001 26 26 at
2324 4996 43 28 the
2379 4991 70 32 hotel
2460 4991 42 28 for
2511 5000 15 18 a
2538 4988 82 31 \essel
2632 4993 27 23 to
2669 4988 59 29 take

2086 5045 54 28 him
2156 5049 28 24 to
2199 5040 144 41 Lyttelton.
2387 5037 41 30 He
2443 5039 83 24 states
2540 5030 58 30 that
2612 5031 31 28 he
2658 5036 70 23 went

2086 5093 27 23 to
2137 5086 50 30 bed
2206 5090 73 33 quite
2292 5081 83 30 sober,
2389 5079 53 29 and
2457 5085 52 19 was
2522 5074 138 36 dreaming
2671 5072 57 29 that

2087 5130 30 26 lit-
2131 5137 52 19 was
2199 5125 105 30 unwell,
2318 5123 52 28 and
2386 5131 51 17 was
2451 5127 32 17 011
2500 5116 40 28 his
2556 5124 56 28 w.iy
2626 5121 27 21 to
2665 5124 47 18 con-

2085 5172 52 29 sult
2157 5182 15 17 a
2194 5170 97 34 doctor,
2320 5165 52 31 and
2397 5164 68 29 went
2492 5163 28 26 to
2540 5157 44 30 the
2605 5154 120 39 window,

2087 5213 84 29 which
2199 5209 138 40 happened
2356 5213 29 23 to
2411 5207 33 28 be
2464 5212 77 27 open,
2561 5199 126 39 thinking
2706 5201 20 26 it

2085 5266 51 17 was
2150 5255 45 28 the
2209 5255 74 28 door,
2293 5250 51 29 and
2361 5245 101 32 walked
2476 5247 55 25 out.

2115 5297 86 26 Father
2213 5295 75 25 Hover
2298 5297 32 21 ret
2335 5290 69 27 uracil
2417 5295 23 19 to
2452 5283 139 30 Cm.rleston
2600 5282 137 41 onThuts-1

2083 5333 44 32 day
2150 5332 42 25 last
2205 5331 45 25 and
2270 5330 41 24 lias
2328 5326 66 27 made
2416 5325 39 25 the
2476 5320 42 26 foil
2529 5325 69 26 ouiig
2617 5321 120 28 ai.ange-1

2084 5373 75 19 nuiits
2171 5368 37 23 for
2218 5365 100 25 services
2335 5366 132 21 to-morrow
2484 5356 45 24 and
2547 5353 94 31 .Monda}
2652 5353 3 39 .
2689 5353 48 24 lieJ

2084 5401 45 25 will
2146 5400 112 30 cekjjrate
2275 5405 63 19 mass
2359 5398 140 24 to-moriow.
2520 5393 24 22 at
2565 5389 123 30 Brighton,
2700 5389 37 23 afl

2848 628 68 25 Bank

2756 662 40 23 the

2986 733 72 26 afford

2756 765 39 24 the
2806 766 87 23 officers
3017 769 60 24 here.

2928 801 47 25 and
2986 801 46 26 will
3044 802 26 27 be
3080 802 88 34 opened

2757 834 43 24 We
2810 835 97 25 omitted
2918 840 23 20 to
3025 838 50 24 that
3088 839 38 23 the

2756 868 40 30 ing
2805 876 71 22 appar
2884 874 45 18 .tus
2944 870 20 23 is
2975 879 42 16 one
3029 872 25 22 of
3072 872 39 23 the
3123 876 60 19 most

2756 906 71 24 coast,
2838 902 46 24 and
2895 902 47 24 will
2952 903 26 26 be
2989 903 74 26 found
3074 905 25 24 of
3109 909 66 28 great

2757 935 23 24 in
2793 935 39 25 the
2844 935 97 26 district.

2787 971 36 22 On
2836 969 123 34 Thursday
2970 972 38 24 Mr
3018 973 77 24 Broad
3106 978 35 20 sat
3153 975 36 23 for
3200 976 39 24 the
3251 976 49 25 first

2757 1003 38 25 the
2807 1011 50 18 new
2869 1005 153 32 Courthouse,
3032 1008 44 25 and
3089 1009 38 25 the
3138 1015 168 27 improvement

2761 1041 25 21 1J
2797 1047 16 16 x
2828 1042 23 21 12
2863 1043 50 22 tent
2931 1048 47 17 was
2989 1050 25 16 as
3031 1041 104 33 pleasing
3145 1051 25 16 as
3189 1044 17 23 it
3218 1053 47 15 was

2749 1072 1 36 ;
2765 1072 43 23 The
2830 1074 70 22 Court
2923 1074 20 22 is
2964 1082 51 16 now
3036 1076 104 31 properly
3161 1077 120 31 arranged,

2759 1105 136 31 Magistrate
2916 1114 41 18 can
2980 1107 105 35 dispense
3105 1109 84 31 justice
3211 1111 99 25 without

2749 1139 1 37 ;
2757 1139 105 26 crowded
2872 1140 44 25 and
2928 1141 200 27 inconvenienced.
3160 1147 23 22 A
3196 1154 66 22 space
3273 1146 20 24 is

2757 1172 59 32 legal
2832 1174 132 30 gentlemen
2980 1176 45 25 and
3043 1182 120 28 reporters,
3181 1179 51 29 and,
3250 1180 24 23 in
3285 1180 57 31 fact,

2749 1206 1 36 !
2759 1209 70 23 Court
2853 1217 50 14 now
2922 1210 41 23 has
2979 1218 70 24 every
3069 1213 155 24 convenience
3245 1213 51 24 that

2758 1241 119 33 expected.
3371 1236 50 29 jH

2749 1271 1 42 !
2789 1276 133 32 According
2952 1282 23 20 to
3000 1279 181 26 advertisement
3206 1288 14 16 a
3246 1283 104 30 meeting
3374 1271 47 36 oB

2749 1309 1 38 !
2761 1309 104 24 Masonic
2876 1311 107 25 brethren
2996 1321 47 16 was
3055 1312 52 26 held
3117 1323 30 15 on
3166 1314 122 33 Thursday

2760 1344 43 23 last
2820 1349 24 19 at
2863 1344 40 26 the
2920 1346 98 25 Phoenix
3036 1347 67 25 hotel.
3150 1349 85 31 Owing
3251 1354 25 21 to
3288 1352 38 25 the
3343 1338 78 39 verß

2749 1378 1 42 i
2759 1378 64 23 short
2836 1380 75 23 notice
2923 1380 40 23 the
2984 1382 123 31 gathering
3119 1390 46 16 was
3182 1387 39 19 not
3234 1392 24 16 so
3276 1392 123 18 numerous
3411 1394 10 26 |

2749 1413 1 37 ;
2759 1419 24 16 as
2797 1420 46 15 w:ls
2855 1413 116 33 expected,
2989 1416 38 23 but
3039 1423 63 18 some
3113 1415 149 35 preliminary
3273 1413 139 37 discussion'

2760 1446 55 25 took
2827 1445 69 34 place,
2909 1448 45 25 and
2965 1450 17 24 it
2994 1458 47 16 was
3053 1450 142 26 determined
3213 1458 23 19 to
3248 1453 97 31 adjourn
3361 1455 39 24 the

2749 1476 1 43 j
2761 1483 102 29 meeting
2884 1483 37 23 for
2940 1491 13 16 a
2969 1484 124 31 fortnight,
3111 1485 39 24 the
3167 1485 64 32 place
3248 1491 24 21 to
3288 1488 26 24 be
3334 1487 67 27 made

2749 1515 1 32 i
2760 1515 86 25 known
2859 1516 28 31 by
2898 1515 186 29 advertisement,

2749 1550 1 45 i
2789 1551 36 24 As
2837 1550 47 26 will
2895 1552 26 26 be
2933 1560 54 18 seen
2997 1552 25 26 in
3034 1554 96 26 another
3137 1554 100 34 column,
3247 1557 107 27 noticeof
3361 1559 40 26 the

2749 1581 1 50 j
2759 1584 99 27 election
2870 1587 19 23 is
2911 1587 76 31 given.
3020 1589 22 24 \\
3051 1597 12 16 e
3085 1589 59 26 have
3164 1595 41 20 not
3226 1601 67 24 space
3312 1594 25 24 in
3353 1581 68 50 thisjl

2749 1615 1 44 [
2761 1620 61 24 issue
2834 1624 24 20 to
2869 1622 68 23 make
2949 1629 46 24 any
3006 1627 130 21 comments
3142 1632 30 16 on
3180 1625 40 25 the
3226 1615 195 44 arrangements!

2749 1653 1 38 !
2761 1655 40 24 but
2813 1653 59 26 shall
2882 1655 28 24 do
2921 1664 25 16 so
2957 1657 23 24 in
2991 1664 41 17 our
3044 1662 61 21 next.
3138 1658 51 26 The
3201 1660 158 31 qualification
3374 1659 47 29 ofl

2749 1689 1 38 I
2761 1689 55 24 both
2827 1689 132 27 candidates
2971 1691 45 25 and
3027 1691 97 27 electors
3136 1694 18 24 is
3171 1702 14 15 a
3196 1696 104 24 business

2749 1718 1 48 j
2761 1731 25 16 or
2798 1724 94 23 miner's
2903 1725 62 30 right
2977 1726 70 24 taken
3059 1731 39 20 out
3111 1727 36 24 six
3158 1730 93 22 months
3263 1737 43 23 ago
3317 1730 24 24 in
3353 1718 68 37 thifl

2749 1751 1 50 '
2761 1758 118 31 province.
2903 1758 58 26 This
2971 1758 49 26 rule
3032 1759 45 25 will
3095 1766 98 20 amount
3204 1763 109 33 virtually
3326 1768 23 21 to
3361 1751 60 50 tljß

2759 1791 221 26 disfranchisement
2992 1794 26 24 of
3034 1794 38 24 the
3084 1795 133 32 population
3229 1798 39 24 the

2761 1825 73 26 tation
2846 1825 19 25 is
2877 1827 113 33 supposed
3002 1831 23 22 to
3037 1828 91 27 benefit.
3311 1820 6 10 *
3357 1818 64 48 JHj

2762 1926 189 36 RESIDENT
2976 1928 271 33 MAGISTRATE'S
3267 1916 154 63 COURT.

2870 2009 140 31 Charleston,
3025 2010 126 35 Thursday,
3164 2011 86 26 March
3264 2016 32 25 14.

2852 2088 104 38 (Before
2971 2090 28 27 C.
3018 2090 92 36 Broad,
3135 2091 71 39 Esq.,

2921 2142 103 34 Robbery
3030 2144 62 33 from
3105 2145 34 25 the
3151 2145 92 26 Person.

2797 2185 62 30 Ann
2875 2185 129 40 Connelly
3023 2199 53 19 was
3099 2190 113 37 charged
3234 2202 35 19 on

2749 2228 1 39 ;
2763 2228 65 29 with
2841 2229 113 38 stealing
2966 2230 45 29 the
3025 2241 59 19 sum
3098 2232 28 28 of
3139 2232 67 35 £27,
3221 2233 44 29 the

2749 2272 39 28 ;ol
2814 2271 11 27 1
2832 2270 91 31 homas
2938 2272 89 31 Davis.
3084 2274 55 30 The

2762 2316 152 36 prosecutor
2934 2314 52 30 had
3000 2316 64 29 been
3087 2317 78 39 gkven
3179 2328 34 21 oil

2749 2351 1 45 I
2761 2356 95 36 casion,
2872 2357 52 28 and
2942 2357 43 30 the
3001 2359 122 37 prisoner
3144 2371 52 18 was

2749 2394 1 50 |
2762 2402 26 23 to
2802 2400 202 29 cross-examine
3018 2401 61 30 him.

2799 2441 32 30 In
2846 2441 73 42 reply
2933 2447 28 27 to
2977 2443 44 31 her
3034 2445 136 39 questions
3182 2446 33 31 he

2749 2484 1 41 |
2761 2495 53 19 saw
2828 2484 46 30 her
2887 2486 56 30 first
2957 2488 104 30 outside
3075 2489 44 30 the
3133 2490 65 30 door
3208 2491 30 30 of

2749 2527 1 37 i
2762 2527 78 37 hotel,
2868 2529 86 29 where
2978 2530 45 29 she
3049 2540 53 21 was

2762 2569 63 30 with
2840 2570 55 30 Mrs
2909 2571 121 32 Driscoll.
3076 2575 38 29 He

2763 2613 46 26 but
2823 2613 80 29 could
2916 2622 46 21 not
2975 2617 122 29 recollect
3115 2618 72 30 what

2762 2653 46 30 did
2822 2655 47 29 ask
2882 2655 44 30 her
2941 2662 27 24 to
2982 2657 65 31 have
3060 2671 16 17 a
3089 2660 77 29 drink

2764 2701 28 24 to
2808 2696 47 30 her
2867 2698 80 38 place,
2971 2700 49 29 but
3043 2702 33 29 he
3092 2702 85 38 forgot

2749 2735 2 53 |
2762 2738 51 30 had
2903 2751 29 19 or

2961 2785 33 30 he
3015 2787 53 29 had
3082 2798 35 19 no

2750 2867 2 47 |
2799 2867 55 29 The
2868 2871 258 29 cross-examination

2848 2911 71 38 time,
2936 2911 46 30 but
2996 2913 114 40 nothing

2938 2996 91 41 Perry,
3053 3010 16 18 a

2750 3032 2 53 |
2764 3037 103 35 Pakihi,
2885 3038 57 31 said
2964 3039 32 30 he
3011 3051 53 19 saw
3088 3032 333 53 prose^^^^^^^^^B

3062 3086 76 37 night
3379 3071 42 45 B

2750 3114 2 60 |
2762 3121 62 30 Just
2848 3123 88 30 before
2958 3124 79 30 break
3053 3127 27 28 of
3101 3114 320 60 day^^^^^^^^^^B

2763 3207 116 39 walking
2893 3208 86 31 ahead
2992 3211 62 29 with
3067 3222 15 18 a

2799 3249 135 31 Jeremiah
2954 3251 94 33 Creed.

2763 3293 105 30 mcrcial
2884 3294 88 36 Hotel,
2997 3297 57 28 said
3070 3297 31 29 he

2829 3335 180 32 remembered
3024 3339 46 29 her

2763 3377 104 39 leaving
2880 3378 40 28 his
2934 3378 46 29 bar
2994 3390 33 18 on

2898 3420 45 30 she
2957 3420 52 31 had

2763 3504 86 38 partly
2862 3514 76 29 open,
2954 3506 52 29 and
3022 3518 52 19 was

2749 3547 48 43 j.£l
2910 3548 53 30 and
2985 3560 71 20 some

2899 3600 35 27 up
2990 3602 89 30 paper,

2971 3643 50 19 one

2895 3685 15 17 a
2978 3681 70 24 note.

2859 3727 36 29 up

2931 3770 68 26 man,
3349 3749 72 43 HP

2938 3847 62 29 <£2s

2924 3887 81 31 heard

2866 3942 104 30 money,

2861 3974 46 30 the
2923 3974 44 30 bar

2913 4229 45 29 the

2836 4271 73 38 place

2854 4313 46 31 her

2794 4357 125 38 Sergeant

2797 4441 98 41 Friday

2796 4611 46 29 the

2815 4653 56 30 said

2842 4696 28 27 of

2758 4791 102 28 money,

2756 4864 78 30 After

2754 4908 45 28 her

2751 5044 12 19 S
2764 5044 16 19 ft
2782 5033 51 31 l^fl

2755 5161 20 28 A
2780 5130 49 59 J

1486 44 43 29 I'll
1536 45 19 29 hi
1578 44 248 32 CHARLESTON

218 272 488 401 Jill

162 3394 106 30 BANK
289 3394 46 30 OF
355 3394 85 30 NEW
460 3393 184 38 ZEALAND,

80 3465 189 20 IXCORPORATED
289 3465 32 18 BY
340 3465 44 18 ACT
406 3465 31 18 OF
458 3464 114 20 GENERAL
592 3465 133 20 ASSEMBLY.

80 3535 122 31 Bankers
223 3540 27 25 to
276 3535 46 30 tlie
350 3535 118 30 Genial
495 3535 184 31 Government
699 3538 25 27 ot

153 3592 69 31 New
237 3591 108 32 Zealan'
348 3591 5 22 1
381 3591 47 31 the
443 3591 147 31 Provincial
604 3592 108 32 Govern

153 3652 87 24 meats
285 3646 32 31 of
351 3646 153 37 Auckland,
546 3647 177 40 Canterbury,

155 3703 97 39 Otago,
265 3703 56 34 ifcc.,
336 3703 45 29 «fce.

108 3862 109 26 Paid-up
228 3861 109 27 Capital

109 3910 116 25 Reserve
237 3910 71 24 Fund

97 4073 32 26 W
155 4074 19 24 E
201 4074 16 25 S
244 4073 61 24 TP
327 4073 20 26 0
372 4071 22 27 11
418 4071 20 24 T
484 4073 136 24 AGEX
639 4073 64 30 CY,

191 4144 67 25 With
280 4144 134 27 AGENCY
436 4149 23 20 at
487 4143 125 27 PAKIIII.

244 4274 78 25 issued
343 4281 29 17 on
384 4273 40 25 the
437 4273 93 24 various
543 4273 120 25 Branches
680 4273 44 25 ami

143 4309 119 31 Agencies
273 4309 23 24 in
315 4308 56 25 New
385 4306 107 29 Zealand,
512 4317 29 15 on
554 4308 60 24 their
633 4309 92 30 Agents

80 4344 22 24 in
124 4342 31 26 nil
177 4342 138 26 Australian
338 4344 25 24 l\
374 4342 78 31 lonics,
474 4344 71 24 Great
571 4342 88 25 Britain
680 4342 44 25 and

78 4378 101 28 Ireland,
189 4378 72 27 India.
273 4378 96 31 Ceylon,
388 4377 132 28 Mauritius,
543 4378 83 27 China,
642 4378 69 30 Singa-

78 4420 62 27 pore,
152 4412 90 25 British
253 4411 130 28 Columbia,
391 4411 138 29 California,
540 4411 99 30 Mexico,
657 4413 67 27 Peru,

79 4447 47 26 and
141 4447 86 26 United
239 4449 79 24 States
329 4447 27 25 of
367 4445 127 27 Columbia.

77 4618 102 27 Interest
190 4619 96 26 allowed
297 4628 28 16 on
339 4627 84 25 money
431 4617 120 35 deposited
563 4626 25 17 as
601 4617 73 26 under

140 4668 44 24 For
210 4671 13 21 3
235 4668 102 29 months,
353 4671 14 19 3
379 4674 40 27 per
429 4671 61 21 cent,
510 4674 39 26 per
567 4674 95 16 annum.

140 4702 46 25 For
211 4705 13 23 6
279 4723 13 10 „
353 4706 12 21 4
428 4722 12 10 „

137 4737 47 25 For
199 4740 6 21 \
211 4741 11 20 2
278 4756 12 10 ~
352 4739 13 22 5

97 4784 117 32 General
235 4784 125 42 Banking
383 4784 128 31 Business
530 4782 174 33 Transacted.

109 4887 145 25 HIGHEST
271 4885 96 25 PRICK
383 4885 104 24 GIVEN
511 4885 61 24 FOR
596 4885 96 26 GOLD.

206 4932 60 28 Gold
278 4932 102 27 Smelted
393 4933 57 25 Free
462 4933 26 25 of
499 4933 97 31 Charge.

380 5038 19 24 G
407 5036 47 26 EO.
471 5036 133 30 KiKTON,

606 5085 86 30 Agent.

78 5170 96 25 nnilE
198 5170 54 23 Kcv.
277 5169 36 24 W.
338 5167 76 25 Li'wis
436 5165 46 25 will
503 5164 114 25 c.l.bra'e
638 5165 98 30 Divine,

85 5217 34 22 J-
175 5219 94 26 Service
299 5223 134 19 to-in<>n\>w
471 5214 124 31 (Sunday,)
627 5214 23 25 in
683 5215 40 24 the

76 5268 109 31 Uiorning
206 5273 23 18 at
255 5266 40 24 the
315 5264 130 26 Court-hou
448 5271 9 9 c
459 5273 19 21 e,
505 5263 122 30 Brighton,
648 5268 23 17 at
699 5265 19 20 11

75 5314 100 32 o'clock,
184 5313 46 27 and
247 5313 23 26 in
290 5312 39 25 the
348 5311 100 33 evening
458 5316 24 20 at
497 5311 40 25 the
555 5309 85 27 Pakihi
652 5309 45 26 hot'
707 5308 15 30 1,
733 5290 3 61 |

76 5366 77 32 Harry
166 5365 101 31 Mann's,
278 5363 104 35 opposite
395 5362 38 26 thy
449 5369 74 26 camp,
540 5359 145 32 Charljs'.o.i,
697 5365 23 20 at
732 5359 4 53 j

78 5417 11 21 7
102 5413 87 29 o'clock
209 5405 4 37 .
228 5405 3 37 .
732 5405 4 37 I

1017 186 141 53 mm

927 265 162 27 ELECTION
1106 266 126 25 NOTICE.

802 405 193 27 ELECTORAL
1018 403 152 27 DISTRICT
1194 404 40 26 OF
1261 404 93 26 GREY.

763 467 50 65 IN
825 474 129 26 pursunr.ce
974 467 27 23 of
1013 466 39 24 the
1074 466 128 32 provisions
1224 466 25 24 of
1265 473 30 16 an
1316 469 38 20 act
1375 466 26 23 of

832 511 40 24 tlie
893 508 101 27 General
1016 507 124 32 Assembly
1161 508 26 24 of
1214 508 56 24 New
1293 506 106 29 Zealand,

757 558 108 28 intituled
981 554 138 35 Regulation
1141 555 27 26 of
1201 554 116 27 Elections
1345 556 54 30 Act,

744 587 1 37 |
882 594 17 27 I,
917 593 104 24 Thomas
1039 590 83 25 Alfred
1145 590 78 31 Sneyd
1246 589 153 33 Kynuersley,

743 623 2 37 !
759 628 128 32 Returning
908 628 82 24 Ofliccr
1012 626 36 24 for
1070 625 39 24 the
1131 623 114 26 Electoral
1265 626 7 23 1
1277 629 83 20 district
1373 628 22 21 ol

756 666 70 30 Grey,
837 663 29 26 do
882 663 84 31 hereby
977 661 53 33 give
1048 660 75 25 notice
1141 660 50 24 that
1209 660 30 31 by
1258 659 75 25 virtue
1340 660 26 23 of
1386 668 11 15 a

757 699 50 24 writ
820 697 94 31 bearir.g
924 697 61 26 date,
997 696 38 23 the
1048 694 66 24 nimli
1126 693 45 32 day
1183 694 26 22 of
1227 694 87 24 .March.
1338 696 60 24 I8(i7,

741 718 3 48 J
757 732 75 26 issued
844 731 73 25 under
928 730 39 25 the
980 729 61 26 hand
1052 727 26 26 of
1101 728 6 24 1
1113 727 28 25 lis
1155 727 79 25 Honor
1246 728 40 24 the
1305 728 92 32 Deputy

756 765 203 36 Superintendent,
971 765 26 25 of
1018 763 39 25 the
1081 762 110 26 I'rovince
1212 763 26 23 of
1260 761 94 29 NtLou,
1366 770 29 16 an

741 797 2 38 ;
758 802 102 24 Kkction
883 799 46 24 will
954 800 27 23 be
1013 797 51 25 held
1084 797 36 24 for
1138 797 40 24 the
1198 802 79 19 return
1298 797 27 23 of
1353 802 46 19 two

741 829 2 40 i
754 833 109 36 qualified
891 841 95 27 persons
1019 835 24 21 to
1074 839 64 17 serve
1171 840 24 16 as
1234 831 111 25 members
1373 831 26 25 of

741 865 2 31 I
755 873 39 23 the
820 867 134 27 Provincial
974 865 98 28 Council
1094 867 37 22 for
1151 866 39 24 the
1212 866 49 23 said
1284 865 113 25 Electoral

740 900 2 31 i
755 904 106 25 District,
877 903 44 23 and
934 902 51 23 that
1004 901 38 23 the
1062 900 145 23 nomination
1228 900 27 22 of
1267 900 133 23 candidates

740 932 2 38 |
755 937 45 25 will
820 937 55 25 take
887 935 64 35 place
971 940 24 19 at
1012 934 39 24 the
1073 933 163 29 Court-house,
1259 932 100 28 CoMen,
1370 942 29 14 on

740 967 1 36 i
756 970 153 33 Wednesday,
921 970 40 24 the
978 968 152 26 seventeenth
1147 967 46 32 day
1204 968 27 23 of
1248 968 31 31 A;
1289 967 33 25 ril.
1339 970 61 27 18ii7,

740 1000 2 36 i
753 1007 45 24 and
810 1006 50 24 that
873 1006 39 24 the
934 1003 52 33 pull,
997 1004 19 23 if
1033 1009 128 23 necessary,
1174 1000 45 26 will
1237 1000 3 36 i
1250 1010 11 15 e
1284 1002 70 24 taken
1366 1010 29 14 on

740 1035 2 37 ;
757 1040 151 32 Wednesday,
935 1040 39 23 the
997 1036 182 32 twenty-fourth
1206 1035 45 33 day
1272 1045 24 15 01
1325 1035 75 35 April,

739 1071 3 46 |
756 1078 63 23 1867.

783 1120 77 26 Dated
874 1120 45 24 this
931 1118 135 26 fourteenth
1078 1117 44 32 day
1134 1118 26 23 of
1172 1117 88 29 March,
1275 1118 63 23 1807.

874 1177 26 25 T.
918 1178 30 23 A.
966 1176 106 25 SNEYD
1089 1174 225 30 KYNNERSLEY,

1131 1220 132 29 Returning
1279 1222 89 24 Ofliccr.

783 1324 50 24 The
848 1322 122 31 following
980 1329 39 16 are
1035 1319 87 34 polling
1140 1318 76 33 places
1237 1318 37 25 for
1285 1318 39 25 the
1335 1318 53 25 Elec-

739 1369 1 34 j
753 1371 58 26 toral
823 1370 98 25 District
932 1369 25 25 of
969 1370 63 30 Grey
1042 1378 36 15 :

812 1427 93 26 Cobdcn

812 1498 99 25 Ahaura

813 1566 114 33 Erighton
961 1578 8 4 -

812 1637 138 27 Charleston
966 1649 8 5 -

1113 1425 50 24 The
1176 1423 162 26 Court-house.

1115 1494 51 24 The
1178 1492 78 26 Police
1268 1492 101 25 Station.

1115 1562 50 26 The
1177 1562 156 26 Court-house

1111 1634 51 25 The
1175 1633 163 27 Court-house.

770 1746 98 30 XOT
880 1746 45 30 IC
936 1745 25 30 £
1001 1745 54 29 10
1095 1743 28 29 M
1136 1743 24 29 A
1172 1742 89 29 lIIN
1273 1743 60 29 EK
1343 1743 19 29 S
1375 1766 5 5 .

756 1839 145 28 CUGNAL
917 1837 163 28 STATIONS
1107 1837 60 24 have
1188 1837 57 24 been
1260 1836 140 25 established

752 1927 23 21 at
788 1924 39 24 the
839 1922 130 24 BULLEII
985 1920 45 26 and
1046 1923 24 21 at
1088 1919 93 25 FOX'S
1197 1919 109 31 RIVER,
1324 1920 75 24 where

753 1992 39 25 the
814 1998 64 18 same
889 1988 94 33 Signals
1003 1995 39 19 are
1053 1986 56 27 used
1126 1995 25 16 as
1170 1991 25 20 at
1218 1988 39 25 the
1279 1988 63 32 Grey
1354 1988 45 25 and

755 2058 120 26 Ilokitika.

782 2136 24 25 A
827 2133 115 34 Flagstaff
957 2134 42 25 has
1020 2134 57 25 been
1099 2133 91 26 erected
1210 2141 31 16 on
1262 2133 41 26 the
1324 2133 75 26 North

753 2204 70 26 Point
842 2204 26 25 of
884 2202 175 28 CONSTANT
1075 2202 78 31 BAY,
1173 2202 43 25 PA
1221 2202 56 25 Kill
1282 2202 18 31 I,
1322 2202 78 26 where

753 2274 40 24 the
814 2272 122 32 following
962 2270 94 34 Signals
1082 2270 47 24 will
1155 2271 28 24 be
1195 2270 81 25 shown
1288 2281 36 14 :

754 2338 48 26 Red
813 2341 60 28 Flag
883 2345 24 18 at
920 2340 121 26 masthead
1051 2351 5 15 :
1074 2341 73 24 Boats
1158 2348 43 16 can
1213 2343 66 22 enter

753 2406 60 27 Blue
834 2406 67 33 Flag,
927 2406 140 33 half-mast:
1102 2406 55 24 Low
1180 2410 80 28 water,
1281 2409 55 23 wait
1364 2410 37 23 for

813 2454 54 27 tide.

755 2526 79 28 White
844 2526 74 35 Flag:
936 2527 118 26 Entrance
1066 2526 138 33 dangerous,
1211 2526 52 26 surf
1275 2529 37 23 too
1324 2527 77 34 heavy

813 2575 38 24 for
862 2575 72 24 boats.

869 2644 27 25 T.
913 2645 31 25 A.
961 2644 107 27 SNEYD
1084 2645 226 29 KYNNERSLEY,

1181 2680 190 27 Commissioner.

752 2714 108 33 January
872 2706 138 44 3rd,(1867J
1373 2719 24 22 71
