2520 3999
606 496 217 37 PUBLISHED
868 496 130 37 EVERY
1041 496 253 38 WEDNESDAY
1339 497 86 37 AMD
1470 499 224 37 SATURDAY
1741 501 202 37 MORNING.

653 611 109 31 PORT
784 611 254 38 NICHOLSON,
1059 612 263 33 WEDNESDAY
1343 614 209 36 MORNING,
1574 617 123 30 APRIL
1722 621 49 31 19,
1796 621 76 28 1843

2256 621 92 40 [Vol.
2368 624 52 30 IV.

122 612 64 31 No.
209 610 92 41 238.]

81 104 2382 137 THE

81 241 376 71 NEW
582 241 878 71 ZEALAND
1585 241 878 71 GAZETTE

81 312 2382 71 AND

81 383 953 71 WELLINGTON
1129 383 286 71 AND
1510 383 953 71 SPECTATOR.

185 705 53 20 For
251 704 161 25 Valparaiso
429 704 93 23 direct,

224 741 91 21 fTIHE
340 741 44 21 fine
411 741 133 26 faat-pailing
562 741 83 27 barque

97 760 96 31 $NWL
231 760 29 29 X
377 768 164 25 NAVARINO,

236 794 23 21 C.
271 794 28 21 A.
310 793 114 27 Warming
437 794 154 26 commander,
602 794 43 22 will

65 815 151 37 tmgjßSSfiak
236 820 39 22 sail
294 820 22 21 f°
318 827 10 14 r
349 819 129 28 Valparaiso
502 828 28 14 on
556 821 89 27 Sur.day

235 851 60 22 next,
307 846 36 21 the
358 846 34 32 _th
409 846 71 27 April.
509 847 53 21 This
576 848 69 21 vessel

236 873 40 21 has
293 873 97 27 superior
405 873 191 22 accommodation
614 874 31 21 for

64 901 67 22 cabin
148 900 45 22 and
214 904 97 22 steerage
330 906 136 20 passengers,
486 901 45 21 and
550 900 64 22 offers
634 908 11 14 a

63 927 57 25 pood
135 927 140 27 opportunity
285 927 33 22 for
333 934 90 19 persons
440 927 90 26 visiting
540 927 36 21 the
589 928 56 20 Con-

62 953 72 21 tinent
143 954 24 20 of
175 954 67 21 South
255 953 109 25 America,
376 953 42 21 and
429 953 45 21 also
483 954 80 26 parties
578 954 65 21 wish-

63 979 38 26 ing
116 986 13 14 a
145 979 66 28 quick
222 979 42 27 trip
280 983 23 17 to
320 979 109 25 England.
459 980 43 21 For
517 987 128 20 passengers

63 1006 58 25 only,
134 1007 66 25 apply
213 1009 21 17 to
244 1006 93 26 Captain
351 1006 113 27 Wanning
471 1014 28 14 on
510 1007 75 26 board,
593 1014 24 14 or
624 1012 21 16 to

375 1039 82 22 Waitt
471 1040 47 21 and
532 1040 84 21 T*ser.

64 1064 143 27 Wellington,
221 1064 60 27 April
291 1066 20 23 4,
324 1066 60 20 1843.

168 1117 112 25 Storage
297 1122 30 15 or
342 1117 74 20 Store
432 1118 28 19 to
478 1118 58 20 Let.

64 1149 89 49 MR.
168 1148 84 23 JOHN
271 1150 91 21 WADE
377 1157 39 15 can
432 1150 55 22 offer
506 1151 91 27 Storage
612 1152 33 21 for

155 1183 43 19 any
207 1176 99 28 quantity
316 1177 26 20 of
349 1177 82 26 Goods,
440 1185 26 13 on
478 1177 76 21 liberal
566 1182 77 22 terms;

64 1210 23 14 or
95 1202 29 22 he
136 1203 41 21 will
189 1203 28 20 be
229 1202 99 27 disposed
340 1206 22 18 to
372 1204 31 21 let
412 1211 12 13 a
436 1205 70 20 Stoic.
518 1204 71 21 which
602 1205 43 21 will

62 1229 53 22 h<>ld
125 1231 40 20 GOO
176 1233 50 18 tons
236 1230 25 20 of
273 1230 82 26 Goods,
367 1234 22 17 to
405 1237 44 19 any
458 1235 65 23 party
532 1232 113 26 requiring

62 1256 37 24 the
109 1263 68 14 same.

88 1288 32 22 Te
130 1289 52 24 Aro,
196 1287 79 22 March
285 1289 33 24 22,
331 1289 60 21 1843.

247 1338 91 20 House
355 1339 27 19 to
399 1339 56 20 Let.

63 1371 50 48 A
142 1371 87 21 GOOD
250 1371 127 21 subst.'intial
398 1371 73 26 house,
488 1371 50 22 with
553 1372 91 22 kitchen

141 1398 41 21 and
193 1397 134 26 out-hou<es,
339 1402 23 16 to
372 1398 31 21 let
413 1399 22 20 in
452 1399 192 22 Manners-street.

64 1424 42 23 For
121 1425 136 26 particulars,
268 1425 64 26 apply
344 1428 22 17 to
379 1425 43 20 Mr.
434 1425 119 22 Bkewer's
565 1426 79 21 Otii?e.

284 1475 53 19 For
351 1475 67 19 Sale.

64 1507 91 48 THE
176 1507 105 22 CARGO
297 1507 39 22 OF
351 1508 102 21 MAIZE
467 1515 40 19 per
520 1510 68 20 Ariel.

432 1534 76 23 Levin
523 1536 42 21 and
577 1536 39 22 Co.

89 1560 100 26 January
201 1561 34 25 27,
246 1562 59 20 1843.

234 1606 75 20 Land
324 1607 29 19 at
366 1606 104 20 Karori.

65 1639 65 48 TO
145 1639 38 21 BE
199 1639 84 26 SOLD,
301 1643 41 18 two
361 1640 13 20 5
394 1646 48 15 acre
457 1640 132 26 allotments,
611 1644 34 17 to-

136 1665 77 26 gether
222 1673 24 14 or
262 1670 103 23 separate,
379 1673 27 14 on
424 1666 84 22 Yule's
519 1668 86 21 Section
621 1672 24 22 at;

65 1692 89 25 Karori;
174 1693 23 20 in
215 1699 42 14 one
276 1693 122 26 allotment,
419 1693 36 21 ihe
475 1693 69 22 whole
565 1695 25 20 of
608 1694 37 21 the

62 1719 89 21 inferior
160 1719 79 21 timber
249 1719 44 21 and
304 1720 129 21 brushwood
445 1720 18 21 is
480 1726 35 15 cut
524 1728 5 18 ;
545 1720 40 22 has
600 1725 43 17 two

62 1745 56 26 good
132 1751 92 16 streams
241 1746 96 27 running
353 1746 100 27 through,
465 1747 45 21 and
528 1748 17 20 is
560 1755 28 13 an
606 1755 38 14 ex-

64 1772 78 21 cellent
158 1772 103 21 situation
280 1773 33 20 for
332 1780 43 20 any
395 1781 78 19 person
498 1773 100 22 desirous
622 1774 23 21 of

62 1798 98 28 building
170 1799 23 21 in
205 1799 45 21 that
259 1799 189 26 neighbourhood.
479 1800 74 27 Apply
565 1806 23 16 to

278 1832 26 21 R.
321 1833 81 25 Davis,
418 1833 88 21 Aurora
520 1833 94 23 Tavern.

284 1879 53 19 For
351 1878 69 23 Sale,

65 1911 88 34 rpHE
167 1911 142 22 COTTAGE
325 1911 93 22 situated
429 1912 22 21 in
469 1912 99 21 Oriental
586 1912 55 29 Bay,

71 1933 28 26 X
135 1937 43 22 and
195 1937 66 27 lately
270 1938 105 26 occupied
391 1938 28 26 by
429 1938 37 21 the
484 1938 157 27 undersigned.

63 1965 19 20 A
98 1964 51 26 long
167 1964 59 21 lease
243 1964 25 21 of
285 1964 36 21 the
337 1964 82 22 section
435 1972 57 20 upon
513 1965 71 21 which
605 1965 37 21 the

63 1988 65 21 house
138 1990 75 19 stands
224 1990 41 19 will
276 1990 26 20 be
311 1990 103 26 granted.

86 2014 68 22 Town
165 2014 54 21 land
230 2015 40 20 will
281 2016 25 20 be
316 2016 66 23 taken
393 2016 22 21 in
426 2016 120 27 exchange.

87 2040 43 22 For
139 2040 83 22 further
232 2042 133 30 particulars,
377 2042 64 27 apply
451 2046 23 17 to

379 2074 95 21 George
489 2074 87 26 Durr-A,
593 2082 23 14 or

379 2100 34 21 W.
430 2100 27 21 V.
474 2101 98 21 Brewer

64 2145 64 21 mo
147 2145 38 21 BE
207 2145 84 23 SOLD,
306 2145 23 21 in
346 2145 41 21 lots
402 2148 22 18 to
444 2147 43 20 suit
506 2146 137 27 purchasers

70 2166 27 27 X
127 2171 36 21 the
179 2171 69 21 whole
266 2171 25 21 of
302 2174 58 18 town
377 2180 49 13 acre
442 2173 43 21 No.
497 2174 45 24 131,
561 2180 26 14 on
605 2173 37 21 the

62 2198 48 27 plan
123 2199 24 20 of
151 2197 36 21 the
192 2198 65 21 Town
266 2197 23 21 of
294 2197 141 28 Wellington,
442 2200 83 25 having
530 2199 113 28 frontages

62 2229 21 17 to
92 2225 187 21 Tiiranaki-street
289 2224 45 22 and
344 2225 193 30 Ingestrie-street.
566 2227 77 21 Terms

60 2251 82 22 liberal.
170 2251 75 28 Apply
255 2256 23 16 to

393 2279 35 21 W.
440 2279 28 22 V.
482 2280 105 27 Brewer,

451 2307 191 23 Manners-street.

250 2350 25 21 J.
290 2351 38 20 M.
344 2350 108 26 Taylor,

76 2383 149 23 LICENSED
249 2384 238 22 CUSTOM-HOUSE
511 2385 115 28 AGENT,

304 2418 28 14 TE
348 2418 50 14 ARO.

63 2457 85 49 FOR
160 2456 85 26 SALE,
262 2463 27 15 es
302 2458 115 25 Margaret,
429 2456 48 27 &c,

132 2484 25 21 25
170 2484 78 21 tierces
261 2483 55 27 beef,

88 2511 12 20 3
115 2513 48 18 tons
173 2510 93 21 colonial
276 2510 51 28 hay,

87 2538 13 20 3
114 2540 47 18 tons
172 2537 59 21 Siam
242 2544 69 20 sugar,

87 2565 26 20 30
127 2563 81 22 ban-els
218 2563 82 22 bottled
310 2563 42 26 ale,

87 2592 26 19 50
127 2590 66 22 boxes
203 2594 42 23 tea,

86 2618 26 20 50
125 2617 36 22 ash
174 2625 57 17 oars,

86 2645 26 20 30
125 2648 47 17 tons
182 2644 65 26 coals,

87 2670 57 26 Port,
155 2670 83 28 sherry,
249 2670 44 22 and
304 2671 103 25 Madeira
421 2671 24 22 in
454 2671 77 27 bottle,
542 2671 98 22 Ruther-

63 2696 45 22 ford
119 2697 42 21 and
172 2697 96 27 Drury's
277 2698 78 26 brand,

87 2723 99 27 Liquers,
196 2724 25 21 in
232 2724 69 22 dozen
311 2731 69 20 cases,

87 2750 148 27 Champagne,

87 2776 94 28 Brandy,
192 2785 55 17 rum,
259 2777 45 22 and
311 2777 37 27 gin
360 2778 22 21 in
393 2777 72 27 hhds.,

86 2804 25 21 30
125 2808 49 17 tons
185 2804 48 21 best
242 2804 88 26 Sydney
340 2804 63 26 flour,

86 2831 25 20 50
124 2834 49 17 tons
184 2830 85 22 Chilian
278 2830 63 27 flour,
353 2838 27 14 ex
393 2831 103 26 Cheerful.

369 2865 81 22 Waitt
465 2866 46 22 and
525 2867 84 21 Tyser.

221 2910 87 21 Beach
325 2911 144 27 Frontage.

62 2942 61 48 TO
137 2943 38 22 BE
191 2944 63 26 LET,
270 2944 69 22 beach
350 2944 100 27 frpntage
464 2945 44 21 lots
520 2945 21 21 in
552 2949 84 19 section

128 2972 40 20 490
178 2978 29 14 on
224 2971 37 23 the
272 2971 52 21 Plan
336 2971 26 21 of
370 2971 37 24 the
416 2972 67 23 Town
498 2973 26 20 of
532 2971 105 27 Welling-

60 2998 40 21 ton,
111 2997 115 27 adjoining
236 2997 40 22 Mr.
285 2997 89 22 Taine's
381 3002 67 22 store;
464 2999 44 21 and
520 2999 20 21 in
552 2999 83 21 section

60 3023 41 26 610,
109 3023 98 22 between
217 3025 73 26 Major
299 3025 89 21 Baker's
399 3025 43 21 and
450 3026 44 20 Mr.
503 3026 133 22 Swainson's

60 3046 80 26 houses.

71 3087 9 9 »
83 3076 52 22 Also
145 3076 37 23 the
190 3076 114 27 following
312 3077 97 23 sections
418 3085 28 14 on
456 3078 38 22 the
501 3079 57 21 Plan
566 3079 26 22 of
598 3079 38 22 the

60 3099 70 30 Town,
140 3103 46 21 viz:
188 3103 6 15 :
194 3112 36 6 —
245 3112 2 3 ■

125 3131 3 4 '
155 3130 27 20 55
316 3131 42 20 319
407 3148 5 5 .
506 3133 40 19 922

142 3157 41 20 240
316 3157 42 21 718
492 3159 54 21 1079

83 3182 70 28 Apply
168 3187 23 17 to

229 3210 24 21 E.
269 3210 21 21 J.
306 3210 149 27 Wakefield,
470 3218 26 15 or

226 3236 35 21 W.
276 3237 28 21 V.
320 3237 106 25 Brewer,
442 3238 191 22 Manners-street.

279 3283 41 20 On
335 3283 70 24 Sale,

62 3311 82 48 THE
172 3314 73 23 NEW
269 3316 150 22 ZEALAND
448 3316 185 26 PORTFOLIO,

127 3341 123 23 conducted
268 3343 29 27 by
316 3343 32 21 H.
365 3344 21 20 S.
405 3344 122 26 Chapman,
548 3344 36 26 (of
596 3344 37 22 the

63 3365 76 24 Middle
146 3368 108 28 Temple,)
266 3369 212 23 Barrister-at-Law.

85 3391 38 23 No.
136 3394 46 21 I.—
184 3396 21 20 A
222 3396 74 22 Letter
310 3399 23 18 to
353 3396 36 22 the
407 3397 69 27 Right
492 3397 62 21 Hon.
574 3397 59 22 Lord

62 3418 88 29 Stanley,
168 3422 115 28 Secretary
303 3424 25 20 of
345 3424 60 21 State
424 3424 35 20 for
476 3423 38 21 the
534 3424 99 22 Colonial

62 3445 143 29 Pepartinent,
238 3450 35 21 On
281 3450 36 21 the
323 3450 188 22 Administration
518 3451 24 21 of
546 3451 87 22 Justice

63 3476 18 14 in
91 3472 50 23 New

86 3497 39 23 No.
138 3500 58 22 ll.—
199 3502 76 22 Letter
289 3505 22 18 to
326 3502 60 22 John
402 3504 57 22 Abel
475 3504 78 27 Smith,
570 3505 61 27 Esq.,

64 3525 59 26 M-P.,
135 3527 13 10 '*
155 3528 33 21 On
199 3529 37 21 the
243 3529 143 27 Advantages
393 3531 70 21 which
471 3531 72 21 would
552 3538 80 15 accrue

63 3552 18 17 to
90 3552 86 28 English
188 3555 122 27 Capitalists
320 3556 56 21 from
388 3556 36 22 the
435 3558 165 22 establishment
610 3559 25 20 of

64 3582 12 32 \
121 3586 13 13 n
144 3582 25 29 p°
170 3588 19 13 m
187 3589 16 18 P
205 3589 24 13 an
231 3589 13 19 y
253 3582 34 22 for
296 3584 52 19 New
358 3584 97 27 Zealand,
466 3585 84 21 similar
562 3589 22 17 to
595 3585 36 21 the

63 3604 115 25 Australian
188 3609 64 22 Tiust

232 3637 34 20 An
278 3636 97 22 Address
386 3640 22 18 to
417 3637 37 22 the
465 3638 56 22 New
532 3638 98 22 Zealand

62 3658 57 39 £an<l
129 3659 132 29 Prpprielors
271 3663 96 22 resident
381 3663 23 22 in
414 3664 36 21 the
559 3665 72 26 King-

125 3693 26 14 on
165 3690 83 21 several
262 3694 91 21 matters,
364 3687 25 24 of
396 3687 136 27 importance
541 3696 22 18 to
574 3691 57 22 their

270 3713 3 5 '
365 3709 9 14 T
428 3709 11 15 f

62 3734 62 38 v^°-
141 3739 38 25 IV.
179 3752 28 5 —
208 3742 61 23 ''On
288 3743 37 22 the
345 3743 115 22 Financial
478 3745 112 22 condition
607 3745 26 21 of

63 3785 34 23 F.S
95 3768 16 14 W
108 3763 29 49 A?
138 3772 23 22 ??
165 3791 3 4 '
285 3770 46 28 C^
332 3770 44 22 rleS
385 3770 30 29 ¥?
417 3778 43 20 tty>
471 3771 60 28 PsQt>
542 3772 70 27 W§

87 3840 17 10 n
236 3829 68 19 PRICp
320 3831 118 20 SIXPENCE.

62 3841 103 31 JhxtlU
175 3846 74 29 Office,
249 3849 4 23 :
262 3850 86 35 March,
360 3850 59 22 1840.

62 3879 82 51 O^«*
139 3889 13 22 s
151 3890 46 43 l£
195 3892 19 21 E
211 3907 18 23 i
235 3897 26 33 H
267 3886 43 47 fyii
320 3886 151 47 Pffi^^jjwk
482 3888 60 40 Bi^'
550 3887 76 42 b^s
636 3899 4 17 ;

151 3919 110 21 Gazette*
275 3922 74 27 office/
355 3923 56 22 Dec.
419 3924 36 20 4.-

760 703 104 21 Behold
873 703 5 21 !
898 705 76 25 great
997 704 153 23 Reduction
1158 705 5 21 !
1176 706 5 21 !

678 736 53 48 IN
760 736 222 24 CONSEQUENCE
1005 737 25 22 of
1048 737 36 23 the
1110 738 149 27 undersigned

735 762 82 27 having
834 767 22 17 to
871 768 101 20 compete
983 764 50 20 with
1048 771 23 13 so
1085 772 68 19 many
1166 765 93 22 General

683 789 160 27 Storekeepers
857 790 71 20 which
939 797 36 14 are
988 790 57 27 daily
1056 791 125 27 presenting
1195 791 64 21 them-

679 815 73 22 selves
763 816 75 21 before
849 816 37 21 the
897 816 79 27 public,
985 817 52 21 feels
1047 817 15 21 it
1073 816 35 22 his
1116 817 52 27 duty
1179 822 21 16 to
1211 818 48 22 offei

678 846 20 17 lo
716 842 40 21 the
774 842 73 27 public
863 850 13 14 a
892 844 75 20 choice
984 844 103 20 selection
1103 844 26 20 of
1146 845 113 20 Groceries

678 868 45 22 and
741 868 64 22 other
821 869 87 22 articles
920 870 25 21 of
956 871 89 25 general
1061 877 40 14 use
1120 870 24 21 in
1160 870 99 26 families,

677 894 44 23 and
734 899 24 18 at
768 894 54 23 such
833 896 40 21 low
884 896 69 27 prices
964 896 46 22 that
1017 900 82 18 cannot
1107 897 28 21 be
1141 898 118 26 attempted

679 926 24 17 at
713 922 29 26 by
755 929 42 21 uny
807 922 26 21 of
840 923 32 20 his
883 926 126 24 opponents,
1020 924 42 20 viz.
1064 934 29 4 —

1150 949 34 16 Per
1193 949 66 16 Pound.

703 968 48 22 The
763 976 53 19 very
827 969 49 21 best
884 969 64 22 black
958 973 37 18 tea
1179 972 14 19 4
1221 972 14 19 0

704 995 49 21 The
763 1002 53 20 very
828 995 49 22 best
884 1004 67 19 green
961 999 36 19 tea
1179 998 14 20 4
1221 998 13 20 0

704 1022 104 26 Superior
819 1023 89 21 roasted
917 1023 67 21 coffee
1181 1024 10 20 1
1221 1024 13 20 6

706 1048 73 22 White
801 1049 60 21 Siam
878 1056 70 20 sugar,
966 1050 36 21 the
1017 1051 47 20 best
1077 1051 23 20 in
1116 1050 37 21 the

758 1074 84 27 Colony
1178 1078 13 20 0
1218 1077 13 21 5

703 1101 89 21 Second
820 1101 37 21 do.
1177 1105 13 19 0
1216 1105 15 19 4

703 1127 71 21 Third
784 1128 91 26 quality,
885 1128 89 27 equally
984 1129 55 25 good
1179 1131 14 19 0
1219 1131 14 20 3

703 1153 79 23 Mould
792 1154 97 25 candles,
902 1155 92 21 London
1005 1155 63 21 made
1181 1157 9 20 1
1219 1158 14 20 0

703 1180 104 26 Superior
817 1180 43 20 salt
870 1181 72 20 butter
1181 1184 9 18 1
1219 1185 14 19 6

703 1206 92 22 London
807 1213 54 20 soap
1181 1211 13 19 0
1219 1211 15 19 4

704 1233 72 21 Prime
788 1233 77 21 Stilton
878 1233 77 22 cheese
1182 1237 9 20 1
1219 1237 14 19 4

703 1259 94 26 Pickles,
808 1259 106 27 mustard,
923 1261 46 20 and
981 1268 75 16 sauces
1064 1265 25 17 at
1100 1263 29 19 Is.
1137 1269 38 19 per
1184 1262 74 21 bottle.

703 1292 50 22 P.S.
755 1304 26 4 —
785 1292 91 23 Besides
894 1294 36 21 the
946 1294 69 21 ahove
1029 1295 94 25 articles,
1140 1296 64 21 M.A.
1220 1296 39 21 has

677 1327 27 14 on
718 1319 58 22 hand
789 1327 13 13 a
812 1327 120 15 numerous
943 1325 130 18 assortment
1081 1322 25 21 of
1111 1322 69 21 useful
1191 1322 68 27 goods

677 1347 26 20 of
722 1345 81 22 almost
823 1353 66 20 eveiy
908 1346 137 28 description,
1066 1352 23 17 at
1113 1348 85 28 equally
1218 1348 41 22 low

678 1373 79 26 prices.
788 1372 65 22 M.A.
871 1380 85 15 assuies
973 1374 36 21 the
1019 1374 73 27 public
1103 1374 47 22 that
1161 1375 36 22 the
1207 1376 51 26 only

677 1406 78 14 reason
766 1399 49 21 that
826 1399 28 21 he
865 1407 41 14 can
922 1402 91 19 surmise
1028 1401 50 27 why
1089 1402 27 21 he
1133 1409 41 14 can
1188 1402 37 21 sell
1237 1409 22 14 so

676 1426 65 21 much
752 1426 69 21 lower
831 1426 53 21 than
895 1434 44 19 any
949 1427 25 21 of
986 1427 33 21 hii
1035 1433 133 21 opponents,.
1173 1428 25 26 is,
1212 1428 47 21 that

675 1452 28 21 he
721 1459 51 20 may
790 1452 27 21 be
832 1453 123 27 possessed,
961 1454 24 20 of
999 1454 81 22 certain
1093 1462 83 19 means,
1188 1455 70 22 which

676 1479 89 20 enables
776 1479 45 21 him
839 1484 22 16 to
879 1480 41 26 buy
932 1480 33 21 for
982 1480 50 22 cash
1047 1480 59 28 only,
1122 1481 43 22 and
1180 1482 79 27 import

676 1505 56 21 from
755 1506 90 21 London
863 1507 43 20 and
920 1506 90 28 Sydney
1025 1508 53 21 such
1096 1508 69 26 goods
1184 1515 23 14 as
1221 1516 37 14 are

677 1532 81 27 mostly
768 1532 24 21 in
805 1532 105 22 demand.

848 1567 113 14 COASTERS
976 1567 116 15 SUPPLIED.

882 1593 31 22 M.
929 1593 111 25 ASHER,

786 1619 124 22 Wholesale
919 1621 43 21 and
973 1621 71 21 Retail
1057 1621 96 22 General
1165 1622 68 27 Store,

919 1647 108 21 Lamblon
1039 1648 72 27 Quay.

676 1677 53 22 And
747 1680 23 19 at
788 1679 35 26 99,
840 1678 85 27 George
944 1679 76 26 Street,
1041 1679 98 27 Sydney,
1158 1680 45 22 and
1221 1682 33 25 22,

854 1705 114 27 Minories,
981 1706 99 21 London.

704 1738 61 27 April
777 1740 32 24 18,
823 1739 60 21 1843.
1163 1738 5 3 '

904 1785 113 21 Observe
1024 1786 6 20 !

675 1816 71 49 ON
763 1817 84 26 SALE,
860 1821 22 18 at
892 1817 35 22 the
939 1818 73 21 Stores
1019 1819 25 21 of
1051 1819 36 21 the
1098 1820 156 26 undersigned,

753 1844 94 26 Raisins,
857 1844 106 26 almonds,
974 1845 42 22 and
1023 1846 94 21 walnuts
1127 1847 25 20 of
1158 1847 98 26 superior

674 1870 91 27 quality,
778 1870 52 21 with
847 1879 12 12 a
875 1870 74 22 choice
967 1872 101 22 selection
1086 1873 27 21 of
1120 1873 75 27 cigars,
1211 1873 43 22 and

672 1898 110 24 groceries
795 1898 25 20 of
827 1904 65 19 every
904 1898 136 26 description.

890 1929 32 20 M.
939 1929 87 27 Asiier,
1040 1930 188 28 Lambton-quay.

900 1973 51 20 For
966 1974 67 24 Sale,

675 2004 131 48 ABOUT
821 2006 26 20 16
864 2007 49 19 tons
930 2006 25 20 of
967 2006 44 21 fine
1027 2006 81 27 picked
1128 2007 128 23 Manawatu

753 2030 110 22 Potatoes.
892 2032 74 27 Apply
977 2037 21 16 to

899 2065 98 22 Messrs.
1009 2066 80 22 Waitt
1104 2067 21 21 &
1141 2067 83 22 Tvseu.

703 2097 142 27 Wellington,
857 2098 61 26 April
931 2100 32 23 18,
976 2100 62 21 1843/

772 2143 107 25 SEEAR,
896 2143 135 22 Carpenter
1045 2145 42 21 and
1104 2145 110 27 Builder,
1219 2153 36 14 re-

686 2165 39 25 W
744 2180 11 9 •
786 2169 116 27 siiertfully
911 2177 126 15 announces
1045 2175 19 17 tv
1071 2171 38 21 the
1119 2171 134 23 inhabitants

673 2195 25 21 of
715 2195 52 21 Port.
786 2195 125 26 Nicholson,
930 2197 49 21 that
993 2197 26 21 he
1030 2197 38 21 has
1079 2198 124 27 complered
1219 2199 34 21 his

673 2228 47 14 new
740 2222 131 27 workshops,
883 2223 42 21 and
939 2224 17 20 is
975 2231 46 13 now
1040 2225 68 26 ready
1125 2229 21 17 to
1163 2225 49 26 give
1229 2226 23 21 in

673 2248 98 22 Tenders
781 2249 33 21 for
826 2249 36 21 the
872 2250 95 21 election
978 2251 24 21 of
1010 2251 120 27 Buildings.

700 2281 190 26 Manners-street,
901 2282 30 21 Te
943 2282 51 23 Aro,
1007 2283 55 21 Nov.
1073 2285 19 19 9.

712 2324 250 23 ROWLAND'S
996 2327 213 25 KALYDOS,

673 2355 49 47 A
737 2355 223 23 PREPARATION
972 2357 53 22 from
1037 2360 93 19 Oriental
1136 2361 90 24 Exotics,
1233 2360 19 21 is

725 2389 48 14 now
783 2383 132 27 universally
922 2383 80 23 known
1014 2392 22 14 as
1046 2385 36 22 the
1092 2387 48 24 only
1150 2387 45 21 safe
1206 2387 45 21 and

673 2409 96 21 efficient
774 2412 109 23 protector
892 2411 43 22 and
946 2412 106 26 beaulifier
1061 2413 26 21 of
1094 2413 36 21 the
1141 2414 56 20 Skin
1207 2413 44 21 and

673 2435 156 23 Complexion.
859 2437 31 21 Its
910 2437 80 23 virtues
1008 2446 37 15 are
1063 2440 127 27 commonly
1207 2440 33 21 dis

671 2462 81 26 played
770 2463 21 21 in
812 2463 132 28 thoroughly
961 2465 133 28 eradicating
1113 2467 30 21 all
1156 2468 93 25 pimples,

671 2491 61 24 spots,
744 2491 88 24 redness,
843 2494 44 20 tan,
898 2492 99 24 freckles,
1009 2493 43 21 and
1062 2493 62 21 other
1137 2494 114 27 unsightly

671 2519 110 19 cutaneous
797 2519 85 26 defects,
902 2519 21 21 in
942 2519 88 28 healing
1049 2521 113 26 chilblains,
1180 2522 69 26 chaps,

671 2544 44 21 and
731 2545 22 20 in
770 2546 119 27 rendering
905 2547 36 21 the
951 2550 56 18 most
1020 2547 70 27 rough
1101 2547 45 22 and
1162 2555 87 15 uneven

671 2571 54 24 skin,
737 2571 122 28 pleasantly
870 2573 43 21 soft
922 2573 43 21 and
984 2574 93 21 smooth.
1106 2575 33 21 To
1149 2575 37 21 the
1196 2582 55 13 com-

666 2599 92 25 plexicn,
769 2599 18 20 it
797 2599 89 26 irr.parts
901 2608 13 13 a
925 2600 98 26 juvenile
1039 2604 85 18 roseate
1143 2601 49 26 hue,
1204 2602 46 21 and

671 2630 21 15 to
703 2625 37 21 the
751 2627 56 24 neck,
820 2627 61 26 hnnd,
893 2627 44 21 and
946 2633 52 20 arm,
1010 2634 13 14 a
1035 2628 100 27 delicacy
1145 2629 43 20 and
1198 2629 51 21 fair-

670 2658 49 16 ness
730 2652 129 22 unrivalled.

697 2683 21 22 It
729 2684 18 21 is
757 2684 125 22 invaluable
888 2692 24 14 as
917 2692 13 14 a
935 2686 129 27 renovating
1073 2686 45 22 and
1127 2687 122 27 refreshing

670 2710 74 26 Wasli,
764 2711 80 26 during
865 2712 121 31 traveling,
1007 2720 24 14 or
1049 2721 107 19 exposure
1176 2718 21 18 to
1211 2715 37 21 the

670 2744 48 19 sun,
730 2738 56 24 dust,
798 2745 25 14 or
837 2738 71 21 harsh-
915 2740 73 24 winds,
1000 2740 41 21 and
1052 2742 56 20 after
1119 2740 36 22 the
1168 2740 80 23 heated

669 2764 138 26 atmosphere
825 2765 24 20 of
863 2766 99 21 crowded
980 2767 159 22 assemblies.—
1143 2768 105 21 Gentle-

669 2797 54 18 men,
733 2790 42 21 will
786 2790 45 21 find
840 2792 17 20 it
866 2792 119 27 peculiarly
991 2794 93 26 grateful
1096 2794 55 22 after
1157 2794 92 28 shaving

668 2817 22 21 in
701 2817 99 27 allaying
809 2817 36 22 the
856 2818 114 23 irritation.

669 2848 62 22 Price
736 2851 31 21 4s.
775 2849 34 21 6d.
819 2849 44 21 and
870 2851 30 20 Bs.
908 2850 33 21 6d.
948 2858 40 19 per
994 2851 72 26 bottle,
1074 2852 54 27 duty
1135 2853 111 21 included.

816 2895 87 20 Town
917 2895 30 20 of
964 2896 133 21 Moreton.
1158 2902 7 12 *

669 2928 87 47 FOR
770 2928 85 26 SALE,
870 2928 37 21 the
922 2928 52 22 land
989 2929 91 22 situated
1097 2935 24 16 at
1137 2931 35 21 the
1185 2931 62 28 point

748 2954 85 22 formed
853 2955 29 27 by
902 2955 36 21 the
958 2956 127 21 confluence
1102 2957 25 21 of
1143 2957 41 24 the.
1198 2959 49 21 four

666 2982 69 21 rivers
745 2989 5 14 :
761 2992 28 4 —
802 2982 61 26 Hutt,
889 2982 110 27 Oukoutu,
1024 2983 55 21 Awa
1104 2984 73 27 Motu,
1202 2985 44 22 and

753 3008 110 22 Waiwatu
873 3009 49 21 with
934 3009 37 21 the
981 3016 42 20 sea,
1035 3010 43 21 laid
1089 3014 38 18 out
1137 3018 23 14 as

667 3042 20 21 A
715 3041 100 26 TOWN,
845 3041 36 22 IN
915 3042 207 23 ALLOTMENTS
1157 3045 39 22 OF
1223 3045 22 22 A

720 3068 148 24 QUARTER
888 3069 37 21 OF
941 3069 43 21 AN
1000 3070 81 21 ACRE
1097 3070 93 29 EACH,

849 3095 53 21 with
911 3096 150 22 commodious

667 3128 137 26 STREETS,
841 3128 111 22 PUBLIC
986 3130 91 25 QUAY,
1112 3130 134 24 MARKET

693 3154 106 26 PLACE,
815 3154 135 28 CHURCH,
967 3156 153 28 CEMETRY,
1131 3158 86 22 &c.&c.

666 3180 52 21 This
728 3183 48 24 spot
784 3180 19 23 is
814 3180 47 22 well
871 3181 80 22 known
963 3189 23 15 as
997 3182 35 22 the
1042 3183 52 27 only
1104 3184 62 27 place
1176 3185 22 21 in
1209 3185 36 21 'he

667 3206 67 23 River
751 3207 59 21 Hutt
826 3207 71 22 where
908 3215 12 14 a
928 3209 70 21 vessel
1016 3210 25 20 of
1052 3217 61 15 more
1129 3211 52 23 than
1197 3212 49 21 four

665 3236 48 19 tons
730 3233 44 22 and
789 3234 100 26 upwarc's
906 3239 20 17 to
937 3235 75 28 eighty
1021 3243 41 19 can,
1078 3237 67 22 reach
1156 3238 42 22 and
1208 3239 37 26 lay

664 3260 23 21 in
706 3260 71 27 safety
786 3260 23 21 in
829 3267 43 20 any
887 3261 102 27 weather,
1005 3264 44 20 and
1063 3264 23 20 in
1104 3264 56 28 deep
1179 3269 66 18 water

665 3286 57 22 close
732 3290 23 18 to
765 3286 37 22 the
812 3286 71 23 shore.
912 3288 22 21 It
944 3288 18 21 is
970 3289 89 27 pointed
1073 3294 40 18 out
1127 3291 29 27 by
1165 3297 80 17 nature

920 3321 24 15 as
954 3314 37 22 the

665 3347 102 23 DEPOT
786 3348 62 22 FOR
867 3349 63 22 THE
955 3349 142 24 PRODUCE
1118 3352 40 22 OF
1181 3352 12 21 'I
1200 3352 44 23 HE

831 3375 84 23 HUTT
927 3376 150 23 DISTRICT.

664 3401 46 23 The
720 3401 120 23 advertiser
850 3403 72 21 leaves
932 3403 18 21 it
958 3407 23 17 to
990 3404 36 21 the
1036 3404 58 28 good
1106 3413 63 15 sense
1179 3406 26 22 of
1211 3405 34 22 his

665 3428 70 22 fellow
746 3429 102 21 colonists
864 3434 21 16 to
899 3429 70 28 judge
986 3431 24 20 of
1021 3431 38 21 the
1067 3431 101 23 ultimate
1180 3432 64 23 value

664 3455 24 20 of
694 3462 14 14 a
718 3458 87 23 quarter
822 3455 25 21 of
859 3463 28 14 an
904 3464 56 19 acre,
976 3457 70 22 which
1062 3462 23 17 at
1101 3458 37 22 the
1155 3462 90 24 present

663 3484 98 19 moment
769 3482 19 21 is
798 3482 81 22 offered
890 3485 23 19 at
922 3483 36 21 the
969 3483 41 22 low
1018 3484 59 27 price
1089 3485 26 22 of
1125 3486 54 26 £10,
1191 3486 53 21 with

664 3515 12 14 a
685 3507 58 28 right
758 3509 26 20 of
796 3509 89 27 priority
902 3510 24 21 of
939 3510 82 27 choice,
1038 3512 113 26 regulated
1164 3513 27 27 by
1205 3512 37 22 the

663 3534 89 28 priority
771 3535 26 21 of
812 3536 114 26 purchase.
955 3537 47 22 The
1020 3542 44 17 rest
1083 3538 27 22 of
1125 3539 37 22 the
1181 3539 59 25 land,

663 3561 104 30 leaching
777 3562 56 27 from,
845 3563 39 21 Dr.
896 3563 92 28 Healy's
997 3563 36 22 old
1045 3571 67 16 warro
1122 3568 22 19 to
1163 3565 47 22 that
1219 3566 26 21 of

663 3587 36 22 the
721 3589 145 25 advertiser's,
887 3590 66 27 being
972 3590 43 21 laid
1035 3594 37 18 out
1090 3587 25 26 in
1132 3592 110 23 suburban

663 3614 127 22 allotments
804 3615 26 21 of
842 3618 43 19 two
904 3617 61 21 acre's
983 3617 61 22 each:
1072 3618 133 22 Purchasers
1219 3619 25 21 of

663 3645 56 17 town
730 3641 53 22 land
794 3641 56 22 have
861 3650 13 15 a
883 3642 82 23 chance
975 3644 25 22 of
1013 3645 103 27 securing
1124 3653 15 14 a
1147 3646 62 26 piece
1218 3646 26 21 of

661 3668 83 25 gqrden
769 3667 55 23 land
846 3669 24 21 in
895 3669 35 22 the
953 3670 128 30 immediate
1104 3672 93 27 vicinity
1219 3672 26 21 of

661 3695 112 21 Moreton.

687 3728 82 27 Apply,
785 3735 28 14 on
831 3728 108 28 Tuesday,
950 3729 147 29 Wednesday,
1117 3731 121 27 Thursday,

661 3754 87 27 Friday,
760 3755 43 22 and
816 3756 107 28 Saturday
941 3758 118 26 mornings,
1069 3763 24 16 at
1108 3758 36 21 the
1162 3758 78 21 adver-

661 3780 70 22 tiser's
753 3781 71 27 office,
849 3787 55 17 next
924 3782 55 22 door
1001 3787 22 18 to
1045 3784 37 21 the
1103 3784 135 27 Wellington

659 3807 103 27 Tavern,.
766 3808 71 24 where
847 3809 37 23 the
894 3809 52 26 plan
963 3809 47 27 lays
1019 3810 35 21 for
1061 3810 123 27 inspection
1193 3818 5 20 ;
1214 3818 26 14 or

659 3838 23 19 at
690 3841 45 19 ajiy
748 3834 61 31 time,
821 3835 57 23 from
894 3836 107 28 Saturday
1010 3836 34 23 till
1060 3836 102 28 Monday
1171 3844 69 18 even-

658 3860 45 28 ing,
713 3864 24 18 at
745 3860 36 23 his
790 3861 120 24 residence,
922 3869 31 14 on
962 3862 38 21 the
1010 3862 65 23 Hutt.

856 3908 4 4 ■
864 3892 108 33 Charles
983 3892 31 22 E.
1024 3892 55 24 Yon.
1091 3891 117 32 Alzdp,&p.

683 3925 113 28 February
807 3926 34 26 24,
853 3916 70 31 1843.'
953 3916 4 7 '
1068 3916 5 6 '
1226 3922 4 5 '
1245 3934 3 6 •

1452 707 61 20 Sale
1527 708 38 24 by
1581 708 127 21 Auction.

1294 738 156 50 MESSRS.
1480 739 94 27 HORT,
1610 740 156 23 MOCATTA.
1802 742 66 22 AND

1383 766 151 23 COMPANY
1549 766 56 22 have
1615 767 101 22 received
1730 768 139 22 instructions

1259 803 6 4 -
1292 792 56 20 from
1358 791 36 21 the
1411 792 108 27 Principal
1538 793 74 26 Agent
1621 794 26 20 of
1658 793 36 21 the
1707 794 162 22 New-Zenland

1259 825 5 13 :
1293 817 119 31 Company,
1434 819 44 21 arid
1498 819 41 21 will
1559 819 53 22 offer
1630 820 34 21 for
1679 820 51 22 Sale
1748 821 30 26 by
1793 821 75 21 Public

1259 853 3 11 i
1292 844 103 26 Auction,
1407 852 27 14 on
1452 845 140 27 Wednesday
1608 851 59 18 next,
1679 846 36 22 the
1734 847 50 21 19th
1799 847 67 28 April,

1291 874 24 16 at
1326 871 21 20 11
1360 871 89 26 o'clock,
1461 876 23 16 at
1494 872 56 21 their
1566 873 80 26 Stores,
1657 873 31 21 Te
1705 874 47 20 Aro
1764 873 55 28 Flat,
1831 875 36 21 the

1259 898 3 20 [
1291 895 109 28 following
1416 898 75 26 goods,
1503 899 66 26 being
1583 903 49 23 part
1642 900 24 20 of
1673 899 38 21 the
1722 901 146 26 unexpended

1291 924 73 20 Stores
1373 924 25 20 of
1405 925 37 20 the
1452 925 120 27 Company,
1583 925 119 28 consisting
1711 927 34 21 of:
1747 937 28 6 —

1317 956 107 28 Tobacco,,
1433 964 51 20 very
1496 958 104 28 superior,
1612 959 53 27 duty
1675 960 54 26 free,

1317 982 89 27 Witney
1418 983 104 28 blankets,

1317 1009 62 21 Price
1390 1011 44 20 and
1445 1011 110 22 Gosnell's
1566 1012 92 21 London
1668 1019 59 21 soap,

1280 1042 5 3 '
1318 1035 89 23 Printed
1417 1037 112 26 cambrics,

1317 1063 80 21 Cotton
1407 1063 177 28 handkerchiefs,

1317 1089 101 22 Cambric
1428 1090 89 26 dresses,

1317 1115 78 21 Cotton
1405 1116 86 25 shawls,

1317 1142 101 21 Summer
1428 1142 76 28 cloths,

1317 1168 79 22 Cotton
1405 1169 65 23 duck,

1317 1194 70 22 Linen
1398 1195 45 21 and
1452 1195 73 22 Union
1535 1196 76 26 check,
1622 1196 108 22 furniture
1739 1197 77 28 check,

1318 1221 72 21 Welsh
1402 1221 89 27 flannel,

1316 1247 74 27 Itifles,
1402 1249 87 26 fowling
1499 1249 78 27 pieces,
1588 1250 124 26 percussion
1722 1258 63 21 guns,

1317 1274 106 26 Muskets,
1437 1275 87 27 powder
1534 1276 45 21 and
1588 1276 54 25 *.hot,
1651 1277 4 5 '

1317 1300 52 22 Shot
1381 1302 55 20 belts
1445 1301 43 21 and
1497 1302 89 27 powder
1594 1303 74 26 flasks,

1315 1327 21 21 A
1356 1327 59 27 large
1434 1333 130 17 assortment
1583 1329 24 21 of
1622 1330 155 27 ironmongery
1797 1329 24 23 of
1836 1330 30 22 all

1289 1353 69 27 kinds,

1316 1380 65 22 Duck
1390 1383 101 19 trowsers
1501 1381 44 22 and
1555 1381 78 27 frocks,

1315 1407 55 21 Blue
1379 1414 42 20 pea
1428 1407 92 27 jackets,

1316 1433 54 21 Blue
1381 1435 90 20 woollen
1484 1442 113 20 wiappers,

1315 1459 55 22 Blue
1381 1460 58 22 cloth
1445 1461 86 26 jackets
1541 1461 45 21 and
1595 1465 106 23 trowsera,

1316 1487 68 26 Super
1394 1487 58 21 cloth
1463 1491 107 23 trowsers,

1316 1513 73 21 Check
1398 1513 72 26 shirts,

1315 1539 90 21 Fustian
1416 1540 61 26 suits,.

1316 1566 60 21 Plaid
1388 1567 73 21 cloaks
1475 1567 68 27 lined,

1315 1593 101 21 Camblet
1426 1593 42 26 do.,

1315 1619 80 21 Patent
1404 1619 83 23 leather
1496 1621 62 26 belts,

1315 1645 99 23 Lucifers
1425 1647 41 21 and
1476 1647 83 27 sealing
1569 1654 55 21 wax,

1270 1676 3 15 l
1315 1673 184 26 Crockery-ware,

1315 1699 152 21 Blacksmiths'
1478 1700 60 26 forge
1548 1701 114 27 complete,

1315 1726 102 22 Portable
1428 1734 72 19 crane,

1315 1753 63 21 Nails
1395 1753 26 21 of
1431 1760 67 20 every
1513 1753 138 28 description,
1662 1755 41 21 and
1720 1762 14 15 a
1748 1756 84 27 variety
1842 1756 26 22 of

1288 1779 62 22 other
1358 1780 74 26 goods.

1313 1814 77 21 Terms
1406 1814 83 30 liberal,
1505 1815 45 21 and
1565 1815 43 22 will
1623 1816 29 21 be
1666 1815 66 22 made
1746 1816 79 21 known
1840 1819 23 18 at

1288 1840 51 22 time
1350 1841 24 20 of
1385 1841 52 22 sale.

1481 1875 184 15 REFRESHMENTS.

1288 1894 63 26 April
1362 1896 31 24 11,
1405 1896 60 19 1843.

1379 1954 41 20 On
1439 1953 68 25 Sale,
1527 1959 37 15 ex

1287 1985 183 48 BRANDY
1498 1986 40 21 IN
1566 1987 245 26 HOGSHEADS,

1362 2012 89 27 Brandy
1461 2013 21 21 in
1495 2020 67 19 cases,
1575 2020 52 20 very
1637 2013 103 27 superior,

1313 2038 77 22 Porter
1397 2039 23 21 in
1431 2039 71 27 hhds.,

1313 2065 44 21 Gin
1366 2065 23 21 in
1400 2065 49 21 half
1459 2074 66 17 cases,

1313 2091 59 21 West
1385 2092 63 20 India
1458 2100 70 19 sugar,
1541 2093 37 21 the
1587 2093 48 21 best
1645 2100 49 14 ever
1704 2093 115 28 imported,

1311 2118 100 21 Tobacco
1422 2119 22 21 in
1454 2121 40 19 200
1506 2120 28 21 Ib.
1545 2120 57 25 kegs,

1312 2145 74 26 Cigars
1397 2145 19 21 in
1430 2145 107 28 packages
1547 2148 25 19 of
1579 2148 60 25 4000,

1311 2171 87 21 Ijottled
1409 2172 35 21 ale
1454 2173 44 20 and
1507 2177 80 22 porter,
1599 2173 117 27 Dimbar's,

1312 2198 94 21 Candles
1417 2199 22 21 in
1451 2199 73 21 boxes.

1675 2227 63 21 John
1753 2227 80 22 Wade.

1310 2251 31 21 Te
1353 2251 51 25 Aro,
1415 2251 63 28 April
1487 2254 20 25 4,
1518 2254 62 20 1843.

1284 2303 84 21 Town
1391 2305 54 19 and
1469 2305 120 25 Country
1608 2306 76 20 Land
1705 2307 30 19 to
1757 2306 49 20 Let
1825 2312 35 14 on

1469 2332 77 26 Long
1567 2333 105 19 Leases.

1282 2364 96 48 NOS.
1397 2364 25 21 of
1438 2364 36 22 the
1493 2368 58 19 town
1571 2373 61 14 acres
1651 2373 28 14 on
1695 2366 39 21 the
1753 2367 108 27 Surveyor

1478 2392 115 21 General's
1604 2392 62 27 Plan,

1388 2426 40 20 224
1552 2427 40 20 510
1713 2428 40 20 263

1284 2450 41 22 For
1333 2451 137 27 particulars,
1482 2452 65 27 apply
1558 2456 22 18 to

1444 2485 120 28 Wallace,
1576 2486 91 27 White,
1679 2487 45 21 and
1738 2487 121 21 Wallace.

1309 2517 54 28 May
1371 2519 34 21 31.
1418 2519 60 21 1842.

1490 2565 162 26 Wanganui.

1281 2599 65 48 TO
1362 2599 64 26 LET,
1443 2606 13 14 a
1470 2599 151 22 commodious
1640 2599 114 21 residence
1771 2599 24 22 of
1811 2599 48 21 four

1353 2632 78 20 rooms,
1443 2626 73 26 facing
1525 2627 38 21 the
1574 2625 68 26 river;
1658 2626 128 27 plate-glass
1797 2625 62 22 doors

1280 2651 44 21 and
1332 2652 109 26 windows,
1453 2653 51 21 with
1520 2653 73 26 cellar,
1604 2653 44 21 and
1663 2660 12 14 a
1689 2653 101 26 spacious
1806 2653 53 21 floor

1280 2679 75 21 above.
1394 2679 89 22 Garden
1503 2680 20 21 in
1544 2679 41 22 full
1602 2679 137 23 cultivation.
1774 2680 83 25 Terms,

1280 2705 47 21 £30
1338 2713 38 19 per
1386 2713 91 15 annum.

1306 2731 53 22 Also
1369 2739 13 15 a
1392 2733 89 27 similar,
1492 2733 40 21 but
1540 2733 73 26 larger
1621 2732 122 22 residence.
1771 2733 83 24 Terms,

1279 2759 47 23 £40
1334 2766 39 20 per
1382 2767 90 14 annum.
1503 2759 74 28 Apply
1588 2764 20 16 to

1701 2786 46 22 Dr.
1762 2786 67 23 Rees.

1305 2812 64 26 April
1380 2815 34 24 18,
1427 2814 59 23 1843.

1460 2860 113 19 Gazette
1588 2859 87 20 Office.

1278 2892 196 22 STATIONERY
1489 2891 192 23 WHOLESALE
1695 2892 22 21 &
1733 2892 121 22 RETAIL.

1276 2926 86 47 WE
1384 2926 44 27 beg
1449 2929 22 18 to
1495 2933 114 15 announce
1628 2925 37 24 the
1686 2926 87 26 arrival,
1797 2926 57 21 from

1369 2952 109 28 England,
1490 2953 25 21 of
1523 2952 37 21 the
1576 2952 46 21 first
1632 2956 46 23 part
1687 2952 26 21 of
1723 2960 40 14 our
1778 2956 76 18 exten-

1275 2978 45 22 sive
1330 2980 73 21 orders
1412 2980 24 24 in
1447 2980 42 21 this
1499 2979 140 27 department
1649 2979 24 21 of
1680 2979 106 22 business.
1808 2980 46 21 Our

1275 3006 61 21 stock
1346 3006 89 27 already
1445 3006 91 22 consists
1551 3006 26 21 of
1588 3013 65 24 every
1663 3006 75 21 article
1753 3006 101 28 requi/ed

1275 3032 33 21 for
1323 3033 95 26 Schools,
1532 3033 84 25 Courts,
1635 3032 52 21 Law
1703 3032 88 24 Offices,
1809 3034 45 21 and

1275 3058 87 29 Artists,
1373 3060 39 22 &c.
1422 3067 5 19 ;
1443 3059 72 22 whilst
1524 3059 36 22 the
1578 3059 135 22 ornamental
1724 3059 44 21 and
1784 3060 69 21 draw-

1275 3087 35 25 ing
1324 3093 59 15 room
1400 3086 120 27 stationery
1536 3086 40 21 has
1589 3090 40 17 not
1642 3087 55 20 been
1713 3086 139 22 overlooked.

1275 3112 45 23 The
1331 3113 124 23 difficulties
1466 3113 114 27 attending
1588 3112 38 22 the
1635 3112 47 22 first
1689 3112 165 23 establishment

1275 3140 78 27 having
1364 3141 55 21 been
1436 3147 120 20 overcome,
1568 3139 44 22 and
1623 3147 64 20 every
1703 3140 80 22 arrival
1798 3140 55 22 from

1275 3166 101 27 England
1394 3167 83 27 adding
1492 3167 59 22 fresh
1568 3166 108 23 additions
1691 3170 22 19 to
1730 3173 39 15 our
1784 3167 67 27 stock,

1274 3192 44 23 will
1334 3194 77 21 enable
1426 3201 25 14 us
1461 3197 22 18 to
1499 3194 81 22 reduce
1597 3201 40 14 our
1651 3194 92 27 charges
1752 3201 29 14 on
1797 3197 57 18 most

1275 3220 84 22 articles
1368 3225 23 17 at
1399 3220 57 22 least
1465 3222 26 21 50
1500 3227 39 20 per
1548 3225 57 18 cent.

1299 3247 153 28 Storekeepers
1470 3247 43 22 and
1532 3247 117 22 wholesale
1666 3247 86 22 dealers
1771 3254 40 15 can
1825 3247 27 22 be

1275 3274 97 27 supplied
1387 3278 22 18 to
1425 3281 43 21 any
1478 3277 83 23 extent,
1580 3274 42 21 and
1639 3281 28 16 on
1684 3279 66 17 terms
1766 3274 86 27 equally

1274 3300 161 28 advantageous
1444 3304 23 19 to
1477 3308 43 19 any
1527 3300 105 22 obtained
1641 3301 23 20 in
1675 3301 96 27 Sydney,

1300 3327 88 22 Ladies'
1397 3328 44 21 and
1450 3327 146 28 gentlemen's
1605 3327 53 22 card
1667 3334 68 20 cases,

1300 3353 63 22 Ditto
1431 3354 35 22 do.
1521 3354 72 21 tinted
1602 3354 47 21 and
1658 3354 117 21 embossed
1781 3353 70 27 cards,

1300 3380 92 28 Sponge,
1404 3379 77 24 wafers
1490 3381 22 22 in
1521 3383 14 20 2
1545 3387 34 15 oz.
1589 3380 74 26 boxes,

1299 3407 79 27 Ebony
1386 3408 122 26 inkstands,
1518 3407 54 24 with
1582 3407 99 25 drawers,

1270 3441 3 3 '
1299 3434 72 21 Broad
1382 3434 43 22 and
1436 3441 81 15 narrow
1528 3441 67 20 green
1605 3434 42 21 silk
1658 3433 86 27 ribbon,

1285 3477 4 7 ,
1299 3460 64 22 Brief
1369 3461 45 22 and
1425 3461 56 22 deed
1489 3468 73 20 paper,

1299 3487 72 22 Ruled
1381 3495 67 21 paper
1457 3488 33 21 for
1501 3487 37 22 bill
1548 3486 74 26 heads,

1299 3514 70 27 Royal
1384 3514 68 27 hand,
1466 3514 79 21 double
1562 3514 61 21 hand
1638 3514 82 25 brown,
1738 3512 44 23 and
1790 3512 61 28 royal

1273 3541 73 23 brown,
1357 3542 111 26 wrapping
1477 3547 72 21 paper,

1296 3566 99 28 Ledgers
1405 3568 44 21 and
1459 3571 94 18 account
1562 3566 76 26 books,
1650 3566 88 23 various
1747 3566 62 26 sizes,

1298 3591 80 24 Pocket
1389 3594 85 28 ledgers
1484 3594 43 22 and
1537 3593 167 22 memorandum
1714 3593 76 27 books,

1298 3620 118 26 Engraved
1426 3629 55 19 copy
1488 3621 53 27 slips
1550 3620 45 22 and
1604 3620 76 26 books,

1298 3646 52 22 Best
1360 3647 77 22 Welch
1447 3651 66 19 slates
1528 3648 62 26 large
1597 3647 43 21 and
1650 3646 70 26 small,

1489 3693 54 21 For
1557 3693 68 20 Sale.

1270 3726 50 48 A
1348 3725 286 23 DWELLING-HOUSE
1661 3733 28 14 on
1713 3725 138 28 Wellington,

1346 3749 101 30 Terrace,
1458 3750 95 30 adapted
1563 3752 37 22 for
1607 3759 13 14 a
1629 3752 63 22 small
1703 3752 85 33 family.

1296 3777 43 23 For
1348 3779 136 27 particulars,
1493 3779 92 29 enquire
1594 3782 24 18 at
1628 3779 36 21 the
1676 3780 62 21 Store
1748 3779 28 21 of

1414 3813 31 22 H.
1461 3813 96 22 Taylor
1571 3813 21 21 &
1608 3813 48 26 Co.,
1666 3811 157 23 Willis-street.

1261 3855 6 2 -
1294 3845 113 28 February
1416 3847 22 25 3,
1447 3847 61 21 1843.

1261 3914 4 3 -
1275 3896 84 25 TUST
1374 3888 135 38 QP'E^ED,
1515 3895 44 23 and
1569 3888 90 37 onfSaie
1748 3888 103 35 pfl^cqo',

1267 3918 26 27 «J
1329 3919 43 26 tliis
1380 3921 80 30 paper;
1468 3921 38 23 ink
1516 3921 76 23 stands
1601 3921 27 23 of
1633 3921 88 23 various
1730 3921 62 22 sizes.

2023 712 52 20 For
2092 713 67 24 Sale,
2174 719 65 20 very
2254 715 94 26 Cheap.

1900 741 50 51 A
1965 744 83 23 NEAT
2063 745 134 22 WOODEN
2212 746 147 28 COTTAGE,
2370 749 61 22 fitted
2443 757 30 20 up

1976 770 54 22 with
2040 778 65 20 every
2114 772 107 21 attention
2233 777 22 17 to
2265 774 91 21 comfort
2366 776 43 21 and
2420 783 54 14 con-

1900 797 105 21 venience
2016 797 85 26 (within
2111 801 38 18 tea
2160 799 95 22 minutes
2265 800 54 21 walk
2327 802 26 21 of
2366 802 106 22 Barrett's

1902 823 83 27 Hotel),
1998 824 51 21 with
2061 825 11 24 |
2082 824 26 21 of
2115 831 26 15 an
2155 833 51 14 acie
2217 826 25 21 of
2249 826 52 22 land
2310 828 104 23 attached,
2424 832 22 18 to
2455 830 18 21 it

1899 849 47 22 well
1961 850 76 27 found,
2053 851 44 21 and
2112 851 22 22 in
2145 859 12 14 a
2174 852 53 26 high
2241 856 53 18 state
2304 854 25 21 of
2336 854 136 28 cultivation,

1899 876 51 25 with
1961 884 13 13 a
1986 884 68 14 never
2063 877 76 27 failing
2154 882 81 18 stream
2252 880 23 20 of
2287 880 110 23 excellent
2406 886 68 18 water

1898 903 95 26 running
2002 903 94 27 through
2107 905 22 20 it.
2158 904 59 21 Both
2227 905 36 22 the
2272 906 50 21 land
2333 908 43 20 and
2387 912 86 22 cottage

1898 936 38 14 are
1945 929 21 21 in
1976 937 13 13 a
1999 929 108 22 sheltered
2113 931 110 27 situation,
2234 932 42 21 and
2285 932 57 22 have
2348 933 36 22 the
2390 933 84 23 benefit

1899 955 26 21 of
1930 955 37 21 the
1976 963 39 14 sun
2026 956 37 21 the
2072 956 68 22 whole
2151 957 49 27 day.

1925 981 48 23 The
1981 983 69 21 above
2066 990 40 14 can
2122 983 33 21 be.
2164 983 131 32 confidently
2304 986 170 22 recommended

1898 1015 24 14 as
1932 1016 13 13 a
1953 1008 112 22 residence
2075 1009 33 21 for
2117 1016 12 14 a
2138 1010 85 25 private
2238 1011 81 26 family.
2348 1012 47 21 The
2409 1018 66 17 terms

1898 1034 44 22 will
1962 1035 25 21 be
2006 1035 67 21 made,
2083 1039 23 17 io
2120 1036 43 21 suit
2180 1036 37 21 the
2232 1037 128 27 purchaser;
2383 1046 14 14 a
2411 1040 64 21 small

1898 1060 83 28 deposit
1990 1062 44 20 will
2046 1062 31 21 be.
2080 1062 107 27 required,
2193 1063 45 21 and
2249 1064 34 21 the
2290 1065 125 22 remainder
2423 1072 52 21 may

1898 1087 81 21 remain
1989 1094 28 15 on
2028 1089 150 26 morfgage.for
2185 1096 13 14 a
2207 1092 56 19 term
2270 1091 24 20 of
2300 1098 71 19 years.
2399 1093 76 27 Apply

1898 1118 22 17 to
1931 1114 93 22 Robert
2040 1114 71 27 Park,
2126 1115 59 27 Esq.,
2198 1123 24 14 or

2286 1143 64 22 John
2364 1144 81 23 Wade.

1924 1166 31 22 Te
1966 1167 52 26 Aro,
2030 1166 96 29 January
2136 1169 33 26 13,
2181 1170 61 21 1843.

2003 1217 168 27 Wellington
2186 1219 54 20 and
2261 1219 103 22 Petoni.

2098 1251 28 26 by
2137 1251 44 22 Mr.
2199 1252 59 21 John
2274 1252 107 27 Webster,
2391 1253 44 22 late
2451 1254 26 22 of

1898 1277 27 20 A.
1968 1276 108 27 Thorney,
2098 1277 108 27 England,
2228 1285 48 15 now
2296 1279 26 21 of
2340 1280 134 27 Wellington

1897 1302 45 21 and
1961 1302 83 27 Petoni,
2062 1303 54 21 New
2131 1303 105 28 Zealand,
2253 1305 31 21 for
2301 1305 54 28 deep
2373 1307 97 27 wound*,

1897 1328 45 22 and
1951 1328 32 22 for
1993 1336 58 15 sores
2062 1329 20 21 in
2100 1329 69 22 hands
2185 1331 44 21 and
2245 1331 43 22 feet
2302 1332 22 21 in
2343 1332 127 29 Christians,

1898 1362 47 14 sore
1956 1355 66 21 heaiU
2033 1356 21 20 in
2064 1356 105 27 children,
2178 1359 40 20 &c.
2227 1365 5 20 ;
2250 1358 50 21 with
2308 1359 70 27 safety
2389 1367 13 14 a
2413 1367 57 16 cure.

1898 1381 54 22 And
1961 1382 109 21 medicine
2080 1383 33 21 for
2122 1383 94 22 diseases
2226 1391 22 14 in
2259 1385 71 22 cattle.

1926 1409 51 26 May
1992 1408 28 22 be
2037 1408 43 22 had
2096 1409 23 21 of
2133 1410 44 22 Mr.
2188 1411 99 22 Webster
2299 1419 27 14 on
2343 1413 128 23 reasonabla

1897 1437 73 19 terms.

1924 1468 77 22 March
2013 1468 19 28 7,
2044 1470 59 21 1843.

1950 1520 38 20 To
2005 1522 81 19 stand
2101 1523 27 19 to
2145 1527 79 16 cover
2243 1524 53 20 this
2311 1529 107 21 season,

2052 1556 30 19 At
2092 1556 138 26 Berhampore
2242 1558 68 25 Fatm,

1898 1588 88 21 rriHE
2014 1589 49 21 well
2089 1590 79 22 known
2197 1591 106 28 thorough
2326 1592 54 22 bred
2406 1594 65 22 horse

1904 1613 29 23 X
1960 1615 94 27 Figaro,
2066 1616 37 21 the
2113 1621 103 23 property
2225 1618 26 21 of
2258 1618 74 22 James
2343 1619 66 27 Watt,
2418 1621 52 26 Esq.

1924 1640 76 28 Figaro
2011 1649 43 14 was
2063 1642 73 22 foaled
2145 1644 24 21 in
2180 1644 128 26 December,
2324 1647 59 24 1837,
2393 1651 39 22 got
2444 1647 28 27 by

1898 1667 111 27 Operator,
2022 1668 50 22 dam
2086 1670 105 21 Adelaide
2201 1670 31 27 by
2241 1672 100 22 Teorum.

1923 1694 109 27 Operator
2040 1703 44 14 was
2095 1696 72 22 foaled
2176 1697 24 20 in
2214 1699 58 25 1832,
2282 1702 39 22 got
2331 1699 28 27 by
2371 1699 99 27 Einilius,

1896 1720 50 21 dam
1957 1721 120 22 Worthless
2088 1722 28 27 by
2129 1722 94 28 Walton,
2235 1727 37 19 out
2279 1724 25 22 of
2312 1725 120 23 Altisidora
2444 1727 28 27 by

1896 1746 59 22 Dick
1964 1748 115 22 Andrews.

1922 1778 72 28 Every
2002 1780 106 22 attention
2117 1781 43 21 will
2175 1781 29 22 be
2219 1781 51 28 paid
2279 1785 22 19 to
2308 1790 73 15 mares
2390 1786 49 20 sent
2449 1787 22 19 to

1895 1804 53 22 him.

1923 1832 101 27 Charges,
2051 1833 52 21 with
2124 1838 127 24 guarantee,
2276 1843 65 15 seven
2364 1837 92 26 guineas
2464 1846 5 18 ;

1896 1858 89 23 without
2000 1865 126 22 guarantee,
2145 1861 42 22 five
2202 1862 98 27 guineas,
2310 1870 118 21 groomage
2437 1865 31 21 in-

1896 1885 84 23 cluded.

1922 1919 141 28 Wellington.
2075 1920 95 23 October
2178 1923 40 25 25,-
2225 1924 8 19 1
2238 1924 44 21 832,

1946 1969 65 21 Port
2025 1970 149 22 Nicholson
2190 1972 55 20 and
2254 1972 162 27 Wanganui.

1895 2002 163 49 SEVERAL
2071 2003 66 21 Town
2153 2003 46 22 and
2215 2004 97 26 Country
2331 2006 97 21 Sections
2446 2006 24 22 in

1959 2028 59 22 these
2028 2028 92 23 districts
2131 2034 21 17 to
2164 2030 26 21 be
2200 2030 49 22 sold
2259 2038 21 14 or
2295 2032 39 21 let.
2362 2032 45 22 For
2420 2040 50 20 par-

1893 2054 87 23 ticulars
1990 2055 45 22 and
2046 2059 71 24 terms,
2127 2056 66 28 apply
2204 2061 22 17 to

2192 2089 92 22 Robert
2300 2089 26 22 R.
2343 2090 99 23 Strano.

1920 2114 87 26 August
2014 2115 21 25 4,
2047 2115 59 21 1842.

1893 2158 170 48 RSEED,
2076 2159 60 21 Boot
2152 2167 45 14 and
2209 2161 60 20 Shoe
2279 2161 95 27 Maker,
2385 2162 83 28 having

1948 2195 10 10 •
1997 2185 104 21 removed
2112 2186 54 21 from
2181 2187 34 20 his
2232 2187 42 21 late
2291 2188 111 26 premises,
2414 2189 54 27 beg
2475 2185 7 31 3

1893 2214 21 16 to
1925 2211 78 21 inform
2014 2213 35 20 the
2060 2212 133 22 inhabitants
2204 2213 24 21 of
2236 2213 48 22 Port
2291 2214 122 23 Nicholson
2421 2216 47 22 that

1893 2236 27 22 he
1931 2237 42 21 still
1988 2238 78 21 carries
2081 2246 29 14 ou
2124 2239 101 22 business
2240 2248 24 13 as
2276 2242 70 25 usual,
2364 2242 45 21 and
2423 2250 45 20 any

1893 2264 80 26 orders,
1983 2265 34 21 for
2026 2265 37 21 the
2073 2270 94 22 present,
2179 2266 40 22 left
2228 2270 22 18 at
2260 2267 34 21 the
2305 2268 72 21 Stores
2388 2272 23 18 ot
2423 2270 44 21 Mr.

1893 2289 102 28 Jackson,
2004 2291 182 28 Lambton-quay,
2190 2293 43 21 will
2240 2294 25 21 be
2272 2293 50 28 duly
2329 2295 104 22 attended
2439 2301 28 16 to.

1920 2324 85 22 Walton
2017 2325 72 27 Farm,
2101 2326 90 22 Porirua
2201 2327 70 27 Road,

1947 2351 79 22 March
2035 2354 33 25 30,
2080 2354 59 21 1843.

2035 2404 66 21 Zinc
2108 2404 5 21 !
2136 2405 68 21 Zinc
2211 2406 5 21 !
2244 2406 65 21 Zinc
2317 2407 5 20 !

1894 2436 71 48 ON
1992 2437 84 27 SALE,
2100 2442 22 17 at
2140 2437 39 23 the
2197 2439 73 22 Stores
2288 2440 26 21 of
2329 2440 37 22 the
2385 2441 82 22 under-

1969 2463 83 26 signed.

2014 2498 126 22 SAMUEL
2158 2499 69 22 AND
2246 2500 121 28 JOSEPH,

2152 2525 156 24 Wellington
2327 2528 88 27 House,

2249 2554 52 21 Port
2310 2554 129 23 Nicholson.

1919 2578 62 26 April
1992 2580 18 24 1,
2021 2579 59 20 1843.

2010 2623 116 21 Wanted
2140 2625 29 20 to
2184 2625 156 28 Exchange,

1891 2656 50 47 A
1955 2655 143 22 COUNTRY
2120 2656 138 27 SECTION,
2273 2657 42 22 No.
2334 2658 28 23 37
2380 2666 27 15 on
2428 2659 39 22 the

1968 2683 127 26 Surveyor's
2113 2682 62 27 Plan,
2192 2682 80 23 chosen
2291 2684 28 27 by
2337 2685 44 21 Mr.
2401 2685 66 23 Child

1891 2712 21 17 at
1929 2709 35 20 the
1979 2709 134 26 Manawatu,
2129 2710 33 20 for
2178 2717 28 14 an
2227 2710 125 23 unselected
2366 2712 100 28 Country

1890 2735 86 22 Section
1986 2735 24 21 in
2021 2736 37 20 the
2068 2736 58 21 First
2134 2736 138 23 Settlement.
2301 2738 74 28 Apply
2386 2743 21 17 to

2170 2769 34 22 W.
2220 2770 29 22 V.
2264 2770 105 28 Brewer,
2385 2772 52 28 Esq.

1915 2795 113 26 February
2039 2796 31 25 17,
2085 2797 59 20 1843.

2035 2840 38 20 To
2088 2839 32 21 be
2135 2840 66 20 Sold
2221 2846 30 15 or
2264 2841 55 21 Let.

1887 2872 9 11 r
1899 2871 79 34 |WO
1992 2871 99 22 Wooden
2102 2871 94 27 Houses,
2206 2879 30 14 on
2243 2872 36 22 the
2284 2872 182 29 Tinakore-road,

1897 2893 23 24 JB.
1963 2897 36 21 the
2018 2898 82 21 second
2119 2905 50 14 acre
2187 2899 57 20 from
2265 2899 90 27 Captain
2374 2898 93 24 Smith's

1931 2924 130 26 containing-
2072 2924 48 21 four
2129 2932 73 14 rooms
2211 2925 46 21 find
2271 2933 18 14 a-
2296 2932 97 21 passage,
2410 2927 55 22 each

1887 2950 52 21 with
1956 2951 49 21 zinc
2023 2950 66 25 roofs,
2115 2951 43 21 and
2181 2951 23 21 in
2229 2959 65 19 every
2312 2957 86 22 respect
2417 2954 50 21 well

1887 2977 98 22 finished.
2013 2976 104 22 Terms—
2119 2977 22 22 lf
2148 2978 55 26 sold,
2214 2978 61 22 £15G
2283 2979 34 21 for
2323 2980 54 20 each
2384 2980 67 22 house
2458 2988 6 20 ;
2477 2981 5 10 '

1885 3004 19 21 if
1915 3004 38 26 let,
1964 3004 29 21 £1
2005 3011 39 19 per
2055 3004 60 21 week
2124 3004 34 21 for
2167 3004 56 21 each
2232 3005 75 22 house.
2334 3006 74 27 Apply
2420 3011 23 18 to

2270 3040 74 22 James
2358 3040 79 23 Watt.

1896 3064 143 27 Wellington,
2047 3065 58 21 Nov.
2113 3065 34 26 27,
2155 3066 61 22 1541.

1885 3118 119 24 Country
2019 3116 121 21 Sections
2160 3116 43 21 for
2222 3117 58 21 Sale
2302 3124 35 14 on
2355 3119 108 22 Liberal

2124 3143 102 21 Terms.

1886 3175 161 49 SEVERAL
2081 3174 99 22 Sections
2207 3175 28 21 of
2264 3177 98 27 Country
2390 3178 71 27 Land,

1948 3201 89 28 already
2047 3200 80 22 chosen
2136 3201 23 21 in
2171 3201 36 22 the
2222 3202 91 23 Porirua
2326 3203 92 27 district,
2428 3205 35 21 for

1885 3229 56 26 Sale,
1953 3236 72 14 terms
2036 3235 102 15 liberal.
2167 3228 76 29 Apply
2253 3232 22 19 to

1978 3255 23 21 F.
2016 3255 30 21 A.
2060 3255 168 26 Mole^wortii,
2246 3256 181 28 Murphy-street,
2437 3265 26 14 or

1978 3281 34 21 W.
2027 3281 28 21 V.
2070 3282 105 25 Brewer,
2187 3282 191 23 Manners-street.

1910 3335 43 20 Ex
1996 3333 138 26 Margaret
2176 3334 56 25 an
2237 3334 23 25 4
2275 3335 67 21 New
2355 3335 78 22 York

1887 3392 99 25 OAA
2002 3392 100 23 BOXES
2117 3392 38 22 OF
2171 3392 147 28 CANDLES,

2016 3419 103 27 Superior
2129 3418 95 23 Manilla
2234 3420 75 26 cigars,
2423 3422 5 3 '
2460 3439 5 2 .

2016 3446 102 27 Superior
2129 3446 94 22 London
2238 3446 63 22 made
2314 3445 143 29 gentlemen's

1884 3472 104 26 clothing.

1910 3500 32 21 At
1951 3499 35 22 the
1997 3500 72 21 Stores
2079 3498 26 23 of

2203 3525 22 22 J.
2241 3525 32 22 M.
2287 3525 100 26 Tatlok,

2329 3551 31 21 Te
2374 3552 53 20 Aro.

1910 3579 78 22 March
1999 3580 33 25 21,
2043 3580 61 21 1843.
2136 3599 4 4 .
2430 3581 4 6 '

1884 3629 71 49 ON
2063 3631 23 19 at
2094 3629 36 21 the
2140 3629 73 21 Stores
2222 3627 25 22 of
2255 3627 33 22 the
2298 3625 156 28 undersigned,

1960 3662 28 16 ex
1997 3653 99 23 Scotia—
2117 3665 17 16 y

1983 3679 84 34 'Flour,"

1952 3711 100 33 \Rice,

1988 3740 77 27 Sugar,

1986 3766 98 28 Brandy,

1987 3792 90 23 Bottled.
2085 3791 33 24 a'«
2127 3789 44 23 and
2181 3791 81 27 porter,
2272 3789 21 29 D,
2295 3790 78 27 unbar,

2007 3841 2 4 .
2044 3844 3 4 ,
2118 3824 101 27 Tho>(4&
2230 3822 33 23 M.
2278 3823 53 23 Mac
2334 3831 92 16 hat-ms.

1906 3851 94 32 April?;
2011 3853 60 32 ißff.
2334 3848 28 33 \
2387 3848 34 32 t

1880 3899 174 29 /CHARTER;
2061 3896 174 28 BA£TPES,for
2243 3897 43 22 sais
2296 3903 24 17 at
2324 3902 38 19 tea
2371 3899 85 22 GaxtUe

1881 3928 41 19 Ks
1938 3924 75 23 Office.
