2520 3999
1878 136 216 24 WHOLESALE
2124 137 124 24 PRICES
2283 136 179 24 CURRENT.

1975 175 132 14 CORRECTED
2122 176 28 14 UP
2165 176 28 14 TO
2208 176 56 14 LAST
2281 174 80 16 NIGHT.

2112 3053 121 21 DUTIES.

1880 3073 96 22 British
1988 3075 89 22 SriniTs
2290 3079 26 20 4s
2317 3093 5 9 f
2332 3084 40 21 per
2380 3078 78 26 gallon.

1880 3100 102 22 Foreign
1995 3101 55 22 ditto
2291 3105 31 21 ss.
2334 3112 37 20 per
2379 3105 79 28 gallon.

1879 3126 103 23 Tobacco
1992 3130 176 27 manufactured,
2293 3133 29 19 Is.
2332 3139 39 19 per
2381 3135 30 19 ib.

1994 3155 202 24 Unmanufactured
2291 3159 35 20 Ud.
2338 3166 39 19 per
2385 3159 30 21 lb.

1879 3180 75 23 Snuff
2291 3187 30 22 3s.
2332 3192 39 20 per
2380 3187 30 21 lb.

1879 3208 86 22 Cigaks
2188 3226 5 8 ,
2268 3226 6 9 ,
2292 3213 31 20 2s.
2334 3213 77 26 perlb.

1880 3234 81 23 Wines
2284 3239 25 20 15
2322 3242 103 24 percent.

1879 3261 54 27 Tea,
1949 3263 83 26 Sugar,
2050 3264 85 26 Flour,
2154 3264 97 27 Wheat,
2263 3268 4 18 1

1897 3289 44 20 and
1952 3290 63 21 other
2025 3290 85 27 Grain,
2121 3292 12 19 5
2143 3297 40 21 per
2192 3297 58 16 cent.
2263 3286 4 26 I
2312 3306 7 6 ,
2360 3307 7 5 ,

1880 3314 37 22 All
1928 3315 62 22 other
2000 3316 103 22 Foreign
2111 3318 140 26 productions
2262 3311 12 38 f
2293 3311 29 17 aa
2333 3311 103 22 valorem,

1893 3342 43 21 and
1943 3345 164 20 manufactures
2116 3346 69 25 lO.per
2192 3351 57 16 cent.
2262 3338 5 27 I

2079 3370 185 26 EXCHANGE.

1880 3408 67 26 Bank
1956 3409 50 23 bills
2015 3417 27 15 on
2053 3410 94 23 London
2180 3401 10 32 -I
2203 3401 27 20 30
2241 3401 58 23 &60
2312 3401 54 24 days
2375 3403 17 21 si
2393 3411 15 19 S
2409 3403 22 21 ht
2431 3419 6 13 >
2448 3403 10 21 2

1884 3449 12 3 „
1925 3450 11 2 _
1963 3449 5 8 ,
1976 3431 4 5 '
2187 3431 9 21 L
2230 3435 37 20 per
2279 3434 58 17 cent,
2349 3437 109 20 premium.

1880 3449 34 21 On
1924 3449 89 28 Sydney
2297 3456 71 22 Ditto.

1882 3476 85 21 Private
1979 3478 48 20 bills
2273 3482 112 21 Nominal.

1900 3533 38 16 The
1950 3533 46 16 New
2008 3534 97 18 Zealand
2116 3537 92 17 Gazette
2215 3541 35 15 and
2263 3540 130 18 Wellington
2407 3543 51 15 Spec-

1879 3558 64 14 tator
1949 3559 14 11 i»
1971 3555 94 20 puUlisiieu
2071 3561 54 17 every
2136 3558 108 22 Wednesday
2255 3562 36 15 aud
2302 3563 92 17 ssaturrtay.
2416 3565 41 13 &ut»«

1877 3578 60 16 juitmu
1945 3579 30 12 arc
1983 3578 30 13 cue
2020 3579 55 14 terms
2079 3582 4 4 •

1901 3596 61 16 Prick
1969 3600 25 12 o*
2000 3601 40 12 tub
2049 3598 39 15 fAP
2090 3603 12 12 E
2104 3600 95 20 R._Forty
2204 3601 84 22 shillings
2294 3607 31 16 per
2335 3608 74 14 annum,
2420 3606 31 17 pay

1879 3617 39 15 able
1924 3620 19 12 in
1950 3617 79 16 advance
2034 3622 4 16 j
2050 3623 19 12 or
2076 3624 34 12 one
2117 3620 75 21 shilling
2200 3622 27 17 for
2232 3624 58 19 single
2298 3627 89 14 uumoers.

1900 3638 153 17 Advertisements
2062 3640 35 16 will
2105 3645 30 12 no:
2142 3647 66 15 appear
2219 3643 18 16 in
2250 3647 29 13 cue
2289 3649 78 15 ensuing
2378 3645 73 16 uumbsr

1881 3657 15 16 if
1904 3659 81 15 received
1992 3661 44 14 laier
2044 3662 43 15 than
2100 3662 19 16 10
2126 3661 73 20 o'clock,
2207 3668 41 12 o.m.
2250 3675 5 8 f
2261 3668 23 12 on
2293 3667 30 14 the
2330 3657 89 28 nuTuiurf.
2427 3666 28 14 be-

1881 3680 35 15 tore
1929 3680 117 19 publication.
2069 3682 156 18 Advertisements
2237 3685 37 15 will
2286 3686 21 16 be
2317 3687 96 15 cotitinueil
2420 3684 33 17 and

1879 3701 75 18 ciurgeu
1966 3701 48 15 until
2023 3700 165 24 cuunter-orue'reu;
2200 3706 45 15 such
2251 3703 52 20 order
2310 3703 49 20 niust
2366 3708 20 15 be
2393 3709 38 13 scut
2439 3708 16 16 tp

1881 3721 29 16 Hie
1919 3720 55 16 Uihce
1987 3723 34 14 two
2039 3723 44 20 days
2095 3734 3 3 .
2102 3724 61 16 before
2173 3727 115 18 publication,
2300 3728 35 16 aud
2346 3730 49 13 must
2405 3728 20 14 be
2436 3729 16 11 in

1881 3742 75 19 writing.
1980 3742 155 19 Advertisemsuts
2149 3746 81 17 received
2248 3747 51 19 after
2317 3749 20 16 10
2352 3747 65 17 o'clocK
2431 3749 21 12 ou

1879 3761 82 20 Tuesday
1974 3763 37 16 and
2021 3763 64 21 Jb'riday
2096 3766 93 20 mornings
2201 3765 37 18 will
2248 3768 21 16 be
2281 3765 76 20 char'ired
2368 3771 49 13 twice
2425 3767 28 16 the

1872 3782 59 22 <4»ual
1939 3784 52 14 rates.
2094 3786 4 5 -
2119 3790 4 4 •

1900 3800 29 19 All
1936 3803 67 19 order*,
2014 3802 159 24 advertisement!,'
2181 3807 37 17 and
2229 3809 160 17 communications
2400 3810 17 15 to
2427 3807 28 17 th»

1881 3823 68 18 Editor,
1954 3827 30 13 are
1991 3826 95 18 requested
2093 3826 47 17 to'be
2146 3828 98 17 addressed
2250 3831 17 14 to
2274 3830 37 15 this
2317 3830 61 16 Oittce.

1881 3869 73 17 Printed
1967 3869 36 17 aud
2016 3864 100 29 published'
2129 3863 58 31 every'
2200 3873 111 21 Wednesday
2327 3876 36 16 and
2373 3873 81 19 Saturday

1900 3890 90 20 rooming,
2004 3891 22 20 by
2044 3892 86 17 Samvzb
2140 3890 99 23 -RjeyAs's,'
2248 3898 19 13 at
2281 3896 31 16 the
2328 3894 53 19 OlHce
2397 3891 20 20 o«'
2426 3893 29 16 tnb

1901 3911 31 23 **¥
1934 3916 7 11 %
1940 3914 8 22 7
1956 3931 8 6 ,
1963 3911 42 24 /<^
2008 3916 10 12 L
2018 3916 14 19 A
2034 3916 26 13 NB
2071 3913 92 21 ?*a«tx*
2173 3919 43 13 -aim
2230 3915 131 19 Wjehinotos
2377 3916 71 19 Smcta

1900 3934 44 15 tor,
1956 3931 154 23 Maunen-stnet,
2119 3934 115 22 WeDlngion,
2246 3934 43 19 l»oH
2302 3932 102 22 HlcboUVn.
2417 3934 39 17 «•■

1902 3952 85 16 Ztal&nd.

567 48 94 47 fPbt
686 50 116 41 Weto
827 49 205 41 Zealand
1059 47 187 48 gfiaiitte
1270 49 89 38 atib
1385 48 291 47 tfWeMugton
1701 46 252 49 spectator.

2214 208 16 11 Jb
2252 208 15 10 I.
2292 208 18 10 U.
2364 208 16 9 A
2443 208 12 9 U

1878 228 51 23 Ate
1936 236 5 13 :
1954 235 42 21 per
2003 228 48 23 hhd
2216 230 13 22 7
2257 232 13 20 0
2297 232 13 19 0
2328 243 6 6 .
2341 245 5 4 .
2365 229 14 22 7
2403 228 14 23 7
2448 231 13 19 0

2052 263 38 19 per
2096 256 98 23 barrel..
2213 257 14 20 5
2255 259 14 18 0
2297 258 13 19 0
2327 270 19 6 ..
2364 257 14 20 6
2406 257 14 20 0
2448 258 14 18 0

2052 289 38 19 per
2100 282 40 22 doz
2217 285 13 18 0
2244 284 27 21 13
2299 284 13 20 0
2330 296 19 6 ..
2367 284 14 19 0
2395 282 27 21 14
2449 284 14 19 0

1878 308 97 21 Arrack
1983 315 6 14 :
2005 308 42 21 Per
2056 308 43 25 gal.
2110 309 23 21 in
2143 309 59 22 bond
2217 311 13 20 0
2260 310 10 19 1
2298 310 13 20 9
2329 322 6 6 .
2342 322 6 6 .
2366 310 13 19 0
2406 310 15 19 2
2452 313 13 19 0

1877 334 92 21 Bread:
1987 334 41 21 Per
2037 334 44 23 2lb.
2092 334 50 22 loaf
2218 338 14 19 0
2260 338 14 18 0
2300 336 12 20 6
2331 348 18 7 ..
2367 336 14 19 0
2408 336 14 19 0
2450 336 13 19 0

1877 360 73 23 Beef:
1966 360 77 27 Fresh,
2062 367 87 15 carcase
2165 369 39 19 per

1995 387 22 22 1b
2215 390 14 19 0
2257 390 12 19 0
2285 390 25 19 10
2329 401 19 6 ..
2366 389 14 20 0
2408 388 14 20 0
2450 389 14 19 0

1984 413 54 24 Salt,
2048 420 39 20 per
2100 414 67 21 tierce
2180 428 6 6 .
2192 429 7 6 .
2217 416 14 20 0
2258 417 14 19 0
2298 416 13 19 0
2329 428 6 6 .
2342 428 6 7 .
2366 416 14 19 G
2408 416 14 19 0
2450 416 14 18 0

1877 440 94 22 Butter
1979 447 5 14 :
2003 439 64 26 Irish,
2077 447 39 20 per
2124 440 30 21 lb.
2178 454 6 6 .
2191 454 6 7 .
2217 442 13 20 0
2260 442 10 20 1
2298 442 13 20 2
2329 454 6 7 .
2342 455 5 6 .
2366 442 14 20 0
2408 442 12 20 1
2448 440 14 21 3

1999 466 67 21 Fresh
2220 469 14 19 0
2260 469 14 22 2
2300 468 14 21 6
2367 468 15 21 0
2408 468 14 21 3
2450 468 14 19 0

1880 499 78 15 drand
1963 500 11 14 v
1982 500 5 14 :
2003 493 58 21 First
2068 493 91 27 quality,
2168 500 39 20 per

2025 519 73 26 gallon
2110 520 21 21 in
2145 519 58 22 bond
2217 521 14 20 0
2258 521 15 20 6
2299 522 13 19 0
2330 534 5 6 .
2342 534 6 6 .
2366 522 14 19 0
2408 521 12 19 8
2448 521 14 19 G

1879 547 84 21 Buown
1982 546 86 21 Stout:
2093 553 38 20 per
2146 545 51 22 hlul.
2213 548 14 19 G
2242 547 27 20 10
2295 549 13 18 0
2325 561 19 6 ..
2366 547 13 20 7
2395 547 26 20 10
2449 549 13 17 0

1879 574 97 21 Cigars:
1990 572 100 27 Manilla,
2099 580 39 19 per
2143 573 60 26 1000,
2218 574 13 20 3
2259 574 14 19 0
2298 574 14 20 0
2330 587 17 6 ..
2365 573 13 20 5
2407 574 14 19 0
2449 574 13 19 0

1987 599 93 21 Inferior
2217 601 14 19 0
2258 601 14 19 0
2298 601 13 19 0
2330 613 17 7 ..
2366 603 12 17 0
2407 599 13 20 0
2449 601 13 18 0

1987 625 132 26 Havaniiftli,
2127 632 39 20 per
2173 625 30 22 lb.
2238 632 59 15 none
2329 626 92 20 ..00
2450 627 12 19 0

1985 651 123 23 Chinsurah
2114 659 38 19 per
2159 653 71 21 10001
2247 653 26 20 10
2300 653 49 20 0..
2366 654 14 19 0
2406 653 14 19 0
2448 654 13 18 0

1986 679 152 21 Alexandrian
2217 682 13 18 0
2258 681 14 19 0
2298 680 13 19 0
2329 693 18 7 ..
2366 681 13 19 0
2406 679 14 19 0
2448 680 13 18 0

1877 706 99 21 Coffee:
1988 706 63 25 Java,
2063 713 39 20 per
2110 705 23 22 lb
2218 707 13 20 0
2259 707 14 19 0
2299 707 13 19 6
2330 719 18 7 ..
2366 707 13 19 0
2407 705 13 19 0
2448 706 13 20 9

1877 733 101 21 Cuef.se:
1996 731 104 23 Cheshire
2217 734 13 19 0
2259 733 11 19 1
2298 733 80 20 6..0
2408 731 9 20 1
2448 733 13 19 9

1995 759 53 21 Pine
2060 758 71 27 Apple
2217 761 13 19 0
2258 761 14 19 0
2298 760 80 19 0..0
2408 757 10 20 1
2448 759 12 19 2

1995 785 73 21 Dutch
2218 787 14 19 0
2259 787 13 19 0
2287 786 25 21 10
2330 799 18 7 ..
2366 787 14 19 0
2408 785 10 19 1
2448 786 14 19 0

1878 812 104 22 Candles
1990 820 5 12 :
2004 811 90 26 English
2104 819 55 20 wax,
2166 820 39 19 per

2020 838 23 21 lb
2217 841 13 19 0
2258 839 13 21 3
2298 840 12 19 0
2329 852 18 6 ..
2365 840 13 19 0
2406 838 14 21 3
2448 838 14 20 6

2008 864 79 22 Mould
2217 867 13 19 0
2259 865 11 19 1
2299 866 80 20 0..0
2408 867 13 17 0
2449 865 13 19 0

2009 891 55 26 Dips
2218 893 12 19 0
2258 893 14 19 0
2298 891 14 19 0
2330 904 17 7 ..
2366 893 13 18 0
2407 892 14 18 0
2449 892 13 18 0

1879 917 91 21 Flour:
1982 918 33 19 Ist
2019 916 91 27 quality,
2122 924 39 19 per
2165 921 38 17 ton

1999 943 26 21 of
2036 945 53 19 2000
2099 943 33 21 lbs
2204 943 24 21 13
2257 945 13 19 0
2298 945 12 19 0
2328 958 5 6 .
2341 957 4 5 .
2352 945 26 20 18
2405 944 14 19 0
2449 945 13 19 0

1976 969 45 22 2nd
2031 969 55 22 ditto
2217 972 13 19 0
2257 972 13 19 0
2297 971 80 20 0..0
2404 971 14 19 0
2447 971 13 19 0

1879 996 59 22 Gin:
1960 996 51 21 Pale
2030 997 21 20 in
2063 996 57 21 bond
2217 999 13 19 0
2257 998 13 20 3
2297 998 13 19 0
2328 1011 17 5 ..
2364 999 13 19 0
2404 997 15 19 4
2446 998 14 19 0

1928 1023 62 24 Cnse,
1998 1024 13 19 4
2018 1023 35 26 gal
2063 1025 37 19 4-5
2109 1023 22 21 in
2143 1023 59 21 bond
2218 1025 9 19 1
2258 1025 12 19 8
2297 1025 13 19 0
2328 1038 17 5 ..
2366 1025 9 18 1
2392 1024 27 19 10
2448 1027 12 15 0

1880 1049 79 22 Hams:
1977 1049 125 26 Yorkshire,
2118 1058 39 18 per
2166 1050 22 21 lb
2197 1066 5 5 .
2218 1053 12 18 0
2260 1051 10 20 1
2298 1052 13 19 0
2329 1064 18 6 ..
2366 1053 12 18 0
2408 1050 10 20 1
2448 1050 13 20 2

1880 1076 124 21 Mustard:
2022 1076 41 21 Per
2070 1077 70 21 dozen
2218 1080 12 18 0
2246 1078 26 20 13
2298 1079 14 19 0
2329 1091 18 5 ..
2366 1079 13 19 0
2408 1078 12 18 0
2449 1079 13 17 0

1880 1103 112 21 Mutton:
2013 1103 92 21 Carcase
2116 1110 38 19 per
2164 1103 22 21 lb
2198 1119 5 6 .
2218 1106 13 19 0
2259 1105 13 19 0
2299 1105 13 19 9
2330 1117 17 6 ..
2366 1105 13 19 0
2407 1105 13 18 0
2436 1103 24 20 11

1880 1129 119 22 Muskets:
2016 1129 91 22 Walnut
2114 1130 90 21 stocked
2219 1133 12 18 0
2260 1132 12 18 0
2299 1132 13 18 0
2330 1143 18 7 ..
2366 1132 13 18 0
2408 1132 13 17 0
2451 1132 13 18 0

1881 1156 75 22 Mtr.K.
1972 1156 43 22 Per
2022 1157 47 26 pint
2218 1159 13 19 0
2260 1158 12 19 0
2298 1157 14 19 3
2330 1170 18 6 ..
2367 1159 12 18 0
2408 1157 12 19 0
2448 1157 14 19 4

1880 1183 91 21 Maize:
1989 1190 36 19 per
2037 1183 75 21 bushel
2218 1185 12 18 0
2259 1183 13 21 7
2299 1185 81 19 0..0
2408 1185 13 17 0
2449 1185 13 18 0

1879 1210 56 20 Oil:
1952 1209 102 25 Linseed,
2065 1216 38 20 per
2111 1210 75 26 gallon
2197 1225 6 6 .
2218 1211 13 19 0
2260 1211 12 19 7
2299 1211 13 19 0
2331 1223 18 6 ..
2368 1211 12 19 0
2396 1210 26 20 10
2449 1212 14 18 0

1953 1236 76 26 Black,
2034 1236 22 20 in
2062 1236 59 25 cask,
2124 1243 39 19 per
2168 1237 66 20 toji24
2262 1238 13 18 0
2302 1237 13 19 0
2332 1249 18 7 ..
2369 1238 13 19 0
2410 1239 12 17 0
2450 1239 13 17 0

1988 1263 75 22 Sperm
2215 1265 12 19 0
2255 1263 13 18 0
2296 1263 11 19 0
2326 1276 18 7 ..
2363 1265 13 19 0
2406 1263 11 19 0
2448 1263 11 18 0

1881 1289 61 21 Pork
1950 1297 5 13 :
1971 1289 80 25 Fresh,,
2064 1296 87 14 carcase
2168 1296 38 20 per

1996 1316 21 20 lb
2218 1317 12 19 0
2259 1317 12 19 0
2298 1316 12 20 5
2330 1329 18 6 ..
2366 1318 12 18 0
2407 1318 13 18 0
2448 1317 13 19 0

1880 1342 62 22 Pork
1950 1350 5 13 :
1973 1342 64 26 Irish,
2048 1349 39 19 per
2097 1342 71 21 barrel
2182 1356 5 5 .
2195 1357 5 5 .
2218 1343 15 20 4
2261 1344 13 20 0
2300 1345 13 19 0
2331 1356 6 6 •
2344 1356 5 6 .
2367 1343 13 20 5
2408 1343 13 21 5
2450 1344 14 19 0

1881 1369 128 21 Potatoes:
2030 1368 54 21 New
2099 1368 106 27 Zealand,

2056 1402 38 19 per
2103 1400 36 16 ton
2155 1410 45 5 ....
2218 1396 14 20 4
2260 1397 13 19 0
2300 1397 14 19 0
2331 1409 18 7 ..
2368 1396 13 22 7
2409 1397 13 19 0
2450 1397 13 19 0

1881 1422 92 21 Porter
1982 1429 5 14 :
2016 1421 101 27 Dunbar,
2129 1422 22 21 in
2160 1423 44 20 bot.

2046 1455 37 20 per
2093 1448 41 21 doz
2218 1450 13 19 0
2258 1450 14 19 0
2298 1451 13 19 0
2330 1463 17 6 ..
2365 1451 13 19 0
2407 1451 13 19 0
2450 1451 13 19 0

1987 1475 83 26 Bryant
2081 1475 43 21 and
2136 1476 67 20 Davis
2218 1477 12 19 0
2260 1479 12 17 0
2298 1477 14 19 0
2331 1489 17 6 ..
2367 1478 13 18 0
2409 1479 13 17 0
2450 1478 13 18 0

1881 1501 96 22 Pickles
1988 1509 4 14 :
2024 1502 114 26 AssoiNnl,
2168 1509 39 20 per

2049 1528 56 25 doz.,
2130 1534 75 21 quarts
2220 1530 10 19 1
2262 1530 10 19 1
2300 1530 14 19 0
2331 1542 18 7 ..
2369 1530 9 21 1
2398 1530 24 20 10
2450 1530 14 19 0

1881 1554 71 22 Pitch
1964 1561 6 14 :
2003 1554 135 27 Stockholm,
2167 1563 40 19 per

2027 1582 80 21 barrel.
2220 1584 13 20 0
2260 1584 13 20 0
2300 1583 14 20 0
2331 1596 18 6 ..
2368 1583 10 20 1
2408 1583 14 20 5
2450 1584 14 20 6

1881 1607 76 23 Plank
1968 1615 6 14 :
2001 1608 53 21 Port
2076 1608 130 27 Nicholson,

2027 1642 38 20 per
2076 1636 38 20 100
2124 1635 45 22 feet
2183 1650 17 5 ..
2220 1637 12 20 0
2248 1637 25 20 10
2300 1637 13 20 0
2331 1650 18 6 ..
2367 1638 13 19 0
2395 1637 26 20 12
2448 1639 14 18 0

1881 1661 67 21 Rice:
1961 1661 107 22 Common
2079 1669 38 19 pcr
2123 1667 48 16 cwt.
2184 1677 17 6 ..
2220 1665 13 18 0
2261 1665 12 18 0
2300 1664 14 19 0
2331 1676 18 6 ..
2367 1666 13 18 0
2396 1664 25 19 lJ
2449 1665 13 19 0

1959 1688 66 21 Good
2219 1690 11 19 1
2260 1691 14 19 4
2300 1691 47 19 0..
2367 1690 11 20 I
2396 1691 25 19 10
2449 1693 13 18 0

1881 1714 65 21 Hum:
1964 1714 23 22 P.
1999 1716 25 20 Is.
2037 1716 30 24 P.,
2084 1723 38 19 per
2131 1716 76 26 gallon

1999 1742 22 21 in
2039 1742 57 21 bond
2218 1744 13 19 0
2259 1744 12 20 3
2299 1743 12 19 0
2330 1756 17 6 ..
2366 1745 12 18 0
2406 1744 13 19 5
2448 1745 13 19 0

1879 1768 88 21 Sugar:
1985 1768 116 21 Mauritius
2112 1776 38 19 per
2157 1773 49 17 cwt.
2221 1771 14 18 0
2262 1772 13 18 0
2302 1772 13 19 0
2332 1784 18 5 ..
2384 1776 57 15 none

1988 1795 77 22 Brown
2081 1795 54 21 ditto
2218 1797 10 20 1
2257 1797 13 20 2
2297 1797 78 20 0..1
2406 1799 12 19 8
2448 1799 12 18 0

1988 1822 93 21 Kenned
2098 1823 51 26 loaf,
2168 1830 38 20 per

2013 1848 23 22 lb
2219 1852 13 19 0
2261 1851 12 20 0
2301 1849 13 23 7
2331 1864 18 6 ..
2367 1851 13 20 0
2408 1851 14 20 0
2450 1851 13 20 8

1988 1875 94 22 Manilla
2102 1883 38 20 per
2154 1880 47 17 cwt.
2218 1877 11 20 1
2259 1879 12 18 0
2298 1878 14 19 0
2330 1890 17 6 ..
2368 1878 7 19 1
2406 1877 14 20 G
2447 1881 14 17 O

1879 1902 71 21 Salt:
1969 1902 122 27 Liverpool,
2103 1910 38 19 per
2150 1907 39 17 ton
2197 1919 6 5 .
2218 1906 14 18 0
2260 1905 12 19 0
2300 1905 13 19 0
2331 1917 17 6 ..
2367 1905 13 19 0
2408 1907 14 17 O
2450 1908 13 16 O

1869 1928 69 24 ,Soai>
1947 1936 5 13 :
1980 1929 100 21 Hawes's
2103 1930 102 26 London,

2005 1962 38 18 per
2051 1959 35 17 ton
2205 1958 26 19 '20
2259 1958 13 19 0
2299 1958 14 19 0
2330 1970 5 5 .
2342 1970 5 5 .
2353 1958 26 19 23
2409 1958 14 19 0
2450 1959 13 18 0

1996 1981 116 27 Liverpool
2206 1984 25 18 16'
2258 1984 13 18 0
2298 1984 14 18 0
2329 1984 49 19 ..IS
2407 1985 12 16 0
2448 1985 14 18 0

1879 2006 103 21 Starch:
1999 2006 72 22 Perlb
2220 2010 13 18 0
2261 2010 13 19 0
2301 2010 13 17 9
2332 2022 17 5 ..
2368 2011 12 17 0
2410 2010 10 19 1
2450 2010 14 20 0

1879 2034 141 20 Scantling:
2038 2033 40 22 Per
2086 2034 39 21 100
2135 2034 66 21 feet..
2220 2036 13 19 0
2262 2036 12 19 8
2301 2036 13 19 0
2332 2049 17 5 ..
2450 2039 13 17 0

1879 2060 127 21 Shingles:
2023 2060 40 21 Per
2072 2060 59 26 1000,
2141 2061 28 20 N.
2179 2061 25 21 Z.
2219 2063 14 18 0
2260 2062 13 19 9
2300 2063 14 18 0
2331 2075 18 6 ..
2367 2065 14 16 O
2396 2062 27 21 12
2450 2066 13 16 O

2009 2086 68 27 Ditto,
2100 2086 27 21 V.
2139 2088 28 20 D.
2181 2088 23 21 L.
2219 2090 13 18 0
2261 2090 13 19 0
2302 2090 12 19 0
2332 2102 5 5 .
2344 2102 6 5 .
2368 2090 13 18 0
2397 2090 26 19 10
2450 2090 14 20 G

1878 2112 49 22 Tar
1935 2120 5 15 :
1956 2113 53 21 Coal
2220 2115 10 19 1
2261 2116 10 18 1
2300 2117 82 18 0..0
2409 2117 14 19 0
2450 2118 13 19 0

1960 2140 126 21 Stockholm
2221 2142 11 19 I
2262 2142 9 20 1
2300 2144 81 18 0..0
2408 2145 14 18 0
2450 2144 14 19 0

1879 2166 47 22 Tea
1935 2175 5 13 :
1952 2166 77 28 Hyson
2036 2166 54 27 skin,
2096 2174 39 20 per
2145 2168 63 21 chest
2220 2170 12 19 5
2261 2171 13 19 0
2301 2172 13 17 0
2331 2182 6 5 .
2344 2182 5 6 .
2368 2169 13 20 7
2409 2170 13 20 7
2451 2173 13 16 0

1953 2194 92 25 Congou
2209 2196 25 21 10
2261 2198 13 19 0
2300 2197 14 19 0
2331 2209 18 6 ..
2366 2199 14 17 O
2396 2197 26 20 13
2449 2199 14 18 0

1879 2219 103 22 Tobacco
1991 2228 5 13 :
2010 2220 140 27 Negrohead,
2168 2228 40 20 per

1864 2243 1 29 I
2036 2246 30 22 lb.
2079 2248 23 20 in
2119 2250 59 18 bond
2220 2250 12 19 0
2262 2250 7 20 1
2300 2250 48 19 0..
2366 2250 14 19 0
2410 2250 10 20 1
2449 2250 15 21 6

1879 2272 162 23 Turpentine:
2057 2274 41 21 Per
2103 2274 98 26 gallon..
2220 2278 13 18 0
2261 2279 12 18 6
2300 2278 14 18 0
2331 2289 18 6 ..
2368 2278 13 18 0
2397 2277 26 20 lJ
2450 2280 13 17 0

1882 2299 157 22 Wualubone:
2055 2300 42 21 Per
2107 2306 36 16 ton
2156 2316 4 5 .
2168 2316 5 5 .
2183 2316 5 5 .
2196 2316 5 5 .
2207 2303 27 20 90
2261 2304 13 19 0
2301 2304 13 19 0
2331 2304 65 19 ..Uu
2410 2307 13 16 0
2450 2307 14 17 O

1864 2324 1 33 j
1881 2326 80 22 Wine:
1976 2327 88 27 Sherry,
2076 2334 38 20 per
2123 2335 50 19 pipe
2184 2330 50 19 ..28
2261 2331 13 19 0
2302 2331 13 18 0
2332 2333 50 16 ..40
2410 2332 13 18 0
2450 2332 14 19 0

1987 2354 70 26 Ditto,
2072 2361 40 19 per
2126 2354 79 22 dozen.
2223 2357 7 20 1
2260 2357 13 20 4
2301 2358 13 19 0
2331 2370 18 5 ..
2368 2358 12 18 2
2397 2357 26 19 1.)
2450 2359 14 18 0

1864 2376 1 19 1
1989 2380 58 27 Port,
2058 2388 39 20 per
2109 2381 48 27 pipe
2182 2384 51 20 -.28
2260 2385 14 19 0
2300 2384 14 20 0
2330 2384 52 19 ..60
2409 2385 13 20 0
2448 2385 16 20 0

2054 2415 38 19 per
2103 2413 47 16 do/.
2181 2423 4 5 .
2194 2423 5 5 .
2219 2411 10 20 1
2258 2412 12 19 8
2298 2412 14 19 0
2329 2424 5 5 .
2342 2424 5 5 .
2365 2412 14 18 2
2406 2412 14 19 8
2447 2412 14 19 0

1986 2433 148 28 Champagne,
2149 2434 55 22 ditto
2218 2438 12 19 2
2258 2437 12 20 5
2298 2438 13 19 0
2329 2450 18 6 ..
2364 2438 15 19 4
2395 2438 25 19 10
2447 2438 13 20 0

1880 2460 119 21 Poultry:
2014 2461 78 25 Fowls,
2101 2469 39 19 per
2147 2463 49 25 pair
2201 2478 5 5 .
2222 2465 13 19 0
2262 2466 12 18 8
2302 2466 14 18 0
2331 2462 19 21 .*.
2368 2467 14 16 U
2397 2466 26 18 l(j
2450 2468 13 16 0

2013 2488 83 26 Ducks,
2108 2488 55 21 ditto
2183 2503 5 6 .
2196 2503 5 5 .
2220 2493 14 18 0
2250 2490 24 21 16
2301 2493 13 18 0
2331 2503 18 6 ..
2367 2492 13 18 0
2408 2493 14 18 0
2450 2493 12 18 0

2014 2514 78 26 Geese,
2103 2515 55 21 each
2182 2530 5 5 .
2195 2529 5 6 .
2220 2518 10 19 1
2259 2519 13 18 0
2299 2518 13 22 0
2330 2530 5 6 .
2342 2530 5 7 .
2366 2518 13 19 0
2407 2519 14 19 0
2448 2519 14 19 0

2012 2540 107 28 Turkeys,
2131 2542 54 21 each
2220 2544 54 21 010
2302 2546 12 19 0
2331 2557 19 6 ..
2368 2546 14 19 0
2410 2545 13 20 0
2450 2546 13 19 0

2013 2567 102 26 Pigeons,
2126 2568 77 27 (wild,)

2039 2601 38 19 per
2087 2595 48 25 pair
2219 2598 14 19 0
2261 2597 10 20 1
2300 2598 80 20 0..0
2406 2598 14 20 2
2449 2599 13 19 0

2012 2621 83 26 Ducks,
2105 2621 34 22 do.
2150 2622 51 21 do..
2220 2624 14 19 0
2260 2624 14 19 4
2300 2625 14 18 0
2331 2637 18 6 ..
2367 2626 14 19 0
2409 2626 13 19 6
2450 2627 12 18 0

1879 2647 71 22 Eocs:
1968 2648 43 21 Per
2021 2647 70 22 dozen
2220 2651 14 19 0
2261 2651 13 20 2
2300 2651 14 20 G
2331 2664 18 7 ..
2367 2653 15 18 0
2409 2653 13 19 3
2450 2653 13 18 0

1880 2700 76 21 Cows:
1971 2700 69 22 Milch
2209 2701 25 22 15
2261 2704 13 19 0

1881 2727 93 21 Mares:
1991 2728 72 21 Brood
2205 2730 28 20 50
2260 2731 13 19 0

1882 2754 111 21 Working
2011 2755 130 21 Bullocks:
2165 2755 42 21 Per

1905 2781 49 26 pair
2207 2783 28 21 40
2262 2784 13 20 0

1879 2806 63 23 Hike
1953 2815 26 13 of
1991 2815 77 14 ditto:
2086 2809 99 27 Perday,
2194 2816 13 14 a

1906 2837 59 18 team
1975 2835 44 21 and
2027 2834 73 22 driver
2223 2837 9 20 1
2261 2838 14 19 0

1880 2860 86 22 Sheep:
1983 2861 59 23 Each
2221 2864 11 20 1
2261 2865 12 19 0

1880 2887 61 21 Boat
1955 2887 70 22 Hire:
2040 2888 42 21 Per
2088 2889 50 26 day,
2145 2890 62 22 with-

2068 2921 39 15 out
2117 2916 71 20 hands
2197 2931 6 6 .
2219 2917 14 19 0
2248 2917 25 20 10

2302 2704 12 19 0
2331 2704 50 20 ..25

2300 2732 14 18 0
2331 2731 50 20 ..8J

2302 2785 13 19 0
2332 2785 51 19 ..CO

2301 2838 14 19 0
2332 2850 18 6 ..
2368 2838 14 20 2

2301 2865 13 19 0
2331 2877 19 7 ..
2370 2865 9 19 1

2300 2918 14 19 0
2329 2929 19 7 ..
2369 2918 9 23 I

2410 2705 13 19 0

2409 2733 13 18 0

2410 2786 13 18 0

2409 2839 14 19 0

2409 2866 12 19 8

2409 2919 14 20 0

2450 2706 13 18 0

2449 2733 13 19 0

2450 2785 13 19 0

2449 2839 14 19 0

2449 2867 13 18 0

2449 2919 14 19 0

1880 2967 96 22 Wages:

2005 2967 137 29 Mechanics,
2168 2977 39 19 per

2033 2995 59 21 week
2221 2996 13 20 2
2261 2998 13 19 0

2014 3021 125 22 Labourers
2156 3037 45 6 ....
2222 3024 9 20 1
2248 3024 25 20 10

2302 2998 13 19 0
2331 3010 18 7 ..
2368 2999 14 19 3
2410 3000 14 20 0

2301 3025 13 19 0
2331 3037 18 7 ..
2370 3025 52 22 llij

50 146 2 10 :
170 139 77 19 Land
257 137 41 23 for
312 137 59 21 Sale
386 139 29 19 at
428 136 103 22 Karori.

64 169 89 52 TEN
167 168 97 22 ACRES
277 167 27 23 of
317 167 83 23 Yule's
419 167 107 22 favourite
546 167 89 25 section,

138 194 100 27 together
252 201 24 15 or
289 199 107 29 separate,
414 194 81 26 having
509 200 14 14 a
541 194 94 25 frontage

63 224 55 19 next
131 221 37 21 the
184 220 60 27 road,
261 221 71 22 which
345 220 19 22 is
378 220 89 28 already
477 219 64 23 made
557 224 48 23 past
614 221 21 19 it.

51 248 3 4 '
64 247 74 30 Apply
148 251 21 17 to

432 272 45 22 Mr.
493 272 118 22 Brandon.

90 300 98 26 January
198 301 34 24 13,
244 301 59 21 1843.

63 351 85 25 Land,
160 352 54 20 and
228 350 155 22 unselected
397 350 75 20 Land
487 350 97 20 Orders
598 348 37 21 for

185 378 69 24 Sale,
270 383 35 14 on
319 376 94 21 liberal
429 377 89 20 terms.

64 411 67 48 TO
146 411 37 21 BE
199 409 86 26 SOLD,
302 409 29 27 by
345 409 83 27 private
444 411 106 24 contract,
571 407 64 26 single

124 437 94 21 sections
227 444 27 14 on
266 436 35 21 the
313 435 103 28 principal
423 435 54 21 lines
486 435 21 21 in
518 434 37 22 the
566 434 69 21 vallies

63 463 26 21 of
101 464 35 20 the
148 463 57 21 Hutt
215 461 43 23 and
268 462 37 22 the
324 461 118 26 Horokiwi,
454 461 42 21 and
512 468 29 14 on
550 460 37 22 the
599 461 36 21 Po-

62 490 58 20 rirua
131 489 62 21 Road
201 497 6 18 ;
223 489 45 21 also
284 487 75 23 blocks
375 489 26 20 of
411 487 59 26 land,
489 487 25 21 of
526 492 42 16 two
583 487 52 21 hun-

63 516 53 20 dred
136 515 43 21 and
198 515 62 21 three
278 513 101 23 hundred
399 521 60 14 acres
477 513 62 26 each,
559 514 22 20 in
603 513 32 21 the

60 541 125 22 immediate
195 541 92 27 vicinity
299 541 25 21 of
335 540 36 22 the
381 540 67 21 Town
460 540 25 20 of
497 539 138 26 Wellington.

60 569 61 25 A(9O,
134 567 75 22 orders
223 568 35 20 for
275 572 94 21 country
378 566 51 22 land
447 566 42 21 still
505 565 130 26 unselected,

60 594 70 21 either
139 594 72 26 singly
222 601 24 14 or
256 593 22 21 in
292 593 49 26 lots,
352 593 44 21 and
406 593 50 21 with
468 600 23 14 or
503 592 90 22 without
602 592 33 21 the

59 620 67 22 Town
137 620 77 25 Acres,
226 624 21 18 to
256 621 45 20 suit
312 619 133 27 purchasers.

88 647 72 26 Apply
171 649 22 18 to
202 647 41 21 Dr.
254 646 85 27 Evans,
353 646 106 21 Lambton
471 646 71 26 Quay.

62 678 21 21 A
94 677 77 22 liberal
181 677 71 22 credit
261 677 64 26 given
338 680 20 18 to
369 676 132 25 respectable
514 676 121 27 purchasers

150 703 115 26 intending
276 708 21 16 to
308 704 62 21 settle
382 710 57 20 upon
450 703 36 22 the
496 703 59 21 laud.

297 755 39 19 To
350 756 57 22 Let,

61 789 88 50 FOR
162 788 56 21 such
229 796 12 13 a
251 792 55 17 term
317 788 25 21 of
347 795 62 20 years
420 795 23 14 as
459 795 51 19 may
519 788 28 21 be
562 787 73 26 agreed

132 823 37 17 on,
180 817 34 20 six
224 821 60 16 acres
301 815 64 26 along
383 815 36 22 the
430 814 44 23 Kai
490 814 145 26 Warra-rond,

61 849 29 14 on
99 843 87 21 Section
197 842 43 22 No.
249 843 20 24 4,
285 842 23 21 in
324 849 41 16 one
382 848 25 16 or
423 849 59 14 more
498 838 50 26 lots'.
580 842 55 25 Also,

61 869 87 21 wanted
167 876 13 13 a
199 872 122 18 contractor
338 868 34 22 for
390 868 99 26 building
508 877 12 14 a
536 867 99 24 weather-

61 894 97 23 boarded
173 895 74 26 house,
266 894 51 23 with
335 896 61 21 brick
415 893 114 29 chimnies,
545 903 28 14 on
593 895 42 21 said

61 922 92 21 section.
183 922 75 27 Apply
267 926 23 17 to

250 953 46 21 Mr.
313 954 150 25 Macdoxald,
475 953 43 22 Kai
529 954 83 21 Warra.

88 980 43 20 Kai
143 979 83 26 Warra,
238 980 54 27 July
303 982 19 24 8,
336 981 57 21 1842.

60 1029 39 20 To
115 1029 161 20 Gentlemen
291 1030 143 26 intending
449 1031 27 18 to
491 1032 75 18 enter
581 1031 54 20 into

87 1056 44 19 the
158 1056 143 24 profitable
329 1056 106 25 pursuit
464 1056 30 21 of
519 1057 116 26 Grazing

89 1081 52 20 and
162 1082 134 26 Breeding
315 1083 90 24 Stock,
427 1083 41 20 for
487 1084 88 20 which
596 1084 39 20 the

87 1107 87 21 fertile
194 1108 109 20 Islands
324 1109 29 20 of
371 1109 67 20 New
456 1110 119 21 Zealand
595 1116 40 15 are

86 1140 30 14 so
131 1134 151 26 peculiarly
296 1136 123 25 adapted.

61 1167 90 48 THE
163 1167 149 26 undersigned
322 1169 42 26 beg
374 1173 21 17 to
404 1169 79 22 inform
494 1169 58 22 their
557 1171 78 21 friends

129 1194 45 21 and
191 1194 37 22 the
243 1195 73 25 public
332 1195 119 28 generally,
468 1196 47 22 that
533 1196 50 27 they
596 1197 39 22 will

59 1224 99 18 contract
181 1221 36 21 for
235 1221 37 21 the
297 1221 98 27 delivery
419 1223 26 21 of
465 1223 37 21 the
527 1223 108 27 following

60 1247 131 27 description
207 1248 25 20 of
238 1247 73 27 Stock,
320 1249 21 20 in
350 1256 43 19 any
405 1249 52 21 Port
466 1250 25 20 of
505 1249 36 22 the
553 1250 82 22 Islands

61 1274 26 20 of
92 1274 54 20 New
157 1274 112 22 Zealand:
270 1285 29 5 —

87 1300 93 22 Horned
197 1301 66 21 cattle
281 1301 121 27 (improved
416 1302 88 26 breeds)
520 1303 26 21 of
557 1303 29 21 all
602 1303 33 21 de-

61 1326 122 27 scriptions,

88 1353 89 26 Horses,
200 1354 55 20 from
278 1354 37 21 the
337 1354 49 22 best
406 1355 90 26 English
517 1356 44 21 and
579 1356 56 22 Arab

59 1380 69 25 studs,
146 1380 93 22 suitable
255 1381 34 20 for
308 1381 82 26 racing,
405 1381 82 28 saddle,
499 1390 25 13 or
536 1382 99 28 harness;

58 1405 45 22 and
113 1406 106 27 breeding
228 1414 80 19 mares,

87 1432 56 21 Pure
153 1433 73 21 Saxon
239 1434 43 20 and
292 1434 84 21 merino
388 1442 62 19 ewes,

87 1458 118 23 Half-bred
223 1460 110 21 Leicester
347 1461 45 21 and
407 1461 84 21 merino
511 1469 62 19 ewes,
591 1470 44 19 par-

59 1485 101 27 ticularly
171 1486 93 26 adapted
280 1486 33 22 for
322 1487 42 21 this
375 1493 98 21 country,
486 1495 22 13 as
519 1489 50 26 they
578 1490 57 20 unite

60 1512 79 26 weight
149 1512 27 21 of
181 1520 85 14 carcass
278 1513 49 21 with
339 1514 94 21 fineness
444 1515 26 19 of
477 1515 62 21 wool.

85 1534 47 25 The
157 1539 148 27 undersigned
328 1547 39 14 can
397 1541 163 22 accommodate
588 1549 47 20 pur-

59 1564 87 23 chasers
162 1566 26 20 of
202 1566 56 21 their
268 1566 65 21 Stock
352 1566 50 21 with
419 1568 113 22 extensive
548 1569 87 26 grazing

58 1599 60 15 runs,
130 1591 75 22 within
218 1594 38 20 100
266 1592 62 23 miles
338 1594 26 21 of
370 1593 42 21 this
425 1594 56 21 Port.

317 1625 33 22 W.
367 1626 25 21 B.
408 1627 94 21 Rhodes
516 1628 42 21 and
574 1628 36 21 Co.

193 1675 85 21 Town
295 1676 30 20 of
338 1677 165 20 Manewatu.

59 1708 91 47 THE
173 1707 210 23 PROPRIETORS
408 1710 25 21 of
456 1710 38 21 the
516 1711 60 22 three
591 1712 44 21 first

145 1735 88 21 choices
249 1739 23 17 at
281 1737 36 20 the
335 1736 43 21 last
392 1736 104 22 selection
507 1738 25 21 of
546 1743 89 22 country

56 1760 69 27 lands,
141 1761 82 27 having
243 1761 134 22 determined
392 1770 58 18 upon
468 1764 37 21 the
522 1764 39 21 site
576 1764 33 23 for
623 1773 12 13 a

70 1794 92 22 TOWN
178 1795 42 21 ON
236 1795 63 21 THE
315 1796 186 22 MANEWATU
515 1798 104 27 RIVER,

58 1825 55 22 after
117 1828 79 18 several
204 1828 58 18 visits
273 1831 19 17 to
303 1827 33 21 the
348 1828 183 27 neighbourhood,
544 1829 44 22 and
599 1831 36 21 the

57 1856 57 17 most
132 1853 85 21 careful
235 1853 44 21 and
298 1854 81 21 minute
399 1856 147 21 examination
562 1856 25 21 of
600 1858 35 20 the

58 1884 69 17 entire
143 1880 91 26 district,
250 1880 64 21 aided
331 1881 29 27 by
370 1881 35 21 the
422 1882 141 27 professional
578 1884 55 26 skill,

54 1905 23 23 k-
88 1906 105 27 owledge,
213 1907 43 21 and
271 1908 127 27 experience
414 1909 25 20 of
451 1909 36 20 the
504 1914 58 17 most
577 1917 58 16 com-

56 1936 76 23 petent
139 1933 88 27 judges,
244 1940 90 20 propose
350 1938 22 17 to
388 1935 53 21 offer
452 1935 32 21 for
501 1936 101 27 disposal,
614 1942 21 16 at

206 1959 36 22 tbe
256 1964 86 23 present
352 1961 59 26 time,
423 1961 66 21 about
524 1973 2 10 i

56 1990 217 21 TWENTY-FIVE
308 1991 103 27 ACRES,
451 1992 34 21 IN
525 1994 110 21 ALLOT-

57 2016 111 26 MENTS,
185 2016 84 22 EACH
290 2016 38 22 OF
352 2018 63 20 ONE
436 2018 147 23 QUARTER
597 2020 37 21 OF

272 2043 41 21 AN
330 2044 89 21 ACRE.

82 2078 47 21 The
137 2082 50 24 spot
197 2078 49 22 thus
255 2077 94 23 selected
362 2085 61 20 posse
432 2085 38 15 -ses
480 2078 37 22 the
527 2083 56 18 most
598 2088 37 14 ex-

54 2105 85 21 tensive
153 2105 100 26 frontage
269 2108 22 18 to
308 2105 54 26 deep
374 2109 67 17 water
456 2105 25 21 of
494 2112 43 21 any
552 2114 27 14 on
599 2107 35 22 the

55 2132 63 21 river.
150 2132 19 20 It
188 2132 18 20 is
225 2131 93 21 situated
333 2131 47 25 just
393 2135 22 17 at
431 2131 47 22 that
498 2133 62 25 point
578 2133 55 23 from

118 2157 70 22 which
199 2165 13 14 a
222 2158 52 21 road
286 2156 69 23 would
367 2158 81 21 branch
460 2158 33 22 off
499 2163 22 17 to
532 2159 36 22 the

55 2192 93 14 WOODED
172 2192 46 14 AND
240 2191 94 15 FERTILE
355 2192 115 14 DISTKICTS
492 2193 74 15 ALONG
590 2194 43 15 THE

225 2218 53 14 BASE
294 2218 25 14 OF
334 2218 44 14 THE
394 2218 72 19 HILLS,

56 2237 42 22 and
111 2237 70 21 above
192 2237 71 21 which
274 2237 35 22 the
324 2237 125 26 navigation
463 2239 35 20 for
507 2239 80 21 vessels
596 2240 38 21 be-

56 2271 73 15 comes
139 2264 85 25 tedious,
235 2264 23 25 if
263 2267 36 17 not
308 2265 85 25 difficult
431 2264 20 21 It
459 2265 17 21 is
482 2265 107 23 therefore
597 2267 36 21 the

252 2291 61 26 point
322 2291 70 21 wboiv
405 2290 35 22 the

56 2324 94 23 LAND.
158 2324 68 22 AND
242 2324 111 21 WATER
367 2324 160 21 CARRIAGE
543 2326 88 22 MEET,

56 2356 43 21 and
110 2355 72 23 where
192 2363 13 14 a
214 2356 68 21 Town
300 2364 58 13 must
374 2363 26 14 be
416 2364 89 14 tormed
522 2357 62 22 when
596 2359 37 21 the

56 2382 84 21 district
154 2382 20 21 is
184 2383 86 21 settled.
301 2383 19 20 It
329 2390 43 14 was
383 2383 94 21 selected
494 2383 28 27 by
534 2384 35 21 the
582 2385 51 21 Sur-

55 2408 80 27 veying
145 2409 59 21 Staff
215 2416 23 14 as
249 2410 36 20 the
296 2409 133 21 rendezvous
438 2410 35 20 for
489 2410 56 21 their
559 2411 57 27 body
626 2420 6 19 ;

56 2436 41 20 and
109 2436 39 20 has
157 2436 57 21 been
225 2443 48 14 now
287 2436 75 26 found,
373 2436 56 21 after
439 2437 85 21 several
540 2439 93 20 months'

54 2462 103 26 location,
170 2466 21 17 to
205 2462 28 21 be
242 2462 36 21 the
289 2467 56 17 most
360 2463 162 27 advantageous
532 2465 100 26 position,

55 2488 56 21 from
128 2489 27 20 its
171 2488 96 28 peculiar
287 2489 83 27 facility
386 2490 26 20 of
422 2490 110 27 approach
544 2491 50 21 both
606 2492 26 26 by

55 2514 53 22 land
118 2514 42 22 and
171 2519 74 18 water.

84 2541 26 22 In
122 2542 149 21 confirmation
283 2542 25 21 of
313 2542 37 22 the
360 2543 129 27 superiority
499 2544 27 20 of
534 2544 42 21 this
585 2548 48 23 spot

54 2575 52 14 over
115 2575 45 20 any
170 2568 62 21 other
240 2573 38 22 yet
287 2568 87 26 known,
386 2569 37 21 the
434 2570 88 21 Messrs.
532 2570 100 27 Kebbell,

56 2594 56 24 after
129 2594 38 22 the
187 2596 146 21 examination
350 2596 26 21 of
392 2596 36 21 the
446 2596 59 21 river
520 2597 57 21 from
596 2597 36 23 the

56 2621 88 22 Paneiri
154 2622 46 21 Pah
210 2625 22 18 to
241 2622 28 21 its
279 2622 83 26 mouth,
374 2622 138 22 determined
526 2631 27 13 on
564 2629 69 17 erect-

290 2649 37 25 ing
341 2649 57 22 their

55 2681 65 21 SAW
135 2680 80 23 MILL
236 2681 225 23 IMMEDIATELY
477 2682 155 24 OPPOSITE.

54 2711 48 23 The
119 2712 71 22 works
209 2712 24 21 of
249 2712 48 21 that
314 2713 166 22 establishment
498 2721 36 14 are
553 2719 23 18 at
591 2716 42 22 this

56 2743 99 17 moment
172 2740 23 20 in
211 2739 62 27 rapid
288 2746 104 20 progress,
410 2740 43 21 and
473 2740 37 22 the
528 2744 104 24 proposed

56 2765 68 22 Town
134 2765 44 22 will
187 2766 130 26 necessarily
324 2766 90 26 partake
421 2767 24 20 of
451 2767 43 20 this
505 2767 127 29 advantage.

82 2792 48 21 The
150 2792 91 21 nucleus
256 2792 25 21 of
297 2800 12 13 a
327 2792 66 21 Town
410 2792 25 26 is,
445 2793 23 22 in
484 2796 49 24 fact,
545 2795 88 29 already

57 2818 94 25 created,
161 2818 30 27 by
201 2818 36 21 the
248 2819 161 21 concentration
426 2820 25 21 of
465 2820 37 21 the
512 2823 121 27 Surveying

58 2845 56 21 Staff
121 2852 28 13 on
160 2845 47 21 that
218 2849 53 22 spot,
283 2852 23 14 as
314 2846 38 21 the
362 2850 72 17 centre
451 2846 25 21 of
487 2849 146 22 communica-

56 2872 46 21 tion
112 2874 24 18 to
146 2871 37 21 the
193 2872 145 26 surrounding
348 2871 94 28 district;
459 2873 37 22 the
508 2875 93 22 erection
611 2877 24 20 of

57 2898 89 21 Messrs.
158 2898 114 21 Kebbell's
287 2899 47 21 Saw
352 2898 61 22 Mills
429 2901 109 26 opposite;
556 2902 27 26 by
597 2902 36 23 the

56 2929 163 22 arrangements
233 2925 33 21 for
282 2932 26 14 an
326 2926 111 21 extensive
449 2926 96 23 General
558 2930 60 20 Store
626 2937 6 19 ;

56 2952 43 20 and
109 2952 29 26 by
146 2952 37 21 the
193 2951 43 22 lute
246 2952 129 26 application
384 2954 32 19 for
425 2961 12 13 a
445 2954 105 21 Licensed
559 2956 74 21 House

56 2985 26 14 on
92 2978 36 21 the
138 2982 50 23 part
197 2978 26 21 of
233 2985 28 14 an
272 2978 120 22 individual
407 2980 47 21 who
470 2980 45 27 has,
527 2982 59 21 since
598 2982 35 23 the

55 3005 117 21 formation
190 3005 25 21 of
230 3005 36 21 the
283 3005 89 27 Colony,
386 3007 96 25 pursued
499 3015 13 14 a
531 3008 102 23 lucrative

56 3032 62 20 trade
129 3031 52 21 with
191 3031 37 21 the
237 3032 91 26 natives,
339 3032 44 21 and
395 3033 71 22 whose
479 3034 126 28 knowledge
612 3037 23 20 of

57 3057 37 22 the
104 3057 134 27 advantages
249 3058 24 21 of
280 3058 36 21 the
326 3060 99 25 position,
433 3062 114 26 prompted
557 3061 43 22 him
611 3067 24 17 at

58 3091 54 14 once
123 3089 22 16 to
153 3085 73 26 prefer
235 3084 49 21 that
295 3085 138 26 application.

82 3111 47 21 Tbe
141 3111 91 21 Natives
247 3111 29 26 by
286 3111 71 22 whom
372 3112 43 21 this
425 3112 53 22 land
488 3120 44 15 was
542 3114 91 23 claimed

57 3143 36 15 are
105 3137 59 26 quite
175 3137 106 26 prepared
290 3140 20 19 to
319 3139 50 25 give
376 3145 29 20 up
411 3140 130 27 possession,
549 3142 43 21 and
599 3150 35 14 ure

57 3164 143 26 exceedingly
212 3165 91 20 anxious
315 3168 21 17 to
352 3165 56 20 have
418 3173 13 14 a
441 3165 116 29 European
567 3175 67 21 popu-

55 3189 67 22 lation
134 3197 82 20 among
226 3190 65 26 them,
303 3191 80 27 having
401 3192 54 21 been
464 3200 59 20 upon
534 3194 36 21 the
579 3199 56 18 most

56 3215 94 28 friendly
158 3216 85 27 footing
255 3217 49 21 with
313 3218 37 21 tbe
362 3219 123 27 Surveying
495 3220 57 21 Staff
557 3220 78 29 during

53 3243 39 21 the
101 3243 50 21 focr
160 3250 25 14 or
194 3243 41 21 five
247 3243 85 23 months
341 3245 52 26 they
414 3245 55 22 have
486 3247 53 22 been
551 3248 84 23 located

50 3269 73 24 .there.

82 3296 33 21 As
125 3296 37 21 the
171 3296 134 27 Proprietors
314 3304 92 20 purpose
415 3302 22 17 to
447 3299 85 27 dispose
543 3301 25 21 of
574 3302 39 21 but
623 3309 12 15 a

54 3322 85 22 limited
153 3322 87 27 portion
258 3323 26 21 of
294 3323 37 21 the
345 3325 67 21 Town
429 3329 22 17 at
468 3332 95 22 present,
583 3329 51 27 they

54 3348 78 28 pledge
143 3349 131 21 themselves
282 3349 52 27 that,
346 3354 22 17 at
378 3358 28 14 no
425 3352 72 22 future
506 3353 62 28 sales,
579 3356 55 21 shall

55 3375 38 22 the
104 3375 126 21 allotments
239 3375 27 22 be
277 3379 37 24 put
320 3383 30 20 up
360 3380 23 18 at
392 3386 12 12 a
415 3375 43 25 les9
468 3387 49 14 sum
526 3381 52 22 than
587 3389 48 15 now

56 3401 89 23 offered.

83 3431 22 20 A
125 3429 130 26 Prospectus
274 3429 43 21 and
336 3429 54 23 Flan
411 3432 26 20 of
450 3432 37 21 the
505 3433 67 22 Town
592 3435 43 22 will

55 3455 85 28 shortly
151 3456 27 20 be
188 3455 66 26 ready
263 3455 34 21 for
305 3456 121 26 inspection
442 3462 22 18 at
477 3459 37 21 the
524 3460 79 23 Offices
613 3465 22 18 of

56 3483 90 22 Messrs.
160 3481 66 22 Waitt
235 3481 45 21 and
289 3482 75 27 Tyser,
374 3484 30 20 Te
414 3485 54 21 Aro.

83 3515 145 25 Wellington.
240 3516 62 20 Aori;
313 3518 16 19 L'
329 3518 17 19 2.
358 3517 58 20 IS-H'.

226 3565 65 20 Just
310 3565 156 26 Published,

56 3598 92 49 THE
173 3598 210 22 WELLINGTON
406 3600 178 26 ALMANACK
600 3605 35 22 for

132 3627 67 20 1843:
362 3623 3 3 '
572 3627 4 3 '
634 3633 2 2 ■

287 3659 122 14 CONTENTS.

84 3678 107 22 Weather
213 3678 76 26 Table,
310 3678 77 28 Cycles
408 3678 42 22 and
475 3680 160 26 Astronomical

56 3704 119 28 Numbers,
190 3705 115 27 Calendar,
322 3706 135 21 Gardener's
472 3707 43 21 and
529 3709 106 25 Farmer's

56 3732 116 26 Calendar,
183 3728 181 30 Meteorological
377 3732 68 21 Table
455 3732 34 22 for
505 3735 59 27 1840,
576 3738 49 21 1841

57 3758 44 21 and
112 3760 59 25 1842,
183 3758 97 27 Eclipses
291 3760 24 20 of
323 3759 37 21 the
369 3759 46 21 Sun
426 3760 46 20 and
489 3760 76 28 Moon,
582 3763 53 23 New

57 3784 98 22 Zealand
172 3785 120 27 Company,
304 3785 53 22 Post
371 3786 69 21 Office
453 3786 141 28 Regulations
604 3791 31 22 for

58 3811 55 22 New
124 3810 106 28 Zealand,
242 3812 55 21 Civil
313 3812 184 28 Establishment-,
510 3814 54 22 Fees
574 3816 61 24 Land

59 3838 89 21 Claims'
173 3838 76 27 Office,
275 3838 51 23 Post
350 3839 197 23 Office-r-Colonial
576 3843 59 28 Law,

58 3864 74 22 Police
158 3863 69 22 Office
228 3875 28 5 —
257 3864 65 28 Petty
346 3866 106 27 Sessions,
483 3866 108 29 Holidays
614 3874 21 20 at

58 3889 78 24 Public
145 3890 89 28 Offices,
245 3891 109 22 Discount
363 3892 69 27 Days.
583 3893 3 4 '
614 3894 11 20 '.

261 3923 78 29 Pfcici,
355 3925 28 22 la.
397 3925 36 23 6d.

712 134 266 23 ROWLAND'S
1005 134 192 25 ODONTO,

938 173 37 18 OR,

793 199 102 22 PEARL
919 198 196 26 DENTIFRICE,

656 234 50 48 A
734 234 101 20 WHITE
851 233 131 25 POWDER,
995 233 27 25 of
1034 233 94 20 Oriental
1137 233 69 21 Herbs
1223 232 17 21 of

745 260 36 22 the
802 264 56 18 most
868 259 110 26 delightful
980 259 123 26 fragrance.
1105 270 26 4 —
1134 259 22 21 It
1174 259 66 22 eradi-

667 290 57 18 cates
737 288 76 20 Tartar
822 286 44 21 and
877 287 96 26 decayed
984 287 64 24 Spots
1057 286 55 21 from
1124 286 38 20 the
1169 287 71 25 Teeth,

640 334 2 3 .
666 319 112 20 preserves
786 313 37 22 the
833 314 92 25 Enamel,
937 313 41 21 and
989 312 55 22 fixes
1054 311 36 22 the
1101 313 63 19 Teeth
1173 313 67 26 firmly

640 354 2 5 .
668 340 21 20 in
698 339 55 23 their
760 339 93 26 sockets,
860 339 120 26 rendering
986 338 58 22 them
1053 339 107 26 delicately
1169 341 71 19 White.

668 365 71 28 Being
760 373 28 14 an
813 366 160 22 Anti-Scorbnt
980 372 19 18 c,
1024 365 17 21 it
1063 366 121 22 eradicates
1208 367 32 21 the

667 392 83 27 Scurvy
760 397 57 17 trom
834 391 36 23 the
882 394 68 23 Gums,
964 393 134 26 strengthens,
1112 393 77 25 braces,
1201 392 39 22 tuul

640 417 2 29 \
666 418 89 22 renders
765 418 59 22 them
840 419 27 21 of
877 426 13 14 a
900 418 87 27 healthy
997 419 50 22 red;
1061 421 18 19 it
1087 426 101 15 removes
1202 426 38 15 un-

640 442 2 12 1
666 445 100 24 pleasant
784 448 66 18 tas'es
865 445 55 21 from
940 445 35 21 the
992 445 83 27 mouth,
1094 445 70 22 which
1184 447 56 20 often

666 471 83 21 remain
762 472 56 20 after
833 470 77 28 fevers,
923 471 76 26 taking
1014 472 115 25 medicine,
1142 473 47 25 &c,
1201 472 39 22 and

640 498 2 29 |
666 496 91 28 imparts
766 505 13 13 a
788 498 112 25 delightful
904 498 117 26 fragrance
1032 502 21 18 to
1063 498 36 22 the
1110 498 84 22 breath.

734 531 63 22 Price
806 532 31 20 2s.
849 531 35 21 9d.
895 539 39 19 per
943 531 50 27 box,
1006 532 53 26 duty
1069 531 112 23 included.

666 565 51 24 BgjT
734 564 125 21 Notice—
860 564 47 22 The
922 565 72 21 Name
1004 565 44 21 and
1063 565 100 23 Address
1173 566 24 22 of
1209 566 31 22 the

640 601 2 10 i
886 591 140 27 Proprietors,

666 623 28 19 A.
714 623 151 21 ROWLAND
880 623 18 23 8c
913 623 65 23 SON,
994 624 33 25 20,
1047 624 82 20 Hatton
1143 624 97 25 .Garden,

912 651 92 19 London.

640 684 2 12 1
668 686 37 15 are
715 680 110 26 engraved
836 687 27 15 on
873 680 37 21 the
922 682 147 21 Government
1080 681 83 27 Stamp,
1174 682 66 21 which

668 706 18 21 is
696 706 74 26 pasted
783 714 26 14 on
821 708 37 21 the
1035 707 44 21 and

668 732 45 21 hlso
720 733 90 27 printed,
823 734 24 21 in
863 734 42 26 red,
917 741 26 14 on
962 734 35 21 the
1013 734 106 27 Wrapper
1133 734 24 21 in
1175 734 65 23 which

668 759 37 21 the
716 759 99 27 Kalydor
825 760 17 21 is
852 760 108 22 enclosed.

694 792 107 22 Beware
821 794 29 20 of
863 793 208 21 Counterfeits!!
1088 794 117 27 composed
1221 794 19 21 of

668 818 37 21 the
715 824 56 16 most
780 819 122 27 pernicious
912 819 43 22 and
967 819 73 27 trashy
1049 819 141 27 ingredients,
1202 821 38 21 and

668 844 70 22 which
750 853 36 13 are
801 846 123 27 frequently
934 847 88 26 pressed
1039 853 58 20 upon
1107 847 38 21 the
1156 854 84 20 unwary

666 870 71 23 under
747 872 37 22 the
794 872 47 21 lure
853 873 24 20 of
883 873 57 25 being
950 874 69 24 cheap.

688 904 31 22 Be
730 911 48 16 sure
789 909 21 17 to
821 906 38 21 ask
933 907 156 22 Rowland's
1123 907 103 22 Articles.

667 938 50 22 Sold
726 939 29 26 by
762 946 65 20 exery
837 939 124 23 PisitruMCß
968 941 42 21 and
1022 941 119 21 Medicine
1149 941 91 23 Vendeii

769 964 134 29 throughout
913 967 35 21 the
959 967 99 21 civilized
1069 967 76 22 world.

691 1014 35 18 The
736 1014 77 19 FIRST
822 1016 185 18 PRODUCTIONS
1018 1018 19 17 in
1050 1018 30 17 the
1090 1018 22 17 W
1127 1018 55 17 RLD
1190 1019 36 21 fur

667 1044 54 20 The
731 1044 25 19 H
758 1044 75 21 AIR!
849 1046 55 19 The
915 1046 100 21 SKIN!!
1032 1047 54 19 The
1096 1047 117 21 TEETH
1218 1047 22 22 !!J

830 1094 52 22 RO
893 1094 56 23 WL
960 1096 50 21 AN
1024 1096 55 21 D'S

752 1126 282 22 MACASSAR
1071 1128 93 25 OIL,

795 1167 13 13 A
823 1166 129 15 VEGETABLE
967 1167 150 15 PRODUCTION.

668 1192 90 47 THE
768 1192 52 28 only
831 1193 74 21 article
922 1193 46 21 that
978 1193 106 27 produces
1094 1195 46 21 and
1153 1200 87 18 restores

714 1218 132 26 HAIK;aIs
848 1227 12 13 O
870 1220 370 28 WHISKERS,MUSTACinOS,

668 1244 42 22 and
722 1244 188 28 EYE-B11OWS;
926 1252 102 21 prevents
1037 1249 54 19 Hair
1099 1248 56 22 from
1167 1249 73 26 falling

667 1271 62 22 offor
739 1272 88 26 turning
842 1279 53 20 grey
907 1277 21 17 to
943 1273 38 21 the
997 1273 63 22 latest
1069 1275 76 26 period
1162 1276 25 20 of
1194 1276 46 26 life;

668 1298 94 26 changes
771 1305 49 19 gre>
835 1298 47 22 hair
893 1303 21 17 to
926 1300 26 20 its
962 1300 92 27 original
1072 1309 115 14 colour—
1190 1303 50 21 frees

667 1324 17 21 it
698 1325 54 20 from
764 1326 64 24 scurf
840 1326 42 21 and
901 1326 75 21 make's
991 1332 16 15 it
1023 1327 127 26 beautifully
1163 1329 77 24 SOFT,

667 1350 109 28 CURLY,
794 1351 42 22 and
856 1352 92 22 GLOSS
952 1352 27 22 Y.
1007 1354 27 20 In
1046 1354 99 27 dressing
1157 1355 83 26 HAIR

667 1378 17 20 it
698 1377 66 27 keeps
775 1383 14 16 it
802 1380 45 19 firm
863 1378 22 21 in
899 1379 35 21 the
950 1381 52 22 curl,
1013 1381 116 26 uninjured
1147 1382 29 27 by
1186 1383 54 25 damp

666 1406 95 24 weather,
781 1406 92 19 crowded
887 1412 73 17 rooms,
978 1407 36 21 the
1029 1407 62 21 dance
1121 1416 24 13 or
1164 1416 21 14 in
1209 1412 31 18 tlie

667 1432 96 21 exercise
771 1432 25 21 of
803 1433 74 25 riling.
907 1433 31 21 To
947 1434 100 26 Children,
1057 1435 16 21 it
1084 1435 16 21 is
1111 1435 22 21 in
1138 1435 102 28 valuible,

667 1465 24 12 as
708 1458 18 20 it
740 1458 46 28 lays
806 1467 13 13 a
834 1459 129 23 foundation
982 1461 34 21 for
1035 1468 12 14 a
1067 1461 173 23 BEAUTIFUL

668 1484 87 21 HEAD
772 1485 39 22 OF
827 1486 87 21 HAIR.

694 1518 40 21 ON
752 1518 207 27 PURCHASING,
976 1521 117 25 (Beware
1112 1522 31 21 of
1155 1523 85 20 Coun-

667 1545 103 21 terfeits
780 1546 5 20 !
795 1546 16 26 !)
830 1547 38 21 ask
886 1547 34 21 for
966 1548 132 21 Rowland's
1119 1549 121 24 Macassar.

668 1571 43 21 Oil
733 1582 26 5 —
762 1573 44 21 and
824 1580 36 14 see
880 1573 47 21 that
943 1574 62 21 those
1025 1575 69 20 words
1108 1582 37 14 are
1164 1583 28 14 on
1208 1576 32 21 the

666 1598 113 26 envelope,
790 1599 50 21 with
851 1599 36 21 the
898 1601 114 25 Signature
1023 1602 41 20 and
1073 1602 103 26 Address,
1187 1602 53 26 thus,

693 1632 28 21 A.
733 1632 158 23 ROWLAND
903 1634 19 21 &
932 1634 65 25 SON,
1009 1636 31 24 20,
1049 1635 86 21 Hatton
1145 1635 95 28 Garden,

928 1661 100 21 London.

763 1692 191 28 Counter-signed,
967 1695 91 21 ALEX.
1075 1696 165 23 ROWLAND.

691 1726 32 21 To
740 1733 78 14 ensure
833 1726 36 21 the
888 1728 92 26 genuine
997 1729 80 24 article,
1093 1736 35 14 see
1145 1729 49 22 that
1207 1733 33 19 the

666 1753 58 21 word
894 1755 108 19 Macassar
1019 1757 32 18 Oil
1082 1763 37 13 are
1132 1764 108 19 engraven

665 1786 26 14 on
703 1779 37 22 the
749 1779 56 22 back
818 1782 25 19 of
849 1780 37 21 the
897 1782 106 26 envelope
1021 1782 75 26 nearly
1107 1784 54 20 150)
1172 1784 68 25 times,

665 1807 126 26 containing
800 1808 75 25 29,028
886 1808 98 22 letters—
989 1815 104 15 without
1111 1816 53 15 this
1183 1818 57 14 none

666 1840 20 13 IS
701 1840 108 15 GENUINE.

665 1863 61 23 Price
736 1865 51 25 35.6
787 1865 39 25 d.;
840 1865 42 26 75.;
901 1866 84 27 Family
1002 1867 90 26 Bottles,
1105 1868 135 27 (containing

691 1892 48 20 four
748 1892 80 25 small,)
837 1894 42 20 10s.
890 1893 41 26 6J.,
944 1893 43 22 and
998 1894 79 21 double
1089 1894 48 21 that
1147 1896 44 20 size
1198 1898 42 19 21s.

691 1924 37 21 per
738 1918 76 22 boltle.

832 1972 76 20 Meat
929 1973 146 25 Company.

665 2002 69 49 Til
740 2001 13 21 P.
775 2003 232 28 UNDERSIGNED,
1028 2004 82 28 having
1129 2006 55 21 been
1206 2013 34 20 ap-

736 2029 89 27 pointed
842 2031 107 25 Manager
960 2031 24 21 of
998 2031 36 21 the
1048 2032 62 21 Meat
1121 2032 119 28 Company,

664 2055 52 26 begs
726 2060 22 16 to
757 2063 116 15 announce
884 2057 47 21 that
945 2065 12 14 a
970 2058 84 26 regular
1063 2058 77 28 supply
1151 2060 25 19 of
1186 2059 54 25 beef,

665 2085 90 24 mutton,
776 2083 44 21 and
839 2084 53 27 pork
910 2091 50 19 may
980 2085 81 27 always
1078 2086 27 20 be
1127 2086 113 26 depended

665 2115 56 20 upon
734 2114 21 17 at
767 2109 42 22 this
820 2110 170 22 establishment.

691 2137 30 19 As
746 2136 42 21 this
812 2137 112 27 Company
944 2145 105 19 purposes
1068 2138 79 26 selling
1165 2142 23 18 at
1206 2139 34 21 the

663 2160 75 23 lowest
746 2163 71 27 prices
827 2168 22 16 at
866 2163 70 22 which
945 2166 18 19 it
976 2164 19 21 is
1004 2164 68 21 found
1083 2165 37 21 the
1131 2169 59 18 meat
1202 2173 38 14 can

663 2187 27 22 be
700 2189 105 27 afforded,
817 2190 36 21 the
863 2190 148 28 undersigned
1020 2191 18 21 is
1053 2192 50 26 only
1114 2191 126 23 authorized

663 2219 22 17 to
695 2216 49 25 give
750 2223 52 20 very
810 2216 84 21 limited
905 2219 75 24 credit,
988 2217 44 22 and
1040 2218 38 21 has
1085 2219 55 20 been
1150 2218 90 23 ordered

663 2245 22 17 to
701 2248 47 21 stop
764 2243 28 21 all
807 2246 103 19 accounts
925 2243 71 22 which
1011 2251 35 14 are
1063 2248 39 17 not
1118 2245 51 27 paid
1185 2253 55 20 upon

663 2269 100 21 demand.

689 2295 45 21 The
746 2296 98 21 business
854 2296 26 21 of
888 2296 35 21 the
934 2296 113 28 Company
1056 2297 18 21 is
1085 2298 84 21 carried
1180 2306 27 14 on
1219 2299 21 22 in

664 2321 54 21 their
734 2328 47 15 new
798 2323 106 26 building,
916 2324 86 21 erected
1021 2324 98 21 between
1140 2325 100 22 France's

663 2347 66 23 Hotel
748 2348 43 22 and
811 2349 36 21 the
867 2349 55 22 head
941 2350 25 21 of
980 2350 37 22 the
1032 2351 55 27 Bay,
1106 2351 44 22 and
1166 2352 74 28 nearly

663 2375 96 26 opposite
770 2380 22 17 to
803 2377 43 20 Mr.
858 2376 81 27 Lyon's
950 2378 68 20 Store.

931 2410 35 21 W.
981 2411 100 26 Fxyger,
1098 2412 117 27 Manager.

690 2435 127 22 November
826 2437 34 25 23,
872 2437 59 21 1842.

901 2488 107 21 Cheese.

662 2519 50 48 A
723 2518 115 23 SUPPLY
849 2520 100 22 received
957 2521 83 26 weekly
1049 2521 23 22 of
1080 2522 56 22 New
1143 2523 97 24 Zealand

740 2546 64 21 made
816 2546 90 27 Cheese,
913 2547 56 22 from
980 2547 36 23 the
1024 2549 140 27 Cowpasture
1171 2550 69 28 dairy,

662 2572 44 21 and
716 2572 32 21 for
757 2572 45 22 sale
812 2577 23 17 at
851 2573 36 22 the
897 2574 105 27 premises
1013 2575 24 21 of
1051 2575 36 22 the
1103 2576 64 22 Meat
1177 2577 63 24 Com-

661 2605 66 21 pany.

939 2627 34 22 W.
985 2628 99 28 Flyger,
1098 2629 115 28 Manager.

689 2651 156 26 Willis-street,
856 2653 125 23 December
989 2657 34 24 20,
1035 2657 59 20 1842:

850 2699 83 20 Fresh
949 2700 102 26 Butter,

663 2730 160 49 ALWAYS
839 2739 28 14 on
882 2733 49 21 Sale
947 2737 24 17 at
987 2734 35 22 the
1034 2735 62 22 Meat
1109 2737 131 27 Company's

740 2758 114 27 premises.

688 2811 29 6 ,„
726 2810 14 7 „
930 2786 35 22 f>-
981 2787 100 28 Flyger,
1098 2789 116 28 Manager.

688 2810 158 28 Willis-street,
858 2811 54 23 Dec.
924 2814 20 24 2,
957 2815 59 24 1542,

666 2855 88 23 nnHE
777 2858 77 20 Nelson
877 2859 115 20 Examiner
1015 2861 42 19 and
1077 2862 53 20 New
1152 2864 88 20 Zealand

672 2879 26 25 J-
736 2884 108 21 Chronicle
860 2885 123 26 (published
994 2890 22 17 at
1027 2887 99 27 Nelson,)
1143 2888 18 22 is
1180 2897 60 20 regu-

663 2909 54 28 larly
737 2912 137 21 transmitted
891 2916 21 17 to
931 2912 140 28 Wellington,
1091 2915 43 22 and
1151 2923 51 20 may
1217 2917 23 21 be

663 2937 41 21 had
715 2940 23 18 at
746 2937 38 22 the
794 2938 62 21 office
867 2938 25 22 of
903 2938 44 22 this
955 2947 73 20 paper.

687 2963 49 22 The
746 2965 77 20 Kelson
832 2966 115 20 Examiner
962 2966 43 22 will
1016 2967 26 22 be
1053 2967 68 22 found
1131 2975 28 15 an
1171 2970 69 21 excel-

663 2991 45 21 lent
716 2992 97 21 medium
825 2992 33 21 for
869 2992 137 23 advertisers.

687 3017 77 22 Terms
777 3019 32 20 for
818 3019 37 22 the
867 3027 71 19 paper,
950 3024 35 17 ten
995 3020 98 28 shillings
1107 3028 40 20 per
1155 3027 85 22 quarter

662 3044 92 27 payable
763 3045 23 21 in
797 3045 106 22 advance.

689 3070 80 23 Orders
793 3072 34 21 for
846 3072 36 21 the
906 3080 67 20 paper
995 3074 44 21 and
1061 3074 63 22 advei
1131 3075 109 22 tisements

664 3098 98 21 received
774 3102 23 16 at
807 3099 35 20 the
854 3099 70 21 Office
934 3100 25 21 of
972 3099 42 21 this
1023 3107 75 19 paper.

835 3143 107 22 Heifers
957 3144 28 21 in
1001 3145 66 21 Calf.

665 3173 86 48 FOR
764 3173 85 28 SALE,
861 3175 68 21 about
943 3177 27 20 50
978 3177 100 26 superior
1086 3177 57 22 bred
1155 3178 85 27 heifers,

721 3205 59 17 most
795 3201 26 21 of
832 3201 61 21 them
908 3202 71 27 heavy
995 3199 20 25 iii
1034 3203 49 27 calf,
1101 3205 46 21 and
1161 3205 79 29 having

665 3227 53 21 been
738 3234 61 14 some
814 3227 53 21 time
883 3228 21 21 in
919 3229 37 21 the
976 3229 90 27 Colony,
1084 3235 40 17 not
1138 3232 66 21 liable
1221 3237 19 17 to

663 3253 66 22 suffer
737 3253 56 22 from
804 3253 36 23 the
851 3254 75 22 effects
936 3256 24 20 of
972 3255 37 22 the
1025 3256 60 22 Toot.
1115 3258 47 21 The
1176 3260 64 21 above

664 3280 65 22 cuttle
746 3287 40 15 can
803 3280 27 22 be
846 3282 99 26 strongly
957 3283 179 27 recommended,
1154 3292 24 14 as
1192 3286 48 28 they

665 3306 55 22 have
736 3307 56 21 been
809 3307 94 22 selected
920 3309 56 21 from
993 3309 35 21 the
1046 3317 118 16 numerous
1179 3313 61 21 cattle

664 3333 58 28 ships
733 3333 70 22 which
814 3333 55 23 have
887 3335 85 22 arrived
985 3335 61 23 here.
1074 3337 74 28 Apply
1162 3342 23 22 Jo
1199 3339 41 22 Mr.

665 3359 94 28 Revans,
773 3361 85 21 Gazette
868 3361 69 27 office,
950 3370 23 14 or
982 3367 23 17 to
1015 3363 43 21 Mr.
1070 3363 84 28 Hulke,
1164 3365 76 25 Evans'

665 3387 54 26 Bay.

691 3413 61 26 Also,
762 3413 62 23 three
834 3414 114 23 well-bred
958 3423 70 15 mares
1035 3415 22 22 in
1068 3416 53 28 foal,
1133 3421 21 18 to
1165 3419 75 27 impor-

665 3440 34 22 ted
710 3441 82 21 horses.

762 3486 39 20 To
822 3486 169 26 Proprietors
1007 3487 30 21 of
1049 3488 91 21 Stock.

666 3512 48 48 A
739 3512 194 23 GENTLEMAN
955 3513 48 22 who
1023 3514 38 21 has
1081 3514 57 23 been
1158 3518 82 21 several

742 3546 63 19 years
812 3539 21 21 in
845 3539 79 27 charge
935 3540 25 21 of
971 3540 63 21 stock
1044 3541 22 20 in
1078 3540 112 29 England,
1201 3545 39 21 aud

666 3563 46 23 who
727 3565 40 21 has
778 3565 55 21 been
853 3572 61 15 more
934 3566 54 21 than
1007 3566 77 23 twelve
1105 3570 96 21 months'
1220 3571 20 23 in

665 3591 79 26 charge
754 3591 26 21 of
788 3598 50 15 .one
855 3592 26 21 of
898 3593 37 21 the
953 3593 82 27 largest
1053 3594 80 23 dairies
1148 3596 23 21 in
1194 3597 46 22 Port

641 3632 5 3 -
665 3617 127 27 Nicholson,
803 3617 39 22 has
853 3619 137 22 determined
1000 3623 21 18 to
1032 3620 103 23 establish
1150 3631 13 13 a
1177 3623 63 29 sheep

665 3644 42 21 and
717 3644 65 22 cattle
792 3645 87 24 station,
891 3645 97 22 between
1001 3646 140 23 Poriruaand
1149 3649 91 28 Wanga-

666 3670 44 27 uui,
731 3669 53 23 with
798 3670 37 22 the
851 3671 109 22 intention
978 3673 26 20 of
1020 3673 77 27 taking
1115 3675 66 29 sheep
1200 3678 40 21 and

665 3696 64 22 cattle
741 3704 28 14 on
779 3696 81 27 shares,
872 3704 24 14 or
903 3698 121 27 otherwise,
1036 3707 23 14 as
1066 3707 51 20 may
1126 3702 27 22 be
1164 3705 76 25 agreed

665 3730 64 24 upon.
758 3723 48 21 The
821 3730 49 14 new
880 3723 71 23 North
962 3725 70 26 Road,
1044 3733 49 15 now
1103 3728 23 21 in
1136 3736 100 20 progress

666 3749 43 22 will
719 3749 50 28 give
779 3749 37 22 the
827 3754 58 18 most
892 3752 85 25 perfect
987 3753 82 26 facility
1087 3754 25 21 of
1125 3758 115 21 communi-

665 3777 73 26 cating
746 3776 31 27 by
786 3776 54 22 land
849 3776 51 22 with
912 3777 36 23 the
963 3779 90 27 grazing
1066 3780 96 24 districts
1175 3784 24 21 in
1208 3784 32 22 the

665 3803 70 24 aboye
757 3803 111 22 indicated
891 3803 113 28 direction.
1050 3806 46 26 For
1117 3810 123 25 particulars

665 3829 64 27 apply
738 3833 21 18 to
769 3830 37 21 the
819 3831 85 20 Gazette
914 3831 71 23 office.

849 3867 65 30 just
928 3877 130 22 received.

664 3906 126 50 PLAN.S
813 3907 26 22 of
860 3907 37 25 the
920 3907 69 25 Town
1007 3909 28 23 of
1050 3909 178 27 Wellinoion.-

736 3933 56 23 Plan
813 3934 27 22 of
845 3933 38 23 the
893 3934 105 24 Harbour
1006 3936 27 22 of
1045 3936 54 24 Port
1112 3938 125 25 Nicholson

1272 134 296 21 HOLLOWAY'S
1595 134 253 21 OINTMENT.

1378 167 228 24 HOLLOWAY'S
1627 167 112 24 PILLS.

1271 221 310 22 EXTRAORDINARY
1591 222 89 21 CURE
1696 221 32 22 of
1735 226 17 17 a
1761 223 86 21 CASE

1445 249 222 24 ABANDONED,

1273 280 32 22 By
1317 280 96 26 GUY'S,
1424 288 45 15 the
1480 281 250 25 METROPOLITAN,
1742 280 106 24 KING'S

1321 307 149 27 COLLEGE,
1485 315 44 14 and
1545 307 143 22 CHARING
1704 308 91 21 CROSS

1473 334 173 21 HOSPITALS.

1272 365 52 22 This
1338 365 55 23 Fact
1409 374 44 14 was
1468 366 108 22 SWORN
1595 367 38 21 TO
1649 366 44 21 this
1710 365 39 23 Bth
1769 366 42 28 clay
1826 367 25 21 of

1300 392 85 26 March,
1394 394 59 23 1842,
1463 393 75 21 before
1549 393 35 21 tbe
1595 392 66 27 R'ght
1672 392 130 22 Honorable
1811 393 36 22 the

1299 418 60 22 Lord
1369 419 87 26 Mayor,
1467 423 22 17 at
1498 419 37 21 the
1550 419 189 21 Mansion-house.

1388 452 139 25 Summary
1548 451 30 21 of
1595 452 136 20 Affidavit.

1272 482 100 49 WM.
1388 483 133 26 BROOKE,
1538 483 134 27 Messenger,
1692 482 25 22 of
1729 484 20 25 2,
1766 483 82 22 Union-

1366 514 74 22 street,
1448 510 133 24 Southwurk,
1590 510 98 23 London,
1700 509 89 22 makeih
1797 510 51 21 oath

1272 535 43 21 and
1326 535 64 26 sailh,
1408 537 46 20 that
1469 536 27 21 he
1507 536 53 26 (this
1569 536 118 26 deponent)
1701 543 43 14 was
1754 536 94 22 afflicted

1274 561 49 21 \\u\\
1328 562 77 25 fifteen
1415 564 87 24 running
1510 564 68 19 ulcers
1592 570 27 13 on
1635 562 34 22 his
1685 562 40 21 left
1739 570 53 19 arm,
1805 564 43 20 and

1272 588 111 22 ulcerated
1399 596 59 14 sure.*
1472 590 43 21 and
1533 590 88 21 wounds
1638 596 28 14 on
1684 589 50 21 both
1751 589 52 26 legs,
1815 590 34 21 for

1274 614 69 22 which
1366 616 109 26 deponent
1497 623 43 14 was
1563 615 104 22 admitted
1691 622 30 14 an
1745 616 104 21 out-door

1274 641 83 25 patient
1367 646 23 17 at
1399 642 36 22 the
1452 642 154 28 Metropolitan
1624 642 60 27 liosp
1693 642 37 24 tal,
1742 644 22 19 in
1776 643 70 26 April,

1277 669 54 22 1841,
1345 668 69 21 which
1426 669 27 20 he
1463 670 113 21 continued
1585 670 33 20 for
1625 675 75 19 nearly
1712 668 48 22 four
1769 670 78 21 weeks.

1274 690 86 25 Ur.able
1378 699 21 16 to
1414 696 84 21 receive
1514 703 13 14 a
1542 703 49 14 cure
1608 695 65 26 there,
1686 695 36 21 the
1738 696 110 26 deponent

1273 720 78 26 9ouglit
1361 721 64 21 relief
1432 727 23 16 at
1465 722 35 21 the
1510 722 61 21 three
1582 722 109 24 following
1702 722 104 26 hospitals
1814 730 5 13 :
1825 734 23 4 —

1274 745 78 27 King's
1362 748 89 26 College
1461 748 100 25 Hospital
1573 749 21 20 in
1603 748 59 26 May,
1673 750 81 24 iovfiue
1764 750 82 24 weeks;

1275 772 70 27 Guy's
1356 772 100 28 Hospital
1473 776 21 19 in
1505 774 61 28 July,
1578 778 32 18 tor
1623 777 33 18 si-i'
1672 776 84 25 weeks;
1773 776 42 20 and
1827 780 22 17 at

1273 799 96 27 Charing
1380 801 63 20 Cross
1460 801 97 26 Hospital
1574 805 21 17 at
1609 801 35 22 the
1655 801 43 22 end
1715 802 25 20 of
1754 802 93 26 August,

1272 825 33 21 for
1321 833 62 14 some
1399 826 71 23 weeks
1486 834 72 19 more;
1581 828 67 21 which
1668 827 113 27 deponent
1801 829 45 25 left,

1274 851 64 28 being
1349 853 20 20 in
1381 860 12 13 a
1403 853 34 21 far
1445 860 65 14 worse
1518 854 107 21 condition
1633 854 51 21 than
1695 854 64 21 when
1768 854 27 21 he
1805 854 42 21 hud

1273 879 84 25 quitted
1368 879 77 26 Guy's,
1458 880 70 21 where
1544 881 34 20 Sir
1594 880 97 26 Bransby
1702 882 91 25 Cooper,
1804 882 44 20 and

1273 905 61 21 other
1344 906 93 21 medical
1453 906 83 21 officers
1547 906 26 21 of
1583 906 35 21 the
1627 906 166 22 establishment
1805 907 41 20 had

1274 931 44 21 told
1328 931 111 26 deponent
1449 933 45 20 that
1504 933 36 20 the
1551 933 50 26 only
1613 933 82 21 chance
1707 933 25 21 of
1737 934 71 25 saving
1818 935 31 19 his

1272 958 38 23 life
1322 964 42 14 teas
1380 961 20 17 to
1409 960 40 19 lose
1464 960 31 19 his
1504 966 44 13 arm
1555 961 10 19 !
1592 959 45 21 The
1655 960 111 26 deponent
1776 962 72 20 there-

1274 992 55 19 upon
1340 985 69 21 called
1421 993 56 19 upon
1490 986 39 21 Dr.
1540 985 82 28 Bright,
1634 986 61 21 chief
1700 986 115 27 physician
1827 987 24 21 of

1274 1011 76 26 Guy's,
1368 1011 55 26 who,
1435 1018 28 15 on
1481 1013 92 25 vi.wing
1588 1013 127 24 deponent's
1729 1014 118 25 condition,

1272 1037 76 27 kindly
1358 1039 43 20 and
1414 1038 96 27 liberally
1521 1039 54 26 said,
1587 1039 71 20 ''lam
1668 1040 79 25 utterly
1758 1042 21 18 at
1790 1047 12 13 a
1809 1043 40 18 loss

1272 1065 54 19 what
1337 1066 20 18 to
1368 1066 25 18 do
1399 1066 42 23 for
1449 1068 54 22 you!
1517 1066 36 20 but
1563 1068 48 18 here
1621 1066 17 20 is
1649 1067 46 24 halj
1696 1073 30 13 -a-
1730 1068 104 25 sovereign
1842 1076 6 11 :

1270 1098 26 18 go
1307 1094 20 18 to
1338 1093 43 19 Mr.
1392 1093 112 24 Hilloway,
1516 1094 41 19 and
1564 1095 34 24 try
1608 1094 52 19 what
1678 1094 59 24 effect
1754 1096 31 18 his
1794 1096 54 19 Pills

1272 1119 41 19 and
1324 1120 103 20 Ointment
1444 1121 42 19 will
1495 1121 55 24 have,
1562 1127 22 13 os
1592 1121 16 19 I
1614 1122 48 19 hava
1665 1122 124 26 frequently
1801 1124 46 19 wit-
1857 1127 2 23 \

1272 1147 69 19 nessed
1350 1148 34 18 the
1393 1148 113 24 wondirful
1514 1148 69 24 effects
1596 1148 45 25 they
1651 1150 13 17 h
1679 1155 23 13 ye
1712 1150 21 17 in
1743 1149 105 25 dexperate

1272 1179 61 14 cases.
1364 1174 44 19 You
1418 1181 37 13 can
1466 1176 26 18 let
1502 1182 31 13 me
1542 1181 31 14 see
1582 1181 38 19 you
1745 1176 52 21 Tins
1809 1183 39 14 un-
1857 1173 2 21 !

1273 1199 126 28 prejudiced
1407 1200 75 22 advice
1492 1209 41 13 was
1543 1202 98 21 followed
1651 1204 26 24 by.
1688 1203 36 20 the
1731 1203 115 27 deponent,

1272 1230 43 17 and
1326 1234 13 13 a
1348 1227 86 27 perfect
1448 1235 50 14 cure
1508 1228 91 21 effected
1614 1228 20 21 in
1653 1229 61 21 three
1726 1230 78 23 week--,
1822 1231 22 25 b,>

1274 1253 34 21 the
1318 1260 37 15 use
1364 1254 64 21 alone
1439 1255 24 20 of
1472 1254 133 28 Holloway's
1613 1254 49 23 l'ills
1674 1257 43 20 aud
1725 1256 122 26 Ointment,

1272 1280 54 20 after
1337 1280 49 21 four
1404 1282 108 26 Hospitals
1529 1282 41 21 had
1587 1282 109 21 failed!!!
1728 1282 70 21 When
1810 1283 37 20 Dr.

1273 1305 77 26 Bright
1362 1314 42 13 was
1419 1307 72 21 shown
1507 1308 28 26 by
1548 1308 35 21 the
1601 1309 116 26 deponent,
1730 1309 36 20 the
1782 1309 67 21 result

1272 1332 25 21 of
1305 1333 33 21 his
1347 1333 78 22 advice
1440 1334 42 21 and
1493 1335 90 26 charity,
1595 1335 25 22 he
1636 1336 55 22 said.
1801 1337 46 18 both
1857 1331 2 33 \

1271 1361 112 19 astounded
1397 1361 42 19 and
1452 1362 102 25 delighted
1561 1363 8 18 !
1576 1362 41 25 for
1625 1362 14 19 I
1652 1363 87 24 thought
1750 1364 46 19 that
1806 1364 23 24 if
1835 1364 14 19 I

1272 1393 44 13 ever
1325 1394 43 13 now
1375 1394 40 18 you
1425 1390 64 24 again,
1498 1390 59 22 alive,
1566 1390 16 19 it
1593 1390 66 19 wmld
1669 1390 22 19 be
1700 1391 87 20 w.th'Mt
1795 1397 54 18 your

1272 1420 51 14 arm.
1343 1415 14 19 I
1364 1421 37 13 can
1411 1416 46 24 only
1465 1422 92 19 compare
1564 1417 42 19 this
1612 1423 46 13 cure
1669 1418 20 18 to
1699 1423 13 13 a
1722 1418 72 19 charm
1805 1419 43 19 "!.'.'

1298 1449 75 21 Sworn
1384 1454 20 15 at
1413 1449 35 21 the
1459 1449 97 22 Man-ion
1562 1449 86 22 -house*\

1326 1476 25 20 of
1358 1475 37 21 the
1402 1477 44 24 city
1455 1477 24 20 of
1488 1477 97 25 London,
1595 1476 40 22 this
1642 1470 8 26 I
1661 1478 51 20 TVm.
1723 1479 125 22 BROOKE.

1325 1501 37 22 Bth
1374 1502 42 26 day
1427 1503 25 19 of
1459 1503 43 21 Mai
1509 1503 34 26 eh,
1555 1504 57 21 1842.
1635 1498 13 37 J

1326 1539 76 25 Before
1408 1545 38 20 me,
1502 1540 82 21 JOHN
1602 1540 89 28 PIRIE,
1710 1542 93 22 Mayor.

1272 1572 34 22 IN
1322 1572 61 22 ALL
1398 1573 100 22 Diseases
1508 1574 25 20 of
1546 1573 36 22 the
1598 1574 58 27 Skin,
1671 1575 46 21 Bad
1731 1576 62 26 Legs,
1806 1576 42 22 Old

1273 1599 105 26 Wounds,
1388 1600 43 20 and
1442 1600 80 26 Ulcers,
1533 1601 45 21 Bad
1585 1601 92 26 Breasts,
1688 1604 54 19 Sore
1750 1603 98 27 Nipples,

1273 1627 81 25 Stoney
1361 1626 45 22 and
1417 1627 115 21 UJcerated
1540 1628 99 26 Cancers,
1648 1628 116 24 Tumours,
1773 1630 75 21 Swell-

1272 1652 54 27 ings,
1346 1653 67 25 Gout,
1428 1653 157 25 Rheumatism,
1602 1655 41 20 and
1660 1655 121 27 Lumbago,
1794 1656 53 21 like-

1274 1686 47 14 wise
1331 1679 22 21 in
1366 1687 61 13 cases
1437 1681 24 20 of
1468 1680 68 27 Piles;
1548 1681 37 20 the
1597 1681 56 25 Pills,
1663 1682 22 20 in
1697 1682 29 21 all
1736 1683 112 21 iheiibove

1273 1712 65 19 cashes,
1350 1707 68 25 ought
1434 1711 21 16 to
1470 1708 26 20 be
1507 1707 52 21 used
1576 1708 49 21 with
1641 1708 37 21 the
1692 1710 122 25 Ointment,
1826 1717 24 14 as

1274 1732 24 27 by
1319 1732 43 21 this
1382 1740 76 14 menus
1476 1741 63 14 cures
1558 1734 43 21 will
1619 1735 25 20 be
1661 1735 93 22 effected
1771 1739 51 19 with
1837 1745 11 12 a

1274 1759 62 21 much
1352 1764 86 21 greater
1454 1760 113 27 certainty,
1584 1761 41 21 and
1641 1761 24 21 in
1682 1762 50 21 half
1745 1763 37 21 the
1797 1764 52 20 time
1857 1780 2 7 ,

1273 1784 46 22 that
1334 1786 18 21 it
1370 1787 69 20 would
1457 1787 85 27 require
1559 1788 33 27 by
1600 1787 62 27 using
1678 1788 36 21 the
1733 1789 115 22 Ointment

1272 1812 69 22 alone.
1370 1813 46 21 The
1428 1813 114 22 Ointment
1551 1814 17 20 is
1580 1816 78 22 proved
1670 1820 22 16 to
1704 1816 25 21 be
1741 1823 13 14 a
1763 1816 83 21 certain

1272 1839 90 26 remedy
1372 1839 33 21 for
1415 1839 36 22 the
1463 1841 41 20 bite
1516 1841 25 20 of
1548 1840 150 23 moschetloes.

1299 1872 77 27 Burns,
1397 1873 82 25 Scalds,
1497 1874 125 27 Chilblains,
1640 1875 109 27 Chapped
1770 1875 78 23 Hands

1272 1899 43 20 and
1326 1899 59 30 Lips,
1397 1900 45 21 also
1455 1901 95 20 Bunions
1565 1900 43 21 and
1622 1902 47 20 Soft
1681 1902 74 26 Coins,
1768 1903 43 21 will
1822 1905 26 19 be

1272 1925 149 28 immediately
1432 1927 64 21 cured
1508 1928 27 26 by
1546 1926 36 22 the
1594 1935 35 14 use
1640 1928 25 21 of
1677 1930 36 19 tlie
1724 1929 123 22 Ointment.

1298 1960 70 20 THE
1383 1961 95 21 PILLS
1489 1969 36 13 are
1536 1966 37 16 not
1583 1962 49 26 only
1642 1962 35 20 the
1684 1962 66 21 finest
1757 1964 91 26 remedy

1271 1985 78 21 known
1362 1986 62 21 when
1434 1989 52 20 used
1498 1989 51 19 with
1563 1988 36 20 the
1614 1989 124 25 Ointment,
1750 1990 39 20 but
1799 1997 22 14 as
1836 1999 13 11 v

1272 2011 95 22 General
1388 2013 112 24 Medicine
1519 2015 60 21 there
1597 2014 14 22 is
1631 2015 93 25 nothing
1743 2016 64 25 equal
1826 2022 20 14 to

1272 2039 66 20 them.
1368 2039 26 21 In
1408 2046 90 17 nervous
1505 2041 111 22 affections
1627 2041 52 26 they
1689 2041 41 21 will
1743 2042 26 20 be
1782 2042 67 21 found

1272 2066 24 19 of
1303 2064 37 22 the
1349 2070 95 21 greatest
1454 2068 88 21 service.
1570 2067 71 21 These
1659 2067 52 21 Pills
1725 2075 43 18 are,
1787 2069 62 20 with-

1271 2096 37 16 out
1318 2093 124 27 exception,
1453 2094 36 22 the
1507 2094 63 22 finest
1582 2093 90 22 Purifier
1686 2094 26 21 of
1724 2095 37 21 the
1778 2095 70 21 Blood
1857 2102 2 21 j

1271 2124 51 15 ever
1332 2120 134 25 discovered,
1478 2121 42 21 and
1539 2120 107 23 OUGHT
1660 2120 40 22 TO
1716 2121 38 21 BE
1769 2121 79 22 USED

1271 2145 38 21 BY
1326 2147 61 21 ALL
1403 2147 150 23 FEMALES.
1857 2149 2 24 |

1290 2181 79 22 Orders
1378 2182 99 21 received
1488 2188 22 16 at
1521 2183 35 21 the
1592 2183 107 23 Gazette
1738 2185 91 21 Office.

1517 2234 87 21 Seeds.
1857 2225 2 34 j

1272 2269 69 48 ON
1354 2269 84 26 SALE,
1449 2272 21 18 at
1480 2269 36 22 the
1527 2270 82 20 Gazette
1615 2270 78 26 Office,
1702 2270 21 21 in
1731 2270 118 28 quantities

1348 2300 22 16 to
1377 2296 44 21 suit
1431 2296 133 27 purchasers,
1576 2296 34 22 the
1621 2296 113 29 following
1743 2298 63 21 seeds
1814 2306 6 14 :
1823 2309 27 4 —

1298 2328 75 22 Sword
1383 2328 103 29 long-pod
1498 2330 63 26 bean,

1296 2361 120 27 Long-pod
1427 2363 62 25 bean,

1298 2395 108 25 Speckled
1418 2395 70 22 dwarf
1495 2396 82 29 kidney
1587 2397 62 26 bean,

1298 2422 71 21 Broad
1381 2422 64 27 bean,

1296 2448 75 22 Horse
1380 2448 66 28 bean,

1296 2475 84 22 Scarlet
1390 2483 88 17 runner,

1296 2502 66 27 Early
1375 2502 105 22 Warwick
1491 2510 47 20 pea,

1296 2529 67 26 Early
1376 2529 112 21 Mazarine
1498 2537 49 20 pea,

1296 2556 103 21 Prussian
1413 2556 48 22 blue
1472 2563 47 20 pea,

1295 2582 108 21 Nonsuch
1415 2590 46 19 pea,

1296 2609 57 21 Blue
1362 2609 98 27 imperial
1471 2617 48 20 pea,

1296 2636 92 26 Spanish
1399 2636 69 21 dwarf
1476 2644 48 20 p°a,

1296 2662 72 26 Large
1378 2663 95 27 cabbage
1484 2664 87 27 lettuce,

1296 2688 133 23 Drumhead
1439 2690 95 27 cabbage
1543 2691 88 28 lettuce,

1296 2716 103 26 Cabbiige
1412 2716 85 27 lettuce,

1296 2742 75 21 White
1381 2742 77 22 sele.xia
1468 2743 85 28 lettncp,

1296 2768 80 22 Brown
1386 2769 44 22 and
1441 2770 62 22 white
1512 2778 50 20 goss
1571 2772 87 28 lettuce,

1296 2795 114 22 Battersea
1421 2796 104 28 cabbage,

1298 2822 128 21 Drumhead
1437 2824 103 27 cabbage,
1857 2829 2 25 j

1296 2848 50 21 Red
1357 2849 73 21 Putth
1441 2850 104 28 cabb>iire,

1298 2874 92 23 Puller's
1398 2876 59 28 early
1467 2878 102 27 cabbage,

1297 2901 72 22 Vanal
1380 2903 102 27 cabbage,

1298 2928 103 22 Prussian
1413 2930 62 22 white
1487 2932 79 28 turnip,
1857 2926 2 24 I

1297 2956 84 21 Yellow
1392 2957 75 21 Swede
1477 2960 79 25 turnip,

1297 2982 80 26 Purple
1387 2987 36 24 top
1434 2985 74 21 Swede
1519 2987 76 27 turnip,

1297 3009 74 22 White
1381 3014 61 18 stone
1453 3013 80 26 turnip,

1298 3036 74 21 White
1382 3036 55 22 horn
1446 3038 80 27 turnip,

1298 3063 70 21 Silver
1379 3063 76 22 leaved
1465 3065 57 26 beet,

1297 3089 48 22 Red
1357 3090 56 26 beet,

1298 3116 73 21 White
1381 3116 58 27 beet,

1297 3142 109 26 Mangold
1415 3144 95 27 wurtzel,

1297 3169 140 26 Altringham
1448 3175 78 24 carrot,

1298 3196 66 26 Early
1376 3196 52 22 horn
1439 3201 77 23 carrot,

1298 3223 63 25 Long
1371 3230 79 19 orange
1461 3228 77 24 carrot,

1297 3250 74 21 White
1382 3251 102 27 mustard,

1297 3276 81 21 Curled
1388 3284 62 18 crees,

1298 3303 63 26 Long
1371 3303 77 22 scarlet
1457 3304 80 28 radish,

1297 3330 73 21 White
1380 3331 72 27 turnip
1461 3331 80 29 radish,

1297 3356 48 22 Red
1355 3357 73 25 turnip
1439 3357 78 27 radish,

1298 3383 130 26 Strasburgh
1438 3384 73 26 onion,

1297 3409 79 23 Brown
1387 3410 94 27 Spanish
1492 3412 71 28 onion,

1298 3436 97 28 Parsnip,

1297 3463 81 22 Curled

1298 3490 73 21 Green
1383 3490 73 21 curled
1470 3491 78 23 endive

1298 3517 107 21 Batavian
1415 3517 85 27 endive,

1299 3542 67 26 Leek,

1298 3570 139 27 Asparagus,-

1298 3597 43 22 Sea
1351 3596 51 26 kail,

1299 3623 72 22 Globe
1381 3630 84 21 savoys,

1300 3649 79 22 Curled
1392 3650 87 26 brocoli.

1299 3676 49 22 Red
1357 3676 56 22 solid
1423 3678 72 28 celery
1504 3680 45 22 and
1558 3680 64 24 white
1633 3682 81 28 celery,

1300 3703 102 22 Summer
1411 3711 85 21 savory,

1300 3729 86 22 Winter
1394 3737 83 23 savory,

1299 3756 65 27 Sage,

1298 3782 96 28 Thyme,

1299 3809 102 24 Brussels
1409 3815 93 25 sprouti,

1299 3836 95 28 Borage,

1300 3864 117 27 Angelica,

1300 3890 92 28 Salsafy,

1300 3916 78 29 Sorjell,
1392 3936 4 3 .

1301 3942 122 26 Laveader,
